3964 6320
558 352 696 416 1335
1758 347 1822 407 S.
1860 344 2255 407 THEOle
2289 348 2640 409 STUDITJS
3732 350 3873 413 1335

550 458 769 516 oratio!
802 456 1028 512 haberet
1057 454 1205 509 enim
1241 454 1535 511 calamitas
1566 453 1812 509 modum.
1845 451 1954 508 Sed
2004 451 2151 523 judi-

2286 472 2366 520 ον,
2419 454 2531 527 πῦρ
2580 456 2836 521 αἰώνιον,
2880 455 3071 520 σκότος
3101 455 3369 528 ἐξώτερον
3412 459 3515 511 καὶ
3556 459 3874 530 ἀλαμπὲς.

551 552 723 617 cium,
755 550 945 614 frater,
977 547 1338 613 inexorabile,
1376 547 1519 619 ignis
1564 547 1953 619 sempiternus,
1994 553 2149 599 tene-

2284 549 2500 618 ιρυγμὸς
2528 548 2778 613 ὀδόντων,
2826 548 3049 602 ἅπαντα
3094 550 3165 602 τὰ
3201 548 3341 603 ἄλλα
3381 551 3785 623 κολαςτήρια,
3825 556 3879 606 ἑν

555 646 666 700 brae
696 642 999 699 exteriores
1025 637 1094 697 hc
1126 641 1442 706 teterrimae,
1474 640 1679 697 stridor
1707 638 1957 695 dentium
1988 682 2005 706 ,
2038 653 2149 694 cae-

2284 638 2335 706 ἷς
2365 645 2399 712 ή
2439 641 2663 714 εὐθύνη,
2698 643 2795 696 καὶ
2835 641 2975 714 αὕτη
3004 643 3312 714 ἀπέραντος
3341 645 3424 708 είς
3470 645 3723 709 αἰῶνας.
3767 647 3881 700 Καὶ

559 750 673 793 tera
711 734 1005 805 supplicia,
1038 732 1241 804 quibus
1296 732 1531 802 improbi
1566 731 1894 795 multantur,
1948 738 2004 784 et
2062 729 2154 783 illa

2285 736 2408 791 ῠπω
2431 738 2576 807 λέγω
2605 737 2715 792 τῶν
2751 737 2974 806 ἀγαθῶν
3012 736 3111 808 τὴν
3147 740 3499 804 ἀπόπτωσιν,
3537 740 3616 811 ἢν
3647 740 3880 809 σεαυτῷ

557 831 784 899 quidem
834 829 1191 885 interminata
1252 828 1695 898 inperpetuum.
1743 825 1952 881 Omitto
1982 824 2158 879 bono-

560 939 682 978 rum
712 922 1006 991 iacturam,
1035 937 1200 990 quam
1238 922 1352 990 ipse
1382 920 1483 974 tibi
1514 918 1881 974 accersivisti.
1906 916 2040 984 Quae
2065 916 2158 970 illa

559 1029 729 1084 porro
758 1013 782 1067 ?
809 1012 948 1067 Cum
981 1010 1093 1066 Deo
1121 1025 1263 1075 esse,
1300 1011 1564 1082 gaudium
1596 1008 2003 1077 inexplicabile,
2051 1005 2159 1061 vita

564 1104 912 1165 immortalis,
936 1103 1124 1157 laetitia
1185 1104 1545 1171 sempiterna,
1609 1100 1851 1171 paradisi
1889 1099 2099 1153 deliciae
2133 1134 2151 1162 ,

560 1208 767 1252 sanctae
794 1196 1085 1252 Trinitatis
1118 1196 1404 1265 splendor,
1436 1194 1644 1263 quasvis
1679 1192 1810 1256 alia,
1850 1200 1904 1246 et
1932 1206 2054 1261 quae
2076 1190 2162 1244 di-

562 1291 707 1345 citur
729 1300 784 1343 et
814 1304 936 1359 qua:
1003 1288 1327 1357 intelligitur
1374 1284 1627 1341 felicitas.
1690 1284 1810 1338 Huc
1840 1287 1991 1348 ades,
2024 1284 2155 1346 huc,

564 1385 833 1453 inquam,
875 1382 948 1435 [ili
986 1400 999 1435 :
1034 1381 1419 1450 expergiscere
1444 1420 1460 1443 ,
1496 1387 1801 1442 revertere,
1848 1389 2113 1430 renovare
2146 1394 2160 1429 :

565 1484 763 1529 excute
793 1473 994 1540 injecta
1033 1473 1128 1525 tibi
1159 1474 1228 1524 ab
1254 1472 1415 1525 hoste
1442 1470 1657 1524 vincula
1678 1469 1883 1539 peccati
1913 1485 1927 1521 :
1960 1468 2029 1521 ab
2058 1466 2166 1520 Eva

566 1566 859 1620 divellere:
886 1566 953 1619 ad
978 1565 1357 1618 immemorem
1386 1563 1715 1632 iniuriarum
1758 1561 2167 1631 plenissimum-

567 1669 676 1725 que
708 1652 1068 1707 humanitatis
1122 1650 1312 1707 Jesum
1377 1653 1598 1706 accede.
1636 1649 1716 1705 Ex
1774 1652 2007 1706 adverso
2050 1649 2167 1705 cla-

570 1757 714 1801 mat:
752 1744 951 1809 Venite,
983 1761 1158 1798 omnes
1192 1745 1283 1815 qui
1324 1743 1581 1797 laboratis
1608 1752 1657 1797 et
1689 1744 1895 1797 onerati
1952 1743 2079 1796 estis
2122 1742 2169 1775 ’°

2259 831 2649 903 προεξένησας.
2679 830 2775 893 Τίς
2801 829 2981 901 αὖτης
3024 831 3164 902 μετὰ
3192 831 3329 885 Θεοῦ
3368 832 3647 902 γενέσθαι
3672 875 3690 896 ,
3729 834 3881 905 χαρά

2261 923 2648 993 ἀνεκλάλητος.
2709 921 2826 995 ζωὴ
2871 924 3172 993 ἀκήρατος,
3224 924 3539 996 εὐφροσύνη
3597 928 3878 990 αἰώνιος,

2260 1015 2441 1085 τρυφὴ
2458 1015 2812 1087 παραδείσου,
2832 1018 2935 1088 τῆς
2946 1017 3110 1085 ἁγίας
3132 1016 3364 1087 Τριάδος
3377 1018 3695 1088 ἑλλαμψις,
3720 1022 3877 1073 πᾶσι

2262 1107 2398 1174 ἄλλη
2430 1108 2521 1161 καὶ
2545 1107 2815 1180 λεγομένη
2850 1110 2946 1162 ttat
2970 1108 3236 1181 νοουμένη
3269 1110 3649 1182 μακαριότης.
3698 1112 3880 1182 Δεῦρο

2264 1200 2329 1270 δὴ
2356 1197 2482 1265 οὖν,
2512 1198 2694 1272 δεῦρο,
2722 1200 2936 1266 τέκνον,
2981 1202 3279 1273 ἀνάνηψον,
3318 1204 3709 1275 ἀνακλήθητι,
3746 1206 3875 1259 ἀναο

2267 1286 2598 1356 καινίσθητι.
2627 1288 2784 1357 ρίψον
2803 1288 2875 1343 τά
2894 1290 3286 1361 συμπλακέντα
3321 1310 3404 1346 σοι
3418 1294 3529 1346 ὑπὸ
3540 1294 3649 1347 τοῦ
3668 1295 3878 1366 ἐχθροῦ

2269 1380 2484 1449 σχοινία
2513 1380 2615 1449 τῆς
2642 1380 2939 1451 ἁμαρτίας
2971 1382 3303 1455 διατμήθητι
3329 1387 3424 1455 τῆς
3469 1383 3628 1447 Εὔας
3650 1402 3666 1414 ·
3699 1388 3877 1456 πρόσ-

2268 1471 2393 1524 ελθε
2436 1472 2514 1543 τῷ
2542 1474 2911 1545 άμνησικάκῳ
2955 1475 3053 1530 καὶ
3083 1476 3603 1548 φιλανθρωποτάτῳ
3663 1479 3873 1549 Ἰησοῦ.

2274 1564 2570 1637 ’Δντικρυς
2620 1566 2739 1639 βοᾷ*
2777 1568 2957 1631 Δεῦτε
2999 1568 3225 1636 πάντες
3268 1573 3324 1625 οἱ
3372 1570 3729 1638 κοπιῶντες
3782 1574 3876 1626 καὶ

2272 1660 2737 1727 πεφορτισμένοι
2767 1662 2893 1726 ταῖς
2925 1662 3243 1733 ἁμαρτίαις.
3286 1664 3561 1735 Ὑπαντᾷ,
3600 1666 3878 1735 περιπλέ-

2274 1768 2451 1812 κεται,
2474 1752 2850 1831 εἰσοικίζεται.
2874 1756 2976 1809 οὐκ
2999 1756 3225 1824 ἐγκαλεῖ
3246 1758 3375 1828 περὶ
3399 1756 3513 1810 τῶν
3544 1758 3873 1828 προτέρων·

570 1840 829 1908 peccatis.
864 1837 1093 1892 Obviam
1129 1837 1378 1906 procedit
1435 1838 1573 1907 ipse,
1605 1836 1717 1890 ruit
1749 1835 1802 1888 in
1837 1835 2170 1905 amplexum,

2284 1845 2397 1912 Ξγει
2429 1846 2523 1899 καὶ
2553 1845 2717 1899 πάλιν
2746 1847 2965 1918 ἑορτὴν.
2998 1848 3164 1913 σώζει
3195 1850 3286 1902 τὸν
3317 1850 3746 1907 ἁσωτευθὲντα.
3774 1853 3876 1904 Ναὶ

569 1931 797 1985 domum
831 1931 1061 1996 inducit,
1100 1944 1201 1984 nec
1258 1931 1442 1999 priora
1526 1928 1837 1996 exprobrat,
1895 1928 2039 1981 diem
2090 1926 2168 1981 fe-

572 2034 719 2079 stqu
743 2039 968 2079 rursum
1007 2022 1137 2091 agit,
1196 2022 1485 2093 prodigum
1548 2032 1749 2076 servat.
1815 2017 2015 2090 Utique
2068 2035 2169 2075 oro

576 2127 649 2182 Ie,
682 2116 947 2183 fili,audi,
978 2117 1298 2179 exardesce,
1338 2114 1537 2168 vulnus
1558 2114 1701 2168 infer
1727 2114 1779 2168 ei
1822 2113 1917 2183 qui
1952 2112 2047 2166 tibi
2083 2113 2169 2166 in-

573 2209 719 2263 tulit.
765 2206 895 2262 Veni
924 2210 1126 2278 itaque,
1187 2206 1310 2261 veni
1360 2205 1654 2261 confestim
1690 2208 1755 2260 ad
1790 2222 1888 2261 nos
1916 2216 2173 2275 peccato-

574 2314 687 2354 res.
721 2297 835 2369 Ego
892 2300 1133 2352 animam
1177 2313 1356 2353 meam
1394 2312 1538 2368 pono
1561 2311 1661 2366 pro
1686 2306 1777 2351 te:
1823 2313 1924 2369 ego
1957 2312 2055 2367 pro
2081 2312 2173 2353 sa-

554 2392 692 2446 lute
726 2401 821 2445 tua
848 2406 1087 2461 sponsor
1127 2408 1141 2444 :
1174 2406 1275 2461 ego
1310 2400 1362 2445 te
1386 2391 1606 2445 lenibus
1638 2390 2051 2446 medicamentis
2080 2405 2172 2445 sa-

580 2485 722 2538 nabo
756 2502 770 2537 :
801 2498 905 2552 ego
932 2484 1100 2538 miser
1134 2499 1261 2537 eum
1297 2483 1407 2536 Deo
1430 2484 1708 2538 amantius
1746 2493 1798 2539 te
1826 2498 1994 2552 quant
2024 2482 2158 2537 olim

580 2579 902 2649 atuplectar.
941 2576 1188 2632 Tantum
1215 2578 1407 2633 advola
1432 2619 1447 2645 ,
1475 2587 1685 2632 tantum
1728 2592 1796 2632 ne
1831 2586 2038 2646 perstes
2071 2576 2172 2631 ad-

581 2675 693 2726 huc
730 2691 745 2727 :
785 2673 881 2728 sed
916 2670 1083 2726 Evam
1147 2673 1369 2743 quidem
1415 2674 1658 2738 dimitte,
1708 2689 1840 2728 suos
1869 2683 1929 2728 ut
1976 2673 2176 2728 habeat

583 2766 689 2821 sibi
723 2766 906 2821 ludos.
945 2763 1002 2820 Si
1059 2776 1240 2820 autem
1273 2766 1392 2821 voci
1443 2765 1643 2821 divina:
1695 2767 2060 2837 obtemperat,
2119 2767 2175 2820 iu

585 2857 987 2912 monasterium
1028 2858 1188 2912 trude
1222 2875 1236 2911 ε
1286 2858 1523 2927 teipsum
1560 2873 1692 2912 vero
1731 2857 1841 2912 Deo
1890 2855 2178 2911 exhibebis

584 2958 642 3003 et
691 2949 870 3003 nobis.
904 2948 1161 3005 Obtestor
1191 2948 1357 3019 igitur
1382 2965 1567 3004 coram
1604 2946 1715 3004 Deo
1752 2959 1808 3005 et
1852 2950 2040 3005 electis
2078 2966 2178 3005 an-

585 3038 743 3108 gelis,
782 3049 841 3093 ut
869 3038 985 3093 hate
1022 3038 1253 3093 audiens
1277 3053 1459 3094 mores
1502 3050 1709 3103 mutes,
1750 3048 1803 3093 et
1851 3039 1918 3091 ad
1951 3052 2055 3091 nos
2084 3052 2178 3091 ac-

584 3132 813 3191 celeres,
846 3141 1143 3201 antequam
1170 3130 1296 3185 linis
1319 3130 1596 3195 adveniat,
1629 3140 1929 3200 antequam
1987 3138 2179 3184 contra

591 3237 643 3278 te
673 3225 847 3280 veniat
868 3224 1019 3278 fores
1048 3223 1304 3278 occludat
1335 3222 1675 3277 inexorabile
1693 3236 2039 3291 responsum.

874 3336 1163 3392 LXXXIX.
1194 3366 1264 3375 —
1295 3336 1583 3407 Theophila
1621 3335 1928 3406 praeposito.

2269 1938 2463 2005 δέομαί
2495 1955 2624 2003 σου,
2666 1940 2881 2003 τέκνον,
2915 1939 3173 2003 ἄκουσον,
3201 1941 3495 2011 ὲξάφθητι,
3519 1944 3757 2014 τρῶσον
3793 1946 3879 1997 τὸν

2270 2028 2560 2099 τρώσαντά
2601 2048 2681 2085 σε.
2719 2025 2860 2085 Ἧκε
2904 2028 3024 2097 οὗν,
3062 2030 3166 2107 ἧκε
3199 2035 3353 2105 τάχει
3382 2036 3526 2106 πρὸς
3555 2028 3725 2105 ἡμᾶς
3750 2040 3875 2101 τοὺς

2271 2124 2654 2194 ἁμαρτωλούς.
2704 2124 2846 2194 Ἐγὼ
2880 2128 2980 2199 τὴν
3008 2128 3189 2199 ψυχήν
3220 2146 3321 2199 μου
3350 2128 3549 2198 τίθημι
3578 2130 3733 2201 ὑπὲρ
3763 2130 3873 2183 σοῦ·

2272 2213 2385 2280 ἐγὼ
2414 2215 2689 2285 ἐγγυητὴς
2722 2217 2825 2286 τῆς
2860 2218 3137 2290 σωτηρίας
3172 2235 3295 2273 σου·
3330 2219 3443 2288 ἐγώ
3481 2237 3543 2273 σε
3596 2222 3875 2292 ἰατρεύειν

2276 2305 2503 2368 ἁπαλοῖς
2533 2308 2866 2379 φαρμάκοις·
2894 2309 3005 2378 ἐγὼ
3034 2311 3130 2364 σὺν
3154 2309 3273 2381 Θεῷ
3293 2312 3321 2363 ό
3341 2311 3515 2374 τάλας
3538 2313 3874 2384 άσπάσομαί

2277 2415 2336 2449 σε
2367 2398 2509 2468 ὑπὲρ
2535 2400 2597 2453 τὸ
2630 2403 2918 2472 πρότερον.
2948 2403 3129 2456 Μόνον
3167 2403 3497 2475 πρόσδραμε
3523 2445 3539 2466 ,
3590 2406 3766 2475 μόνον
3806 2408 3874 2477 μὴ

2278 2489 2408 2559 στῇς
2430 2488 2534 2549 ἔτι,
2556 2489 2693 2544 ἀλλὰ
2715 2492 2814 2560 τὴν
2846 2491 2947 2560 μὲν
2970 2486 3113 2545 Εὕαν
3136 2491 3271 2562 ἄφες
3294 2495 3373 2556 είς
3398 2494 3610 2564 ἑαυτὴν
3636 2496 3874 2559 παίζειν.

2276 2579 2339 2631 El
2384 2580 2429 2632 δ’
2462 2577 2558 2633 οὖν
2597 2580 2789 2635 ἀκούει
2829 2580 3012 2650 θείως,
3047 2583 3283 2653 ἔμϐαλον
3310 2586 3389 2648 εἰς
3422 2590 3715 2655 σεμνεῖονο
3746 2606 3873 2641 σαυ-

2277 2672 2369 2724 τὸν
2409 2672 2465 2725 δὲ
2494 2674 2755 2744 παρέξεις
2788 2674 2864 2745 τῷ
2908 2676 3028 2747 Θεῴ
3077 2677 3173 2731 καὶ
3213 2680 3365 2749 ἡμῖν.
3403 2681 3872 2752 Διαμαρτύρομαι

2278 2764 2373 2818 οὖν
2414 2765 2650 2819 ἐνώπιον
2677 2766 2771 2819 τοῦ
2802 2766 2937 2820 Θεοῦ
2972 2768 3067 2821 καὶ
3116 2770 3224 2823 τῶν
3271 2770 3552 2824 ἐκλεκτῶν
3586 2772 3870 2841 ἀγγέλων,

2285 2856 2369 2909 ἵνα
2424 2857 2628 2910 τούτων
2678 2858 2915 2923 ἀκούων,
2956 2860 3196 2934 ἀλλάξῃς
3245 2864 3463 2925 ἑαυτὸν,
3521 2866 3870 2931 κατεπείγων

2282 2952 2419 3021 πρὸς
2447 2954 2597 3023 ἡμᾶς
2621 2953 2807 3024 πρὶνῆ
2833 2952 3027 3023 φθάσει
3050 2953 3111 3007 τὸ
3130 2955 3303 3020 τέλος·
3330 2958 3461 3026 πρὶν
3490 2957 3526 3028 ἢ
3553 2960 3869 3014 ἀποκλείσει

2282 3048 2424 3107 κατὰ
2453 3045 2547 3099 σοῦ
2580 3049 2613 3117 ἡ
2645 3048 3021 3118 ἀπαραίτητος
3046 3047 3343 3117 ἀπόφασις.

2529 3340 2653 3394 [ΙΘ’.
2679 3370 2751 3382 -
2775 3341 3042 3409 Θεοφίλῳ
3069 3342 3395 3413 ήγυυμένῳ.
3427 3343 3624 3417 [φοθ’.]

712 3454 941 3517 increpat
964 3455 1096 3519 quod
1117 3454 1493 3519 persecutionis
1516 3460 1745 3515 tempore
1769 3465 1879 3501 cum
1900 3449 2246 3501 'Iconomachis
2265 3454 2695 3507 eommunicasset.
2720 3455 2959 3505 Hortatur
2990 3462 3046 3505 ut
3065 3454 3257 3520 culpam
3279 3455 3583 3518 pceuitentia
3628 3460 3779 3509 eluat.

667 3562 791 3618 Non
826 3577 1005 3633 pauca
1032 3562 1100 3617 ad
1128 3577 1215 3616 me
1262 3560 1440 3615 delata
1476 3570 1608 3616 sunt
1639 3562 1707 3614 de
1737 3568 1830 3614 tua
1858 3560 2188 3625 reverentia,

595 3660 667 3713 ob
698 3672 820 3727 quae
856 3671 963 3710 non
1001 3654 1264 3709 mediocri
1325 3668 1475 3707 eram
1543 3652 1731 3706 dolore
1766 3650 1997 3706 allectus
2032 3671 2045 3706 :
2096 3655 2191 3706 sed

599 3756 715 3806 lucc
732 3748 1001 3805 discussit
1028 3747 1342 3802 veneranda
1374 3754 1465 3798 tua
1484 3744 1737 3814 epistola.
1755 3743 1992 3797 Admisit
2020 3745 2187 3809 enim,

597 3844 773 3899 audeo
828 3840 1046 3905 dicere,
1100 3838 1478 3910 pmnitentiam
1542 3843 1695 3891 tuam
1759 3837 2066 3901 Dominus,
2126 3850 2192 3891 ac

598 3932 1036 3990 satisfactionem
1069 3946 1171 4001 pro
1200 3930 1518 3986 reversione
1548 3929 1603 3984 in
1634 3929 2027 3984 monasterium
2063 3947 2076 3981 :
2110 3938 2192 3984 et-

598 4026 643 4080 si
701 4033 833 4081 tunc
856 4023 1010 4095 justa
1068 4038 1179 4077 non
1244 4021 1373 4087 fuit,
1405 4036 1531 4077 cum
1571 4023 2002 4092 persecutionem
2030 4019 2192 4076 Chri-

599 4132 718 4175 stus
745 4127 1046 4189 pateretur.
1098 4114 1257 4171 Nunc
1278 4130 1411 4169 vero
1444 4129 1570 4169 cum
1599 4114 1909 4185 persecutio
1930 4114 2185 4176 cessavit,

599 4213 730 4281 quid
754 4209 939 4284 fugam
986 4208 1292 4275 meditaris,
1347 4224 1413 4263 ac
1448 4223 1554 4263 non
1628 4218 1905 4263 certamen
1960 4208 2193 4279 potius?

606 4305 689 4360 Ea:
714 4321 794 4360 me
820 4344 836 4370 ,
870 4303 1089 4374 inquit,
1121 4302 1363 4356 videbitis
1386 4344 1402 4369 ,
1439 4311 1595 4371 atque
1646 4303 1724 4355 ita
1774 4301 1935 4371 facite
1964 4304 2033 4358 ¹⁹¹.
2075 4303 2191 4357 Hoc

606 4411 658 4455 te
694 4397 936 4469 oportuit
971 4395 1255 4465 discipulis
1305 4394 1525 4458 dicere,
1575 4408 1701 4447 cum
1764 4394 2192 4448 sollicitarentur

605 4492 829 4546 domum
863 4498 923 4543 ut
961 4488 1224 4553 redirent,
1256 4502 1365 4540 non
1401 4487 1798 4557 obtemperare,
1831 4496 1886 4541 et
1932 4501 2192 4541 succum-

610 4581 772 4638 bendi
797 4580 1108 4648 exemplum
1136 4579 1247 4633 fieri
1277 4597 1290 4630 :
1326 4588 1381 4633 et
1414 4579 1531 4634 [nec
1567 4581 1787 4648 quidem
1818 4590 1937 4648 post
1956 4578 2188 4647 lapsum.

610 4678 689 4727 An
727 4672 910 4726 nescis
951 4670 1221 4740 abnegato
1255 4669 1476 4725 Christo
1510 4671 1679 4726 fuisse
1724 4673 1820 4726 tibi
1846 4672 2192 4726 communio-

608 4780 733 4820 nem
765 4778 889 4818 cum
922 4763 991 4819 iis
1009 4764 1102 4833 qui
1136 4762 1305 4833 impio
1334 4779 1520 4819 errore
1563 4764 1784 4819 abducti
1809 4762 2193 4820 suut?Deinde

610 4867 896 4926 postquam
956 4854 1336 4925 paenitentiam
1406 4855 1624 4911 subiisti
1658 4872 1753 4926 per
1818 4856 2187 4911 secessionem
2224 4833 2268 4888 D

609 4950 736 5016 illoc
766 4947 915 5002 enim
968 4947 1305 5017 poenitentia:
1356 4957 1525 5017 caput
1555 4947 1677 5012 fuit,
1724 4947 1842 5003 sine
1906 4963 2018 5018 quo
2044 4950 2190 5003 nulla

607 5042 810 5097 delicto
838 5043 997 5097 venia
1035 5041 1218 5113 foret),
1268 5043 1403 5113 quid
1438 5059 1656 5098 rursum
1687 5043 1756 5098 ad
1800 5044 1993 5097 vitium
2027 5042 2192 5097 deﬂe-

610 5136 773 5192 xisti?
802 5133 1051 5208 Ignosce,
1079 5134 1237 5191 Pater
1279 5153 1293 5191 :
1330 5151 1455 5192 cum
1502 5137 1795 5193 tradideris
1837 5138 2067 5207 teipsum
2106 5137 2191 5191 ul-

612 5241 697 5285 tro
727 5229 1026 5284 humilitati
1066 5245 1219 5295 ntere,
1258 5244 1428 5300 cogor
1470 5239 1731 5300 tanquam
1766 5246 1829 5285 ex
1860 5229 2194 5285 Domiuiore

610 5321 707 5377 tibi
738 5322 1119 5377 convenientia
1149 5321 1319 5391 loqui.
1376 5322 1520 5388 Quin
1579 5324 1886 5385 universos,
1936 5332 1996 5377 ut
2043 5323 2197 5378 simi-

612 5412 734 5470 liter
762 5414 1102 5468 vexationem
1159 5422 1341 5469 tecum
1399 5415 1717 5479 tolcrarent,
1755 5415 2144 5470 commonuisti
2178 5415 2201 5468 ?

615 5515 709 5560 aut
729 5504 775 5560 si
812 5505 1033 5573 nollent,
1068 5505 1204 5576 quin
1226 5505 1509 5571 dimisisti,
1543 5516 1603 5560 ut
1637 5521 1829 5562 osores
1868 5506 2096 5575 Christi,
2141 5515 2200 5562 ut

615 5597 798 5652 carnis
855 5606 1154 5660 amatores,
1194 5604 1255 5651 ut
1290 5595 1746 5665 inobsequentes,
1782 5611 1892 5651 non
1920 5606 2102 5651 autem
2136 5595 2199 5649 fl-

618 5689 765 5744 lios?
817 5688 957 5757 Quin
991 5691 1069 5744 vel
1123 5691 1390 5745 minorem
1428 5688 1653 5745 effecisti
1718 5690 1954 5755 cladem,
1988 5688 2192 5745 etsub-

714 5832 754 5859 μυ
793 5827 980 5881 Matth.
1024 5844 1100 5891 λι,
1146 5828 1237 5886 23,
1317 5828 1568 5885 “Judic.
1625 5844 1717 5896 ιιι,
1762 5828 1847 5883 i7.

2366 3564 2478 3616 Οὐκ
2506 3564 2662 3633 ὀλίγα
2692 3563 2762 3617 τὰ
2783 3563 3119 3617 ἀκουσθέντα
3149 3580 3238 3633 μοι
3271 3567 3403 3633 περὶ
3427 3565 3533 3635 τῆς
3556 3570 3864 3639 τιμιότητος

2294 3672 2411 3718 σου,
2445 3655 2480 3709 ἃ
2511 3657 2604 3708 καὶ
2630 3656 2819 3709 ἐλύπει
2844 3673 2909 3726 με
2939 3657 2999 3708 οὐ
3030 3655 3290 3726 μετρίως
3313 3656 3468 3726 ὅμως
3489 3661 3575 3712 ὅτι
3600 3663 3863 3716 ἀπεσκευ-

2293 3747 2541 3818 άσθησαν
2569 3748 2656 3800 διά
2692 3747 2787 3799 τοῦ
2815 3747 3000 3817 τιμίου
3027 3764 3121 3800 σου
3160 3747 3515 3819 γράμματος.
3542 3752 3655 3805 Καί
3691 3770 3753 3821 γε
3789 3754 3863 3806 δέ-

2289 3839 2477 3893 δεκταί
2506 3857 2622 3903 σου,
2661 3838 2847 3909 τολμῶ
2877 3839 3077 3908 λέγειν,
3111 3842 3141 3894 ό
3179 3840 3380 3911 Κύριος
3412 3842 3514 3913 τὴν
3563 3847 3861 3914 μετάνοιαν,

2292 3933 2386 3986 καὶ
2406 3932 2504 4003 τὴν
2530 3932 2828 3999 ἀπολογίαν
2848 3935 2943 4001 τῆς
2964 3935 3023 3985 ἐν
3038 3931 3118 4001 τῷ
3138 3935 3491 4005 μοναστηρὶῳ
3512 3936 3864 4008 άνθυποπίκδο

2291 4026 2418 4096 φῆς
2464 4028 2513 4077 εἰ
2544 4028 2639 4078 καὶ
2684 4025 2783 4077 οὐκ
2814 4025 3006 4078 ἀστεία
3038 4025 3341 4097 τηνικαῦτα
3382 4022 3470 4097 ἦν,
3516 4030 3608 4082 ὅτε
3642 4031 3858 4102 Χριστὸς

2291 4116 2567 4171 ἐδιώκετο.
2607 4117 2767 4187 ⁸’Λρτι
2809 4116 2865 4169 δὲ
2906 4117 3047 4171 ἐπὰν
3091 4116 3375 4187 ἐλώφησεν
3420 4120 3449 4171 ό
3486 4120 3749 4192 διωγμὸς,
3785 4122 3859 4184 τίς

2290 4210 2451 4279 λόγος
2483 4210 2851 4280 ὑποστροφῆς,
2884 4212 2979 4264 καὶ
3003 4211 3125 4282 οὐχὶ
3161 4210 3363 4281 μᾶλλον
3394 4212 3714 4284 ἀθλήσεωςς
3753 4215 3855 4270 Ἀπ’

2290 4305 2459 4374 ἐμοῦ,
2492 4306 2675 4375 φησὶν,
2705 4305 2953 4373 ὄψεσθε,
2987 4306 3088 4359 καί
3128 4306 3318 4372 οὕτως
3354 4306 3675 4373 ποιήσατε.
3707 4311 3856 4363 Τοῦτό

2292 4416 2353 4450 σε
2402 4398 2507 4451 ἔδει
2552 4397 2891 4466 φθέγξασθαι
2946 4400 3058 4462 τοῖς
3109 4401 3394 4468 φοιτηταῖς
3448 4401 3853 4473 ἐπικαλουμένοις

2292 4493 2432 4545 οἴκοι
2475 4492 2882 4559 ὲπαναδραμεῖν
2906 4509 2919 4521 ο
2953 4492 3053 4562 οὐχ
3104 4490 3451 4555 ὑπακοῦσαι,
3488 4494 3588 4546 καὶ
3625 4496 3852 4563 γενέσθαι

2295 4583 2645 4637 ὑποτύπωσιν
2679 4582 2873 4650 ἥττης
2916 4583 3009 4635 καὶ
3038 4580 3212 4636 ταῦτα
3247 4583 3387 4653 μετὰ
3416 4584 3518 4653 τὴν
3560 4587 3791 4640 πτῶσιν
3824 4588 3851 4655 ἢ

2294 4680 2396 4731 οὐκ
2430 4674 2587 4730 οἶσθα
2624 4678 2707 4730 ὅτι
2741 4676 2827 4730 ἐπ’
2879 4677 3107 4748 ἀρνήσει
3151 4675 3390 4745 Χριστοῦ
3429 4672 3499 4746 ἦν
3544 4680 3577 4748 ή
3626 4680 3853 4733 κοινωνία

2298 4767 2380 4820 σοί
2415 4784 2473 4820 τε
2512 4768 2748 4831 καὶτοῖς
2782 4766 3206 4836 συναπαχοεῖσιν
3245 4765 3463 4832 ἀθέως;
3506 4764 3645 4821 Εἶτα
3690 4769 3851 4839 ἐπειδὴ

2296 4861 2439 4913 εἵλου
2470 4860 2757 4931 μετάνοιαν
2779 4858 2869 4913 διὰ
2893 4860 2993 4929 τῆς
3012 4857 3443 4927 ὑποχωρήσεως
3484 4859 3649 4913 τοῦτο
3687 4862 3783 4933 γάρ
3803 4862 3853 4913 τὸ

2298 4953 2591 5022 κεφάλαιον
2613 4952 2713 5020 τῆς
2743 4950 3054 5021 μετανοίας,
3087 4950 3182 5001 καὶ
3205 4942 3273 5020 ἦς
3300 4948 3429 5003 ἄνευ
3461 4951 3852 5024 ἀμεταμέλητος

2298 5046 2331 5111 ἡ
2364 5042 2593 5105 πτῶσις
2636 5042 2686 5096 τί
2730 5040 2892 5096 πάλιν
2919 5042 3012 5094 ἐπὶ
3054 5040 3115 5093 τὸ
3148 5040 3473 5111 πλημμελὲς
3517 5042 3850 5115 ἀνέκαμψαςς

2299 5136 2603 5205 Σύγγνωθι,
2635 5135 2838 5207 Πάτερ
2874 5132 3261 5205 ἀναγκάζομαι
3287 5134 3572 5199 ἐπιδόντος
3603 5153 3694 5189 σου
3720 5155 3851 5191 σεαυ-

2300 5230 2390 5282 τὸν
2421 5231 2487 5300 τῇ
2514 5226 2843 5281 ταπεινώσει
2884 5244 3008 5297 μου,
3044 5225 3224 5295 λέγειν
3252 5242 3335 5279 σοι
3373 5226 3451 5289 ὡς
3474 5227 3585 5281 ἀπὸ
3616 5229 3849 5300 στόματος

2297 5321 2506 5389 Κυρίου
2543 5319 2613 5373 τὰ
2643 5319 3007 5390 προσήκοντα.
3041 5318 3105 5370 Τί
3144 5319 3205 5371 οὐ
3245 5319 3459 5383 πάντας
3493 5320 3528 5390 ἦ
3557 5322 3849 5394 ὁμοτρόπως

2299 5411 2689 5466 συνδιώκεσθαί
2723 5429 2807 5464 σοι
2854 5410 3284 5481 νενουθέτηκας’
3325 5411 3359 5482 ἢ
3403 5413 3479 5486 μὴ
3523 5414 3849 5486 βουλομένους

2296 5502 2485 5567 εἴασας
2517 5503 2592 5567 ὡς
2626 5502 3009 5575 μισοχρίστους
3031 5544 3046 5567 ,
3074 5504 3151 5567 ὡς
3188 5503 3596 5576 φιλοσάρκους,
3629 5507 3698 5569 ὡς
3718 5513 3851 5564 ἀπει-

2295 5595 2431 5661 θεῖς,
2461 5596 2574 5650 ἀλλ’
2600 5597 2699 5667 οὐχ
2736 5595 2918 5662 υἱούς;
2953 5595 3071 5657 Κᾶν
3107 5594 3285 5667 τούτῳ
3315 5600 3413 5653 καὶ
3441 5600 3542 5672 τὴν
3585 5595 3741 5674 ἧτταν
3773 5604 3848 5656 dv-

2295 5686 2539 5741 εκαλέσω
2581 5685 2784 5753 καλῶς,
2810 5685 3039 5748 καὶτοῖς
3066 5684 3171 5738 ὑπὸ
3195 5689 3357 5759 χεῖρα
3381 5690 3572 5758 ἐγένου
3601 5694 3848 5762 gmw”-
