3964 6320
228 399 358 463 1337

1404 391 1941 456 EPISTOLARUM
1998 390 2155 451 LIB.
2193 388 2277 451 II.

3335 384 3472 450 1338

227 511 325 577 μδς
358 507 617 578 χρηστὸς,
647 506 740 560 καὶ
779 509 844 578 τῇ
889 505 1186 578 Ἐκκλησία
1226 505 1467 578 Χριστοῦ
1498 502 1687 574 ὤφθης
1714 505 1791 556 οξ-

1910 500 2024 555 litis
2058 498 2234 555 factus
2269 513 2329 554 es
2362 497 2674 568 exemplum
2733 496 3025 568 optimum,
3061 501 3116 550 et
3174 494 3472 550 Ecclesiam

224 601 448 672 κοδομὴ,
476 602 595 654 ἀντὶ
618 598 966 662 καταλύσεως
997 600 1284 670 προτέρας.

295 775 482 840 Οὕτως
512 775 806 846 εἰργάσατο
829 777 856 829 ὁ
895 773 1309 844 θεοφιλέστατος
1346 772 1575 842 ἀδελφὸς
1608 772 1790 844 ήμῶν,

223 869 640 938 καὶήγούμενος
702 867 795 920 τοῦ
856 867 1156 937 Μηδικίου·
1211 864 1385 929 οὕτως
1427 867 1454 918 ὁ
1486 864 1791 934 ἁγιώτατος

225 960 416 1028 Πατὴρ
476 958 630 1029 ἡμῶν
685 959 785 1028 τῆς
824 959 1178 1022 Λαοδικείας·
1243 959 1366 1012 ἐπεὶ
1436 960 1533 1013 καὶ
1585 960 1788 1031 ἕτεροι.

220 1054 377 1103 Δυοῖν
403 1051 658 1119 θάτερον·
688 1051 736 1102 εί
765 1043 910 1103 οὗτοι
941 1050 1185 1120 ὲνόμως,
1227 1051 1392 1114 αὐτὸς
1413 1052 1652 1122 ἀνόμως,
1700 1052 1794 1106 καὶ

220 1142 278 1194 εί
314 1142 396 1205 τίς
443 1159 523 1195 σοι
566 1141 767 1211 ὁμοίως
802 1141 1082 1212 δέδρακεν.
1154 1142 1297 1196 Ἀλλ’
1346 1145 1455 1197 είσί
1499 1163 1670 1211 τινες,
1716 1145 1795 1209 ὡς

225 1233 508 1302 μανθάνω,
541 1234 639 1302 τῆς
687 1235 1164 1305 συμπτωματικῆς
1216 1237 1562 1306 συστοιχίας·
1609 1234 1685 1292 ῶν
1726 1239 1795 1292 τὰ

220 1323 466 1393 ὀνόματα
494 1321 634 1374 ὲκὼν
665 1324 1076 1394 ὑπερϐήσομαι·
1101 1325 1150 1379 οἳ
1174 1326 1424 1389 λέγουσιν
1452 1328 1595 1400 ’ὑπὲρ
1623 1331 1794 1399 αὐτῆς

224 1414 366 1485 μηδὀ
382 1413 563 1467 ὁτιοῦν
589 1417 896 1484 μετανοεῖν,
919 1417 1042 1486 μηδ’
1071 1413 1138 1471 αὖ
1168 1417 1226 1470 ἓν
1259 1420 1674 1489 συγχωρητικδν
1697 1421 1794 1474 καὶ

222 1507 385 1578 μόνον
415 1507 672 1574 ἐξαιτεῖν,
702 1509 795 1563 καὶ
847 1509 1029 1573 καλῶς
1065 1512 1456 1582 πεποιηκέναι·
1490 1513 1545 1579 ἐξ
1596 1507 1658 1568 οὗ
1703 1514 1796 1567 καὶ

217 1602 270 1653 oi
295 1600 533 1668 ἀδελφοὶ,
567 1602 724 1669 φασὶ,
771 1601 1058 1664 σέσωνται,
1100 1607 1194 1657 καὶ
1237 1605 1287 1658 οἱ
1334 1605 1454 1658 ναοὶ
1493 1607 1792 1664 ἀσίναντοι.

223 1693 289 1743 Ὦ
341 1691 444 1759 τῆς
509 1691 856 1761 πωρώσεωςί
898 1692 943 1745 ὣ
1005 1692 1105 1763 τῆς
1162 1694 1495 1765 θεομαχίαςί
1559 1697 1795 1768 Χριστὸς

218 1783 444 1854 ἦρνητο,
489 1783 859 1854 ἀθετουμένης
898 1784 996 1854 τῆς
1053 1786 1214 1853 ἁγίας
1258 1786 1422 1840 αὐτοῦ
1466 1788 1708 1852 εἰκόνος·
1758 1790 1792 1861 ή

1894 590 2093 645 Christi
2123 589 2393 646 aedificare
2449 591 2600 646 visus
2658 604 2718 646 es
2754 629 2771 658 ,
2801 589 2921 644 loco
2978 587 3150 641 ruinae
3193 594 3354 640 antea
3407 585 3472 640 il-

1894 685 2015 739 lata:
2038 684 2062 738 ἳ

1964 773 2057 829 Sic
2093 773 2201 843 egit
2238 774 2348 828 Deo
2390 773 2761 828 amicissimus
2792 771 2963 827 frater
3006 783 3215 838 noster,
3238 782 3295 830 et
3332 774 3475 828 idem

1893 865 2107 923 Medicii
2140 867 2466 936 praepositus
2500 883 2514 921 :
2551 867 2633 922 sic
2679 869 3066 923 sanctissimus
3101 869 3261 922 Pater
3289 879 3478 923 noster

1893 957 2249 1015 Laodicensis
2279 976 2292 1014 :
2328 959 2526 1014 deinde
2551 967 2606 1014 et
2633 960 2746 1014 alii.
2779 958 3014 1015 Necesse
3045 970 3130 1015 est
3147 961 3475 1015 alterutrum

1893 1052 1964 1106 sit
2000 1066 2031 1106 e
2078 1051 2294 1107 duobus
2326 1069 2341 1106 :
2380 1052 2430 1106 hi
2470 1051 2515 1106 si
2556 1067 2622 1106 ex
2653 1052 2788 1122 legis
2825 1052 3139 1121 prazseripto
3165 1053 3379 1117 fecere;
3418 1063 3476 1108 tu

1894 1151 2085 1208 praeter
2119 1143 2314 1214 legem,
2347 1150 2402 1198 et
2442 1143 2697 1213 quisquis
2753 1154 2932 1198 tecum
2981 1146 3132 1215 paria
3185 1145 3336 1202 fecit.
3370 1145 3478 1201 Sed

1894 1234 2137 1286 nonnulli
2179 1243 2328 1300 sunt,
2364 1246 2424 1290 ut
2451 1235 2639 1300 audio,
2672 1250 2906 1306 quorum
2961 1238 3155 1290 similis
3189 1237 3376 1306 lapsus
3397 1249 3480 1292 at-

1893 1339 2005 1394 que
2033 1325 2262 1381 offensio
2295 1338 2401 1393 est,
2425 1343 2657 1396 quorum
2705 1328 2924 1382 nomina
2956 1329 3129 1384 libens
3153 1332 3480 1397 praetermit—

1897 1425 2032 1482 tam,
2072 1419 2163 1488 qui
2195 1433 2293 1488 pro
2326 1435 2393 1474 eo
2425 1420 2576 1490 lapsu
2609 1436 2768 1490 agere
2811 1421 3186 1488 paenitentiam
3219 1433 3476 1486 renuunt,

1894 1521 1988 1565 aut
2042 1525 2206 1581 porro
2251 1513 2464 1565 veniam
2518 1513 2841 1582 postulare:
2878 1527 3046 1581 seque
3097 1523 3244 1569 recte
3299 1516 3480 1586 egisse

1897 1603 2134 1658 dicunt:
2176 1619 2242 1657 ex
2275 1619 2339 1659 eo
2382 1604 2532 1658 enim
2560 1604 2814 1669 fratrum,
2855 1603 3128 1673 inquiunt,
3159 1607 3320 1661 saluti
3356 1623 3482 1677 pro-

1893 1701 2168 1763 spectum,
2212 1708 2277 1748 ac
2318 1693 2642 1760 templorum
2700 1692 3088 1749 incolumitati.
3144 1692 3188 1747 Ο
3223 1695 3478 1747 duritiem

1894 1784 2116 1839 cordis!
2154 1799 2186 1838 o
2219 1784 2311 1838 Dei
2338 1785 2554 1838 odium!
2587 1782 2828 1854 Negatus
2883 1793 2965 1839 est
3015 1784 3266 1840 Christus
3302 1793 3481 1854 spreta

218 1875 507 1937 Θεοτόκος,
536 1874 789 1928 ὁστισοῦν
827 1875 938 1929 τῶν
982 1878 1182 1946 ἁγίων·
1230 1879 1298 1932 δι’
1350 1875 1427 1932 ῶν
1467 1883 1559 1934 καὶ
1599 1883 1789 1954 ἀρχιε-

1910 1876 2244 1931 sanctissima
2300 1876 2472 1946 ipsius
2525 1875 2760 1946 imagine
2794 1894 2809 1932 :
2844 1887 3032 1944 negata
3080 1875 3327 1944 Deipnra,
3362 1884 3416 1929 et
3453 1891 3484 1930 e

222 1969 352 2036 ρεὺς
415 1967 693 2032 δεδίωκτο,
738 1969 833 2021 καὶ
897 1970 1190 2026 ἐπίσκοποι
1245 1973 1650 2045 περιορίζοντο,
1699 1977 1796 2029 καὶ

221 2057 521 2128 ἡγούμενοι
569 2061 1059 2128 ταυτοπαθοῦντες,
1095 2067 1320 2135 μοναχοὶ
1382 2068 1477 2119 καὶ
1530 2067 1796 2138 μονάζου-

223 2169 337 2216 σαι,
409 2150 612 2216 λαῖκοὶ,
667 2150 978 2217 λαῖζουσαι·
1025 2157 1073 2208 οί
1125 2158 1222 2228 μὲν
1264 2159 1613 2229 τυπτόμενοι,
1653 2161 1703 2214 οι
1739 2161 1796 2214 δὲ

219 2244 672 2315 φρουρούμενοι·
768 2245 918 2300 ἄλλοι
1014 2249 1495 2325 λιμοκτονούμενοι
1532 2296 1549 2321 ,
1618 2257 1798 2326 ἕτεροι

221 2333 493 2404 ξεόμενοι·
530 2333 680 2386 ἄλλοι
711 2333 1186 2409 θαλαττευόμενοι,
1237 2343 1416 2414 ἕτεροι
1458 2343 1794 2416 θανατούμε-

217 2441 302 2477 νοι
329 2439 344 2454 ·
397 2423 549 2478 ἄλλοι
607 2426 1082 2496 κρυπταζόμενοι,
1120 2430 1302 2502 ἕτεροι
1341 2433 1794 2504 δραπετεύοντες.

219 2521 459 2592 Πλήρεις
489 2520 546 2572 al
579 2519 811 2590 ὲρημίαι
853 2523 1044 2577 καὶτὰ
1074 2525 1314 2596 σπήλαια
1334 2541 1348 2555 ·
1387 2526 1573 2598 πλήρη
1608 2530 1678 2580 τὰ.
1695 2529 1796 2598 ὅρη

218 2616 320 2668 καὶ
357 2615 415 2667 αί
435 2613 638 2668 νάπαι·
690 2616 893 2686 σάρκες
935 2618 1292 2688 κοπτόμεναι,
1330 2619 1540 2690 αἵματα
1582 2619 1795 2692 ῥέοντα,

219 2705 256 2775 ἡ
289 2705 415 2757 καθ’
453 2708 600 2776 ἡμᾶς
630 2707 929 2778 οἰκουμένη
971 2709 1386 2781 κωδωνιζομένη
1413 2711 1492 2782 τῷ
1538 2711 1794 2782 διωγμῷ·

221 2798 428 2867 πᾶσαή
462 2799 559 2850 ὑπ’
620 2799 851 2869 οὐρανὸν
893 2798 970 2862 ὡς
1014 2801 1188 2852 εἰπεῖν
1239 2801 1654 2870 στοναχίζουσα,
1704 2802 1800 2855 καὶ

221 2889 666 2944 κατακλαίουσα·
706 2890 800 2942 καὶ
847 2892 943 2955 σὺ,
987 2883 1032 2944 ὧ
1093 2891 1394 2962 τρισάθλιε,
1435 2891 1694 2956 ἑαλωκὼς
1730 2897 1796 2966 τῇ

221 2980 557 3052 ψυχοφθόρῳ
584 2982 864 3052 κοινωνίᾳ,
913 2982 1009 3035 καὶ⁸
1040 2982 1217 3053 μένων
1245 2986 1326 3046 εἰς
1378 2985 1438 3036 τὸ
1473 2984 1757 3056 όλετήριον
1782 3001 1796 3016 ·

223 3073 316 3125 ἐπ’
347 3071 412 3125 ἂν
441 3072 644 3136 οὔτως·
678 3073 793 3127 ἀλλ’
824 3073 885 3125 οὐ
915 3076 1302 3144 μοναστήριον·
1331 3075 1513 3143 λέγεις
1535 3072 1595 3129 εὖ
1620 3075 1796 3145 ἔχειν·

227 3165 327 3218 καὶ
356 3165 586 3236 ὲγγελᾷς
620 3165 924 3228 Ἰουδαϊκῶς
968 3169 1098 3229 τοὺς
1135 3167 1566 3238 Χριστοφόρους,
1602 3169 1801 3240 μᾶλλον

1897 1968 2102 2021 sanctis
2157 1967 2434 2037 quilibet:
2472 1977 2696 2037 propter
2751 1985 2888 2034 quos
2939 1977 2994 2023 et
3039 1970 3484 2038 archiepiscopus

1897 2065 2124 2108 vexatus
2155 2067 2257 2122 est,
2283 2065 2338 2109 et
2363 2055 2536 2125 fugati
2574 2058 2625 2110 in
2657 2057 2911 2111 exsilium
2958 2058 3221 2128 episcOpi,
3250 2067 3304 2112 et
3343 2074 3485 2129 prm-

1901 2146 2063 2215 positi
2087 2145 2227 2199 idem
2262 2148 2529 2216 perpessi,
2564 2150 2822 2203 monachi
2853 2165 2915 2204 ac
2943 2152 3232 2217 moniales,
3269 2167 3299 2206 e
3329 2153 3485 2208 laicis

1897 2238 1998 2291 viri
2043 2251 2108 2290 ac
2156 2235 2374 2291 feminae
2407 2256 2418 2291 :
2454 2239 2546 2293 alii
2593 2240 2888 2306 verberati,
2937 2243 3028 2296 alii
3069 2243 3123 2296 in
3179 2244 3482 2298 custodiam

1897 2329 2077 2396 missi,
2110 2329 2200 2382 alii
2237 2328 2380 2384 fame
2409 2331 2610 2395 enecti,
2643 2331 2734 2386 alii
2765 2333 3069 2402 dilacerati,
3100 2336 3190 2390 alii
3223 2336 3276 2388 in
3311 2351 3460 2390 mare

1896 2419 2078 2491 ejerti,
2108 2420 2198 2475 alii
2226 2430 2398 2475 morte
2431 2423 2668 2485 multati,
2699 2423 3086 2480 delitescentes
3109 2427 3221 2488 alii.
3258 2427 3350 2481 alii
3390 2443 3485 2481 ca-

1896 2523 2178 2582 pessentes
2210 2513 2420 2584 fugam.
2475 2513 2657 2570 Plena:
2709 2528 2838 2571 sunt
2891 2518 3214 2573 solitudines
3244 2535 3308 2574 ac
3361 2536 3485 2590 spe-

1899 2606 2075 2661 lunca:
2106 2625 2118 2661 :
2152 2607 2295 2676 pleni
2355 2616 2569 2662 montes
2613 2623 2677 2663 ac
2727 2611 2899 2665 saltus
2936 2629 2950 2665 :
2988 2626 3182 2666 carnes
3247 2614 3488 2667 concisa:

1901 2708 2050 2763 sunt,
2084 2700 2302 2769 profluit
2363 2701 2608 2771 sanguis,
2648 2715 2834 2757 nostra
2872 2703 3022 2771 regio
3084 2705 3492 2772 persecutionis

1903 2791 2141 2864 tumultu
2193 2800 2472 2863 personat,
2530 2792 2681 2847 orbis
2745 2801 3015 2848 terrarum
3083 2796 3486 2864 propemodum

1900 2881 2189 2936 universus
2241 2882 2551 2952 ingemiscit
2597 2897 2660 2937 ac
2710 2881 2853 2953 luget
2885 2900 2898 2937 :
2930 2893 2986 2936 et
3021 2892 3099 2948 tu,
3161 2886 3489 2953 miserrime,

1904 2987 2029 3026 cum
2058 2983 2109 3026 te
2139 2973 2374 3027 exitialis
2431 2975 2750 3028 communio
2792 2984 3067 3044 captivum
3115 2987 3320 3040 teneat,
3375 2994 3494 3032 ma-

1900 3079 2143 3134 neasque
2166 3066 2219 3118 in
2251 3064 2509 3135 pestifero
2557 3066 2719 3132 loco;
2754 3083 2876 3119 nam
2910 3066 2989 3122 sic
3017 3077 3123 3134 est,
3151 3085 3256 3122 non
3291 3070 3342 3123 in
3378 3085 3496 3124 mo-

1906 3157 2146 3212 nasterio
2176 3173 2191 3222 ;
2232 3158 2313 3211 ais
2344 3167 2394 3210 te
2422 3166 2567 3211 recte
2590 3157 2790 3211 habere
2828 3175 2841 3209 :
2877 3173 2940 3212 ac
2969 3158 3281 3214 Iudaeorum
3321 3176 3494 3224 more,

225 3257 286 3310 δὲ
317 3257 481 3309 αὑτὸν
510 3257 766 3327 Χριστὸν.
798 3257 938 3327 ὑπὲρ
974 3249 1036 3308 οὗ
1061 3258 1154 3310 καλ⁸
1177 3258 1238 3310 τὸ
1263 3258 1518 3329 πάσχειν.
1553 3238 1714 3313 Ποῖον
1743 3260 1800 3314 δὲ

1910 3267 2004 3308 eos
2039 3253 2134 3320 qui
2163 3251 2442 3305 Christum
2470 3262 2687 3322 gestant
2714 3252 2930 3317 irrides,
2966 3253 3076 3308 imo
3099 3254 3378 3308 Christum
3416 3256 3496 3325 ip—

228 3351 326 3403 καὶ
354 3348 600 3402 διεσώσω
637 3351 787 3414 ναὸν,
827 3350 922 3403 τὸν
955 3349 1082 3402 ναὸν
1103 3350 1198 3403 τοῦ
1227 3349 1365 3403 Θεοῦ
1397 3351 1598 3420 μιάνας
1639 3369 1803 3405 σεαυ-

228 3440 356 3505 τόν;
415 3439 582 3502 Τίνας
625 3439 682 3493 δὲ
738 3440 834 3492 καὶ
872 3439 1139 3510 ἀδελφοὺς
1183 3441 1476 3509 ἐφυλάξω·
1522 3441 1804 3513 διεφθορό-

230 3548 331 3594 τας
389 3533 455 3602 τῇ
500 3529 721 3601 ὀλεθρία
760 3548 854 3583 σου
909 3531 1189 3602 κοινωνίᾳ,
1226 3529 1346 3604 ,κᾶν
1391 3533 1450 3584 ὲν
1510 3531 1802 3604 βρώμασι;

233 3621 532 3675 σκάνδαλον
555 3621 651 3674 τοῦ
687 3621 918 3690 κόσμου,
975 3602 1282 3693 ὑπόδειγμα
1324 3602 1631 3695 ἀρνήσεως,
1666 3640 1808 3694 προ-

231 3714 410 3783 τροπὴ
447 3713 746 3778 ἀπωλείας,
787 3713 945 3785 σάρξ,
979 3712 1095 3766 ἀλλ’
1153 3716 1214 3767 ού
1273 3714 1518 3784 πνεῦμα,
1578 3700 1808 3783 σκοτὴρ,

233 3805 351 3858 ἀλλ’
401 3806 463 3858 ού
498 3807 746 3876 φωστήρ.
792 3803 980 3858 Ταῦτα
1008 3805 1146 3876 αὐτὴ
1197 3807 1230 3876 ἡ
1262 3805 1490 3877 ἀλήθεια
1544 3806 1644 3877 βοᾷ
1673 3807 1812 3875 πρὸς

231 3900 363 3961 τοὺς
392 3896 565 3960 οὕτως
616 3896 947 3960 ἀσεϐοῦντας
973 3913 987 3928 ·
1025 3897 1118 3961 οὒς
1167 3901 1217 3951 εἰ
1253 3898 1328 3969 μὴ
1386 3899 1812 3968 μετανοήσουσιν

231 3990 509 4059 ἐπιλέγειν
539 3990 712 4053 οὓτως
745 3990 899 4053 ἄθεα,
923 3991 984 4043 ού
1019 3992 1383 4061 Χριστιανοὺς
1413 3991 1667 4062 ήγητέον.

313 4167 595 4230 Ἤκουσας
645 4167 706 4220 τὸ
767 4170 962 4238 κρῖμα,
1019 4167 1242 4236 Πάτερ·
1298 4167 1630 4238 ἡμάρτηκας
1679 4166 1812 4218 ὕπο-

237 4261 480 4331 στρέψας
520 4263 615 4315 καὶ
646 4259 928 4331 ήθετηκὼς
953 4260 1054 4332 τὴν
1084 4262 1400 4330 ὑπόσχεσιν.
1435 4261 1582 4331 Πλὴν
1609 4261 1638 4312 ό
1673 4261 1813 4326 ἀγα-

237 4356 329 4416 θὸς
356 4353 490 4417 Θεὸς
545 4355 893 4423 συγχωρήσει
936 4369 1039 4407 σοι.
1078 4355 1277 4407 Μεῖνον
1325 4349 1421 4407 οὖν
1450 4354 1575 4423 ἄρτι
1626 4353 1682 4403 ἐν
1732 4351 1815 4423 τῷ

241 4445 618 4518 μοναστηρίῳ,
657 4445 743 4497 ἐπ’
775 4447 841 4499 ἂν
875 4445 1143 4516 μετῆλθεν
1179 4445 1352 4508 ἄλλως
1377 4447 1444 4501 τὰ
1467 4447 1772 4515 πράγματα
1797 4461 1812 4478 ·

237 4539 498 4609 ἐχόμενος
526 4536 622 4590 τοῦ
641 4537 936 4606 ὁμολογοῦν
967 4539 1129 4590 παντὶ
1151 4537 1247 4590 ἀνθ
1258 4535 1424 4609 ρώπῳ
1449 4538 1512 4590 τὸ
1538 4540 1810 4608 ἥμαρτον·

237 4631 316 4694 ὡς
347 4630 412 4684 ἂν
444 4631 472 4682 ὁ
532 4629 667 4692 Θεὸς
726 4628 1095 4699 εύμενισθείη,
1138 4629 1234 4682 καὶ
1267 4631 1520 4700 ἁναγάγῃ
1551 4645 1610 4681 σε
1644 4632 1721 4687 είς
1753 4627 1815 4680 τὸ

240 4724 512 4794 πρότερον
549 4722 696 4791 φῶς,
737 4723 828 4775 ὅτε
867 4723 1028 4793 ηύγει
1062 4725 1091 4776 ό
1122 4721 1315 4792 λύχνος
1373 4722 1476 4791 τῆς
1532 4720 1816 4799 πολιτείας

241 4829 338 4865 σου
358 4831 370 4843 ·
397 4813 486 4865 ὅτε
517 4806 587 4883 ἦς
619 4810 885 4875 σεϐαστός
941 4815 1036 4865 καὶ
1068 4811 1382 4881 βασιλεῦσιν
1407 4828 1423 4843 ·
1455 4813 1545 4866 ὅτε
1598 4811 1717 4863 οὐδὲ
1754 4811 1815 4863 τὸ

238 4903 401 4973 τυχὸν
434 4901 716 4975 παροφθὲν
741 4898 810 4974 ἦν
857 4920 943 4956 σοι
973 4902 1449 4974 ἀκαταφρόνητον.
1509 4902 1622 4954 Καὶ
1681 4900 1819 4967 πρὸς

240 4998 304 5049 τὸ
329 4996 456 5066 ἑξῆς
481 4996 558 5060 ὡς
588 4996 938 5064 οἰκονομήσει
967 4995 1174 5066 Κύριος
1209 4994 1278 5047 τὰ
1323 4994 1427 5063 τῆς
1465 4991 1816 5061 Ἐκκλησίας,

239 5089 385 5144 οὕτω
424 5091 519 5143 καὶ
545 5090 855 5159 λαλήσομεν
885 5104 899 5118 ·
955 5087 1101 5141 οῦτω
1152 5086 1249 5140 καὶ¹
1296 5083 1823 5155 συναποθανούμεθά

244 5201 324 5238 σοι
366 5184 456 5236 διὰ
487 5183 589 5254 τὴν
617 5183 840 5251 ἀγάπην
868 5183 926 5233 ὲν
957 5185 1022 5251 τῇ
1055 5181 1268 5250 ἀγάπῃ.
1333 5179 1648 5250 Προσεύχου
1692 5177 1822 5247 περὶ

242 5276 399 5347 ήμῶν
430 5275 540 5328 τῶν
574 5273 957 5346 ἁμαρτωλῶν·
993 5273 1090 5325 καὶ
1145 5271 1220 5341 μὴ
1272 5269 1387 5323 οίου
1435 5268 1823 5339 ὑπεροπτικῶς

243 5372 393 5442 ἡμᾶς
421 5369 675 5440 γράψαι·
715 5368 874 5437 ἴσμεν
902 5367 1011 5437 γὰρ
1047 5365 1274 5427 ἑαυτοὺς
1307 5363 1586 5434 βδέλυγμα
1640 5365 1696 5415 ὲν
1728 5363 1823 5414 ἀν-

242 5465 434 5534 δράσιν
459 5463 663 5526 ὁσίοις·
697 5462 834 5515 ἀλλὰ
861 5460 950 5513 διὰ
983 5458 1045 5512 τὸ
1103 5457 1306 5527 ἀληθὲς
1358 5455 1451 5509 καί
1508 5474 1602 5509 σου
1653 5455 1825 5524 σωτή-

246 5575 376 5628 ριον.
426 5557 485 5609 Ei
513 5554 571 5608 δὲ
600 5553 694 5607 καὶ
719 5553 918 5617 ἄλλων,
946 5553 974 5604 ὁ
1005 5547 1197 5604 παθὼν
1227 5547 1554 5618 ὁμολογήσοι
1579 5543 1699 5616 Θεῷ
1725 5545 1822 5614 τὴν

244 5669 421 5725 χαριν.

1905 3359 2029 3400 sum
2064 3345 2268 3412 potius,
2303 3344 2461 3412 cujus
2488 3346 2665 3414 gratia
2689 3345 2762 3398 illi
2801 3347 3101 3414 patiuntur.
3132 3349 3304 3412 Quale
3335 3364 3500 3417 porro

1903 3437 2163 3505 templum
2190 3436 2459 3502 servasti;
2501 3452 2626 3490 cum
2665 3439 2924 3508 templum
2978 3438 3069 3493 Dei
3117 3440 3351 3510 teipsum
3398 3441 3502 3495 fre-

1907 3527 2047 3583 dasti
2063 3528 2085 3581 ?
2101 3530 2248 3593 Quos
2266 3543 2394 3582 vero
2415 3529 2609 3584 fratres
2623 3531 2955 3598 custodiisti,
2968 3547 3090 3586 cum
3109 3534 3324 3587 eosdem
3345 3535 3504 3602 pesti-

1907 3621 2021 3676 fera
2075 3635 2167 3676 tua
2225 3622 2637 3686 communione,
2672 3624 2756 3676 vel
2809 3625 2928 3678 solo
2989 3626 3135 3689 cibo,
3188 3630 3502 3696 corruperis

1911 3714 2102 3768 mundi
2158 3713 2500 3779 scandalum,
2536 3713 2862 3770 defectionis
2920 3718 3253 3786 exemplum.
3287 3719 3353 3772 ad
3382 3720 3501 3772 exi-

1912 3805 2048 3858 tium
2079 3805 2414 3859 adhortator
2448 3824 2462 3859 :
2496 3821 2649 3871 caro,
2684 3815 2739 3860 at
2776 3822 2883 3860 non
2921 3809 3186 3876 spiritus;
3232 3811 3500 3875 tenebrio,

1913 3903 1970 3948 at
2000 3911 2106 3949 non
2139 3897 2255 3950 lux.
2285 3894 2410 3950 Haec
2441 3897 2642 3962 veritas
2671 3896 2785 3963 ipsa
2844 3899 3104 3952 inclamat
3154 3900 3220 3953 ad
3269 3916 3364 3954 eos
3406 3903 3499 3970 qui

1915 3989 1999 4044 sic
2046 3989 2213 4057 impie
2262 4001 2430 4060 agunt
2462 4007 2476 4043 :
2515 4006 2654 4060 quos
2685 3990 2789 4043 nisi
2848 3991 3112 4059 pmuiteat
3149 4003 3258 4047 tam
3295 3994 3501 4050 nefaria

1915 4079 2089 4148 loqui,
2124 4094 2233 4133 non
2263 4090 2392 4134 sunt
2415 4082 2448 4135 ii
2471 4081 2773 4135 Christiani
2804 4083 3086 4136 censendi.

1985 4168 2202 4224 Audisti
2244 4169 2540 4238 judicium,
2586 4169 2767 4225 Pater.
2820 4170 3086 4236 Peecasti,
3119 4189 3244 4228 cum
3304 4175 3501 4230 violata

1916 4256 2022 4312 fide
2057 4269 2204 4328 terga
2236 4259 2470 4313 vertisti.
2526 4258 2632 4314 Sed
2673 4262 2886 4314 veniam
2941 4260 3038 4314 tibi
3085 4261 3230 4318 Deus
3261 4269 3500 4333 optimus

1915 4351 2086 4406 dabit.
2123 4351 2279 4407 Mane
2314 4352 2498 4422 itaque
2530 4368 2674 4407 nunc
2708 4354 2759 4406 in
2790 4356 3145 4417 monasterio,
3180 4358 3361 4426 quoad
3393 4358 3503 4412 alio

1919 4457 1979 4496 se
2018 4443 2235 4510 negotia
2268 4443 2530 4497 verterint
2565 4461 2579 4496 :
2621 4443 2840 4497 assidue
2865 4445 3006 4497 hanc
3057 4431 3350 4515 unicuique
3397 4447 3499 4500 ho-

1920 4533 2054 4586 mini
2107 4533 2470 4588 confessionis
2530 4549 2718 4587 vocem
2783 4535 3086 4598 inculcans,
3140 4535 3500 4591 Peccavizut

1920 4631 2175 4677 exoretur
2212 4622 2375 4688 Deus,
2402 4635 2727 4693 revocetque
2760 4633 2808 4678 te
2839 4624 2906 4678 ad
2960 4625 3108 4679 illam
3147 4630 3382 4701 priorem
3414 4629 3498 4683 lu-

1923 4730 2065 4779 cem,
2115 4729 2242 4769 cum
2270 4716 2708 4770 conversationis
2749 4723 2852 4770 tua:
2905 4717 2991 4769 fax
3043 4716 3343 4787 effulgeret,
3373 4735 3498 4773 cum

1921 4822 2073 4862 esses
2101 4807 2438 4876 principibus
2495 4806 2627 4876 ipsis
2688 4809 3053 4871 venerandus,
3084 4823 3318 4879 cumque
3365 4811 3499 4865 nihil

1924 4914 2035 4953 non
2095 4898 2371 4969 despectui
2427 4910 2607 4965 esset,
2640 4899 2729 4954 ubi
2777 4909 2953 4954 tecum
3013 4900 3372 4958 conferretur.
3425 4905 3504 4958 Ac

1927 4992 2203 5060 deinceps,
2233 5000 2390 5061 prout
2422 4992 2677 5046 Ecclesiae
2707 4993 2920 5062 negotia
2944 4992 3202 5049 Dominus
3225 4995 3505 5062 dispensa-

1930 5084 2122 5149 bit,sic
2137 5094 2192 5138 et
2218 5084 2525 5152 loquemur,
2550 5084 2629 5138 sic
2655 5093 2710 5137 et
2735 5085 3160 5138 commorietnur
3186 5085 3280 5138 tibi
3303 5096 3504 5140 niutuae

1931 5174 2216 5229 charitatis
2251 5174 2462 5228 olliciis.
2507 5174 2611 5229 Pro
2643 5190 2728 5228 me
2760 5184 3044 5244 peccatore
3080 5192 3267 5245 preces
3295 5176 3498 5232 funde:

1931 5280 2033 5317 nec
2104 5281 2192 5317 me
2251 5265 2527 5319 existimes
2581 5274 2902 5332 arroganter
2967 5267 3244 5332 scribere;
3301 5269 3502 5324 scimus

1931 5356 2078 5410 enim
2132 5357 2276 5410 inter
2326 5358 2476 5410 viros
2522 5369 2742 5412 sanctos
2781 5374 2904 5413 esse
2939 5375 3040 5414 nos
3084 5362 3506 5419 abominationis

1931 5451 2104 5507 instar
2140 5469 2154 5518 ;
2191 5457 2283 5507 sed
2317 5454 2500 5508 studio
2547 5455 2815 5518 veritatis,
2847 5471 2913 5510 ac
2939 5465 3044 5511 tuae
3072 5458 3262 5512 salutis
3291 5459 3499 5511 deside-

1931 5544 2037 5599 rio.
2093 5544 2248 5611 Quod
2274 5545 2320 5600 si
2350 5545 2464 5599 haec
2507 5557 2560 5599 et
2587 5545 2712 5600 aliis
2764 5547 3016 5616 prosint;
3051 5549 3142 5620 qui
3177 5549 3503 5606 beneficium

1931 5637 2222 5707 acceperit,
2254 5636 2483 5708 gratiam
2522 5637 2567 5693 is
2604 5635 2714 5692 Deo
2744 5637 2959 5695 referat.

1776 5801 1982 5816 ἡ
