  <div class='ocr_page' id='page_1' title='image "/cluster/home/n/w/nwhite01/storage/ocr_20150623/99/pst.000005714063/731.png"; bbox 0 0 3964 6320; ppageno 0'>
   <div class='ocr_carea' id='block_1_1' title="bbox 546 333 678 399">
    <p class='ocr_par' dir='ltr' id='par_1_1' title="bbox 546 333 678 399">
     <span class='ocr_line' id='line_1_1' title="bbox 546 333 678 399; baseline 0.023 -3"><span class='ocrx_word' id='word_1_1' title='bbox 546 333 678 399; x_wconf 78' lang='grc'><strong>1339</strong></span> 
     </span>
    </p>
   </div>
   <div class='ocr_carea' id='block_1_2' title="bbox 1719 344 2605 410">
    <p class='ocr_par' dir='ltr' id='par_1_2' title="bbox 1719 344 2605 410">
     <span class='ocr_line' id='line_1_2' title="bbox 1719 344 2605 410; baseline 0.006 -6"><span class='ocrx_word' id='word_1_2' title='bbox 1719 344 1783 405; x_wconf 89' lang='lat' dir='ltr'><strong>S.</strong></span> <span class='ocrx_word' id='word_1_3' title='bbox 1808 345 2209 408; x_wconf 80' lang='lat' dir='ltr'><strong>THEODORI</strong></span> <span class='ocrx_word' id='word_1_4' title='bbox 2260 349 2605 410; x_wconf 68' lang='lat' dir='ltr'><strong>STUDITAZ</strong></span> 
     </span>
    </p>
   </div>
   <div class='ocr_carea' id='block_1_3' title="bbox 3695 346 3858 410">
    <p class='ocr_par' dir='ltr' id='par_1_3' title="bbox 3695 346 3858 410">
     <span class='ocr_line' id='line_1_3' title="bbox 3695 346 3858 410; baseline -0.012 0"><span class='ocrx_word' id='word_1_5' title='bbox 3695 346 3858 410; x_wconf 66' lang='grc'><strong>1340</strong></span> 
     </span>
    </p>
   </div>
   <div class='ocr_carea' id='block_1_4' title="bbox 540 440 2137 529">
    <p class='ocr_par' dir='ltr' id='par_1_4' title="bbox 540 440 2108 524">
     <span class='ocr_line' id='line_1_4' title="bbox 540 440 2108 524; baseline 0.011 -31"><span class='ocrx_word' id='word_1_6' title='bbox 540 442 625 493; x_wconf 69' lang='lat' dir='ltr'><strong>KC</strong></span> <span class='ocrx_word' id='word_1_7' title='bbox 658 440 841 513; x_wconf 85' lang='lat'><strong>(&#39;).—</strong></span> <span class='ocrx_word' id='word_1_8' title='bbox 891 442 1109 500; x_wconf 85' lang='lat' dir='ltr'><strong>Dilectis</strong></span> <span class='ocrx_word' id='word_1_9' title='bbox 1161 448 1529 515; x_wconf 84' lang='lat' dir='ltr'><strong>spiritualibus</strong></span> <span class='ocrx_word' id='word_1_10' title='bbox 1578 451 1707 519; x_wconf 76' lang='lat' dir='ltr'><strong>ﬁliis</strong></span> <span class='ocrx_word' id='word_1_11' title='bbox 1732 464 1782 506; x_wconf 86' lang='lat' dir='ltr'><strong>et</strong></span> <span class='ocrx_word' id='word_1_12' title='bbox 1826 456 2108 524; x_wconf 76' lang='lat' dir='ltr'><strong>[ratribus,</strong></span> 
     </span>
    </p>
   </div>
   <div class='ocr_carea' id='block_1_5' title="bbox 2247 440 3855 529">
    <p class='ocr_par' dir='ltr' id='par_1_5' title="bbox 2247 456 3855 529">
     <span class='ocr_line' id='line_1_5' title="bbox 2247 456 3855 529; baseline 0 -17"><span class='ocrx_word' id='word_1_13' title='bbox 2247 464 2289 525; x_wconf 80' lang='grc'>,⁸.</span> <span class='ocrx_word' id='word_1_14' title='bbox 2322 488 2388 503; x_wconf 88' lang='lat'><strong>-</strong></span> <span class='ocrx_word' id='word_1_15' title='bbox 2427 459 2559 525; x_wconf 85' lang='grc' dir='ltr'><strong>Τοῖς</strong></span> <span class='ocrx_word' id='word_1_16' title='bbox 2582 456 2991 529; x_wconf 67' lang='grc' dir='ltr'>ἠγαπημένοις</span> <span class='ocrx_word' id='word_1_17' title='bbox 3012 457 3441 529; x_wconf 74' lang='grc' dir='ltr'><strong>πνευματικοῖς</strong></span> <span class='ocrx_word' id='word_1_18' title='bbox 3474 458 3742 524; x_wconf 76' lang='grc' dir='ltr'>τέκνοις</span> <span class='ocrx_word' id='word_1_19' title='bbox 3791 478 3855 512; x_wconf 75' lang='grc' dir='ltr'><strong>τε</strong></span> 
     </span>
    </p>
   </div>
   <div class='ocr_carea' id='block_1_6' title="bbox 608 530 2132 611">
    <p class='ocr_par' dir='ltr' id='par_1_6' title="bbox 608 530 2132 611">
     <span class='ocr_line' id='line_1_6' title="bbox 608 530 2132 611; baseline 0.01 -27"><span class='ocrx_word' id='word_1_20' title='bbox 608 530 913 601; x_wconf 87' lang='lat' dir='ltr'><strong>Laurentio,</strong></span> <span class='ocrx_word' id='word_1_21' title='bbox 959 538 1214 603; x_wconf 80' lang='lat' dir='ltr'><strong>Simeoni,</strong></span> <span class='ocrx_word' id='word_1_22' title='bbox 1252 539 1523 611; x_wconf 79' lang='lat' dir='ltr'><strong>Dionysio,</strong></span> <span class='ocrx_word' id='word_1_23' title='bbox 1556 539 1821 609; x_wconf 86' lang='lat' dir='ltr'><strong>Poenteni,</strong></span> <span class='ocrx_word' id='word_1_24' title='bbox 1847 543 2037 608; x_wconf 88' lang='lat' dir='ltr'><strong>Litoio,</strong></span> <span class='ocrx_word' id='word_1_25' title='bbox 2080 557 2132 600; x_wconf 88' lang='lat' dir='ltr'><strong>et</strong></span> 
     </span>
    </p>
   </div>
   <div class='ocr_carea' id='block_1_7' title="bbox 608 627 2131 705">
    <p class='ocr_par' dir='ltr' id='par_1_7' title="bbox 608 627 2131 705">
     <span class='ocr_line' id='line_1_7' title="bbox 608 627 2131 705; baseline 0.011 -30"><span class='ocrx_word' id='word_1_26' title='bbox 608 627 822 696; x_wconf 79' lang='lat' dir='ltr'><strong>reliquis</strong></span> <span class='ocrx_word' id='word_1_27' title='bbox 845 628 944 681; x_wconf 79' lang='lat' dir='ltr'><strong>huc</strong></span> <span class='ocrx_word' id='word_1_28' title='bbox 994 638 1042 682; x_wconf 90' lang='lat' dir='ltr'><strong>et</strong></span> <span class='ocrx_word' id='word_1_29' title='bbox 1086 631 1212 683; x_wconf 86' lang='lat' dir='ltr'><strong>illuc</strong></span> <span class='ocrx_word' id='word_1_30' title='bbox 1244 631 1515 698; x_wconf 77' lang='lat' dir='ltr'><strong>dispersis,</strong></span> <span class='ocrx_word' id='word_1_31' title='bbox 1545 631 1840 689; x_wconf 83' lang='lat' dir='ltr'><strong>Theodorus</strong></span> <span class='ocrx_word' id='word_1_32' title='bbox 1884 646 2131 705; x_wconf 85' lang='lat' dir='ltr'><strong>peccator</strong></span> 
     </span>
    </p>
   </div>
   <div class='ocr_carea' id='block_1_8' title="bbox 610 720 1496 778">
    <p class='ocr_par' dir='ltr' id='par_1_8' title="bbox 610 720 1496 778">
     <span class='ocr_line' id='line_1_8' title="bbox 610 720 1496 778; baseline 0.009 -8"><span class='ocrx_word' id='word_1_33' title='bbox 610 722 895 773; x_wconf 80' lang='lat' dir='ltr'><strong>monachus</strong></span> <span class='ocrx_word' id='word_1_34' title='bbox 912 722 967 775; x_wconf 85' lang='lat' dir='ltr'><strong>in</strong></span> <span class='ocrx_word' id='word_1_35' title='bbox 1001 720 1223 775; x_wconf 86' lang='lat' dir='ltr'><strong>Domino</strong></span> <span class='ocrx_word' id='word_1_36' title='bbox 1252 723 1496 778; x_wconf 82' lang='lat' dir='ltr'><strong>salutem.</strong></span> 
     </span>
    </p>
   </div>
   <div class='ocr_carea' id='block_1_9' title="bbox 2297 550 3853 621">
    <p class='ocr_par' dir='ltr' id='par_1_9' title="bbox 2297 550 3853 621">
     <span class='ocr_line' id='line_1_9' title="bbox 2297 550 3853 621; baseline -0.002 -16"><span class='ocrx_word' id='word_1_37' title='bbox 2297 552 2396 605; x_wconf 78' lang='grc' dir='ltr'>καὶ</span> <span class='ocrx_word' id='word_1_38' title='bbox 2443 552 2747 621; x_wconf 71' lang='grc' dir='ltr'>ἀδελφοῖς,</span> <span class='ocrx_word' id='word_1_39' title='bbox 2794 551 3152 620; x_wconf 76' lang='grc' dir='ltr'>Λαυρεντίῳ,</span> <span class='ocrx_word' id='word_1_40' title='bbox 3186 550 3452 618; x_wconf 79' lang='grc' dir='ltr'>Συμεὼν,</span> <span class='ocrx_word' id='word_1_41' title='bbox 3494 552 3853 615; x_wconf 70' lang='grc' dir='ltr'>Διονυσίῳ,</span> 
     </span>
    </p>
   </div>
   <div class='ocr_carea' id='block_1_10' title="bbox 2291 638 3853 711">
    <p class='ocr_par' dir='ltr' id='par_1_10' title="bbox 2291 638 3853 711">
     <span class='ocr_line' id='line_1_10' title="bbox 2291 638 3853 711; baseline 0.001 -16"><span class='ocrx_word' id='word_1_42' title='bbox 2291 642 2550 710; x_wconf 76' lang='grc' dir='ltr'><strong>Ποιμέι-ι,</strong></span> <span class='ocrx_word' id='word_1_43' title='bbox 2581 646 2819 707; x_wconf 84' lang='grc' dir='ltr'>Λιτωτῳ,</span> <span class='ocrx_word' id='word_1_44' title='bbox 2849 645 2946 697; x_wconf 76' lang='grc' dir='ltr'>καὶ</span> <span class='ocrx_word' id='word_1_45' title='bbox 3002 644 3125 711; x_wconf 85' lang='grc' dir='ltr'>τοῖς</span> <span class='ocrx_word' id='word_1_46' title='bbox 3153 644 3389 708; x_wconf 73' lang='grc' dir='ltr'>λοιποῖς</span> <span class='ocrx_word' id='word_1_47' title='bbox 3410 638 3534 697; x_wconf 80' lang='grc' dir='ltr'>ὧδε</span> <span class='ocrx_word' id='word_1_48' title='bbox 3575 645 3853 697; x_wconf 76' lang='grc' dir='ltr'>κάκεῖσε</span> 
     </span>
    </p>
   </div>
   <div class='ocr_carea' id='block_1_11' title="bbox 2286 732 3853 807">
    <p class='ocr_par' dir='ltr' id='par_1_11' title="bbox 2286 732 3853 807">
     <span class='ocr_line' id='line_1_11' title="bbox 2286 732 3853 807; baseline 0.008 -20"><span class='ocrx_word' id='word_1_49' title='bbox 2286 732 2745 803; x_wconf 77' lang='grc' dir='ltr'><strong>διεσπαρμένοις</strong></span> <span class='ocrx_word' id='word_1_50' title='bbox 2763 775 2779 798; x_wconf 86' lang='grc'><strong>,</strong></span> <span class='ocrx_word' id='word_1_51' title='bbox 2816 734 3112 803; x_wconf 78' lang='grc' dir='ltr'>Θεόδωρος</span> <span class='ocrx_word' id='word_1_52' title='bbox 3149 736 3504 807; x_wconf 75' lang='grc' dir='ltr'>ἁμαρτωλὸς</span> <span class='ocrx_word' id='word_1_53' title='bbox 3544 737 3853 806; x_wconf 66' lang='grc' dir='ltr'><strong>μοι-αζός</strong></span> 
     </span>
    </p>
   </div>
   <div class='ocr_carea' id='block_1_12' title="bbox 2276 821 3065 896">
    <p class='ocr_par' dir='ltr' id='par_1_12' title="bbox 2276 821 3065 896">
     <span class='ocr_line' id='line_1_12' title="bbox 2276 821 3065 896; baseline 0.006 -22"><span class='ocrx_word' id='word_1_54' title='bbox 2276 821 2568 891; x_wconf 66' lang='grc' dir='ltr'><strong>ἐνιΚυρίῳ</strong></span> <span class='ocrx_word' id='word_1_55' title='bbox 2592 825 2836 894; x_wconf 68' lang='grc' dir='ltr'>χαίρειν.</span> <span class='ocrx_word' id='word_1_56' title='bbox 2862 822 3065 896; x_wconf 87' lang='grc' dir='ltr'>[φπγ¹</span> 
     </span>
    </p>
   </div>
   <div class='ocr_carea' id='block_1_13' title="bbox 906 969 3430 1107">
    <p class='ocr_par' dir='ltr' id='par_1_13' title="bbox 906 969 3430 1107">
     <span class='ocr_line' id='line_1_13' title="bbox 906 969 3430 1107; baseline 0.007 -87"><span class='ocrx_word' id='word_1_57' title='bbox 906 969 973 1020; x_wconf 87' lang='lat' dir='ltr'><strong>Ut</strong></span> <span class='ocrx_word' id='word_1_58' title='bbox 1012 973 1359 1033; x_wconf 78' lang='lat' dir='ltr'><strong>persecutione</strong></span> <span class='ocrx_word' id='word_1_59' title='bbox 1398 973 1609 1035; x_wconf 84' lang='lat' dir='ltr'><strong>liberati,</strong></span> <span class='ocrx_word' id='word_1_60' title='bbox 1634 982 1686 1024; x_wconf 87' lang='lat' dir='ltr'><strong>et</strong></span> <span class='ocrx_word' id='word_1_61' title='bbox 1707 978 2353 1102; x_wconf 44' lang='lat' dir='ltr'><strong>gratiqsggptagegélne‘c</strong></span> <span class='ocrx_word' id='word_1_62' title='bbox 2372 987 2634 1107; x_wconf 55' lang='lat' dir='ltr'><strong>qqiqquam</strong></span> <span class='ocrx_word' id='word_1_63' title='bbox 2652 986 2716 1035; x_wconf 89' lang='lat' dir='ltr'><strong>de</strong></span> <span class='ocrx_word' id='word_1_64' title='bbox 2747 986 2941 1035; x_wconf 88' lang='lat' dir='ltr'><strong>virtutis</strong></span> <span class='ocrx_word' id='word_1_65' title='bbox 2959 986 3124 1035; x_wconf 87' lang='lat' dir='ltr'><strong>studio</strong></span> <span class='ocrx_word' id='word_1_66' title='bbox 3161 988 3430 1038; x_wconf 80' lang='lat' dir='ltr'><strong>remittant.</strong></span> 
     </span>
     <span class='ocr_line' id='line_1_14' title="bbox 2037 1076 2460 1106; baseline 0.009 -17"><span class='ocrx_word' id='word_1_67' title='bbox 2037 1076 2049 1089; x_wconf 94' lang='lat'><strong>.</strong></span> <span class='ocrx_word' id='word_1_68' title='bbox 2138 1078 2150 1091; x_wconf 94' lang='lat'><strong>.</strong></span> <span class='ocrx_word' id='word_1_69' title='bbox 2279 1082 2294 1106; x_wconf 89' lang='lat'><strong>,</strong></span> <span class='ocrx_word' id='word_1_70' title='bbox 2348 1084 2359 1094; x_wconf 91' lang='lat'><strong>.</strong></span> <span class='ocrx_word' id='word_1_71' title='bbox 2450 1083 2460 1093; x_wconf 91' lang='lat'><strong>.</strong></span> 
     </span>
    </p>
   </div>
   <div class='ocr_carea' id='block_1_14' title="bbox 2019 1058 2460 1106">
    <p class='ocr_par' dir='ltr' id='par_1_14' title="bbox 2019 1058 2460 1106">
     <span class='ocr_line' id='line_1_15' title="bbox 2019 1058 2460 1106; baseline 0.009 -17"><span class='ocrx_word' id='word_1_72' title='bbox 2019 1058 2049 1089; x_wconf 83' lang='grc' dir='ltr'><strong>ι.</strong></span> <span class='ocrx_word' id='word_1_73' title='bbox 2071 1058 2150 1091; x_wconf 84' lang='lat' dir='ltr'><strong>an.</strong></span> <span class='ocrx_word' id='word_1_74' title='bbox 2183 1058 2294 1106; x_wconf 65' lang='grc' dir='ltr'>στι,</span> <span class='ocrx_word' id='word_1_75' title='bbox 2312 1059 2359 1095; x_wconf 90' lang='lat' dir='ltr'><strong>n.</strong></span> <span class='ocrx_word' id='word_1_76' title='bbox 2383 1058 2460 1094; x_wconf 68' lang='lat' dir='ltr'><strong>st.</strong></span> 
     </span>
    </p>
   </div>
   <div class='ocr_carea' id='block_1_15' title="bbox 618 1158 2128 1229">
    <p class='ocr_par' dir='ltr' id='par_1_15' title="bbox 618 1158 2128 1229">
     <span class='ocr_line' id='line_1_16' title="bbox 618 1158 2128 1229; baseline 0.003 -16"><span class='ocrx_word' id='word_1_77' title='bbox 618 1160 869 1213; x_wconf 82' lang='lat' dir='ltr'><strong>Gaudere</strong></span> <span class='ocrx_word' id='word_1_78' title='bbox 922 1175 1136 1229; x_wconf 76' lang='lat' dir='ltr'><strong>semper</strong></span> <span class='ocrx_word' id='word_1_79' title='bbox 1169 1160 1293 1214; x_wconf 87' lang='lat' dir='ltr'><strong>licet</strong></span> <span class='ocrx_word' id='word_1_80' title='bbox 1332 1158 1398 1213; x_wconf 89' lang='lat' dir='ltr'><strong>iis</strong></span> <span class='ocrx_word' id='word_1_81' title='bbox 1444 1161 1537 1229; x_wconf 87' lang='lat' dir='ltr'><strong>qui</strong></span> <span class='ocrx_word' id='word_1_82' title='bbox 1591 1164 1889 1217; x_wconf 89' lang='lat' dir='ltr'><strong>secundum</strong></span> <span class='ocrx_word' id='word_1_83' title='bbox 1962 1162 2128 1217; x_wconf 88' lang='lat' dir='ltr'><strong>Deum</strong></span> 
     </span>
    </p>
   </div>
   <div class='ocr_carea' id='block_1_16' title="bbox 2307 1169 3851 1239">
    <p class='ocr_par' dir='ltr' id='par_1_16' title="bbox 2307 1169 3851 1239">
     <span class='ocr_line' id='line_1_17' title="bbox 2307 1169 3851 1239; baseline 0.003 -17"><span class='ocrx_word' id='word_1_84' title='bbox 2307 1169 2535 1239; x_wconf 76' lang='grc' dir='ltr'><strong>Χαίρειν</strong></span> <span class='ocrx_word' id='word_1_85' title='bbox 2569 1169 2684 1224; x_wconf 76' lang='grc' dir='ltr'>ἔστι</span> <span class='ocrx_word' id='word_1_86' title='bbox 2716 1170 2952 1225; x_wconf 83' lang='grc' dir='ltr'>πάντοτε</span> <span class='ocrx_word' id='word_1_87' title='bbox 2980 1174 3095 1235; x_wconf 82' lang='grc' dir='ltr'>τοῖς</span> <span class='ocrx_word' id='word_1_88' title='bbox 3136 1172 3278 1225; x_wconf 87' lang='grc' dir='ltr'><strong>κατά</strong></span> <span class='ocrx_word' id='word_1_89' title='bbox 3310 1171 3448 1227; x_wconf 79' lang='grc' dir='ltr'>Θεὸν</span> <span class='ocrx_word' id='word_1_90' title='bbox 3496 1173 3651 1238; x_wconf 76' lang='grc' dir='ltr'>ζῶσι</span> <span class='ocrx_word' id='word_1_91' title='bbox 3677 1193 3692 1206; x_wconf 89' lang='grc'><strong>·</strong></span> <span class='ocrx_word' id='word_1_92' title='bbox 3735 1176 3851 1227; x_wconf 72' lang='grc' dir='ltr'>κᾶν</span> 
     </span>
    </p>
   </div>
   <div class='ocr_carea' id='block_1_17' title="bbox 546 1250 2137 1337">
    <p class='ocr_par' dir='ltr' id='par_1_17' title="bbox 546 1250 2130 1318">
     <span class='ocr_line' id='line_1_18' title="bbox 546 1250 2130 1318; baseline 0.004 -16"><span class='ocrx_word' id='word_1_93' title='bbox 546 1250 714 1303; x_wconf 79' lang='lat' dir='ltr'><strong>\itam</strong></span> <span class='ocrx_word' id='word_1_94' title='bbox 763 1258 969 1318; x_wconf 83' lang='lat' dir='ltr'><strong>agunt:</strong></span> <span class='ocrx_word' id='word_1_95' title='bbox 1005 1254 1168 1305; x_wconf 86' lang='lat' dir='ltr'><strong>etiam</strong></span> <span class='ocrx_word' id='word_1_96' title='bbox 1203 1253 1247 1304; x_wconf 95' lang='lat' dir='ltr'><strong>si</strong></span> <span class='ocrx_word' id='word_1_97' title='bbox 1279 1251 1331 1303; x_wconf 92' lang='lat' dir='ltr'><strong>in</strong></span> <span class='ocrx_word' id='word_1_98' title='bbox 1373 1251 1553 1305; x_wconf 87' lang='lat' dir='ltr'><strong>tristia</strong></span> <span class='ocrx_word' id='word_1_99' title='bbox 1598 1262 1653 1306; x_wconf 87' lang='lat' dir='ltr'><strong>et</strong></span> <span class='ocrx_word' id='word_1_100' title='bbox 1685 1253 1882 1308; x_wconf 60' lang='lat' dir='ltr'><strong>laetitia:</strong></span> <span class='ocrx_word' id='word_1_101' title='bbox 1910 1265 2130 1309; x_wconf 82' lang='lat' dir='ltr'><strong>contra-</strong></span> 
     </span>
    </p>
   </div>
   <div class='ocr_carea' id='block_1_18' title="bbox 2247 1250 3843 1337">
    <p class='ocr_par' dir='ltr' id='par_1_18' title="bbox 2247 1261 3843 1337">
     <span class='ocr_line' id='line_1_19' title="bbox 2247 1261 3843 1337; baseline 0.003 -23"><span class='ocrx_word' id='word_1_102' title='bbox 2247 1262 2344 1323; x_wconf 74' lang='grc' dir='ltr'>τοῖς</span> <span class='ocrx_word' id='word_1_103' title='bbox 2378 1261 2476 1331; x_wconf 84' lang='grc' dir='ltr'><strong>τῆς</strong></span> <span class='ocrx_word' id='word_1_104' title='bbox 2539 1264 2710 1332; x_wconf 79' lang='grc' dir='ltr'>χαρᾶς</span> <span class='ocrx_word' id='word_1_105' title='bbox 2764 1264 3033 1327; x_wconf 79' lang='grc' dir='ltr'><strong>ἐναντίοις</strong></span> <span class='ocrx_word' id='word_1_106' title='bbox 3083 1264 3413 1317; x_wconf 75' lang='grc' dir='ltr'>ὑποπέσοιεν</span> <span class='ocrx_word' id='word_1_107' title='bbox 3444 1283 3462 1297; x_wconf 72' lang='grc' dir='ltr'><strong>ο</strong></span> <span class='ocrx_word' id='word_1_108' title='bbox 3518 1268 3737 1337; x_wconf 75' lang='grc' dir='ltr'>ἐπειδὴ</span> <span class='ocrx_word' id='word_1_109' title='bbox 3779 1270 3843 1319; x_wconf 77' lang='grc' dir='ltr'><strong>ἓν</strong></span> 
     </span>
    </p>
   </div>
   <div class='ocr_carea' id='block_1_19' title="bbox 548 1342 2127 1415">
    <p class='ocr_par' dir='ltr' id='par_1_19' title="bbox 548 1342 2127 1415">
     <span class='ocr_line' id='line_1_20' title="bbox 548 1342 2127 1415; baseline 0.006 -22"><span class='ocrx_word' id='word_1_110' title='bbox 548 1342 627 1393; x_wconf 86' lang='lat' dir='ltr'><strong>ria</strong></span> <span class='ocrx_word' id='word_1_111' title='bbox 661 1343 1021 1395; x_wconf 82' lang='lat' dir='ltr'><strong>tlevolvantur</strong></span> <span class='ocrx_word' id='word_1_112' title='bbox 1049 1359 1063 1395; x_wconf 88' lang='lat'><strong>:</strong></span> <span class='ocrx_word' id='word_1_113' title='bbox 1090 1342 1217 1411; x_wconf 86' lang='lat' dir='ltr'><strong>quia</strong></span> <span class='ocrx_word' id='word_1_114' title='bbox 1266 1358 1434 1396; x_wconf 90' lang='lat' dir='ltr'><strong>unum</strong></span> <span class='ocrx_word' id='word_1_115' title='bbox 1471 1360 1609 1397; x_wconf 54' lang='lat' dir='ltr'><strong>ver-ae</strong></span> <span class='ocrx_word' id='word_1_116' title='bbox 1642 1345 1836 1399; x_wconf 66' lang='lat' dir='ltr'><strong>laetitiae</strong></span> <span class='ocrx_word' id='word_1_117' title='bbox 1867 1362 2006 1415; x_wconf 90' lang='lat' dir='ltr'><strong>opus</strong></span> <span class='ocrx_word' id='word_1_118' title='bbox 2042 1357 2127 1402; x_wconf 86' lang='lat' dir='ltr'><strong>est</strong></span> 
     </span>
    </p>
   </div>
   <div class='ocr_carea' id='block_1_20' title="bbox 550 1431 2129 1504">
    <p class='ocr_par' dir='ltr' id='par_1_20' title="bbox 550 1431 2129 1504">
     <span class='ocr_line' id='line_1_21' title="bbox 550 1431 2129 1504; baseline 0.007 -21"><span class='ocrx_word' id='word_1_119' title='bbox 550 1446 676 1500; x_wconf 68' lang='lat' dir='ltr'><strong>Spes</strong></span> <span class='ocrx_word' id='word_1_120' title='bbox 705 1434 758 1485; x_wconf 91' lang='lat' dir='ltr'><strong>in</strong></span> <span class='ocrx_word' id='word_1_121' title='bbox 810 1431 1004 1497; x_wconf 87' lang='lat' dir='ltr'><strong>Deum,</strong></span> <span class='ocrx_word' id='word_1_122' title='bbox 1039 1449 1103 1486; x_wconf 87' lang='lat' dir='ltr'><strong>ac</strong></span> <span class='ocrx_word' id='word_1_123' title='bbox 1162 1448 1257 1501; x_wconf 89' lang='lat' dir='ltr'><strong>pro</strong></span> <span class='ocrx_word' id='word_1_124' title='bbox 1283 1434 1400 1500; x_wconf 84' lang='lat' dir='ltr'><strong>ipso</strong></span> <span class='ocrx_word' id='word_1_125' title='bbox 1434 1443 1488 1487; x_wconf 93' lang='lat' dir='ltr'><strong>et</strong></span> <span class='ocrx_word' id='word_1_126' title='bbox 1518 1450 1614 1502; x_wconf 90' lang='lat' dir='ltr'><strong>per</strong></span> <span class='ocrx_word' id='word_1_127' title='bbox 1648 1436 1824 1504; x_wconf 81' lang='lat' dir='ltr'><strong>ipsum</strong></span> <span class='ocrx_word' id='word_1_128' title='bbox 1858 1438 2039 1492; x_wconf 80' lang='lat' dir='ltr'><strong>vivere</strong></span> <span class='ocrx_word' id='word_1_129' title='bbox 2075 1446 2129 1493; x_wconf 88' lang='lat' dir='ltr'><strong>et</strong></span> 
     </span>
    </p>
   </div>
   <div class='ocr_carea' id='block_1_21' title="bbox 552 1522 2133 1593">
    <p class='ocr_par' dir='ltr' id='par_1_21' title="bbox 552 1522 2133 1593">
     <span class='ocr_line' id='line_1_22' title="bbox 552 1522 2133 1593; baseline 0.006 -20"><span class='ocrx_word' id='word_1_130' title='bbox 552 1523 781 1580; x_wconf 78' lang='lat' dir='ltr'><strong>moveri.</strong></span> <span class='ocrx_word' id='word_1_131' title='bbox 825 1532 881 1575; x_wconf 90' lang='lat' dir='ltr'><strong>et</strong></span> <span class='ocrx_word' id='word_1_132' title='bbox 928 1522 1070 1575; x_wconf 82' lang='lat' dir='ltr'><strong>aliud</strong></span> <span class='ocrx_word' id='word_1_133' title='bbox 1124 1523 1340 1591; x_wconf 80' lang='lat' dir='ltr'><strong>quidvis</strong></span> <span class='ocrx_word' id='word_1_134' title='bbox 1375 1539 1551 1593; x_wconf 82' lang='lat' dir='ltr'><strong>agere.</strong></span> <span class='ocrx_word' id='word_1_135' title='bbox 1586 1522 1740 1589; x_wconf 85' lang='lat' dir='ltr'><strong>Quod</strong></span> <span class='ocrx_word' id='word_1_136' title='bbox 1775 1541 1903 1580; x_wconf 89' lang='lat' dir='ltr'><strong>vero</strong></span> <span class='ocrx_word' id='word_1_137' title='bbox 1936 1527 2009 1581; x_wconf 83' lang='lat' dir='ltr'><strong>ita</strong></span> <span class='ocrx_word' id='word_1_138' title='bbox 2036 1544 2133 1583; x_wconf 86' lang='lat' dir='ltr'><strong>vos</strong></span> 
     </span>
    </p>
   </div>
   <div class='ocr_carea' id='block_1_22' title="bbox 551 1614 2129 1682">
    <p class='ocr_par' dir='ltr' id='par_1_22' title="bbox 551 1614 2129 1682">
     <span class='ocr_line' id='line_1_23' title="bbox 551 1614 2129 1682; baseline 0.004 -16"><span class='ocrx_word' id='word_1_139' title='bbox 551 1614 853 1681; x_wconf 86' lang='lat' dir='ltr'><strong>comparati</strong></span> <span class='ocrx_word' id='word_1_140' title='bbox 903 1615 1048 1676; x_wconf 85' lang='lat' dir='ltr'><strong>sitis,</strong></span> <span class='ocrx_word' id='word_1_141' title='bbox 1073 1630 1159 1667; x_wconf 87' lang='lat' dir='ltr'><strong>res</strong></span> <span class='ocrx_word' id='word_1_142' title='bbox 1188 1614 1316 1682; x_wconf 75' lang='lat' dir='ltr'><strong>ipsze</strong></span> <span class='ocrx_word' id='word_1_143' title='bbox 1349 1622 1638 1667; x_wconf 91' lang='lat' dir='ltr'><strong>testantur.</strong></span> <span class='ocrx_word' id='word_1_144' title='bbox 1690 1614 1808 1681; x_wconf 86' lang='lat' dir='ltr'><strong>Qua</strong></span> <span class='ocrx_word' id='word_1_145' title='bbox 1847 1618 1990 1672; x_wconf 85' lang='lat' dir='ltr'><strong>enim</strong></span> <span class='ocrx_word' id='word_1_146' title='bbox 2025 1620 2129 1674; x_wconf 90' lang='lat' dir='ltr'><strong>alia</strong></span> 
     </span>
    </p>
   </div>
   <div class='ocr_carea' id='block_1_23' title="bbox 550 1706 2127 1779">
    <p class='ocr_par' dir='ltr' id='par_1_23' title="bbox 550 1706 2127 1779">
     <span class='ocr_line' id='line_1_24' title="bbox 550 1706 2127 1779; baseline 0.004 -21"><span class='ocrx_word' id='word_1_147' title='bbox 550 1707 618 1759; x_wconf 86' lang='lat' dir='ltr'><strong>de</strong></span> <span class='ocrx_word' id='word_1_148' title='bbox 648 1722 812 1759; x_wconf 87' lang='lat' dir='ltr'><strong>causa</strong></span> <span class='ocrx_word' id='word_1_149' title='bbox 838 1706 1109 1774; x_wconf 84' lang='lat' dir='ltr'><strong>dispersio</strong></span> <span class='ocrx_word' id='word_1_150' title='bbox 1143 1716 1195 1759; x_wconf 88' lang='lat' dir='ltr'><strong>et</strong></span> <span class='ocrx_word' id='word_1_151' title='bbox 1226 1706 1378 1759; x_wconf 88' lang='lat' dir='ltr'><strong>labor</strong></span> <span class='ocrx_word' id='word_1_152' title='bbox 1403 1719 1459 1760; x_wconf 86' lang='lat' dir='ltr'><strong>et</strong></span> <span class='ocrx_word' id='word_1_153' title='bbox 1497 1709 1709 1762; x_wconf 77' lang='lat' dir='ltr'><strong>vexatio</strong></span> <span class='ocrx_word' id='word_1_154' title='bbox 1738 1715 1938 1775; x_wconf 83' lang='lat' dir='ltr'><strong>vestra,</strong></span> <span class='ocrx_word' id='word_1_155' title='bbox 1963 1727 2127 1779; x_wconf 87' lang='lat' dir='ltr'><strong>quam</strong></span> 
     </span>
    </p>
   </div>
   <div class='ocr_carea' id='block_1_24' title="bbox 552 1797 2131 1866">
    <p class='ocr_par' dir='ltr' id='par_1_24' title="bbox 552 1797 2131 1866">
     <span class='ocr_line' id='line_1_25' title="bbox 552 1797 2131 1866; baseline 0.006 -19"><span class='ocrx_word' id='word_1_156' title='bbox 552 1806 774 1866; x_wconf 82' lang='lat' dir='ltr'><strong>propter</strong></span> <span class='ocrx_word' id='word_1_157' title='bbox 839 1797 1016 1866; x_wconf 84' lang='lat' dir='ltr'><strong>ipsum</strong></span> <span class='ocrx_word' id='word_1_158' title='bbox 1073 1797 1273 1851; x_wconf 90' lang='lat' dir='ltr'><strong>bonum</strong></span> <span class='ocrx_word' id='word_1_159' title='bbox 1336 1799 1500 1851; x_wconf 85' lang='lat' dir='ltr'><strong>Deum</strong></span> <span class='ocrx_word' id='word_1_160' title='bbox 1564 1800 1856 1853; x_wconf 83' lang='lat' dir='ltr'><strong>nostrum?</strong></span> <span class='ocrx_word' id='word_1_161' title='bbox 1895 1800 2131 1857; x_wconf 77' lang='lat' dir='ltr'><strong>Tametsi</strong></span> 
     </span>
    </p>
   </div>
   <div class='ocr_carea' id='block_1_25' title="bbox 555 1888 2132 1959">
    <p class='ocr_par' dir='ltr' id='par_1_25' title="bbox 555 1888 2132 1959">
     <span class='ocr_line' id='line_1_26' title="bbox 555 1888 2132 1959; baseline 0.005 -19"><span class='ocrx_word' id='word_1_162' title='bbox 555 1903 721 1945; x_wconf 87' lang='lat' dir='ltr'><strong>nunc.</strong></span> <span class='ocrx_word' id='word_1_163' title='bbox 755 1888 1000 1957; x_wconf 76' lang='lat' dir='ltr'><strong>ejusdem</strong></span> <span class='ocrx_word' id='word_1_164' title='bbox 1043 1888 1406 1957; x_wconf 75' lang='lat' dir='ltr'><strong>providentia,</strong></span> <span class='ocrx_word' id='word_1_165' title='bbox 1440 1904 1533 1958; x_wconf 87' lang='lat' dir='ltr'><strong>per</strong></span> <span class='ocrx_word' id='word_1_166' title='bbox 1563 1890 1752 1959; x_wconf 89' lang='lat' dir='ltr'><strong>optimi</strong></span> <span class='ocrx_word' id='word_1_167' title='bbox 1784 1891 2132 1959; x_wconf 81' lang='lat' dir='ltr'><strong>imperatoris</strong></span> 
     </span>
    </p>
   </div>
   <div class='ocr_carea' id='block_1_26' title="bbox 553 1980 2132 2054">
    <p class='ocr_par' dir='ltr' id='par_1_26' title="bbox 553 1980 2132 2054">
     <span class='ocr_line' id='line_1_27' title="bbox 553 1980 2132 2054; baseline 0.004 -21"><span class='ocrx_word' id='word_1_168' title='bbox 553 1980 1034 2044; x_wconf 78' lang='lat' dir='ltr'><strong>renuntiatimtem,</strong></span> <span class='ocrx_word' id='word_1_169' title='bbox 1103 1982 1339 2035; x_wconf 84' lang='lat' dir='ltr'><strong>cessavit</strong></span> <span class='ocrx_word' id='word_1_170' title='bbox 1395 1983 1705 2050; x_wconf 86' lang='lat' dir='ltr'><strong>persecutio</strong></span> <span class='ocrx_word' id='word_1_171' title='bbox 1742 2002 1755 2037; x_wconf 93' lang='lat'><strong>:</strong></span> <span class='ocrx_word' id='word_1_172' title='bbox 1789 1992 1844 2038; x_wconf 89' lang='lat' dir='ltr'><strong>et</strong></span> <span class='ocrx_word' id='word_1_173' title='bbox 1906 1984 1974 2039; x_wconf 89' lang='lat' dir='ltr'><strong>iis</strong></span> <span class='ocrx_word' id='word_1_174' title='bbox 2037 1985 2132 2054; x_wconf 89' lang='lat' dir='ltr'><strong>qui</strong></span> 
     </span>
    </p>
   </div>
   <div class='ocr_carea' id='block_1_27' title="bbox 2232 1351 3847 1426">
    <p class='ocr_par' dir='ltr' id='par_1_27' title="bbox 2232 1351 3847 1426">
     <span class='ocr_line' id='line_1_28' title="bbox 2232 1351 3847 1426; baseline 0.004 -22"><span class='ocrx_word' id='word_1_175' title='bbox 2232 1351 2574 1424; x_wconf 86' lang='grc' dir='ltr'>εὐφροσύνης</span> <span class='ocrx_word' id='word_1_176' title='bbox 2617 1353 2882 1423; x_wconf 80' lang='grc' dir='ltr'><strong>ἀληθινῆς</strong></span> <span class='ocrx_word' id='word_1_177' title='bbox 2928 1354 3089 1426; x_wconf 73' lang='grc' dir='ltr'>ἔργον</span> <span class='ocrx_word' id='word_1_178' title='bbox 3122 1357 3155 1424; x_wconf 82' lang='grc' dir='ltr'>ὴ</span> <span class='ocrx_word' id='word_1_179' title='bbox 3204 1358 3284 1419; x_wconf 82' lang='grc' dir='ltr'><strong>είς</strong></span> <span class='ocrx_word' id='word_1_180' title='bbox 3324 1355 3461 1409; x_wconf 74' lang='grc' dir='ltr'>Θεὸν</span> <span class='ocrx_word' id='word_1_181' title='bbox 3504 1357 3703 1423; x_wconf 75' lang='grc' dir='ltr'>ἐλπὶς,</span> <span class='ocrx_word' id='word_1_182' title='bbox 3742 1374 3847 1413; x_wconf 81' lang='grc' dir='ltr'><strong>και</strong></span> 
     </span>
    </p>
   </div>
   <div class='ocr_carea' id='block_1_28' title="bbox 2231 1442 3843 1515">
    <p class='ocr_par' dir='ltr' id='par_1_28' title="bbox 2231 1442 3843 1515">
     <span class='ocr_line' id='line_1_29' title="bbox 2231 1442 3843 1515; baseline 0.004 -20"><span class='ocrx_word' id='word_1_183' title='bbox 2231 1443 2293 1496; x_wconf 79' lang='grc' dir='ltr'>τὸ</span> <span class='ocrx_word' id='word_1_184' title='bbox 2321 1444 2462 1514; x_wconf 71' lang='grc' dir='ltr'>ὑπὲρ</span> <span class='ocrx_word' id='word_1_185' title='bbox 2496 1442 2663 1497; x_wconf 84' lang='grc' dir='ltr'>αὑτοῦ</span> <span class='ocrx_word' id='word_1_186' title='bbox 2694 1444 2789 1497; x_wconf 72' lang='grc' dir='ltr'>καὶ</span> <span class='ocrx_word' id='word_1_187' title='bbox 2817 1445 2885 1498; x_wconf 87' lang='grc' dir='ltr'><strong>δι’</strong></span> <span class='ocrx_word' id='word_1_188' title='bbox 2908 1445 3072 1499; x_wconf 79' lang='grc' dir='ltr'>αὐτὸν</span> <span class='ocrx_word' id='word_1_189' title='bbox 3102 1445 3237 1515; x_wconf 75' lang='grc' dir='ltr'>ζῇν..</span> <span class='ocrx_word' id='word_1_190' title='bbox 3256 1444 3351 1499; x_wconf 79' lang='grc' dir='ltr'>καὶ</span> <span class='ocrx_word' id='word_1_191' title='bbox 3378 1447 3690 1509; x_wconf 83' lang='grc' dir='ltr'>κινεῖσθαι,</span> <span class='ocrx_word' id='word_1_192' title='bbox 3740 1452 3843 1502; x_wconf 69' lang='grc' dir='ltr'><strong>καὶ</strong></span> 
     </span>
    </p>
   </div>
   <div class='ocr_carea' id='block_1_29' title="bbox 2235 1534 3839 1611">
    <p class='ocr_par' dir='ltr' id='par_1_29' title="bbox 2235 1534 3839 1611">
     <span class='ocr_line' id='line_1_30' title="bbox 2235 1534 3839 1611; baseline 0.005 -25"><span class='ocrx_word' id='word_1_193' title='bbox 2235 1535 2344 1587; x_wconf 77' lang='grc' dir='ltr'>πᾶν</span> <span class='ocrx_word' id='word_1_194' title='bbox 2372 1535 2552 1587; x_wconf 77' lang='grc' dir='ltr'>ὁτιοῦν</span> <span class='ocrx_word' id='word_1_195' title='bbox 2594 1534 2722 1588; x_wconf 84' lang='grc' dir='ltr'>ἄλλο</span> <span class='ocrx_word' id='word_1_196' title='bbox 2773 1536 3058 1606; x_wconf 79' lang='grc' dir='ltr'>πράττειν.</span> <span class='ocrx_word' id='word_1_197' title='bbox 3097 1538 3219 1592; x_wconf 83' lang='grc' dir='ltr'>Ὀτι</span> <span class='ocrx_word' id='word_1_198' title='bbox 3282 1537 3339 1591; x_wconf 76' lang='grc' dir='ltr'>δὲ</span> <span class='ocrx_word' id='word_1_199' title='bbox 3396 1538 3579 1604; x_wconf 84' lang='grc' dir='ltr'>οὑτως</span> <span class='ocrx_word' id='word_1_200' title='bbox 3641 1542 3839 1611; x_wconf 85' lang='grc' dir='ltr'>ὑμεῖς,</span> 
     </span>
    </p>
   </div>
   <div class='ocr_carea' id='block_1_30' title="bbox 2235 1623 3838 1702">
    <p class='ocr_par' dir='ltr' id='par_1_30' title="bbox 2235 1623 3838 1702">
     <span class='ocr_line' id='line_1_31' title="bbox 2235 1623 3838 1702; baseline 0.006 -26"><span class='ocrx_word' id='word_1_201' title='bbox 2235 1629 2509 1695; x_wconf 79' lang='grc' dir='ltr'>μαρτυρεῖ</span> <span class='ocrx_word' id='word_1_202' title='bbox 2557 1626 2792 1680; x_wconf 74' lang='grc' dir='ltr'>αὐτὰτὰ</span> <span class='ocrx_word' id='word_1_203' title='bbox 2824 1628 3147 1696; x_wconf 69' lang='grc' dir='ltr'>πράγματα.</span> <span class='ocrx_word' id='word_1_204' title='bbox 3215 1623 3439 1695; x_wconf 78' lang='grc' dir='ltr'>Οὑτινος</span> <span class='ocrx_word' id='word_1_205' title='bbox 3485 1632 3607 1702; x_wconf 79' lang='grc' dir='ltr'><strong>γὰρ</strong></span> <span class='ocrx_word' id='word_1_206' title='bbox 3657 1632 3838 1685; x_wconf 64' lang='grc' dir='ltr'>ἄλλον</span> 
     </span>
    </p>
   </div>
   <div class='ocr_carea' id='block_1_31' title="bbox 2233 1716 3834 1794">
    <p class='ocr_par' dir='ltr' id='par_1_31' title="bbox 2233 1716 3834 1794">
     <span class='ocr_line' id='line_1_32' title="bbox 2233 1716 3834 1794; baseline 0.006 -25"><span class='ocrx_word' id='word_1_207' title='bbox 2233 1716 2422 1769; x_wconf 65' lang='grc' dir='ltr'>ἕνεκεν</span> <span class='ocrx_word' id='word_1_208' title='bbox 2458 1719 2486 1769; x_wconf 90' lang='lat'><strong>6</strong></span> <span class='ocrx_word' id='word_1_209' title='bbox 2512 1720 2853 1789; x_wconf 78' lang='grc' dir='ltr'>σκορπισμὸς</span> <span class='ocrx_word' id='word_1_210' title='bbox 2885 1723 2975 1772; x_wconf 76' lang='grc' dir='ltr'>καὶ</span> <span class='ocrx_word' id='word_1_211' title='bbox 3012 1722 3179 1785; x_wconf 85' lang='grc' dir='ltr'>κόπος</span> <span class='ocrx_word' id='word_1_212' title='bbox 3203 1724 3300 1776; x_wconf 76' lang='grc' dir='ltr'>καὶ</span> <span class='ocrx_word' id='word_1_213' title='bbox 3334 1724 3527 1788; x_wconf 79' lang='grc' dir='ltr'><strong>κλόνος</strong></span> <span class='ocrx_word' id='word_1_214' title='bbox 3566 1725 3767 1794; x_wconf 83' lang='grc' dir='ltr'>ὑμῶν.</span> <span class='ocrx_word' id='word_1_215' title='bbox 3802 1728 3834 1793; x_wconf 82' lang='grc' dir='ltr'>ἢ</span> 
     </span>
    </p>
   </div>
   <div class='ocr_carea' id='block_1_32' title="bbox 2234 1806 3832 1883">
    <p class='ocr_par' dir='ltr' id='par_1_32' title="bbox 2234 1806 3832 1883">
     <span class='ocr_line' id='line_1_33' title="bbox 2234 1806 3832 1883; baseline 0.005 -24"><span class='ocrx_word' id='word_1_216' title='bbox 2234 1806 2302 1860; x_wconf 85' lang='grc' dir='ltr'><strong>δι’</strong></span> <span class='ocrx_word' id='word_1_217' title='bbox 2325 1809 2490 1861; x_wconf 83' lang='grc' dir='ltr'>αὐτὸν</span> <span class='ocrx_word' id='word_1_218' title='bbox 2522 1810 2612 1861; x_wconf 83' lang='grc' dir='ltr'>τὸν</span> <span class='ocrx_word' id='word_1_219' title='bbox 2645 1810 2852 1877; x_wconf 81' lang='grc' dir='ltr'>ἀγαθὸν</span> <span class='ocrx_word' id='word_1_220' title='bbox 2882 1810 3016 1863; x_wconf 72' lang='grc' dir='ltr'>Θεὸν</span> <span class='ocrx_word' id='word_1_221' title='bbox 3043 1811 3201 1881; x_wconf 80' lang='grc' dir='ltr'><strong>ἡμῶν</strong></span> <span class='ocrx_word' id='word_1_222' title='bbox 3228 1830 3241 1877; x_wconf 90' lang='lat'><strong>;</strong></span> <span class='ocrx_word' id='word_1_223' title='bbox 3276 1813 3340 1867; x_wconf 84' lang='lat' dir='ltr'><strong>Ei</strong></span> <span class='ocrx_word' id='word_1_224' title='bbox 3376 1817 3472 1867; x_wconf 76' lang='grc' dir='ltr'><strong>καὶ</strong></span> <span class='ocrx_word' id='word_1_225' title='bbox 3506 1816 3595 1867; x_wconf 81' lang='grc' dir='ltr'>ὅτι</span> <span class='ocrx_word' id='word_1_226' title='bbox 3629 1814 3737 1867; x_wconf 81' lang='grc' dir='ltr'><strong>νῦν</strong></span> <span class='ocrx_word' id='word_1_227' title='bbox 3765 1818 3832 1883; x_wconf 78' lang='grc' dir='ltr'><strong>τῇ</strong></span> 
     </span>
    </p>
   </div>
   <div class='ocr_carea' id='block_1_33' title="bbox 2234 1898 3834 1977">
    <p class='ocr_par' dir='ltr' id='par_1_33' title="bbox 2234 1898 3834 1977">
     <span class='ocr_line' id='line_1_34' title="bbox 2234 1898 3834 1977; baseline 0.003 -24"><span class='ocrx_word' id='word_1_228' title='bbox 2234 1898 2404 1953; x_wconf 81' lang='grc' dir='ltr'>αὐτοῦ</span> <span class='ocrx_word' id='word_1_229' title='bbox 2438 1902 2757 1973; x_wconf 76' lang='grc' dir='ltr'><strong>προμηθείᾳ</strong></span> <span class='ocrx_word' id='word_1_230' title='bbox 2786 1902 3073 1971; x_wconf 76' lang='grc' dir='ltr'><strong>ἐλώφησεν</strong></span> <span class='ocrx_word' id='word_1_231' title='bbox 3102 1905 3130 1956; x_wconf 97' lang='lat'><strong>6</strong></span> <span class='ocrx_word' id='word_1_232' title='bbox 3155 1904 3417 1974; x_wconf 87' lang='grc' dir='ltr'>διωγμός.</span> <span class='ocrx_word' id='word_1_233' title='bbox 3476 1906 3834 1977; x_wconf 71' lang='grc' dir='ltr'>Ἀναρρήσει</span> 
     </span>
    </p>
   </div>
   <div class='ocr_carea' id='block_1_34' title="bbox 2236 1985 3831 2067">
    <p class='ocr_par' dir='ltr' id='par_1_34' title="bbox 2236 1985 3831 2067">
     <span class='ocr_line' id='line_1_35' title="bbox 2236 1985 3831 2067; baseline 0.007 -26"><span class='ocrx_word' id='word_1_234' title='bbox 2236 1988 2330 2041; x_wconf 82' lang='grc' dir='ltr'>τοῦ</span> <span class='ocrx_word' id='word_1_235' title='bbox 2363 1990 2604 2060; x_wconf 76' lang='grc' dir='ltr'><strong>χρηστοῦ</strong></span> <span class='ocrx_word' id='word_1_236' title='bbox 2636 1992 2903 2060; x_wconf 81' lang='grc' dir='ltr'>κράτους⁶</span> <span class='ocrx_word' id='word_1_237' title='bbox 2935 1993 3030 2046; x_wconf 83' lang='grc' dir='ltr'>καὶ</span> <span class='ocrx_word' id='word_1_238' title='bbox 3061 1985 3370 2066; x_wconf 76' lang='grc' dir='ltr'>παρρησίας</span> <span class='ocrx_word' id='word_1_239' title='bbox 3395 1994 3539 2065; x_wconf 87' lang='grc' dir='ltr'><strong>θύρα</strong></span> <span class='ocrx_word' id='word_1_240' title='bbox 3562 1997 3831 2067; x_wconf 64' lang='grc' dir='ltr'>ἀνεῴχθη</span> 
     </span>
    </p>
   </div>
   <div class='ocr_carea' id='block_1_35' title="bbox 552 2072 2137 2158">
    <p class='ocr_par' dir='ltr' id='par_1_35' title="bbox 552 2072 2130 2142">
     <span class='ocr_line' id='line_1_36' title="bbox 552 2072 2130 2142; baseline 0.003 -17"><span class='ocrx_word' id='word_1_241' title='bbox 552 2088 671 2125; x_wconf 86' lang='lat' dir='ltr'><strong>eam</strong></span> <span class='ocrx_word' id='word_1_242' title='bbox 714 2072 1080 2140; x_wconf 78' lang='lat' dir='ltr'><strong>patiebantur,</strong></span> <span class='ocrx_word' id='word_1_243' title='bbox 1117 2072 1381 2127; x_wconf 71' lang='lat' dir='ltr'><strong>libertatis</strong></span> <span class='ocrx_word' id='word_1_244' title='bbox 1413 2073 1616 2127; x_wconf 71' lang='lat' dir='ltr'><strong>ostium</strong></span> <span class='ocrx_word' id='word_1_245' title='bbox 1654 2077 1981 2142; x_wconf 78' lang='lat' dir='ltr'><strong>patefactum</strong></span> <span class='ocrx_word' id='word_1_246' title='bbox 2028 2085 2130 2139; x_wconf 87' lang='lat' dir='ltr'><strong>est,</strong></span> 
     </span>
    </p>
   </div>
   <div class='ocr_carea' id='block_1_36' title="bbox 2247 2072 3834 2158">
    <p class='ocr_par' dir='ltr' id='par_1_36' title="bbox 2247 2083 3834 2158">
     <span class='ocr_line' id='line_1_37' title="bbox 2247 2083 3834 2158; baseline 0.005 -25"><span class='ocrx_word' id='word_1_247' title='bbox 2247 2083 2347 2144; x_wconf 80' lang='lat' dir='ltr'><strong>toi;</strong></span> <span class='ocrx_word' id='word_1_248' title='bbox 2375 2083 2778 2154; x_wconf 74' lang='grc' dir='ltr'>δεδιωγμένοις,</span> <span class='ocrx_word' id='word_1_249' title='bbox 2813 2085 3151 2139; x_wconf 78' lang='grc' dir='ltr'><strong>ἀπολαύουσι</strong></span> <span class='ocrx_word' id='word_1_250' title='bbox 3177 2087 3406 2158; x_wconf 77' lang='grc' dir='ltr'><strong>μετρίας</strong></span> <span class='ocrx_word' id='word_1_251' title='bbox 3433 2089 3700 2155; x_wconf 81' lang='grc' dir='ltr'><strong>ἀφέσεως</strong></span> <span class='ocrx_word' id='word_1_252' title='bbox 3735 2092 3834 2144; x_wconf 81' lang='grc' dir='ltr'>καὶ</span> 
     </span>
    </p>
   </div>
   <div class='ocr_carea' id='block_1_37' title="bbox 559 2160 2131 2230">
    <p class='ocr_par' dir='ltr' id='par_1_37' title="bbox 559 2160 2131 2230">
     <span class='ocr_line' id='line_1_38' title="bbox 559 2160 2131 2230; baseline 0.001 -18"><span class='ocrx_word' id='word_1_253' title='bbox 559 2161 774 2214; x_wconf 88' lang='lat' dir='ltr'><strong>modica</strong></span> <span class='ocrx_word' id='word_1_254' title='bbox 806 2160 914 2215; x_wconf 81' lang='lat' dir='ltr'><strong>illis</strong></span> <span class='ocrx_word' id='word_1_255' title='bbox 956 2160 1293 2213; x_wconf 82' lang='lat' dir='ltr'><strong>relaxatione</strong></span> <span class='ocrx_word' id='word_1_256' title='bbox 1320 2169 1376 2213; x_wconf 90' lang='lat' dir='ltr'><strong>et</strong></span> <span class='ocrx_word' id='word_1_257' title='bbox 1410 2175 1542 2229; x_wconf 85' lang='lat' dir='ltr'><strong>pace</strong></span> <span class='ocrx_word' id='word_1_258' title='bbox 1598 2175 1860 2216; x_wconf 89' lang='lat' dir='ltr'><strong>concessa</strong></span> <span class='ocrx_word' id='word_1_259' title='bbox 1917 2177 2010 2230; x_wconf 81' lang='lat' dir='ltr'><strong>per</strong></span> <span class='ocrx_word' id='word_1_260' title='bbox 2040 2175 2131 2215; x_wconf 89' lang='lat' dir='ltr'><strong>ur-</strong></span> 
     </span>
    </p>
   </div>
   <div class='ocr_carea' id='block_1_38' title="bbox 557 2252 2133 2324">
    <p class='ocr_par' dir='ltr' id='par_1_38' title="bbox 557 2252 2133 2324">
     <span class='ocr_line' id='line_1_39' title="bbox 557 2252 2133 2324; baseline 0.003 -19"><span class='ocrx_word' id='word_1_261' title='bbox 557 2254 651 2307; x_wconf 88' lang='lat' dir='ltr'><strong>hcs</strong></span> <span class='ocrx_word' id='word_1_262' title='bbox 683 2253 925 2321; x_wconf 77' lang='lat' dir='ltr'><strong>singulas</strong></span> <span class='ocrx_word' id='word_1_263' title='bbox 957 2262 1118 2321; x_wconf 89' lang='lat' dir='ltr'><strong>atque</strong></span> <span class='ocrx_word' id='word_1_264' title='bbox 1181 2252 1515 2321; x_wconf 86' lang='lat' dir='ltr'><strong>provincias.</strong></span> <span class='ocrx_word' id='word_1_265' title='bbox 1575 2252 1694 2318; x_wconf 86' lang='lat' dir='ltr'><strong>Quo</strong></span> <span class='ocrx_word' id='word_1_266' title='bbox 1729 2255 1947 2308; x_wconf 86' lang='lat' dir='ltr'><strong>nomine</strong></span> <span class='ocrx_word' id='word_1_267' title='bbox 1972 2269 2133 2324; x_wconf 81' lang='lat' dir='ltr'><strong>agere</strong></span> 
     </span>
    </p>
   </div>
   <div class='ocr_carea' id='block_1_39' title="bbox 558 2342 2130 2413">
    <p class='ocr_par' dir='ltr' id='par_1_39' title="bbox 558 2342 2130 2413">
     <span class='ocr_line' id='line_1_40' title="bbox 558 2342 2130 2413; baseline 0.002 -19"><span class='ocrx_word' id='word_1_268' title='bbox 558 2342 787 2397; x_wconf 83' lang='lat' dir='ltr'><strong>Domino</strong></span> <span class='ocrx_word' id='word_1_269' title='bbox 813 2344 1017 2413; x_wconf 82' lang='lat' dir='ltr'><strong>gratias</strong></span> <span class='ocrx_word' id='word_1_270' title='bbox 1046 2344 1330 2404; x_wconf 84' lang='lat' dir='ltr'><strong>debemus,</strong></span> <span class='ocrx_word' id='word_1_271' title='bbox 1368 2343 1581 2409; x_wconf 80' lang='lat' dir='ltr'><strong>Patres,</strong></span> <span class='ocrx_word' id='word_1_272' title='bbox 1637 2354 1691 2398; x_wconf 87' lang='lat' dir='ltr'><strong>et</strong></span> <span class='ocrx_word' id='word_1_273' title='bbox 1723 2343 1929 2413; x_wconf 84' lang='lat' dir='ltr'><strong>precari</strong></span> <span class='ocrx_word' id='word_1_274' title='bbox 1981 2357 2130 2408; x_wconf 92' lang='lat' dir='ltr'><strong>eum,</strong></span> 
     </span>
    </p>
   </div>
   <div class='ocr_carea' id='block_1_40' title="bbox 555 2433 2134 2502">
    <p class='ocr_par' dir='ltr' id='par_1_40' title="bbox 555 2433 2134 2502">
     <span class='ocr_line' id='line_1_41' title="bbox 555 2433 2134 2502; baseline 0.003 -17"><span class='ocrx_word' id='word_1_275' title='bbox 555 2443 667 2485; x_wconf 88' lang='lat' dir='ltr'><strong>tum</strong></span> <span class='ocrx_word' id='word_1_276' title='bbox 700 2448 797 2502; x_wconf 90' lang='lat' dir='ltr'><strong>pro</strong></span> <span class='ocrx_word' id='word_1_277' title='bbox 827 2433 1231 2487; x_wconf 77' lang='lat' dir='ltr'><strong>abundantiori</strong></span> <span class='ocrx_word' id='word_1_278' title='bbox 1256 2450 1411 2502; x_wconf 86' lang='lat' dir='ltr'><strong>pace,</strong></span> <span class='ocrx_word' id='word_1_279' title='bbox 1444 2443 1558 2487; x_wconf 90' lang='lat' dir='ltr'><strong>tum</strong></span> <span class='ocrx_word' id='word_1_280' title='bbox 1589 2450 1686 2501; x_wconf 89' lang='lat' dir='ltr'><strong>pro</strong></span> <span class='ocrx_word' id='word_1_281' title='bbox 1717 2436 2134 2489; x_wconf 73' lang='lat' dir='ltr'><strong>conﬁrmatione</strong></span> 
     </span>
    </p>
   </div>
   <div class='ocr_carea' id='block_1_41' title="bbox 556 2520 2137 2594">
    <p class='ocr_par' dir='ltr' id='par_1_41' title="bbox 556 2520 2137 2594">
     <span class='ocr_line' id='line_1_42' title="bbox 556 2520 2137 2594; baseline 0.006 -24"><span class='ocrx_word' id='word_1_282' title='bbox 556 2523 852 2574; x_wconf 79' lang='lat' dir='ltr'><strong>electorum</strong></span> <span class='ocrx_word' id='word_1_283' title='bbox 887 2536 915 2573; x_wconf 88' lang='lat' dir='ltr'><strong>a</strong></span> <span class='ocrx_word' id='word_1_284' title='bbox 960 2520 1069 2574; x_wconf 90' lang='lat' dir='ltr'><strong>Deo</strong></span> <span class='ocrx_word' id='word_1_285' title='bbox 1103 2522 1493 2590; x_wconf 89' lang='lat' dir='ltr'><strong>imperatorum</strong></span> <span class='ocrx_word' id='word_1_286' title='bbox 1527 2532 1865 2576; x_wconf 89' lang='lat' dir='ltr'><strong>nostrorum.</strong></span> <span class='ocrx_word' id='word_1_287' title='bbox 1902 2522 1999 2577; x_wconf 78' lang='lat' dir='ltr'><strong>llic</strong></span> <span class='ocrx_word' id='word_1_288' title='bbox 2035 2524 2137 2594; x_wconf 76' lang='lat' dir='ltr'><strong>igi-</strong></span> 
     </span>
    </p>
   </div>
   <div class='ocr_carea' id='block_1_42' title="bbox 559 2610 2137 2680">
    <p class='ocr_par' dir='ltr' id='par_1_42' title="bbox 559 2610 2137 2680">
     <span class='ocr_line' id='line_1_43' title="bbox 559 2610 2137 2680; baseline 0.004 -19"><span class='ocrx_word' id='word_1_289' title='bbox 559 2620 648 2663; x_wconf 88' lang='lat' dir='ltr'><strong>tur</strong></span> <span class='ocrx_word' id='word_1_290' title='bbox 678 2613 885 2680; x_wconf 89' lang='lat' dir='ltr'><strong>primus</strong></span> <span class='ocrx_word' id='word_1_291' title='bbox 914 2625 1096 2665; x_wconf 85' lang='lat' dir='ltr'><strong>sermo</strong></span> <span class='ocrx_word' id='word_1_292' title='bbox 1127 2620 1331 2665; x_wconf 82' lang='lat' dir='ltr'><strong>noster.</strong></span> <span class='ocrx_word' id='word_1_293' title='bbox 1395 2610 1705 2676; x_wconf 73' lang='lat' dir='ltr'><strong>Proximus,</strong></span> <span class='ocrx_word' id='word_1_294' title='bbox 1742 2623 1799 2666; x_wconf 89' lang='lat' dir='ltr'><strong>ut</strong></span> <span class='ocrx_word' id='word_1_295' title='bbox 1843 2624 1896 2667; x_wconf 90' lang='lat' dir='ltr'><strong>et</strong></span> <span class='ocrx_word' id='word_1_296' title='bbox 1952 2630 2053 2669; x_wconf 89' lang='lat' dir='ltr'><strong>nos</strong></span> <span class='ocrx_word' id='word_1_297' title='bbox 2082 2624 2137 2670; x_wconf 87' lang='lat' dir='ltr'><strong>et</strong></span> 
     </span>
    </p>
   </div>
   <div class='ocr_carea' id='block_1_43' title="bbox 561 2701 2137 2772">
    <p class='ocr_par' dir='ltr' id='par_1_43' title="bbox 561 2701 2137 2772">
     <span class='ocr_line' id='line_1_44' title="bbox 561 2701 2137 2772; baseline 0.003 -20"><span class='ocrx_word' id='word_1_298' title='bbox 561 2718 660 2756; x_wconf 89' lang='lat' dir='ltr'><strong>vos</strong></span> <span class='ocrx_word' id='word_1_299' title='bbox 714 2702 1105 2756; x_wconf 81' lang='lat' dir='ltr'><strong>relaxationetn</strong></span> <span class='ocrx_word' id='word_1_300' title='bbox 1149 2701 1307 2756; x_wconf 80' lang='lat' dir='ltr'><strong>istaut</strong></span> <span class='ocrx_word' id='word_1_301' title='bbox 1341 2702 1769 2772; x_wconf 70' lang='lat' dir='ltr'><strong>missionemquc</strong></span> <span class='ocrx_word' id='word_1_302' title='bbox 1799 2706 1864 2756; x_wconf 91' lang='lat' dir='ltr'><strong>ad</strong></span> <span class='ocrx_word' id='word_1_303' title='bbox 1914 2703 2137 2758; x_wconf 84' lang='lat' dir='ltr'><strong>virtutis</strong></span> 
     </span>
    </p>
   </div>
   <div class='ocr_carea' id='block_1_44' title="bbox 557 2791 2136 2862">
    <p class='ocr_par' dir='ltr' id='par_1_44' title="bbox 557 2791 2136 2862">
     <span class='ocr_line' id='line_1_45' title="bbox 557 2791 2136 2862; baseline 0.001 -18"><span class='ocrx_word' id='word_1_304' title='bbox 557 2793 885 2845; x_wconf 84' lang='lat' dir='ltr'><strong>solutionem</strong></span> <span class='ocrx_word' id='word_1_305' title='bbox 957 2791 1179 2845; x_wconf 89' lang='lat' dir='ltr'><strong>minime</strong></span> <span class='ocrx_word' id='word_1_306' title='bbox 1234 2792 1617 2861; x_wconf 81' lang='lat' dir='ltr'><strong>accipiamus;</strong></span> <span class='ocrx_word' id='word_1_307' title='bbox 1662 2792 1754 2846; x_wconf 87' lang='lat' dir='ltr'><strong>sed</strong></span> <span class='ocrx_word' id='word_1_308' title='bbox 1821 2792 2136 2862; x_wconf 87' lang='lat' dir='ltr'><strong>ubicunque</strong></span> 
     </span>
    </p>
   </div>
   <div class='ocr_carea' id='block_1_45' title="bbox 558 2878 2135 2948">
    <p class='ocr_par' dir='ltr' id='par_1_45' title="bbox 558 2878 2135 2948">
     <span class='ocr_line' id='line_1_46' title="bbox 558 2878 2135 2948; baseline 0.001 -16"><span class='ocrx_word' id='word_1_309' title='bbox 558 2879 759 2948; x_wconf 79' lang='lat' dir='ltr'><strong>singuli</strong></span> <span class='ocrx_word' id='word_1_310' title='bbox 824 2880 1036 2937; x_wconf 89' lang='lat' dir='ltr'><strong>simus.</strong></span> <span class='ocrx_word' id='word_1_311' title='bbox 1102 2878 1337 2947; x_wconf 90' lang='lat' dir='ltr'><strong>idipsum</strong></span> <span class='ocrx_word' id='word_1_312' title='bbox 1406 2881 1708 2933; x_wconf 88' lang='lat' dir='ltr'><strong>sentiamus</strong></span> <span class='ocrx_word' id='word_1_313' title='bbox 1751 2882 1817 2943; x_wconf 83' lang='lat'><strong>&quot;,</strong></span> <span class='ocrx_word' id='word_1_314' title='bbox 1888 2882 2135 2934; x_wconf 87' lang='lat' dir='ltr'><strong>eamdem</strong></span> 
     </span>
    </p>
   </div>
   <div class='ocr_carea' id='block_1_46' title="bbox 562 2970 2137 3039">
    <p class='ocr_par' dir='ltr' id='par_1_46' title="bbox 562 2970 2137 3039">
     <span class='ocr_line' id='line_1_47' title="bbox 562 2970 2137 3039; baseline 0.001 -15"><span class='ocrx_word' id='word_1_315' title='bbox 562 2987 811 3025; x_wconf 88' lang='lat' dir='ltr'><strong>normam</strong></span> <span class='ocrx_word' id='word_1_316' title='bbox 850 2980 1158 3033; x_wconf 87' lang='lat' dir='ltr'><strong>teneamus,</strong></span> <span class='ocrx_word' id='word_1_317' title='bbox 1194 2972 1246 3023; x_wconf 89' lang='lat' dir='ltr'><strong>in</strong></span> <span class='ocrx_word' id='word_1_318' title='bbox 1276 2970 1421 3023; x_wconf 80' lang='lat' dir='ltr'><strong>nullo</strong></span> <span class='ocrx_word' id='word_1_319' title='bbox 1452 2970 1636 3024; x_wconf 83' lang='lat' dir='ltr'><strong>dantes</strong></span> <span class='ocrx_word' id='word_1_320' title='bbox 1689 2972 2051 3039; x_wconf 70' lang='lat' dir='ltr'><strong>offensionem,</strong></span> <span class='ocrx_word' id='word_1_321' title='bbox 2080 2981 2137 3026; x_wconf 85' lang='lat' dir='ltr'><strong>ut</strong></span> 
     </span>
    </p>
   </div>
   <div class='ocr_carea' id='block_1_47' title="bbox 560 3061 2137 3131">
    <p class='ocr_par' dir='ltr' id='par_1_47' title="bbox 560 3061 2137 3131">
     <span class='ocr_line' id='line_1_48' title="bbox 560 3061 2137 3131; baseline 0 -16"><span class='ocrx_word' id='word_1_322' title='bbox 560 3079 664 3116; x_wconf 83' lang='lat' dir='ltr'><strong>non</strong></span> <span class='ocrx_word' id='word_1_323' title='bbox 694 3064 1018 3131; x_wconf 82' lang='lat' dir='ltr'><strong>vituperetur</strong></span> <span class='ocrx_word' id='word_1_324' title='bbox 1049 3062 1404 3115; x_wconf 76' lang='lat' dir='ltr'><strong>ministerium</strong></span> <span class='ocrx_word' id='word_1_325' title='bbox 1436 3079 1454 3115; x_wconf 91' lang='lat'><strong><em>:</em></strong></span> <span class='ocrx_word' id='word_1_326' title='bbox 1487 3062 1577 3116; x_wconf 83' lang='lat' dir='ltr'><strong>sed</strong></span> <span class='ocrx_word' id='word_1_327' title='bbox 1630 3066 1687 3114; x_wconf 89' lang='lat' dir='ltr'><strong>in</strong></span> <span class='ocrx_word' id='word_1_328' title='bbox 1717 3061 1956 3116; x_wconf 86' lang='lat' dir='ltr'><strong>omnibus</strong></span> <span class='ocrx_word' id='word_1_329' title='bbox 1984 3063 2137 3116; x_wconf 78' lang='lat' dir='ltr'><strong>exhi-</strong></span> 
     </span>
    </p>
   </div>
   <div class='ocr_carea' id='block_1_48' title="bbox 562 3155 2141 3223">
    <p class='ocr_par' dir='ltr' id='par_1_48' title="bbox 562 3155 2141 3223">
     <span class='ocr_line' id='line_1_49' title="bbox 562 3155 2141 3223; baseline 0.001 -16"><span class='ocrx_word' id='word_1_330' title='bbox 562 3160 776 3209; x_wconf 78' lang='lat' dir='ltr'><strong>lreamus</strong></span> <span class='ocrx_word' id='word_1_331' title='bbox 818 3157 1186 3221; x_wconf 78' lang='lat' dir='ltr'><strong>nosmetipsos,</strong></span> <span class='ocrx_word' id='word_1_332' title='bbox 1214 3164 1271 3207; x_wconf 92' lang='lat' dir='ltr'><strong>ut</strong></span> <span class='ocrx_word' id='word_1_333' title='bbox 1299 3156 1559 3223; x_wconf 90' lang='lat' dir='ltr'><strong>scriptum</strong></span> <span class='ocrx_word' id='word_1_334' title='bbox 1590 3162 1693 3219; x_wconf 89' lang='lat' dir='ltr'><strong>est,</strong></span> <span class='ocrx_word' id='word_1_335' title='bbox 1726 3155 1862 3207; x_wconf 83' lang='lat' dir='ltr'><strong>sicut</strong></span> <span class='ocrx_word' id='word_1_336' title='bbox 1915 3155 2008 3208; x_wconf 90' lang='lat' dir='ltr'><strong>Dei</strong></span> <span class='ocrx_word' id='word_1_337' title='bbox 2038 3156 2141 3208; x_wconf 87' lang='lat' dir='ltr'><strong>mi-</strong></span> 
     </span>
    </p>
   </div>
   <div class='ocr_carea' id='block_1_49' title="bbox 560 3246 2141 3316">
    <p class='ocr_par' dir='ltr' id='par_1_49' title="bbox 560 3246 2141 3316">
     <span class='ocr_line' id='line_1_50' title="bbox 560 3246 2141 3316; baseline -0.001 -17"><span class='ocrx_word' id='word_1_338' title='bbox 560 3247 777 3308; x_wconf 86' lang='lat' dir='ltr'><strong>nistros,</strong></span> <span class='ocrx_word' id='word_1_339' title='bbox 820 3247 875 3299; x_wconf 85' lang='lat' dir='ltr'><strong>in</strong></span> <span class='ocrx_word' id='word_1_340' title='bbox 920 3248 1201 3315; x_wconf 83' lang='lat' dir='ltr'><strong>patientia,</strong></span> <span class='ocrx_word' id='word_1_341' title='bbox 1252 3246 1307 3298; x_wconf 87' lang='lat' dir='ltr'><strong>in</strong></span> <span class='ocrx_word' id='word_1_342' title='bbox 1359 3246 1804 3312; x_wconf 83' lang='lat' dir='ltr'><strong>tribulationibus,</strong></span> <span class='ocrx_word' id='word_1_343' title='bbox 1870 3247 1926 3298; x_wconf 84' lang='lat' dir='ltr'><strong>in</strong></span> <span class='ocrx_word' id='word_1_344' title='bbox 1975 3263 2141 3316; x_wconf 88' lang='lat' dir='ltr'><strong>angu-</strong></span> 
     </span>
    </p>
   </div>
   <div class='ocr_carea' id='block_1_50' title="bbox 560 3338 2138 3407">
    <p class='ocr_par' dir='ltr' id='par_1_50' title="bbox 560 3338 2138 3407">
     <span class='ocr_line' id='line_1_51' title="bbox 560 3338 2138 3407; baseline 0.001 -16"><span class='ocrx_word' id='word_1_345' title='bbox 560 3339 678 3392; x_wconf 84' lang='lat' dir='ltr'><strong>stiis</strong></span> <span class='ocrx_word' id='word_1_346' title='bbox 701 3339 770 3403; x_wconf 79' lang='lat'><strong>&quot;;</strong></span> <span class='ocrx_word' id='word_1_347' title='bbox 803 3339 856 3391; x_wconf 92' lang='lat' dir='ltr'><strong>in</strong></span> <span class='ocrx_word' id='word_1_348' title='bbox 879 3338 1002 3393; x_wconf 90' lang='lat' dir='ltr'><strong>aliis</strong></span> <span class='ocrx_word' id='word_1_349' title='bbox 1032 3339 1232 3407; x_wconf 83' lang='lat' dir='ltr'><strong>quibus</strong></span> <span class='ocrx_word' id='word_1_350' title='bbox 1276 3338 1439 3406; x_wconf 82' lang='lat' dir='ltr'><strong>hujus</strong></span> <span class='ocrx_word' id='word_1_351' title='bbox 1482 3339 1742 3407; x_wconf 85' lang='lat' dir='ltr'><strong>temporis</strong></span> <span class='ocrx_word' id='word_1_352' title='bbox 1772 3339 1880 3391; x_wconf 87' lang='lat' dir='ltr'><strong>vita</strong></span> <span class='ocrx_word' id='word_1_353' title='bbox 1901 3339 2138 3392; x_wconf 76' lang='lat' dir='ltr'><strong>obnoxia</strong></span> 
     </span>
    </p>
   </div>
   <div class='ocr_carea' id='block_1_51' title="bbox 562 3422 2208 3500">
    <p class='ocr_par' dir='ltr' id='par_1_51' title="bbox 562 3422 2208 3500">
     <span class='ocr_line' id='line_1_52' title="bbox 562 3422 2208 3500; baseline -0.002 -18"><span class='ocrx_word' id='word_1_354' title='bbox 562 3438 663 3484; x_wconf 81' lang='lat' dir='ltr'><strong>est.</strong></span> <span class='ocrx_word' id='word_1_355' title='bbox 700 3429 774 3484; x_wconf 84' lang='lat' dir='ltr'><strong>Ita</strong></span> <span class='ocrx_word' id='word_1_356' title='bbox 810 3431 956 3484; x_wconf 85' lang='lat' dir='ltr'><strong>enim</strong></span> <span class='ocrx_word' id='word_1_357' title='bbox 1007 3440 1060 3483; x_wconf 90' lang='lat' dir='ltr'><strong>ct</strong></span> <span class='ocrx_word' id='word_1_358' title='bbox 1106 3445 1168 3484; x_wconf 89' lang='lat' dir='ltr'><strong>ea</strong></span> <span class='ocrx_word' id='word_1_359' title='bbox 1225 3445 1347 3500; x_wconf 68' lang='lat' dir='ltr'><strong>quae</strong></span> <span class='ocrx_word' id='word_1_360' title='bbox 1376 3428 1487 3497; x_wconf 87' lang='lat' dir='ltr'><strong>jam</strong></span> <span class='ocrx_word' id='word_1_361' title='bbox 1528 3440 1740 3498; x_wconf 87' lang='lat' dir='ltr'><strong>peracta</strong></span> <span class='ocrx_word' id='word_1_362' title='bbox 1770 3438 1899 3484; x_wconf 90' lang='lat' dir='ltr'><strong>sunt</strong></span> <span class='ocrx_word' id='word_1_363' title='bbox 1920 3429 2135 3484; x_wconf 81' lang='lat' dir='ltr'><strong>stabilia</strong></span> <span class='ocrx_word' id='word_1_364' title='bbox 2165 3422 2208 3479; x_wconf 92' lang='lat' dir='ltr'><strong>C</strong></span> 
     </span>
    </p>
   </div>
   <div class='ocr_carea' id='block_1_52' title="bbox 563 3509 2139 3586">
    <p class='ocr_par' dir='ltr' id='par_1_52' title="bbox 563 3509 2139 3586">
     <span class='ocr_line' id='line_1_53' title="bbox 563 3509 2139 3586; baseline 0 -12"><span class='ocrx_word' id='word_1_365' title='bbox 563 3520 1035 3576; x_wconf 75' lang='lat' dir='ltr'><strong>confirmabimus.</strong></span> <span class='ocrx_word' id='word_1_366' title='bbox 1065 3528 1119 3573; x_wconf 89' lang='lat' dir='ltr'><strong>et</strong></span> <span class='ocrx_word' id='word_1_367' title='bbox 1139 3534 1203 3572; x_wconf 91' lang='lat' dir='ltr'><strong>ea</strong></span> <span class='ocrx_word' id='word_1_368' title='bbox 1239 3534 1359 3586; x_wconf 64' lang='lat' dir='ltr'><strong>qua:</strong></span> <span class='ocrx_word' id='word_1_369' title='bbox 1410 3533 1554 3572; x_wconf 91' lang='lat' dir='ltr'><strong>nunc</strong></span> <span class='ocrx_word' id='word_1_370' title='bbox 1608 3521 1832 3581; x_wconf 85' lang='lat' dir='ltr'><strong>instant,</strong></span> <span class='ocrx_word' id='word_1_371' title='bbox 1892 3509 2139 3575; x_wconf 78' lang='lat' dir='ltr'><strong>faciliora</strong></span> 
     </span>
    </p>
   </div>
   <div class='ocr_carea' id='block_1_53' title="bbox 564 3609 2135 3679">
    <p class='ocr_par' dir='ltr' id='par_1_53' title="bbox 564 3609 2135 3679">
     <span class='ocr_line' id='line_1_54' title="bbox 564 3609 2135 3679; baseline 0.002 -15"><span class='ocrx_word' id='word_1_372' title='bbox 564 3611 873 3676; x_wconf 77' lang='lat' dir='ltr'><strong>reddemus,</strong></span> <span class='ocrx_word' id='word_1_373' title='bbox 891 3620 945 3664; x_wconf 91' lang='lat' dir='ltr'><strong>et</strong></span> <span class='ocrx_word' id='word_1_374' title='bbox 963 3609 1181 3675; x_wconf 88' lang='lat' dir='ltr'><strong>futuris,</strong></span> <span class='ocrx_word' id='word_1_375' title='bbox 1208 3621 1258 3662; x_wconf 86' lang='grc' dir='ltr'><strong>ιιι</strong></span> <span class='ocrx_word' id='word_1_376' title='bbox 1285 3610 1468 3679; x_wconf 88' lang='lat' dir='ltr'><strong>pietati</strong></span> <span class='ocrx_word' id='word_1_377' title='bbox 1487 3612 1743 3665; x_wconf 88' lang='lat' dir='ltr'><strong>convenit</strong></span> <span class='ocrx_word' id='word_1_378' title='bbox 1763 3627 2135 3668; x_wconf 84' lang='lat' dir='ltr'><strong>occurremus.</strong></span> 
     </span>
    </p>
   </div>
   <div class='ocr_carea' id='block_1_54' title="bbox 631 3701 2142 3769">
    <p class='ocr_par' dir='ltr' id='par_1_54' title="bbox 631 3701 2142 3769">
     <span class='ocr_line' id='line_1_55' title="bbox 631 3701 2142 3769; baseline 0.003 -14"><span class='ocrx_word' id='word_1_379' title='bbox 631 3701 743 3757; x_wconf 82' lang='lat' dir='ltr'><strong>Nos</strong></span> <span class='ocrx_word' id='word_1_380' title='bbox 800 3704 888 3757; x_wconf 88' lang='lat' dir='ltr'><strong>hic</strong></span> <span class='ocrx_word' id='word_1_381' title='bbox 940 3717 1132 3757; x_wconf 91' lang='lat' dir='ltr'><strong>sumus</strong></span> <span class='ocrx_word' id='word_1_382' title='bbox 1203 3702 1270 3756; x_wconf 87' lang='lat' dir='ltr'><strong>ad</strong></span> <span class='ocrx_word' id='word_1_383' title='bbox 1307 3704 1495 3755; x_wconf 87' lang='lat' dir='ltr'><strong>urbem</strong></span> <span class='ocrx_word' id='word_1_384' title='bbox 1554 3703 1880 3769; x_wconf 83' lang='lat' dir='ltr'><strong>habitantes,</strong></span> <span class='ocrx_word' id='word_1_385' title='bbox 1933 3705 2142 3761; x_wconf 81' lang='lat' dir='ltr'><strong>sciente</strong></span> 
     </span>
    </p>
   </div>
   <div class='ocr_carea' id='block_1_55' title="bbox 566 3795 2141 3865">
    <p class='ocr_par' dir='ltr' id='par_1_55' title="bbox 566 3795 2141 3865">
     <span class='ocr_line' id='line_1_56' title="bbox 566 3795 2141 3865; baseline 0.002 -18"><span class='ocrx_word' id='word_1_386' title='bbox 566 3795 895 3865; x_wconf 78' lang='lat' dir='ltr'><strong>imperatore</strong></span> <span class='ocrx_word' id='word_1_387' title='bbox 930 3795 1221 3849; x_wconf 86' lang='lat' dir='ltr'><strong>:videmus</strong></span> <span class='ocrx_word' id='word_1_388' title='bbox 1281 3795 1484 3863; x_wconf 91' lang='lat' dir='ltr'><strong>pariler</strong></span> <span class='ocrx_word' id='word_1_389' title='bbox 1546 3804 1599 3848; x_wconf 86' lang='lat' dir='ltr'><strong>et</strong></span> <span class='ocrx_word' id='word_1_390' title='bbox 1649 3796 1899 3850; x_wconf 88' lang='lat' dir='ltr'><strong>videntur</strong></span> <span class='ocrx_word' id='word_1_391' title='bbox 1945 3797 2015 3850; x_wconf 89' lang='lat' dir='ltr'><strong>ab</strong></span> <span class='ocrx_word' id='word_1_392' title='bbox 2044 3796 2141 3850; x_wconf 87' lang='lat' dir='ltr'><strong>ad-</strong></span> 
     </span>
    </p>
   </div>
   <div class='ocr_carea' id='block_1_56' title="bbox 561 3882 2142 3941">
    <p class='ocr_par' dir='ltr' id='par_1_56' title="bbox 561 3882 2142 3941">
     <span class='ocr_line' id='line_1_57' title="bbox 561 3882 2142 3941; baseline 0.002 -3"><span class='ocrx_word' id='word_1_393' title='bbox 561 3886 914 3940; x_wconf 86' lang='lat' dir='ltr'><strong>ventantibus</strong></span> <span class='ocrx_word' id='word_1_394' title='bbox 949 3883 1213 3938; x_wconf 80' lang='lat' dir='ltr'><strong>fratribus</strong></span> <span class='ocrx_word' id='word_1_395' title='bbox 1252 3895 1305 3937; x_wconf 91' lang='lat' dir='ltr'><strong>et</strong></span> <span class='ocrx_word' id='word_1_396' title='bbox 1335 3882 1587 3938; x_wconf 86' lang='lat' dir='ltr'><strong>Patribus</strong></span> <span class='ocrx_word' id='word_1_397' title='bbox 1620 3888 1819 3941; x_wconf 86' lang='lat' dir='ltr'><strong>nostris</strong></span> <span class='ocrx_word' id='word_1_398' title='bbox 1852 3896 1944 3941; x_wconf 87' lang='lat' dir='ltr'><strong>:et</strong></span> <span class='ocrx_word' id='word_1_399' title='bbox 1977 3886 2142 3941; x_wconf 86' lang='lat' dir='ltr'><strong>liber-</strong></span> 
     </span>
    </p>
   </div>
   <div class='ocr_carea' id='block_1_57' title="bbox 565 3972 2142 4045">
    <p class='ocr_par' dir='ltr' id='par_1_57' title="bbox 565 3972 2142 4045">
     <span class='ocr_line' id='line_1_58' title="bbox 565 3972 2142 4045; baseline 0.001 -14"><span class='ocrx_word' id='word_1_400' title='bbox 565 3986 651 4032; x_wconf 83' lang='lat' dir='ltr'><strong>tas</strong></span> <span class='ocrx_word' id='word_1_401' title='bbox 681 3976 748 4031; x_wconf 88' lang='lat' dir='ltr'><strong>ab</strong></span> <span class='ocrx_word' id='word_1_402' title='bbox 783 3977 872 4045; x_wconf 90' lang='lat' dir='ltr'><strong>pio</strong></span> <span class='ocrx_word' id='word_1_403' title='bbox 916 3976 1242 4044; x_wconf 80' lang='lat' dir='ltr'><strong>imperatore</strong></span> <span class='ocrx_word' id='word_1_404' title='bbox 1266 3975 1559 4028; x_wconf 89' lang='lat' dir='ltr'><strong>constituta</strong></span> <span class='ocrx_word' id='word_1_405' title='bbox 1598 3984 1701 4029; x_wconf 89' lang='lat' dir='ltr'><strong>est.</strong></span> <span class='ocrx_word' id='word_1_406' title='bbox 1731 3972 1801 4030; x_wconf 89' lang='lat' dir='ltr'><strong>De</strong></span> <span class='ocrx_word' id='word_1_407' title='bbox 1832 3975 2036 4044; x_wconf 87' lang='lat' dir='ltr'><strong>futuro,</strong></span> <span class='ocrx_word' id='word_1_408' title='bbox 2082 3986 2142 4032; x_wconf 88' lang='lat' dir='ltr'><strong>ut</strong></span> 
     </span>
    </p>
   </div>
   <div class='ocr_carea' id='block_1_58' title="bbox 562 4064 2141 4138">
    <p class='ocr_par' dir='ltr' id='par_1_58' title="bbox 562 4064 2141 4138">
     <span class='ocr_line' id='line_1_59' title="bbox 562 4064 2141 4138; baseline 0.002 -17"><span class='ocrx_word' id='word_1_409' title='bbox 562 4069 758 4138; x_wconf 76' lang='lat' dir='ltr'><strong>diriget</strong></span> <span class='ocrx_word' id='word_1_410' title='bbox 819 4068 1101 4127; x_wconf 87' lang='lat' dir='ltr'><strong>Dominus,</strong></span> <span class='ocrx_word' id='word_1_411' title='bbox 1142 4074 1196 4119; x_wconf 91' lang='lat' dir='ltr'><strong>et</strong></span> <span class='ocrx_word' id='word_1_412' title='bbox 1224 4064 1437 4135; x_wconf 85' lang='lat' dir='ltr'><strong>jubebit</strong></span> <span class='ocrx_word' id='word_1_413' title='bbox 1488 4064 1805 4133; x_wconf 85' lang='lat' dir='ltr'><strong>imperator,</strong></span> <span class='ocrx_word' id='word_1_414' title='bbox 1870 4067 1989 4121; x_wconf 86' lang='lat' dir='ltr'><strong>sive</strong></span> <span class='ocrx_word' id='word_1_415' title='bbox 2052 4068 2141 4124; x_wconf 85' lang='lat' dir='ltr'><strong>hic</strong></span> 
     </span>
    </p>
   </div>
   <div class='ocr_carea' id='block_1_59' title="bbox 566 4156 2140 4223">
    <p class='ocr_par' dir='ltr' id='par_1_59' title="bbox 566 4156 2140 4223">
     <span class='ocr_line' id='line_1_60' title="bbox 566 4156 2140 4223; baseline 0.001 -10"><span class='ocrx_word' id='word_1_416' title='bbox 566 4176 809 4219; x_wconf 87' lang='lat' dir='ltr'><strong>utanere.</strong></span> <span class='ocrx_word' id='word_1_417' title='bbox 843 4160 957 4212; x_wconf 86' lang='lat' dir='ltr'><strong>sive</strong></span> <span class='ocrx_word' id='word_1_418' title='bbox 990 4157 1098 4211; x_wconf 89' lang='lat' dir='ltr'><strong>alio</strong></span> <span class='ocrx_word' id='word_1_419' title='bbox 1127 4158 1401 4223; x_wconf 84' lang='lat' dir='ltr'><strong>secedere,</strong></span> <span class='ocrx_word' id='word_1_420' title='bbox 1440 4156 1539 4210; x_wconf 86' lang='lat' dir='ltr'><strong>iter</strong></span> <span class='ocrx_word' id='word_1_421' title='bbox 1570 4156 1854 4212; x_wconf 81' lang='lat' dir='ltr'><strong>faciemus.</strong></span> <span class='ocrx_word' id='word_1_422' title='bbox 1903 4159 2140 4214; x_wconf 88' lang='lat' dir='ltr'><strong>Tantum</strong></span> 
     </span>
    </p>
   </div>
   <div class='ocr_carea' id='block_1_60' title="bbox 566 4250 2144 4321">
    <p class='ocr_par' dir='ltr' id='par_1_60' title="bbox 566 4250 2144 4321">
     <span class='ocr_line' id='line_1_61' title="bbox 566 4250 2144 4321; baseline 0.001 -16"><span class='ocrx_word' id='word_1_423' title='bbox 566 4268 663 4308; x_wconf 93' lang='lat' dir='ltr'><strong>vos</strong></span> <span class='ocrx_word' id='word_1_424' title='bbox 693 4252 746 4306; x_wconf 91' lang='lat' dir='ltr'><strong>in</strong></span> <span class='ocrx_word' id='word_1_425' title='bbox 783 4267 921 4321; x_wconf 86' lang='lat' dir='ltr'><strong>opus</strong></span> <span class='ocrx_word' id='word_1_426' title='bbox 957 4260 1194 4304; x_wconf 80' lang='lat' dir='ltr'><strong>vestrum</strong></span> <span class='ocrx_word' id='word_1_427' title='bbox 1217 4250 1403 4303; x_wconf 88' lang='lat' dir='ltr'><strong>intenti</strong></span> <span class='ocrx_word' id='word_1_428' title='bbox 1437 4250 1692 4315; x_wconf 88' lang='lat' dir='ltr'><strong>insistite,</strong></span> <span class='ocrx_word' id='word_1_429' title='bbox 1715 4260 1769 4304; x_wconf 90' lang='lat' dir='ltr'><strong>et</strong></span> <span class='ocrx_word' id='word_1_430' title='bbox 1794 4267 1890 4321; x_wconf 88' lang='lat' dir='ltr'><strong>pro</strong></span> <span class='ocrx_word' id='word_1_431' title='bbox 1920 4252 2144 4307; x_wconf 88' lang='lat' dir='ltr'><strong>humili-</strong></span> 
     </span>
    </p>
   </div>
   <div class='ocr_carea' id='block_1_61' title="bbox 568 4343 2141 4412">
    <p class='ocr_par' dir='ltr' id='par_1_61' title="bbox 568 4343 2141 4412">
     <span class='ocr_line' id='line_1_62' title="bbox 568 4343 2141 4412; baseline -0.001 -12"><span class='ocrx_word' id='word_1_432' title='bbox 568 4356 679 4400; x_wconf 89' lang='lat' dir='ltr'><strong>tate</strong></span> <span class='ocrx_word' id='word_1_433' title='bbox 707 4356 892 4399; x_wconf 87' lang='lat' dir='ltr'><strong>nostra</strong></span> <span class='ocrx_word' id='word_1_434' title='bbox 946 4344 1166 4398; x_wconf 83' lang='lat' dir='ltr'><strong>assidue</strong></span> <span class='ocrx_word' id='word_1_435' title='bbox 1218 4343 1538 4412; x_wconf 87' lang='lat' dir='ltr'><strong>precamini,</strong></span> <span class='ocrx_word' id='word_1_436' title='bbox 1570 4352 1630 4396; x_wconf 90' lang='lat' dir='ltr'><strong>ut</strong></span> <span class='ocrx_word' id='word_1_437' title='bbox 1668 4344 1787 4397; x_wconf 87' lang='lat' dir='ltr'><strong>sine</strong></span> <span class='ocrx_word' id='word_1_438' title='bbox 1826 4343 2141 4399; x_wconf 67' lang='lat' dir='ltr'><strong>olionsione</strong></span> 
     </span>
    </p>
   </div>
   <div class='ocr_carea' id='block_1_62' title="bbox 566 4432 2142 4506">
    <p class='ocr_par' dir='ltr' id='par_1_62' title="bbox 566 4432 2142 4506">
     <span class='ocr_line' id='line_1_63' title="bbox 566 4432 2142 4506; baseline 0 -15"><span class='ocrx_word' id='word_1_439' title='bbox 566 4438 742 4491; x_wconf 89' lang='lat' dir='ltr'><strong>simus</strong></span> <span class='ocrx_word' id='word_1_440' title='bbox 772 4437 856 4491; x_wconf 89' lang='lat' dir='ltr'><strong>bis</strong></span> <span class='ocrx_word' id='word_1_441' title='bbox 878 4446 1041 4505; x_wconf 87' lang='lat' dir='ltr'><strong>atque</strong></span> <span class='ocrx_word' id='word_1_442' title='bbox 1078 4435 1184 4489; x_wconf 90' lang='lat' dir='ltr'><strong>illis</strong></span> <span class='ocrx_word' id='word_1_443' title='bbox 1214 4445 1267 4488; x_wconf 87' lang='lat' dir='ltr'><strong>et</strong></span> <span class='ocrx_word' id='word_1_444' title='bbox 1319 4434 1573 4489; x_wconf 67' lang='lat' dir='ltr'><strong>Ecclesiae</strong></span> <span class='ocrx_word' id='word_1_445' title='bbox 1609 4434 1725 4490; x_wconf 89' lang='lat' dir='ltr'><strong>Dei.</strong></span> <span class='ocrx_word' id='word_1_446' title='bbox 1765 4432 2015 4499; x_wconf 88' lang='lat' dir='ltr'><strong>Fratres,</strong></span> <span class='ocrx_word' id='word_1_447' title='bbox 2045 4436 2142 4506; x_wconf 90' lang='lat' dir='ltr'><strong>qui</strong></span> 
     </span>
    </p>
   </div>
   <div class='ocr_carea' id='block_1_63' title="bbox 567 4524 2146 4599">
    <p class='ocr_par' dir='ltr' id='par_1_63' title="bbox 567 4524 2146 4599">
     <span class='ocr_line' id='line_1_64' title="bbox 567 4524 2146 4599; baseline 0.002 -18"><span class='ocrx_word' id='word_1_448' title='bbox 567 4528 798 4582; x_wconf 81' lang='lat' dir='ltr'><strong>avulsia</strong></span> <span class='ocrx_word' id='word_1_449' title='bbox 839 4529 995 4581; x_wconf 89' lang='lat' dir='ltr'><strong>nobis</strong></span> <span class='ocrx_word' id='word_1_450' title='bbox 1051 4537 1253 4580; x_wconf 82' lang='lat' dir='ltr'><strong>temere</strong></span> <span class='ocrx_word' id='word_1_451' title='bbox 1299 4524 1517 4580; x_wconf 82' lang='lat' dir='ltr'><strong>fuerunt</strong></span> <span class='ocrx_word' id='word_1_452' title='bbox 1569 4526 1733 4581; x_wconf 90' lang='lat' dir='ltr'><strong>variis</strong></span> <span class='ocrx_word' id='word_1_453' title='bbox 1794 4527 1995 4592; x_wconf 88' lang='lat' dir='ltr'><strong>modis,</strong></span> <span class='ocrx_word' id='word_1_454' title='bbox 2048 4543 2146 4599; x_wconf 86' lang='lat' dir='ltr'><strong>per</strong></span> 
     </span>
    </p>
   </div>
   <div class='ocr_carea' id='block_1_64' title="bbox 569 4617 2144 4690">
    <p class='ocr_par' dir='ltr' id='par_1_64' title="bbox 569 4617 2144 4690">
     <span class='ocr_line' id='line_1_65' title="bbox 569 4617 2144 4690; baseline -0.001 -15"><span class='ocrx_word' id='word_1_455' title='bbox 569 4622 824 4675; x_wconf 84' lang='lat' dir='ltr'><strong>idoneum</strong></span> <span class='ocrx_word' id='word_1_456' title='bbox 870 4634 1177 4674; x_wconf 83' lang='lat' dir='ltr'><strong>sermonem</strong></span> <span class='ocrx_word' id='word_1_457' title='bbox 1220 4618 1381 4672; x_wconf 91' lang='lat' dir='ltr'><strong>nobis</strong></span> <span class='ocrx_word' id='word_1_458' title='bbox 1436 4617 1579 4671; x_wconf 89' lang='lat' dir='ltr'><strong>uniri</strong></span> <span class='ocrx_word' id='word_1_459' title='bbox 1624 4618 1832 4687; x_wconf 89' lang='lat' dir='ltr'><strong>optimo</strong></span> <span class='ocrx_word' id='word_1_460' title='bbox 1860 4618 1970 4674; x_wconf 90' lang='lat' dir='ltr'><strong>Deo</strong></span> <span class='ocrx_word' id='word_1_461' title='bbox 2026 4619 2144 4690; x_wconf 84' lang='lat' dir='ltr'><strong>pla-</strong></span> 
     </span>
    </p>
   </div>
   <div class='ocr_carea' id='block_1_65' title="bbox 568 4710 2139 4781">
    <p class='ocr_par' dir='ltr' id='par_1_65' title="bbox 568 4710 2139 4781">
     <span class='ocr_line' id='line_1_66' title="bbox 568 4710 2139 4781; baseline -0.001 -13"><span class='ocrx_word' id='word_1_462' title='bbox 568 4715 702 4767; x_wconf 90' lang='lat' dir='ltr'><strong>cuit.</strong></span> <span class='ocrx_word' id='word_1_463' title='bbox 755 4710 822 4765; x_wconf 86' lang='lat' dir='ltr'><strong>Et</strong></span> <span class='ocrx_word' id='word_1_464' title='bbox 851 4711 1019 4781; x_wconf 78' lang='lat' dir='ltr'><strong>gavisi</strong></span> <span class='ocrx_word' id='word_1_465' title='bbox 1079 4725 1270 4765; x_wconf 82' lang='lat' dir='ltr'><strong>stuuus</strong></span> <span class='ocrx_word' id='word_1_466' title='bbox 1294 4710 1499 4781; x_wconf 79' lang='lat' dir='ltr'><strong>indigni</strong></span> <span class='ocrx_word' id='word_1_467' title='bbox 1532 4711 1731 4780; x_wconf 77' lang='lat' dir='ltr'><strong>gaudio</strong></span> <span class='ocrx_word' id='word_1_468' title='bbox 1762 4726 1981 4781; x_wconf 76' lang='lat' dir='ltr'><strong>magno,</strong></span> <span class='ocrx_word' id='word_1_469' title='bbox 2011 4713 2139 4780; x_wconf 86' lang='lat' dir='ltr'><strong>quia</strong></span> 
     </span>
    </p>
   </div>
   <div class='ocr_carea' id='block_1_66' title="bbox 568 4802 2146 4875">
    <p class='ocr_par' dir='ltr' id='par_1_66' title="bbox 568 4802 2146 4875">
     <span class='ocr_line' id='line_1_67' title="bbox 568 4802 2146 4875; baseline 0.001 -17"><span class='ocrx_word' id='word_1_470' title='bbox 568 4820 691 4875; x_wconf 68' lang='lat' dir='ltr'><strong>qua!</strong></span> <span class='ocrx_word' id='word_1_471' title='bbox 740 4819 845 4857; x_wconf 92' lang='lat' dir='ltr'><strong>non</strong></span> <span class='ocrx_word' id='word_1_472' title='bbox 903 4805 1280 4871; x_wconf 86' lang='lat' dir='ltr'><strong>sperabamus,</strong></span> <span class='ocrx_word' id='word_1_473' title='bbox 1330 4802 1563 4855; x_wconf 84' lang='lat' dir='ltr'><strong>vidimus</strong></span> <span class='ocrx_word' id='word_1_474' title='bbox 1615 4803 1787 4857; x_wconf 89' lang='lat' dir='ltr'><strong>oculis</strong></span> <span class='ocrx_word' id='word_1_475' title='bbox 1842 4804 2068 4867; x_wconf 79' lang='lat' dir='ltr'><strong>nostris,</strong></span> <span class='ocrx_word' id='word_1_476' title='bbox 2092 4814 2146 4860; x_wconf 86' lang='lat' dir='ltr'><strong>et</strong></span> 
     </span>
    </p>
   </div>
   <div class='ocr_carea' id='block_1_67' title="bbox 569 4894 2143 4960">
    <p class='ocr_par' dir='ltr' id='par_1_67' title="bbox 569 4894 2143 4960">
     <span class='ocr_line' id='line_1_68' title="bbox 569 4894 2143 4960; baseline 0.001 -9"><span class='ocrx_word' id='word_1_477' title='bbox 569 4897 879 4951; x_wconf 83' lang='lat' dir='ltr'><strong>cicatricem</strong></span> <span class='ocrx_word' id='word_1_478' title='bbox 922 4895 1267 4949; x_wconf 77' lang='lat' dir='ltr'><strong>abduxerunt</strong></span> <span class='ocrx_word' id='word_1_479' title='bbox 1312 4894 1483 4949; x_wconf 85' lang='lat' dir='ltr'><strong>divisa</strong></span> <span class='ocrx_word' id='word_1_480' title='bbox 1537 4896 1801 4960; x_wconf 86' lang='lat' dir='ltr'><strong>membra,</strong></span> <span class='ocrx_word' id='word_1_481' title='bbox 1840 4906 1894 4950; x_wconf 90' lang='lat' dir='ltr'><strong>et</strong></span> <span class='ocrx_word' id='word_1_482' title='bbox 1945 4896 2143 4952; x_wconf 90' lang='lat' dir='ltr'><strong>festum</strong></span> 
     </span>
    </p>
   </div>
   <div class='ocr_carea' id='block_1_68' title="bbox 574 4988 2146 5057">
    <p class='ocr_par' dir='ltr' id='par_1_68' title="bbox 574 4988 2146 5057">
     <span class='ocr_line' id='line_1_69' title="bbox 574 4988 2146 5057; baseline 0.003 -17"><span class='ocrx_word' id='word_1_483' title='bbox 574 4989 801 5043; x_wconf 79' lang='lat' dir='ltr'><strong>nomino</strong></span> <span class='ocrx_word' id='word_1_484' title='bbox 826 4988 1039 5053; x_wconf 77' lang='lat' dir='ltr'><strong>agimus</strong></span> <span class='ocrx_word' id='word_1_485' title='bbox 1074 4988 1126 5041; x_wconf 90' lang='lat' dir='ltr'><strong>in</strong></span> <span class='ocrx_word' id='word_1_486' title='bbox 1164 4988 1592 5057; x_wconf 86' lang='lat' dir='ltr'><strong>uniuscujusque</strong></span> <span class='ocrx_word' id='word_1_487' title='bbox 1622 5002 1914 5055; x_wconf 89' lang='lat' dir='ltr'><strong>concursu,</strong></span> <span class='ocrx_word' id='word_1_488' title='bbox 1942 4997 1996 5042; x_wconf 88' lang='lat' dir='ltr'><strong>et</strong></span> <span class='ocrx_word' id='word_1_489' title='bbox 2011 5004 2146 5044; x_wconf 89' lang='lat' dir='ltr'><strong>con-</strong></span> 
     </span>
    </p>
   </div>
   <div class='ocr_carea' id='block_1_69' title="bbox 570 5080 2143 5151">
    <p class='ocr_par' dir='ltr' id='par_1_69' title="bbox 570 5080 2143 5151">
     <span class='ocr_line' id='line_1_70' title="bbox 570 5080 2143 5151; baseline 0.001 -15"><span class='ocrx_word' id='word_1_490' title='bbox 570 5083 789 5136; x_wconf 83' lang='lat' dir='ltr'><strong>ﬁtemur</strong></span> <span class='ocrx_word' id='word_1_491' title='bbox 827 5080 1057 5134; x_wconf 86' lang='lat' dir='ltr'><strong>Domino</strong></span> <span class='ocrx_word' id='word_1_492' title='bbox 1086 5092 1137 5134; x_wconf 89' lang='lat' dir='ltr'><strong>et</strong></span> <span class='ocrx_word' id='word_1_493' title='bbox 1166 5082 1370 5151; x_wconf 77' lang='lat' dir='ltr'><strong>gratias</strong></span> <span class='ocrx_word' id='word_1_494' title='bbox 1423 5082 1636 5150; x_wconf 78' lang='lat' dir='ltr'><strong>agimus</strong></span> <span class='ocrx_word' id='word_1_495' title='bbox 1676 5081 2096 5151; x_wconf 84' lang='lat' dir='ltr'><strong>imperatoribus</strong></span> <span class='ocrx_word' id='word_1_496' title='bbox 2125 5098 2143 5147; x_wconf 87' lang='lat'><strong>;</strong></span> 
     </span>
    </p>
   </div>
   <div class='ocr_carea' id='block_1_70' title="bbox 569 5174 2147 5245">
    <p class='ocr_par' dir='ltr' id='par_1_70' title="bbox 569 5174 2147 5245">
     <span class='ocr_line' id='line_1_71' title="bbox 569 5174 2147 5245; baseline 0.002 -18"><span class='ocrx_word' id='word_1_497' title='bbox 569 5176 829 5244; x_wconf 87' lang='lat' dir='ltr'><strong>quoniam</strong></span> <span class='ocrx_word' id='word_1_498' title='bbox 871 5174 917 5228; x_wconf 89' lang='lat' dir='ltr'><strong>si</strong></span> <span class='ocrx_word' id='word_1_499' title='bbox 950 5174 1094 5227; x_wconf 87' lang='lat' dir='ltr'><strong>aliud</strong></span> <span class='ocrx_word' id='word_1_500' title='bbox 1149 5174 1303 5239; x_wconf 80' lang='lat' dir='ltr'><strong>nihil,</strong></span> <span class='ocrx_word' id='word_1_501' title='bbox 1343 5174 1498 5229; x_wconf 88' lang='lat' dir='ltr'><strong>nobis</strong></span> <span class='ocrx_word' id='word_1_502' title='bbox 1552 5184 1700 5229; x_wconf 90' lang='lat' dir='ltr'><strong>certe</strong></span> <span class='ocrx_word' id='word_1_503' title='bbox 1761 5191 2014 5245; x_wconf 78' lang='lat' dir='ltr'><strong>magnum</strong></span> <span class='ocrx_word' id='word_1_504' title='bbox 2061 5185 2147 5231; x_wconf 90' lang='lat' dir='ltr'><strong>est</strong></span> 
     </span>
    </p>
   </div>
   <div class='ocr_carea' id='block_1_71' title="bbox 572 5263 2144 5338">
    <p class='ocr_par' dir='ltr' id='par_1_71' title="bbox 572 5263 2144 5338">
     <span class='ocr_line' id='line_1_72' title="bbox 572 5263 2144 5338; baseline 0.002 -20"><span class='ocrx_word' id='word_1_505' title='bbox 572 5264 943 5319; x_wconf 84' lang='lat' dir='ltr'><strong>beneﬁcium:</strong></span> <span class='ocrx_word' id='word_1_506' title='bbox 980 5263 1173 5318; x_wconf 89' lang='lat' dir='ltr'><strong>deinde</strong></span> <span class='ocrx_word' id='word_1_507' title='bbox 1225 5267 1352 5335; x_wconf 85' lang='lat' dir='ltr'><strong>quia</strong></span> <span class='ocrx_word' id='word_1_508' title='bbox 1413 5265 1569 5320; x_wconf 89' lang='lat' dir='ltr'><strong>nobis</strong></span> <span class='ocrx_word' id='word_1_509' title='bbox 1624 5267 1739 5321; x_wconf 66' lang='lat' dir='ltr'><strong>haec</strong></span> <span class='ocrx_word' id='word_1_510' title='bbox 1802 5282 2144 5338; x_wconf 84' lang='lat' dir='ltr'><strong>nequaquam</strong></span> 
     </span>
    </p>
   </div>
   <div class='ocr_carea' id='block_1_72' title="bbox 569 5358 2148 5429">
    <p class='ocr_par' dir='ltr' id='par_1_72' title="bbox 569 5358 2148 5429">
     <span class='ocr_line' id='line_1_73' title="bbox 569 5358 2148 5429; baseline 0.001 -15"><span class='ocrx_word' id='word_1_511' title='bbox 569 5361 645 5414; x_wconf 86' lang='lat' dir='ltr'><strong>ita</strong></span> <span class='ocrx_word' id='word_1_512' title='bbox 683 5369 806 5429; x_wconf 86' lang='lat' dir='ltr'><strong>apte</strong></span> <span class='ocrx_word' id='word_1_513' title='bbox 836 5358 1188 5422; x_wconf 82' lang='lat' dir='ltr'><strong>cecidissent,</strong></span> <span class='ocrx_word' id='word_1_514' title='bbox 1226 5359 1327 5414; x_wconf 91' lang='lat' dir='ltr'><strong>nisi</strong></span> <span class='ocrx_word' id='word_1_515' title='bbox 1379 5374 1410 5413; x_wconf 90' lang='lat' dir='ltr'><strong>e</strong></span> <span class='ocrx_word' id='word_1_516' title='bbox 1440 5361 1755 5415; x_wconf 84' lang='lat' dir='ltr'><strong>carceribus</strong></span> <span class='ocrx_word' id='word_1_517' title='bbox 1805 5359 1879 5414; x_wconf 89' lang='lat' dir='ltr'><strong>ita</strong></span> <span class='ocrx_word' id='word_1_518' title='bbox 1931 5360 2148 5416; x_wconf 90' lang='lat' dir='ltr'><strong>dimissi</strong></span> 
     </span>
    </p>
   </div>
   <div class='ocr_carea' id='block_1_73' title="bbox 573 5451 2145 5520">
    <p class='ocr_par' dir='ltr' id='par_1_73' title="bbox 573 5451 2145 5520">
     <span class='ocr_line' id='line_1_74' title="bbox 573 5451 2145 5520; baseline 0.003 -15"><span class='ocrx_word' id='word_1_519' title='bbox 573 5451 889 5520; x_wconf 79' lang='lat' dir='ltr'><strong>fuissemus,</strong></span> <span class='ocrx_word' id='word_1_520' title='bbox 912 5463 965 5507; x_wconf 91' lang='lat' dir='ltr'><strong>et</strong></span> <span class='ocrx_word' id='word_1_521' title='bbox 983 5453 1037 5507; x_wconf 90' lang='lat' dir='ltr'><strong>in</strong></span> <span class='ocrx_word' id='word_1_522' title='bbox 1069 5454 1161 5507; x_wconf 90' lang='lat' dir='ltr'><strong>tali</strong></span> <span class='ocrx_word' id='word_1_523' title='bbox 1194 5453 1313 5507; x_wconf 93' lang='lat' dir='ltr'><strong>loco</strong></span> <span class='ocrx_word' id='word_1_524' title='bbox 1343 5453 1803 5509; x_wconf 87' lang='lat' dir='ltr'><strong>consedissemus.</strong></span> <span class='ocrx_word' id='word_1_525' title='bbox 1825 5451 2022 5508; x_wconf 86' lang='lat' dir='ltr'><strong>Omnia</strong></span> <span class='ocrx_word' id='word_1_526' title='bbox 2044 5468 2145 5510; x_wconf 85' lang='lat' dir='ltr'><strong>no-</strong></span> 
     </span>
    </p>
   </div>
   <div class='ocr_carea' id='block_1_74' title="bbox 574 5545 2140 5614">
    <p class='ocr_par' dir='ltr' id='par_1_74' title="bbox 574 5545 2140 5614">
     <span class='ocr_line' id='line_1_75' title="bbox 574 5545 2140 5614; baseline 0.004 -15"><span class='ocrx_word' id='word_1_527' title='bbox 574 5545 659 5599; x_wconf 90' lang='lat' dir='ltr'><strong>bis</strong></span> <span class='ocrx_word' id='word_1_528' title='bbox 687 5545 823 5601; x_wconf 83' lang='lat' dir='ltr'><strong>belle</strong></span> <span class='ocrx_word' id='word_1_529' title='bbox 872 5557 1193 5614; x_wconf 88' lang='lat' dir='ltr'><strong>evenerunt,</strong></span> <span class='ocrx_word' id='word_1_530' title='bbox 1229 5556 1294 5599; x_wconf 88' lang='lat' dir='ltr'><strong>et.</strong></span> <span class='ocrx_word' id='word_1_531' title='bbox 1311 5545 1581 5609; x_wconf 89' lang='lat' dir='ltr'><strong>evenient,</strong></span> <span class='ocrx_word' id='word_1_532' title='bbox 1608 5555 1695 5601; x_wconf 90' lang='lat' dir='ltr'><strong>sat</strong></span> <span class='ocrx_word' id='word_1_533' title='bbox 1750 5545 1890 5613; x_wconf 87' lang='lat' dir='ltr'><strong>scio,</strong></span> <span class='ocrx_word' id='word_1_534' title='bbox 1928 5547 2140 5606; x_wconf 79' lang='lat' dir='ltr'><strong>sanctis</strong></span> 
     </span>
    </p>
   </div>
   <div class='ocr_carea' id='block_1_75' title="bbox 642 5658 1589 5728">
    <p class='ocr_par' dir='ltr' id='par_1_75' title="bbox 642 5658 1589 5728">
     <span class='ocr_line' id='line_1_76' title="bbox 642 5658 1589 5728; baseline 0.002 -19"><span class='ocrx_word' id='word_1_535' title='bbox 642 5660 690 5689; x_wconf 80' lang='grc'>⁹¹</span> <span class='ocrx_word' id='word_1_536' title='bbox 726 5658 957 5728; x_wconf 84' lang='lat' dir='ltr'><strong>Philipp.</strong></span> <span class='ocrx_word' id='word_1_537' title='bbox 984 5675 1044 5723; x_wconf 89' lang='lat' dir='ltr'><strong>ll,</strong></span> <span class='ocrx_word' id='word_1_538' title='bbox 1206 5659 1249 5689; x_wconf 64' lang='grc'><strong>⁵⁵⁷</strong></span> <span class='ocrx_word' id='word_1_539' title='bbox 1286 5661 1322 5712; x_wconf 83' lang='grc' dir='ltr'>ιι</span> <span class='ocrx_word' id='word_1_540' title='bbox 1356 5659 1483 5713; x_wconf 84' lang='lat' dir='ltr'><strong>Cor.</strong></span> <span class='ocrx_word' id='word_1_541' title='bbox 1516 5675 1589 5720; x_wconf 73' lang='lat' dir='ltr'><strong>Vl,</strong></span> 
     </span>
    </p>
   </div>
   <div class='ocr_carea' id='block_1_76' title="bbox 647 5750 1089 5805">
    <p class='ocr_par' dir='ltr' id='par_1_76' title="bbox 647 5750 1089 5805">
     <span class='ocr_line' id='line_1_77' title="bbox 647 5750 1089 5805; baseline 0.002 -4"><span class='ocrx_word' id='word_1_542' title='bbox 647 5753 708 5801; x_wconf 55' lang='lat' dir='ltr'><strong>l&#39;i</strong></span> <span class='ocrx_word' id='word_1_543' title='bbox 733 5750 1089 5805; x_wconf 77' lang='lat' dir='ltr'><strong>Catecbclica.</strong></span> 
     </span>
    </p>
   </div>
   <div class='ocr_carea' id='block_1_77' title="bbox 1623 5660 1675 5714">
    <p class='ocr_par' dir='ltr' id='par_1_77' title="bbox 1623 5660 1675 5714">
     <span class='ocr_line' id='line_1_78' title="bbox 1623 5660 1675 5714; baseline 0 0"><span class='ocrx_word' id='word_1_544' title='bbox 1623 5660 1675 5714; x_wconf 80' lang='grc'>5.</span> 
     </span>
    </p>
   </div>
   <div class='ocr_carea' id='block_1_78' title="bbox 2235 2173 3834 2247">
    <p class='ocr_par' dir='ltr' id='par_1_78' title="bbox 2235 2173 3834 2247">
     <span class='ocr_line' id='line_1_79' title="bbox 2235 2173 3834 2247; baseline 0.005 -25"><span class='ocrx_word' id='word_1_545' title='bbox 2235 2173 2458 2242; x_wconf 75' lang='grc' dir='ltr'><strong>εἰρήνης</strong></span> <span class='ocrx_word' id='word_1_546' title='bbox 2516 2174 2661 2227; x_wconf 85' lang='grc' dir='ltr'><strong>κατά</strong></span> <span class='ocrx_word' id='word_1_547' title='bbox 2706 2176 2890 2227; x_wconf 83' lang='grc' dir='ltr'>πᾶσαν</span> <span class='ocrx_word' id='word_1_548' title='bbox 2945 2176 3100 2229; x_wconf 82' lang='grc' dir='ltr'>πόλιν</span> <span class='ocrx_word' id='word_1_549' title='bbox 3154 2176 3248 2229; x_wconf 72' lang='grc' dir='ltr'>καὶ</span> <span class='ocrx_word' id='word_1_550' title='bbox 3305 2176 3512 2247; x_wconf 86' lang='grc' dir='ltr'>χώραν.</span> <span class='ocrx_word' id='word_1_551' title='bbox 3565 2180 3694 2247; x_wconf 70' lang='grc' dir='ltr'><strong>Ἐφ’</strong></span> <span class='ocrx_word' id='word_1_552' title='bbox 3749 2176 3834 2243; x_wconf 70' lang='grc' dir='ltr'>οἷς</span> 
     </span>
    </p>
   </div>
   <div class='ocr_carea' id='block_1_79' title="bbox 2235 2260 3834 2340">
    <p class='ocr_par' dir='ltr' id='par_1_79' title="bbox 2235 2260 3834 2340">
     <span class='ocr_line' id='line_1_80' title="bbox 2235 2260 3834 2340; baseline 0.005 -24"><span class='ocrx_word' id='word_1_553' title='bbox 2235 2265 2515 2334; x_wconf 82' lang='grc' dir='ltr'>ὀφειλέται</span> <span class='ocrx_word' id='word_1_554' title='bbox 2566 2265 2754 2336; x_wconf 84' lang='grc' dir='ltr'>ἐσμὲν,</span> <span class='ocrx_word' id='word_1_555' title='bbox 2802 2260 2848 2319; x_wconf 79' lang='grc' dir='ltr'><strong>ὦ</strong></span> <span class='ocrx_word' id='word_1_556' title='bbox 2907 2268 3172 2339; x_wconf 85' lang='grc' dir='ltr'>Πατέρες,</span> <span class='ocrx_word' id='word_1_557' title='bbox 3233 2269 3595 2339; x_wconf 79' lang='grc' dir='ltr'>εὐχαριστίας</span> <span class='ocrx_word' id='word_1_558' title='bbox 3647 2289 3834 2340; x_wconf 81' lang='grc' dir='ltr'>προσ-</span> 
     </span>
    </p>
   </div>
   <div class='ocr_carea' id='block_1_80' title="bbox 2236 2356 3833 2434">
    <p class='ocr_par' dir='ltr' id='par_1_80' title="bbox 2236 2356 3833 2434">
     <span class='ocr_line' id='line_1_81' title="bbox 2236 2356 3833 2434; baseline 0.004 -24"><span class='ocrx_word' id='word_1_559' title='bbox 2236 2357 2392 2425; x_wconf 82' lang='grc' dir='ltr'>άγειν</span> <span class='ocrx_word' id='word_1_560' title='bbox 2421 2356 2630 2433; x_wconf 83' lang='grc' dir='ltr'>Κυρίῳ,</span> <span class='ocrx_word' id='word_1_561' title='bbox 2667 2358 2765 2412; x_wconf 77' lang='grc' dir='ltr'>καὶ</span> <span class='ocrx_word' id='word_1_562' title='bbox 2797 2361 3097 2429; x_wconf 75' lang='grc' dir='ltr'>πρεσὸείας</span> <span class='ocrx_word' id='word_1_563' title='bbox 3130 2360 3269 2431; x_wconf 81' lang='grc' dir='ltr'>ὐπέρ</span> <span class='ocrx_word' id='word_1_564' title='bbox 3307 2377 3366 2414; x_wconf 84' lang='grc' dir='ltr'><strong>τε</strong></span> <span class='ocrx_word' id='word_1_565' title='bbox 3401 2362 3833 2434; x_wconf 78' lang='grc' dir='ltr'>πλουσιωτέρας</span> 
     </span>
    </p>
   </div>
   <div class='ocr_carea' id='block_1_81' title="bbox 2236 2450 3830 2525">
    <p class='ocr_par' dir='ltr' id='par_1_81' title="bbox 2236 2450 3830 2525">
     <span class='ocr_line' id='line_1_82' title="bbox 2236 2450 3830 2525; baseline 0.003 -23"><span class='ocrx_word' id='word_1_566' title='bbox 2236 2450 2480 2519; x_wconf 75' lang='grc' dir='ltr'>εἰρήνης,</span> <span class='ocrx_word' id='word_1_567' title='bbox 2565 2450 2661 2502; x_wconf 76' lang='grc' dir='ltr'>καὶ</span> <span class='ocrx_word' id='word_1_568' title='bbox 2739 2450 3142 2522; x_wconf 79' lang='grc' dir='ltr'>ὲπιστηρίξεως</span> <span class='ocrx_word' id='word_1_569' title='bbox 3205 2451 3315 2505; x_wconf 84' lang='grc' dir='ltr'>τῶν</span> <span class='ocrx_word' id='word_1_570' title='bbox 3390 2451 3830 2525; x_wconf 78' lang='grc' dir='ltr'>θεοπροόλήτων</span> 
     </span>
    </p>
   </div>
   <div class='ocr_carea' id='block_1_82' title="bbox 2236 2534 3831 2612">
    <p class='ocr_par' dir='ltr' id='par_1_82' title="bbox 2236 2534 3831 2612">
     <span class='ocr_line' id='line_1_83' title="bbox 2236 2534 3831 2612; baseline 0.004 -21"><span class='ocrx_word' id='word_1_571' title='bbox 2236 2539 2395 2611; x_wconf 78' lang='grc' dir='ltr'>ἡμῶν</span> <span class='ocrx_word' id='word_1_572' title='bbox 2430 2538 2715 2609; x_wconf 73' lang='grc' dir='ltr'>βασιλέων.</span> <span class='ocrx_word' id='word_1_573' title='bbox 2756 2534 2926 2603; x_wconf 80' lang='grc' dir='ltr'>Οὑτος</span> <span class='ocrx_word' id='word_1_574' title='bbox 2954 2538 3047 2595; x_wconf 84' lang='grc' dir='ltr'>οὖν</span> <span class='ocrx_word' id='word_1_575' title='bbox 3088 2544 3117 2594; x_wconf 90' lang='lat'><strong>6</strong></span> <span class='ocrx_word' id='word_1_576' title='bbox 3147 2542 3363 2612; x_wconf 85' lang='grc' dir='ltr'>πρῶτος</span> <span class='ocrx_word' id='word_1_577' title='bbox 3394 2542 3579 2611; x_wconf 79' lang='grc' dir='ltr'>λόγος.</span> <span class='ocrx_word' id='word_1_578' title='bbox 3622 2546 3831 2598; x_wconf 76' lang='grc' dir='ltr'>Δεύτε-</span> 
     </span>
    </p>
   </div>
   <div class='ocr_carea' id='block_1_83' title="bbox 2239 2632 3830 2708">
    <p class='ocr_par' dir='ltr' id='par_1_83' title="bbox 2239 2632 3830 2708">
     <span class='ocr_line' id='line_1_84' title="bbox 2239 2632 3830 2708; baseline 0.004 -24"><span class='ocrx_word' id='word_1_579' title='bbox 2239 2649 2331 2704; x_wconf 89' lang='grc' dir='ltr'>ρον</span> <span class='ocrx_word' id='word_1_580' title='bbox 2364 2632 2439 2697; x_wconf 84' lang='grc' dir='ltr'>δὲ,</span> <span class='ocrx_word' id='word_1_581' title='bbox 2474 2632 2560 2685; x_wconf 77' lang='grc' dir='ltr'><strong>ἵνα</strong></span> <span class='ocrx_word' id='word_1_582' title='bbox 2592 2634 2688 2687; x_wconf 77' lang='grc' dir='ltr'><strong>καὶ</strong></span> <span class='ocrx_word' id='word_1_583' title='bbox 2717 2634 2876 2704; x_wconf 78' lang='grc' dir='ltr'>ἡμεῖς</span> <span class='ocrx_word' id='word_1_584' title='bbox 2912 2635 3006 2687; x_wconf 77' lang='grc' dir='ltr'>καὶ</span> <span class='ocrx_word' id='word_1_585' title='bbox 3040 2637 3198 2703; x_wconf 81' lang='grc' dir='ltr'>ὑμεῖς</span> <span class='ocrx_word' id='word_1_586' title='bbox 3236 2637 3310 2708; x_wconf 79' lang='grc' dir='ltr'>μὴ</span> <span class='ocrx_word' id='word_1_587' title='bbox 3357 2637 3458 2706; x_wconf 73' lang='grc' dir='ltr'><strong>τὴν</strong></span> <span class='ocrx_word' id='word_1_588' title='bbox 3494 2638 3700 2704; x_wconf 82' lang='grc' dir='ltr'>ἄφεσιν</span> <span class='ocrx_word' id='word_1_589' title='bbox 3746 2640 3830 2703; x_wconf 84' lang='grc' dir='ltr'><strong>είς</strong></span> 
     </span>
    </p>
   </div>
   <div class='ocr_carea' id='block_1_84' title="bbox 2238 2724 3915 2800">
    <p class='ocr_par' dir='ltr' id='par_1_84' title="bbox 2238 2724 3915 2800">
     <span class='ocr_line' id='line_1_85' title="bbox 2238 2724 3915 2800; baseline 0.001 -23"><span class='ocrx_word' id='word_1_590' title='bbox 2238 2724 2482 2778; x_wconf 83' lang='grc' dir='ltr'>διάλυσιν</span> <span class='ocrx_word' id='word_1_591' title='bbox 2551 2726 2755 2797; x_wconf 86' lang='grc' dir='ltr'>ἀρετῆς</span> <span class='ocrx_word' id='word_1_592' title='bbox 2802 2726 3125 2797; x_wconf 81' lang='grc' dir='ltr'>δεξοίμεθα·</span> <span class='ocrx_word' id='word_1_593' title='bbox 3180 2727 3297 2782; x_wconf 78' lang='grc' dir='ltr'>ἀλλ’</span> <span class='ocrx_word' id='word_1_594' title='bbox 3342 2729 3589 2800; x_wconf 83' lang='grc' dir='ltr'>ὅπουπερ</span> <span class='ocrx_word' id='word_1_595' title='bbox 3657 2732 3830 2800; x_wconf 80' lang='grc' dir='ltr'>ἐσμὲν</span> <span class='ocrx_word' id='word_1_596' title='bbox 3908 2773 3915 2778; x_wconf 87' lang='grc'><strong>.</strong></span> 
     </span>
    </p>
   </div>
   <div class='ocr_carea' id='block_1_85' title="bbox 2238 2814 3825 2890">
    <p class='ocr_par' dir='ltr' id='par_1_85' title="bbox 2238 2814 3825 2890">
     <span class='ocr_line' id='line_1_86' title="bbox 2238 2814 3825 2890; baseline 0.005 -24"><span class='ocrx_word' id='word_1_597' title='bbox 2238 2814 2469 2877; x_wconf 78' lang='grc' dir='ltr'>ἕκαστος</span> <span class='ocrx_word' id='word_1_598' title='bbox 2499 2817 2558 2869; x_wconf 82' lang='grc' dir='ltr'>τὸ</span> <span class='ocrx_word' id='word_1_599' title='bbox 2594 2817 2725 2870; x_wconf 81' lang='grc' dir='ltr'>αὐτὸ</span> <span class='ocrx_word' id='word_1_600' title='bbox 2756 2820 2996 2887; x_wconf 83' lang='grc' dir='ltr'>φρονεῖν,</span> <span class='ocrx_word' id='word_1_601' title='bbox 3033 2818 3110 2888; x_wconf 81' lang='grc' dir='ltr'>τῷ</span> <span class='ocrx_word' id='word_1_602' title='bbox 3155 2819 3306 2890; x_wconf 84' lang='grc' dir='ltr'>αὐτῷ</span> <span class='ocrx_word' id='word_1_603' title='bbox 3334 2822 3572 2889; x_wconf 79' lang='grc' dir='ltr'>στοιχεῖν</span> <span class='ocrx_word' id='word_1_604' title='bbox 3606 2822 3825 2886; x_wconf 81' lang='grc' dir='ltr'>κανόνι,</span> 
     </span>
    </p>
   </div>
   <div class='ocr_carea' id='block_1_86' title="bbox 2237 2908 3829 2983">
    <p class='ocr_par' dir='ltr' id='par_1_86' title="bbox 2237 2908 3829 2983">
     <span class='ocr_line' id='line_1_87' title="bbox 2237 2908 3829 2983; baseline 0.004 -21"><span class='ocrx_word' id='word_1_605' title='bbox 2237 2908 2309 2962; x_wconf 79' lang='grc' dir='ltr'><strong>ἐν</strong></span> <span class='ocrx_word' id='word_1_606' title='bbox 2328 2908 2545 2978; x_wconf 76' lang='grc' dir='ltr'>μηδενὶ</span> <span class='ocrx_word' id='word_1_607' title='bbox 2574 2909 2845 2977; x_wconf 80' lang='grc' dir='ltr'>διδόντες</span> <span class='ocrx_word' id='word_1_608' title='bbox 2883 2913 3243 2981; x_wconf 74' lang='grc' dir='ltr'><strong>προσκοπήν</strong></span> <span class='ocrx_word' id='word_1_609' title='bbox 3266 2930 3279 2943; x_wconf 90' lang='grc'><strong>·</strong></span> <span class='ocrx_word' id='word_1_610' title='bbox 3305 2915 3406 2966; x_wconf 76' lang='grc' dir='ltr'><strong>ἵνα</strong></span> <span class='ocrx_word' id='word_1_611' title='bbox 3450 2914 3538 2982; x_wconf 75' lang='grc' dir='ltr'>μὴ</span> <span class='ocrx_word' id='word_1_612' title='bbox 3564 2914 3829 2983; x_wconf 80' lang='grc' dir='ltr'>μωμηθῇ</span> 
     </span>
    </p>
   </div>
   <div class='ocr_carea' id='block_1_87' title="bbox 2241 2998 3823 3071">
    <p class='ocr_par' dir='ltr' id='par_1_87' title="bbox 2241 2998 3823 3071">
     <span class='ocr_line' id='line_1_88' title="bbox 2241 2998 3823 3071; baseline 0.006 -22"><span class='ocrx_word' id='word_1_613' title='bbox 2241 2999 2280 3067; x_wconf 79' lang='grc' dir='ltr'>ἡ</span> <span class='ocrx_word' id='word_1_614' title='bbox 2305 2998 2613 3053; x_wconf 70' lang='grc' dir='ltr'>διακονία*</span> <span class='ocrx_word' id='word_1_615' title='bbox 2645 3000 2781 3055; x_wconf 76' lang='grc' dir='ltr'><strong>ἀλλ’</strong></span> <span class='ocrx_word' id='word_1_616' title='bbox 2808 3001 2878 3054; x_wconf 84' lang='grc' dir='ltr'><strong>ἐν</strong></span> <span class='ocrx_word' id='word_1_617' title='bbox 2912 3002 3093 3055; x_wconf 77' lang='grc' dir='ltr'>παντὶ</span> <span class='ocrx_word' id='word_1_618' title='bbox 3129 3002 3516 3071; x_wconf 79' lang='grc' dir='ltr'>συνιστῶμεν</span> <span class='ocrx_word' id='word_1_619' title='bbox 3536 3005 3823 3069; x_wconf 76' lang='grc' dir='ltr'>ἑαυτοὺς,</span> 
     </span>
    </p>
   </div>
   <div class='ocr_carea' id='block_1_88' title="bbox 2240 3089 3814 3163">
    <p class='ocr_par' dir='ltr' id='par_1_88' title="bbox 2240 3089 3814 3163">
     <span class='ocr_line' id='line_1_89' title="bbox 2240 3089 3814 3163; baseline 0.005 -22"><span class='ocrx_word' id='word_1_620' title='bbox 2240 3089 2381 3143; x_wconf 71' lang='grc' dir='ltr'>καθὰ</span> <span class='ocrx_word' id='word_1_621' title='bbox 2410 3091 2745 3160; x_wconf 76' lang='grc' dir='ltr'>γέγραπται,</span> <span class='ocrx_word' id='word_1_622' title='bbox 2779 3092 2860 3158; x_wconf 85' lang='grc' dir='ltr'><strong>ὡς</strong></span> <span class='ocrx_word' id='word_1_623' title='bbox 2886 3092 3031 3147; x_wconf 82' lang='grc' dir='ltr'>Θεοῦ</span> <span class='ocrx_word' id='word_1_624' title='bbox 3062 3092 3351 3159; x_wconf 76' lang='grc' dir='ltr'>διάκονοι,</span> <span class='ocrx_word' id='word_1_625' title='bbox 3403 3095 3471 3147; x_wconf 77' lang='grc' dir='ltr'><strong>ὲν</strong></span> <span class='ocrx_word' id='word_1_626' title='bbox 3500 3095 3814 3163; x_wconf 71' lang='grc' dir='ltr'>ὑπομονῇ,</span> 
     </span>
    </p>
   </div>
   <div class='ocr_carea' id='block_1_89' title="bbox 2239 3182 3827 3257">
    <p class='ocr_par' dir='ltr' id='par_1_89' title="bbox 2239 3182 3827 3257">
     <span class='ocr_line' id='line_1_90' title="bbox 2239 3182 3827 3257; baseline 0.004 -22"><span class='ocrx_word' id='word_1_627' title='bbox 2239 3182 2309 3235; x_wconf 80' lang='grc' dir='ltr'><strong>ἐν</strong></span> <span class='ocrx_word' id='word_1_628' title='bbox 2329 3184 2636 3251; x_wconf 70' lang='grc' dir='ltr'>θλίψεσιν,</span> <span class='ocrx_word' id='word_1_629' title='bbox 2664 3185 2732 3237; x_wconf 82' lang='grc' dir='ltr'><strong>ἐν</strong></span> <span class='ocrx_word' id='word_1_630' title='bbox 2760 3187 3206 3254; x_wconf 81' lang='grc' dir='ltr'>στενοχωρίαις,</span> <span class='ocrx_word' id='word_1_631' title='bbox 3240 3189 3295 3238; x_wconf 85' lang='grc' dir='ltr'><strong>ἐν</strong></span> <span class='ocrx_word' id='word_1_632' title='bbox 3322 3187 3502 3250; x_wconf 82' lang='grc' dir='ltr'>ἄλλοις</span> <span class='ocrx_word' id='word_1_633' title='bbox 3544 3183 3629 3252; x_wconf 81' lang='grc' dir='ltr'>οἷς</span> <span class='ocrx_word' id='word_1_634' title='bbox 3653 3192 3682 3241; x_wconf 86' lang='lat'><strong>6</strong></span> <span class='ocrx_word' id='word_1_635' title='bbox 3710 3189 3827 3257; x_wconf 75' lang='grc' dir='ltr'>βίος</span> 
     </span>
    </p>
   </div>
   <div class='ocr_carea' id='block_1_90' title="bbox 2239 3272 3824 3348">
    <p class='ocr_par' dir='ltr' id='par_1_90' title="bbox 2239 3272 3824 3348">
     <span class='ocr_line' id='line_1_91' title="bbox 2239 3272 3824 3348; baseline 0.004 -24"><span class='ocrx_word' id='word_1_636' title='bbox 2239 3272 2350 3325; x_wconf 87' lang='grc' dir='ltr'>τῶν</span> <span class='ocrx_word' id='word_1_637' title='bbox 2380 3274 2670 3343; x_wconf 70' lang='grc' dir='ltr'>παρουσῶν</span> <span class='ocrx_word' id='word_1_638' title='bbox 2718 3274 2947 3345; x_wconf 81' lang='grc' dir='ltr'>ἡμερῶν</span> <span class='ocrx_word' id='word_1_639' title='bbox 2990 3276 3311 3328; x_wconf 79' lang='grc' dir='ltr'>ὑποπίπτει.</span> <span class='ocrx_word' id='word_1_640' title='bbox 3363 3275 3523 3329; x_wconf 75' lang='grc' dir='ltr'><strong>Οὕτω</strong></span> <span class='ocrx_word' id='word_1_641' title='bbox 3579 3278 3695 3348; x_wconf 78' lang='grc' dir='ltr'>γὰρ</span> <span class='ocrx_word' id='word_1_642' title='bbox 3724 3282 3824 3330; x_wconf 72' lang='grc' dir='ltr'>καὶ</span> 
     </span>
    </p>
   </div>
   <div class='ocr_carea' id='block_1_91' title="bbox 2239 3364 3824 3440">
    <p class='ocr_par' dir='ltr' id='par_1_91' title="bbox 2239 3364 3824 3440">
     <span class='ocr_line' id='line_1_92' title="bbox 2239 3364 3824 3440; baseline 0.004 -23"><span class='ocrx_word' id='word_1_643' title='bbox 2239 3364 2307 3417; x_wconf 79' lang='grc' dir='ltr'><strong>τὰ</strong></span> <span class='ocrx_word' id='word_1_644' title='bbox 2339 3367 2725 3436; x_wconf 82' lang='grc' dir='ltr'>προηνυσμένα</span> <span class='ocrx_word' id='word_1_645' title='bbox 2770 3366 3136 3435; x_wconf 77' lang='grc' dir='ltr'>φυλάττοιμεν</span> <span class='ocrx_word' id='word_1_646' title='bbox 3193 3368 3555 3440; x_wconf 85' lang='grc' dir='ltr'>ἀναφαίρετα,</span> <span class='ocrx_word' id='word_1_647' title='bbox 3614 3372 3707 3423; x_wconf 78' lang='grc' dir='ltr'>καὶ</span> <span class='ocrx_word' id='word_1_648' title='bbox 3754 3373 3824 3424; x_wconf 80' lang='grc' dir='ltr'><strong>τά</strong></span> 
     </span>
    </p>
   </div>
   <div class='ocr_carea' id='block_1_92' title="bbox 2242 3455 3823 3531">
    <p class='ocr_par' dir='ltr' id='par_1_92' title="bbox 2242 3455 3823 3531">
     <span class='ocr_line' id='line_1_93' title="bbox 2242 3455 3823 3531; baseline 0.005 -24"><span class='ocrx_word' id='word_1_649' title='bbox 2242 3455 2346 3526; x_wconf 70' lang='grc' dir='ltr'>ἤδη</span> <span class='ocrx_word' id='word_1_650' title='bbox 2408 3457 2824 3526; x_wconf 81' lang='grc' dir='ltr'>προσπίπτοντα</span> <span class='ocrx_word' id='word_1_651' title='bbox 2878 3458 3300 3529; x_wconf 74' lang='grc' dir='ltr'>εὐμαρίζοιμεν,</span> <span class='ocrx_word' id='word_1_652' title='bbox 3334 3462 3430 3513; x_wconf 74' lang='grc' dir='ltr'>καὶ</span> <span class='ocrx_word' id='word_1_653' title='bbox 3449 3463 3518 3514; x_wconf 83' lang='grc' dir='ltr'><strong>τά</strong></span> <span class='ocrx_word' id='word_1_654' title='bbox 3559 3462 3823 3531; x_wconf 77' lang='grc' dir='ltr'>μέλλοντα</span> 
     </span>
    </p>
   </div>
   <div class='ocr_carea' id='block_1_93' title="bbox 2242 3546 3019 3621">
    <p class='ocr_par' dir='ltr' id='par_1_93' title="bbox 2242 3546 3019 3621">
     <span class='ocr_line' id='line_1_94' title="bbox 2242 3546 3019 3621; baseline 0.005 -21"><span class='ocrx_word' id='word_1_655' title='bbox 2242 3546 2564 3618; x_wconf 84' lang='grc' dir='ltr'>θεοπρεπῶς</span> <span class='ocrx_word' id='word_1_656' title='bbox 2594 3549 2803 3620; x_wconf 81' lang='grc' dir='ltr'>ὑπαντή</span> <span class='ocrx_word' id='word_1_657' title='bbox 2813 3567 3019 3621; x_wconf 83' lang='grc' dir='ltr'>σοιμεν.</span> 
     </span>
    </p>
   </div>
   <div class='ocr_carea' id='block_1_94' title="bbox 2311 3689 3817 3772">
    <p class='ocr_par' dir='ltr' id='par_1_94' title="bbox 2311 3689 3817 3772">
     <span class='ocr_line' id='line_1_95' title="bbox 2311 3689 3817 3772; baseline 0.005 -24"><span class='ocrx_word' id='word_1_658' title='bbox 2311 3689 2439 3750; x_wconf 78' lang='grc' dir='ltr'>Ὧδε</span> <span class='ocrx_word' id='word_1_659' title='bbox 2468 3697 2634 3767; x_wconf 77' lang='grc' dir='ltr'>ἐσμὲν</span> <span class='ocrx_word' id='word_1_660' title='bbox 2666 3699 2771 3770; x_wconf 73' lang='grc' dir='ltr'><strong>πρὸ</strong></span> <span class='ocrx_word' id='word_1_661' title='bbox 2807 3698 2902 3751; x_wconf 82' lang='grc' dir='ltr'><strong>τοῦ</strong></span> <span class='ocrx_word' id='word_1_662' title='bbox 2938 3698 3147 3762; x_wconf 79' lang='grc' dir='ltr'>ἄστεως</span> <span class='ocrx_word' id='word_1_663' title='bbox 3179 3702 3579 3769; x_wconf 80' lang='grc' dir='ltr'>παροικοῦντες</span> <span class='ocrx_word' id='word_1_664' title='bbox 3610 3703 3817 3772; x_wconf 78' lang='grc' dir='ltr'>είδήσει</span> 
     </span>
    </p>
   </div>
   <div class='ocr_carea' id='block_1_95' title="bbox 2242 3786 3819 3862">
    <p class='ocr_par' dir='ltr' id='par_1_95' title="bbox 2242 3786 3819 3862">
     <span class='ocr_line' id='line_1_96' title="bbox 2242 3786 3819 3862; baseline 0.004 -23"><span class='ocrx_word' id='word_1_665' title='bbox 2242 3786 2346 3857; x_wconf 79' lang='grc' dir='ltr'>τῆς</span> <span class='ocrx_word' id='word_1_666' title='bbox 2404 3787 2709 3857; x_wconf 74' lang='grc' dir='ltr'>βασιλείας,</span> <span class='ocrx_word' id='word_1_667' title='bbox 2759 3790 3000 3860; x_wconf 81' lang='grc' dir='ltr'>ὁρῶντες</span> <span class='ocrx_word' id='word_1_668' title='bbox 3056 3791 3150 3844; x_wconf 72' lang='grc' dir='ltr'>καὶ</span> <span class='ocrx_word' id='word_1_669' title='bbox 3204 3793 3474 3862; x_wconf 80' lang='grc' dir='ltr'>ὁρώμενοι</span> <span class='ocrx_word' id='word_1_670' title='bbox 3540 3794 3647 3846; x_wconf 84' lang='grc' dir='ltr'>ὑπὸ</span> <span class='ocrx_word' id='word_1_671' title='bbox 3713 3797 3819 3847; x_wconf 81' lang='grc' dir='ltr'>τῶν</span> 
     </span>
    </p>
   </div>
   <div class='ocr_carea' id='block_1_96' title="bbox 2247 3879 3812 3957">
    <p class='ocr_par' dir='ltr' id='par_1_96' title="bbox 2247 3879 3812 3957">
     <span class='ocr_line' id='line_1_97' title="bbox 2247 3879 3812 3957; baseline 0.004 -26"><span class='ocrx_word' id='word_1_672' title='bbox 2247 3879 2566 3949; x_wconf 81' lang='grc' dir='ltr'>φοιτώντων</span> <span class='ocrx_word' id='word_1_673' title='bbox 2621 3882 2871 3952; x_wconf 83' lang='grc' dir='ltr'>ἀδελφῶν</span> <span class='ocrx_word' id='word_1_674' title='bbox 2946 3884 3042 3935; x_wconf 79' lang='grc' dir='ltr'>καὶ</span> <span class='ocrx_word' id='word_1_675' title='bbox 3108 3884 3367 3953; x_wconf 81' lang='grc' dir='ltr'>Πατέρων</span> <span class='ocrx_word' id='word_1_676' title='bbox 3420 3884 3609 3954; x_wconf 75' lang='grc' dir='ltr'>ἡμῶν·</span> <span class='ocrx_word' id='word_1_677' title='bbox 3646 3888 3737 3940; x_wconf 75' lang='grc' dir='ltr'>καὶ</span> <span class='ocrx_word' id='word_1_678' title='bbox 3782 3891 3812 3957; x_wconf 84' lang='grc' dir='ltr'><strong>ή</strong></span> 
     </span>
    </p>
   </div>
   <div class='ocr_carea' id='block_1_97' title="bbox 2244 3972 3811 4048">
    <p class='ocr_par' dir='ltr' id='par_1_97' title="bbox 2244 3972 3811 4048">
     <span class='ocr_line' id='line_1_98' title="bbox 2244 3972 3811 4048; baseline 0.004 -24"><span class='ocrx_word' id='word_1_679' title='bbox 2244 3972 2533 4043; x_wconf 76' lang='grc' dir='ltr'>ἐλευθερία</span> <span class='ocrx_word' id='word_1_680' title='bbox 2563 3975 2701 4043; x_wconf 83' lang='grc' dir='ltr'>πρὸς</span> <span class='ocrx_word' id='word_1_681' title='bbox 2733 3973 2829 4028; x_wconf 82' lang='grc' dir='ltr'>τοῦ</span> <span class='ocrx_word' id='word_1_682' title='bbox 2854 3974 3063 4043; x_wconf 76' lang='grc' dir='ltr'>ἀγαθοῦ</span> <span class='ocrx_word' id='word_1_683' title='bbox 3090 3974 3356 4044; x_wconf 78' lang='grc' dir='ltr'>βασιλέως</span> <span class='ocrx_word' id='word_1_684' title='bbox 3385 3978 3811 4048; x_wconf 72' lang='grc' dir='ltr'>ὲπιτεταγμένη.</span> 
     </span>
    </p>
   </div>
   <div class='ocr_carea' id='block_1_98' title="bbox 2244 4064 3816 4143">
    <p class='ocr_par' dir='ltr' id='par_1_98' title="bbox 2244 4064 3816 4143">
     <span class='ocr_line' id='line_1_99' title="bbox 2244 4064 3816 4143; baseline 0.004 -26"><span class='ocrx_word' id='word_1_685' title='bbox 2244 4064 2392 4135; x_wconf 68' lang='grc' dir='ltr'>Πρὸς</span> <span class='ocrx_word' id='word_1_686' title='bbox 2447 4066 2509 4119; x_wconf 81' lang='grc' dir='ltr'><strong>τὺ</strong></span> <span class='ocrx_word' id='word_1_687' title='bbox 2564 4064 2693 4135; x_wconf 74' lang='grc' dir='ltr'><strong>ἑξῆς</strong></span> <span class='ocrx_word' id='word_1_688' title='bbox 2722 4066 2798 4129; x_wconf 86' lang='grc' dir='ltr'><strong>ώς</strong></span> <span class='ocrx_word' id='word_1_689' title='bbox 2842 4067 2909 4120; x_wconf 80' lang='grc' dir='ltr'><strong>ἂν</strong></span> <span class='ocrx_word' id='word_1_690' title='bbox 2942 4066 3118 4119; x_wconf 77' lang='grc' dir='ltr'>εὐοδοῖ</span> <span class='ocrx_word' id='word_1_691' title='bbox 3156 4067 3361 4139; x_wconf 81' lang='grc' dir='ltr'>Κύριος</span> <span class='ocrx_word' id='word_1_692' title='bbox 3384 4084 3397 4100; x_wconf 90' lang='grc'><strong>·</strong></span> <span class='ocrx_word' id='word_1_693' title='bbox 3527 4070 3723 4143; x_wconf 80' lang='grc' dir='ltr'>κελεύῃ</span> <span class='ocrx_word' id='word_1_694' title='bbox 3760 4076 3816 4124; x_wconf 73' lang='grc' dir='ltr'>τὸ</span> 
     </span>
    </p>
   </div>
   <div class='ocr_carea' id='block_1_99' title="bbox 2244 4157 3811 4231">
    <p class='ocr_par' dir='ltr' id='par_1_99' title="bbox 2244 4157 3811 4231">
     <span class='ocr_line' id='line_1_100' title="bbox 2244 4157 3811 4231; baseline 0.004 -22"><span class='ocrx_word' id='word_1_695' title='bbox 2244 4157 2445 4228; x_wconf 85' lang='grc' dir='ltr'>κράτος</span> <span class='ocrx_word' id='word_1_696' title='bbox 2493 4158 2777 4229; x_wconf 79' lang='grc' dir='ltr'>ἐπιμένειν</span> <span class='ocrx_word' id='word_1_697' title='bbox 2825 4158 3083 4223; x_wconf 79' lang='grc' dir='ltr'>ἐνταῦθα,</span> <span class='ocrx_word' id='word_1_698' title='bbox 3132 4158 3405 4231; x_wconf 82' lang='grc' dir='ltr'>ἢάλλαχῆ</span> <span class='ocrx_word' id='word_1_699' title='bbox 3456 4164 3811 4231; x_wconf 84' lang='grc' dir='ltr'>μεταπίπτειν</span> 
     </span>
    </p>
   </div>
   <div class='ocr_carea' id='block_1_100' title="bbox 2242 4248 3808 4321">
    <p class='ocr_par' dir='ltr' id='par_1_100' title="bbox 2242 4248 3808 4321">
     <span class='ocr_line' id='line_1_101' title="bbox 2242 4248 3808 4321; baseline 0.002 -20"><span class='ocrx_word' id='word_1_700' title='bbox 2242 4264 2303 4301; x_wconf 81' lang='grc' dir='ltr'><strong>τε</strong></span> <span class='ocrx_word' id='word_1_701' title='bbox 2339 4248 2433 4301; x_wconf 79' lang='grc' dir='ltr'>καὶ</span> <span class='ocrx_word' id='word_1_702' title='bbox 2474 4249 2801 4320; x_wconf 81' lang='grc' dir='ltr'>ὑποχωρεῖν,</span> <span class='ocrx_word' id='word_1_703' title='bbox 2850 4250 2995 4304; x_wconf 82' lang='grc' dir='ltr'>οὑτω</span> <span class='ocrx_word' id='word_1_704' title='bbox 3051 4251 3145 4303; x_wconf 76' lang='grc' dir='ltr'>καὶ</span> <span class='ocrx_word' id='word_1_705' title='bbox 3179 4252 3607 4321; x_wconf 77' lang='grc' dir='ltr'>ὲνεχθησόμεθα.</span> <span class='ocrx_word' id='word_1_706' title='bbox 3647 4255 3808 4307; x_wconf 70' lang='grc' dir='ltr'>Μόνον</span> 
     </span>
    </p>
   </div>
   <div class='ocr_carea' id='block_1_101' title="bbox 2244 4341 3809 4418">
    <p class='ocr_par' dir='ltr' id='par_1_101' title="bbox 2244 4341 3809 4418">
     <span class='ocr_line' id='line_1_102' title="bbox 2244 4341 3809 4418; baseline 0.004 -26"><span class='ocrx_word' id='word_1_707' title='bbox 2244 4341 2400 4394; x_wconf 74' lang='grc' dir='ltr'>αὐτοὶ</span> <span class='ocrx_word' id='word_1_708' title='bbox 2419 4341 2511 4395; x_wconf 82' lang='grc' dir='ltr'>τοῦ</span> <span class='ocrx_word' id='word_1_709' title='bbox 2531 4345 2694 4413; x_wconf 72' lang='grc' dir='ltr'>ἔργου</span> <span class='ocrx_word' id='word_1_710' title='bbox 2721 4344 2750 4396; x_wconf 87' lang='grc' dir='ltr'><strong>ὑ</strong></span> <span class='ocrx_word' id='word_1_711' title='bbox 2759 4342 2875 4414; x_wconf 84' lang='grc' dir='ltr'>μῶν</span> <span class='ocrx_word' id='word_1_712' title='bbox 2896 4344 3170 4413; x_wconf 75' lang='grc' dir='ltr'>ἐχόμενοι,</span> <span class='ocrx_word' id='word_1_713' title='bbox 3192 4343 3377 4413; x_wconf 75' lang='grc' dir='ltr'>ἔχεσθε</span> <span class='ocrx_word' id='word_1_714' title='bbox 3398 4347 3497 4399; x_wconf 83' lang='grc' dir='ltr'>καὶ</span> <span class='ocrx_word' id='word_1_715' title='bbox 3522 4346 3619 4398; x_wconf 79' lang='grc' dir='ltr'>τοῦ</span> <span class='ocrx_word' id='word_1_716' title='bbox 3651 4363 3809 4418; x_wconf 82' lang='grc' dir='ltr'>προσ-</span> 
     </span>
    </p>
   </div>
   <div class='ocr_carea' id='block_1_102' title="bbox 2245 4432 3806 4507">
    <p class='ocr_par' dir='ltr' id='par_1_102' title="bbox 2245 4432 3806 4507">
     <span class='ocr_line' id='line_1_103' title="bbox 2245 4432 3806 4507; baseline 0.003 -21"><span class='ocrx_word' id='word_1_717' title='bbox 2245 4432 2502 4503; x_wconf 86' lang='grc' dir='ltr'>εύχεσθαι</span> <span class='ocrx_word' id='word_1_718' title='bbox 2563 4436 2693 4505; x_wconf 84' lang='grc' dir='ltr'>περὶ</span> <span class='ocrx_word' id='word_1_719' title='bbox 2755 4437 2854 4506; x_wconf 81' lang='grc' dir='ltr'>τῆς</span> <span class='ocrx_word' id='word_1_720' title='bbox 2912 4434 3296 4500; x_wconf 85' lang='grc' dir='ltr'>ταπεινώσεως</span> <span class='ocrx_word' id='word_1_721' title='bbox 3362 4437 3556 4507; x_wconf 58' lang='grc' dir='ltr'>ἡμῶν</span> <span class='ocrx_word' id='word_1_722' title='bbox 3620 4439 3693 4502; x_wconf 81' lang='grc' dir='ltr'>ὡς</span> <span class='ocrx_word' id='word_1_723' title='bbox 3749 4440 3806 4491; x_wconf 72' lang='grc' dir='ltr'><strong>ἂν</strong></span> 
     </span>
    </p>
   </div>
   <div class='ocr_carea' id='block_1_103' title="bbox 2245 4519 3807 4599">
    <p class='ocr_par' dir='ltr' id='par_1_103' title="bbox 2245 4519 3807 4599">
     <span class='ocr_line' id='line_1_104' title="bbox 2245 4519 3807 4599; baseline 0.003 -22"><span class='ocrx_word' id='word_1_724' title='bbox 2245 4524 2588 4595; x_wconf 82' lang='grc' dir='ltr'>ἀπρόσκοποι</span> <span class='ocrx_word' id='word_1_725' title='bbox 2622 4519 2771 4596; x_wconf 79' lang='grc' dir='ltr'>ὦμεν</span> <span class='ocrx_word' id='word_1_726' title='bbox 2804 4526 2983 4579; x_wconf 86' lang='grc' dir='ltr'>τοῖσδε</span> <span class='ocrx_word' id='word_1_727' title='bbox 3010 4526 3313 4592; x_wconf 85' lang='grc' dir='ltr'>κάκείνοις,</span> <span class='ocrx_word' id='word_1_728' title='bbox 3350 4528 3447 4579; x_wconf 74' lang='grc' dir='ltr'>καὶ</span> <span class='ocrx_word' id='word_1_729' title='bbox 3472 4529 3541 4599; x_wconf 75' lang='grc' dir='ltr'>τῇ</span> <span class='ocrx_word' id='word_1_730' title='bbox 3592 4528 3807 4595; x_wconf 65' lang='grc' dir='ltr'>Ἐκκλη-</span> 
     </span>
    </p>
   </div>
   <div class='ocr_carea' id='block_1_104' title="bbox 2247 4614 3805 4687">
    <p class='ocr_par' dir='ltr' id='par_1_104' title="bbox 2247 4614 3805 4687">
     <span class='ocr_line' id='line_1_105' title="bbox 2247 4614 3805 4687; baseline 0.001 -20"><span class='ocrx_word' id='word_1_731' title='bbox 2247 4614 2340 4680; x_wconf 75' lang='grc' dir='ltr'><strong>σίᾳ</strong></span> <span class='ocrx_word' id='word_1_732' title='bbox 2372 4615 2466 4668; x_wconf 83' lang='grc' dir='ltr'>τοῦ</span> <span class='ocrx_word' id='word_1_733' title='bbox 2518 4616 2678 4670; x_wconf 82' lang='grc' dir='ltr'>Θεοῦ.</span> <span class='ocrx_word' id='word_1_734' title='bbox 2723 4617 2864 4680; x_wconf 80' lang='grc' dir='ltr'>Τοὺς</span> <span class='ocrx_word' id='word_1_735' title='bbox 2916 4618 3048 4687; x_wconf 78' lang='grc' dir='ltr'>πρὶν</span> <span class='ocrx_word' id='word_1_736' title='bbox 3103 4616 3524 4687; x_wconf 80' lang='grc' dir='ltr'>ἀπορῤαγέντας</span> <span class='ocrx_word' id='word_1_737' title='bbox 3581 4617 3805 4680; x_wconf 75' lang='grc' dir='ltr'>ἀδούλως</span> 
     </span>
    </p>
   </div>
   <div class='ocr_carea' id='block_1_105' title="bbox 2248 4705 3805 4778">
    <p class='ocr_par' dir='ltr' id='par_1_105' title="bbox 2248 4705 3805 4778">
     <span class='ocr_line' id='line_1_106' title="bbox 2248 4705 3805 4778; baseline 0.002 -18"><span class='ocrx_word' id='word_1_738' title='bbox 2248 4705 2515 4775; x_wconf 78' lang='grc' dir='ltr'>ἀδελφοὺς</span> <span class='ocrx_word' id='word_1_739' title='bbox 2547 4706 2691 4761; x_wconf 87' lang='grc' dir='ltr'>κατὰ</span> <span class='ocrx_word' id='word_1_740' title='bbox 2729 4706 2956 4770; x_wconf 78' lang='grc' dir='ltr'>πολλοὺς</span> <span class='ocrx_word' id='word_1_741' title='bbox 3005 4705 3241 4777; x_wconf 86' lang='grc' dir='ltr'>τρόπους</span> <span class='ocrx_word' id='word_1_742' title='bbox 3285 4707 3584 4778; x_wconf 82' lang='grc' dir='ltr'>εὐδόκησεν</span> <span class='ocrx_word' id='word_1_743' title='bbox 3626 4710 3655 4761; x_wconf 91' lang='lat'><strong>6</strong></span> <span class='ocrx_word' id='word_1_744' title='bbox 3691 4709 3805 4773; x_wconf 65' lang='grc' dir='ltr'>Θεὸς</span> 
     </span>
    </p>
   </div>
   <div class='ocr_carea' id='block_1_106' title="bbox 2248 4798 3805 4871">
    <p class='ocr_par' dir='ltr' id='par_1_106' title="bbox 2248 4798 3805 4871">
     <span class='ocr_line' id='line_1_107' title="bbox 2248 4798 3805 4871; baseline 0.002 -19"><span class='ocrx_word' id='word_1_745' title='bbox 2248 4800 2277 4852; x_wconf 91' lang='lat'><strong>6</strong></span> <span class='ocrx_word' id='word_1_746' title='bbox 2310 4799 2681 4870; x_wconf 75' lang='grc' dir='ltr'>ὑπεράγαθος,</span> <span class='ocrx_word' id='word_1_747' title='bbox 2710 4799 2977 4871; x_wconf 81' lang='grc' dir='ltr'>ἑνωθῆναι</span> <span class='ocrx_word' id='word_1_748' title='bbox 3008 4799 3141 4869; x_wconf 79' lang='grc' dir='ltr'>ἡμῖν</span> <span class='ocrx_word' id='word_1_749' title='bbox 3164 4800 3306 4868; x_wconf 81' lang='grc' dir='ltr'>μετὰ</span> <span class='ocrx_word' id='word_1_750' title='bbox 3328 4798 3425 4852; x_wconf 82' lang='grc' dir='ltr'>τοῦ</span> <span class='ocrx_word' id='word_1_751' title='bbox 3454 4802 3805 4870; x_wconf 81' lang='grc' dir='ltr'>προσήκοντος</span> 
     </span>
    </p>
   </div>
   <div class='ocr_carea' id='block_1_107' title="bbox 2248 4890 3800 4963">
    <p class='ocr_par' dir='ltr' id='par_1_107' title="bbox 2248 4890 3800 4963">
     <span class='ocr_line' id='line_1_108' title="bbox 2248 4890 3800 4963; baseline 0.001 -19"><span class='ocrx_word' id='word_1_752' title='bbox 2248 4890 2432 4960; x_wconf 88' lang='grc' dir='ltr'>λόγου.</span> <span class='ocrx_word' id='word_1_753' title='bbox 2469 4893 2580 4944; x_wconf 67' lang='grc' dir='ltr'><strong>Καὶ</strong></span> <span class='ocrx_word' id='word_1_754' title='bbox 2628 4890 2908 4962; x_wconf 76' lang='grc' dir='ltr'>ἐχάρημεν</span> <span class='ocrx_word' id='word_1_755' title='bbox 2947 4891 2998 4943; x_wconf 78' lang='grc' dir='ltr'>οἱ</span> <span class='ocrx_word' id='word_1_756' title='bbox 3046 4890 3259 4955; x_wconf 83' lang='grc' dir='ltr'>ἀνάξιοι</span> <span class='ocrx_word' id='word_1_757' title='bbox 3311 4892 3490 4961; x_wconf 76' lang='grc' dir='ltr'>χαρὰν</span> <span class='ocrx_word' id='word_1_758' title='bbox 3544 4894 3800 4963; x_wconf 80' lang='grc' dir='ltr'>μεγάλην·</span> 
     </span>
    </p>
   </div>
   <div class='ocr_carea' id='block_1_108' title="bbox 2249 4988 3798 5060">
    <p class='ocr_par' dir='ltr' id='par_1_108' title="bbox 2249 4988 3798 5060">
     <span class='ocr_line' id='line_1_109' title="bbox 2249 4988 3798 5060; baseline -0.001 -16"><span class='ocrx_word' id='word_1_759' title='bbox 2249 4992 2333 5045; x_wconf 82' lang='grc' dir='ltr'>ὅτι</span> <span class='ocrx_word' id='word_1_760' title='bbox 2372 4989 2410 5044; x_wconf 77' lang='grc' dir='ltr'><strong>ἂ</strong></span> <span class='ocrx_word' id='word_1_761' title='bbox 2453 4990 2555 5042; x_wconf 88' lang='grc' dir='ltr'><strong>οὐκ</strong></span> <span class='ocrx_word' id='word_1_762' title='bbox 2583 4989 2888 5060; x_wconf 63' lang='grc' dir='ltr'><strong>⁴ἣλπίζομεν</strong></span> <span class='ocrx_word' id='word_1_763' title='bbox 2925 4989 3151 5058; x_wconf 73' lang='grc' dir='ltr'>οἴδαμεν</span> <span class='ocrx_word' id='word_1_764' title='bbox 3189 4990 3247 5041; x_wconf 77' lang='grc' dir='ltr'><strong>ὲν</strong></span> <span class='ocrx_word' id='word_1_765' title='bbox 3296 4988 3601 5057; x_wconf 75' lang='grc' dir='ltr'>ὀφθαλμοῖς</span> <span class='ocrx_word' id='word_1_766' title='bbox 3644 4992 3798 5060; x_wconf 75' lang='grc' dir='ltr'>ἡμῶν,</span> 
     </span>
    </p>
   </div>
   <div class='ocr_carea' id='block_1_109' title="bbox 2250 5079 3801 5151">
    <p class='ocr_par' dir='ltr' id='par_1_109' title="bbox 2250 5079 3801 5151">
     <span class='ocr_line' id='line_1_110' title="bbox 2250 5079 3801 5151; baseline -0.001 -14"><span class='ocrx_word' id='word_1_767' title='bbox 2250 5084 2349 5137; x_wconf 83' lang='grc' dir='ltr'>καὶ</span> <span class='ocrx_word' id='word_1_768' title='bbox 2378 5081 2692 5151; x_wconf 88' lang='grc' dir='ltr'>συνουλώθη</span> <span class='ocrx_word' id='word_1_769' title='bbox 2726 5082 2794 5135; x_wconf 88' lang='grc' dir='ltr'><strong>τά</strong></span> <span class='ocrx_word' id='word_1_770' title='bbox 2822 5080 3236 5136; x_wconf 81' lang='grc' dir='ltr'>διασπασθέντα</span> <span class='ocrx_word' id='word_1_771' title='bbox 3266 5079 3426 5150; x_wconf 80' lang='grc' dir='ltr'>μέλη,</span> <span class='ocrx_word' id='word_1_772' title='bbox 3454 5082 3548 5134; x_wconf 79' lang='grc' dir='ltr'>καὶ</span> <span class='ocrx_word' id='word_1_773' title='bbox 3578 5083 3801 5151; x_wconf 74' lang='grc' dir='ltr'>ἑορτάζο-</span> 
     </span>
    </p>
   </div>
   <div class='ocr_carea' id='block_1_110' title="bbox 2254 5173 3797 5248">
    <p class='ocr_par' dir='ltr' id='par_1_110' title="bbox 2254 5173 3797 5248">
     <span class='ocr_line' id='line_1_111' title="bbox 2254 5173 3797 5248; baseline 0 -20"><span class='ocrx_word' id='word_1_774' title='bbox 2254 5192 2355 5246; x_wconf 88' lang='grc' dir='ltr'><strong>μεν</strong></span> <span class='ocrx_word' id='word_1_775' title='bbox 2403 5175 2598 5248; x_wconf 77' lang='grc' dir='ltr'>ὲορτὴν</span> <span class='ocrx_word' id='word_1_776' title='bbox 2626 5174 2817 5247; x_wconf 81' lang='grc' dir='ltr'>Κυρίῳ</span> <span class='ocrx_word' id='word_1_777' title='bbox 2863 5176 2921 5229; x_wconf 84' lang='grc' dir='ltr'><strong>ἐν</strong></span> <span class='ocrx_word' id='word_1_778' title='bbox 2977 5176 3043 5245; x_wconf 78' lang='grc' dir='ltr'><strong>τῇ</strong></span> <span class='ocrx_word' id='word_1_779' title='bbox 3086 5174 3207 5236; x_wconf 85' lang='grc' dir='ltr'>ὲνδς</span> <span class='ocrx_word' id='word_1_780' title='bbox 3256 5173 3495 5226; x_wconf 79' lang='grc' dir='ltr'>ἑκάστου</span> <span class='ocrx_word' id='word_1_781' title='bbox 3526 5174 3797 5245; x_wconf 80' lang='grc' dir='ltr'>συνδρομῇ,</span> 
     </span>
    </p>
   </div>
   <div class='ocr_carea' id='block_1_111' title="bbox 2247 5264 3797 5338">
    <p class='ocr_par' dir='ltr' id='par_1_111' title="bbox 2247 5264 3797 5338">
     <span class='ocr_line' id='line_1_112' title="bbox 2247 5264 3797 5338; baseline -0.003 -17"><span class='ocrx_word' id='word_1_782' title='bbox 2247 5269 2342 5321; x_wconf 77' lang='grc' dir='ltr'>καὶ</span> <span class='ocrx_word' id='word_1_783' title='bbox 2372 5266 2890 5338; x_wconf 81' lang='grc' dir='ltr'>ἀνθομολογούμεθα</span> <span class='ocrx_word' id='word_1_784' title='bbox 2909 5265 2989 5334; x_wconf 84' lang='grc' dir='ltr'>τῷ</span> <span class='ocrx_word' id='word_1_785' title='bbox 3020 5264 3232 5335; x_wconf 83' lang='grc' dir='ltr'>Κυρίῳ,</span> <span class='ocrx_word' id='word_1_786' title='bbox 3257 5265 3353 5317; x_wconf 73' lang='grc' dir='ltr'>καὶ</span> <span class='ocrx_word' id='word_1_787' title='bbox 3384 5265 3797 5336; x_wconf 75' lang='grc' dir='ltr'>ἀπευχαριστοῦ-</span> 
     </span>
    </p>
   </div>
   <div class='ocr_carea' id='block_1_112' title="bbox 2250 5356 3797 5431">
    <p class='ocr_par' dir='ltr' id='par_1_112' title="bbox 2250 5356 3797 5431">
     <span class='ocr_line' id='line_1_113' title="bbox 2250 5356 3797 5431; baseline -0.004 -18"><span class='ocrx_word' id='word_1_788' title='bbox 2250 5377 2352 5431; x_wconf 87' lang='grc' dir='ltr'><strong>μεν</strong></span> <span class='ocrx_word' id='word_1_789' title='bbox 2404 5361 2519 5423; x_wconf 83' lang='grc' dir='ltr'>τοῖς</span> <span class='ocrx_word' id='word_1_790' title='bbox 2557 5360 2885 5431; x_wconf 82' lang='grc' dir='ltr'>κρατοῦσιν·</span> <span class='ocrx_word' id='word_1_791' title='bbox 2937 5360 3020 5412; x_wconf 82' lang='grc' dir='ltr'>ὅτι</span> <span class='ocrx_word' id='word_1_792' title='bbox 3072 5359 3120 5410; x_wconf 90' lang='grc' dir='ltr'><strong>εί</strong></span> <span class='ocrx_word' id='word_1_793' title='bbox 3174 5356 3266 5409; x_wconf 77' lang='grc' dir='ltr'>καὶ</span> <span class='ocrx_word' id='word_1_794' title='bbox 3305 5357 3475 5429; x_wconf 78' lang='grc' dir='ltr'>μηδὲν</span> <span class='ocrx_word' id='word_1_795' title='bbox 3503 5359 3649 5422; x_wconf 73' lang='grc' dir='ltr'>ἄλλο,</span> <span class='ocrx_word' id='word_1_796' title='bbox 3695 5359 3797 5412; x_wconf 77' lang='grc' dir='ltr'>ὅσον</span> 
     </span>
    </p>
   </div>
   <div class='ocr_carea' id='block_1_113' title="bbox 2249 5449 3796 5524">
    <p class='ocr_par' dir='ltr' id='par_1_113' title="bbox 2249 5449 3796 5524">
     <span class='ocr_line' id='line_1_114' title="bbox 2249 5449 3796 5524; baseline -0.003 -18"><span class='ocrx_word' id='word_1_797' title='bbox 2249 5452 2390 5524; x_wconf 75' lang='grc' dir='ltr'>πρὸς</span> <span class='ocrx_word' id='word_1_798' title='bbox 2430 5452 2578 5524; x_wconf 76' lang='grc' dir='ltr'>ἡμᾶς</span> <span class='ocrx_word' id='word_1_799' title='bbox 2617 5451 2759 5523; x_wconf 84' lang='grc' dir='ltr'>μέγα</span> <span class='ocrx_word' id='word_1_800' title='bbox 2792 5451 2854 5505; x_wconf 71' lang='grc' dir='ltr'>τὸ</span> <span class='ocrx_word' id='word_1_801' title='bbox 2908 5449 3172 5522; x_wconf 86' lang='grc' dir='ltr'>δώρημα·</span> <span class='ocrx_word' id='word_1_802' title='bbox 3212 5449 3308 5503; x_wconf 71' lang='grc' dir='ltr'>καὶ</span> <span class='ocrx_word' id='word_1_803' title='bbox 3350 5449 3542 5511; x_wconf 69' lang='grc' dir='ltr'>πάλιν.</span> <span class='ocrx_word' id='word_1_804' title='bbox 3590 5451 3667 5503; x_wconf 85' lang='grc' dir='ltr'>ὅτι</span> <span class='ocrx_word' id='word_1_805' title='bbox 3714 5453 3796 5502; x_wconf 63' lang='grc' dir='ltr'><strong>οὐκ</strong></span> 
     </span>
    </p>
   </div>
   <div class='ocr_carea' id='block_1_114' title="bbox 2251 5540 3796 5615">
    <p class='ocr_par' dir='ltr' id='par_1_114' title="bbox 2251 5540 3796 5615">
     <span class='ocr_line' id='line_1_115' title="bbox 2251 5540 3796 5615; baseline -0.005 -13"><span class='ocrx_word' id='word_1_806' title='bbox 2251 5544 2318 5602; x_wconf 74' lang='grc' dir='ltr'><strong>ἂν</strong></span> <span class='ocrx_word' id='word_1_807' title='bbox 2344 5545 2523 5612; x_wconf 72' lang='grc' dir='ltr'>ἄλλως</span> <span class='ocrx_word' id='word_1_808' title='bbox 2552 5544 2788 5611; x_wconf 79' lang='grc' dir='ltr'>εὐθέτως</span> <span class='ocrx_word' id='word_1_809' title='bbox 2815 5544 3049 5615; x_wconf 76' lang='grc' dir='ltr'>ἔσχομεν</span> <span class='ocrx_word' id='word_1_810' title='bbox 3073 5541 3170 5614; x_wconf 80' lang='grc' dir='ltr'><strong>τὴν</strong></span> <span class='ocrx_word' id='word_1_811' title='bbox 3194 5540 3495 5612; x_wconf 77' lang='grc' dir='ltr'>σύμϐασιν,</span> <span class='ocrx_word' id='word_1_812' title='bbox 3523 5542 3555 5613; x_wconf 80' lang='grc' dir='ltr'>ἢ</span> <span class='ocrx_word' id='word_1_813' title='bbox 3577 5542 3634 5597; x_wconf 76' lang='grc' dir='ltr'>τὸ</span> <span class='ocrx_word' id='word_1_814' title='bbox 3652 5542 3796 5607; x_wconf 75' lang='grc' dir='ltr'>οὑτως</span> 
     </span>
    </p>
   </div>
  </div>
