3964 6320
167 353 318 418 1341

1378 364 1918 430 EPISTOLARUM
1975 369 2125 429 LIB.
2167 368 2257 432 II.

3309 366 3448 435 1342

156 471 458 539 ἀφεθῆναι
517 472 664 540 ἡμᾶς
694 471 804 524 τῶν
861 472 1155 542 φυλακῶν·
1187 475 1283 527 καὶ
1333 475 1670 547 καθεσθῆναι
1700 478 1758 530 ὲν

1865 480 2118 548 precibus
2159 477 2373 534 vestris.
2406 477 2472 533 Et
2499 479 2762 548 quoniam
2811 478 2879 533 de
2929 480 3275 536 revocatione
3305 482 3444 537 inci-

159 564 487 632 καθίσματι
537 565 866 635 τηλικούτῳ.
906 565 1089 618 Πάντα
1138 567 1218 629 εἰς
1259 567 1422 621 καλὸν
1454 569 1588 638 ἡμῖν
1631 585 1761 621 συν-

158 657 410 724 έδραμε,
439 657 553 709 ικαὶ
602 658 963 726 συνδρὰμοιεν
1007 653 1064 710 εὖ
1100 654 1197 710 οἷδ’
1246 660 1328 711 ὃτι
1369 661 1558 730 εὐχαῖς
1607 661 1763 732 ὑμῶν

163 747 392 811 ἁγίαις.
447 748 668 817 Ἐπειδὴ
714 748 770 800 δὲ
814 751 840 801 ὁ
881 748 1037 817 λόγος
1071 752 1200 820 περὶ
1241 749 1631 823 ἀνακλήσεωςο
1669 755 1764 806 ἁν-

164 840 392 907 εκλήθη
428 842 519 892 καὶ
569 841 752 910 ηνὼθη
784 843 915 910 ἡμῖν
946 843 1043 895 σὺν
1077 847 1190 906 τοῖς
1225 845 1407 907 ἄλλοις
1453 845 1547 897 καὶ
1598 844 1762 898 πλέον

169 932 394 998 μᾶλλον
433 932 540 983 τῶν
593 933 767 984 ἄλλων
817 935 844 984 ὁ
887 937 1381 1004 γραμματηφόρος,
1419 938 1448 989 ὁ
1478 935 1764 1007 ἀγαπητὸς

169 1022 347 1090 ἡμῶν
404 1024 521 1084 υἱὸς
584 1023 808 1093 Κλέμης
856 1027 884 1077 ὁ
977 1026 1372 1089 εύλαόέστατος
1434 1028 1755 1100 ἡγούμενος,

166 1115 366 1165 πάντα
398 1116 650 1185 ἀσμένως
681 1115 1062 1184 εἰσδεξάμενος
1080 1116 1116 1170 ἃ
1137 1117 1243 1170 ἔδει
1267 1118 1418 1188 αύτῷ
1436 1119 1758 1188 λαληθῆναι,

166 1207 278 1257 καὶ
338 1208 466 1274 περὶ
509 1208 728 1259 πάντων
767 1208 1141 1277 ποιησάμενος
1207 1211 1304 1280 τὴν
1373 1212 1762 1281 προσήκουσαν

169 1293 510 1360 ἀπολογίαν.
539 1289 708 1362 Ἐφ’ᾧ
733 1299 826 1349 καὶ
852 1297 1177 1366 ἀρεσθέντες
1200 1299 1574 1370 ἠσπασάμεθα
1600 1301 1761 1353 αὐτὸν

169 1388 686 1457 ἐνστερνισμένως⁶
729 1389 1045 1453 ἐλπίζοντες
1094 1393 1186 1443 καὶ
1225 1392 1293 1446 δι’
1329 1392 1492 1445 αὑτὸν
1538 1391 1761 1463 αύχημα

169 1479 333 1548 ἔχειν
356 1481 404 1532 οἱ
439 1483 757 1550 ἁμαρτωλοὶ
789 1485 1056 1553 σωτήριον
1089 1484 1221 1538 αὐτὸ
1247 1485 1424 1539 τοῦτο.
1454 1486 1563 1539 Καὶ
1604 1487 1762 1552 ὑμεῖς

1865 570 1947 625 dit
1972 571 2195 634 mentio,
2230 578 2516 624 revocatus
2551 579 2637 624 est
2665 570 2930 640 nobisque
2963 588 3087 625 cum
3121 572 3253 626 aliis
3312 587 3447 627 con-

1860 661 2106 731 junctus,
2158 663 2269 716 inio
2325 664 2611 732 plusquam
2666 663 2780 726 alii,
2836 663 3153 716 tabellarius
3213 664 3446 720 dilectus

1865 755 2010 809 ﬁlius
2044 765 2230 809 noster
2258 754 2536 820 Clemens,
2590 755 3038 823 religiosissimus
3097 757 3444 825 prapositus,

1864 847 2046 902 omnia
2078 849 2311 902 libenter
2341 848 2637 917 accipiens,
2664 864 2783 916 qua!
2827 848 2927 916 ipsi
2992 849 3097 902 dici
3157 865 3256 917 par
3305 861 3444 916 erat,

1863 948 1920 994 et
1964 942 2031 994 de
2079 941 2337 995 omnibus
2405 941 2670 994 rationem
2732 939 2984 994 idoneam
3039 941 3290 995 reddens.
3327 941 3446 1006 Qua

1859 1030 2077 1100 quidem
2112 1047 2168 1086 re
2202 1048 2301 1086 nos
2339 1031 2590 1091 recreati,
2626 1041 2737 1085 toto
2755 1047 2881 1086 eum
2920 1032 3042 1085 sinu
3081 1032 3317 1100 amplexi
3349 1047 3446 1085 su-

1861 1137 2006 1180 mus.
2027 1131 2309 1189 sperantes
2330 1138 2452 1176 eum
2479 1121 2640 1174 etiam
2657 1121 2884 1176 salutari
2899 1122 3055 1176 nobis
3069 1122 3448 1191 peccatoribus

1861 1213 2049 1282 gloria:
2102 1213 2236 1267 fore.
2275 1211 2433 1268 Hunc
2469 1214 2647 1283 ipsum
2682 1223 2734 1267 et
2772 1229 2890 1276 vos,
2922 1230 3132 1283 quaeso,
3178 1214 3449 1268 admittite

1863 1302 2084 1358 fratrem
2118 1315 2176 1358 ut
2208 1305 2428 1370 fratres,
2464 1308 2774 1361 membrum
2814 1316 2867 1361 ut
2900 1308 3171 1366 membra,
3210 1322 3446 1360 consen-

1868 1394 2090 1448 tientem
2127 1409 2186 1449 ut
2217 1400 2642 1453 consentientes.
2702 1397 2792 1451 Sic
2847 1400 2990 1450 enim
3027 1398 3176 1451 illiilli
3209 1397 3449 1464 reperie-

1869 1486 1940 1540 tis
1997 1487 2196 1541 Christi
2249 1491 2420 1557 gratia
2469 1490 2522 1543 in
2578 1491 2833 1544 omnibus
2870 1498 3016 1543 recte
3051 1489 3361 1550 habentem,
3396 1498 3450 1541 et

171 1575 542 1641 προσήκασθε
576 1577 887 1646 παρακαλῶ
921 1578 1010 1629 τὸν
1055 1578 1283 1645 ἀδελφὺν
1314 1578 1389 1641 ὼς
1436 1578 1678 1645 ἀδελφοὶ,
1704 1578 1763 1630 τὸ

1873 1592 2204 1648 quaerentem
2234 1581 2420 1637 Deum.

178 1666 353 1733 μέλος
384 1668 459 1728 ὡς
508 1667 666 1736 μέλη,
705 1669 796 1719 τὸν
831 1670 1112 1738 ὁμόφρονα
1154 1670 1229 1734 ὼς
1295 1669 1618 1740 ὁμόφρονες.

171 1767 377 1834 ἔχοντα
400 1765 494 1816 καὶ
528 1763 796 1834 ζητοῦντα
821 1763 975 1819 Θεὸν.

403 1857 480 1908 Λα.
536 1857 856 1924 Ἠγουμένῃ
888 1856 997 1924 τῆς
1030 1859 1294 1920 Νικαίας.
1331 1855 1526 1928 [φπε’.]

1688 1669 1842 1721 Οὕτω
1880 1667 1989 1740 γὰρ
2040 1671 2203 1724 αὑτὸν
2259 1672 2470 1742 εὕροιτε
2524 1672 2706 1743 χάριτι
2769 1670 3004 1740 Χριστοῦ
3059 1672 3116 1723 ὲν
3169 1671 3334 1723 πᾶσιν
3387 1669 3448 1722 εὖ

2250 1851 2381 1906 XCI.
2413 1884 2478 1893 —
2511 1851 2814 1905 Pra’oosita:
2847 1849 3092 1907 Nicww.

1158 1974 1441 2022 Gratulatur
1474 1972 1538 2022 ob
1558 1971 1880 2021 constantiam
1908 1976 2134 2033 tempore
2165 1967 2548 2034 persecutionis.

253 2075 367 2130 Καὶ
399 2075 666 2146 πρότερον
709 2077 764 2128 αἱ
803 2077 1050 2145 περὶτῆς
1076 2078 1394 2147 τιμιότητος
1425 2097 1521 2133 σου
1552 2079 1756 2146 ἁγαθαὶ

1931 2073 1996 2128 Ει
2029 2079 2178 2143 prius
2208 2077 2406 2141 Optima
2431 2076 2496 2130 de
2523 2074 2829 2130 reverentia
2874 2083 2964 2128 tua
3029 2091 3150 2129 ama
3207 2092 3307 2129 nos
3345 2079 3449 2130 im-

173 2169 349 2221 ὰκοαὶ
372 2167 631 2219 εἵλκυσαν
672 2168 818 2236 ἡμᾶς
850 2168 1156 2221 ἐπιστεῖλαι
1190 2186 1300 2223 σοι.
1355 2172 1465 2224 Καὶ
1508 2170 1602 2223 νῦν
1643 2174 1763 2233 ταῖς

176 2263 378 2324 αὑταῖς
409 2259 713 2327 εὐφημίαις
743 2259 1159 2328 ὲπερειδόμενοι
1208 2263 1304 2316 καὶ
1344 2264 1634 2335 γράφομεν
1669 2262 1763 2316 καὶ

181 2350 672 2422 προσαγορεύομεν
717 2351 815 2418 τὴν
862 2355 1306 2424 σεμνοπρέπειαν
1340 2372 1465 2408 σουο
1498 2356 1763 2425 ἀποδεχὸ-

182 2462 343 2516 μενοι
375 2445 465 2498 καὶ
504 2443 930 2514 μακαρίζοντες,
961 2446 1046 2499 ὃτι
1083 2447 1230 2500 εἵλου
1251 2447 1339 2500 διὰ
1372 2447 1576 2516 Κύριον
1608 2449 1764 2502 ύπεί-

178 2555 276 2590 σαι
320 2536 532 2602 θλίψεις
583 2540 677 2589 καὶ
718 2539 1104 2609 στενοχωρίας,
1153 2539 1395 2610 διωγμὸν
1423 2540 1524 2608 τῆς
1571 2543 1761 2612 μονῆς,

175 2632 277 2684 καὶ
303 2629 519 2700 ὲξορίαν
543 2630 913 2700 μεταθέσεως.
940 2632 1036 2684 καὶ
1065 2630 1188 2685 εῐτι
1216 2632 1344 2687 ἄλλο
1377 2633 1764 2703 περιστατικὺν

175 2724 280 2777 καὶ
331 2723 627 2792 ὁμολογίας
679 2724 1080 2777 ύποδεικτικόν.
1136 2725 1320 2779 Ταῦτα
1357 2726 1625 2790 αἰνέσεως
1669 2727 1763 2780 καὶ

177 2813 628 2884 ἑξομολογήσεως
651 2830 665 2844 ο
697 2814 874 2868 ταῦτα
888 2815 1124 2886 Νύμφης
1157 2816 1394 2885 Χριστοῦ
1426 2818 1640 2873 ἔπαθλα
1669 2821 1764 2873 καὶ

177 2905 565 2974 ἀγωνίσματα,
595 2907 690 2958 καὶ
722 2906 782 2958 τὸ
819 2907 900 2960 ἔτι
931 2907 1409 2981 ἁξιαγαστότερον,
1447 2913 1482 2982 ὴ
1512 2914 1642 2982 περὶ
1665 2911 1765 2975 τὰς

177 2997 290 3050 ὑπὸ
317 2999 475 3068 χεῖρα
514 2997 752 3065 ἀδελφὰς
795 2999 1012 3070 ὁσιότης
1033 3016 1046 3029 ο
1070 3016 1083 3028 ·
1114 3001 1197 3054 ὅτι
1222 3001 1327 3066 κάξ
1354 3003 1534 3056 αὐτῶν
1560 3003 1765 3056 εἴλοντο

181 3090 666 3144 συναποδύσασθαί
722 3108 806 3144 σοι
843 3095 908 3160 τῇ
971 3093 1255 3164 ὁμολογίᾳ,
1288 3097 1382 3148 καὶ
1407 3083 1761 3167 ἥνδρίσαντο,

180 3182 284 3234 καὶ
327 3183 788 3252 ὲμαστιγώθησαν
825 3182 921 3236 καὶ
961 3183 1429 3254 περιωρίσθησαν,
1498 3189 1594 3240 καὶ
1651 3188 1765 3240 ιδό-

180 3274 362 3341 ξασαν
397 3275 490 3328 τὸν
540 3275 673 3328 Θεὸν
723 3279 781 3328 ὲν
824 3275 901 3345 τῷ
943 3276 1158 3346 σώματι
1203 3278 1405 3342 αὐτῶν,
1451 3282 1548 3332 καὶ
1600 3282 1658 3332 ὲν
1687 3279 1765 3350 τῷ

183 3368 487 3438 πνεύματι.
522 3370 587 3422 Ὠ
620 3369 728 3422 τῶν
758 3368 970 3422 ἄθλωνῐ
1006 3371 1119 3424 ούᾶ
1138 3371 1238 3438 τῆς
1273 3371 1448 3436 καλῆς
1483 3371 1762 3440 παιδαγω-

181 3462 314 3528 γίας
342 3463 354 3514 l
385 3457 498 3514 οἷον
529 3461 590 3513 τὸ
619 3462 811 3530 ἄρχον,
836 3462 1080 3515 τοιοῦτον
1103 3465 1198 3516 καὶ
1225 3463 1287 3516 τὸ
1316 3465 1618 3535 ἀρχόμενον
1638 3482 1650 3494 ο
1675 3459 1762 3517 οἷα

182 3557 218 3626 ή
247 3553 597 3616 διδάσκαλος,
622 3553 950 3621 τηλικαύται
982 3556 1072 3608 καὶ
1114 3557 1170 3608 αἱ
1217 3557 1534 3626 μαθήτριαι.
1575 3557 1665 3609 Σοὶ
1705 3557 1766 3610 εὖ

183 3649 301 3715 ἔχει
331 3646 549 3713 λέγειν·
598 3646 728 3699 Ἰδοὺ
774 3645 884 3713 ἐγὼ
927 3646 1022 3698 καὶ
1051 3648 1118 3698 τὰ
1146 3646 1335 3699 παιδία
1379 3647 1414 3700 ἆ
1447 3665 1535 3717 μοι
1568 3648 1766 3701 ἔδωκεν

185 3741 214 3791 ὁ
269 3739 421 3801 Θεὸς,
473 3737 709 3801 εναθλοι,
755 3738 1039 3807 ἁνδρικαὶ.
1104 3738 1441 3807 φιλόχριστοι
1497 3739 1762 3808 μᾶλλονῆ

190 3827 536 3899 φιλόσαρκοι,
569 3827 750 3880 πάντα
780 3827 1028 3880 σκύὸαλα
1057 3827 1381 3897 ἡγούμεναι,
1410 3829 1496 3882 ἵνα
1530 3831 1766 3900 Χριστὸν

189 3919 504 3989 κερδήσωσι
524 3935 539 3950 ο
573 3919 753 3971 πάντα
773 3919 840 3971 τὰ
874 3919 1011 3988 μέλη
1050 3919 1272 3988 Χριστῷ
1301 3922 1762 3991 προσενέγκασαι,

191 4012 278 4066 ῑνα
325 4013 418 4066 τὸν
477 4013 714 4082 ἐραστὴν
767 4011 1172 4084 θεραπεύσωσι.
1218 4014 1372 4067 Μετὰ
1416 4015 1765 4085 όμολογητῶν

190 4105 548 4174 συνετὰγητε,
581 4105 719 4172 μετὰ
753 4103 1048 4172 μαρτύρων
1093 4103 1514 4173 ὲστεφανόθητε,
1545 4105 1669 4156 ὅσον
1703 4105 1768 4155 ὲκ

188 4195 282 4248 τού
312 4197 638 4264 φθάσαντος.
688 4195 828 4248 Ἀλλ’
860 4195 1068 4265 ἐπειδὴ,
1097 4188 1141 4247 ὧ
1170 4195 1366 4264 μῆτερ,
1397 4195 1598 4260 οὐδεὶς
1622 4212 1765 4249 στε-

190 4289 505 4356 φανοῦται.
536 4289 644 4342 ἐὰν
682 4287 769 4356 μὴ
808 4289 1070 4358 νομίμως
1117 4287 1383 4355 ἀθλήσῃ,
1435 4288 1668 4358 νόμιμον
1705 4287 1764 4340 δέ

191 4379 305 4431 ἐστι
337 4379 400 4431 τὸ
434 4377 597 4448 μέχρι
619 4378 810 4442 τέλους
839 4379 934 4432 καὶ
961 4378 1142 4432 πίστει
1161 4380 1255 4431 καὶ
1281 4379 1381 4449 βίῳ
1404 4379 1728 4447 ἀριστεῦσαι
1747 4395 1761 4409 ο

192 4469 493 4538 παρακαλῶ
526 4469 621 4522 καὶ
676 4470 1114 4539 ὑπομιμνῄσκω·
1139 4470 1321 4536 ἀξίως
1363 4469 1764 4536 περιπατῆσαι

191 4559 348 4628 ἡμᾶς
375 4559 489 4627 τῆς
539 4557 820 4627 κλήσεως
848 4552 923 4634 ἧς
959 4557 1332 4626 ἐκλήθημεν·
1363 4559 1514 4627 μετὰ
1560 4559 1765 4622 πάσης

191 4653 754 4720 ταπεινοφροσύνης
786 4651 882 4705 καὶ
917 4650 1271 4717 πραότητος·
1303 4653 1439 4720 μετὰ
1461 4651 1763 4718 ἀσφαλείας

193 4742 328 4810 πρὸς
359 4740 597 4807 τὺὲξῆς,
657 4741 794 4809 μήτε
844 4739 1046 4793 ἁλῶναι
1077 4742 1141 4808 τῇ
1197 4739 1278 4791 ἔτι
1333 4739 1762 4810 κορυῦαντιώσει

192 4833 401 4902 αἱρέσει
428 4831 807 4902 ἁρνησιχρίσῳ
825 4849 839 4862 ο
884 4833 1016 4900 μήτε
1045 4847 1099 4882 τι
1121 4832 1260 4883 κατὰ
1292 4833 1381 4883 τὸν
1413 4830 1768 4900 ὀφειλόμενον

194 4924 574 4988 κανονεζεσθαι
623 4924 923 4991 ἀσκητικὸν
957 4924 1070 4994 βίον
1121 4924 1600 4995 παρατρέπεσθαι·
1632 4925 1767 4978 ἀλλὰ

193 5017 370 5071 πάντα
397 5019 572 5070 ποιεῖν
603 5019 684 5079 εὶς
731 5016 887 5080 δόξαν
917 5016 1085 5069 Θεοῦο
1126 5018 1396 5080 παντοίως
1438 5017 1768 5086 διαλάμπειν

193 5107 267 5177 τῷ
297 5107 569 5176 φωτισμῷ
593 5108 700 5160 τῶν
752 5107 984 5160 ἐντολῶν
1008 5123 1021 5137 ο
1062 5108 1199 5177 ὅπερ
1244 5107 1487 5160 πιστεύω
1523 5109 1768 5178 ἐνεργεῖν

193 5200 334 5268 ὑμᾶς
363 5201 442 5264 εἰς
478 5199 702 5253 ἔπαινον
722 5199 877 5270 δόξης
901 5200 1162 5270 Χριστοῦ,
1195 5202 1273 5260 εις
1299 5199 1525 5270 αὔχημα
1547 5199 1766 5253 αἰώνιον

193 5291 374 5360 ὑμῶν·
412 5292 498 5363 εἴη
546 5291 603 5344 δὲ
656 5295 833 5345 εἰπεῖν
865 5291 962 5344 καὶ
1018 5291 1176 5362 ἡμῶν
1235 5291 1344 5346 τῶν
1400 5291 1762 5362 ἁμαρτωλῶν.

193 5387 298 5438 Καὶ
354 5386 463 5457 γὰρ
519 5388 567 5438 εὶ
627 5387 747 5448 ἑνὸς
788 5386 1004 5458 Πατρός
1057 5388 1247 5453 ὲσμεν,
1283 5385 1504 5452 ἀδελφοὶ
1563 5385 1762 5447 πάντες

192 5477 434 5548 ἀλλήλων
487 5478 935 5549 χρηματιζομεν·
997 5477 1092 5531 καὶ
1141 5477 1210 5530 τὰ
1261 5478 1479 5530 πάντων
1531 5477 1765 5530 σπουδά-

194 5587 394 5639 σματα,
421 5570 829 5642 ὲκκαυχήματα
857 5570 908 5623 οἱ
931 5570 1129 5631 πάντες
1150 5569 1250 5622 ούκ
1262 5569 1565 5631 ἀπεικότως
1594 5566 1760 5639 ἡγού-

263 5823 309 5856 ⁹⁸
344 5823 512 5880 llebr.
541 5839 600 5892 ιι,

681 5825 761 5878 l3.
839 5827 882 5856 ’⁸
916 5823 1150 5894 Philipp.
1185 5841 1268 5890 iii,
1307 5827 1358 5879 8.
1425 5827 1470 5859 "
1507 5825 1549 5880 ιι
1582 5823 1724 5882 Tim.
1759 5841 1819 5893 ιι,
1849 5827 1900 5880 5.

1864 2170 2003 2238 pulit
2032 2179 2090 2222 ut
2128 2170 2193 2222 ad
2230 2178 2280 2223 te
2309 2169 2676 2222 scriberemus
2713 2183 2727 2220 :
2759 2176 2814 2221 et.
2861 2183 3008 2221 nunc
3059 2171 3248 2222 eadem
3299 2185 3452 2226 com-

1865 2263 2214 2318 mendatione
2266 2259 2425 2314 fama:
2495 2260 2725 2328 permoti
2797 2270 2909 2314 tum
2966 2260 3282 2323 scribimus,
3335 2275 3448 2316 tum

1864 2351 2182 2420 gravitatem
2235 2357 2384 2402 tuam
2433 2347 2761 2411 salutamus,
2825 2349 3112 2404 laudantes
3142 2365 3204 2403 ac
3236 2351 3446 2404 felicem

1865 2440 2245 2509 praedicantes,
2276 2441 2422 2508 quod
2457 2448 2675 2508 propter
2703 2437 2992 2492 Dominum
3047 2439 3190 2492 ultro
3225 2442 3446 2508 pertuli-

1863 2534 1933 2586 sti
1978 2547 2254 2586 aerumnas
2304 2540 2468 2600 atque
2498 2531 2803 2599 angustias,
2846 2531 3190 2584 vexationem
3257 2547 3415 2588 mona

1866 2625 2016 2680 sterii
2072 2625 2567 2693 abductionemque
2619 2625 2672 2676 in
2717 2624 2996 2685 exsilium,
3038 2634 3093 2678 et
3120 2624 3164 2678 si
3197 2626 3323 2692 quid
3368 2635 3452 2680 est

1865 2714 2014 2769 aliud
2034 2716 2446 2777 calamitosum,
2484 2732 2595 2782 quo
2629 2715 2906 2769 confessio
2935 2719 3272 2783 exiiloratui.
3309 2715 3451 2771 Lau-

1864 2807 1950 2862 dis
1988 2806 2106 2862 baec
2133 2816 2260 2861 sunt
2291 2815 2344 2859 et
2374 2807 2776 2874 praedicationis
2835 2809 2992 2876 plena
3027 2825 3041 2862 :
3071 2809 3185 2864 haec
3223 2809 3451 2878 Sponsae

1865 2899 2068 2955 Christi
2111 2900 2409 2953 certamina
2441 2909 2494 2953 et
2534 2901 2738 2966 praelia,
2797 2910 2872 2962 et,
2928 2901 3072 2970 quod
3124 2911 3207 2955 est
3254 2903 3445 2969 majori

1867 2991 2230 3047 admiratione
2260 2991 2508 3060 dignum,
2541 3007 2795 3045 sororum
2854 2994 3196 3046 subditaruui
3237 2996 3446 3047 sancti-

1866 3086 2051 3141 monia
2089 3103 2103 3139 :
2139 3100 2263 3138 nam
2301 3095 2350 3136 et
2382 3094 2511 3140 sunt
2547 3101 2610 3138 ex
2647 3085 2781 3153 ipsis
2833 3102 2956 3155 quae
2985 3094 3205 3155 prepter
3231 3086 3449 3142 confes-

1866 3179 2076 3233 sionem
2123 3186 2297 3232 tecum
2340 3176 2500 3231 bonis
2543 3188 2719 3231 exuta:
2787 3187 2936 3242 sunt,
2986 3190 3041 3232 et
3089 3180 3213 3233 forti
3266 3183 3450 3236 animo

1867 3269 2106 3335 fuerunt,
2132 3280 2184 3324 et
2212 3271 2396 3339 plagas
2423 3280 2779 3338 exceperunt.
2817 3281 2872 3324 et
2902 3273 3087 3340 ejecta:
3109 3285 3234 3326 sunt
3272 3274 3324 3327 iii
3353 3292 3450 3328 ex-

1869 3363 2074 3423 silium,
2113 3370 2168 3416 et
2219 3363 2660 3432 glorificaverunt
2718 3361 2886 3416 Deum
2945 3373 3058 3416 tuin
3112 3366 3164 3418 in
3221 3381 3451 3434 corpore

1870 3469 1992 3515 suo,
2027 3463 2138 3507 tum
2172 3468 2302 3507 vero
2327 3466 2380 3508 et
2409 3453 2463 3507 in
2488 3453 2702 3520 spiritu.
2734 3450 2779 3508 Ο
2807 3456 3136 3508 certamina!
3181 3457 3283 3510 vah
3315 3473 3449 3525 pra:-

1869 3546 2070 3601 claram
2123 3547 2554 3600 institutionem!
2589 3545 2760 3612 Quale
2791 3548 2935 3617 quod
2970 3547 3224 3617 imperat.
3260 3552 3365 3605 tale
3396 3559 3452 3605 et

1867 3640 2012 3707 quod
2078 3639 2266 3692 subest
2295 3655 2308 3692 :
2339 3639 2518 3707 qualis
2578 3637 2858 3709 magistra,
2899 3640 3032 3694 tales
3062 3648 3116 3693 et
3143 3641 3446 3712 discipulae.

1869 3730 1946 3782 Te
2001 3744 2100 3782 vox
2135 3733 2284 3784 decet
2317 3731 2419 3784 ista
2456 3748 2469 3784 :
2502 3728 2641 3784 Ecce
2681 3745 2781 3799 ego
2814 3741 2866 3783 et
2896 3732 3088 3800 puella:
3149 3749 3281 3787 mea:
3312 3751 3450 3804 quas

1867 3822 2014 3875 dedit
2051 3822 2182 3874 mihi
2222 3820 2363 3874 Di-us
2389 3823 2460 3883 ",
2497 3831 2756 3884 strenua',
2791 3822 2982 3886 fortes,
3037 3823 3240 3879 Christi
3279 3828 3448 3894 magis

1865 3930 2030 3984 quam
2063 3913 2244 3967 carnis
2307 3915 2619 3977 amatrices,
2653 3916 2838 3969 omnia
2894 3917 3170 3972 arbitratae
3217 3929 3275 3972 ut
3310 3929 3448 3973 ster-

1868 4023 2016 4070 cora,
2071 4016 2129 4060 ιιι
2160 4005 2440 4061 Christum
2490 4007 2878 4062 lucrifacerent
2905 4011 2996 4064 ἰε
3031 4027 3151 4078 qua:
3204 4017 3445 4066 membra

1866 4100 2050 4153 omnia
2090 4097 2310 4151 Christo
2356 4110 2778 4162 consecrarunt,
2817 4110 2874 4152 ut
2905 4112 3177 4155 amantem
3243 4120 3302 4157 se
3350 4105 3447 4157 de-

1868 4200 2232 4245 mererentur.
2263 4189 2399 4242 Cum
2433 4190 2841 4247 confessoribus
2873 4203 3246 4249 annumerata:
3292 4197 3446 4258 estis,

1867 4301 1992 4338 cum
2025 4283 2355 4352 martyribus
2379 4293 2674 4345 coronata,
2712 4293 2977 4354 quantum
3028 4285 3092 4338 ad
3155 4290 3445 4354 praeterita.

1870 4374 1972 4427 Sed
2010 4359 2476 4442 quandoquidem,
2507 4387 2540 4426 ο
2582 4386 2780 4434 mater,
2821 4390 2968 4426 nemo
3029 4385 3318 4427 coronatur
3347 4377 3448 4430 nisi

1867 4467 2092 4536 legitime
2131 4467 2404 4522 certaverit
2433 4465 2478 4496 “
2517 4483 2530 4518 :
2565 4465 2862 4533 legitimum
2903 4476 2988 4520 est
3047 4477 3228 4520 autem
3276 4481 3446 4536 usque

1869 4558 1922 4608 iii
1956 4555 2115 4608 linem
2143 4554 2246 4607 [ide
2266 4569 2331 4608 ac
2369 4553 2612 4607 moribus
2644 4555 2910 4608 excellere
2948 4572 2960 4607 :
2992 4555 3224 4609 obsecro
3255 4564 3307 4608 et
3342 4556 3448 4626 ad-

1869 4663 2084 4707 moneo,
2119 4658 2176 4701 iit
2204 4649 2359 4716 digne
2417 4647 2744 4702 ambulemus
2806 4650 3077 4702 vocatione
3139 4666 3244 4719 qua
3273 4651 3446 4703 vocati

1798 4759 1840 4813 υ
1872 4759 2079 4801 sumus,
2118 4757 2236 4793 cum
2287 4741 2428 4792 omni
2472 4739 2774 4794 humilitate
2801 4751 2849 4794 et
2901 4745 3300 4795 mansuetudine
3328 4745 3410 4800 9’:

1867 4844 2121 4885 caventes
2167 4832 2356 4884 sedqu
2396 4830 2449 4883 in
2511 4840 2786 4899 posterum
2826 4848 2890 4884 ne
2939 4832 3132 4886 irretiti
3166 4844 3446 4886 teneamur

1868 4925 2173 4979 insaniente
2199 4924 2376 4978 adhuc
2417 4923 2606 4978 lizeresi
2640 4938 2762 4992 quae
2795 4923 3072 4976 Christum
3103 4936 3262 4994 negat
3296 4945 3307 4978 :
3346 4944 3444 4981 nec

1866 5017 2178 5086 detorqueri
2227 5031 2324 5071 nos
2351 5017 2622 5086 patiamur
2648 5017 2716 5070 ab
2745 5018 2952 5084 optima
2979 5028 3030 5071 et
3071 5020 3303 5086 regulari
3340 5023 3442 5074 vita

1869 5111 2155 5163 monastici
2189 5111 2418 5163 instituti
2453 5128 2466 5164 :
2499 5111 2592 5164 sed
2625 5111 2808 5163 omnia
2838 5109 3103 5166 famanius
3128 5112 3180 5164 in
3214 5114 3440 5181 gloriam

1867 5200 1982 5267 Dei,
2000 5203 2145 5256 omni
2161 5219 2226 5256 ex
2241 5213 2392 5271 parte
2406 5203 2782 5256 mandatorum
2803 5205 3088 5271 splendore
3108 5203 3440 5271 fulgeamus;

1867 5297 2012 5364 quod
2074 5307 2126 5348 et
2185 5297 2440 5349 existimo
2481 5312 2574 5350 vos
2607 5305 2888 5364 praestare,
2924 5295 2978 5348 in
3007 5297 3222 5350 laudern
3257 5301 3444 5366 gloriae

1863 5386 2092 5448 Christi.
2130 5389 2182 5440 in
2209 5386 2581 5454 gloriationetn
2616 5397 2849 5442 vestram
2887 5389 3299 5456 sempiternam,
3339 5393 3445 5443 uti-

1865 5488 1991 5529 nam
2039 5475 2120 5528 fas
2146 5477 2218 5529 sit
2251 5477 2468 5539 addere,
2501 5485 2555 5530 et
2604 5486 2844 5530 nostram
2875 5478 2968 5544 qui
3000 5487 3316 5545 peccatores
3347 5493 3408 5532 su
3429 5505 3445 5518 ο

1863 5581 2005 5621 mus.
2038 5564 2170 5620 Nam
2202 5565 2248 5621 si
2281 5581 2344 5620 ex
2381 5583 2491 5620 uno
2537 5567 2695 5623 Paire
2742 5583 2956 5635 sumus,
2988 5583 3180 5624 omnes
3211 5569 3442 5624 invicem

1978 5829 2018 5857 ’⁷
2052 5825 2246 5898 Ephes.
2293 5845 2362 5894 tv,
2405 5829 2451 5884 ι.
