3964 6320
529 349 670 414 1343
1724 349 1784 408 S.
1816 347 2124 409 THEODO

2245 347 2592 408 STUDITE
3683 354 3842 416 1344

518 460 723 514 fratres
755 459 1094 528 appellamur
1126 475 1140 513 :
1169 468 1228 515 et
1269 458 1518 514 omnium
1551 458 1844 514 virtutibus
1891 457 2112 529 gloriari

2233 459 2384 525 150a,
2425 457 2804 529 Προσεύχεσθε
2849 461 2979 531 περὶ
3013 461 3203 531 ἡμῶν·
3243 463 3273 514 6
3300 464 3619 535 ἀσπασμὸς
3663 465 3848 536 ἡμῶν

523 553 772 624 singulos
805 554 948 607 haud
998 560 1201 608 temere
1231 567 1394 622 posse
1418 552 1773 606 arbitramur.
1809 551 1974 607 Orate
2006 567 2105 620 pro

2233 569 2269 602 ιν
2311 549 2612 619 Πνεύματι.
2649 550 2710 603 '0
2740 550 2946 621 Κύριος
2993 552 3204 623 Ἰησοῦς
3234 555 3479 624 Χριστὸς
3529 557 3692 627 μετὰ
3742 557 3846 610 τοῦ

523 646 704 700 nobis.
735 643 1013 698 Salutatio
1060 653 1249 699 nostra
1283 644 1338 698 in
1375 642 1607 714 Spiritu.
1649 642 1916 699 Dominus
1945 640 2106 697 Jesus

2233 639 2536 708 Ινεύματος
2574 639 2752 709 ὑμῶν.
2799 641 2993 712 Ἀμήν.
3046 644 3284 712 ’Δκήκοα
3336 645 3420 697 ὅτι
3474 646 3848 716 ἐγκράτειαν

521 735 773 792 Christus
803 751 928 790 cum
977 736 1171 806 spiritu
1215 745 1420 790 vestro.
1451 736 1650 790 Amen.
1711 735 1905 788 Audivi
1937 734 2110 789 absti-

2233 732 2395 794 ;λκεις
2430 731 2655 801 πολλὴν,
2697 733 2790 786 καὶ
2827 733 3036 803 ἥσθην·
3074 733 3216 804 πλὴν
3249 735 3443 808 ἐπειδὴ
3481 737 3550 790 τὸ
3591 739 3845 809 μέτριςν

524 829 768 883 nentiam
804 839 855 883 te
886 831 1209 899 protrahere
1262 829 1589 899 longiorem,
1617 837 1673 882 et
1697 829 1919 898 gavisus
1949 843 2065 881 sum
2091 845 2104 879 :

2233 839 2270 874 ,ν
2303 823 2474 876 πᾶσιν
2517 821 2761 893 ἄριστον,
2795 824 3222 896 ὐπομιμνήσκω,
3265 827 3592 896 μετρίωσον
3621 830 3844 897 tamira

523 919 620 974 sed
647 933 826 974 tamen
857 923 1116 990 quoniam
1150 921 1345 976 modus
1374 923 1427 975 in
1454 921 1617 976 rebus
1647 920 1906 974 omnibus
1959 918 2106 989 opti-

2233 917 2319 970 ιάν
2345 914 2546 986 τούτῳ,
2585 915 2671 969 ἵνα
2693 915 2789 968 καὶ
2819 915 3233 988 δουλαγωγῆται
3264 919 3326 973 τὸ
3353 919 3542 990 σῶμα,
3598 923 3708 974 καὶ
3765 925 3844 991 μὴ

523 1027 647 1067 mns
678 1020 780 1075 est,
805 1028 1128 1068 commoneo
1160 1023 1218 1067 ut
1248 1013 1332 1068 vel
1365 1014 1419 1066 in
1457 1028 1520 1067 ea
1552 1029 1611 1067 re
1647 1013 1868 1067 modum
1899 1020 2107 1074 teneas,

2233 1013 2383 1082 ὶτονῇ
2420 1011 2721 1084 ὑπουργεῖν
2746 1012 2867 1073 ταῖς
2894 1011 3156 1077 ἐντολαῖς.

525 1113 586 1159 ut
612 1113 667 1160 et
690 1122 887 1176 corpus
919 1107 972 1160 in
1031 1109 1342 1162 servitutem
1399 1108 1697 1179 redigatur,
1729 1122 1826 1161 uec
1853 1105 1925 1160 sit
1958 1121 2110 1158 man-

523 1195 667 1252 datis
696 1199 1062 1267 exsequendis
1094 1199 1292 1268 impar.

558 1285 725 1342 XCII.
750 1317 820 1328 —
855 1286 1122 1359 Episcopis
1149 1300 1362 1363 propter
1413 1289 1682 1345 Christum
1727 1287 1994 1344 exsulibus
2026 1287 2080 1338 in

2233 1282 2343 1349 L,B’.
2375 1309 2446 1323 --
2486 1281 2876 1363 'Emgagda‘otc
2911 1281 3038 1363 ςρῖς
3064 1283 3161 1363 Qui
3190 1286 3452 1363 Χριστὸζ
3507 1289 3841 1359 Sang-aaut.

1182 1354 1467 1418 Cliersone.

2611 1354 2805 1406 θεῖσιν
2823 1354 2892 1406 ἐν
2908 1354 3196 1421 Χερσῶνι.
3237 1355 3447 1429 [φπς

527 1450 720 1502 Gratias
750 1454 855 1516 agit
886 1455 1018 1516 quod
1049 1458 1278 1505 nuntium
1320 1456 1384 1505 de
1415 1454 1524 1505 suis
1549 1457 1702 1504 rebus
1744 1453 1802 1501 ad
1839 1455 1998 1516 ipsum
2024 1445 2261 1516 miserint
2290 1459 2300 1491 :
2333 1445 2660 1516 laudathguod
2704 1445 2911 1516 ersules
2953 1447 3189 1508 praeclara
3234 1447 3418 1511 ubique
3459 1450 3585 1500 ﬁdei
3610 1453 3838 1515 pietatis

1525 1518 1758 1579 exempla
1790 1506 2114 1578 praebuerint.
2153 1507 2354 1568 (Baron.
2377 1520 2456 1556 an.
2492 1507 2603 1567 8M,
2626 1521 2675 1557 n.
2712 1506 2815 1566 δι.)

598 1596 755 1653 Vera:
784 1600 1072 1656 charitatis
1099 1617 1240 1672 opus
1268 1611 1374 1667 est,
1412 1601 1648 1672 ﬁdeique
1683 1618 1790 1656 non
1827 1603 1966 1655 fictae
2021 1598 2120 1652 de-

2304 1593 2596 1664 Ἀληθινῆς
2642 1593 2868 1663 ἀγάπης
2910 1593 3074 1663 ἔργον
3107 1595 3200 1646 καὶ
3239 1595 3480 1661 πίστεως
3511 1600 3838 1670 ἀνυποκρὲ-

530 1691 885 1755 monstratio,
911 1692 1057 1760 quod
1085 1701 1236 1746 tanto
1271 1708 1335 1745 ex
1367 1691 1611 1746 locorum
1641 1692 1927 1746 intervallo
1952 1703 2118 1742 unum

2233 1702 2313 1738 του
2335 1685 2612 1750 ἀπόδειξις
2633 1686 2694 1738 τὸ
2741 1689 2806 1739 ἐκ
2854 1684 3120 1738 τοσούτου
3171 1687 3547 1758 διαστήματος
3585 1694 3833 1746 τοπικοῦ

530 1784 598 1838 de
648 1784 998 1840 coexsulibus
1052 1786 1314 1840 fratribus
1373 1787 1524 1840 misit
1579 1795 1802 1855 paterna
1857 1782 2120 1838 sanctitas

2233 1777 2535 1830 ιποστείλαι
2569 1777 2670 1846 τὴν
2703 1777 2979 1848 πατρικὴν
3030 1777 3186 1847 ὑμῶν
3212 1779 3529 1852 ἁγιωσύνην
3581 1783 3690 1838 ἕνα
3718 1787 3833 1839 τῶν

528 1885 733 1938 vestra,
766 1875 1069 1946 Agapetum
1101 1878 1430 1932 monachum
1467 1877 2005 1941 reverendissimum,
2035 1876 2118 1930 vel

2233 1867 2705 1938 τυνδεδιωγμένων
2745 1868 3016 1937 ἀδελφῶν,
3057 1870 3371 1940 Ἀγαπητὺν
3402 1873 3498 1926 τὸν
3522 1877 3833 1948 αίδεσιμὼ-

530 1969 714 2038 potius
768 1967 1172 2033 beatissimum,
1203 1969 1358 2037 juxta
1415 1969 1466 2023 id
1521 1970 1664 2038 quod
1699 1984 1727 2021 a
1760 1967 1989 2023 Domino
2029 1966 2114 2020 di-

2233 1974 2379 2010 ιατον
2412 1959 2719 2028 μοναστήν’
2761 1959 2965 2030 μᾶλλον
3006 1960 3064 2012 δὲ
3104 1961 3526 2034 μακαριώτατον
3561 1968 3723 2020 κατὰ
3771 1970 3832 2022 τὸ

531 2067 679 2112 ctum
707 2068 791 2113 est
811 2060 878 2113 de
913 2059 978 2114 iis
1010 2060 1100 2129 qui
1129 2062 1545 2128 persecutionem
1582 2061 1862 2130 patiuntur
1905 2069 2118 2129 propter

2233 2051 2327 2104 5πδ
2349 2051 2559 2122 Κυρίου
2593 2051 2854 2123 ᾀδόμενον
2879 2053 2949 2107 ἐν
2977 2053 3102 2120 τοῖς
3147 2053 3572 2125 δεδιωγμένοις
3608 2060 3832 2115 ἕνεκεν

526 2153 794 2221 Iustitiam
829 2152 874 2184 "
910 2171 922 2206 :
966 2153 1034 2207 ad
1098 2155 1433 2209 visitandum
1489 2155 1724 2226 prinmm
1765 2155 1988 2225 quidem
2035 2154 2119 2208 di-

2233 2142 2620 2210 δικαιοσύνης
2646 2160 2660 2173 ⁸
2700 2147 3007 2217 ἐπισκοπὴν
3040 2149 3426 2218 ποιησόμενον,
3457 2158 3830 2225 προηγουμέ-

531 2242 718 2298 vinum
755 2259 822 2299 ac
849 2260 1167 2314 supremum
1192 2257 1387 2316 caput;
1421 2248 1619 2302 deinde
1641 2263 1742 2303 nos
1764 2263 1983 2318 quoque
2015 2248 2119 2300 mi-

2233 2249 2327 2296 no;
2358 2232 2459 2303 μὲν
2493 2236 2558 2302 τῇ
2615 2233 2736 2304 θείᾳ
2795 2237 2894 2293 καὶ
2950 2240 3358 2311 κορυφαιοτάτῃ
3391 2242 3562 2312 κάρᾳ,
3625 2243 3829 2299 ἔπειτα

531 2334 712 2390 nimos
734 2336 788 2390 in
834 2337 1095 2394 fratribus
1123 2349 1180 2394 et
1229 2340 1355 2394 tiliis
1386 2341 1784 2410 spiritualihus.
1825 2338 1869 2394 Ο
1900 2343 2120 2411 praacla-

2233 2327 2356 2396 ὴμτν
2389 2328 2504 2388 τοῖς
2534 2326 2842 2396 ἐλαχίστοις
2874 2330 2931 2381 ὲν
2957 2330 3212 2399 ἀδελφοῖς
3247 2334 3341 2386 καὶ
3371 2336 3516 2386 υίέσι
3562 2353 3707 2389 πνευ
3718 2356 3825 2407 μα-

533 2441 653 2480 rum
720 2429 1012 2485 consilium
1042 2433 1055 2485 ί
1090 2449 1123 2486 o
1148 2433 1417 2487 sinceram
1470 2433 1852 2487 dilectionem!
1887 2444 1941 2488 et
1991 2449 2122 2502 quo-

2233 2415 2418 2475 τικοῖς.
2462 2415 2528 2466 Ὢ
2567 2414 2670 2483 τῆς
2717 2413 2891 2482 καλῆς
2922 2415 3245 2480 εὐϐουλίαςί
3283 2419 3455 2490 ὣτῆς
3483 2421 3828 2492 εἰλικρινοῦς

535 2532 792 2572 rumnam
830 2521 1093 2588 aliorum,
1127 2538 1292 2592 quam
1335 2538 1524 2578 eorum
1584 2524 1679 2595 qui
1717 2536 1939 2594 propter
1962 2523 2124 2578 Chri-

2233 2505 2479 2572 ἂγὰπηςί
2510 2505 2606 2556 καὶ
2635 2503 2801 2558 τίνων
2833 2505 3033 2570 ἄλλων,
3067 2505 3102 2566 ἦ
3137 2507 3247 2559 τῶν
3279 2509 3366 2561 διὰ
3413 2511 3663 2580 Χριστὸν
3701 2511 3824 2565 ἐλο-

536 2620 680 2664 stnm
702 2612 967 2681 elegerint
991 2630 1021 2668 a
1040 2615 1359 2670 domesticis
1382 2617 1651 2686 separari,
1688 2626 1742 2671 et
1765 2617 2117 2688 longinquam

2233 2596 2408 2665 μένων
2448 2598 2543 2650 καὶ
2579 2597 2689 2650 τῶν
2727 2599 2947 2652 οίκείων
2972 2601 3262 2670 ἐκστῆναι,
3290 2605 3386 2655 καὶ
3415 2607 3498 2667 είς
3521 2606 3628 2674 τὴν
3657 2606 3822 2660 ἁλλο-

537 2703 594 2757 ἱη
641 2719 794 2760 oram
853 2708 1109 2762 secedere
1171 2719 1322 2763 tanto
1357 2711 1527 2765 maris
1557 2711 1733 2778 spatio
1765 2711 2121 2782 disjunctam,

2233 2687 2404 2757 δαπὴν
2470 2691 2912 2759 ἐκπεφευγέναιο
2970 2692 3214 2763 τοσούτῳ
3299 2696 3468 2764 μήκει
3532 2697 3824 2765 Θαλάσσης

535 2812 712 2867 eaque
745 2797 856 2852 illic
894 2800 1004 2869 pati
1069 2816 1192 2869 quae
1253 2801 1355 2856 fert
1401 2803 1526 2858 talis
1577 2804 1754 2858 exsilii
1815 2779 2094 2860 conditio?

2233 2779 2610 2850 διειργομένην
2634 2800 2647 2814 ο
2680 2786 2777 2837 καὶ
2801 2785 3105 2854 τληπαθείν
3133 2787 3252 2838 ἐκεῖ
3279 2787 3379 2842 ὅσα
3405 2789 3556 2851 είκδς
3578 2792 3824 2862 ἐπισυμ-

536 2887 920 2949 Clarissimum
945 2894 1050 2949 hoc
1078 2905 1268 2950 vestra!
1292 2897 1577 2952 charitatis
1603 2910 1984 2969 argumentum
2017 2908 2119 2954 est.

2233 2870 2454 2931 ϐαίνειν,
2506 2872 2668 2926 τοῦτο
2723 2876 3126 2944 ἐναργέστατον
3184 2878 3382 2946 δεῖγμα
3440 2881 3816 2952 καθέστηκεν.

2224 2965 2534 3036 Εὐλογητὸς
2573 2963 2667 3020 οὖν
2716 2967 2923 3038 Κύριος
2953 2971 2982 3022 6
3014 2970 3170 3034 Θεὸς,
3214 2969 3273 3033 ὃς
3319 2972 3622 3038 κατένυξεν
3675 2976 3820 3045 ὑμᾶς

539 3080 701 3128 tatem
746 3085 990 3130 nostram
1046 3077 1125 3131 sic
1181 3079 1458 3142 excitavit.
1495 3057 1725 3135 et_vires
1777 3057 2122 3150 ac'gratiam

2233 3057 2319 3138 ini.
2365 3058 2624 3112 τοσοῦτον
2676 3060 2814 3130 πρὸς
2861 3059 2960 3131 τὴν
3031 3061 3314 3116 εὐτέλειαν
3367 3065 3558 3132 ἡμῶνο
3599 3068 3696 3120 καὶ
3761 3066 3820 3130 ὃς

536 3166 784 3237 delegato
828 3168 996 3233 dedit,
1055 3176 1114 3222 ut
1166 3181 1291 3224 nota
1346 3171 1503 3226 nohis
1549 3172 1748 3227 faceret
1788 3149 1970 3227 omnia
2005 3189 2124 3242 quae

2233 3149 2428 3202 ἔδωκεν
2479 3152 2635 3220 ἰσχὺν
2683 3153 2777 3204 καὶ
2826 3154 2988 3223 χάριν
3040 3153 3118 3223 τῷ
3180 3155 3498 3224 Ἀποστόλῳ
3548 3159 3817 3228 γνωρίσαι

538 3260 844 3328 peregistis,
905 3277 1139 3330 qumque
1204 3262 1384 3317 adhuc
1450 3263 1755 3327 sustinetis,
1817 3263 2120 3318 felicissimi

2233 3242 2358 3310 ἡμῖν
2413 3244 2614 3306 πάντα,
2651 3242 2796 3312 ἅπερ
2849 3243 2943 3296 καὶ
3004 3245 3282 3314 ὴνύσατεο
3344 3248 3438 3299 καὶ
3491 3247 3574 3300 ἔτι
3618 3251 3815 3320 φέρετε

538 3349 752 3417 Patres,
803 3365 902 3420 pro
959 3351 1179 3405 nomine
1240 3351 1456 3406 Domini
1507 3353 1679 3407 nostri
1712 3350 1840 3408 Jesu
1891 3353 2118 3408 Christi.

2233 3335 2522 3406 τρισόλϐιοι
2555 3335 2799 3407 Πατέρες
2819 3352 2834 3367 ο
2871 3336 3014 3407 ὑπὲρ
3044 3337 3137 3391 τοῦ
3169 3340 3435 3408 ὀνόματος
3467 3338 3564 3392 τοῦ
3607 3343 3814 3413 Κυρίου

537 3442 670 3508 Quae
713 3443 933 3512 quidem
965 3444 1252 3498 audientes
1304 3445 1477 3515 gavisi
1510 3462 1720 3512 sumus,
1752 3447 2119 3517 laudavimus,

2233 3429 2386 3500 ήμῶν
2427 3428 2604 3498 Ἰησοῦ
2635 3429 2900 3500 Χριστοῦ.
2948 3431 3070 3500 Ἐφ’
3101 3429 3183 3495 οἷς
3235 3433 3578 3496 ἀκούσαντες
3613 3437 3813 3507 ἐχάρη-

540 2979 863 3040 Benedictus
897 3001 1027 3055 ergo
1057 2984 1324 3042 Dominus
1357 2989 1499 3045 Deus
1543 2990 1639 3059 qui
1672 3004 1765 3044 vos
1796 3005 1922 3060 erga
1953 2994 2124 3046 lenui-

538 3534 743 3606 gratias
798 3536 1032 3606 egimus,
1060 3544 1114 3589 et
1145 3535 1401 3601 diximus,
1438 3552 1564 3591 vere
1596 3538 1650 3591 in
1681 3538 1840 3593 vobis
1879 3542 2123 3608 compla-

539 3629 706 3683 citum
739 3643 861 3683 esse
878 3629 1010 3694 Deo,
1039 3645 1202 3699 quem
1239 3630 1421 3684 colitis
1444 3630 1792 3686 confessione
1823 3634 2088 3689 veritatis.

609 3786 724 3856 Ego
751 3803 880 3843 vero
928 3790 1008 3844 sic
1032 3791 1311 3856 existimo,
1346 3806 1455 3845 non
1499 3802 1694 3848 vestrae
1725 3802 1934 3848 tantum
1970 3795 2122 3850 inco-

541 3877 808 3934 lumitatis
832 3881 1005 3953 gratia
1033 3921 1047 3947 ,
1093 3882 1186 3936 sed
1229 3883 1396 3937 etiam
1427 3869 1623 3938 salutis
1658 3885 1962 3939 incolarum
1994 3927 2009 3950 ,
2054 3887 2124 3941 ab

541 3969 790 4023 omnium
856 3975 1261 4026 conservatrice
1342 3973 1683 4042 providentia
1763 3975 2121 4040 constitutum

542 4057 712 4113 fuisse
731 4068 968 4114 vestrum
989 4061 1042 4114 in
1064 4076 1160 4116 eas
1178 4075 1304 4118 oras
1321 4063 1598 4116 exsilium.
1615 4061 1694 4117 Eo
1712 4064 1981 4134 siquidem
1999 4080 2125 4135 pro-

542 4147 708 4216 fecti,
779 4166 904 4205 mox
949 4151 1242 4205 luminaria
1291 4153 1341 4204 in
1382 4152 1624 4208 tenebris
1655 4153 1887 4222 vitaeque
1937 4169 2125 4209 errore

546 4243 890 4298 versantibus
915 4259 1011 4298 vos
1038 4244 1368 4310 praebuistis,
1391 4244 1561 4299 duces
1586 4260 1878 4311 caecorum,
1905 4247 2123 4301 virtutis

545 4339 878 4410 magistros,
930 4353 1211 4409 praecones
1275 4339 1523 4409 pietatis,
1602 4341 1827 4396 nuntios
1874 4341 2121 4395 omnium

545 4447 669 4502 quae
718 4432 807 4487 hic
836 4441 1027 4487 contra
1071 4429 1356 4486 Christum
1395 4447 1490 4500 per
1529 4432 1862 4487 horrendam
1901 4434 2126 4489 temeri-

545 4532 712 4578 tatem
737 4532 886 4595 gesta
917 4533 1067 4578 sunt.
1105 4522 1182 4577 ita
1213 4532 1266 4577 et
1293 4523 1365 4577 ibi
1416 4533 1471 4578 et
1501 4524 1704 4593 ubique
1737 4534 2006 4581 terrarum
2059 4542 2125 4583 ac

547 4619 752 4685 maris,
795 4617 962 4672 veluti
994 4618 1140 4673 faces
1170 4618 1422 4673 accendit
1465 4615 1735 4673 Dominus
1774 4618 2124 4675 confessores

548 4709 615 4763 ad
651 4709 1024 4763 ostensionem
1077 4708 1360 4773 veritatis,
1410 4709 1749 4764 eversionem
1806 4710 2124 4778 impietatis,

551 4800 1013 4870 quemadmodum
1045 4799 1264 4855 saeculis
1288 4800 1686 4869 superioribus.
1709 4798 1776 4853 Et
1806 4802 2128 4870 magniﬁca-

550 4902 666 4946 tum
725 4900 808 4944 est
875 4905 1073 4944 nomen
1128 4890 1273 4959 ejus,
1339 4902 1396 4946 et
1441 4891 1704 4960 probatus
1760 4901 1845 4946 est
1894 4895 2127 4963 populus

552 4981 756 5038 Christi
789 4980 1026 5044 electus,
1063 4990 1118 5036 et
1148 4980 1351 5036 Christi
1380 4996 1510 5036 osor
1537 4993 1714 5038 ctelus
1756 4989 2076 5054 reprobatus
2109 5007 2122 5042 :

552 5073 788 5142 denique
819 5089 1051 5144 magnus
1077 5073 1243 5128 draco
1264 5114 1280 5138 ,
1320 5089 1478 5128 mens
1507 5076 1728 5143 Assyria
1756 5116 1771 5138 ,
1817 5078 1981 5133 finem
2008 5083 2133 5138 vita:

554 5166 781 5223 sortitus
807 5176 890 5222 est
917 5168 1141 5236 dignum
1175 5168 1483 5222 temeritate
1514 5183 1648 5234 sua,
1678 5187 1844 5240 quam
1879 5175 1934 5227 in
1960 5173 2133 5231 Deum

555 5265 820 5319 exercuit.
845 5263 1131 5330 Quomodo
1153 5272 1336 5319 autem
1363 5280 1506 5320 nunc
1536 5281 1596 5320 se
1627 5281 1718 5321 res
1754 5269 1844 5322 hic
1873 5271 2133 5339 habeant,

556 5371 1025 5425 supervacaneum
1060 5355 1200 5412 foret
1234 5356 1422 5415 dicere
1443 5398 1458 5421 ,
1487 5373 1612 5413 cum
1637 5359 1892 5425 idoneus,
1924 5362 2132 5420 Christi

559 5448 756 5518 gratia,
785 5450 856 5502 sit
889 5449 1211 5505 tabellarius
1241 5455 1299 5504 ut
1337 5450 1520 5506 omnia
1553 5449 1748 5507 doceat
1775 5464 1968 5509 exacte
1997 5471 2010 5508 :
2044 5457 2132 5512 cui

561 5555 662 5595 nos
681 5556 805 5595 cum
834 5540 1060 5611 epistola
1078 5541 1516 5598 distributionem
1536 5545 1831 5614 quamdam
1855 5548 2135 5603 commisi-

563 5647 706 5693 mus.
732 5648 895 5702 quam
927 5633 1205 5702 suscipere
1231 5634 1551 5705 dignemini,
1583 5639 1923 5693 venerandas
1951 5656 2137 5710 preces

565 5727 630 5778 ad
662 5724 902 5778 animum
937 5726 1401 5783 corroborandum
1436 5729 1589 5784 nobis
1631 5729 1930 5802 largiendo.

635 5837 679 5869 "‘
712 5836 897 5894 Matth.
927 5856 975 5903 γ,
1017 5840 1093 5892 Ιυ.

2230 3540 2350 3592 μεν,
2381 3522 2679 3592 ῂνέσαμεν,
2727 3523 3311 3596 άνθωμολογησάμεθα
3337 3543 3352 3558 ·
3393 3528 3652 3597 εἴπομεν,
3681 3531 3760 3580 ὅτι
3787 3532 3813 3580 ό

2226 3613 2361 3674 Θεὸς
2418 3614 2588 3677 ὅντως
2639 3615 2698 3666 ὲν
2754 3616 2886 3684 ύμῖν
2963 3618 3152 3668 ἐστιν·
3207 3619 3676 3690 εὐαρεστούμενος
3720 3622 3811 3674 καὶ

2227 3703 2670 3775 θεραπευόμενος
2698 3708 2765 3777 τῇ
2794 3705 2939 3775 ὑπὲρ
2970 3706 3231 3777 ἀληθείας
3261 3709 3547 3780 ὁμολογίᾳ.

2309 3797 2467 3867 Ἐμοὶ
2496 3797 2552 3848 δὲ
2579 3796 2747 3858 δοκεῖ,
2779 3797 2878 3865 οὐχ
2909 3796 3099 3850 εἵνεκα
3121 3798 3279 3867 ὑμῶν
3312 3799 3572 3868 σώματος
3613 3801 3770 3868 μόνον
3791 3817 3803 3829 ·

2226 3889 2363 3942 ἀλλὰ
2389 3889 2497 3958 γὰρ
2524 3887 2619 3940 καὶ
2639 3890 2698 3940 έν
2726 3889 2840 3951 τοῖς
2861 3886 3052 3941 αὐτόθι
3084 3889 3359 3961 σωτηρίας
3386 3891 3485 3961 τὴν
3515 3891 3808 3959 φυγαδείαν

2225 3980 2650 4051 οἰκονομηθῖψαι
2671 4019 2687 4040 ,
2718 3979 2872 4051 παρὰ
2898 3981 2998 4049 τῆς
3038 3979 3107 4032 τὰ
3144 3982 3324 4035 πάντα
3357 3982 3644 4052 σωζούσης
3683 4000 3807 4052 προ-

2225 4073 2399 4133 νοίας.
2474 4071 2814 4142 Ἐπειδήπερ
2871 4072 3198 4136 ἐπιστάντες
3252 4073 3474 4143 ῶφθητε
3526 4077 3804 4146 φωστῆρες

2225 4165 2334 4217 τῶν
2386 4167 2442 4216 ὲν
2498 4164 2683 4216 σκότει
2744 4166 2841 4218 καὶ
2891 4164 3072 4236 πλάνῃ
3117 4165 3270 4235 βίου,
3316 4167 3504 4235 ὁδηγοὶ
3556 4169 3799 4235 τυφλῶν·

2227 4255 2513 4309 παιδευταὶ
2553 4255 2778 4325 ἀρετῆς,
2832 4255 3084 4326 κήρυκες
3133 4255 3454 4319 εὐσεϐείας·
3502 4257 3799 4312 διδάσκαλοι

2224 4349 2335 4401 τῶν
2382 4347 2617 4401 ἐνταῦθα
2663 4348 3023 4419 πραχθέντων
3069 4349 3214 4402 κατὰ
3260 4349 3506 4420 Χριστοῦ
3567 4352 3800 4421 φοϐερῶν

2225 4442 2613 4512 τολμημάτων.
2650 4441 2806 4494 Οὕτω
2837 4441 2933 4494 καὶ
2958 4442 3017 4494 ὲν
3046 4444 3162 4504 τοῖς
3193 4442 3381 4495 αὐτόθι
3407 4443 3503 4496 καὶ
3537 4444 3798 4514 πανταχοῦ

2226 4541 2329 4609 γῆς
2359 4557 2417 4592 τε
2451 4540 2545 4591 καὶ
2577 4537 2860 4608 θαλάσσης
2897 4536 3109 4606 ηὕγασε
3154 4536 3362 4606 Κύριος
3390 4538 3520 4600 τοὺς
3551 4539 3799 4608 ὁμολογη-

2228 4634 2348 4695 τὰς.
2377 4635 2454 4694 εἱς
2478 4631 2703 4697 ἔνδειξιν
2732 4631 3013 4699 ἀληθείας,
3041 4633 3122 4693 είς
3161 4631 3488 4700 ἀποτροπὴν
3517 4629 3762 4692 ἀσεϐείας
3781 4647 3794 4660 ·

2237 4726 2489 4797 καθάπερ
2533 4726 2627 4778 ἐπὶ
2672 4723 2781 4777 τῶν
2803 4723 3011 4777 ἄνωθεν
3048 4724 3257 4794 χρόνων
3282 4740 3296 4752 ·
3339 4724 3435 4776 καὶ
3468 4723 3792 4793 ὲμεγαλύνθη

2235 4817 2294 4868 τὸ
2333 4815 2504 4885 ὄνομα
2545 4813 2745 4878 αὑτοῦ,
2791 4815 2887 4867 καὶ
2936 4813 3274 4885 ἐδοκιμάσθη
3311 4813 3341 4866 6
3393 4814 3651 4877 ἐκλεκτὸς
3685 4814 3794 4876 λαδς

2235 4907 2474 4977 Χριστοῦ
2497 4947 2511 4969 ,
2551 4907 2647 4960 καὶ
2683 4906 3106 4978 ἀπεδοκιμάσθη
3136 4909 3164 4959 6
3199 4905 3552 4975 μισόχριστος
3592 4905 3791 4967 θίασος·

2234 5001 2330 5054 καὶ
2368 5001 2522 5062 τέλος
2569 4999 2763 5053 ἔλαϐεν
2805 5001 2932 5071 ὅρον
2964 4999 3134 5068 ζωῆς,
3173 4999 3395 5062 ἐπάξιον
3421 5001 3519 5067 τῆς
3556 4998 3792 5068 τόλμηςό

2235 5094 2410 5162 μέγας
2453 5093 2691 5163 δράκων,
2725 5094 2753 5144 6
2812 5093 3096 5162 Ἀσσύριος
3137 5090 3282 5154 νοῦς,
3323 5085 3392 5163 ἦς
3437 5089 3629 5160 ἔδρασε
3670 5092 3791 5142 κατὰ

2231 5184 2367 5236 Θεοῦ
2387 5201 2402 5215 ·
2437 5184 2500 5236 τὸ
2533 5183 2589 5236 δὲ
2618 5185 2766 5248 ὅπως
2791 5184 2887 5238 νῦν
2915 5185 3028 5254 ἔχει
3063 5183 3132 5237 τὰ
3157 5183 3416 5245 ἐνταῦθα,
3452 5183 3715 5251 παρέλκον
3736 5182 3791 5235 ἂν

2231 5277 2316 5345 εἴη
2356 5276 2535 5344 λέγειν
2557 5293 2570 5307 ·
2603 5277 2690 5330 διὰ
2719 5278 2781 5330 τὸ
2808 5278 2901 5330 τὸν
2927 5277 3409 5348 γραμματηφόρον
3444 5275 3630 5328 ἱκανὸν
3670 5272 3791 5326 εἶναι

2232 5371 2414 5442 χάριτι
2446 5371 2684 5440 Χριστοῦ
2706 5413 2720 5433 ,
2753 5371 2960 5423 ἕκαστα
2994 5369 3271 5435 ἐκδιδάξαι
3305 5368 3598 5439 ὲμμελῶςο
3713 5367 3791 5419 καὶ

2237 5461 2592 5532 παρεθέμεθα
2623 5462 2762 5531 μετὰ
2791 5461 2890 5532 τῆς
2928 5460 3222 5526 ἐπιστολῆς
3263 5460 3357 5513 καί
3386 5476 3508 5513 τινα
3537 5456 3791 5526 διανομὴν.

2238 5556 2304 5626 ἢν
2341 5557 2436 5609 καὶ
2484 5553 2859 5622 καταξιώσατε
2899 5551 3266 5619 εἰσδέξασθαι,
3308 5551 3654 5623 χαριζόμενοι
3681 5550 3792 5619 ἡμῖν

2241 5649 2334 5712 τὰς
2358 5648 2546 5718 τιμίας
2575 5648 2883 5720 προσευχὰς
2914 5648 2993 5712 εἰς
3027 5646 3334 5718 στηριγμδν
3360 5643 3558 5716 ψυχῆς.
3783 5629 3792 5637 ’
