3964 6320
137 364 300 430 1345

373 483 482 551 L;l".
519 513 586 524 -
625 485 701 553 Τῇ
729 486 1032 558 ἡγουμένῃ
1064 487 1183 542 τῶν
1220 491 1498 559 Γόρδινα.
1530 493 1730 568 [φῖ-ια’]

1352 379 1774 442 EPISTOLAR
1789 383 1900 444 ΗΜ
1957 384 2104 444 LIB.
2166 385 2248 446 ῐῐ.

3311 386 3448 454 1346

1969 497 2156 563 XCIII,
2180 527 2252 541 —-
2281 497 2591 570 Prrrpositte
2616 501 2964 558 Gordinensis
3001 509 3329 560 monasterii.

737 599 1020 650 Monasterii
1049 600 1184 651 illius
1218 604 1440 652 alumnas
1465 607 1634 658 laudat
1666 609 1728 656 ob
1751 619 1985 662 constans
2007 613 2123 664 ﬁdei
2156 629 2212 664 ac
2258 614 2463 678 pietatis
2491 631 2622 668 verae
2645 619 2884 669 studium.

242 701 556 772 Ἀπῄτησεν
593 704 739 774 ἡμᾶς
770 707 798 757 ό
827 704 1112 776 ἀγαπητὸς
1161 708 1317 778 ἡμῶν
1357 711 1588 778 ἁδελφὸς
1633 714 1747 768 Ἀνο

1923 719 2076 777 Hanc
2109 723 2394 793 epistolam
2436 741 2467 781 a
2517 727 2676 784 nobis
2727 731 2956 799 expetiit
3001 729 3240 787 dilectus
3276 729 3451 786 frater

127 795 350 858 τὼνιος
403 795 463 848 τὸ
519 798 693 868 παρὸν
740 802 1392 871 γραμματεῖονπ-λέγων
1455 805 1539 858 ὅτι
1586 808 1746 860 τοῦτο

129 886 481 959 ὑπεσχόμην
514 888 682 942 πάλαι
723 890 972 960 ποιῆσαι.
1005 893 1114 946 Καὶ
1149 894 1218 947 δι’
1247 896 1380 948 αὐτὸ
1419 892 1513 950 οὖν
1545 897 1706 951 τοῦτο
1732 940 1747 963 ,

130 978 253 1032 καὶ
285 979 376 1032 διὰ
415 981 515 1045 τὰς
560 982 868 1046 ἀποστολὰς
903 985 1090 1055 ὑμῶν,
1135 987 1246 1040 ίδοὺ
1287 988 1751 1060 προσφθέγγομαι

131 1071 251 1122 καὶ
285 1073 682 1143 προσαγορεύω
709 1075 883 1145 ὑμᾶς,
913 1075 988 1140 ὡς
1020 1083 1290 1149 μητέρας.
1324 1079 1399 1144 ὡς
1430 1081 1667 1150 ἀδελφὰς
1691 1084 1749 1134 ἐν

134 1162 392 1232 Κυρίῳ·
447 1166 798 1236 μεμνημένος
842 1167 945 1237 τῆς
995 1169 1239 1240 ὑπαντῆς
1283 1171 1472 1241 ὑμῶν,
1513 1172 1608 1224 καὶ
1653 1172 1750 1225 τοῦ

132 1255 334 1306 κόπου
366 1255 464 1326 τῆς
507 1259 730 1330 ἀγάπης
759 1253 826 1331 ἦς
871 1261 1213 1326 ἐνεδείξασθε
1245 1266 1324 1326 είς
1356 1265 1418 1317 τὸ
1449 1265 1624 1335 ὄνομα
1653 1267 1755 1320 αὑ-

1850 823 2038 869 noster
2065 816 2338 872 Antonius
2365 859 2380 883 ,
2430 834 2733 890 suggerens
2773 821 3088 890 pollicitum
3121 839 3207 878 me
3237 822 3446 878 dudum

1853 905 1934 958 sic
1971 920 2092 960 esse
2124 905 2421 962 facturum.
2475 907 2543 961 Et
2571 910 2642 964 ob
2685 911 2826 967 hanc
2881 912 3046 983 igitur
3081 929 3306 969 causam
3334 953 3350 979 ,
3396 926 3450 969 et

1860 1006 2081 1067 propter
2111 999 2312 1053 missas
2346 1016 2374 1052 a
2429 1001 2583 1055 vobis
2621 1018 2866 1066 sorores,
2912 1021 3041 1061 ecce
3071 1021 3169 1061 vos
3199 1007 3452 1077 alloquor

1852 1099 1906 1143 et
1933 1091 2115 1144 saluto
2141 1100 2400 1162 tanquam
2433 1103 2666 1154 matres,
2701 1105 2961 1165 tanquam
2987 1110 3211 1151 sorores
3244 1098 3298 1151 in
3330 1095 3445 1149 Do-

1855 1181 2025 1245 mino,
2059 1196 2269 1236 memor
2302 1183 2530 1250 periculi
2567 1185 2734 1238 vestri
2771 1193 2826 1240 et
2864 1187 3092 1252 laboris,
3138 1187 3192 1241 in
3223 1202 3332 1257 quo
3364 1199 3452 1241 to-

1853 1274 2081 1327 lerando
2127 1275 2386 1330 eximiam
2435 1275 2560 1346 ejus
2591 1277 2831 1332 nominis
2863 1279 3186 1333 charitatem
3240 1279 3452 1349 signiti-

132 1347 250 1400 τοῦ
276 1365 291 1378 ·
318 1349 684 1419 διαφυγοῦσαι
713 1351 814 1423 τὴν
840 1354 1131 1406 κοινωνίαν
1163 1355 1273 1408 τῶν
1297 1356 1617 1427 αίρετικῶν,
1658 1359 1755 1413 καὶ

1861 1363 2024 1417 castis
2051 1404 2063 1416 .
2113 1365 2562 1420 communionem
2606 1366 2992 1422 haereticorum
3043 1347 3350 1436 aversatae,
3386 1381 3453 1422 ac

130 1442 569 1512 διατηρήσασαι
623 1445 888 1509 ἀσπίλους
947 1447 1148 1510 ἑαυτὰς
1202 1447 1311 1501 ἀπὸ
1359 1449 1455 1502 τοῦ
1514 1449 1749 1520 κόσμου.

134 1533 400 1587 Βλέπετε
453 1531 549 1588 οὖν
619 1539 717 1590 καὶ
783 1539 921 1610 πρὸς
982 1539 1043 1593 τὸ
1084 1539 1254 1610 ἑξῆς,
1309 1540 1504 1610 ἅγιαι⁹
1559 1541 1748 1613 ἐπειδὴ

132 1626 440 1682 ἐνίσταται
472 1629 596 1698 ή....

447 1745 558 1808 tur.
600 1773 671 1783 -
702 1743 948 1810 Εὐδοκῷ
985 1748 1463 1816 παρθενευούσῃ.

1865 1467 2078 1510 vosmet
2111 1469 2140 1508 a
2174 1455 2380 1510 mundo
2412 1457 2611 1512 illaesas
2638 1469 2944 1514 servantes.
2977 1459 3170 1516 Videte
3194 1461 3366 1532 igitur
3397 1470 3453 1514 et

1856 1545 1909 1598 in
1943 1556 2225 1615 posterum
2253 1585 2269 1610 ,
2314 1547 2533 1603 femina:
2569 1557 2802 1617 sanctae;
2847 1552 3294 1623 quandoquidem
3347 1551 3454 1606 im-

1858 1650 2053 1692 minet.
2096 1677 2110 1692 ο
2156 1677 2172 1693 ο
2216 1679 2228 1691 ο
2274 1678 2290 1693 ο
2335 1678 2350 1693 .

2243 1752 2518 1809 XCIV.-—
2545 1752 2824 1808 Eudoconi
2854 1757 3069 1825 virgini.

751 1859 942 1912 Gratias
967 1865 1070 1926 agit
1091 1865 1154 1913 de
1178 1863 1438 1928 obsequiis
1457 1866 1550 1915 sibi
1595 1864 1642 1914 in
1670 1875 1875 1916 carcere
1901 1866 2161 1930 praestitis.
2202 1872 2409 1934 (Baron.
2432 1886 2511 1924 an.
2538 1872 2650 1933 818,
2675 1886 2726 1920 n.
2751 1871 2853 1932 H.)

691 1965 1142 2038 ἐφυλακίσθημεν
1170 1971 1226 2022 ἐν
1249 1971 1363 2033 τοῖς
1395 1971 1606 2034 αὐτόθι,
1641 1969 1753 2038 ἐγώ
1787 1976 1827 2031 Β

131 2071 200 2106 ’τε
240 2054 350 2107 καὶ
379 2055 408 2107 ὁ
443 2055 669 2125 ἀδελφὸς
696 2057 986 2122 Νικόλαος,
1011 2059 1176 2129 ἡνίκα
1211 2061 1318 2132 πρὸ
1350 2061 1451 2132 τῆς
1478 2061 1619 2131 ὀπῆς
1653 2063 1751 2132 τῆς

137 2147 414 2217 φυλακῆς
444 2147 708 2218 φύλακες,
741 2149 815 2219 μὴ
852 2149 1050 2214 ἐῶντες
1090 2151 1266 2220 θίγειν
1291 2151 1570 2206 ὁντιναοῦν
1604 2153 1752 2206 κατὰ

131 2241 245 2309 τὴν
264 2239 382 2292 τῶν
401 2239 615 2294 ἀσεόῶν
646 2241 946 2312 πρόσταξιν
968 2243 1046 2313 τῷ
1069 2245 1342 2316 φρουρείῳ
1363 2261 1377 2274 ο
1407 2246 1554 2309 τότε,
1575 2244 1662 2300 ἵνα
1684 2244 1753 2298 τὰ

136 2331 406 2402 πρότερα
429 2333 574 2386 ἐάσω
600 2333 780 2400 λέγειν
799 2350 813 2364 ·
834 2334 1042 2406 καίπερ
1071 2336 1199 2390 ὄντα
1219 2337 1383 2392 ίκανά
1404 2353 1416 2365 ·
1439 2341 1753 2411 παρρησια-

137 2423 364 2494 ζομένη
379 2426 444 2492 τῇ
464 2425 607 2476 κατὰ
623 2424 755 2478 Θεὸν
772 2425 1120 2498 πεποιθήσει⁸
1145 2427 1414 2498 ἔπεμπες,
1435 2430 1752 2501 ἐγαλούχεις

138 2517 320 2567 οἱονεὶ
343 2556 358 2577 ,
395 2516 712 2586 διέτρεφες,
757 2518 1036 2584 ἐπότιζες,
1088 2522 1457 2592 παρεκάλεις,
1493 2521 1752 2594 ήλειφες,

143 2609 400 2680 σεαυτὴν
441 2610 714 2674 ἐπιδίδους
750 2611 1140 2682 ῥιψοκινδύνως
1185 2616 1264 2678 είς
1298 2615 1530 2670 θάνατον
1555 2634 1570 2648 ο
1617 2618 1755 2688 ὅπερ

147 2701 368 2771 μικροῦ
403 2701 515 2755 δεῖν
539 2745 553 2768 ,
605 2705 654 2756 εί
695 2706 768 2776 μὴ
801 2707 832 2775 ὴ
867 2707 988 2779 χεὶρ
1027 2706 1124 2759 τοῦ
1175 2707 1313 2760 Θεοῦ
1357 2709 1612 2777 φθάσασα
1643 2704 1754 2763 εἷλέ

145 2813 210 2848 σε
240 2809 255 2822 °
287 2797 390 2848 καὶ
423 2798 716 2861 ἐνέπιπτες
756 2801 835 2862 εἰς
867 2799 1050 2870 ἔργον.
1085 2796 1250 2865 Οἶδας
1281 2803 1380 2864 τὰς
1419 2803 1756 2872 κατηγορίας

144 2890 262 2944 τῶν
289 2891 748 2958 γειτνιαζόντων,
781 2894 878 2955 τὰς
923 2892 1242 2964 εἰσπράξεις
1293 2894 1402 2946 τῶν
1440 2897 1752 2966 ἀρχόντων·

145 2983 234 3034 ὅτι
266 2982 431 3054 δῶρα
468 2983 700 3052 εἴληφας
746 2985 896 3056 παρά
936 2985 1031 3038 τοῦ
1074 2986 1405 3040 καταδίκου·
1438 2989 1518 3040 ὃτι
1565 2988 1756 3057 λόγους

147 3075 429 3142 διαταγῆς
478 3075 812 3138 ὑπακούεις’
854 3076 1034 3142 τοῦτο,
1089 3079 1334 3132 κάκεῖνο.
1402 3079 1544 3133 Ἀλλ’
1580 3082 1754 3150 ὅμως,

147 3165 195 3218 ῶ
223 3167 328 3236 τῆς
367 3165 798 3236 μεγαλοπιστίας
823 3168 836 3220 l
866 3168 986 3221 οὐδὲ
1012 3168 1156 3222 οὕτω
1185 3170 1391 3222 τούτων
1415 3170 1754 3240 τυρόασθέν-

147 3275 265 3311 των
314 3258 544 3329 ὑφῆκας
587 3259 648 3312 τὸ
692 3259 940 3315 καθόλου.
992 3261 1134 3313 Ἀλλ’
1171 3261 1246 3324 ὼς
1295 3262 1522 3331 μηδενὸς
1567 3260 1754 3316 καινοῦ

151 3350 467 3417 γεγονότος
493 3389 506 3410 ,
550 3348 675 3419 ἔχου
707 3351 870 3403 πάλιν
915 3351 1015 3420 τῆς
1065 3351 1377 3414 διακονίας·
1412 3351 1608 3423 δώροις
1629 3356 1754 3417 τοὺς

153 3442 420 3510 φύλακας
446 3442 933 3511 ἐξευμενιζομὲνη,
964 3441 1056 3494 καὶ
1083 3443 1143 3494 τὸ
1168 3442 1235 3510 δὴ
1275 3442 1588 3512 λεγόμενον,
1625 3443 1756 3496 Θεὸν

153 3534 224 3585 δι’
253 3534 423 3603 ήμῶν
453 3533 562 3585 τῶν
588 3533 930 3601 ἁμαρτωλῶν
965 3533 1352 3604 θεραπεύουσα
1375 3551 1390 3566 ο
1423 3535 1480 3600 ἐξ
1511 3527 1571 3587 οὗ
1601 3538 1695 3588 καὶ
1721 3539 1754 3607 ή

155 3628 394 3699 ἁρπαγὴ
441 3627 549 3678 τῶν
584 3627 876 3680 κινδύνωνο
911 3629 1006 3679 καὶ
1039 3628 1072 3697 ή
1104 3627 1234 3698 παρ’
1267 3627 1460 3680 ἐλπίδα
1489 3628 1755 3698 σωτηρία.

159 3721 224 3772 Τί
255 3719 428 3773 τοῦτο
465 3718 723 3790 δεύτερον
747 3720 1082 3790 Πρισκίλλης
1129 3721 1221 3772 καὶ
1251 3720 1453 3789 Φοίϐης
1497 3721 1715 3789 ἐκείνης
1741 3737 1754 3750 ⁸

160 3814 192 3881 ἧ
222 3814 336 3865 τῶν
389 3813 624 3876 ταύταις
665 3813 1012 3866 ὑποστασίων
1037 3815 1180 3865 κατὰ
1219 3814 1316 3883 τὴν
1347 3812 1447 3883 τῆς
1480 3813 1758 3876 διακονίας

163 3903 434 3974 θεωρίαν,
489 3899 640 3977 ἐφ’ᾖ
695 3905 1096 3976 μακαρίζονται
1148 3906 1251 3958 ὑπὸ
1279 3904 1371 3957 τοῦ
1401 3905 1548 3958 θείου
1594 3905 1756 3957 Ἀπο-

164 3996 389 4063 στόλου;
426 3997 681 4067 οὐδαμῶς
704 3998 778 4060 ὡς
811 3997 998 4067 ἔμοιγε
1024 3998 1192 4062 δοκεῖ,
1218 4000 1265 4050 εἰ
1303 3999 1377 4068 μὴ
1409 3999 1490 4051 ὅτι
1515 4000 1593 4060 είς
1628 4000 1759 4052 ἁνα-

166 4089 315 4154 ξίους
344 4108 359 4121 ·
414 4090 556 4145 ἀλλὰ
603 4092 698 4144 καὶ
741 4091 899 4144 τοῦτο
947 4091 1150 4163 μᾶλλον
1196 4091 1592 4164 αἱνετὼτερον·
1642 4089 1760 4145 ἐκεῖ

165 4183 274 4254 γὰρ
308 4184 372 4237 τὸ
408 4185 756 4255 μεγαλοφυές
782 4187 874 4238 τοῦ
913 4187 1207 4256 προσώπου
1237 4187 1380 4256 τάχα
1416 4187 1483 4241 ἂν
1513 4185 1605 4239 καὶ
1631 4187 1758 4249 τοὺς

165 4279 540 4350 ἀναισθήτους
587 4278 767 4341 λίθους
807 4280 1058 4349 ἐκίνησεν
1115 4281 1469 4349 εὐεργετεῖν·
1523 4278 1757 4332 ἐνταῦθα

163 4369 221 4422 δὲ
250 4368 609 4430 τούναντίον,
655 4368 749 4421 καὶ
791 4370 918 4431 τοὺς
967 4369 1326 4438 ἐναισθήτους
1372 4369 1497 4432 νόας
1546 4370 1758 4439 ναρκᾷν

167 4461 357 4515 ἔπεισε
405 4463 468 4516 τὸ
514 4461 861 4515 ἀπόπτυστον
893 4461 1004 4514 τῶν
1053 4461 1457 4530 ὑποκειμένων.
1505 4463 1644 4516 Ἀλλ’
1675 4463 1758 4515 ὅτι

165 4555 326 4610 τοῦτο
359 4556 561 4620 οὕτως,
597 4555 691 4610 καὶ
731 4554 1207 4617 ἀντιπεπονθότως
1250 4554 1439 4625 ὤφθης
1471 4555 1720 4626 δράσασα
1741 4597 1756 4618 ,

2711 1975 2765 2030 in
2807 1991 3032 2031 carcere
3085 1974 3198 2030 illic
3239 1976 3457 2032 detine-

1855 2065 2053 2121 bamur
2082 2082 2183 2137 ego
2215 2067 2496 2138 fraterque
2524 2067 2821 2134 Nicolaus,
2871 2083 2996 2122 cum
3028 2075 3154 2122 ante
3182 2070 3457 2125 custodiae

1854 2157 2102 2215 foramen
2153 2160 2316 2232 positi
2376 2159 2637 2215 custodes
2674 2159 2988 2221 neminem,
3038 2174 3105 2213 ex
3152 2157 3451 2228 impiorum

1854 2253 2194 2320 interdicto,
2239 2253 2466 2324 propius
2509 2252 2832 2322 contingere
2881 2251 3179 2307 sinebant:
3211 2260 3324 2305 tum
3389 2263 3450 2306 tu

1859 2348 1942 2418 (ut
1991 2349 2308 2418 superiora,
2345 2347 2603 2418 quamvis
2636 2344 3044 2407 memorabilia,
3100 2348 3450 2413 praeteream)

1858 2438 2054 2493 ﬁducia
2108 2435 2200 2492 Dei
2254 2435 2413 2500 l'reta,
2472 2436 2750 2500 mittebas,
2807 2433 3220 2503 quodammodo
3277 2433 3450 2488 lacta-

1855 2531 1976 2597 bas,
2006 2531 2211 2592 alebas,
2239 2539 2432 2600 potum
2467 2529 2658 2593 dabas,
2685 2526 3093 2588 consolabaris,
3114 2525 3448 2587 hortabaris,

1859 2623 2089 2693 teipsam
2140 2622 2194 2675 in
2240 2632 2498 2692 apertum
2534 2621 2730 2676 mortis
2763 2619 3066 2690 periculum
3097 2617 3445 2686 conjiciens:

1857 2730 2021 2783 quam
2049 2713 2269 2784 quidem
2291 2754 2306 2777 ,
2356 2713 2463 2767 nisi
2493 2721 2546 2767 te
2589 2711 2684 2766 Dei
2728 2725 2930 2766 manus
2966 2718 3302 2780 praeverteris
3337 2709 3450 2763 eri-

1858 2806 2090 2875 puisset,
2121 2821 2180 2860 re
2218 2806 2332 2875 ipsa
2360 2805 2720 2874 pertulisses.
2751 2801 2908 2859 Nosti
2938 2802 3247 2857 vicinorum
3282 2815 3448 2856 accu-

1858 2898 2144 2960 sationes,
2199 2897 2516 2951 exactiones
2564 2895 3021 2966 mag'stratuum;
3082 2893 3209 2962 quia
3272 2907 3302 2946 a
3351 2906 3448 2945 reo

1858 3004 2090 3046 munera
2124 2989 2423 3058 accepisti;
2459 2988 2587 3057 quia
2621 3003 2811 3041 aurem
2843 2985 3116 3040 mandatis
3143 2983 3446 3054 prtebuisti,

1859 3083 1964 3137 hoc
1990 3092 2043 3136 et
2072 3080 2226 3134 illud.
2261 3079 2540 3145 Attamen,
2573 3093 2605 3133 ο
2640 3077 2762 3132 lidei
2806 3075 3244 3148 magnitudinem
3275 3075 3288 3129 ε
3348 3090 3450 3128 nec

1859 3175 1940 3229 sic
1970 3175 2188 3244 quidem
2212 3172 2505 3226 commotis
2541 3171 2668 3232 illis.
2701 3171 2812 3225 ullo
2846 3169 3004 3224 modo
3037 3167 3316 3223 destitisti.
3342 3164 3446 3220 Sed

1859 3265 2017 3336 quasi
2049 3264 2173 3319 novi
2209 3261 2347 3318 nihil
2389 3262 2701 3324 accidisset,
2737 3261 3046 3316 ministerio
3088 3259 3287 3314 iterum
3320 3257 3449 3312 insi-

1860 3357 2086 3423 stebas,
2123 3356 2380 3412 custodes
2431 3356 2752 3410 muneribus
2798 3353 3123 3416 concilians,
3174 3364 3250 3415 et,
3301 3349 3448 3422 quod

1858 3452 1965 3506 dici
1998 3451 2156 3512 solet,
2213 3449 2329 3504 Deo
2373 3465 2468 3520 per
2498 3465 2600 3503 nos
2650 3457 2971 3518 peccatores
3031 3446 3372 3506 deserviens,
3419 3458 3448 3496 a

1858 3559 1968 3613 quo
1991 3553 2043 3598 et
2073 3544 2440 3613 periculorum
2475 3543 2749 3606 liberatio,
2781 3551 2836 3596 et
2863 3550 3063 3610 praeter
3094 3553 3246 3608 spem
3275 3535 3444 3592 salus.

1859 3636 2108 3705 Quanam
2143 3637 2196 3690 in
2231 3653 2288 3690 re
2315 3636 2512 3689 cedunt
2544 3637 2648 3689 ista
2683 3633 2949 3688 Prisciilae
2989 3643 3043 3688 et
3081 3631 3302 3686 Phoebas
3334 3627 3409 3683 illi

1859 3741 1954 3782 aut
1987 3745 2174 3782 earum
2212 3726 2517 3798 aequalibus
2573 3727 2628 3779 in
2680 3727 2992 3780 ministerio
3019 3766 3036 3792 ,
3085 3723 3244 3793 cujus
3281 3736 3449 3776 causa

1859 3822 2208 3876 ceiebrantur
2259 3835 2290 3874 a
2323 3819 2511 3873 divino
2555 3817 2868 3888 Apostolo?
2920 3815 3081 3871 Nullo
3125 3816 3290 3869 modo
3331 3828 3451 3868 mea

1859 3915 2079 3984 quidem
2128 3911 2423 3975 sententia,
2483 3910 2590 3965 nisi
2652 3909 2799 3979 quod
2846 3924 2974 3977 erga
3027 3909 3323 3976 indignos:
3357 3907 3449 3960 sed

1862 4008 1966 4061 hoc
1996 4014 2148 4059 tanto
2201 4004 2553 4059 laudabilius.
2587 4000 2664 4055 lbi
2693 4003 2837 4064 enim
2875 4015 3120 4068 personae
3149 3999 3454 4069 amplitudo

1858 4095 1944 4150 vel
1975 4110 2142 4149 sensu
2174 4093 2418 4148 carentia
2474 4107 2603 4146 saxa
2645 4091 2714 4146 ad
2765 4090 3197 4148 beneﬁcentiam
3234 4104 3453 4161 permo-

1858 4190 2060 4244 visset:
2099 4187 2188 4240 hic
2220 4194 2403 4240 autem
2428 4201 2459 4239 e
2484 4183 2762 4240 contrario
2796 4185 2962 4238 etiam
2993 4198 3155 4240 sensu
3189 4182 3451 4252 praeditas

1860 4289 2067 4336 mentes
2133 4279 2393 4348 languere
2456 4285 2678 4347 cogeret
2758 4276 2942 4331 vilitas
3007 4290 3198 4330 eorum
3249 4275 3457 4346 quibus

1859 4372 2290 4428 ministrabatur.
2356 4370 2492 4424 Cum
2543 4383 2675 4438 ergo
2721 4368 2837 4424 haec
2894 4367 2967 4422 ita
3024 4376 3243 4433 essent,
3291 4375 3345 4422 et
3393 4375 3452 4421 tu

1862 4466 2220 4520 nihilominus
2273 4479 2435 4520 serus
2467 4478 2627 4534 agere
2673 4462 2792 4516 visa
2847 4460 3048 4527 fueris;
3107 4461 3232 4516 vide
3283 4476 3451 4531 quam

1862 4559 2076 4614 laudem
2103 4557 2386 4612 merearis.
2415 4555 2774 4625 Suscepimus
2804 4561 3009 4624 itaque,
3042 4555 3255 4625 egregia
3273 4554 3451 4623 virgo,

170 4648 450 4718 σκόπησον
496 4648 560 4701 τὺ
599 4647 900 4716 ἐγκώμιον.
956 4646 1262 4716 Ἀπέχομεν
1295 4647 1497 4712 τοίνυν,
1549 4640 1593 4700 ὦ
1623 4647 1756 4700 καλ-

1871 4651 2326 4713 misericordiam,
2373 4655 2428 4702 et
2455 4649 2582 4718 jure
2619 4657 2669 4701 te
2701 4646 3015 4710 laudamus,
3057 4645 3453 4714 amplectentes

167 4740 490 4811 λιπάρθενε,
527 4741 587 4794 τὸ
615 4740 786 4803 ἕλεος,
815 4740 908 4793 καὶ
930 4738 1188 4810 αίνοῦμέν
1211 4755 1271 4791 σε
1303 4739 1546 4801 είκότως,
1584 4756 1756 4808 προσ-

170 4833 572 4903 αποδεχόμενοι
618 4833 712 4884 καὶ⁵
763 4831 1241 4894 συνεπαινοῦντες,
1285 4833 1467 4884 καὶτὰ
1497 4832 1630 4884 ἄλλα
1660 4849 1753 4884 σου

171 4925 474 4995 σεμνολογή
486 4941 655 4993 ματα,
694 4925 789 4995 τὴν
821 4925 1168 4994 ἐγκράτειαν,
1200 4923 1299 4994 τὴν
1329 4923 1625 4994 αὐχμηρὰν
1659 4926 1754 4978 κό-

176 5034 304 5087 μην,
330 5017 432 5088 τὴν
461 5017 820 5088 ἠμελημένην
847 5017 1070 5086 ἐσθῆτα,
1111 5020 1210 5086 τὴν
1233 5017 1626 5088 ἐλεημοσύνην,
1661 5022 1757 5072 καὶ

171 5109 256 5160 ἐπ’
297 5110 482 5174 ἄλλοις
510 5110 612 5177 τὴν
649 5108 984 5178 φιλαγνείαν,
1024 5111 1119 5162 κει)⁹
1146 5110 1240 5163 ἐπὶ
1267 5110 1445 5180 τούτῳ
1485 5112 1753 5181 μηδαμῶς

176 5201 714 5271 μωμοσκοπηθεῖσαν
753 5201 888 5270 πρὸς
925 5201 1171 5253 τινοσοῦν
1205 5200 1316 5254 τῶν
1347 5201 1654 5272 ἀνθρώπων
1674 5219 1685 5229 ·
1716 5199 1761 5253 ὦ

174 5292 270 5362 τῆς
294 5297 467 5367 καλῆς
494 5315 590 5350 σου
619 5295 880 5368 ἐργασίας
904 5311 918 5324 ο
950 5293 994 5346 ὣ
1021 5296 1118 5364 τῆς
1145 5294 1429 5363 θεοφιλοῦς
1458 5295 1552 5348 καὶ
1583 5311 1760 5365 γηρα-

173 5381 300 5448 λέας
337 5389 616 5458 κεφαλῆςί
653 5385 897 5457 ἧνθησας
917 5386 974 5438 ἐν
1006 5385 1158 5456 μέσῳ
1180 5386 1432 5439 ἀκανθῶν
1455 5386 1530 5447 ὡς
1568 5387 1721 5458 ῥόδον
1742 5401 1758 5416 ο

179 5476 480 5544 εὐωδίασας
511 5484 570 5534 ἐν
602 5481 752 5551 μέσῳ
786 5481 980 5548 γενεᾶς
1021 5478 1240 5542 σκολιᾶς
1269 5481 1363 5532 καὶ
1397 5481 1762 5550 διεστραμμέ-

179 5581 310 5634 νης,
342 5570 417 5633 ὡς
464 5572 731 5644 όρθοφυὲς
775 5572 981 5643 κρίνον.
1019 5571 1084 5624 Τί
1122 5571 1183 5624 τὸ
1225 5570 1449 5638 λοιπόν;
1483 5573 1762 5641 διαμένειν

184 5673 240 5709 σε
263 5661 357 5713 καὶ
390 5666 529 5730 πρὸς
556 5665 618 5718 τὸ
641 5665 768 5736 ἐξῆς
797 5665 1169 5736 ἀπρόσκοπον,
1197 5668 1572 5736 σεσωσμένην,
1607 5666 1762 5733 φιλο-

183 5753 474 5816 κρινοῦσαν
539 5759 719 5813 πᾶσαν
787 5757 955 5829 ἄλλην
1018 5757 1238 5828 ἐντολὴν
1305 5757 1554 5829 Κυρίου·
1619 5756 1762 5811 ῶστε

188 5845 322 5906 μήτε
353 5847 577 5916 ὀμνύειν
607 5853 666 5905 τὺ
682 5851 853 5923 ὄνομα
879 5854 1088 5908 Κυρίου
1118 5851 1180 5904 τὸ
1210 5851 1473 5904 παοάπαν
1497 5869 1510 5882 ·
1548 5852 1683 5919 μήτε
1711 5868 1763 5903 τι

1872 4744 2036 4799 simul
2067 4749 2121 4795 et
2146 4742 2525 4796 collaudantes
2562 4740 2668 4794 alia
2711 4747 2802 4793 tua
2831 4750 3158 4794 ornamenta
3184 4779 3199 4802 ,
3245 4746 3453 4805 tempe-

1871 4837 2128 4896 rantiain,
2177 4833 2508 4902 incomptam
2561 4846 2813 4896 comam,
2871 4831 3172 4900 neglectam
3222 4837 3451 4888 vestem.

1871 4930 1925 4982 in
1961 4927 2099 4981 alios
2147 4939 2368 4995 quoque
2400 4924 2854 4987 beneﬁcentiam,
2909 4935 3150 4974 amorem
3189 4919 3452 4973 castimo-

1872 5023 1997 5084 niae,
2026 5030 2080 5074 et
2114 5016 2260 5086 quod
2284 5019 2350 5070 de
2388 5031 2451 5071 ea
2479 5031 2761 5084 nunquam
2797 5014 3130 5083 reprehensa
3177 5011 3350 5068 fueris
3385 5011 3456 5065 ab

1872 5116 1983 5167 ullo
2010 5112 2345 5166 mortalium.
2398 5107 2442 5162 0
2472 5112 2764 5179 praeclaras
2799 5107 3045 5161 actiones
3081 5105 3236 5158 tuas!
3273 5120 3306 5160 ο
3341 5103 3455 5159 Deo

1863 5209 2092 5258 charum
2121 5211 2175 5257 et
2209 5201 2380 5256 senile
2411 5212 2572 5269 caput
2601 5200 2614 5252 Ξ
2652 5197 2944 5252 Ellloruisti
2984 5196 3036 5249 in
3062 5195 3242 5250 medio
3263 5195 3447 5266 spina-

1864 5313 2008 5363 rum,
2043 5295 2187 5350 sicut
2221 5309 2348 5349 rosa
2377 5311 2390 5346 :
2424 5293 2649 5347 odorem
2678 5289 2877 5346 dedisti
2913 5289 2967 5344 in
2999 5288 3180 5344 medio
3213 5288 3450 5343 nationis

1866 5404 2046 5460 pravae
2100 5397 2263 5454 atque
2305 5401 2608 5456 perversa,
2667 5392 2929 5453 tanquam
2990 5390 3200 5435 rectum
3253 5381 3448 5435 lilium.

1868 5483 2008 5550 Quid
2045 5482 2318 5552 reliquum
2350 5478 2469 5533 est?
2510 5478 2580 5534 Ut
2630 5476 2778 5531 salva
2833 5487 3158 5544 permaneas
3191 5473 3356 5527 etiam
3399 5471 3450 5525 in

1870 5586 2150 5649 posterum
2216 5572 2423 5640 absque
2479 5569 2808 5630 ollensione,
2863 5579 3197 5634 servansque
3256 5571 3452 5618 caetera

1873 5667 2056 5722 omnia
2097 5663 2311 5720 Domini
2343 5662 2596 5715 mandata
2628 5681 2639 5714 :
2670 5668 2728 5712 ut
2758 5672 2859 5713 nec
2891 5670 3117 5727 prorsus
3163 5654 3317 5723 jures
3353 5653 3454 5707 Do-

1875 5759 2008 5814 mini
2041 5771 2264 5818 nomen,
2307 5769 2405 5808 nec
2440 5753 2609 5806 ullum
2665 5750 2812 5804 aliud
2845 5759 3169 5804 contemnas
3203 5763 3269 5802 ex
3303 5761 3445 5800 man-

1873 5851 2034 5908 datis.
2061 5848 2176 5904 lloc
2202 5855 2385 5902 autem
2404 5843 2550 5909 dico,
2575 5857 2684 5899 non
2707 5841 2862 5910 quasi
2893 5849 2944 5896 te
2965 5839 3136 5905 culpae
3157 5836 3451 5894 obnoxiam
