3964 6320
503 284 638 352 1347
1705 286 1766 344 S.
1789 283 2111 345 THEODO]

2213 280 2563 344 STU'DlT/E
3655 265 3804 329 13ἐὲ

495 413 618 453 esse
650 395 1099 464 deprehenderim
1129 438 1144 464 ,
1185 397 1280 451 sed
1311 397 1455 466 quod
1497 399 1549 451 in
1596 399 1854 452 omnibus
1907 394 2080 465 perfe-

2210 394 2312 448 Lno
2337 392 2721 464 παραθεωρεῖν
2741 390 2851 443 τῶν
2881 386 3284 457 ἐντεταλμένων
3307 401 3321 415 ·
3349 381 3518 436 τοῦτο
3545 380 3617 433 δὲ
3649 381 3809 447 λέγω

493 502 637 546 ctam
672 499 723 544 te
757 504 876 543 esse
904 488 1140 557 cupiam,
1169 498 1220 541 et
1251 490 1522 557 promissa
1547 489 1672 542 inde
1704 488 1846 542 bona
1875 504 2074 542 conse-

2211 487 2276 556 ὐχ
2304 487 2380 548 ὡς
2416 479 2972 562 καταλαμϐανόμενός
3016 495 3076 530 σε
3113 474 3479 530 ὑπαιτιᾶσθαι
3505 489 3518 502 °
3556 474 3695 527 ἀλλ’
3728 475 3809 534 ὡς

495 583 613 653 qui.
653 581 865 637 Salutat
905 591 956 635 te
995 578 1166 634 frater
1197 579 1452 636 Nicolaus
1477 595 1492 634 :
1520 591 1574 636 et
1620 597 1722 652 ego
1774 581 2063 634 Dominum

2211 595 2320 646 χων
2361 578 2415 630 ἐν
2443 576 2628 642 ἐφέσει
2655 573 2750 626 τοῦ
2781 575 2837 625 ἐν
2881 573 3047 624 πᾶσιν
3084 569 3272 638 ἄρτιον
3307 565 3478 629 εἶναι,
3537 566 3803 619 κάντεῦ-

496 688 563 728 ac
591 673 988 728 consobrinum
1014 679 1192 726 tuum.

2218 685 2275 719 εν
2311 669 2589 736 ἐπιτυχεῖν
2620 665 2727 719 τῶν
2763 666 2819 715 ἐν
2850 661 3201 730 ἐπαγγελίαις
3244 657 3511 726 ἀγαθῶνο
3567 658 3603 708 ὁ
3639 659 3809 709 ἀδελ-

2186 758 2285 825 (pb;
2319 758 2584 820 Νικόλαος
2622 754 3050 827 προσαγορεύει⁸
3106 753 3261 820 κάγὼ
3288 752 3384 805 τὸν
3419 747 3654 820 Κύριον
3707 756 3806 802 καὶ

2182 847 2499 917 ἀδελφιδοῦν
2532 866 2646 901 σου.

2424 962 2538 1028 ιε’.
2592 989 2664 1002 -—-
2710 961 3005 1024 ΒασιλεΙῳ
3042 959 3376 1026 ἡγουμένῳ.
3421 963 3554 1027 ιχ¹-ἰ

1051 1069 1254 1117 Dolenti
1276 1066 1409 1129 quod
1453 1063 1796 1116 [conomachis
1822 1064 2158 1122 consenserit,
2187 1081 2244 1117 ac
2269 1071 2615 1135 resipiscenti,
2649 1073 2986 1136 paenitentiam
3013 1069 3201 1120 indicit.

879 955 1044 1013 XCV.
1073 988 1142 997 —
1174 956 1377 1010 Basilio
1406 957 1711 1022 prmposito.

571 1174 628 1227 In
653 1174 736 1229 his
761 1191 883 1244 qua:
916 1175 1135 1244 scripsit
1165 1174 1463 1228 reverentia
1494 1183 1608 1238 tua,
1643 1173 1836 1238 frater,
1879 1174 1933 1226 in
1959 1187 2078 1242 pte-

2271 1177 2358 1231 Ἒν
2381 1174 2459 1242 οἷς
2483 1181 2758 1252 γέγραφεν
2795 1181 2827 1252 ή
2867 1179 3116 1250 τιμιότης
3145 1195 3259 1241 σου,
3296 1175 3518 1240 ἀδελφὲ,
3557 1173 3767 1225 ὑπέδει

505 1268 590 1320 nis
634 1269 776 1320 ultro
809 1267 1131 1333 subeundis,
1166 1266 1515 1336 acquiescere
1546 1281 1605 1320 se
1643 1266 1994 1334 significavit,
2031 1273 2087 1318 et

2210 1274 2280 1338 Ξεν
2305 1273 2505 1344 ἑαυτήν
2535 1271 2864 1326 εὑδοκοῦσαν
2893 1272 2950 1324 ἐν
2988 1272 3098 1331 τοῖς
3127 1268 3449 1335 ἐπιτιμίοις,
3483 1266 3588 1317 καὶ
3640 1266 3749 1316 ἐπε

506 1359 570 1408 ad
606 1357 830 1410 meliora
866 1372 1028 1425 porro
1056 1356 1186 1410 ferri
1220 1374 1233 1409 :
1269 1356 1730 1420 quemadmodum
1767 1371 1875 1409 non
1917 1355 2088 1410 tabel-

2210 1366 2429 1437 (σμένην
2483 1365 2617 1436 πρὸς
2658 1365 2728 1417 τά
2776 1364 3093 1434 κρείττονα’
3147 1360 3288 1414 καθά
3351 1356 3682 1422 ἐξεδίδαξεν
3737 1360 3797 1409 οὗ

505 1449 677 1500 larius
712 1450 875 1501 modo
918 1449 1160 1506 edocuit.
1194 1451 1287 1501 sed
1311 1458 1365 1501 et
1393 1455 1518 1500 ante
1545 1448 1722 1515 ipsum
1750 1447 2090 1501 reverendis-

2210 1459 2357 1525 μόνον
2389 1461 2417 1511 ό
2449 1457 2926 1527 γραμματηφόρος
2951 1469 2964 1483 ⁸
2997 1453 3131 1508 ἀλλὰ
3169 1452 3276 1520 γὰρ
3324 1451 3421 1502 καὶ
3468 1449 3580 1516 πρὸ
3622 1448 3800 1499 αὑτοῦ

507 1540 679 1592 simus
716 1537 886 1592 frater
928 1551 1114 1592 noster
1148 1537 1363 1604 Petrus,
1394 1548 1450 1592 et
1489 1539 1632 1592 idem
1667 1539 1883 1592 amicus
1915 1547 2040 1594 tuus
2070 1557 2085 1592 :

2210 1552 2222 1604 5
2248 1551 2581 1620 τιμιώτατος
2615 1551 2843 1617 ἀδελφὸς
2870 1548 3029 1618 ἡμῶν
3061 1547 3266 1616 Πέτρος
3295 1545 3322 1596 ὁ
3349 1546 3442 1595 καὶ
3473 1545 3559 1595 σοὶ⁵
3601 1541 3802 1607 φιλο-5-

506 1633 577 1684 ob
633 1646 756 1698 quae
804 1630 1027 1700 gavisus
1063 1646 1184 1685 sum
1227 1645 1329 1699 ego
1382 1632 1604 1685 humilis
1640 1642 1694 1685 et
1732 1632 1937 1700 gratias
1985 1631 2091 1700 egi.

2210 1658 2364 1707 μενος
2385 1659 2396 1670 ·
2435 1640 2519 1709 ἐφ’
2558 1635 2640 1702 οἷς
2677 1640 2854 1708 ἥσθην
2882 1639 2910 1690 ὁ
2938 1635 3191 1698 ταπεινὸς
3221 1635 3313 1686 καὶ
3358 1633 3796 1701 ηὐχαρίστησα.

508 1724 692 1791 Neque
709 1724 855 1776 enim
878 1723 992 1777 leve
1013 1733 1097 1778 est
1117 1734 1210 1777 aut
1231 1725 1691 1777 contemnendum
1709 1725 1854 1792 quod
1875 1723 2096 1778 admisi-

509 1830 653 1877 mus,
691 1815 771 1868 vir
797 1817 1025 1884 optime,
1057 1832 1181 1871 cutn
1217 1817 1578 1888 negatoribus
1608 1816 1865 1886 imaginis
1888 1813 2096 1870 Christi

508 1908 995 1972 communicando,
1033 1910 1124 1964 sed
1161 1910 1352 1978 ingens
1381 1909 1679 1978 piaculum,
1710 1917 1765 1962 et
1791 1908 1954 1978 plane
1972 1922 2095 1961 cum

512 2000 636 2054 fidei
657 2002 949 2069 negatione
976 2002 1333 2072 coniunctum
1369 2021 1382 2056 :
1417 2003 1681 2071 quoniam
1709 2000 1966 2068 imaginis
1997 2014 2095 2053 ne-

509 2093 658 2162 gatio
689 2094 754 2147 ad
787 2105 1134 2164 prototypum
1178 2095 1426 2149 ascendit
1465 2109 1478 2147 :
1522 2102 1576 2146 et
1607 2093 1734 2147 huic
1780 2091 1883 2161 ipsi
1928 2106 2097 2161 nega-

511 2185 646 2238 tioni
696 2183 904 2240 Christi
937 2187 1444 2246 cmumuuicaruut.
1479 2193 1753 2255 quotquot
1791 2184 2098 2254 quomodo-

510 2291 732 2345 cuuque
781 2277 1288 2332 communiearunt.
1346 2278 1641 2347 Postquam
1709 2291 1843 2331 vero
1898 2275 2097 2330 iterum

511 2369 802 2424 c0ufessus
817 2385 898 2434 es.
932 2372 1127 2426 sivisse
1159 2379 1231 2434 te,
1262 2380 1411 2424 metu
1442 2369 1844 2438 persequentis,
1880 2379 1938 2422 ut
1963 2369 2099 2422 ima-

515 2461 672 2532 gines
701 2477 732 2516 e
781 2462 961 2516 medio
998 2461 1346 2522 tollerentur,
1376 2462 1598 2530 gravius
1643 2460 1784 2515 istud
1830 2460 2097 2528 ﬂagitium

512 2553 788 2620 est.Quod
815 2565 994 2608 autem
1009 2563 1064 2608 et
1090 2554 1487 2621 subscripsisse
1513 2562 1565 2606 te
1587 2553 1690 2619 ais,
1718 2562 2099 2607 consummata

519 2647 782 2716 iniquitas
815 2656 872 2700 et
908 2649 1127 2717 negatio
1155 2656 1262 2703 est.
1291 2645 1432 2712 Quid
1453 2650 1724 2715 agendum
1757 2645 1946 2714 igitur,
1971 2659 2099 2698 eum

518 2745 573 2788 et
604 2737 797 2791 salutis
841 2737 1141 2791 remedium
1173 2751 1412 2805 quaeras,
1440 2751 1540 2790 nec
1575 2735 1719 2789 ferre
1751 2744 1803 2788 te
1835 2749 1997 2804 posse
2021 2733 2102 2788 di-

517 2845 612 2883 cas
659 2829 915 2898 exiguum
950 2830 1083 2883 illud
1115 2829 1262 2900 quod
1297 2828 1668 2899 adjiciendum
1700 2842 1876 2898 paenae
1907 2836 2098 2892 restat,

521 2921 893 2975 valetudinem
933 2922 1263 2984 obtendens,
1297 2930 1463 2990 atque
1500 2922 1604 2974 hoc
1649 2930 1704 2974 et
1752 2920 1883 2974 illud
1923 2921 2102 2988 potius

528 3014 719 3066 subire
763 3014 1112 3082 praeoptans?
1163 3013 1436 3080 Utrinque
1469 3012 1524 3064 in
1570 3027 1798 3081 magnas
1825 3014 2105 3081 angustias

531 3108 817 3174 adducor;
847 3107 974 3162 hinc
1005 3122 1194 3162 amore
1232 3106 1437 3170 fratris,
1475 3121 1543 3161 ne
1575 3121 1624 3160 te
1657 3107 1906 3161 deseram
1937 3125 1950 3160 :
1987 3107 2111 3161 inde

524 3201 793 3270 gravitate
827 3203 1073 3264 sceleris,
1106 3215 1176 3255 ne
1204 3200 1666 3255 medicamentum
1697 3201 1968 3254 minuam.
2010 3200 2110 3253 At-

526 3306 712 3348 tamen
767 3294 1150 3348 vehementius
1188 3294 1456 3347 charitate
1515 3293 1784 3361 impulsus
1819 3293 1933 3346 haec
1985 3306 2108 3345 cum

531 3389 728 3441 timore
757 3403 821 3441 ac
850 3397 1086 3442 tremore
1116 3386 1341 3441 deﬁnio.
1387 3383 1505 3440 Uno
1529 3385 1709 3439 adhuc
1730 3399 1894 3444 anno.
1919 3381 2111 3448 frater,

529 3478 706 3532 sacris
763 3477 1037 3547 mysteriis
1094 3476 1330 3541 abstine,
1386 3475 1456 3529 ob
1505 3475 1781 3546 geminum
1831 3472 2112 3537 delictum,

531 3578 847 3623 sanctarum
871 3569 1171 3636 imaginum
1229 3567 1570 3622 eversionem
1600 3567 1746 3631 dico,
1782 3575 1835 3619 et
1872 3565 2117 3620 subscri-

534 3663 775 3730 ptionem
809 3659 1424 3731 impiam.Subseriptio
1441 3660 1589 3713 enim
1624 3667 1732 3722 est,
1770 3657 1853 3712 vel
1886 3659 1932 3712 si
1955 3657 2117 3711 modo

539 3754 812 3807 adduetus
864 3769 924 3807 es
961 3764 1018 3805 ut
1072 3753 1258 3807 crucis
1294 3755 1512 3822 signum
1571 3752 1846 3821 pingeres.
1881 3749 2117 3805 Easdem

541 3846 762 3900 interim
793 3860 987 3912 preces
1009 3861 1238 3916 perages
1261 3861 1323 3899 ac
1347 3843 1777 3915 genuﬂexioues,
1814 3843 1950 3897 citra
1972 3858 2120 3897 mor-

541 3939 694 3993 bum.
723 3937 998 4003 Quoniam
1047 3948 1230 3992 autetn
1283 3938 1478 4007 exigua
1512 3939 1674 4007 plane
1705 3952 1864 4006 paena
1909 3936 2119 4005 reliqua

538 4041 642 4093 est,
666 4044 905 4098 congrua
939 4030 992 4082 in
1027 4045 1297 4098 pauperes
1321 4030 1571 4098 pecuniae
1592 4029 1911 4099 erogatione
1940 4043 2123 4099 aequa-

540 4124 642 4176 lem
675 4129 908 4190 repende
941 4125 1470 4193 compensationem.
1494 4122 1765 4190 Quantam
1790 4134 1970 4181 autem
1998 4139 2123 4181 esse

540 4213 689 4267 illam
720 4223 988 4283 oporteat,
1023 4215 1444 4269 declarabit.....

912 4324 1094 4380 XCVI.
1127 4354 1196 4364 --
1229 4323 1434 4379 Niceta:
1455 4326 1694 4378 curatori
1729 4326 1815 4394 (‘).

806 4447 1229 4500 convenienter:
1264 4457 1428 4516 atque
1460 4448 1597 4500 adeo
1631 4447 1920 4501 dicendum
1955 4451 2063 4504 erit
2103 4471 2118 4506 :
2157 4463 2197 4517 ι)

545 4540 662 4594 Non
688 4551 771 4592 est
805 4539 1185 4593 manifestatus
1211 4537 1352 4593 Deus
1381 4540 1434 4591 in
1465 4555 1630 4593 carne
1660 4558 1673 4593 :
1705 4554 1816 4608 quo
1838 4540 1970 4610 quid
1999 4557 2123 4597 esse

2196 1735 2271 1788 Οὐ
2302 1735 2414 1804 γάρ
2443 1751 2495 1786 τι
2537 1734 2733 1803 μικρόν
2761 1749 2819 1784 τε
2862 1734 2956 1783 καὶ
2979 1727 3464 1795 εὐκαταφρόνητον
3508 1723 3537 1776 ὃ
3585 1728 3798 1774 πεπόν-

2198 1825 2391 1897 Θαμεν,
2433 1818 2479 1877 ὦ
2509 1825 2640 1889 τᾶν,
2670 1823 2762 1876 ἐπὶ
2794 1824 2861 1893 τῇ
2893 1823 3122 1893 ἀρνήσει
3158 1818 3255 1888 τῆς
3288 1815 3535 1886 Χριστοῦ
3572 1815 3798 1871 εἰκόνος

2198 1918 2695 1985 κεκοινωνηκότεςο
2729 1915 2865 1968 ἀλλά
2905 1915 3001 1966 καὶ
3032 1912 3150 1965 λίαν
3200 1910 3430 1962 ἔκτοπον
3481 1909 3582 1959 καὶ
3623 1907 3799 1975 ἀρνη-

2198 2009 2348 2063 τικδν
2403 2009 2675 2080 ἀριδήλως
2713 2007 2812 2075 τῆς
2854 2006 3088 2068 πίστεως
3113 2023 3124 2035 ·
3173 2003 3310 2056 διότι
3351 2004 3384 2071 ή
3427 2000 3532 2067 τῆς
3574 1998 3796 2058 εἰκόνος

2198 2100 2426 2174 ἄρνησις
2451 2103 2542 2154 ἐπὶ
2574 2101 2633 2152 τὸ
2656 2097 3012 2168 πρωτότυπον
3041 2094 3324 2149 ἀναϐαίνει
3350 2110 3365 2122 ·
3392 2094 3488 2145 καὶ
3511 2091 3702 2162 ταύτῃ
3733 2092 3796 2159 τῇ

2198 2194 2426 2263 ἀρνήσει
2476 2190 2739 2263 Χριστοῦ,
2787 2190 2988 2250 πάντες
3045 2187 3093 2240 ol
3144 2183 3392 2239 ὁπωσοῦν
3440 2199 3796 2250 κεκοινωνη-

2198 2284 2376 2346 κότες.
2402 2282 2883 2351 κεκοινωνήκασιν.
2926 2279 3080 2331 Ἐπεὶ
3109 2277 3164 2330 δὲ
3190 2276 3352 2329 πάλιν
3383 2273 3796 2343 ἐξηγόρευσας,

2200 2377 2292 2430 καὶ
2323 2373 2613 2445 ἐπιτρέψαι
2642 2373 2751 2424 δέει
2781 2370 2874 2424 τοῦ
2906 2370 3199 2431 διώκοντος
3230 2367 3494 2435 ἀφανίσαι
3524 2366 3760 2429 είκόνας
3782 2382 3794 2394 ·

2199 2464 2583 2537 χαλεπώτερον
2635 2463 2698 2516 τὸ
2743 2463 3039 2531 ἀνὸμημαο
3104 2462 3187 2513 ὃτι
3223 2460 3280 2511 δέ
3323 2458 3417 2511 καὶ
3459 2456 3798 2526 ὑπογράψαι

2201 2560 2359 2628 ἔφης,
2401 2557 2675 2626 ὀλόσωμος
2726 2556 2761 2626 ή
2805 2554 3051 2628 ἁμαρτία
3095 2554 3250 2621 καὶὴ
3301 2551 3558 2620 ἄρνησις.
3604 2550 3677 2601 Τί
3705 2547 3797 2602 οὖν

2199 2655 2282 2708 δεῖ
2313 2655 2507 2716 ποιεῖν,
2556 2652 2638 2705 ὅτι
2689 2651 2784 2703 καὶ
2829 2649 3146 2719 ἐπιζητοίης
3171 2647 3229 2699 τὸ
3260 2646 3354 2715 τῆς
3390 2645 3611 2711 ὑγιείας
3657 2645 3797 2713 φάρ-

2204 2764 2402 2817 μακον,
2429 2745 2522 2798 καὶ
2543 2745 2604 2797 οὑ
2635 2743 2822 2812 φέρειν
2850 2742 3014 2795 πάλιν
3039 2743 3144 2810 φὴς
3170 2738 3268 2809 τὴν
3299 2737 3422 2788 κατ’
3457 2735 3649 2804 ὀλίγον
3679 2735 3796 2786 ἐπί-

2205 2839 2354 2892 θεσιν
2377 2855 2391 2869 ο
2427 2836 2710 2890 ἀσθένειαν
2753 2833 3210 2906 προϐαλλόμενος,
3240 2830 3334 2882 καὶ
3371 2827 3536 2880 τοῦτο
3568 2829 3797 2881 κάκεῖνο

2211 2931 2412 3002 μᾶλλον
2456 2927 2794 2993 είσδὲξασθαι
2829 2925 3294 2994 προαιρούμενοςς
3325 2920 3497 2973 Στενὰ
3526 2938 3619 2989 μοι
3665 2921 3797 2972 ἐκα-

2160 3015 2174 3031 ’
2210 3023 2464 3094 τέρωθεν,
2496 3022 2590 3074 καὶ
2648 3019 2808 3073 ἐῶντι
2858 3018 2948 3070 διὰ
2994 3017 3055 3070 τὸ
3103 3015 3470 3084 φιλάδελφον·
3517 3014 3615 3067 καὶ
3665 3031 3797 3082 σμι-

2209 3114 2460 3185 κρύνοντι
2489 3113 2548 3165 τὸ
2573 3112 2864 3180 φάρμακον
2889 3109 2977 3161 διὰ
3005 3107 3068 3160 τδ
3096 3107 3194 3175 τῆς
3228 3105 3503 3175 ἁμαρτίας
3535 3105 3792 3174 μέγεθος.

2211 3207 2403 3275 Ὅμως
2443 3201 2882 3273 συμπιεζόμενος
2919 3199 3120 3269 μᾶλλον
3143 3201 3210 3269 τῇ
3259 3198 3450 3268 ἀγάπῃ
3488 3197 3664 3267 ὁρίζω
3699 3195 3794 3246 σὺν

2214 3296 2366 3366 φόϐῳ
2420 3294 2513 3347 καὶ
2562 3294 2749 3365 τρόμῳ
2811 3291 2975 3346 τάδε’
3034 3288 3094 3342 ἐν
3161 3287 3280 3350 ἔτος
3334 3287 3462 3341 ἀλλο
3507 3287 3792 3355 ἀπόσχου,

2213 3387 2432 3458 ἀδιλφέ,
2480 3385 2588 3439 τῶν
2631 3384 3012 3453 ἀγιασμάτων,
3067 3381 3152 3450 ἐφ’
3201 3382 3479 3452 ἑκατέροις
3511 3380 3627 3440 τοῖς
3660 3393 3795 3446 συμ-

2216 3481 2496 3551 πτώμασι,
2526 3479 2624 3547 τῆς
2661 3477 2769 3529 τῶν
2803 3475 2974 3543 ἁγίων
2999 3473 3226 3526 εἰκόνων
3254 3471 3593 3534 κατενὲξεως
3627 3467 3792 3534 λέγω,

2216 3577 2312 3629 καὶ
2356 3572 2586 3635 ἀσεϐοῦς
2642 3566 2997 3639 ὑπογραφῆς’
3054 3564 3349 3635 ὑπογραφὴ
3392 3563 3505 3631 γὰρ
3558 3562 3663 3615 κᾶν
3714 3563 3792 3614 ὅτι

2221 3667 2380 3736 μόνον
2410 3666 2582 3726 ἐάλως
2625 3663 2857 3732 σταυρὸν
2885 3658 3122 3731 χαράξαι
3141 3674 3156 3688 ⁸
3186 3656 3357 3711 ποιῶν
3377 3658 3475 3709 καὶ
3494 3658 3597 3717 τὰς
3627 3670 3794 3724 προσο

2219 3758 2384 3828 ευχάς
2421 3758 2520 3820 τὰς
2569 3755 2738 3817 αὑτὰς
2795 3755 2890 3806 καὶ
2915 3752 3287 3820 γονυκλισίας,
3321 3747 3451 3802 ἀνευ
3485 3746 3787 3808 ἀσθενείας.

2231 3849 2450 3919 Ἐπειδὴ
2485 3849 2542 3901 δέ
2576 3847 2754 3916 ὀλίγον
2787 3845 2906 3900 λίαν
2943 3846 3004 3898 τὸ
3032 3845 3340 3913 ἐπιτίμιον,
3370 3839 3614 3892 ἐπιδόσει
3646 3839 3791 3905 ἐλεη-

2223 3941 2461 4012 μοσύνης
2520 3939 2746 4010 ἱκανῆς,
2789 3936 3192 4007 ἁντισηκοῦσαν
3251 3934 3636 3998 συνεισένεγκε
3697 3929 3788 3996 τὴν

2221 4035 2668 4107 ἀντιστάθμησιν.
2715 4032 2949 4102 Ὀπόσης
2976 4028 3033 4082 δέ
3060 4028 3287 4097 ταύτης,
3313 4024 3645 4098 δηλώσει....

2590 4328 2722 4395 ἦς’.
2757 4352 2827 4365 -
2855 4320 3080 4388 Nimim
3118 4315 3463 4384 κουράτωρι.

2416 4450 2740 4520 ἀραρότως·
2811 4445 2906 4498 καὶ
2953 4443 3127 4502 οὕτως
3167 4441 3382 4505 ἀνάγκη
3431 4435 3652 4502 λέγειν’
3702 4433 3785 4485 οὐκ

2221 4540 2542 4612 ἐφανερώθη
2584 4539 2716 4600 Θεὸς
2741 4538 2801 4588 ἐν
2829 4534 2994 4604 σαρκί
3023 4549 3037 4562 °
3073 4525 3134 4584 οὗ
3167 4529 3219 4581 τί
3253 4528 3317 4582 ἂν
3352 4527 3570 4595 γένοιτο
3600 4527 3784 4578 ίουδαῖο

547 4644 702 4702 potes
745 4632 1032 4685 Judaicum
1062 4631 1280 4697 magis?
1312 4630 1438 4685 Haec
1465 4647 1561 4700 pro
1590 4634 1836 4700 epistola:
1858 4635 2111 4689 brevitate

2223 4635 2494 4704 κώτερονς
2538 4630 2710 4684 ταῦτα
2754 4630 2829 4690 ὼς
2870 4630 2927 4680 ἐν
2975 4621 3267 4688 ἐπιστολῆς
3299 4620 3488 4690 μέτρῳ
3529 4618 3781 4670 λέλεκται.

549 4725 694 4778 dicta
727 4727 858 4777 sint.
889 4723 1045 4788 Quod
1088 4723 1132 4777 si
1173 4721 1315 4777 Deus
1344 4725 1553 4777 dederit
1593 4740 1692 4778 nos
1733 4725 1952 4780 tandem
1987 4727 2128 4780 invi-

2238 4726 2365 4777 Ἐὰν
2399 4723 2455 4776 δέ
2480 4723 2554 4790 δῷ
2583 4721 2714 4781 Θεὸς
2736 4717 2834 4787 ὀψέ
2859 4731 2987 4768 ποτε
3017 4712 3144 4765 ἰδεῖν
3173 4711 3322 4779 ἡμᾶς
3350 4709 3648 4778 ἀλλήλους,
3678 4707 3782 4759 τότε

547 4832 664 4868 cem
695 4832 876 4867 coram
908 4815 1130 4876 intueri,
1164 4825 1294 4868 tunc
1325 4816 1417 4868 tibi
1451 4825 1528 4868 tot
1559 4816 1910 4884 proferentur
1933 4817 2111 4887 placit:

2225 4814 2462 4870 τοσαῦτά
2495 4829 2578 4865 σοι
2605 4810 2969 4880 λαληθήσεται
3004 4802 3264 4873 ἀληθείας
3301 4800 3557 4870 δόγματα
3586 4801 3710 4868 περί
3735 4815 3780 4849 τε

551 4907 817 4970 veritatis,
862 4908 928 4959 de
957 4909 1168 4974 pictura
1213 4916 1266 4960 et
1293 4907 1614 4962 adoratioue
1652 4919 1962 4962 sanctarum
1990 4911 2129 4962 ima-

551 4998 759 5064 ginum,
798 5006 932 5065 quot
962 5001 1045 5051 vix
1068 5013 1229 5052 aures
1270 5007 1396 5060 tuae,
1446 4998 1532 5052 vir
1573 5000 1892 5065 revereude,
1927 5014 2124 5070 capere

554 5103 785 5157 possunt.

805 5221 1011 5278 XCVII.
1036 5253 1104 5263 --
1129 5223 1337 5277 Basilio
1375 5223 1488 5293 ﬁlio
1522 5223 1815 5291 spirituali.

2229 4908 2444 4979 γραφῆς
2481 4905 2575 4958 καὶ
2614 4901 3035 4974 προσκυνήσεως
3064 4896 3175 4949 τῶν
3204 4894 3379 4962 ἁγίων
3419 4894 3665 4955 εἰκόνων,
3697 4893 3780 4944 ὅσα

2228 5002 2348 5055 οὐδὲ
2382 5000 2442 5053 τὸ
2467 4998 2648 5068 τίμιόν
2676 5011 2770 5048 σου
2800 4989 2892 5055 οὖς
2921 4989 3174 5060 δυνηθείη
3207 4987 3464 5041 ἀκοῦσαι,

2433 5211 2548 5280 ιιΖκ
2585 5239 2655 5251 --
2690 5204 2986 5271 Βασιλείᾳ)
3023 5201 3132 5268 υιῷ
3183 5199 3587 5269 πνευματικῷ.

1655 5358 1910 5420 Praecipue
1931 5357 1989 5405 ad
2011 5356 2211 5404 fratrum
2233 5365 2402 5402 curam
2423 5353 2662 5402 hortatur.

625 5460 957 5530 Optabamus
984 5484 1105 5520 eum
1135 5468 1336 5521 domno
1361 5467 1624 5536 Gregorio
1655 5479 1707 5521 et
1737 5476 1789 5521 te
1822 5467 1927 5521 illic
1947 5467 2126 5520 intue-

2316 5459 2736 5532 Ἐπεθυμοῦμεν
2780 5457 2879 5511 σὺν
2912 5454 2989 5526 τῷ
3039 5453 3190 5523 κυρῷ
3247 5451 3287 5504 Γ
3293 5451 3577 5522 ρηγορίῳ,
3620 5451 3704 5506 καί
3728 5466 3773 5502 σε

2047 5575 2278 5633 ΝΟΤΕ.

619 5671 701 5759 ’(⁸)
727 5695 1102 5765 Dogtnaticam
1137 5696 1278 5752 hanc
1317 5664 1487 5753 fuisse
1508 5708 1745 5766 apparet.
