3964 6320
138 355 270 421 1349

1321 357 1679 417 EPISTOLA
1689 358 1855 419 RUM
1895 359 2044 421 LIB.
2091 362 2171 423 II.

3263 356 3400 422 1350

134 470 367 526 ἐνταῦθα
409 472 718 544 θεωρῆσαι,
756 484 947 525 τεκνον
983 470 1383 542 ἠγαπημένονο
1428 471 1542 524 ἀλλ’
1588 470 1713 524 ἐπεὶ

1827 471 1890 536 ri,
1923 473 1994 524 lili
2027 471 2227 529 dilecte
2257 492 2273 528 :
2317 474 2411 529 sed
2444 473 2668 542 quando
2715 471 2769 527 id
2803 472 3032 527 minime
3062 470 3266 527 factum
3294 486 3399 536 est,

133 565 291 619 τοῦτο
343 565 404 620 οὑ
443 566 664 635 γέγονε,
725 566 1026 636 γράμμασι
1071 562 1554 636 παραμυθούμεθα
1613 563 1712 634 τὴν

136 659 421 730 ἀπόλειψιν
447 673 460 687 ⁶
512 657 875 730 γνωρίζοντές
910 675 992 711 σοι
1023 658 1106 711 ὅτι
1149 656 1351 729 ἔχομέν
1378 673 1440 709 σε
1491 655 1578 708 ἀεὶ
1621 654 1714 708 ἐπὶ⁸

135 750 362 817 καρδίας
395 749 553 820 ἡμῶν
599 749 903 817 ταπεινῆς’
965 747 1250 818 φιλοῦντες
1290 747 1392 820 τὴν
1437 745 1714 818 σωτηρίαν

138 859 229 893 σου
261 857 320 893 τε
351 840 578 894 καὶτῶν
608 839 750 912 μετὰ
778 840 870 893 σοῦ
904 840 1169 908 ἀδελφῶν,
1210 840 1307 893 καὶ
1328 839 1562 892 τέκνων.
1604 838 1715 892 Καὶ

136 934 240 1003 γὰρ
273 936 443 1005 πατρὶ
485 933 663 998 κλέος,
705 933 822 988 υἱοῦ
862 933 1108 998 εὐδοξία’
1150 932 1244 985 καὶ
1294 930 1521 1002 αὔχημα
1547 930 1713 1002 ἱερὸν,

135 1028 193 1075 τὸ
235 1026 386 1079 ύῖκδν
430 1027 838 1097 σεμνολόγημα.
886 1026 1200 1096 Παρακαλῶ
1221 1021 1314 1079 οῦν
1350 1042 1407 1078 σε
1438 1026 1496 1076 ἐν
1524 1022 1716 1094 Κυρίῳ

137 1117 358 1186 ἔχεσθαι
402 1120 463 1172 οὑ
508 1121 669 1186 μόνον
701 1120 802 1188 τῆς
827 1120 1034 1182 οἰκείας
1069 1117 1419 1180 εὐσταθείας,
1456 1116 1592 1171 ἀλλὰ
1621 1116 1717 1170 καὶ

134 1210 235 1276 τῆς
270 1209 383 1262 τῶν
425 1209 673 1278 ἀδελφῶν
717 1210 1040 1280 ἐπιμελείας
1091 1210 1430 1280 ποθούμενον
1477 1207 1572 1261 καὶ
1617 1222 1715 1258 πο-

138 1300 372 1353 θοῦντα·
423 1302 790 1372 στεργόμενον
846 1305 941 1356 καὶ
998 1306 1318 1374 στέργοντα.
1384 1304 1561 1357 Ὅπου
1607 1286 1717 1372 γάρ

136 1395 323 1462 ἀγάπη
372 1396 755 1466 πνευματικὴ,
801 1398 920 1450 ἐκεῖ
950 1398 1008 1449 ἐν
1054 1397 1205 1467 μέσῳ
1249 1397 1521 1469 Χριστὸς,
1573 1398 1717 1452 καθὰ

139 1488 527 1558 ἐπηγγείλατο.
574 1489 660 1552 Ὦς
689 1489 852 1553 καλὸς
886 1489 1203 1561 καθηγητὴς
1221 1530 1235 1554 ,
1267 1491 1368 1558 ἄγε
1394 1490 1523 1553 τοὺς
1548 1490 1719 1560 ἄρνας

139 1582 376 1652 Χριστοῦ
398 1602 411 1614 ·
437 1583 742 1654 συμπαθῶς
767 1585 1146 1654 πεφεισμένως
1167 1586 1512 1655 ὀνειρόμενος
1535 1586 1718 1640 αὑτῶν

139 1674 212 1737 ὡς
243 1677 464 1728 οἰκείων
519 1675 695 1747 μελῶν
720 1693 734 1708 ο
767 1675 913 1740 οἶδας
941 1677 1024 1740 τίς
1055 1674 1138 1742 εἴ,
1185 1679 1267 1731 ὅτι
1312 1679 1716 1749 ἀπροσπαθήςο

137 1769 216 1821 ὃτι
246 1769 789 1839 συμπεριφερόμενος
808 1786 821 1799 °
849 1771 962 1823 ἀλλ’
983 1767 1076 1824 οὖν
1103 1772 1184 1823 ὅτι
1209 1772 1301 1824 καὶ
1328 1771 1718 1840 ἀκριὸολογού-

1819 562 2014 617 litteris
2035 562 2370 620 desiderium
2398 565 2713 633 mitigamus
2743 581 2759 618 :
2794 572 2852 618 ut
2883 565 3156 635 intelligas
3185 581 3212 620 a
3244 569 3402 621 nobis

1821 655 2120 712 humilibus
2170 659 2369 728 gestari
2409 668 2459 712 te
2497 673 2714 728 semper
2740 657 2796 714 iu
2845 658 3011 721 sinu;
3057 671 3210 714 tuam
3253 662 3399 715 enim

1821 747 2052 802 salutem
2090 760 2368 820 optamus,
2423 761 2477 804 et
2525 767 2714 805 eorum
2765 752 2858 819 qui
2907 761 3086 807 tecum
3132 763 3264 806 sunt
3293 751 3403 807 fra-

1822 846 1965 892 trum
2007 855 2072 894 ac
2131 843 2388 896 liliorum.
2441 841 2737 896 Enimvero
2781 843 2878 898 filii
2920 843 3115 912 gloria,
3152 844 3273 898 laus
3309 861 3402 914 pa-

1822 932 1922 984 tris
1979 941 2066 986 est
2113 950 2125 985 :
2169 940 2223 986 et
2278 934 2364 1002 pie
2407 933 2719 987 exsultandi
2770 950 2953 998 causa,
3003 935 3110 987 vita
3164 936 3398 989 liliorum

1823 1022 2005 1091 gravis
2040 1031 2094 1077 et
2125 1025 2452 1092 composita.
2488 1022 2732 1078 Obsecro
2774 1034 2826 1077 te
2854 1026 3033 1092 itaque
3057 1027 3110 1078 in
3143 1025 3398 1091 Domino,

1823 1121 2020 1167 utnon
2078 1117 2308 1184 propria:
2351 1117 2513 1169 modo
2560 1117 2844 1170 slabilitati
2893 1119 3171 1182 consulas,
3219 1121 3310 1173 sed
3346 1132 3400 1173 ct

1824 1205 2051 1260 fratrum
2107 1223 2294 1261 curam
2321 1224 2479 1278 geras
2516 1224 2530 1260 :
2564 1217 2621 1261 ut
2651 1219 2704 1262 et
2737 1210 2898 1264 abiis
2933 1211 3177 1280 diligat-is
3221 1221 3276 1264 et
3308 1228 3402 1266 eos

1823 1298 2065 1376 vicissim
2100 1300 2321 1370 diligas,
2355 1311 2414 1354 ut
2449 1303 2652 1356 ameris
2677 1312 2731 1356 et
2758 1317 2929 1356 ames.
2963 1303 3066 1358 Ubi
3092 1305 3238 1358 enim
3269 1305 3391 1358 cha-

1824 1389 1956 1444 ritas
1979 1391 2262 1460 spiritalis,
2301 1392 2370 1445 ibi
2407 1392 2659 1447 Christus
2699 1393 2753 1445 in
2783 1394 2990 1456 medio,
3015 1395 3160 1449 siet
3189 1395 3403 1463 pollici-

1828 1492 1915 1537 tus
1948 1493 2031 1537 est
2077 1483 2144 1538 ".
2179 1482 2464 1553 Tanquam
2499 1486 2751 1553 egregius
2797 1485 3012 1548 ductor,
3037 1485 3238 1539 Chriin
3271 1503 3402 1541 oves

1825 1576 1974 1644 agito
2011 1593 2025 1628 :
2066 1576 2550 1630 commiseratione
2581 1576 2818 1644 quadam
2850 1586 3014 1646 atque
3060 1578 3401 1643 indulgentia

1831 1666 1983 1736 ipsas
2029 1683 2127 1720 ceu
2161 1668 2380 1736 pr0pria
2418 1667 2661 1720 membra
2706 1667 2958 1736 diligens.
2995 1666 3146 1723 Nosti
3176 1671 3265 1739 qui
3302 1671 3401 1732 sis.

1825 1773 2023 1828 expers
2073 1759 2281 1813 scilicet
2314 1776 2492 1828 prasz
2543 1761 2868 1825 alfecliouis,
2909 1761 3108 1831 insigni
3142 1760 3404 1819 facilitate

143 1877 334 1927 μενος,
373 1863 501 1930 περὶ
534 1862 634 1924 τὰς
673 1862 894 1926 ἐντολὰς
935 1863 1029 1916 τοῦ
1056 1862 1216 1918 Θεοῦ.
1251 1861 1376 1917 Εἶεν
1404 1865 1660 1918 ἁπάντων
1686 1867 1720 1936 ἡ

1827 1860 1877 1906 et
1907 1852 2187 1914 comitate.
2218 1862 2406 1906 exacta
2452 1869 2665 1905 morum
2696 1853 3005 1919 disciplina,
3047 1863 3102 1907 et
3144 1857 3402 1909 observa-

135 1951 284 2022 ψυχὴ
316 1953 414 2022 μία
447 1954 537 2006 διὰ
560 1953 654 2005 τοῦ
681 1955 860 2009 πάντα
885 1951 1023 2007 εἶναι
1054 1956 1230 2009 κοινά.
1263 1953 1387 2009 Εἶεν
1423 1956 1722 2026 ἐξαγόρευ-

141 2062 224 2107 σις
249 2044 482 2115 ἐπείπερ
515 2047 624 2098 πᾶν
657 2047 718 2098 τὸ
747 2047 1155 2116 φανερούμενον
1189 2048 1304 2116 φῶς
1335 2050 1504 2110 ἐστιν,
1531 2049 1605 2106 ὡς
1628 2049 1723 2102 καὶ

136 2138 196 2190 τὸ
231 2137 508 2208 ἔμπαλιν
566 2135 677 2192 εἷεν
716 2139 954 2211 ὑπακοὴ,
1009 2141 1100 2210 ὑφ’
1223 2141 1251 2192 6
1286 2141 1490 2213 λῃστὴς
1519 2141 1723 2195 εἴσοδον

139 2230 420 2300 ἐξαπάτης
461 2232 558 2302 οὐχ
599 2233 846 2298 εὑρίσκει
869 2248 882 2263 ⁸
915 2229 1024 2286 εἷεν
1050 2234 1414 2299 ταπείνωσις,
1446 2239 1512 2305 ἢν
1539 2236 1721 2305 ἀμπε-

139 2322 370 2392 χόμενος
413 2323 442 2374 6
482 2322 614 2386 Θεὸς
666 2323 956 2394 ἄνθρωπος
1004 2326 1234 2394 γέγονε,
1268 2325 1424 2388 θεοὺς
1471 2324 1722 2378 ἐντεῦθεν

137 2413 263 2475 τοὺς
303 2412 626 2482 ἀνθρώπους
659 2415 1030 2489 δημιουργῶν.
1078 2418 1134 2469 Ὠ
1167 2417 1298 2470 καλέ
1329 2417 1598 2482 Βασίλειε,
1622 2417 1722 2486 τὴν

141 2505 616 2578 παρακαταθήκην
644 2508 880 2577 φύλαξον
903 2527 918 2542 ·
950 2513 1351 2580 ἐκτρεπόμενος
1373 2509 1442 2563 τὰ
1467 2512 1682 2581 πονηρά
1703 2527 1719 2542 ο

139 2601 580 2670 ὲγκολπούμενος
624 2605 693 2656 τὰ
723 2603 882 2657 θεῖκά
908 2620 921 2634 ο
959 2603 1128 2665 τύπος
1178 2604 1546 2675 ἀγαθοεργίας
1571 2604 1720 2675 πάσῃ

138 2696 509 2765 προκείμενος
537 2698 602 2766 τῇ
625 2695 981 2766 ἀδελφότητι·
1011 2696 1104 2748 καὶ
1127 2694 1300 2758 οὕτως
1325 2697 1353 2749 ὃ
1384 2713 1442 2749 σε
1469 2695 1680 2749 ἀθετῶν
1700 2738 1716 2762 ,

137 2785 324 2840 ἀθετεῖ
344 2787 480 2840 Θεόν
504 2802 517 2815 ⁸
553 2787 648 2840 καὶ
677 2789 704 2840 6
734 2787 975 2841 ὑπείκων
1006 2804 1109 2850 σοι,
1143 2788 1358 2841 ὑπείκει
1388 2787 1528 2858 Θεῷ.
1568 2789 1722 2860 Μνη-

140 2878 336 2948 μόνευέ
373 2897 476 2948 μου
504 2879 604 2949 τῆς
631 2879 1018 2942 ταπεινώσεως
1053 2881 1149 2932 σὺν
1181 2883 1293 2944 τοῖς
1320 2881 1591 2951 ἀδελφοῖς.

137 3033 258 3098 ιιῐῐκ
303 3064 374 3075 -—-
431 3036 558 3099 Τοῖς
601 3036 1008 3103 ἠγαπημένοις
1059 3035 1342 3105 ἀδελφοῖς
1391 3040 1719 3107 Γρηγορίφ.

218 3123 539 3193 Ἰεζεχιὴλ,
615 3128 911 3194 Ἐράστῳ,
972 3128 1290 3196 Θεοφάνει,
1354 3130 1581 3196 ’Δγ-ἱνα,
1622 3130 1718 3184 καὶ

206 3217 333 3283 τοῖς
374 3217 603 3280 λοιποῖς
641 3219 712 3271 ἐν
751 3217 1016 3272 Ἑλλάδι.

1822 1943 1973 1997 tione
2008 1942 2390 1997 mandatorum
2421 1944 2541 1996 Dei.
2569 1942 2824 1996 Omnium
2860 1947 2930 1998 sit
2964 1945 3147 1998 anima
3182 1963 3310 2009 una,
3347 1956 3402 2000 ut

1822 2038 1932 2092 sint
1982 2038 2295 2092 communia
2349 2037 2582 2089 omnia:
2637 2037 2708 2090 sit
2777 2037 2943 2090 animi
3007 2037 3402 2104 manifestatio,

1821 2129 2269 2199 quandoquidem
2313 2145 2475 2183 omne
2527 2128 2670 2197 quod
2701 2129 2751 2181 iu
2793 2138 2980 2199 aperto
3019 2139 3122 2192 est,
3158 2131 3246 2184 lux
3279 2141 3398 2185 est:

1821 2232 1875 2275 et
1914 2221 2032 2275 vice
2059 2237 2239 2275 versa.
2278 2218 2362 2274 Sit
2411 2220 2722 2273 obedientia
2763 2236 2776 2271 :
2809 2235 2931 2288 quae
2980 2219 3021 2274 si
3054 2231 3155 2285 est,
3191 2223 3398 2275 nullum

1822 2311 1909 2366 fur
1943 2311 2146 2365 invenit
2183 2310 2490 2379 decipiendi
2521 2310 2700 2364 locum
2739 2329 2751 2364 :
2787 2311 2856 2365 sit
2897 2311 3201 2376 humilitas,
3238 2329 3400 2381 quant

1821 2403 2273 2473 Deusamplexus
2300 2405 2465 2457 homo
2497 2402 2675 2457 fartus
2705 2412 2807 2464 est,
2843 2413 2901 2458 ut
2936 2404 3184 2458 homines
3217 2407 3298 2458 vel
3324 2406 3404 2459 sic

1821 2497 1951 2551 deos
1991 2495 2245 2551 ellieerct.
2299 2495 2343 2550 Ο
2376 2497 2591 2566 egregie
2635 2496 2821 2560 Basili,
2877 2513 3032 2552 serva
3065 2497 3399 2567 depositum,

1819 2603 1985 2657 prava
2010 2603 2299 2657 respuens,
2327 2587 2510 2641 divina
2533 2588 2905 2656 complectens
2933 2597 3229 2657 :tanquam
3255 2599 3404 2642 recte

1822 2681 2012 2750 agendi
2057 2681 2231 2734 forma
2265 2681 2362 2734 toti
2398 2679 2725 2734 fraternitati
2760 2682 3096 2750 propositus.
3137 2681 3228 2735 Sic
3258 2682 3401 2735 enim

1821 2774 1914 2843 qui
1946 2785 1996 2826 te
2029 2775 2316 2843 spreverit,
2346 2773 2516 2828 Deum
2568 2774 2812 2842 spernit:
2851 2785 2905 2828 et
2933 2775 3026 2842 qui
3061 2775 3154 2829 tibi
3208 2791 3406 2846 parue-

1821 2864 1916 2921 rit.
1951 2863 2059 2919 Deo
2090 2875 2264 2933 paret.
2315 2864 2522 2918 Memor
2556 2875 2674 2918 esto
2712 2881 2817 2918 una
2851 2881 2973 2919 cum
3007 2866 3272 2923 fratribus
3307 2869 3409 2924 hu-

1830 2956 2078 3011 militatis
2113 2973 2265 3010 mem.

1820 3048 2053 3104 XCVIII.
2090 3079 2160 3090 -—
2197 3050 2413 3103 Dileclis
2472 3050 2729 3118 fratribus
2756 3091 2768 3113 ,
2795 3049 3094 3120 Gregorio“
3115 3052 3405 3120 Ezechieli,

1896 3141 2108 3206 Erasto,
2143 3140 2679 3210 Theophani,Aniuce,
2698 3151 2745 3196 et
2777 3142 2989 3212 reliquis
3024 3146 3077 3198 in
3109 3144 3334 3202 (ἳνα-εἰσ.

1015 3309 1297 3359 Monasticaa
1323 3309 1436 3359 vitae
1465 3318 1711 3374 praecepta
1733 3313 1833 3374 dat,
1856 3310 2109 3374 praecipue
2133 3312 2195 3360 de
2221 3319 2528 3375 paupertate.

209 3415 430 3485 Καιρός
479 3417 585 3470 τοῦ
631 3417 874 3480 λαλεῖν,
937 3419 1036 3472 καὶ
1095 3420 1301 3487 καιρὸς
1353 3419 1457 3473 τοῦ
1513 3420 1714 3489 σιγᾷν.

144 3507 302 3560 Ἐπεὶ
351 3507 445 3560 οῦν
479 3508 572 3560 τοῦ
621 3509 876 3580 δευτέρου
906 3511 934 3562 ὀ
961 3510 1116 3579 λόγος
1165 3513 1222 3563 ἐν
1251 3515 1370 3574 ταῖς
1416 3513 1719 3581 προλαϐοῦ-

134 3618 257 3663 σαις
311 3601 586 3670 ἡμέραιςο
624 3603 763 3653 εἴπω
809 3601 863 3653 δὲ
914 3605 1007 3654 καὶ
1041 3605 1098 3655 ἐν
1146 3598 1235 3668 αἷς
1279 3605 1341 3657 τὸ
1385 3605 1577 3675 παρόν.
1620 3607 1720 3660 Διά

131 3693 294 3746 τοῦτο
364 3696 516 3761 μόλις
577 3696 672 3746 καὶ
721 3693 844 3762 ἄρτι
911 3693 1298 3762 ἐξεληλυθότες
1348 3697 1447 3765 τῆς
1509 3697 1718 3761 πόλεως

132 3785 356 3856 εὐδοκία
377 3784 536 3850 Θεοῦ,
560 3785 907 3854 φθεγγόμεθα
922 3785 1072 3851 ὑμῖν,
1092 3788 1329 3856 πατέρες
1354 3788 1447 3839 καὶ
1469 3786 1683 3856 ἀδελφοί
1701 3805 1716 3819 ’

135 3877 494 3948 φθεγγόμεθα
542 3878 598 3929 δὲ
648 3876 1032 3938 ἀποστολικαίς
1083 3881 1306 3946 φωναῖς
1354 3879 1596 3945 Χαίρετε
1651 3879 1721 3933 ἐν

133 3973 335 4039 Κυρίῳ
349 3970 629 4034 πάντοτε,
645 3971 741 4023 καὶ
761 3969 946 4024 πάλιν
959 3969 1092 4038 ἐρῶ,
1108 3971 1342 4039 χαίρετε
1359 3985 1370 3997 ·
1385 3970 1441 4020 ού
1463 3973 1603 4023 κατὰ
1622 3973 1719 4043 τὴν

134 4072 316 4133 χαρὰν
363 4062 458 4115 τοῦ
505 4063 631 4132 τῇδε
669 4064 906 4132 κόσμου·
943 4063 1083 4132 πλὴν
1117 4065 1196 4116 ὅτι
1228 4062 1349 4115 οὑδὲ
1382 4061 1546 4131 χαρὰ.
1583 4063 1721 4115 ἀλλὰ

133 4160 278 4209 πάνυ
312 4155 516 4224 θλίψις.
552 4156 915 4218 ἀτακτοῦντος
963 4154 1057 4209 τοῦ
1089 4156 1352 4226 ὑπηκόου.
1418 4154 1576 4206 Ἀλλὰ
1603 4155 1725 4225 χαί.

135 4266 258 4317 ρετε
293 4251 440 4301 κατὰ
475 4247 696 4317 Πνεῦμα
750 4246 1094 4318 ἁγιωσύνης,
1135 4249 1216 4301 ὄτι
1259 4245 1602 4316 ἐλυτρώθητε
1655 4248 1720 4299 ὲκ

129 4342 233 4406 τῖς
264 4338 519 4401 δουλείας
560 4338 653 4390 τοῧ
702 4338 921 4407 ἐχθροῦν
950 4341 1015 4392 ἐκ
1045 4338 1144 4407 τῆς
1175 4336 1406 4408 ματαίας
1447 4339 1720 4407 ἀναστρο·

132 4434 282 4503 φῆς,
320 4435 433 4485 ἀπὸ
473 4432 674 4501 σαρκὸς
727 4432 819 4482 καὶ
875 4433 1135 4499 αἵματος,
1194 4428 1540 4495 δουλεύοντες
1603 4429 1723 4500 Θεῷ

134 4524 299 4586 ζῶντι
343 4522 442 4576 καὶ
482 4519 722 4591 ἀληθινῴ
743 4539 755 4550 ·
792 4520 849 4586 ἐξ
891 4514 952 4571 οῦ
984 4522 1079 4572 καὶ
1110 4522 1138 4572 6
1173 4518 1436 4589 πρότερος
1463 4517 1605 4570 κατά
1632 4519 1723 4571 τὸν

130 4618 377 4686 διωγμὸν
425 4614 805 4684 μακαρισμὸς,
851 4614 943 4665 καὶ
989 4613 1017 4663 6
1057 4611 1150 4664 νῦν
1192 4610 1478 4677 ξενισμός·
1512 4603 1614 4663 ὧδέ
1664 4627 1721 4663 τε

1896 3420 2124 3489 Tempus
2167 3424 2438 3491 loquendi,
2488 3434 2538 3477 et
2570 3435 2774 3490 tempus
2818 3426 3029 3478 tacendi
3064 3426 3104 3478 ¹.
3147 3425 3411 3491 Quando-

1822 3513 2050 3581 quidem
2098 3515 2265 3584 igitur
2300 3497 2572 3584 posterior
2602 3517 2891 3571 sententim
2926 3532 3052 3584 pars
3099 3519 3280 3571 locum
3309 3520 3411 3572 ha-

1823 3601 1944 3655 buit
1980 3605 2366 3672 superioribus
2400 3605 2616 3668 diebus,
2667 3604 2848 3660 dicam
2879 3614 2933 3660 et
2971 3622 3118 3660 nunc
3149 3622 3271 3676 qua:
3304 3607 3412 3663 fert

1821 3709 2063 3763 praasens
2093 3695 2354 3748 conditio.
2397 3696 2603 3751 Idcirco
2636 3712 2777 3766 aegre
2812 3713 2958 3752 nunc
2995 3698 3213 3752 tandem
3270 3699 3407 3753 urbe

1821 3785 2027 3853 egressi
2086 3783 2179 3839 Dei
2231 3785 2517 3848 beneficio,
2585 3803 2682 3843 vos
2759 3789 3114 3858 alloquimur,
3217 3786 3410 3842 Patres

1821 3871 2145 3945 fratresque.
2246 3876 2592 3944 Alloquimur
2683 3887 2867 3933 autem
2978 3878 3163 3932 verbis
3249 3879 3409 3946 Apo-

1822 3966 1946 4020 stoli
2006 3965 2297 4021 :Gaudete
2365 3968 2418 4019 in
2490 3966 2714 4021 Domino
2814 3986 3037 4038 semper,
3103 3979 3154 4023 et
3205 3972 3404 4024 iterum

1821 4057 2017 4123 dicam,
2050 4058 2272 4129 gaudete
2294 4059 2314 4087 ¹
2340 4075 2354 4123 ;
2381 4072 2487 4110 non
2524 4059 2824 4112 secundum
2856 4060 3019 4128 hujus
3050 4061 3235 4114 mundi
3271 4076 3412 4130 gan-

1822 4149 1972 4202 diuin
2027 4167 2040 4202 :
2081 4165 2256 4218 neque
2313 4151 2462 4204 enim
2492 4151 2778 4220 gaudium,
2825 4150 2917 4205 sed
2958 4152 3141 4217 gravis
3172 4152 3398 4206 alllictio

1822 4250 1926 4304 est,
1958 4242 2049 4295 ubi
2081 4241 2336 4296 subditus
2363 4241 2638 4308 ﬂagitiose
2691 4243 2848 4299 vivit.
2889 4243 2992 4296 Sed
3031 4244 3263 4313 gaudete
3317 4260 3409 4298 sc-

1823 4333 2062 4387 cuudum
2108 4332 2373 4402 Spiritum
2423 4334 2750 4398 sanctitatis,
2815 4335 3076 4405 quoniam
3106 4336 3176 4389 ab
3218 4335 3408 4390 hostili

1824 4425 2140 4493 captivitate
2173 4425 2436 4493 redempti
2475 4425 2635 4488 estis,
2668 4425 2737 4479 ab
2774 4427 2922 4480 inani
2956 4426 3406 4494 conversatione,

1825 4533 1854 4570 a
1887 4531 2053 4571 carne
2084 4525 2138 4569 et
2172 4517 2468 4586 sanguine,
2501 4517 2804 4572 servientes
2846 4515 2955 4570 Deo
2988 4517 3112 4571 vivo
3143 4533 3207 4572 ac
3238 4533 3406 4574 vero:

1825 4626 1890 4664 ex
1924 4625 2036 4678 quo
2085 4617 2199 4662 tum
2252 4610 2400 4677 prior
2451 4609 2542 4663 illa
2595 4626 2664 4664 ex
2711 4611 3096 4681 persecutione
3146 4610 3408 4676 felicitas,

130 4713 361 4763 κάκεῖσε
394 4707 815 4775 διεσπαρμένων
859 4705 1012 4774 ὑμῶν
1035 4743 1050 4767 ,
1081 4703 1184 4765 ἕως
1211 4694 1273 4755 οὗ
1311 4701 1486 4754 ἐπίδοι
1517 4701 1721 4772 Κύριος

1828 4710 1938 4755 tum
1967 4700 2266 4768 istudquod
2301 4716 2445 4755 nunc
2475 4699 2725 4770 perfertis
2754 4702 3035 4764 exsilium,
3075 4701 3182 4754 huc
3245 4712 3410 4771 atque

130 4805 363 4874 εἰρήνην
397 4797 688 4870 βραϐεύων
717 4801 780 4868 τῇ
826 4795 1124 4868 Ἐκκλησία
1153 4793 1340 4858 αὑτοῦ,
1379 4795 1474 4845 καὶ
1512 4795 1724 4848 ἀποκα-

131 4895 335 4949 θιστῶν
364 4894 520 4966 ἡμᾶς
548 4892 642 4944 ἐπί
669 4891 728 4942 τὸ
756 4891 909 4944 αὑτό.

204 5082 278 5134 Τὸ
305 5080 364 5132 δὲ
389 5077 487 5130 νῦν
509 5075 631 5144 ἕχον
660 5072 849 5142 δέομαι
877 5072 1052 5142 ὑμῶν,
1087 5069 1323 5136 ἀδελφοὶ,
1358 5069 1538 5135 ἀξίως
1562 5083 1725 5139 περι.

130 5171 406 5240 πατῆσαι
452 5167 566 5234 τῆς
599 5165 876 5230 κλήσεως
911 5160 987 5232 ἧς
1020 5160 1395 5229 ὲκλήθημενι
1429 5161 1574 5225 μετὰ
1609 5159 1724 5213 πά-

130 5281 251 5331 σης
281 5259 594 5331 ἀσφαλείας
627 5256 722 5309 καὶ
753 5255 1025 5326 προσοχῆς
1049 5271 1061 5285 ·
1102 5252 1241 5321 μετά
1277 5251 1454 5320 πάσης
1481 5268 1729 5306 ταπεινο-

134 5353 416 5422 φροσύνης
459 5350 556 5404 καὶ
577 5348 820 5417 ὑπακοῆς
842 5347 938 5416 τῆς
962 5347 1042 5408 εἰς
1073 5344 1336 5416 ἀλλήλους
1359 5359 1370 5372 ·
1396 5342 1611 5412 ἔχοντος
1632 5341 1726 5394 τοῦ

135 5442 568 5517 ’προηγουμένου
599 5441 688 5493 τὸν
711 5440 874 5493 τόπον
907 5437 1004 5508 τῆς
1035 5436 1230 5506 ἀρχῆς,
1264 5435 1365 5488 οὑκ
1390 5436 1467 5498 είς
1493 5434 1726 5504 ἔπαρσιν

134 5537 484 5608 δαιμονικὴν,
536 5532 652 5586 ἀλλ’
691 5534 769 5596 είς
806 5530 975 5584 τύπον
1015 5531 1218 5600 ἀρετῆς
1265 5528 1375 5580 τῶν
1420 5527 1725 5596 ἑπομένων,

137 5633 230 5684 καὶ
267 5630 378 5682 τῶν
410 5629 468 5680 δὲ
504 5625 840 5678 ὑπεικόντων
869 5621 964 5676 καὶ
991 5620 1351 5689 πειθομένων,
1376 5618 1450 5680 ὡς
1488 5620 1610 5688 ἐμοὶ
1651 5616 1729 5687 τῷ

136 5722 364 5792 ἀναξίῳ,
397 5718 606 5790 μᾶλλον
659 5715 714 5767 δὲ
767 5712 1006 5784 Χριστῷ,
1055 5712 1123 5765 δι’
1161 5712 1220 5764 ὃν
1267 5711 1363 5765 καὶ
1406 5712 1466 5763 τὸ
1498 5712 1605 5764 πᾶν
1634 5709 1728 5762 τοῦ

211 5847 254 5870 ’ν
287 5837 484 5891 Matth.
513 5848 670 5895 mu,
692 5833 780 5886 Ἦ).
862 5830 1077 5883 ‘Eccle.
1098 5845 1177 5895 ιιι,
1199 5831 1248 5884 8.

1331 5830 1349 5858 ⁸
1386 5828 1581 5898 Philip.
1621 5844 1693 5893 ιν,
1729 5829 1779 5883 4.

1831 4792 1961 4846 illuc
2032 4792 2290 4861 dispersi,
2340 4794 2515 4849 donec
2558 4795 2821 4863 respiciat
2875 4791 3164 4854 Dominus,
3221 4809 3407 4862 pacem

1827 4879 2085 4939 Ecclesia
2125 4900 2238 4939 sua:
2290 4887 2618 4950 concedens,
2669 4902 2882 4957 nosque
2926 4885 2982 4939 in
3016 4901 3183 4938 unum
3223 4887 3412 4940 conci-

1828 4977 1988 5030 Iians.

1901 5067 1957 5123 In
1985 5071 2236 5137 praesenti
2269 5079 2448 5124 autem
2477 5086 2656 5125 rerqu
2682 5080 2853 5138 statu,
2891 5087 2992 5127 oro
3030 5087 3155 5138 vos,
3188 5070 3409 5132 fratres,

1831 5170 1889 5213 ut
1923 5161 2077 5231 digne
2122 5161 2404 5214 autbuletis
2437 5163 2705 5215 vocatione
2735 5179 2842 5232 qua
2869 5163 3263 5223 vocatisumus,
3288 5179 3408 5216 cum

1832 5252 1975 5304 omni
2007 5250 2027 5281 ³
2059 5251 2342 5320 diligentia
2383 5261 2438 5306 et
2467 5253 2793 5316 attentione,
2829 5269 2952 5306 cum
2992 5253 3142 5308 oumi
3183 5255 3408 5308 humili-

1831 5349 1940 5395 tate
1983 5350 2036 5396 et
2061 5342 2372 5396 obedientia
2407 5343 2641 5396 invicem
2679 5362 2692 5398 :
2735 5343 3073 5414 praefectura:
3101 5345 3282 5399 locum
3330 5355 3410 5400 te—

1833 5444 1992 5488 nente
2027 5435 2340 5504 praeposito,
2373 5450 2481 5489 non
2513 5436 2581 5489 ad
2601 5435 2930 5492 diabolicam
2964 5437 3259 5491 elationem
3287 5438 3409 5492 ani-

1834 5528 1930 5592 mi,
1968 5528 2062 5582 sed
2118 5528 2184 5583 ad
2219 5527 2435 5583 virtutis
2465 5529 2775 5598 exemplum
2805 5529 3066 5594 alumnis,
3107 5530 3286 5600 iisque
3317 5529 3408 5600 qui

1836 5620 1937 5688 ipsi
1987 5621 2367 5690 obtemperant
2394 5635 2457 5676 ac
2501 5636 2708 5676 morem
2735 5629 2930 5692 gerunt
2973 5630 3233 5691 tanquam
3275 5620 3408 5676 mihi

1840 5714 2084 5785 indigno,
2121 5715 2206 5768 vel
2244 5713 2466 5768 Christo
2508 5715 2713 5785 potius,
2756 5725 2978 5788 propter
3023 5730 3184 5783 quem
3210 5724 3267 5770 et
3301 5714 3410 5768 vita

1862 5828 1879 5858 ³
1902 5829 2097 5898 Ephes.
2137 5844 2211 5895 Iv,
2235 5829 2280 5881 l.
