3964 6320
578 332 711 399 1351

1770 350 1833 409 S.
1872 349 1975 409 TH
1987 347 2267 409 EODORI
2302 351 2650 414 STUDITAZ

3730 359 3864 425 1353

576 457 781 521 omnia,
810 465 865 510 et
903 456 1217 513 voluntaria
1252 476 1402 516 mors
1429 463 1772 533 quotidiana,
1798 481 1834 520 ο
1874 465 1996 528 lilii,
2038 480 2159 519 ma-

2281 466 2382 521 iioo
2412 473 2510 523 καὶ
2533 472 2562 524 ὁ
2591 472 2713 525 καθ’
2740 472 2956 543 ἡμέραν
2988 476 3371 546 προαιρετικὸς
3396 476 3668 541 θάνατος,
3701 472 3750 531 ῶ
3779 482 3863 533 τὲ-

574 561 741 617 gnum
768 545 964 601 salutis
992 549 1318 620 mysterium
1348 560 1451 607 est.
1491 552 1677 607 Videte
1698 554 2161 619 quemadmodum

577 637 789 707 degatis
822 655 835 691 :
868 651 975 691 non
1020 652 1077 693 ut
1110 639 1258 695 vitiis
1280 640 1526 707 obnoxii,
1556 641 1651 697 sed
1699 650 1759 696 ut
1787 653 2042 713 expertes
2080 650 2165 697 vi-

585 724 830 780 tiorum:
868 743 975 781 non
1013 737 1069 781 ut
1120 729 1326 795 carnis,
1358 731 1451 784 sed
1483 738 1543 784 ut
1588 728 1686 784 Dei
1743 742 2041 786 amatores.
2086 729 2166 786 Ne

579 817 774 872 oculos
802 819 854 870 in
877 817 1209 874 feminarum
1242 836 1339 875 ora
1378 822 1634 892 conjicite
1669 823 1802 876 :sed
1834 838 2011 892 neque
2037 838 2165 892 erga

583 924 684 964 vos
709 911 941 966 invicem
989 911 1279 967 liberiores
1315 914 1370 966 in
1412 915 1625 984 agendo
1658 924 1857 969 estote.
1894 915 1988 969 Est
2018 914 2165 969 enim

586 1001 831 1068 licentia,
888 1002 1034 1073 ignis
1081 1004 1332 1058 animum
1380 1021 1670 1074 perurens.
1711 1005 1933 1061 Mortem
1982 1007 2168 1061 animo

586 1106 802 1161 semper
833 1091 1093 1164 cogitate,
1123 1107 1181 1149 ut
1204 1097 1330 1151 sitis
1350 1098 1417 1152 ad
1444 1113 1732 1167 egressum
1760 1115 1828 1155 ex
1865 1100 1974 1155 vita
1997 1101 2167 1170 parati

584 1193 641 1240 et
674 1186 909 1243 alacres.
950 1187 1307 1244 Traditiones
1346 1201 1562 1246 servate
1597 1210 1611 1246 :
1644 1209 1765 1262 quae
1794 1204 1924 1248 sunt
1956 1195 2170 1265 prasti—

589 1288 703 1333 tuta
740 1278 1006 1348 perﬁcite,
1040 1290 1153 1335 tum
1196 1297 1317 1351 quae
1356 1284 1719 1352 psalmodiam
1750 1287 2010 1350 attinent,
2052 1296 2166 1341 tum

586 1386 709 1440 quae
735 1372 1038 1426 orationem
1066 1382 1119 1427 et
1150 1376 1371 1444 quidvis
1400 1377 1569 1431 aliud.
1628 1376 1809 1433 Nolite
1841 1394 2035 1433 aurum
2076 1394 2171 1434 vo-

587 1461 676 1517 bis
728 1463 862 1532 ipsis
892 1465 1172 1536 colligere,
1217 1477 1296 1531 ut,
1330 1484 1453 1522 cum
1483 1470 1638 1525 eritis
1678 1470 1732 1524 in
1764 1487 1932 1525 unum
1969 1472 2170 1538 coacti,

588 1556 913 1624 propinquis
946 1568 1001 1611 et
1030 1559 1222 1615 amicis
1248 1560 1381 1614 illud
1417 1562 1673 1617 tribuatis
1712 1579 1726 1617 :
1757 1566 2018 1633 quoniam
2053 1580 2173 1617 mo-

590 1650 833 1704 nasterio
870 1667 1000 1705 cura
1043 1660 1128 1705 est
1165 1668 1351 1707 rerum
1401 1665 1741 1711 nostrarum.
1793 1654 1911 1709 Non
1958 1664 2041 1710 est
2072 1656 2174 1711 hoc

588 1739 829 1795 filiorum
863 1743 976 1808 Dei,
1004 1745 1096 1797 sed
1128 1759 1317 1798 eorum
1349 1745 1443 1813 qui
1468 1761 1533 1800 ea
1560 1762 1682 1815 quae
1712 1749 1898 1802 carnis
1927 1756 2056 1801 sunt
2084 1763 2174 1802 sa-

590 1834 770 1902 piunt.
830 1832 1120 1900 Quomodo
1152 1836 1364 1906 igitur!
1410 1848 1469 1891 ut
1510 1838 1563 1891 in
1614 1853 1958 1892 communem
2011 1853 2169 1893 usum
2204 1828 2245 1883 Β

590 1925 915 1982 conferatur
945 1945 958 1981 :
993 1936 1047 1981 et
1078 1928 1339 1997 quidquid
1367 1930 1680 1998 contigerit,
1712 1929 2039 1985 fraternitati
2068 1931 2169 1983 tri-

590 2016 792 2072 buatur
845 2026 955 2072 :ut
1028 2033 1094 2073 ex
1128 2018 1431 2075 multorum
1488 2023 1735 2092 sytnbola
1789 2038 1876 2077 res
1932 2020 2170 2077 ρωποι)Ῑί

591 2108 993 2163 constituatur.
1027 2106 1153 2164 Haec
1179 2126 1210 2165 a
1243 2127 1330 2164 me
1362 2110 1569 2166 ideirco
1586 2113 1730 2167 dicta
1748 2122 1898 2177 sunt,
1929 2114 2075 2183 quod
2104 2114 2174 2169 ad

591 2214 696 2256 uos
730 2199 874 2255 fama
906 2202 1101 2256 detulit
1148 2217 1272 2258 esse
1301 2204 1570 2273 quosdam
1603 2207 1698 2273 qui
1750 2206 1866 2276 jam
1904 2222 2051 2262 nunc
2099 2207 2171 2260 ita

592 2299 876 2349 statuant:
899 2292 1013 2349 Hoc
1039 2309 1231 2364 pecus,
1262 2296 1540 2366 inquiunt,
1567 2307 1621 2352 et
1647 2298 1752 2353 hoc
1772 2298 2174 2365 indumentum,

594 2386 709 2441 sive
737 2387 1016 2457 quidpiam
1046 2390 1213 2456 aliud,
1244 2393 1369 2445 volo
1392 2391 1488 2444 tali
1533 2393 1881 2461 relinquere!
1924 2390 1969 2446 Ο
2004 2393 2177 2447 mise-

597 2478 734 2533 riam
755 2478 770 2531 ι
794 2492 829 2533 o
863 2478 1193 2535 dementiam
1229 2481 1244 2535 !
1279 2481 1443 2552 Atqui
1475 2498 1585 2537 non
1614 2491 1700 2538 est
1729 2498 1759 2536 e
1795 2482 2039 2537 filiorum
2071 2498 2180 2537 nu-

596 2585 748 2625 mero
776 2571 871 2642 qui
900 2572 1168 2641 ejusmodi
1190 2583 1295 2640 est,
1325 2590 1424 2630 nec
1458 2574 1649 2640 frater,
1681 2576 1775 2630 sed
1798 2574 2037 2637 alienus.
2071 2572 2169 2630 sed

593 2662 918 2733 sacrilegus,
947 2664 1106 2733 cujus
1133 2680 1255 2720 sors
1277 2682 1401 2721 cum
1431 2667 1581 2723 Giezi
1617 2666 1830 2722 fure....

878 2776 1069 2834 XCIX.
1094 2810 1165 2821 —
1188 2778 1518 2835 Abrahamio
1549 2782 1925 2851 Iwapitalario.

2266 576 2389 627 κνα,
2424 563 2564 632 μετὰ
2591 563 2652 616 τὸ
2676 563 2776 633 τῆς
2797 564 3073 635 σωτηρίας
3111 568 3435 637 μυστήριον.
3459 567 3721 623 Βλέπετε
3751 572 3865 634 πῶς

2264 652 2693 745 ἁναστρέφεσθς,
2722 655 2798 725 μὴ
2823 656 2899 719 ὡς
2922 657 3213 727 ἐμπαθεῖς,
3235 659 3351 712 ἀλλ’
3374 661 3452 725 ῶς
3476 662 3770 727 ἀπαθεῖς·
3794 666 3861 735 μὴ

2265 743 2340 807 ὡς
2363 743 2706 817 φιλόσαρκοι,
2766 746 2883 800 ἀλλ’
2907 747 2983 812 ὡς
3013 749 3271 818 φιλόθεοι.
3292 750 3383 823 Μὴ
3401 752 3773 807 ἐπιϐάλλοιτε
3802 758 3863 808 τά

2265 835 2492 905 ὄμματα
2533 835 2690 905 ὕψεσι
2734 839 3047 907 γυναικῶν,
3089 840 3227 893 ἀλλὰ
3281 842 3417 911 μηδὲ
3477 845 3567 908 είς
3626 846 3864 910 Eam-ou;

2266 928 2417 997 είητε
2452 930 2933 1001 παρῤησιαστικοί.
2966 933 3255 1005 Παρρησία
3288 936 3396 1005 γὰρ
3425 936 3545 1007 πῦρ
3577 938 3861 1006 καταφλέ-

2267 1040 2364 1093 γον
2396 1023 2596 1095 ψυχήν.
2628 1026 2905 1079 Μελετᾶτε
2947 1027 3038 1080 τὸν
3069 1027 3298 1081 θάνατον
3333 1031 3439 1089 ἀεὶ.
3472 1031 3554 1093 ὡς
3597 1032 3675 1084 ἂν
3718 1033 3865 1100 εῖητε

2269 1119 2778 1187 παρεσκευασμένοι
2829 1117 2965 1187 πρὸς
3023 1118 3121 1190 τὴν
3180 1118 3357 1184 ἔξοδον
3413 1124 3471 1173 ὲν
3527 1124 3713 1192 χαρᾷ.
3761 1124 3866 1185 Τὰς

2271 1209 2599 1279 παραδόσεις
2625 1212 2879 1280 κρατεῖτε
2898 1225 2913 1239 ’
2958 1210 3026 1263 τὰ
3062 1211 3347 1283 ὡρισμένα
3371 1213 3605 1277 τελεῖτε,
3633 1217 3787 1269 κατά
3813 1232 3865 1268 τε

2269 1301 2590 1371 ψαλμῳδίαν
2620 1303 2713 1355 καὶ
2740 1302 3050 1373 προσευχὴν
3088 1305 3182 1356 καὶ
3209 1303 3264 1355 εί
3294 1321 3348 1357 τι
3387 1304 3608 1375 ἕτερον.
3647 1306 3747 1374 Μὴ
3776 1305 3865 1375 θηο

2275 1394 2569 1465 σαυρίζητε
2601 1394 2813 1459 ἑαυτοῖς
2851 1394 3073 1465 χρυσίον
3110 1397 3192 1459 είς
3222 1396 3283 1449 τὸ
3322 1397 3379 1449 ὲν
3411 1397 3595 1467 καιρῷ
3637 1400 3865 1450 ἐπισυν-

2274 1492 2499 1563 αγωγῆς
2540 1492 2920 1564 παρασχέσθαι
2946 1494 3080 1548 αὐτὸ
3121 1494 3270 1559 ἰδίοις
3298 1493 3393 1548 καὶ
3417 1494 3599 1561 φίλοις
3620 1508 3635 1518 ·
3673 1492 3755 1557 ὡς
3780 1493 3863 1546 ὅτε

2272 1583 2336 1637 τὸ
2378 1584 2740 1654 μοναστήριον
2772 1584 3048 1654 φροντίσει
3077 1583 3147 1637 τά
3182 1584 3304 1638 καθ’
3334 1585 3506 1654 ἡμᾶς.
3540 1583 3620 1636 Οὐ
3658 1583 3865 1635 τέκνων

2275 1675 2410 1730 Θεοῦ
2434 1676 2610 1740 τοῦτο,
2631 1656 2769 1730 άλλά
2794 1677 3183 1748 σαρκοφρόνων
3206 1693 3221 1708 ο
3256 1677 3371 1740 πῶς
3393 1678 3450 1731 δέ
3473 1694 3487 1741 ;
3520 1678 3615 1730 ῖνα
3639 1677 3706 1729 τὸ
3734 1677 3865 1730 κατὰ

2277 1768 2465 1839 θρείαν
2490 1769 2730 1837 γένοιτοο
2765 1770 2861 1822 καὶ
2894 1769 2955 1822 τὸ
2994 1768 3205 1839 φθάσαν
3236 1766 3373 1823 εἶναι
3412 1769 3771 1839 προσενεχθῇ
3804 1770 3864 1838 τῇ

2275 1860 2593 1930 ἀδελφότητι
2620 1878 2633 1892 ·
2658 1862 2747 1915 ἵνα
2774 1862 2839 1915 ὲκ
2864 1860 3075 1914 πολλῶν
3108 1860 3416 1931 προσώπων
3448 1861 3511 1913 τὺ
3537 1862 3867 1913 connubii

2274 1952 2362 2023 εἴη
2387 1953 2482 2007 τοῦ
2512 1953 2809 2008 κοινοσίου.
2840 1954 3023 2007 Ταῦτα
3047 1952 3104 2005 δέ
3133 1970 3223 2024 μοι
3246 1952 3463 2023 εἴρηται
3486 1951 3689 2021 ἐπειδὴ
3710 1952 3865 2022 ἡκου-

2276 2062 2399 2099 σται
2429 2045 2623 2113 ὅτιπερ
2660 2062 2806 2109 τινες
2849 2045 2950 2116 ἤδη
2996 2044 3328 2099 άπεντεῦθεν
3363 2045 3675 2116 ὁρίζονται.
3720 2045 3863 2109 Τόδε,

2276 2138 2435 2211 φησι,
2464 2138 2526 2191 τὸ
2555 2137 2718 2202 ζῶον,
2748 2138 2845 2190 καὶ
2875 2138 2995 2190 τόδε
3023 2137 3084 2190 τὸ
3118 2138 3350 2206 ἱμάτιον,
3377 2136 3477 2190 εἶτ’
3510 2132 3611 2190 οὖν
3661 2136 3863 2207 ἕτερον,

2279 2229 2541 2301 βούλομαι
2580 2228 2661 2301 τῷ
2694 2229 2826 2282 δεῖνι
2868 2231 3051 2284 ἐᾶσαι.
3085 2231 3149 2283 Ὢ
3176 2230 3276 2299 τῆς
3302 2229 3668 2299 άθλιότητοςί
3707 2227 3756 2282 ῶ
3777 2227 3867 2296 τῆς

2277 2324 2623 2396 ἀφροσύνηςί
2679 2322 2890 2377 Οὐκοῦν
2922 2321 3046 2377 οὕτε
3094 2323 3280 2376 τέκνον
3327 2324 3357 2375 ὁ
3398 2320 3693 2385 τοιοῦτος,
3754 2319 3866 2374 οὕτε

2280 2418 2508 2485 ἀδελφός
2528 2432 2544 2448 ⁸
2580 2417 2696 2471 ἀλλ’
2722 2416 3027 2487 ἀλλότριος,
3059 2415 3194 2471 ἀλλὰ
3224 2416 3526 2478 ίερόσυλος,
3552 2408 3622 2469 οὗ
3652 2416 3689 2484 ἡ
3722 2413 3867 2484 lupi;

2286 2508 3836 2583 μετὰΓιεζῆτοῦκλέπτου............ο

2621 2774 2737 2843 ιιΘκ
2768 2807 2837 2817 -
2867 2776 3149 2844 Ἀϐραμίῳ
3183 2770 3509 2841 ξενοδόχῳ.

1735 2896 1973 2947 Hortatur
1994 2897 2054 2949 ad
2078 2897 2334 2945 lenitatem
2359 2906 2477 2957 erga
2498 2888 2742 2940 subditos.

836 3002 1170 3056 obscuratur
1210 3001 1292 3056 sic
1319 2999 1558 3056 faciendi
1592 3012 1765 3056 metu.
1801 2999 1938 3055 Nam
1974 3000 2069 3056 Dei
2100 3002 2170 3055 ti-

2342 3040 2358 3055 .
2408 3040 2424 3055 .
2466 3038 2481 3054 .
2526 3037 2541 3053 .
2587 3038 2602 3053 .
2647 2992 3002 3058 συσκιάξεται
3039 2991 3191 3062 φόόῳ
3235 2990 3379 3045 οὕτω
3408 2989 3863 3060 διαπράττεσθαι.

595 3108 754 3149 more
784 3094 923 3148 nihil
952 3103 1037 3148 est
1070 3094 1254 3164 majus
1288 3112 1303 3147 :
1330 3102 1385 3149 et
1414 3095 1548 3149 nihil
1578 3095 1747 3149 animi
1789 3097 1969 3148 salute
2001 3093 2174 3162 magis

2281 3093 2440 3147 Ιιόϐου
2476 3090 2585 3161 γὰρ
2632 3086 2768 3142 Θεοῦ
2798 3086 2952 3140 οὐδὲν
2987 3085 3194 3154 μεῖζον,
3228 3085 3321 3137 καὶ
3365 3084 3660 3154 σωτηρίας
3701 3086 3862 3158 ψυχῆ;

597 3187 997 3241 necessarium.
1032 3185 1174 3251 Quid
1196 3187 1335 3240 enim
1362 3188 1599 3255 proderit
1643 3186 1865 3247 homini,
1896 3185 2096 3255 inquit,
2127 3184 2172 3237 ai

2281 3184 2420 3237 οὐδὲν
2459 3179 2913 3249 ἀναγκαιότερον.
2954 3178 3015 3229 Τί
3056 3176 3168 3246 γὰρ
3191 3173 3497 3244 ὠφελήσει
3528 3173 3863 3243 ἄνθρωπον,

597 3281 834 3331 lucretur
864 3284 1121 3330 mundum
1147 3287 1339 3342 totum,
1362 3286 1411 3330 et
1434 3278 1809 3332 detrimentum
1842 3278 2036 3331 animi:
2067 3293 2178 3331 sum

2281 3278 2460 3346 φησιν,
2492 3275 2602 3328 ἐὰν
2633 3272 2785 3326 ὅλον
2819 3270 2928 3323 τὸν
2957 3270 3192 3335 κόσμον
3222 3268 3516 3335 κερδήσῃ,
3543 3267 3650 3321 καί
3674 3266 3865 3337 ζημιω.

598 3369 765 3438 faciat
797 3367 864 3420 δῖ
891 3367 947 3419 Et
978 3368 1253 3421 medicum
1286 3368 1452 3438 quaeri
1481 3382 1580 3437 par
1609 3375 1694 3422 est
1716 3369 1769 3422 in
1796 3368 2023 3422 adversa
2051 3382 2176 3421 cor-

2281 3366 2357 3439 θῇ
2390 3366 2505 3433 τὴν
2534 3362 2750 3434 ψυχὴν
2789 3358 3014 3421 αὐτοῦς
3050 3360 3160 3411 Kal
3189 3361 3217 3411 ὁ
3255 3361 3439 3429 ίατρὸς
3471 3360 3532 3410 ὲν
3556 3362 3683 3423 ταῖς
3720 3377 3866 3432 περι-

597 3460 749 3530 poris
782 3458 1115 3525 valetudine,
1146 3469 1201 3514 et
1257 3460 1311 3514 in
1363 3468 1683 3530 tempestate
1735 3460 2175 3532 gubernatorem.

598 3552 797 3605 Annon
830 3550 984 3606 vides
1020 3566 1272 3621 magnam
1309 3567 1432 3607 esse
1467 3561 1842 3623 tempestatem
1870 3561 1928 3607 et
1966 3552 2178 3622 plagam

596 3641 866 3695 divinitus
896 3641 1249 3696 immissam?
1300 3640 1541 3706 Medere,
1575 3643 1819 3707 domine,
1855 3657 2002 3711 rege,
2037 3651 2099 3697 ut
2126 3651 2183 3697 et

600 3734 834 3804 teipsum
883 3750 1067 3790 serves
1132 3734 1491 3797 incolumem,
1548 3744 1602 3790 et
1634 3750 1731 3790 eos
1769 3736 1861 3805 qui
1917 3735 1997 3789 rei
2051 3743 2184 3791 sunt

599 3839 783 3889 sanes,
820 3836 874 3879 et
901 3826 968 3881 ad
1005 3827 1361 3882 stabilitatem
1393 3826 1646 3888 reducas,
1683 3824 1862 3882 minas
1885 3826 2178 3892 cohibens,

598 3932 724 3973 cum
759 3932 813 3973 et
847 3921 961 3989 ipse
986 3921 1039 3973 in
1070 3935 1301 3990 corpore
1333 3921 1411 3975 sis
1441 3928 1495 3974 et
1524 3921 1704 3989 lapsui
1743 3921 2035 3974 obnoxius.
2081 3919 2175 3974 Sic

599 4012 747 4064 enim
791 4023 844 4065 et
876 4013 1113 4082 pr0pitio
1143 4012 1314 4065 uteris
1339 4010 1470 4067 Deo.
1517 4012 1625 4066 Deo
1656 4024 1838 4066 autem
1868 4020 2186 4081 protegente

597 4103 726 4173 quis
762 4104 973 4159 allicere
1009 4107 1155 4160 malo
1208 4105 1421 4175 possit?
1465 4106 1768 4170 Memento,
1802 4105 2029 4158 domine
2084 4105 2182 4169 mi,

600 4196 748 4265 quod
783 4207 837 4252 et
886 4198 1004 4266 ipse
1028 4212 1157 4251 caro
1186 4213 1268 4262 es,
1299 4206 1354 4252 et
1406 4206 1467 4251 ut
1496 4198 1707 4267 lapsum
1748 4196 1973 4261 metuis,
2022 4195 2189 4263 lapsis

604 4286 825 4356 ignosce
864 4304 877 4339 :
921 4285 1127 4339 Eadem
1156 4288 1348 4357 quippe
1394 4302 1641 4340 mensura
1678 4302 1782 4356 qua
1825 4284 1991 4339 mensi
2022 4284 2187 4353 fueri-

602 4396 741 4443 mus,
790 4380 1096 4433 remetietur
1149 4379 1297 4434 nobis
1323 4384 1366 4434 ⁸.
1414 4379 1709 4443 Memento,
1758 4376 1926 4432 frater
1965 4377 2188 4446 optime,

602 4474 750 4538 quod
773 4471 933 4525 hodie
958 4486 1174 4535 sumus,
1205 4486 1302 4526 nec
1333 4472 1540 4525 scimus
1561 4470 1688 4539 quid
1708 4477 2083 4537 superuentura
2098 4484 2195 4538 pa-

604 4564 707 4617 riat
740 4562 851 4616 dies
882 4563 903 4593 ⁸
934 4581 946 4615 :
988 4573 1045 4615 nt
1069 4576 1136 4616 ne
1168 4561 1517 4617 inveniamur
1549 4562 1719 4616 notati
1754 4576 1878 4615 cum
1916 4559 2195 4613 dedecore

603 4670 669 4708 ac
688 4654 983 4718 maledicti,
1008 4664 1121 4709 tum
1145 4654 1198 4707 in
1225 4656 1476 4724 praesenti
1504 4654 1725 4718 saeculo,
1751 4662 1865 4707 tum
1896 4652 1951 4705 in
1978 4650 2188 4705 futuro.

2285 3459 2507 3513 στάσεσι
2537 3454 2797 3527 ζητητέος
2816 3466 2831 3482 ⁸
2861 3453 2955 3506 καὶ
2992 3452 3022 3505 ό
3052 3450 3396 3521 κυϐερνήτης
3428 3453 3487 3503 ἐν
3509 3451 3593 3522 τῷ
3619 3453 3862 3507 κλύδωνι.

2285 3553 2355 3604 Ἢ
2385 3550 2482 3620 οὐχ
2509 3549 2641 3621 δρᾷς
2664 3549 2747 3601 ὅτι
2774 3545 2981 3600 κλύδων
3016 3546 3189 3617 μέγας
3218 3544 3312 3596 καὶ
3343 3543 3626 3613 θεομηνὴς
3650 3545 3828 3613 πληγή
3851 3562 3864 3608 ;

2288 3641 2594 3711 ίάτρευσον,
2654 3638 2912 3701 δέσποτα,
2968 3634 3329 3706 κυὸέρνησον,
3370 3633 3462 3687 ἵνα
3497 3633 3599 3686 καὶ
3653 3635 3865 3687 σεαυτὸν

2286 3732 2488 3804 σώσῃς,
2518 3730 2612 3785 καὶ
2636 3732 2763 3792 τοὺς
2788 3727 3075 3791 ὑπαιτίους
3108 3726 3322 3799 ἐξιάσῃ.
3360 3726 3455 3779 καὶ
3485 3727 3865 3797 άναστοιχειιὶι·

2288 3841 2386 3898 σῃς
2409 3827 2490 3887 είς
2522 3820 2869 3885 εὐστάθειαν,
2901 3820 3229 3891 ἀνεχόμενος
3252 3818 3353 3891 τὴν
3384 3819 3645 3893 ἀπειλὴν,
3679 3820 3756 3884 ὡς
3782 3819 3865 3872 καὶ

2287 3918 2448 3980 αὐτὸς
2494 3914 2569 3969 ὢν
2617 3916 2675 3968 ὲν
2723 3912 2934 3984 σώματι
2978 3914 3073 3966 καὶ
3117 3912 3224 3966 ὑπὸ
3250 3912 3311 3966 τὸ
3348 3912 3637 3966 πταιστόν.
3689 3913 3864 3976 Οὕτως

2287 4008 2397 4081 γὰρ
2424 4008 2513 4062 καὶ
2542 4006 2674 4060 Θεὸν
2706 4006 2883 4076 κτήσῃ
2916 4004 3065 4058 ἵλεω.
3095 4000 3230 4057 Θεοῦ
3264 4002 3321 4055 δὲ
3348 4004 3713 4073 περιέποντος
3741 4006 3863 4067 τίςὸ

2288 4098 2590 4161 κακῶσων;
2617 4093 2923 4166 Μνήσθητι.
2956 4093 3130 4165 Κύριέ
3154 4110 3276 4164 μου,
3307 4092 3389 4145 ὅτι
3418 4092 3558 4163 σὰρξ
3581 4087 3633 4144 εί
3660 4095 3758 4146 καὶ
3786 4094 3865 4145 αὖ·

2288 4192 2381 4255 τός
2401 4205 2416 4219 ·
2450 4189 2542 4244 καὶ
2568 4188 2643 4254 ὠς
2678 4187 2816 4259 φοϐῇ
2847 4186 2947 4250 τὰς
2976 4185 3211 4255 πληγὰς,
3242 4184 3427 4254 φείδου
3466 4182 3579 4236 τῶν
3609 4184 3858 4252 πληγῶνο

2305 4283 2579 4350 Ἔπείπερ
2617 4281 2721 4346 οἵῳ
2761 4278 2955 4348 μέτρῳ
2980 4276 3337 4348 μετροῦμεν,
3364 4276 3861 4345 ἀντιμετρηθήσε-

2292 4391 2387 4429 ται
2448 4372 2609 4442 ἡμῖν.
2661 4370 2969 4441 Μνήσθητι.
3023 4368 3218 4439 ἁδελφὲ
3277 4367 3430 4432 καλὲ,
3487 4369 3572 4421 ὅτι
3634 4368 3861 4438 σήμερόι

2296 4470 2485 4537 ἔσμεν,
2520 4465 2615 4519 καὶ
2641 4464 2697 4517 τι
2724 4449 2968 4528 τέξεταί
2987 4462 3026 4530 ἠ
3054 4460 3313 4515 ἐπιοῦσα
3337 4462 3448 4515 οὐκ
3481 4459 3765 4529 οῖδαμεν’
3796 4458 3859 4519 ὡς

2301 4558 2376 4631 μὴ
2422 4556 2711 4628 εὑρεθῆναι
2748 4556 2895 4627 ἡμᾶς
2928 4553 3396 4625 κωμῳδουμένους
3426 4552 3523 4605 καὶ
3554 4552 3859 4623 κατηραμέ·

2297 4666 2443 4713 νους,
2469 4648 2563 4703 καὶ⁵
2587 4649 2646 4701 ὲν
2672 4646 2750 4718 τῷ
2779 4645 2875 4700 νῦν
2903 4644 3062 4699 αίῶνι
3099 4645 3195 4698 καὶ
3222 4647 3280 4698 ὲν
3311 4643 3391 4715 τῷ
3418 4645 3694 4714 μέλλοντι.
3722 4645 3858 4713 Μνή-

605 4744 877 4800 Memento
907 4745 1193 4800 horrendae
1222 4745 1372 4799 illius
1405 4744 1875 4813 inexorabilisque
1892 4742 2173 4797 sententia:

2301 4741 2458 4811 σθητι
2505 4741 2605 4812 τῆς
2666 4739 2991 4807 ἀποφάσεως
3055 4738 3271 4804 ἐκείνης
3322 4737 3421 4807 τῆς
3482 4735 3726 4807 φοσερᾶς
3780 4736 3859 4788 καὶ

603 4849 711 4901 qua
728 4835 1191 4890 itmnisericordes
1205 4835 1257 4887 in
1275 4835 1452 4904 ignem
1474 4835 1861 4888 inexstinctum
1880 4833 2190 4888 mittentur.

604 4925 879 4981 Memento
905 4927 1022 4981 fore
1058 4935 1117 4980 ut
1160 4926 1319 4980 nobis
1354 4927 1621 4980 sistantur
1655 4926 1726 4980 ob
1755 4925 1945 4980 oculos
1975 4924 2033 4989 ii,
2076 4924 2172 4993 qui

607 5019 810 5074 fuerint
840 5036 869 5074 a
910 5019 1070 5073 nobis
1098 5028 1194 5073 aut
1229 5018 1498 5073 beneficio
1532 5019 1719 5088 aliquo
1746 5026 1840 5071 aut
1869 5017 2071 5071 damno
2106 5013 2187 5069 af-

610 5112 756 5165 fecti.
798 5112 1003 5181 Ecquid
1035 5120 1148 5165 tum
1181 5110 1425 5180 proderit
1462 5111 1679 5181 egregia
1711 5126 1806 5179 per
1839 5110 1979 5163 hanc
2010 5111 2178 5162 vitam

608 5198 750 5255 fama
790 5202 999 5256 fuisse?
1025 5200 1099 5255 Ne
1129 5201 1232 5262 sic,
1266 5201 1532 5260 obtestor,
1567 5210 1753 5253 nostro
1782 5214 1880 5250 nos
1916 5197 2017 5266 ipsi
2061 5198 2178 5268 gla-

610 5293 699 5345 dio
721 5293 1055 5362 juguletnus.
1085 5291 1210 5345 Haec
1241 5293 1318 5344 ttti
1346 5306 1639 5360 peramans
1661 5291 1805 5350 dico,
1841 5292 2183 5358 maximeque

608 5384 677 5435 de
707 5392 778 5449 te,
810 5384 1051 5448 domine,
1085 5383 1375 5442 sollicitus.
1421 5392 1476 5436 ut
1518 5383 1678 5436 linem
1717 5382 1931 5436 dicendi
1962 5380 2178 5434 faciam.

608 5474 788 5530 Laetos
817 5476 1048 5544 posthac
1083 5477 1303 5529 nuntios
1329 5474 1548 5528 audiam
1579 5476 1644 5528 de
1673 5476 1937 5528 comitate
1967 5473 2020 5526 in
2056 5488 2182 5527 eru-

609 5568 809 5622 diendo
843 5584 907 5622 ac
959 5566 1218 5622 facilitate
1268 5566 1473 5621 domini
1537 5567 1683 5621 mei:
1721 5577 1780 5620 ut
1841 5574 2079 5630 cantem,
2122 5574 2183 5619 ut

611 5661 905 5727 intelligam
938 5669 1275 5730 quantopere
1323 5658 1457 5712 mihi
1510 5656 1768 5727 deinceps
1791 5656 2003 5711 amicus
2036 5670 2188 5712 meus

681 5772 702 5803 ⁸
731 5772 895 5826 Marc.
930 5787 1047 5837 vm,
1080 5770 1171 5826 56.
1278 5771 1299 5801 ⁸
1325 5768 1455 5824 Luc.
1482 5785 1552 5834 vr,
1588 5768 1675 5824 38.
1751 5769 1771 5799 ⁶
1798 5769 1954 5822 Prov.
1983 5782 2149 5833 xxvn,
2181 5766 2229 5818 l.

2294 4831 2759 4904 ἀπαραλογίστου,
2792 4829 2880 4899 ὑφ’
2907 4825 2974 4901 ἦς
2994 4830 3046 4882 οἱ
3078 4828 3436 4899 ἀνελεήμονες
3469 4829 3550 4890 εἰς
3578 4828 3691 4896 πῖιρ
3718 4826 3861 4879 (i365-

2294 4942 2416 4978 στον
2454 4922 2956 4993 ὲκπεμφθήσονται.
3000 4919 3284 4989 Μνήσθητι
3313 4919 3397 4971 ὅτι
3425 4921 3859 4998 παραστήσονται

2290 5018 2421 5087 ἡμῖν
2464 5020 2533 5068 τὰ
2568 5010 2627 5068 εὖ
2666 5014 2976 5068 πεπονθότα
3008 5010 3298 5083 πρόσωπα,
3329 5010 3426 5063 καὶ
3452 5012 3523 5063 τὰ
3552 5010 3861 5078 δεινοπαθή-

2285 5127 2456 5163 σαντα
2501 5110 2591 5179 ὑφ’
2625 5109 2801 5181 ἡμῶν.
2849 5108 2959 5162 Καὶ
2993 5108 3047 5159 τί
3075 5105 3351 5176 ὠφελήσει
3390 5105 3513 5159 τότε
3548 5106 3613 5159 ea
3646 5104 3860 5161 ἐνταῦθα

2288 5199 2519 5253 ἀκοῦσαι
2564 5200 2713 5270 ἡμᾶς
2761 5197 3014 5263 ἰκανούς;
3049 5197 3162 5267 Μὴ,
3211 5196 3540 5267 παρακαλῶ,
3582 5197 3659 5268 μὴ
3709 5197 3861 5259 οὕτως

2288 5292 2369 5355 εἰς
2410 5292 2639 5354 ἑαυτοὺς
2668 5291 2729 5343 τὸ
2758 5290 2910 5359 ξίφος
2940 5288 3193 5358 ὼθῶμεν.
3223 5288 3397 5342 Φίλων
3428 5288 3581 5357 λέγω
3612 5289 3707 5342 καὶ
3738 5289 3859 5359 μάλα

2288 5384 2605 5454 κηδόμενος,
2660 5383 2916 5447 δέσποτα,
2966 5379 3119 5445 τέλος
3169 5380 3265 5433 τοῦ
3314 5379 3503 5448 λόγου.
3544 5382 3855 5448 ’Ᾱκούσαιμι

2287 5480 2395 5532 ἀπὸ
2422 5477 2516 5532 τοῦ
2545 5477 2637 5530 νῦν
2664 5477 2872 5545 ἀγαθὰς
2894 5475 3062 5538 ἀκοὰς
3085 5476 3179 5529 καὶ
3207 5473 3619 5546 φιλανθρώπως
3658 5476 3857 5529 παιδευ-

2287 5570 2445 5631 τικὰς
2474 5568 2603 5637 περὶ
2634 5566 2727 5619 τοῦ
2760 5565 2891 5637 ἐμοῦ
2920 5566 3126 5636 Κυρίου
3154 5581 3169 5596 ⁶
3220 5565 3309 5617 ῖνα
3352 5564 3495 5637 ᾇσω,
3539 5566 3630 5621 ἴνα
3658 5565 3768 5635 γνῶ
3795 5564 3854 5615 ὡς

2296 5660 2704 5730 ὑπακουόμενος
2728 5658 2921 5729 ἔσομαι
2948 5658 3055 5711 καὶ-
3072 5656 3210 5727 πρὸς
3234 5657 3296 5709 τὸ
3325 5656 3457 5729 ἑξῆς
3490 5657 3600 5713 ὑπὸ
3623 5646 3717 5712 τοῦ
3740 5652 3852 5727 ἐμοῦ
