3964 6320
229 375 364 438 1353
1403 359 1932 424 EPISTULARUM
1995 359 2138 418 LIB.
2201 359 2275 415 ιι.
3321 345 3456 417 1354

224 494 403 562 φίλου.
435 488 577 558 ’Πδη
603 487 711 556 γὰρ
747 485 796 538 οἱ
823 480 1217 552 γειτνιάζοντες
1251 482 1382 551 ἡμῖν
1419 479 1653 532 ἐνταῦθα
1690 478 1789 547 έμ-

1892 477 2244 544 obsequetur.
2284 470 2402 525 Jam
2451 471 2596 525 enim
2625 477 2678 522 et
2719 467 2809 535 qui
2838 467 2925 521 hic
2956 465 3008 521 in
3039 476 3222 523 nostra
3259 471 3455 524 vicinia

222 586 378 656 φοὸοι
402 583 498 636 καὶ
524 576 776 650 ἔντρομοί
805 577 943 628 εἰσιν
974 574 1031 640 ἐξ
1058 567 1134 627 ὧν
1164 572 1454 627 ἀκούουσι·
1480 573 1681 641 καίπερ
1713 571 1787 642 μὴ

1890 576 2043 629 sunt,
2077 573 2272 633 pavent
2304 579 2367 616 ac
2391 560 2826 615 contremiscunt
2855 558 2926 612 ob
2955 573 3016 611 ea
3058 574 3177 626 qnze
3210 559 3274 614 ad
3308 561 3455 627 ipsos

221 651 542 736 ἐπταικότες
574 689 649 725 τι.
679 667 953 738 Τύραννός
979 669 1124 719 ἐστιν
1161 668 1189 718 ὁ
1217 665 1506 735 ἐρχόμενος
1532 679 1546 694 ⁸
1594 664 1786 732 μάχαι-

1891 658 2254 726 perferuntur,
2308 654 2410 707 etsi
2474 667 2742 720 nusquam
2779 651 3124 704 offenderint.
3168 651 3456 721 Tyrannus

223 786 324 837 ραν
366 764 720 831 ἐπιφέρεται’
752 759 964 829 πτωχὸς
1003 757 1099 826 οὐχ
1128 756 1342 808 ὑποίσει
1384 756 1647 824 ἀπειλήν·
1689 754 1788 822 ούχ

1894 749 2158 808 imminet,
2193 745 2431 815 gladium
2489 745 2738 806 intentat,
2774 758 2882 796 non
2937 743 3231 796 sustinebit
3281 743 3459 797 minas

221 859 308 909 ἶνα
357 854 814 922 ἀνταγωνίσηται,
863 851 1093 920 δέχεται,
1131 847 1232 900 κᾶν
1285 847 1359 917 μὴ
1404 846 1662 916 βούλοιτο,
1697 846 1786 897 ἐπὶ

1893 856 2114 910 pauper.
2150 838 2262 890 Non
2291 852 2400 905 quo
2439 836 2732 890 relnctetur
2770 850 2782 885 :
2811 834 2903 888 sed
2940 836 3178 904 excipiet
3208 835 3289 888 vel
3320 836 3458 888 invi-

216 947 394 1015 τούτῳ
419 947 516 1013 οὐχ
548 942 846 1004 ὑπεύθυνος
867 955 879 969 ·
919 939 1039 992 οὐδὲ
1065 939 1172 1009 γὰρ
1212 937 1372 1008 αὐτὸς
1410 935 1518 1003 ἐγὼ
1548 935 1781 1003 καταλη-

1899 930 2079 992 tus,in
2103 929 2204 982 hac
2233 944 2289 981 re
2315 928 2536 980 minime
2566 926 3042 994 reprehendendus
3076 944 3088 978 :
3120 927 3457 994 nequeenim

220 1039 378 1108 φθεὶς
419 1036 614 1097 οὕτως,
649 1031 933 1102 δυνηθείην
965 1031 1030 1084 ἂν
1072 1030 1271 1098 ἑτέρως
1316 1028 1529 1097 δρᾶσαι.
1572 1027 1696 1080 Ἐὰν
1730 1027 1785 1079 δὲ

1899 1038 2000 1092 ego
2030 1021 2076 1074 si
2106 1021 2184 1073 sic
2217 1020 2645 1088 comprehensus
2671 1021 2795 1081 sim,
2829 1018 3032 1086 possim
3071 1019 3226 1072 aliter
3255 1018 3455 1072 facere.

216 1132 363 1199 πέρα
401 1129 573 1198 τούτῳ
599 1128 662 1181 τὸ
692 1126 888 1189 αἴτιον,
922 1123 1139 1186 καλῶς’
1169 1121 1304 1174 ἀλλὰ
1332 1122 1426 1174 καὶ
1456 1119 1626 1181 οὕτως
1655 1137 1781 1188 συμ-

1897 1113 1952 1167 Si
1985 1130 2112 1167 vero
2140 1114 2229 1167 hic
2258 1114 2513 1181 deinceps
2545 1113 2596 1164 iu
2623 1114 2835 1180 culpam
2871 1112 3100 1175 incidat,
3132 1119 3282 1166 recte
3309 1129 3324 1165 :
3362 1111 3456 1166 sed

216 1220 409 1279 ιπαθῶς
435 1218 510 1280 ὡς
529 1220 586 1270 ἐν
606 1217 904 1284 ὀφθαλμοῖς
926 1215 1129 1284 Κυρίου
1146 1229 1159 1242 ·
1185 1210 1244 1275 ἐξ
1264 1204 1324 1262 οῦ
1352 1210 1446 1262 καὶ
1471 1209 1781 1276 εὐσταθήσει

1892 1213 1944 1258 et
1980 1211 2093 1257 tum
2126 1219 2250 1256 cum
2283 1203 2518 1271 quadam
2560 1201 3066 1264 commiseratione,
3108 1211 3366 1270 tanquam
3402 1201 3457 1255 itt

220 1309 425 1378 μᾶλλον
476 1309 537 1361 τὸ
585 1310 846 1376 ὑπήκοον,
885 1303 1240 1373 δουλούμενον
1283 1302 1466 1373 εὐνοίᾳ
1509 1301 1620 1363 τοῖς
1646 1318 1785 1353 νικο⁴

1893 1295 2064 1348 oculis
2096 1292 2308 1347 Domini
2345 1315 2356 1348 :
2393 1309 2458 1347 ex
2492 1308 2600 1362 quo
2633 1294 2885 1347 subditus
2911 1294 3091 1361 magis
3108 1291 3458 1346 confirmabi-

213 1403 399 1462 ποιοῖς
422 1396 752 1468 βασιλεῦσιν.

1895 1394 1979 1438 tur
2029 1393 2087 1437 ttt
2145 1399 2211 1438 ex
2269 1383 2642 1438 benevolentia
2700 1383 2998 1437 victoribus
3042 1381 3460 1451 imperatoribus

1891 1473 2114 1528 serviat.

568 1576 646 1628 P'.
675 1602 746 1613 —
785 1570 1007 1634 ’Υπάτῳ
1037 1570 1247 1636 τέκνῳ.
1279 1567 1452 1639 [χιγ¹.]

1366 1567 1452 1639 γη]
2381 1564 2444 1619 C.
2465 1592 2533 1603 —
2568 1562 2777 1633 Hypata
2799 1564 2931 1631 ﬁlio.

541 1685 774 1736 Jacobum
793 1685 1098 1744 monachum,
1121 1685 1379 1746 egregium
1399 1680 1575 1733 Christi
1606 1679 1952 1736 confessorem,
1974 1679 2256 1729 defunctum
2282 1680 2460 1728 laudat.
2486 1677 2686 1740 (Baron.
2717 1691 2795 1727 an.
2817 1678 2924 1736 818,
2957 1691 3006 1726 n.
3032 1677 3134 1739 25.)

288 1794 403 1848 Οὐκ
440 1791 666 1855 ἀπαθῶς
701 1793 796 1844 καὶ
827 1793 988 1861 ἡμεῖς
1031 1791 1081 1843 οἱ
1112 1787 1360 1843 ταπεινοὶ
1392 1787 1710 1857 ἐδεξάμεθα,
1741 1779 1785 1837 ὦ
1821 1788 1853 1846 Β

1961 1787 2068 1841 Nec
2099 1801 2199 1840 nos
2239 1786 2471 1840 humiles
2502 1787 2621 1839 sine
2653 1786 2858 1849 dolore,
2891 1784 2987 1848 fili,
3016 1784 3334 1854 accepimus
3364 1798 3455 1839 sa-

211 1885 429 1946 τέκνον,
461 1884 561 1954 τὴν
588 1882 738 1953 ἱεράν
759 1883 1016 1950 κοίμησιν
1045 1879 1301 1933 Ἰακώϐου
1337 1879 1430 1932 τοῦ
1456 1876 1776 1949 ὁμολογητοῐ

1896 1895 2038 1933 cram
2081 1878 2464 1933 dormitionem
2506 1878 2690 1932 Jacobi
2744 1877 3081 1932 confessoris
3128 1875 3351 1940 Christi,
3405 1884 3461 1930 et

212 1973 476 2045 Χριστοῦ,
521 1972 614 2024 καὶ
653 1972 809 2042 ἡμῶν
855 1971 1083 2040 ἀδελφοῦ
1130 1970 1449 2038 ἁξιεράστου
1476 1983 1488 1996 ·
1541 1966 1655 2021 ἀλλ’
1696 1963 1777 2021 οῦκ

1892 1971 2140 2025 amabilis
2169 1969 2352 2024 fratris
2390 1972 2582 2034 nostri,
2607 1986 2706 2025 nec
2732 1986 2896 2040 porro
2927 1971 3047 2025 sine
3087 1970 3292 2024 laetitia.
3323 1969 3456 2024 illud

213 2060 338 2112 οὐδὲ
390 2059 765 2129 ἀπεριχαρῶς.
825 2058 898 2112 Τὸ
942 2059 1156 2129 πρῶτον
1197 2059 1285 2111 διὰ
1335 2057 1396 2110 τὸ
1425 2058 1778 2128 πνευματικὸν

1894 2066 2106 2134 quidem
2162 2078 2227 2118 ex
2288 2063 2555 2132 spirituali
2620 2061 2810 2115 affectu
2843 2079 2856 2114 :
2889 2061 3016 2131 quid
3080 2059 3224 2115 enim
3256 2061 3346 2114 ille
3374 2059 3459 2114 ni-

214 2151 468 2221 φίλτρον
493 2151 547 2202 τί
575 2151 683 2220 γὰρ
716 2151 748 2221 ἢ
780 2151 914 2214 υἱὸς,
947 2150 1042 2203 καὶ
1068 2150 1181 2212 υίὸς
1209 2148 1545 2220 τηλικοῦτος,
1577 2145 1638 2204 οὗ
1675 2150 1779 2218 ἐγὼ

1894 2155 1938 2209 si
1986 2156 2146 2217 filius,
2179 2163 2233 2208 et
2277 2155 2401 2209 talis
2462 2154 2602 2207 filius
2653 2154 2812 2222 cujus
2841 2167 2946 2221 ego
2985 2162 3204 2221 propter
3236 2161 3459 2222 peccata

212 2243 306 2296 διὰ
330 2247 427 2306 τᾲς
460 2243 732 2312 ἁμαρτίας
758 2242 877 2294 οὐδὲ
908 2244 1036 2303 παῖς
1073 2241 1355 2294 καλεῖσθαι
1391 2241 1574 2308 άξιοςς
1620 2242 1692 2293 Τὸ
1733 2241 1777 2294 δὲ

1896 2263 2013 2300 mea
2048 2263 2113 2300 ne
2153 2247 2296 2301 filius
2338 2247 2555 2315 quidem
2584 2247 2690 2299 dici
2735 2245 3024 2299 merebar?
3060 2245 3163 2299 hoc
3190 2260 3317 2298 Vero
3346 2244 3458 2314 spei

214 2334 309 2386 διὰ
339 2333 437 2404 τὴν
462 2333 674 2399 ἐλπίδα,
719 2332 919 2399 μᾶλλον
949 2333 1006 2385 δὲ
1034 2333 1123 2385 διὰ
1164 2333 1224 2385 τὸ
1249 2332 1541 2398 λυσιτελὲς,
1577 2334 1668 2386 καὶ
1695 2335 1779 2404 οὐχ

1895 2354 2056 2393 causa
2089 2339 2168 2391 vel
2212 2338 2472 2392 utilitatis
2503 2355 2516 2391 :
2552 2353 2650 2392 nec
2679 2345 2877 2390 nostra:
2908 2337 3192 2397 duntaxat,
3225 2349 3457 2404 quorum

216 2425 378 2494 ⁴ἡμῶν
421 2425 600 2494 μόνον,
629 2417 703 2477 ὧν
727 2423 802 2485 ὡς
829 2422 987 2493 μέλος
1015 2423 1214 2493 κόσμος
1245 2423 1389 2492 ἱερὸς
1427 2422 1781 2478 καθίστασθαι

1895 2431 1986 2485 ille
2031 2429 2175 2484 velut
2215 2429 2519 2483 membrum
2567 2443 2722 2482 sacer
2772 2436 3000 2482 ornatus
3030 2429 3250 2480 futurus
3295 2425 3459 2478 erat?

217 2518 464 2584 πέφυκεν
485 2533 498 2547 ⁸
521 2516 656 2568 ἀλλὰ
682 2515 788 2586 γὰρ
816 2515 911 2568 καὶ
942 2515 1121 2584 πάσης
1149 2514 1248 2581 τῆς
1272 2513 1366 2567 τοῦ
1394 2513 1528 2567 Θεοῦ
1566 2514 1782 2585 Ἐκκλη·

1896 2537 2079 2576 verum
2109 2521 2271 2574 etiam
2311 2522 2478 2574 totius
2518 2518 2609 2573 Dei
2644 2518 2921 2574 Ecclesiae.
2953 2515 3094 2583 Quid
3119 2515 3299 2570 enim?
3325 2529 3461 2584 quac

221 2607 361 2667 σίας.
398 2606 463 2658 Τί
493 2606 604 2676 γὰρ
640 2607 741 2658 οῖει
788 2606 878 2658 τὸν
926 2606 1128 2675 ἄνδρα;
1156 2604 1270 2658 ἀλλ’
1307 2605 1404 2675 οὐχ
1419 2607 1786 2677 ὁμολογητήνς

1894 2613 1996 2667 lem
2041 2615 2218 2666 virum
2287 2613 2521 2667 censes?
2579 2626 2757 2666 annon
2821 2606 3224 2665 confessorem?
3273 2618 3459 2659 annon

216 2697 336 2750 ἀλλ’
381 2698 502 2767 οὐχ).
563 2697 842 2768 μάρτυρας
898 2696 1012 2750 ἀλλ’
1056 2697 1152 2766 οὐχ
1192 2698 1367 2761 ὅσιον;
1414 2698 1510 2752 Ἐκ
1546 2699 1781 2768 νεότητος

1897 2705 2230 2775 martyrem?
2256 2720 2436 2758 annon
2475 2703 2773 2759 sanctum?
2804 2703 2848 2758 A
2875 2701 3063 2771 primis
3089 2698 3249 2754 annis
3284 2698 3337 2751 in
3369 2711 3460 2750 as-

219 2789 457 2870 ἣθλησεν
481 2788 815 2860 ἀσκητικῶς,
843 2775 1419 2858 ὑποταγεὶξέννόμως,
1445 2789 1585 2842 κατά
1604 2789 1784 2842 παθῶν

1894 2797 2077 2851 ceticaa
2106 2797 2227 2850 vita:
2259 2796 2537 2850 laboribus
2565 2795 2852 2850 desudavit
2895 2793 3134 2864 legitime
3178 2789 3453 2852 subditus,

221 2881 637 2963 ἀνδρισάμενος,
681 2878 951 2950 παρθένον
995 2878 1057 2931 τὸ
1102 2879 1258 2948 σῶμα
1302 2879 1566 2946 φυλάξας,
1594 2879 1659 2931 δι’
1692 2880 1786 2932 ύπ-

1897 2887 2183 2948 obediens,
2221 2888 2485 2942 adversus
2512 2887 2680 2942 animi
2713 2895 2895 2940 motus
2927 2883 3157 2937 viriliter
3185 2893 3454 2951 pugnans,

218 2971 524 3042 ωπιασμῶν
557 2971 899 3043 ἐγκρατικῶν
929 2970 1020 3024 καὶ
1053 2970 1430 3039 δουλαγωγιιῖΝ
1450 2989 1463 3002 ·
1514 2971 1685 3033 οὕτως
1715 2969 1783 3034 ὡς

1895 2977 2281 3047 incorruptum
2323 2993 2527 3047 corpus
2556 2977 2942 3032 afﬂictionibus
2971 2974 3310 3035 custodiens,
3331 2971 3459 3038 qni.

220 3062 410 3131 ἔτυχεν
434 3061 649 3126 ἐσθίων,
680 3062 850 3125 οὕτως
876 3060 1167 3127 καθεύδων,
1192 3060 1271 3114 ἔτι
1301 3061 1579 3130 ὑγιαίνων,
1609 3061 1683 3124 ὡς
1706 3061 1785 3126 ξε-

1894 3069 1997 3124 bus
2021 3070 2153 3124 illud
2195 3071 2526 3134 continebat,
2583 3079 2638 3124 et
2682 3070 2734 3122 in
2795 3069 3115 3123 servitutem
3150 3063 3453 3132 redigebat,

219 3119 390 3216 νίζέιν
420 3155 546 3216 τοὺς
574 3153 818 3223 ὁρῶντας
850 3119 1258 3224 ὑποχωρητικὸς
1286 3119 1362 3216 ὡς
1395 3153 1462 3206 τά
1485 3119 1679 3216 πολλὰ,
1703 3119 1784 3222 ἐφ’

1897 3164 2009 3218 sine
2036 3163 2248 3218 delectu
2289 3164 2584 3218 comedens
2613 3169 2668 3217 et
2705 3162 2985 3217 dormiens
3013 3175 3135 3215 cum
3163 3159 3342 3213 adhuc
3373 3173 3462 3211 sa-

216 3245 345 3298 ὅσον
371 3239 480 3297 οἷόν
504 3261 586 3307 τε,
612 3244 706 3296 καὶ
732 3245 811 3307 είς
840 3245 1030 3298 ἑαυτὸν
1055 3245 1478 3316 ἐπαναγόμενος,
1502 3245 1781 3300 κάντεῦθεν

1891 3270 1995 3308 nus
2022 3264 2191 3321 esset,
2217 3255 2290 3308 ita
2310 3265 2370 3309 ut
2395 3254 2446 3308 in
2468 3254 2884 3308 admirationem
2909 3262 3124 3321 raperet
3144 3251 3456 3305 intuentes:

221 3334 439 3405 πτερῶν
469 3335 657 3387 ἑαυτὸν
690 3334 826 3405 πρὸς
855 3336 944 3388 τὸν
971 3336 1220 3406 οὐράνιον
1250 3336 1448 3407 ἔρωτα.
1481 3337 1591 3390 Καὶ
1616 3337 1689 3408 μή
1707 3355 1786 3400 τις

1897 3358 2170 3399 secessum
2205 3342 2393 3399 colens
2424 3353 2482 3397 ut
2509 3343 2804 3412 plurimum
2837 3351 2892 3395 et
2915 3339 3095 3410 quoad
3124 3345 3360 3408 poterat,
3407 3344 3462 3391 et

219 3426 496 3497 νομίσειεν
523 3427 960 3482 ὑποπλάττεσθαί
996 3446 1062 3498 με
1090 3427 1445 3498 ψυχαγωγίας
1475 3427 1660 3480 ἕνεκεν
1684 3428 1784 3481 τῶν

1893 3435 2130 3505 seipsum
2158 3435 2449 3505 colligens,
2483 3445 2645 3505 atque
2674 3435 2737 3489 ad
2767 3435 3042 3491 caelestem
3073 3447 3312 3490 amorem
3332 3428 3458 3482 inde

220 3518 529 3572 ἀκουόντων
553 3517 746 3584 λόγους
765 3534 780 3548 ·
811 3518 1021 3588 μάρτυς
1043 3518 1175 3581 Θεὸς
1207 3518 1300 3570 καὶ
1332 3520 1360 3571 ό
1393 3519 1604 3571 ἐκείνου
1635 3520 1785 3572 παιδ-

1895 3539 2210 3597 assurgens.
2253 3527 2330 3581 Ac
2361 3543 2428 3580 ne
2469 3527 2591 3596 quis
2646 3527 2760 3581 haec
2797 3542 2826 3581 a
2868 3540 2954 3580 me
3015 3523 3142 3594 fingi
3181 3521 3460 3578 existimet

220 3609 438 3677 ἀγωγὸς
477 3609 770 3671 Λουκιανὸς
798 3610 826 3662 ὁ
863 3610 1026 3679 ἱερὸς,
1053 3610 1153 3663 κᾶν
1191 3610 1605 3680 δυσανέγερτος·
1640 3611 1699 3674 ἐξ
1731 3603 1785 3663 οῦ

1892 3616 2058 3669 animi
2092 3617 2264 3686 gratia
2297 3627 2519 3686 propter
2566 3617 2688 3670 illos
2717 3609 2810 3684 qui
2859 3616 2974 3669 hrec
3007 3613 3266 3668 audient:
3299 3610 3457 3664 testis

223 3719 317 3771 μοι
339 3701 433 3754 καὶ
453 3701 484 3770 ἡ
507 3700 614 3752 τῶν
640 3700 1016 3769 ἀγνοουμένων
1038 3700 1287 3770 δήλωσις.
1314 3700 1496 3754 Ταῦτα
1517 3701 1590 3764 ὡς
1616 3702 1788 3756 ἰνδαλ-

1892 3714 1971 3758 est
1996 3705 2158 3772 Deus,
2185 3717 2240 3761 et
2276 3709 2370 3777 qui
2398 3707 2517 3777 ejus
2549 3707 2873 3775 paedagogus
2929 3703 3033 3757 fuit
3073 3717 3227 3756 sacer
3257 3699 3457 3753 Lucia-

225 3793 304 3861 μά
332 3811 383 3846 τι
415 3793 620 3862 σχέδιον
644 3792 740 3860 τῆς
770 3792 1074 3862 ἀσκήσεως.

1892 3811 2016 3862 nus,
2069 3800 2316 3866 quamvis
2362 3814 2506 3866 πετο
2562 3797 2786 3867 produci
2825 3795 3020 3865 possit,
3073 3808 3103 3846 a
3161 3807 3270 3860 quo
3322 3790 3454 3845 mihi

221 3902 415 3942 eorum
453 3903 574 3959 qua:
603 3886 913 3943 nesciebam
949 3886 1088 3942 facta
1120 3887 1430 3956 explicatio.
1506 3887 1685 3959 Atque
1742 3889 1859 3943 haec
1895 3893 2044 3947 velut
2097 3894 2231 3949 rude
2300 3894 2570 3963 quoddam
2637 3892 2910 3962 specimen
2979 3886 3232 3943 asceticae
3296 3885 3460 3939 disci-

222 3981 404 4050 plince.

310 4074 434 4126 Ἐπὶ
463 4073 518 4125 δὲ
551 4073 649 4142 τῆς
677 4072 963 4143 ὁμολογίας
1020 4071 1182 4125 πόσον
1229 4073 1318 4125 καὶ
1349 4072 1530 4143 ἡλίκον
1563 4072 1786 4143 θέατρον

1965 4074 2020 4127 In
2057 4071 2402 4127 confessione
2430 4081 2610 4125 autem
2651 4080 2910 4140 quantum
2959 4075 3011 4121 et
3051 4065 3211 4133 quale
3249 4072 3457 4131 specta-

223 4165 458 4235 ἐγενήθη
484 4163 577 4214 καὶ
601 4164 849 4231 ἀγγέλοις
874 4162 968 4215 καὶ
990 4161 1312 4231 ἀνθρώποις.
1344 4164 1405 4214 Ὢ
1431 4163 1527 4228 τῆς
1550 4163 1786 4231 εὐθύμου

1891 4163 2069 4216 culum
2103 4161 2277 4214 factus
2303 4169 2386 4214 est
2428 4169 2481 4213 et
2512 4160 2719 4229 angelis
2754 4167 2807 4212 et
2837 4153 3185 4210 hominibus!
3220 4149 3264 4204 Ο
3293 4165 3453 4219 gene-

225 4256 325 4308 καὶ
371 4254 652 4322 θεοφιλοῦς
693 4252 954 4323 καρδίαςι
997 4250 1242 4322 εἰσῆλθεν
1277 4254 1356 4314 εἰς
1383 4253 1445 4304 τὸ
1475 4254 1685 4306 στάδιον
1713 4252 1787 4314 ὡς

1891 4267 2075 4307 rosum
2111 4253 2325 4321 Deoque
2355 4253 2579 4306 charum
2611 4251 2739 4306 corl
2789 4251 3070 4318 Ingressus
3106 4255 3188 4301 est
3219 4243 3450 4298 stadium

225 4345 465 4417 Χριστοῦ
497 4345 854 4414 στρατιώτης,
878 4344 1204 4410 ἀδείλαντος,
1235 4344 1509 4413 ἀτρέμας·
1541 4344 1786 4399 ἐντεῦθεν

1891 4354 2146 4412 tanquam
2177 4342 2378 4396 Christi
2412 4344 2566 4397 miles
2593 4341 2933 4410 impavidus,
2973 4337 3274 4408 intrepidus
3317 4353 3330 4389 :
3367 4335 3454 4388 hic

227 4439 324 4492 καὶ
367 4435 615 4490 ἐντεῦθεν
653 4437 701 4488 οἱ
748 4437 1015 4506 ὑπηρέται
1066 4435 1160 4488 τοῦ
1215 4436 1436 4498 σκότους
1486 4435 1787 4500 κατέξαναν

1892 4442 1944 4486 et
1983 4433 2110 4487 inde
2142 4432 2492 4486 tenebrarum
2543 4429 2776 4485 miniStri
2821 4437 2969 4496 terga
3015 4426 3334 4479 verberibus
3373 4425 3450 4478 la-

225 4533 348 4592 ταῖς
402 4529 638 4597 πληγαῖς
696 4526 858 4591 νῶτα,
913 4529 1127 4598 στέρνα,
1186 4527 1511 4596 βραχίονας·
1569 4528 1786 4598 ἐξέχεαν

1893 4527 2137 4587 niarunt,
2170 4535 2412 4592 pectora,
2446 4522 2665 4576 brachia
2693 4539 2705 4575 :
2741 4519 3065 4588 sanguinem
3103 4517 3406 4572 hauserunt
3432 4557 3447 4579 ,

225 4622 456 4689 αἵματα,
483 4620 753 4688 ὑπέτεμον
790 4619 1015 4686 σάρκας,
1047 4619 1234 4671 εἴασαν
1276 4619 1354 4681 είς
1386 4621 1489 4689 γῆν
1519 4620 1786 4690 ἐρριμμέ-

1888 4632 2083 4673 carnes
2126 4615 2521 4678 conciderunt,
2568 4623 2797 4668 stratum
2843 4611 2994 4665 humi
3032 4619 3280 4665 sanctum
3322 4609 3449 4662 reli-

226 4729 318 4763 νον
346 4711 436 4763 τὸν
464 4711 636 4777 ἀγιον,
667 4711 740 4779 μὴ
770 4711 1069 4780 προέμενον
1094 4711 1242 4779 ῥῆμα
1268 4711 1550 4779 ἀριστερὸν
1573 4710 1633 4763 τὸ
1662 4711 1787 4764 καθ’

1888 4717 2163 4778 querunt,
2214 4721 2335 4760 cum
2391 4707 2667 4759 sinistram
2717 4718 2902 4757 vocem
2961 4701 3165 4757 nullam
3222 4714 3449 4771 prorsus

226 4800 374 4861 όλου,
405 4798 544 4851 ἀλλά
585 4798 798 4869 θεοτελῆ
830 4799 928 4868 τὴν
960 4799 1260 4867 μαρτυρίαν
1299 4797 1615 4866 ποιούμενον
1691 4799 1786 4851 καὶ

1887 4801 2190 4862 emitteret,
2233 4797 2326 4851 sed
2359 4799 2675 4866 martyrium
2710 4793 2818 4847 Deo
2857 4803 3139 4861 acceptum
3170 4791 3446 4860 expleret.

225 4888 398 4943 ταῦτα
439 4887 579 4957 ὑπὲρ
630 4887 862 4957 Χριστοῦ
907 4887 1000 4939 τοῦ
1039 4887 1166 4938 Υίοῦ
1210 4887 1301 4939 τοῦ
1339 4887 1472 4939 Θεοῦ
1523 4890 1614 4940 καὶ
1650 4887 1784 4940 Θεοῦ

1887 4899 1941 4945 et
1975 4894 2087 4944 haec
2119 4905 2214 4958 pro
2247 4889 2463 4942 Christo
2505 4886 2640 4940 Filio
2680 4886 2769 4940 Dei
2819 4899 2881 4939 ac
2927 4883 3034 4938 Deo
3067 4891 3273 4937 nostro.
3309 4880 3444 4934 Nam

228 4983 260 5050 ἡ
268 4979 404 5049 μῶν.
429 4980 502 5032 Τὸ
523 4978 632 5048 γὰρ
659 4979 786 5049 περ)⁵
808 4981 904 5050 τῆς
921 4979 1084 5048 ἀγίας
1106 4977 1268 5030 αὑτοῦ
1299 4977 1503 5040 εἰκόνος
1523 4979 1783 5043 ἐναθλεῖν,

1892 4999 1990 5052 pro
2037 4992 2224 5036 sancta
2263 4981 2382 5049 ejus
2413 4981 2645 5048 imagine
2687 4978 3005 5039 decertare,
3054 4990 3156 5044 pro
3200 4974 3317 5043 ipso
3365 4980 3449 5026 est

229 5072 366 5142 ὑπὲρ
397 5069 562 5123 αὐτοῦ
588 5070 793 5123 ἐκείνου
822 5072 941 5124 ἐστὶ
972 5071 1288 5140 μαρτυρεῖν.
1333 5068 1786 5124 Ἀκουσάτωσαν

1891 5079 2206 5145 martyrium
2250 5074 2353 5141 pati
2388 5090 2400 5124 :
2444 5071 2679 5126 Audiam
2713 5069 2976 5124 mansueti
3024 5076 3074 5120 et
3112 5067 3356 5119 twtentur
3381 5064 3442 5128 ";

229 5160 432 5228 πραεῖς
476 5160 573 5211 καὶ
609 5159 1114 5228 εὐφρανθήτωσαν
1135 5175 1148 5188 ·
1186 5158 1598 5227 χορευσάτωσαν
1634 5162 1782 5228 φιλο-

1889 5167 2160 5220 exsultent
2201 5173 2499 5232 martyrum
2541 5171 2810 5216 amatores
2843 5170 2894 5213 et
2937 5159 3232 5225 tripudient
3261 5174 3276 5211 :
3309 5170 3443 5209 con-

149 5247 154 5252 ’
233 5254 502 5319 μάρτυρες
545 5249 642 5301 καὶ
682 5249 1095 5319 γεγηθέτωσαν·
1134 5249 1470 5317 αἰσχυνέσθω
1503 5251 1711 5302 διάϐολο

1885 5258 2141 5312 fundatur
2182 5254 2471 5306 diabolus:
2528 5253 2779 5307 concidat
2823 5249 3300 5305 Icouomachorum
3347 5259 3442 5300 ca-

230 5343 473 5393 πιπτέτω
503 5341 872 5410 εἰκονομάχων
901 5340 1084 5406 στίφος
1108 5354 1122 5369 ο
1169 5339 1232 5389 ἐκ
1265 5339 1371 5389 τῶν
1404 5338 1576 5406 ἔργων
1605 5340 1785 5408 ἀμφου-

1885 5357 2074 5411 terva,
2123 5361 2186 5398 ex
2235 5353 2588 5412 utrorumque
2645 5342 2940 5412 operibus,
2997 5341 3147 5408 juxta
3197 5338 3441 5391 divinum

226 5433 396 5494 τέρων
424 5431 818 5494 θεοκελεύστως
852 5431 1189 5496 ἐπιγνώσατε
1213 5428 1569 5497 ἀμφοτέρους.
1603 5431 1665 5481 Οἱ
1691 5431 1787 5499 μὲν

1884 5441 2198 5495 mandatum
2230 5440 2272 5502 ⁸,
2307 5446 2564 5507 utrosque
2586 5437 2884 5508 agnoscite.
2909 5435 2971 5489 lli
2991 5436 3135 5490 enim
3161 5449 3267 5488 non
3298 5433 3443 5486 hunc

227 5524 329 5594 γὰρ
359 5524 419 5574 οὐ
450 5522 599 5575 τόνδε
631 5523 807 5590 μόνον,
841 5522 975 5574 ἀλλά
1007 5521 1115 5590 γάρ
1146 5521 1238 5572 καὶ
1269 5520 1491 5584 πολλοὺς
1518 5523 1624 5573 τῶν
1650 5527 1788 5591 ὴμεο

1889 5533 2064 5587 solum
2097 5571 2111 5594 ,
2172 5533 2262 5584 sed
2312 5540 2367 5585 et
2411 5531 2614 5584 multos
2651 5546 2680 5584 e
2718 5529 2949 5590 nostris.
2986 5543 3049 5582 ac
3077 5541 3184 5580 non
3217 5525 3441 5588 nostris,

229 5617 417 5688 τέρων,
450 5617 546 5669 καὶ
597 5619 695 5685 οὑχ
729 5617 1030 5686 ἡμετέρων,
1066 5614 1346 5684 ἡμετέρων
1396 5615 1440 5668 δ’
1469 5612 1558 5669 οὗν
1602 5619 1748 5687 ὅμως
1772 5635 1786 5649 ·

1888 5627 1982 5681 sed
2015 5624 2217 5679 nostris
2251 5634 2467 5690 tamen;
2510 5622 2777 5694 siquidem
2807 5633 2997 5675 omnes
3026 5632 3196 5673 unum
3244 5629 3439 5684 corpus

291 5737 311 5769 '
344 5735 490 5792 Psal.
526 5749 730 5797 xxxm,
762 5735 816 5788 ἓ.
892 5733 912 5764 ⁸
939 5731 1125 5785 Matth.
1161 5747 1232 5784 vtl
1256 5772 1269 5794 ,
1305 5730 1395 5788 20.

549 5828 809 5887 Panos.
853 5826 967 5884 GR.
1005 5823 1221 5883 XCIX.
3023 5819 3095 5879 43
