3964 6320
99 383 124 446 1
136 381 246 444 357

1293 377 1825 438 EPISTULARUM
1900 377 2046 437 LIB.
2091 379 2172 437 ΙΙ.

3226 371 3360 437 1358

94 489 304 560 ἀδελφέ
329 501 344 517 ⁸
375 486 510 540 διότι
549 487 764 557 ἀκήκοα
796 487 1086 541 ἀποθανεῖν
1122 504 1179 540 σε
1225 488 1316 540 τὸν
1361 491 1458 559 τῆς
1509 489 1689 558 ἅμαρ-

1817 489 1969 545 ιυόὶνί
2013 500 2065 544 te
2097 488 2302 559 peccati
2336 497 2510 542 morte
2540 497 2818 541 mortuutn
2853 500 2994 542 esse.
3025 484 3191 539 Aiunt
3218 487 3365 539 enim

91 587 226 642 τίας
262 581 514 636 θάνατον.
546 580 684 634 Φασὶ
711 580 820 651 γὰρ
850 581 1296 652 ἀπορριψάμενον
1327 581 1388 634 τὺ
1418 581 1687 649 ἐπάγγελ-

98 693 181 746 μα
210 675 316 744 τῆς
344 674 662 745 παρθενίας,
694 673 755 726 τὸ
786 672 987 744 ἔνδυμα
1009 673 1070 726 τὺ
1097 672 1472 742 εὐαγγελικδν,
1500 673 1564 726 τὸ
1597 689 1687 726 σε·

96 768 343 838 ϐάσμιον
373 767 470 819 καὶ
495 766 745 834 ἀγγέλοις
771 766 865 820 καὶ
892 764 1198 835 ἀνθρώποις
1237 765 1556 836 πολίτευμα,
1589 766 1689 818 λα-

96 858 222 912 ϐεῖν
252 875 314 911 σε
341 859 577 927 γυναῖκα
607 857 892 928 μοιχικῶς,
918 857 1118 928 μᾶλλον
1138 857 1195 911 δὲ
1223 857 1321 928 τὴν
1345 855 1487 909 Εὔαν
1517 859 1692 910 εἰπεῖν

100 948 467 1020 κυριώτερον.
505 947 652 1017 Αῦτη
685 949 794 1018 γάρ
825 965 882 1000 σε
924 948 1018 1001 τοῦ
1046 947 1374 1019 παραδείσου
1401 948 1500 1018 τῆς
1530 947 1692 1016 ἁγίας

101 1039 261 1110 ζωῆς
290 1040 594 1094 ἐκϐαλοῦσα
621 1040 794 1102 ἔθετο,
816 1042 896 1103 εἰς
918 1038 1113 1102 πένθος
1141 1039 1238 1109 μὲν
1264 1040 1387 1110 ἐμοὶ
1413 1038 1489 1109 τῷ
1514 1039 1694 1110 ἀμαρ-

101 1131 270 1202 τωλῷ
305 1149 399 1185 σου
435 1132 623 1203 πατρὶ,
658 1133 737 1196 εἰς
767 1148 825 1184 τε
849 1129 1111 1201 αἰσχύνην
1143 1129 1244 1199 τῆς
1274 1129 1576 1199 ἀγγελικῆς
1598 1146 1692 1182 σου

103 1222 495 1292 ἀδελφότητος,
526 1223 622 1276 καὶ
658 1224 738 1287 εἰς
765 1221 997 1292 ἔπαρσιν
1027 1223 1122 1276 καὶ
1154 1219 1382 1293 αὔχημα
1407 1220 1487 1293 τῷ
1509 1220 1694 1275 διαϐό-

105 1317 210 1388 λῳ.
246 1318 313 1370 Ὢ
360 1317 413 1370 τί
457 1317 672 1386 γέγονε;
715 1315 844 1385 φεῦί
889 1315 1006 1377 πῶς
1042 1333 1104 1369 σε
1133 1314 1464 1387 ἐχειρώσατο
1503 1316 1533 1366 6
1563 1314 1696 1386 δρά-

107 1426 270 1477 κων;
303 1411 386 1473 εἰς
413 1407 524 1462 οἷον
565 1408 622 1462 δέ
667 1425 725 1460 σε
761 1407 1034 1478 ἀπέρριψε
1071 1406 1235 1477 βάθος
1280 1406 1575 1473 δυσωδίας;
1625 1406 1700 1459 Τὸ

110 1503 234 1571 φῶς
289 1501 521 1570 γέγονας
581 1499 806 1563 σκότοςε
866 1501 901 1569 ὴ
941 1497 1178 1569 Χριστοῦ
1224 1497 1420 1552 εὐωδία
1462 1500 1491 1551 6
1534 1487 1697 1567 ἱερδς,

113 1593 350 1666 μιαρός·
381 1593 411 1645 6
440 1591 641 1661 τίμιος,
678 1592 870 1661 ἄτιμος
889 1603 902 1617 ·
928 1591 956 1642 6
982 1581 1208 1657 ἔνδοξος,
1235 1588 1420 1654 ἄδοξος
1440 1602 1454 1618 ⁸
1480 1589 1509 1642 6
1539 1589 1701 1658 ἄσχε⁸

111 1703 228 1750 τος,
270 1684 349 1755 τῷ
377 1683 594 1753 δαίμονι
635 1683 1037 1754 χειροδὲσμιος*
1077 1681 1106 1733 6
1148 1681 1394 1751 φιλητὸς,
1439 1680 1698 1751 μισητόςο

1788 583 2056 652 abjecisse
2103 592 2155 636 te
2200 580 2538 651 propositum
2577 579 2945 648 virginitatis,
2989 579 3366 632 indumentum

1788 675 2157 745 evangelicum
2182 712 2198 737 ,
2233 672 2608 728 venerandum
2642 681 2695 726 et
2727 670 2934 740 angelis
2960 678 3018 725 et
3042 670 3368 724 hominibus

1789 766 1914 819 vitze
1944 764 2251 818 institutum
2277 802 2293 828 ,
2323 771 2379 816 et
2402 761 2663 816 feminam
2708 760 2978 815 adulterio
3008 761 3106 814 tibi
3142 761 3370 816 ascivia»

1791 875 1850 914 se
1876 899 1890 923 ,
1926 873 2090 928 quam
2125 857 2349 928 proprie
2389 857 2565 924 magis
2597 854 2764 909 Evam
2799 855 2982 910 dicere
3011 854 3190 909 liceat.
3246 853 3372 907 Haec

1791 953 1936 1006 enim
1967 962 2016 1005 te
2040 950 2107 1005 de
2133 959 2336 1005 sanctae
2362 949 2488 1004 vita:
2516 948 2774 1018 paradiso
2811 947 3163 1003 exturbatum
3201 960 3372 1016 expo-

1792 1045 1904 1100 suit
1936 1042 2069 1098 mihi
2098 1042 2316 1112 quidem
2345 1043 2612 1111 peccatori
2637 1039 2789 1094 Patri
2822 1050 2919 1095 tuo
2945 1039 3012 1094 ad
3042 1041 3273 1104 lttctum,
3304 1039 3372 1092 ad

1793 1132 2056 1202 pudorem
2099 1144 2230 1184 vero
2279 1128 2538 1197 angelicae
2587 1127 3026 1181 confraternitati
3068 1135 3210 1191 tuae,
3260 1128 3376 1179 dia-

1795 1225 1921 1279 bolo
1944 1233 2123 1277 autem
2150 1221 2215 1275 ad
2247 1219 2670 1276 ostentationem
2705 1228 2760 1273 et
2783 1218 3135 1288 jactantiam.
3166 1215 3210 1272 0
3240 1217 3375 1288 quid

1796 1315 1999 1371 factum
2033 1312 2154 1368 est?
2194 1311 2335 1367 heul
2376 1328 2485 1382 quo
2516 1321 2675 1381 pacto
2710 1320 2761 1366 te
2805 1311 3123 1380 subjugavit
3166 1309 3379 1365 draco?

1797 1407 1955 1478 quale
1989 1415 2041 1461 te
2070 1406 2123 1459 in
2161 1404 2349 1460 fetoris
2389 1404 2716 1474 profundum
2749 1403 3049 1458 demersit?
3080 1402 3289 1457 Lumen
3319 1404 3375 1456 in

1800 1499 2073 1563 tenebras,
2097 1496 2300 1552 Christi
2324 1497 2500 1551 bontts
2531 1499 2666 1552 odor
2689 1496 2744 1551 in
2771 1511 2936 1568 grave
2962 1495 3222 1550 olentiam
3255 1509 3377 1548 mu-

1801 1600 1946 1646 tatus
1973 1606 2072 1646 es:
2107 1604 2171 1645 ex
2219 1605 2381 1644 sacro
2414 1589 2713 1658 profanus;
2747 1604 2814 1644 ex
2847 1588 3117 1642 honorato
3148 1588 3372 1641 inhono-

1805 1690 1956 1737 ratns
1984 1723 1999 1748 ,
2067 1696 2132 1736 ex
2170 1681 2412 1750 glorioso
2439 1680 2703 1750 inglorius
2732 1720 2747 1747 ,
2809 1694 2873 1734 ex
2905 1679 3088 1734 soluto
3119 1688 3174 1733 et
3207 1678 3380 1733 libero

112 1779 178 1830 τὸ
239 1777 516 1848 πρόϐατον
581 1775 778 1848 Ἰησοῦ,
840 1772 1200 1844 θηριάλωτον.
1268 1771 1570 1844 Προσθήσω
1634 1779 1703 1826 τά

1817 1775 2134 1845 mancipium
2167 1775 2345 1829 factus
2383 1773 2628 1840 diaboli,
2685 1788 2750 1827 ex
2788 1773 2990 1828 dilecto
3028 1788 3230 1828 exosus
3256 1813 3270 1835 ,
3313 1786 3378 1824 ex

121 1844 321 1939 μείζω.
382 1870 441 1921 '0
501 1844 859 1938 δεδιωγμένος
930 1864 1118 1918 ἕνεκεν
1177 1864 1279 1934 τῆς
1332 1864 1696 1933 δικαιοσύνης,

1817 1844 2004 1917 Sliristi
2025 1878 2125 1917 ove
2151 1863 2332 1932 praeda
2358 1861 2492 1931 lupi.
2528 1862 2736 1916 Addant
2765 1863 2852 1916 his
2876 1862 3105 1932 majora.
3129 1860 3233 1928 Qui
3261 1877 3383 1930 per-

119 1957 565 2028 κατειλημμὲνος
615 1959 719 2011 ὐπὸ
769 1958 868 2027 τῆς
911 1955 1222 2026 ἁμαρτίας⁹
1271 1957 1298 2008 ὁ
1339 1955 1696 2028 ὁμολογητὴς.

119 2052 405 2122 ἀρνητήςο
449 2050 477 2102 ὁ
508 2049 601 2102 τὸν
638 2048 986 2119 μακαρισμὸν
1029 2048 1118 2098 ἐπὶ
1163 2047 1406 2117 κορυφῆς
1464 2047 1538 2109 ὡς
1589 2046 1702 2100 διά-

119 2143 274 2212 δημα
326 2141 532 2211 φέρων,
563 2140 921 2212 ἀφῃρημένος
964 2139 1026 2192 τὸ
1064 2138 1377 2210 θαυμαστὸν
1407 2139 1578 2209 ὄνομα
1607 2138 1701 2193 τοῦ

123 2234 369 2306 μονα.χοῦ
379 2275 391 2287 .

195 2327 358 2394 Οῖμοι
382 2326 395 2378 !
429 2324 516 2386 τίς
545 2323 784 2386 ἀκούσας
799 2321 860 2375 οὐ
891 2321 1162 2386 στενάξειε
1189 2340 1204 2388 ;
1234 2323 1317 2386 τίς
1332 2322 1390 2375 δὲ
1419 2320 1705 2376 κατανοῶν

122 2419 186 2470 οὐ
220 2416 507 2487 φρίξειενς
542 2415 782 2485 ᾔσχυνας
820 2413 880 2466 τὺ
914 2414 1228 2483 μοναχικὸν,
1258 2413 1534 2483 ἐφόϐησας
1578 2414 1706 2476 τοὺς

125 2509 464 2580 ἑστηκότας,
497 2507 796 2568 ὲσάλευσας
824 2508 950 2569 τοὺς
1002 2506 1355 2570 ὀκλάζοντας,
1387 2508 1540 2569 ἔπιες
1603 2524 1705 2559 πο⁴

124 2605 323 2673 τήριον
355 2601 606 2671 ἀνομίας,
639 2599 898 2662 εἰλκυσας
915 2600 976 2652 τὸ
998 2600 1123 2653 καθ’
1179 2600 1370 2652 ἑαυτὸν
1393 2600 1521 2663 τοὺς
1571 2603 1706 2670 ὁμο-

113 2696 318 2760 ταγεῐς
347 2688 759 2758 ἀπογεύσασθαι
787 2691 882 2743 τοῦ
913 2691 1169 2744 θανάτου.
1199 2693 1264 2744 Ὢ
1291 2693 1386 2744 καὶ
1415 2688 1572 2756 αὖθις
1618 2693 1710 2746 λέ-

127 2805 233 2854 γω,
275 2787 328 2840 τί
358 2784 632 2847 πέπονθας
664 2785 904 2850 ὲλεεινέ;
936 2785 1053 2848 πῶς
1085 2788 1113 2839 ὁ
1148 2787 1458 2856 Ἐωσφόρος
1493 2788 1709 2841 ἐσκοτί-

131 2881 271 2947 σθης
299 2896 313 2943 ;
347 2878 466 2940 πῶς
493 2877 553 2930 τὸ
575 2875 910 2947 χρησιμεῦον
937 2877 1136 2940 σκεῦος
1187 2879 1513 2950 συνετρίϐης
1538 2898 1552 2946 ;
1610 2880 1711 2934 οὐκ

128 2965 259 3034 αἰδῇ
292 2963 395 3015 κᾶν
418 2963 477 3015 τὸ
505 2961 676 3032 ὄνομά
705 2980 822 3029 σου,
857 2965 940 3016 ὅτι
991 2966 1300 3036 Εὐάρεστος
1353 2968 1710 3040 καλούμενος,

131 3055 475 3123 Δυσάρεστος
515 3052 926 3124 ὲχρημάτισαςς
969 3056 1044 3107 Οὐ
1077 3057 1274 3127 πέρυσι
1307 3051 1440 3127 ἦκες
1477 3060 1614 3131 πρός
1645 3079 1713 3131 με

1800 1957 2138 2010 secutionem
2173 1956 2402 2025 ju$titia:
2430 1970 2595 2010 causa
2627 1955 2933 2024 patiebatur
2957 1974 2983 2022 ,·
3001 1964 3194 2024 captus
3227 1964 3313 2009 est
3351 1969 3382 2008 a

1800 2058 2053 2119 peccato;
2087 2050 2180 2120 qui
2233 2048 2518 2104 confessor
2568 2059 2727 2114 erat,
2783 2057 2928 2102 nunc
2975 2057 3232 2118 negator;
3289 2049 3384 2117 qui

1802 2142 2192 2197 beatitudinem
2228 2142 2282 2196 in
2310 2143 2514 2198 vertice
2540 2143 2684 2196 velut
2712 2141 2964 2196 diadema
2993 2142 3262 2212 gestabat,
3287 2141 3388 2194 ad-

1803 2234 2055 2288 mirando
2096 2231 2350 2289 monachi
2393 2234 2614 2289 nomine
2653 2231 2922 2300 spoliatus
2960 2242 3064 2285 est.

1878 2326 1978 2382 Hei
2011 2326 2180 2381 mibi!
2223 2327 2348 2395 quis
2385 2326 2501 2380 hate
2541 2325 2771 2380 audiens
2830 2339 2938 2378 non
2991 2322 3212 2393 gemat?
3264 2336 3390 2392 quis

1805 2420 2052 2489 c0gitans
2075 2433 2182 2472 non
2214 2418 2609 2474 exhorrescat?
2631 2418 2846 2473 Pudore
2885 2415 3162 2472 suii‘udisti
3194 2431 3390 2470 mona-

1807 2513 1961 2576 chos,
1992 2511 2266 2565 stantibus
2299 2520 2567 2566 terrorem
2596 2510 2855 2580 injecisti,
2888 2511 3165 2580 lapsantes
3206 2508 3390 2578 impu—

1808 2604 2156 2669 listi,bibisti
2198 2603 2426 2659 calicem
2461 2604 2791 2673 iniquitatis,
2851 2601 3067 2656 traxisti
3119 2610 3388 2670 quantum

1810 2693 1863 2746 in
1899 2703 1950 2746 te
1987 2690 2092 2745 fuit
2115 2691 2299 2746 socios
2331 2699 2649 2744 utmortem
2681 2690 3058 2758 degustareut.
3102 2686 3146 2741 0
3189 2687 3389 2742 iterum

1809 2784 1954 2849 dico,
1990 2784 2119 2854 quid
2153 2798 2352 2853 passus
2375 2797 2458 2848 es,
2483 2781 2689 2836 miser?
2723 2780 3001 2851 quomodo
3033 2779 3278 2834 tenebris
3306 2780 3394 2832 of-

1812 2876 1971 2932 fusus
1991 2893 2072 2940 es,
2103 2874 2362 2930 Lucifer?
2391 2875 2670 2945 quomodo
2705 2890 2801 2929 vas
2831 2874 2965 2928 utile
2997 2875 3273 2929 contritus
3291 2873 3394 2927 es?

1813 2968 1924 3025 Nec
1957 2969 2134 3038 ipsum
2168 2982 2366 3020 nomen
2397 2974 2550 3019 tuum
2591 2965 2884 3030 revereris,
2916 2964 3062 3035 quod
3093 2963 3394 3018 Evarestus

1815 3075 1939 3116 cum
1973 3059 2289 3129 appelleris,
2324 3057 2653 3130 Dysarestus
2705 3057 2972 3112 evasisti?
3013 3055 3207 3111 Nonne
3246 3069 3394 3110 anno

134 3144 262 3196 ἐπεὶ
309 3145 402 3198 καὶ
458 3147 595 3216 πρὸς
630 3146 721 3198 τὸν
756 3143 914 3215 κῦριν
975 3146 1066 3200 τὸν
1105 3149 1536 3218 ἀρχιεπίσκοπον
1595 3153 1712 3213 ὅλος

1818 3153 2090 3223 praeterito
2114 3152 2181 3205 ad
2207 3165 2293 3205 me
2321 3150 2522 3205 venisti
2553 3157 2717 3220 atque
2768 3151 2834 3204 ad
2871 3149 3156 3203 dominum
3209 3148 3396 3202 archi-

136 3237 319 3306 ὐγιὴς,
353 3236 609 3307 εὐθυμος,
641 3238 942 3308 πρόθυμος,
965 3239 1103 3310 ὑπὲρ
1125 3241 1312 3311 ἐτέρου
1335 3243 1535 3312 μᾶλλον
1563 3243 1718 3296 ἀδελ-

137 3333 240 3396 φοῦ
260 3350 355 3387 σου
374 3351 448 3386 πα
457 3333 749 3404 ρακλήτωρ
765 3334 858 3386 καὶ
875 3335 1186 3407 ἀνορθωτής
1207 3355 1220 3402 ;
1243 3337 1360 3400 πῶς
1376 3337 1615 3402 ὲξέλιπες
1638 3339 1720 3405 ἐξ·

139 3425 310 3479 ἁπινα
327 3441 342 3490 ;
360 3426 478 3489 πῶς
496 3425 922 3497 ἀπετυφλώθης;
945 3427 1060 3491 πῶς
1079 3429 1472 3499 ἠμνημόνησας
1484 3431 1574 3482 καὶ
1585 3428 1718 3484 Θεοῦ

140 3521 236 3572 καὶ
267 3518 446 3587 ήμῶν,
480 3518 590 3571 τῶν
616 3535 675 3570 τε
694 3519 1455 3591 προηνυσμένωνάσκητικῶν
1494 3539 1588 3574 σου
1620 3522 1718 3575 πό-

140 3627 247 3664 νων
277 3611 373 3663 καὶ
391 3609 631 3680 ἱδρώτων
652 3626 665 3640 ·
699 3611 820 3685 ἐπεὶ
837 3607 903 3682 ἧς
917 3611 1009 3664 καὶ
1038 3612 1142 3666 τῶν
1159 3613 1464 3684 χρησίμων,
1496 3616 1590 3667 καὶ
1614 3614 1722 3667 τῶν

141 3707 200 3758 ἐν
230 3706 354 3766 ταῖς
395 3703 795 3772 ὑπερεχούσαις
824 3703 1127 3768 διακονίαις
1160 3707 1546 3775 τεταγμένωνς
1586 3703 1722 3760 Εἶτα

142 3796 235 3862 τί;
274 3783 453 3866 μικρά
484 3794 761 3865 προσϐολὴ
783 3795 875 3848 τοῦ
932 3796 1150 3868 ἐχθροῦ,
1207 3797 1476 3866 ἐπιθυμία
1521 3797 1721 3866 ἔχουσα

148 3889 246 3956 μὲν
279 3885 360 3957 τῷ
382 3885 560 3940 δοκεῖν
588 3887 783 3955 γλυκὺ,
822 3888 1204 3957 συνειλιγμένη
1237 3887 1294 3940 δὲ
1322 3888 1562 3959 διστόμῳ
1616 3906 1724 3958 μα-

145 3978 335 4049 χαίρᾳ,
364 3973 431 4048 ἦς
459 3978 558 4048 τῆς
587 3979 816 4049 πικρίας
841 3979 995 4031 οὐδὲν
1054 3979 1472 4050 χολωδέστερον,
1520 3980 1722 4052 δραξα-

148 4071 284 4140 μένη
318 4085 380 4122 σε
409 4071 722 4140 κατήγαγεν
757 4070 832 4128 ὡς
853 4071 946 4123 ἀπ’
976 4070 1210 4143 οὐρανοῦ
1233 4073 1333 4144 τῆς
1363 4074 1575 4144 ὑψηλῆς
1633 4091 1722 4127 πο-

147 4162 373 4225 λιτείας,
407 4161 650 4214 δείκνυσι
671 4162 728 4214 δὲ
762 4161 896 4214 ὠσεί
928 4164 1274 4234 τραυματίαν
1307 4165 1635 4219 καθεύδοντα
1665 4169 1723 4220 ὲν

145 4253 320 4328 τάφῳ.
358 4251 423 4304 Τί
450 4251 557 4320 γὰρ
594 4251 722 4304 ἀλλο
756 4253 906 4305 ἐστὶν
936 4249 1077 4307 εἶναι
1099 4255 1194 4306 τὸν
1249 4255 1307 4307 ὲν
1339 4258 1404 4327 τῇ
1453 4257 1721 4328 ἁμαρτίᾳ,

150 4325 183 4414 ἦ
239 4345 298 4394 ὲν
325 4341 537 4413 φθορᾷς
569 4339 807 4396 Οὐτίπου
837 4344 955 4413 φῶς
999 4345 1206 4414 νοερὸν,
1266 4325 1505 4418 οὐδεμία
1547 4325 1722 4414 ὲλπίς,

149 4435 374 4506 οὐδεμία
396 4434 672 4506 γλυκύτης
707 4435 908 4506 ψυχῆς,
967 4438 1196 4509 οὐδεμία
1240 4439 1517 4512 διανόησις
1579 4443 1720 4513 ἰερά,

1825 3244 2143 3313 episcOpum
2183 3253 2328 3297 totus
2362 3257 2552 3308 sanus,
2584 3242 2744 3295 hilari
2782 3242 2968 3296 animo
2996 3250 3050 3295 et
3079 3241 3269 3306 alacri,
3298 3251 3398 3309 pro

1821 3336 1992 3389 altero
2023 3335 2186 3389 etiam
2212 3332 2380 3390 fratre
2405 3343 2501 3389 tuo
2544 3335 2864 3404 deprecator
2889 3344 2943 3389 et
2972 3335 3223 3388 erector?
3249 3332 3398 3396 Ono-

1821 3427 1986 3481 modo
2031 3435 2256 3495 repente
2289 3424 2591 3481 defecisti?
2624 3425 2903 3497 quomodo
2953 3436 3261 3481 excaecatus
3302 3425 3400 3480 es?

1821 3517 2102 3590 quomodo
2133 3517 2224 3573 Dei
2249 3519 2454 3574 oblitus
2472 3535 2530 3574 es
2553 3529 2608 3574 et
2641 3521 2859 3575 nostri?
2880 3529 3313 3590 exactbrumquc
3342 3521 3398 3573 in

1821 3611 2054 3666 ascetica
2104 3611 2214 3665 vita
2285 3611 2536 3665 laborum
2605 3612 2999 3681 sndorumque,
3054 3613 3400 3682 quandoqui-

1821 3703 1942 3758 dem
1973 3719 2096 3758 eras
2127 3703 2271 3758 inter
2300 3704 2489 3769 utiles,
2535 3714 2741 3774 eOSque
2767 3705 2819 3758 in
2852 3705 3046 3773 primis
3078 3704 3400 3759 ministeriis

1823 3796 2222 3866 fungebantur?
2243 3796 2381 3861 Quid
2417 3806 2540 3865 post
2567 3796 2720 3850 haec?
2749 3795 2924 3851 Parva
2957 3796 3133 3852 hostis
3165 3797 3400 3866 impres-

1822 3889 1928 3954 sio,
1979 3889 2248 3958 cupiditas
2285 3889 2471 3956 specie
2530 3889 2750 3957 quidem
2802 3889 3147 3944 dulcedinem
3206 3889 3402 3957 prazfe-

1821 3996 1968 4048 rens,
1997 3981 2092 4036 sed
2115 3979 2345 4049 ancipiti
2375 3979 2557 4049 gladio
2589 3980 2879 4048 implicita,
2906 3981 3067 4051 cujus
3105 3982 3403 4035 acerbitate

1823 4073 1959 4127 nihil
1997 4072 2260 4135 amarius,
2287 4071 2569 4140 abreptum
2595 4081 2645 4126 te
2675 4072 2871 4140 dejecit
2892 4081 3153 4142 tanquam
3175 4073 3242 4127 de
3265 4074 3404 4127 ctelu

1823 4167 2052 4221 excelsae
2102 4164 2565 4228 conversationis,
2627 4166 2978 4234 ostenditque
3026 4167 3176 4221 velut
3229 4166 3404 4237 plagis

1824 4269 2081 4314 onustum
2116 4261 2166 4313 in
2200 4259 2455 4328 sepulcro
2487 4258 2869 4313 dormientem.
2905 4258 3045 4326 Quid
3074 4261 3220 4313 cuitu
3255 4260 3404 4312 aliud

1824 4363 1908 4405 est
1942 4352 1994 4403 in
2030 4359 2252 4415 peccato
2301 4365 2425 4404 esse
2483 4363 2647 4417 quam
2685 4350 2742 4403 in
2790 4349 3005 4404 morte?
3048 4347 3268 4404 Nullum
3291 4351 3400 4418 jam

1826 4444 2006 4498 lumen
2036 4444 2380 4507 intellectus,
2415 4443 2561 4497 nulla
2595 4459 2741 4510 spes.
2795 4443 2940 4496 nulla
2989 4444 3235 4499 suavitas
3284 4446 3404 4497 ani--

152 4530 284 4583 ἀλλά
312 4529 408 4596 νὺξ
443 4529 654 4602 βαθεῖα,
673 4530 833 4600 μύσις
860 4531 954 4584 τοῦ
974 4533 1564 4606 διανοητικοῦ,δαγμὸς
1589 4553 1712 4606 καρ-

1828 4547 1949 4594 maz,
1982 4532 2130 4587 nulla
2159 4547 2317 4588 sacra
2343 4533 2606 4603 cogitatio
2637 4549 2650 4585 :
2682 4534 2775 4588 sed
2801 4533 3073 4604 profunda
3095 4551 3224 4600 nox,
3250 4548 3406 4589 men-

151 4621 356 4683 διακδς,
388 4621 556 4690 φόϐος
591 4621 804 4675 καὶτοῦ
837 4622 1115 4692 τυχόντος,
1167 4628 1224 4676 ὲν
1248 4625 1323 4695 τῷ
1354 4626 1598 4698 βορϐόρῳ
1627 4645 1724 4679 κυ-

153 4711 441 4765 λινδεῖσθαι
473 4712 840 4783 καθεκάστην,
874 4713 1007 4767 ὡσεί
1037 4731 1090 4768 τι
1156 4715 1528 4787 ἰλυσπώμενον
1585 4721 1724 4771 κνώ-

155 4807 326 4861 δαλον.
359 4806 428 4859 Τί
458 4807 752 4876 εἰργάσατο
788 4810 816 4861 6
838 4807 1050 4878 δαίμων
1077 4825 1092 4875 ;
1131 4809 1181 4861 τί
1216 4826 1274 4862 σε
1331 4810 1661 4864 ἀπετέλεσεν
1693 4814 1726 4882 ή

159 4899 584 4967 παγκατάρατος
609 4899 907 4970 ἐπιθυμίας
934 4901 1000 4954 δι’
1023 4894 1090 4972 ἦς
1122 4901 1231 4954 ἀπὸ
1288 4901 1379 4955 τοῦ
1424 4904 1618 4968 αἰῶνος
1677 4905 1727 4957 οἰ

157 4991 519 5061 ἠπατημένοι,
552 4989 676 5042 οὐδὲ
725 4991 794 5045 τά
844 4992 1076 5047 ἐνταῦθα
1130 4994 1544 5064 κεκερδάκασιν,
1591 4995 1728 5049 ἀλλά

160 5085 249 5136 καὶ
280 5085 346 5136 τὰ
378 5083 610 5153 οὐράνια
632 5083 941 5148 ἀπώλεσαν,
975 5085 1032 5139 ἒν
1049 5085 1555 5159 κληρονομήσαντες
1571 5086 1730 5159 μόνον

159 5174 216 5226 τὸ
245 5174 355 5246 πῦρ
383 5174 448 5226 τὸ
482 5172 724 5228 αἰώνιον.

242 5268 399 5320 Ἀλλὰ
426 5266 609 5335 δεῦρο,
643 5268 724 5320 υἱέ
755 5287 877 5338 μου,
911 5270 1268 5341 ἀνακλήθητι,
1306 5271 1456 5326 καλῶ
1510 5290 1569 5326 σε
1626 5274 1732 5327 ἀπὸ

164 5359 366 5428 βαθέων
400 5361 633 5430 καρδίας
688 5379 811 5432 μου,
860 5365 970 5415 ἀπὸ
1022 5363 1342 5434 σπλάγχνων
1398 5365 1732 5437 ὲμπυριζόν-

163 5469 266 5505 των
298 5470 361 5523 με
392 5467 408 5482 ο
446 5453 640 5522 ἐπειδὴ
675 5455 708 5524 ἡ
738 5454 805 5524 σὴ
833 5455 958 5518 δόξα
984 5456 1111 5527 ἐμὴ,
1154 5455 1226 5519 ὼς
1289 5458 1385 5509 καὶ
1434 5457 1667 5528 ἔμπαλιν
1698 5461 1730 5530 ή

167 5547 407 5615 αἰσχύνη.
442 5545 636 5615 Δεῦρο,
670 5546 1006 5618 ἐξεγέρθητι,
1037 5552 1065 5602 ὁ
1113 5548 1313 5620 Κύριος
1375 5553 1695 5606 κεκέλευκεν
1717 5571 1731 5584 ·

173 5638 250 5691 οὐ
273 5638 357 5708 μή
381 5637 658 5708 μνησθῶ,
691 5643 845 5711 φησι,
881 5641 997 5696 τῶν
1024 5641 1284 5712 ἀνομιῶν
1300 5659 1435 5701 σου.
1472 5647 1610 5701 Καίο
1640 5651 1693 5700 Μ
1701 5647 1731 5712 ὴ

242 5815 284 5849 τί
314 5816 416 5871 lsa.
456 5834 610 5879 thtt,
645 5819 736 5872 25.

1828 4628 1898 4682 tis
1929 4627 2255 4688 obstructio,
2310 4634 2364 4680 et
2398 4626 2582 4682 cordis
2611 4641 2850 4689 morsus,
2910 4642 2974 4681 ac
3014 4627 3182 4682 timor
3237 4643 3302 4681 ex
3347 4643 3408 4680 re

1830 4722 2120 4790 qualibet:
2162 4722 2216 4775 in
2258 4735 2418 4776 εαξηο
2438 4721 2649 4776 versari
2703 4720 2944 4786 assidue,
3010 4722 3157 4777 velut
3204 4723 3409 4776 animal

1833 4814 2121 4883 quodpiam
2158 4816 2210 4868 in
2263 4812 2381 4868 luto
2431 4828 2490 4868 se
2544 4813 2818 4868 volutans.
2857 4811 3001 4878 Quid
3035 4824 3298 4884 operatus
3325 4824 3411 4867 est

1832 4903 2042 4958 daamou
2068 4905 2092 4956 ?
2123 4903 2253 4974 quid
2305 4901 2404 4957 tibi
2442 4905 2677 4958 contulit
2727 4905 3064 4958 exsecranda
3096 4905 3411 4974 cupiditas?

1833 5013 1930 5067 per
1958 5012 2120 5067 quam
2156 4997 2250 5067 qui
2281 4996 2349 5050 ab
2386 5011 2503 5051 aevo
2546 4997 2756 5066 decepti
2784 4997 2956 5062 fuere,
2989 5012 3167 5066 neque
3196 5013 3258 5052 ea
3288 5014 3411 5066 quae

1837 5090 1924 5143 hic
1945 5100 2068 5145 sunt
2117 5091 2533 5152 lucrifeccrunt,
2563 5090 2884 5145 ctctelestia
2933 5089 3189 5154 amisere,
3239 5105 3410 5143 unum

1837 5183 2012 5238 solum
2052 5183 2368 5238 haereditate
2398 5184 2738 5252 possidentes
2767 5185 2944 5252 ignem
2977 5192 3266 5239 aeternum.

1910 5275 2110 5332 Verum
2165 5276 2272 5329 huc
2318 5275 2469 5340 ades,
2531 5274 2605 5328 fili
2646 5276 2721 5330 mi
2756 5293 2770 5330 ε
2803 5277 2871 5329 ab
2903 5276 3014 5329 imo
3061 5278 3228 5330 corde
3276 5290 3413 5329 voco

1840 5381 1912 5435 te,
1942 5385 2008 5424 ex
2027 5369 2330 5424 visceribus
2361 5383 2448 5422 me
2479 5370 2949 5424 inllammantibus
2979 5370 3271 5439 :quoniam
3299 5370 3414 5438 glo-

1839 5464 1918 5517 ria
1947 5472 2061 5528 tua,
2095 5459 2265 5533 gloria
2301 5473 2419 5512 mea
2449 5468 2568 5513 est:
2605 5461 2748 5515 sicut
2777 5460 3009 5517 dedecus
3047 5476 3077 5516 e
3109 5464 3412 5516 contrario.

1840 5560 1972 5625 Age,
1994 5552 2395 5623 expergiscere,
2427 5551 2690 5608 Dominus
2715 5554 2902 5622 jussit.
2926 5551 3047 5606 Non
3075 5553 3411 5619 recordabar,

1843 5647 2036 5717 inquit,
2068 5643 2406 5715 iniquitatum
2437 5651 2647 5697 (uarum
2689 5645 2752 5701 ¹¹.
2791 5645 2854 5702 Ει
2887 5664 2901 5700 :
2934 5645 3188 5715 Nunquid
3207 5645 3295 5713 qui
3323 5660 3412 5698 εω-
