3964 6320
581 373 719 436 1359

570 580 656 633 las
689 579 752 629 ”.
790 578 857 633 Et
893 598 905 634 :
943 578 1255 635 Remedium
1284 590 1435 635 tuum
1462 583 1715 637 contritio
1735 594 1831 636 tua
1868 583 1931 635 “.
1968 582 2048 637 En
2070 586 2165 638 lio-

573 686 703 725 num
721 672 913 736 Deum,
928 688 997 726 en
1021 673 1290 728 medicum
1307 674 1735 731 misericordem.
1760 675 1961 746 Utique
1972 692 2071 731 oro
2090 685 2162 739 te,

572 762 647 816 ﬁli
671 779 686 830 ;
711 763 854 818 ﬁlius
873 764 1021 818 enim
1042 780 1196 821 meus
1219 780 1299 832 es,
1321 768 1537 822 tametsi
1557 777 1842 824 moortuus
1859 785 1939 836 es;
1961 784 2027 823 ne
2044 784 2165 839 per-

577 872 798 913 maneas
826 857 878 911 in
906 870 1132 928 peccato
1156 874 1170 911 :
1204 861 1525 931 dirumpens
1554 863 1808 933 dirumpe
1836 863 2162 932 quantocius

576 946 805 1003 innexos
850 948 998 1003 tibia
1031 948 1249 1005 diabolo
1288 950 1579 1006 funiculos:
1602 962 1656 1006 et
1678 962 1936 1021 tanquam
1962 970 1989 1007 e
2015 952 2162 1006 fossa

577 1053 877 1108 exsurgens
899 1040 1110 1094 transili
1133 1025 1187 1094 in
1207 1042 1534 1096 admirabile
1551 1042 1728 1096 lumen
1762 1043 2007 1111 pristina
2037 1042 2162 1095 vita:

579 1138 702 1182 tnze.
744 1128 807 1181 Et
838 1145 937 1198 ego
972 1142 1022 1185 te
1053 1131 1265 1200 supinis
1326 1118 1581 1187 manibus
1628 1132 2045 1202 excipiam,non
2069 1149 2167 1186 ex-

575 1222 841 1288 probrans
867 1224 958 1276 sed
986 1224 1385 1279 commiserans
1407 1246 1419 1280 :
1442 1240 1548 1279 non
1581 1240 1887 1295 aggravans
1918 1225 2160 1279 medica-

578 1321 762 1366 menta
796 1314 1158 1381 paenitentiae,
1190 1315 1284 1369 sed
1336 1315 1547 1373 leniens
1591 1316 1683 1369 illa
1722 1324 1777 1370 ct
1804 1315 2005 1370 leviora
2036 1316 2160 1369 red-

575 1404 713 1459 dens
774 1407 952 1474 quoad
1006 1407 1123 1460 ﬁeri
1168 1409 1389 1476 poterit.
1439 1406 1625 1477 itaque
1659 1406 1880 1471 festina,
1936 1407 2155 1473 festina,

576 1495 901 1565 priusquam
940 1507 1161 1567 repente
1192 1498 1374 1551 veniat
1404 1497 1764 1553 inexorabilis
1787 1498 2032 1567 angelus,
2054 1498 2159 1551 mi-

578 1588 873 1642 serandum
906 1589 959 1642 in
998 1588 1216 1642 modum
1253 1600 1303 1643 te
1331 1590 1611 1644 abducens
1646 1604 1675 1644 e
1698 1604 1948 1658 corpore,
1981 1600 2036 1644 ct
2088 1591 2155 1645 ad

578 1694 794 1746 ptenam
829 1681 1165 1736 transferens
1196 1682 1611 1753 sempiternam.

947 1796 1075 1851 CIII.
1103 1826 1173 1837 —-
1202 1796 1457 1868 Gregorio
1480 1799 1796 1868 prwposito.

1776 376 1838 435 S.
1882 373 2272 437 THEODORI
2312 373 2659 436 STUDIT/E

570 489 674 551 dit,
716 502 817 539 non
859 488 1087 557 resurgit
1126 488 1215 541 “?
1254 488 1363 543 Et:
1430 486 1548 542 Vidi
1583 490 1708 559 quia
1764 491 1933 545 tristis
1983 491 2169 546 ambu-

3746 379 3887 443 1364)

2196 502 2242 554 Α
2268 493 2301 544 ὀ
2339 492 2572 544 πίπτων
2598 492 2710 545 οὐκ
2736 490 3088 554 ἀνίσταται;
3112 490 3223 543 Καί
3246 507 3261 521 ⁸
3294 486 3478 545 Είὸον
3502 490 3599 545 ὅτι
3633 498 3886 562 πορεύῃ

2273 584 2557 650 στυγνός.
2587 582 2731 636 Καί·
2766 584 2942 651 Ἰαμα
2963 581 3029 635 τὸ
3053 582 3393 651 σύντριμμά
3424 598 3571 638 σου.
3596 583 3719 636 Ίδε
3750 586 3886 646 Θεὸς

2269 672 2496 741 ἀγαθὸς,
2529 672 2603 726 ἴδε
2634 672 2817 744 ίατρὸς
2852 673 3121 743 ἐλεήμων.
3143 674 3251 726 Ναὶ
3279 673 3611 744 δέομαίσου,
3650 676 3883 726 τέκνον·

2269 763 2461 817 τέκνον
2486 764 2595 834 γάρ
2622 781 2723 834 μου
2763 757 2836 829 εἶ,
2867 763 2970 817 κᾶν
2993 762 3395 835 ἀποτέθνηκας.
3431 764 3527 836 Μὴ
3552 765 3665 819 ἀνα
3674 767 3851 835 μείνῃ
3860 786 3885 827 ς

2270 858 2364 911 ἐπὶ
2397 860 2464 928 τῇ
2515 859 2762 928 ἁμαρτίᾳ
2792 872 2805 887 ⁸
2860 858 3207 929 διαρῤήσσων
3239 859 3533 930 διάρρηξον
3573 861 3755 930 τάχει
3814 862 3883 912 τὰ

2272 952 2662 1019 συμπλακέντα
2691 967 2773 1003 σοι
2830 950 2934 1003 ὑπὸ
2980 950 3074 1002 τοῦ
3104 950 3350 1004 διαϐόλου
3378 952 3594 1021 σχοινία
3620 970 3635 982 ·
3666 954 3777 1005 καὶ
3803 953 3879 1013 ὡς

2268 1043 2376 1095 ἀπὸ
2405 1042 2598 1112 βόθρου
2630 1042 2891 1107 ἀναστὰς,
2931 1043 3317 1112 μεταπήδησον
3339 1046 3419 1105 είς
3452 1044 3513 1096 τὸ
3538 1042 3878 1113 θαυμαστόν

2271 1153 2364 1188 σου
2394 1137 2493 1204 τῆς
2516 1135 2786 1206 προτέρας
2842 1136 3065 1205 ἀγωγῆς
3098 1135 3234 1204 φῶς.
3300 1134 3474 1202 Κάγώ
3510 1152 3574 1187 σε
3635 1136 3878 1198 ὑπτίαις

2268 1231 2456 1301 χερσὶν
2498 1229 2850 1300 ὑποδέξομαι,
2894 1232 2994 1283 οὐκ
3028 1230 3307 1293 ὀνειδίζων
3338 1230 3453 1282 ἀλλ’
3508 1230 3825 1298 οἰκτείρων
3858 1246 3872 1258 ·

2266 1324 2328 1377 ού
2387 1323 2637 1395 βαρύνων
2672 1325 2740 1376 τά
2774 1324 3039 1393 φάρμακα
3067 1322 3167 1391 τῆς
3191 1321 3499 1389 μετανοίας,
3538 1320 3661 1373 ἀλλ’
3683 1322 3875 1390 ipsa?»

2266 1415 2406 1469 αύτά
2455 1415 2730 1482 κουφίζων
2759 1414 2880 1467 ὅσον
2904 1408 3016 1467 οἷόν
3062 1431 3141 1467 τε.
3190 1414 3363 1479 Καξγε
3396 1413 3663 1479 σπεῦσον,
3695 1412 3875 1465 σπεῦ-

2266 1522 2357 1559 σον
2382 1506 2513 1576 πρὶν
2536 1505 2569 1576 ἢ
2601 1504 2847 1573 ἀφνίδιον
2860 1503 3212 1557 ἐπελεύσεται
3242 1506 3269 1555 ὁ
3291 1503 3570 1573 ἀπότομος
3602 1502 3871 1571 ἄγγελος,

2265 1596 2513 1659 ἐλεεινῶς
2550 1613 2609 1648 σε
2642 1594 2892 1666 χωρίζων
2914 1595 3007 1648 τοῦ
3040 1596 3309 1664 σώματος,
3367 1596 3465 1647 καὶ
3526 1597 3613 1656 εἰς
3680 1596 3872 1665 κρίσιν

2264 1690 2481 1744 αἰώνιον
2532 1691 2846 1761 ἀποφέρων.

2474 1802 2594 1855 ΡΓ’.
2618 1831 2688 1841 -
2716 1804 3018 1872 Γρηγορίῳ
3048 1805 3377 1873 ἡγουμένῳ.
3433 1803 3636 1876 [χκς⁹.]

1572 1910 1638 1963 Ut
1655 1912 1798 1973 gregi
1822 1925 1929 1972 suo,
1963 1910 2073 1960 boni
2117 1917 2325 1973 pastoris
2345 1916 2597 1976 exemplo,
2622 1913 2869 1977 invigilet.

645 2025 764 2078 Jam
797 2024 893 2079 tibi
920 2023 1075 2094 juxta
1099 2022 1521 2093 promissionem
1547 2024 1871 2094 scripsimus
1894 2035 2156 2095 tanquam

576 2116 690 2171 ﬁlio
715 2125 931 2183 nostro,
972 2124 1032 2170 ut
1062 2130 1277 2185 gregem
1309 2117 1404 2185 qui
1438 2116 1564 2170 istic
1594 2124 1679 2171 est
1734 2117 2033 2185 prudenter
2067 2135 2157 2188 pa-

577 2225 700 2264 scas
749 2209 1050 2265 secundnm
1093 2208 1311 2262 Domini
1364 2220 1720 2278 praeceptum,
1762 2209 1895 2262 nihil
1927 2218 2154 2279 praeter-

576 2302 798 2357 mittens
828 2316 1016 2358 eorum
1049 2302 1263 2370 quaead
1314 2299 1547 2355 fratrum
1604 2301 1893 2356 utilitatem
1944 2302 2157 2357 condu-

578 2403 727 2447 cant.
758 2392 971 2447 Etenim
997 2393 1041 2447 si
1075 2394 1122 2446 is
1152 2394 1241 2447 cui
1281 2402 1537 2462 expertes
1572 2393 1805 2447 rationis
1853 2408 1983 2450 oves
2029 2404 2160 2449 sunt

581 2486 889 2540 commissae
917 2500 1023 2539 non
1052 2485 1253 2539 dormit
1281 2485 1375 2540 sed
1399 2484 1610 2555 vigilat,
1641 2500 1743 2539 nec
1773 2500 1962 2540 curam
1988 2486 2159 2540 inter-

579 2576 767 2642 mittit,
801 2577 894 2631 sed
926 2588 1085 2631 nocte
1118 2577 1314 2647 dieque
1352 2587 1524 2631 certat
1554 2594 1620 2631 ne
1664 2594 1771 2648 qua
1824 2578 1908 2633 vel
1954 2593 1986 2634 a
2028 2577 2158 2635 feris

580 2670 849 2739 rapiatur,
881 2670 964 2724 vel
1002 2670 1235 2738 impasta
1270 2678 1366 2724 aut
1401 2670 1691 2724 macilenta
1718 2681 1967 2738 maneat;
1993 2673 2087 2727 sed
2106 2680 2160 2727 et

581 2762 732 2818 fures
761 2762 1083 2817 aclatrones
1111 2762 1385 2825 observat,
1420 2773 1474 2816 et
1508 2761 1653 2818 feras
1694 2764 1881 2834 abigit,
1913 2775 1967 2819 et
1989 2780 2157 2835 pecu-

581 2854 682 2912 des
711 2853 927 2917 aﬁ‘atur,
960 2862 1015 2909 et
1042 2861 1168 2909 ante
1217 2853 1339 2909 illas
1375 2853 1631 2924 gradiens
1664 2865 1879 2924 postum
1916 2856 1994 2910 illi
2028 2872 2159 2926 pro-

579 2955 758 3010 curat,
779 2947 1080 3017 requietem
1122 2961 1293 3016 prope
1330 2961 1504 3017 aquas
1546 2956 1599 3002 et
1647 2948 1968 3003 umbracula
2010 2948 2158 3004 desi-

580 3053 759 3111 gnans
783 3081 799 3106 ,
829 3050 882 3094 et
903 3039 1007 3093 alia
1026 3052 1369 3109 quascunque
1392 3039 1578 3093 videre
1636 3052 1721 3095 est
1773 3042 1827 3095 in
1886 3041 2039 3107 virga
2064 3055 2160 3110 pa-

582 3132 798 3188 storitia
836 3149 850 3185 :
882 3131 1013 3202 quid
1042 3140 1098 3184 et
1127 3140 1392 3200 quantum
1416 3140 1502 3186 est
1526 3131 1573 3186 si
1603 3134 1690 3187 cui
1721 3133 1915 3204 obtigit
1944 3136 2159 3189 anima-

580 3238 705 3279 rum
728 3238 918 3278 curam
952 3237 1139 3291 gerere
1167 3239 1182 3277 :
1206 3239 1443 3293 quarum
1484 3226 1711 3295 sanguis
1746 3226 1792 3281 si
1836 3242 1946 3295 quo
1995 3229 2159 3284 modo

580 3314 913 3380 eﬁ‘undatur,
938 3315 1005 3371 de
1028 3316 1284 3371 manibus
1305 3316 1428 3387 ejus
1456 3318 1788 3386 requiretur,
1836 3319 1980 3374 sicut
2015 3322 2155 3376 scri-

581 3416 733 3477 ptum
769 3417 852 3462 est
886 3407 951 3460 ⁸⁸.
996 3406 1190 3463 Insiste
1222 3422 1353 3479 ergo
1383 3409 1451 3463 de
1487 3417 1707 3473 caetero,
1740 3408 1840 3473 ﬁli,
1882 3408 1938 3463 in
1977 3410 2157 3481 gregis

580 3498 902 3568 praefectura
927 3499 1215 3569 diligenter
1240 3499 1532 3570 invigilans
1562 3515 1576 3550 :
1614 3516 1748 3555 sana
1773 3500 2044 3569 inﬁrmos,
2065 3517 2157 3557 re-

581 3588 690 3644 duc
713 3598 987 3654 errantes,
1012 3591 1258 3654 hortare,
1296 3590 1552 3653 admone,
1598 3607 1791 3646 revoca
1822 3595 1878 3646 in
1920 3602 2158 3648 mentem

581 3680 917 3750 promissum
947 3682 1015 3737 iis
1046 3699 1270 3751 regnum
1308 3684 1401 3753 qni
1437 3693 1493 3736 nt
1521 3684 1674 3737 decet
1712 3694 1935 3739 sanctos
1960 3686 2156 3740 ambu-

583 3774 720 3840 lant,
758 3782 920 3843 atque
951 3789 1014 3828 ex
1063 3778 1293 3829 adverso
1347 3774 1665 3829 indesinens
1722 3775 2053 3845 supplicium
2092 3776 2159 3830 iis

582 3865 676 3934 qui
702 3865 951 3920 vltiosam
984 3866 1150 3921 vitam
1202 3876 1414 3937 agunt:
1469 3866 1536 3923 Ut
1573 3869 1795 3936 teipsum
1845 3868 1948 3923 hoc
1999 3878 2159 3938 pacto

582 3956 789 4011 salvum
817 3960 986 4030 facias
1018 3999 1035 4022 ,
1092 3970 1141 4012 et
1180 3976 1267 4013 eos
1308 3962 1397 4029 qui
1429 3970 1477 4013 te
1520 3960 1746 4013 audiunt
1780 3962 1844 4017 ¹⁶.
1870 3962 1971 4027 Qui
2013 3969 2161 4015 amat

584 4050 829 4105 studiose
862 4052 1134 4120 eaStigat:
1171 4050 1264 4120 qui
1312 4060 1497 4105 autem
1558 4052 1683 4105 odio
1725 4052 1908 4119 habet,
1954 4066 2161 4122 susque

583 4143 761 4213 deque
787 4143 973 4196 omnia
1006 4143 1209 4196 habere
1259 4144 1515 4198 subditos
1571 4144 1723 4197 sinit.
1768 4143 1873 4197 Sed
1924 4153 1979 4198 et
2038 4160 2156 4207 vos,

587 4234 786 4291 fratres
814 4244 868 4289 et
896 4235 993 4289 ﬁlii
1037 4240 1090 4289 in
1129 4236 1382 4301 Domino,
1417 4245 1594 4289 estote
1623 4237 1770 4292 sicut
1795 4250 1947 4300 oves,
1969 4252 2159 4289 aman-

586 4338 667 4383 tes
693 4328 813 4398 ejus
832 4338 1100 4397 prmcepta
1132 4343 1190 4382 sc
1204 4344 1381 4393 rvare,
1405 4337 1459 4381 et
1482 4330 1838 4383 monasticam
1874 4330 2040 4383 vitam
2068 4330 2164 4383 du-

584 4435 712 4485 cere
743 4436 852 4474 non
888 4422 1230 4475 saecularem.
1262 4419 1379 4475 Una
1412 4422 1750 4477 sitvoluntas
1774 4423 2038 4487 omnium,
2068 4437 2162 4475 cor

587 4529 781 4578 unum,
829 4514 1015 4568 anima
1075 4529 1205 4577 una,
1260 4530 1368 4567 non
1421 4529 1603 4568 meum
1655 4524 1710 4568 et
1750 4523 1928 4577 tuum,
1978 4514 2162 4570 omnia

586 4602 920 4665 Communia,
956 4601 1137 4654 omnia
1176 4602 1378 4655 munda
1414 4617 1509 4671 per
1549 4602 1971 4657 confessionem.
2006 4602 2163 4667 Quod

586 4691 633 4744 si
665 4693 824 4746 aliter
849 4690 941 4745 ﬁat
967 4708 980 4745 :
1002 4702 1057 4746 et
1084 4694 1231 4760 quod
1258 4694 1444 4747 saeculi
1476 4705 1593 4748 erat
1627 4695 1910 4759 amisistis,
1944 4705 2001 4750 et
2033 4710 2158 4749 cum

586 4781 698 4835 veri
729 4782 981 4835 monachi
1010 4798 1117 4836 non
1146 4785 1289 4846 sitis,
1320 4784 1486 4850 justas
1518 4785 1773 4840 vindictae
1800 4785 2024 4840 obnoxii
2052 4785 2160 4839 eri-

586 4872 677 4923 tis.
708 4868 991 4924 Cliaritate
1046 4872 1265 4941 impulsi
1310 4874 1859 4929 commonefecimus.
1893 4873 2005 4929 Vos
2032 4888 2163 4927 vero

586 4962 780 5025 valete,
813 4973 866 5015 et
901 4961 1010 5017 Deo
1051 4964 1289 5031 placete;
1322 4981 1421 5034 pro
1452 4967 1609 5021 nobis
1659 4967 1822 5020 etiam
1862 4966 2166 5037 peccatori-

587 5054 691 5109 bns
717 5066 962 5117 orantes,
1003 5066 1061 5109 nt
1115 5073 1237 5126 qua:
1292 5059 1578 5124 docemus,
1614 5059 1803 5115 eadem
1832 5075 1993 5129 opere
2022 5075 2165 5129 pne-

586 5156 794 5200 stemns
858 5146 909 5200 in
958 5144 1175 5201 Christo
1228 5146 1356 5203 Jesn
1404 5150 1633 5204 Domino
1681 5158 1891 5215 nostro,
1954 5151 2043 5205 cui
2095 5151 2166 5206 sit

587 5238 793 5309 gloria.
812 5240 1005 5293 Amen.

774 5441 908 5495 CIV.
944 5441 1111 5496 [reme
1137 5454 1183 5494 et
1220 5442 1581 5513 Euphrosva
1619 5446 1953 5503 monialibus.

2338 2027 2478 2097 Ἤδη
2521 2026 2920 2095 ὲπεστείλαμὲν
2984 2042 3065 2077 σοι
3104 2026 3243 2078 κατά
3281 2027 3380 2095 τὴν
3415 2027 3732 2097 ὑπόσχεσιν
3791 2029 3867 2091 ὡς

2260 2118 2517 2188 ἡμετέρῳ
2557 2119 2658 2188 υἱῴ
2687 2118 2995 2186 ποιμαίνειν
3048 2118 3109 2169 τὸ
3168 2116 3360 2169 αὐτόθι
3414 2119 3681 2187 ποίμνιον
3744 2120 3865 2189 μετ’

2260 2213 2571 2281 ἐπιστήμης
2606 2214 2725 2264 κατ’
2754 2211 2973 2281 ἐντολὴν
3004 2210 3100 2263 τοῦ
3136 2211 3368 2280 Κυρίου,
3431 2212 3606 2282 μηδὲν
3672 2231 3863 2283 παρα-

2261 2302 2553 2372 θεωρούντι
2588 2304 2695 2354 τῶν
2731 2303 3113 2355 συντεινόντων
3142 2305 3221 2365 είς
3254 2302 3522 2371 ὠφέλειαν
3553 2304 3672 2358 τῶν
3706 2305 3868 2358 ἀδελ.

2260 2396 2397 2464 φῶν.
2427 2396 2488 2447 Εί
2521 2395 2630 2463 γὰρ
2658 2394 2685 2445 ό
2710 2396 2779 2446 τά
2812 2396 2984 2462 ἄλογα
3037 2395 3286 2465 πρόϐατα
3347 2396 3754 2465 ἐμπιστευθεὶς
3802 2398 3863 2450 ού

2260 2490 2512 2543 καθεύδει
2539 2488 2653 2541 ἀλλ’
2681 2490 2976 2557 ἀγρυπνεῖ,
3004 2491 3124 2542 οὐδὲ
3158 2488 3372 2558 ἀμελεῖ,
3407 2489 3550 2542 ἀλλά
3589 2492 3863 2544 πυκτεύει

2261 2579 2478 2650 νύκτωρ
2508 2580 2599 2632 καὶ
2639 2580 2985 2649 μεθημέραν,
3018 2581 3156 2649 μήτε
3192 2579 3536 2650 θηριάλωτόν
3568 2598 3627 2634 τι
3684 2583 3863 2652 ἑργά-

2263 2671 2459 2725 σασθαι
2489 2688 2502 2701 ’
2529 2673 2602 2740 μή
2626 2687 2682 2723 τε
2701 2670 2997 2723 ἀλίπαντον
3028 2686 3042 2699 ⁸
3076 2671 3212 2723 ἀλλὰ
3242 2671 3337 2724 καὶ
3363 2671 3607 2734 κλέπτας
3633 2674 3740 2726 καὶ
3769 2676 3863 2744 λῃ-

2263 2764 2393 2829 στάς
2427 2766 2783 2825 κατασκοπεῖ,
2818 2764 2911 2815 καὶ
2962 2762 3137 2832 θῆρας
3161 2762 3443 2825 ἀποσοϐεῖ,
3481 2764 3577 2816 καὶ
3607 2764 3861 2833 προσλα-

2260 2856 2343 2908 λεῖ
2372 2858 2485 2918 τοῖς
2515 2855 2815 2927 θρέμμασι.
2849 2854 2960 2908 Κα1¹
2994 2853 3304 2923 ἔμπροσθεν
3366 2855 3553 2907 αὐτῶν
3614 2857 3856 2926 πορευό-

2265 2965 2425 3016 μενος
2444 2947 2543 3009 τάς
2598 2946 2808 3017 τροφὰς
2858 2946 3043 3009 αὐτοῖς
3115 2948 3506 3017 περιποιεῖται,
3567 2948 3656 3017 ἐφ’
3708 2948 3856 3018 ὕδωρ

2260 3034 2622 3092 ἀναπαύσεως
2651 3036 2746 3087 καὶ
2778 3034 3032 3087 σκιαδίων
3069 3034 3417 3105 περιορίζων,
3454 3038 3547 3088 καὶ
3586 3038 3695 3091 ὅσα
3718 3038 3855 3092 ἄλλα

2265 3124 2417 3178 ἔστιν
2446 3126 2580 3197 όρᾷν
2606 3127 2665 3179 ἐν
2694 3129 3027 3196 ποιμαντικῇ
3063 3127 3245 3197 ῥάϐδῳ
3272 3140 3287 3156 °
3325 3126 3381 3179 τί
3406 3127 3491 3180 δεῖ
3524 3129 3624 3181 καὶ
3655 3132 3851 3197 πόσον,

2261 3213 2403 3271 εἷναι
2434 3218 2542 3269 τῶν
2570 3216 2757 3287 ψυχῶν
2788 3217 3023 3287 λαχόντα
3051 3221 3377 3282 προστατεῖν
3406 3236 3421 3250 ·
3450 3212 3527 3272 ὧν
3590 3220 3653 3273 τὸ
3710 3218 3853 3292 αἷμα

2262 3311 2311 3363 εί
2351 3309 2497 3362 κατά
2516 3325 2570 3361 τι
2590 3308 2809 3379 ἀμιγὲς
2839 3310 3064 3376 γίνοιτο,
3087 3310 3151 3362 ἐκ
3181 3309 3293 3362 τῶν
3315 3311 3522 3382 χειρῶν
3549 3312 3726 3365 αὑτοῦ
3760 3316 3853 3367 ἐκ-

2183 3382 2226 3440 C
2260 3400 2649 3473 ζητηθήσεται,
2672 3400 2815 3454 καθά
2846 3400 3482 3473 γέγραπται.Ἒπίστηθι
3518 3401 3617 3459 οὖν
3636 3407 3849 3472 λοιπὸν,

2259 3486 2305 3546 ὦ
2336 3492 2542 3556 τέκνον,
2572 3492 2865 3563 γρηγορῶν
2905 3495 2971 3564 τῇ
3036 3493 3399 3564 ποιμνιαρχίᾳ
3435 3510 3450 3523 ·
3510 3494 3663 3549 τασαι
3722 3500 3853 3560 τοὺς

2260 3584 2658 3655 ἠσθενηκότας,
2692 3586 2991 3657 ἐπίστρεφε
3025 3588 3153 3650 τοὺς
3212 3586 3694 3657 πεπλανημένους,
3744 3608 3849 3642 πα-

2264 3679 2512 3750 ρακάλει,
2539 3678 2805 3743 νουθέτει,
2850 3679 3240 3751 ύπομίμνησκε
3266 3680 3367 3751 τὴν
3423 3682 3848 3753 ἐπηγγελμένην

2263 3771 2541 3842 βασιλείαν
2570 3774 2683 3834 τοῖς
2709 3771 3063 3842 ἀγιοπρεπῶς
3095 3774 3505 3844 πορευομένοις,
3534 3776 3632 3828 καὶ
3652 3776 3723 3829 ἐκ
3752 3775 3845 3828 τοῦ

2261 3861 2507 3914 ἐναντίου
2541 3860 2640 3930 τὴν
2669 3860 3028 3930 ἀτελεύτητον
3054 3863 3236 3932 κρίσιν
3256 3865 3370 3926 τοῖς
3400 3865 3671 3932 ἐμπαθῶς
3729 3868 3846 3920 δια-

2262 3950 2429 4016 ξῶσιν
2457 3970 2474 3986 ·
2528 3954 2663 4008 ἰνα
2687 3953 2877 4026 οὕτως
2900 3953 3000 4006 καί
3028 3956 3291 4009 σεαυτὸν
3320 3957 3553 4025 adium,
3586 3959 3845 4026 καὶτοὺς

2262 4044 2596 4111 ἀκούοντάς
2628 4060 2769 4098 σου.
2798 4024 2874 4097 ’⁸0
2903 4045 3157 4111 ἀγαπῶν,
3187 4046 3465 4115 ἐπιμελῶς
3492 4050 3741 4101 παιδεύει
3770 4068 3786 4082 ο
3814 4054 3843 4103 ό

2261 4136 2318 4189 δὲ
2360 4136 2558 4205 μισῶν,
2589 4132 2651 4206 ἐᾷ
2680 4137 2995 4206 ἀδιαφορεῖν
3024 4138 3151 4200 τοὺς
3179 4139 3503 4209 ἑπομένους.
3551 4142 3720 4195 Ἀλλὰ
3750 4145 3842 4196 καὶ

2264 4229 2439 4298 ὑμεῖς,
2475 4228 2692 4295 ἀδελφοὶ
2733 4230 2828 4281 καὶ
2867 4228 3033 4281 τέκνα
3088 4229 3147 4281 ἐν
3194 4231 3405 4300 Κυρίῳ,
3463 4233 3540 4294 ὼς
3573 4236 3841 4304 δερόὸατα

2264 4318 2477 4385 ἔσεσθε,
2507 4318 2789 4387 φιλοῦντες
2825 4320 2926 4383 τὰς
2973 4320 3194 4383 ἐντολὰς
3236 4320 3402 4374 αὐτοῦ
3461 4323 3835 4393 ἐργάζεσθαι,

2266 4411 2360 4462 καὶ
2395 4411 2705 4481 μοναχικῶς
2731 4410 3191 4481 ἀναστρέφεσθαι,
3227 4413 3362 4465 ἀλλά
3427 4414 3503 4485 μὴ
3535 4419 3835 4487 κοσμικῶς,

2265 4499 2324 4552 ἒν
2355 4499 2494 4552 ἔστω
2521 4501 2734 4569 θέλημα
2773 4502 3013 4563 πάντων,
3051 4501 3151 4571 μία
3180 4501 3397 4572 καρδία,
3432 4504 3531 4572 μία
3587 4506 3734 4578 ψυχὴ
3766 4513 3833 4576 μὴ

2266 4592 2363 4646 καὶ
2391 4594 2451 4646 τὸ
2478 4592 2610 4663 ἐμὸν
2632 4593 2692 4645 τὸ
2727 4592 2841 4660 σὺν,
2873 4593 3056 4647 πάντα
3083 4593 3260 4659 κοινὰ,
3292 4595 3471 4648 πάντα
3496 4597 3718 4669 καθειρά
3753 4599 3838 4651 διὰ

2264 4686 2364 4755 τῆς
2397 4682 2829 4754 ἐξαγορεύσεως.
2858 4686 2921 4739 El
2950 4686 3007 4739 δὲ
3036 4686 3111 4757 μὴ
3142 4685 3339 4754 οὕτως,
3398 4688 3497 4741 καὶ
3525 4689 3619 4743 τὸν
3649 4707 3836 4761 κοσμι-

2264 4776 2359 4830 κὸν
2408 4776 2758 4839 ἀπωλέσατε,
2813 4777 2907 4829 καὶ
2958 4778 3184 4848 μοναχο¹ι⁹
3232 4778 3307 4848 μὴ
3352 4778 3509 4843 ὄντες
3558 4781 3832 4849 ἀληθινοὶ,

2266 4869 2515 4921 ὑπόδικοι
2536 4867 2836 4939 γενήσεσθε
2866 4869 3252 4940 κατακρίσεως
3278 4870 3520 4936 δικαίας.
3565 4874 3837 4942 Ἀγαπῶνο

2428 4958 2849 5028 ὑπεμνήσαμεν.
2922 4957 3113 5028 Ὑμεῖς
3178 4959 3233 5011 δέ
3290 4955 3349 5013 εὖ
3402 4962 3686 5031 πράξοιτε,
3749 4964 3834 5018 καὶ

2265 5049 2344 5121 τῷ
2372 5050 2493 5120 Θεῷ
2524 5051 2970 5122 εύαρεστήσοιτε,
3030 5050 3314 5123 εὐχόμενοι
3368 5055 3468 5107 καὶ
3512 5056 3647 5128 περὶ
3688 5057 3832 5127 ἡμῶν

2269 5144 2381 5197 τῶν
2408 5144 2776 5214 ἁμαρτωλῶν,
2816 5138 2889 5197 ὧν
2938 5144 3289 5216 διδάσκομεν,
3348 5146 3562 5200 τούτων
3616 5152 3831 5220 ἐργάται

2275 5230 2417 5289 εἶναι
2442 5237 2499 5287 ὲν
2530 5234 2750 5305 Χριστῷ
2793 5234 2968 5305 Ἰησοῦ
2997 5235 3076 5307 τῷ
3098 5236 3287 5308 Κύρίῳ
3320 5237 3503 5309 ήμῶν,
3542 5231 3588 5306 ᾧ
3616 5241 3650 5309 η
3695 5239 3829 5306 δόξα.

2284 5328 2476 5398 ’Λμήπδ

2325 5447 2419 5497 ΡΔν
2442 5445 2543 5514 (1).
2571 5476 2639 5484 -
2667 5443 2893 5511 Είρήνῃ
2934 5444 3035 5497 καί
3051 5443 3447 5587 [Εὐφιίοσύνῃ
3496 5444 3779 5515 por-ator;-

2869 5530 3027 5579 σαις.
3074 5520 3215 5584 χκη’.

2869 5530 3027 5579 σαις.
3051 5520 3215 5584 [χκη’.

2192 2041 2234 2097 Β

2192 4719 2235 4773 D

2265 4975 2357 5020 τες

1502 5620 1563 5668 Ut
1588 5624 1637 5670 in
1675 5629 1845 5673 sancto
1882 5622 1993 5673 vita;
2015 5630 2296 5677 monasticae
2336 5628 2565 5678 ir-stltuto
2602 5634 2949 5691 perseverent.

663 5701 1047 5757 Proliciscente
1112 5702 1281 5756 fratre
1337 5716 1747 5771 parteeonomo,
1803 5715 2165 5774 opportunum

698 5815 740 5847 "
770 5814 970 5870 Jerem.
1004 5830 1121 5879 vni,
1154 5814 1277 5867 1..”
1306 5809 1443 5865 Cen.
1483 5828 1554 5877 Iv,
1609 5816 1661 5868 6.
1739 5816 1779 5845 “
1806 5815 2018 5871 Nahum
2052 5833 2133 5871 nl.
2185 5822 2273 5877 19.

2349 5712 2751 5781 Είσερχομένου
2770 5710 2875 5767 τοῦτ
2900 5708 3130 5780 ἀδελφοῦ
3161 5726 3258 5763 και
3306 5710 3729 5784 παροικονόμου,
3752 5712 3830 5769 εὖ·

2357 5825 2400 5855 "
2431 5825 2628 5881 Ezech.
2658 5842 2740 5895 Ill,
2776 5827 2859 5879 I8.
2935 5825 2978 5855 ¹⁶
3005 5824 3021 5879 l
3046 5824 3187 5880 Tim.
3221 5840 3295 5890 iv,
3332 5824 3419 5879 I6.
