3964 6320
207 355 350 423 1361

1423 348 1961 408 EPISTULARUM
1993 348 2138 407 LIB.
2177 349 2256 408 ΙΙ.

3355 346 3374 407 1
3388 349 3493 412 36?.

197 487 399 542 καιρον
447 467 777 540 ἡγησάμεθα
805 458 1042 538 χαράξαι
1069 466 1198 536 ὑμῖν
1229 463 1491 534 βραχεῖαν
1510 462 1785 532 συλλαϐὴν

1893 463 2152 516 duximus
2176 462 2395 516 brevem
2428 462 2496 515 ad
2518 479 2636 526 vos,
2670 463 2723 515 in
2753 462 2986 517 Domino
3017 478 3237 518 sorores
3286 467 3488 534 episto-

192 564 326 624 ταῖς
385 561 532 615 κατά
581 560 788 631 Κύριον
847 560 1127 629 ἀδελφαῖς.
1174 558 1284 610 Καὶ
1339 557 1406 627 δὴ
1460 557 1782 627 ἐρωτῶμεν,

195 653 324 717 πῶς
368 653 542 724 ἔχειὴ
594 652 727 722 ἁγία
754 653 886 715 δυὰς
937 652 1111 720 ὑμῶν,
1191 652 1246 704 αἱ
1301 652 1474 703 πᾶσαι
1532 649 1782 717 ἀδελφαί.

209 744 412 812 Ὁρᾶτε
443 744 581 808 πῶς,
613 745 710 797 καὶ
735 744 835 796 οὐκ
877 743 1064 805 ἄλλαις
1095 742 1348 811 ἀδελφαῖς
1371 783 1384 806 ,
1424 743 1556 812 ὑμῖν
1613 759 1787 813 προσ-

193 834 451 902 κείμενοι
487 834 629 887 κατὰ
661 833 794 886 Θεὸν
825 834 1118 903 ἐρωτῶμεν
1143 835 1236 887 καὶ
1271 833 1663 903 διαλεγόμεθα·
1695 832 1788 886 καὶ

193 921 454 985 εἰκότως·
493 916 555 976 οὗ
584 923 692 994 γάρ
725 923 930 985 πίστις,
966 925 1084 976 ἐκεῖ
1109 925 1203 975 καὶ
1231 923 1414 986 πόθος,
1474 922 1648 976 ἕλκων
1694 923 1791 977 καὶ

191 1013 599 1083 ἀνθελκόμενος
631 1015 720 1068 διὰ
761 1013 1079 1084 Πνεῦματος
1111 1014 1268 1082 ἁγίου
1297 1030 1314 1047 ο
1361 1005 1422 1067 οὗ
1479 1014 1536 1066 δὲ
1590 1014 1788 1082 ταῦτα,

192 1105 324 1157 ὲκεί
364 1106 459 1158 καὶ
490 1107 711 1177 φροντὶς
751 1105 1026 1175 σώματος.
1057 1105 1156 1159 Διά
1181 1107 1340 1158 τοῦτο
1367 1105 1656 1177 γράφομεν
1687 1124 1791 1160 πα-

194 1196 578 1266 ρακαλοῦντες
609 1199 750 1268 ὑπὲρ
775 1197 1014 1269 Χριστοῦ
1037 1198 1085 1250 οί
1113 1199 1323 1264 ἀνάξιοι
1352 1239 1367 1264 ,
1394 1198 1615 1270 ἔχεσθαι
1641 1201 1792 1271 ἡμᾶς

191 1289 301 1359 τῆς
323 1291 496 1361 καλῆς
524 1291 840 1362 ὁμολογίας,
864 1285 931 1362 ἦς
954 1291 1387 1362 ὡμολογήσαμεν
1431 1293 1672 1355 ἅπαντες
1706 1294 1790 1344 ἐν·

192 1386 372 1440 ώπιον
383 1383 516 1438 Θεοῦ
540 1382 636 1436 καὶ
647 1382 755 1436 τῶν
769 1383 1040 1436 ἐκλεκτῶν
1055 1383 1325 1451 ἀγγέλωνο
1340 1382 1505 1453 ζῆσαι
1530 1385 1587 1436 ὲν
1602 1383 1792 1455 Κυρίῳ

193 1481 262 1532 ὲν
292 1483 359 1549 τῇ
386 1476 646 1531 ἀποθέσει
680 1477 775 1528 τοῦ
816 1476 1080 1546 σαρκικοῦ
1105 1477 1455 1548 φρονήματος
1473 1493 1486 1506 ·
1513 1478 1794 1549 ὃπεμὲστὶ

191 1574 263 1624 τὸ
296 1573 532 1642 ῥαγῆναι
557 1567 667 1621 τῶν
692 1561 909 1638 δεσμῶν
934 1569 1034 1637 τῆς
1079 1567 1462 1640 προσπαθείας
1519 1567 1614 1621 τοῦ
1666 1569 1793 1640 τῇδε

192 1663 422 1726 αἰῶνος,
464 1661 560 1714 καὶ
597 1661 737 1730 μετά
761 1659 895 1713 Θεοῦ
944 1660 1220 1729 γενέσθαι,
1270 1660 1330 1712 ὃν
1370 1661 1463 1713 καὶ
1502 1660 1794 1729 ἠγαπήσα-

196 1774 329 1827 μεν,
355 1747 398 1821 ᾧ
428 1754 524 1806 καὶ
549 1751 993 1822 ὲνυμφεύοημεν,
1030 1751 1148 1822 μεθ’
1179 1745 1242 1806 οὗ
1295 1753 1390 1805 καὶ
1454 1753 1792 1822 συνεσόμεθα

191 1843 394 1898 εἰσαεί.
417 1841 620 1896 Τοῦτον
654 1843 1054 1913 ὲρωτευώμεθα
1082 1843 1172 1897 τὸν
1199 1845 1454 1910 ἀληθινὸν
1467 1845 1670 1916 ἔρωτα,
1697 1844 1792 1899 τὸν

190 1933 496 2005 ἀπρόσιτον
522 1932 707 1997 πόθον,
738 1932 830 1985 τὸν
865 1933 1024 2001 μόνον
1080 1934 1362 2005 Δεσπότην
1406 1933 1641 2003 οὐρανοῦ
1697 1935 1792 1987 καὶ

189 2026 324 2093 γῆς.
376 2019 451 2078 οὗ
483 2026 515 2094 ὴ
547 2023 684 2094 πρὸς
710 2024 1034 2096 ἀνθρώπους
1063 2026 1344 2097 ἀγάπησις
1396 2026 1660 2096 τοσαύτην
1715 2027 1790 2090 ὼεἴ

188 2117 387 2170 δούλου
430 2116 643 2188 μορφὴν
680 2117 844 2169 αὐτὸν
871 2117 1184 2181 ἀναλαϐεῖν,
1231 2121 1308 2182 είς
1350 2118 1412 2171 τὸ
1441 2119 1789 2173 ἀνακαλέσα-

192 2209 328 2264 σθαι
370 2211 518 2280 ἡμᾶς
561 2209 662 2279 τῆς
713 2208 942 2280 φθορᾶς,
996 2211 1090 2263 καὶ
1129 2209 1285 2274 θεοὺς
1340 2212 1786 2282 ἀπεργάσασθαι.

203 2301 300 2362 Ὠς
358 2299 590 2368 μεγίστη
632 2302 663 2367 ἠ
699 2299 1024 2368 ἐπαγγελία.
1079 2300 1166 2363 Ὠς
1207 2301 1444 2364 ἐξαίσιον
1482 2303 1544 2354 τὸ
1594 2303 1652 2353 ἐν
1699 2302 1790 2354 οῦ-

197 2393 389 2462 ρανοῖς
417 2391 754 2459 ἀπάντημαι
798 2389 958 2443 Ἐκεῖ
983 2389 1405 2459 ἐκλάμψουσιν
1453 2394 1508 2445 οἱ
1573 2391 1790 2445 δίκαιοι

189 2483 280 2547 ὡς
327 2484 355 2535 ὁ
409 2481 613 2550 ἥλιοςο
660 2485 780 2535 ἐκεῖ
824 2482 884 2534 αἱ
914 2481 1015 2551 τὴν
1079 2482 1380 2553 παρθενίαν
1438 2483 1788 2554 ὲνδεδυμέναι

187 2574 275 2643 τῷ
328 2573 592 2643 ἀφθάρτῳ
641 2573 860 2643 νυμφίῳ
891 2574 1328 2645 συναφθήσονται
1357 2590 1370 2605 ·
1417 2576 1538 2628 ὲκεῖ
1569 2577 1628 2628 αί
1678 2578 1782 2646 τὴν

190 2662 478 2733 ὑποταγὴν
528 2663 625 2715 καὶ
686 2663 938 2735 ὑπακοὴν
987 2662 1360 2734 ὲξασκήσασαι
1399 2666 1474 2730 ὡς
1520 2668 1787 2737 ἄρχουσαι

190 2753 465 2825 Χριστοῦ,
506 2755 863 2824 χορεύσουσιν
892 2755 1090 2810 αίώνια
1117 2773 1132 2789 ο
1185 2758 1242 2810 αί
1292 2757 1349 2810 δὲ
1390 2758 1654 2825 ἐναντίαι,
1718 2757 1788 2810 τὰ

193 2845 442 2907 ἐναντία,
475 2845 718 2916 δηλονότι
768 2847 1077 2900 πείσονται.

273 2937 459 3000 Ὥστε,
489 2925 738 3006 ἀδελφαὶ,
759 2939 1140 3010 σταυροφόροι,
1177 2940 1252 3011 μὴ
1281 2940 1537 3009 λάθωμεν
1565 2942 1786 3003 ἑαυταῖς

191 3026 322 3080 ἀντὶ
347 3027 492 3096 ζωῆς
531 3028 625 3080 καὶ
663 3029 838 3100 χαρᾶς
887 3029 1142 3100 ἀπείρου,
1186 3030 1405 3082 κόλασιν
1438 3032 1533 3083 καὶ
1560 3029 1670 3100 πῦρ
1694 3032 1784 3082 al-

193 3119 362 3172 ώνιον
388 3118 925 3190 ἀποθησαυρίζουσαι
977 3121 1045 3174 δι’
1113 3121 1376 3202 ἀμελείας
1427 3124 1525 3175 καὶ
1574 3122 1784 3194 φθορᾶς

197 3211 443 3279 σαρκὸς,
463 3211 748 3282 παρακοῆς
775 3229 834 3264 τε
859 3212 954 3266 καὶ
1007 3212 1289 3282 ὲμπαθοῦς
1338 3215 1683 3284 ἀναστροφῆς
1710 3231 1723 3244 ·
1752 3215 1785 3284 ὴ

195 3303 374 3374 ἁρετὴ
404 3305 468 3355 ὲκ
489 3302 623 3355 Θεοῦ
650 3305 745 3357 καὶ
763 3302 912 3356 θεία·
933 3305 966 3372 ἡ
999 3304 1166 3357 κακία
1205 3306 1268 3356 ὲκ
1295 3305 1526 3367 Σατανᾶ,
1563 3307 1656 3358 καὶ⁸
1678 3308 1785 3359 Σα-

193 3397 390 3458 τανᾶς.
435 3393 498 3448 Oi
530 3393 629 3465 τὴν
657 3393 882 3466 πρώτην
913 3395 1186 3465 ἑλόμενοι,
1220 3395 1345 3448 Θεοὶ
1375 3398 1468 3448 καὶ
1496 3397 1632 3449 Θεοῦ
1661 3413 1674 3427 '
1736 3400 1785 3450 oi.

195 3487 303 3557 τὴν
353 3487 614 3557 δευτέραν
665 3487 921 3558 δαίμονες
951 3527 966 3553 ,
1014 3488 1112 3540 καὶ
1159 3485 1252 3539 τοῦ
1303 3488 1541 3542 Σατανᾶ.
1599 3487 1787 3551 υῦτως

197 3573 348 3648 ὑμᾶς
377 3580 472 3631 καὶ
496 3578 591 3632 νῦν
635 3577 980 3648 δεξιούμεθα.
1015 3577 1128 3631 Καὶ
1160 3578 1235 3648 μὴ
1272 3577 1443 3648 βαρὺς
1477 3581 1604 3650 ὑμῖν
1638 3579 1786 3647 λογι-

200 3670 390 3742 σθείην
414 3669 490 3733 ὡς
532 3669 768 3740 φορτικά
811 3669 1019 3737 λαλῶν,
1072 3668 1212 3722 ἀλλὰ
1257 3670 1460 3739 μᾶλλον
1515 3670 1668 3741 ἡδὺς,
1710 3670 1785 3734 ὡς

201 3764 348 3832 ὑπὲρ
405 3760 541 3816 Θεοῦ
573 3762 877 3832 παραινῶν.
910 3761 1019 3815 Καὶ
1050 3762 1111 3814 οὐ
1178 3761 1316 3830 πρὸς
1351 3763 1451 3826 τὰς
1507 3762 1701 3834 κυρίας
1757 3763 1786 3815 ό

199 3852 393 3920 λόγος·
441 3852 604 3906 αὑταὶ
631 3855 742 3922 γὰρ
801 3850 1112 3904 διδάσκαλοι
1178 3852 1273 3904 καὶ
1320 3851 1543 3920 ἑτέρων.
1624 3850 1784 3904 Ἀλλὰ

202 3943 346 4014 πρὸς
372 3943 430 3996 τὸ
457 3945 554 4013 τῆς
580 3944 935 4015 άδελφότητος
964 3941 1241 4014 πλήρωμα
1261 3960 1273 3972 ·
1299 3943 1436 4014 ὅπερ
1483 3943 1780 4016 φυλαχθείη

204 4037 290 4088 ἔτι
338 4050 398 4086 τε
444 4035 543 4086 καὶ
589 4035 690 4101 ἔτι,
736 4035 1013 4101 εὐεκτοῦν,
1055 4034 1314 4103 εὐθηνοῦν
1370 4036 1450 4097 εἰς
1496 4035 1778 4105 καύχημα,

203 4128 304 4182 καὶ
353 4125 477 4196 ἐμοὶ
499 4126 574 4188 ὼς
599 4126 1001 4197 παρακλήτορι,
1062 4128 1142 4189 εἰς
1172 4126 1388 4198 ἡμέραν
1417 4126 1654 4197 Χριστοῦ
1688 4143 1702 4157 ·
1739 4120 1784 4195 ᾧ

203 4224 238 4292 ἡ
267 4218 401 4285 δόξα.
444 4219 523 4281 εις
549 4219 676 4280 τοὺς
698 4216 924 4279 αἰῶνας.
974 4217 1173 4287 Ἀμήν.

474 4329 599 4382 PE'.
627 4320 700 4368 '—-
743 4327 994 4396 ’Δγθίμῳ
1025 4326 1234 4392 τέκνῳ.
1286 4327 1474 4400 [χκθ’.]

1895 555 2001 608 lam
2027 571 2276 609 exarare.
2303 555 2366 610 Et
2388 556 2607 624 quidem
2635 571 2894 625 rogamus
2916 558 3192 625 quomodo
3212 573 3269 610 se
3291 557 3496 614 haheat

1892 659 2119 706 sanctus
2135 649 2381 703 binarius
2404 658 2602 712 vester,
2628 662 2956 716 sororesque
2971 648 3264 701 universae.
3291 645 3494 704 Videtis

1891 742 2354 812 quemadmodum
2389 742 2544 796 vobis
2583 753 2633 794 et
2667 756 2776 796 non
2809 741 2936 795 aliis
2963 741 3254 795 sororibus
3282 740 3486 794 addicti

1892 836 2194 892 secundum
2233 836 2402 891 Deum
2428 835 2784 890 sciscitamur
2810 844 2864 890 et
2895 835 3062 889 verba
3097 833 3353 890 facimus.
3380 833 3491 889 Nec

1891 924 2186 988 immerito,
2201 924 2294 987 ubi
2317 924 2462 978 enim
2485 923 2636 988 fides,
2656 923 2726 979 ibi
2749 932 2803 978 et
2824 939 2998 989 amor,
3021 926 3244 978 trahens
3264 932 3500 979 tractus-

1892 1034 2000 1088 que
2042 1019 2283 1073 vicissim
2318 1034 2414 1088 per
2439 1017 2702 1085 Spiritum
2755 1027 3006 1073 sanctum
3036 1036 3050 1085 ;
3076 1019 3167 1072 ubi
3195 1019 3342 1073 enim
3372 1018 3488 1072 haec

1893 1119 2042 1174 sunt,
2069 1111 2142 1164 ihi
2160 1121 2212 1165 et
2231 1127 2361 1166 cura
2379 1111 2647 1180 corporis.
2669 1111 2876 1166 Idcirco
2897 1111 3215 1176 scribimus,
3248 1125 3345 1166 vos
3368 1111 3489 1166 vice

1893 1204 2094 1258 Christi
2122 1206 2401 1260 hortantes
2423 1204 2657 1275 indigni,
2692 1214 2749 1259 ut
2786 1205 3142 1274 persistamus
3171 1204 3224 1258 in
3259 1204 3486 1274 pulchra

1895 1299 2145 1368 pactione
2193 1315 2357 1369 quam
2399 1299 2541 1368 pacti
2585 1313 2776 1353 sumus
2813 1313 3006 1354 omnes
3040 1312 3227 1352 coram
3268 1296 3381 1351 Deo
3429 1305 3486 1352 et

1892 1391 2082 1446 electis
2122 1393 2358 1460 angelis;
2387 1392 2575 1446 vivere
2629 1391 2682 1444 in
2731 1389 2969 1443 Domino
3020 1389 3081 1443 in
3140 1389 3487 1459 depositione

1895 1500 2090 1539 sensus
2126 1486 2386 1552 carnalis,
2418 1484 2564 1554 quod
2599 1494 2684 1540 est
2709 1483 2989 1554 dirupisse
3022 1483 3244 1536 vincula
3275 1480 3486 1551 cupidi-

1896 1587 2068 1631 tatum
2095 1579 2282 1633 sazculi
2316 1578 2503 1649 hujus,
2536 1588 2589 1632 et
2616 1593 2738 1632 cum
2779 1576 2893 1631 Deo
2929 1576 3140 1630 versari
3191 1591 3352 1644 quem
3398 1574 3488 1628 di-

1895 1669 2154 1734 leximus,
2204 1681 2256 1725 et
2291 1670 2378 1725 cui
2442 1672 2787 1739 desponsata:
2845 1685 3058 1735 sumus,
3099 1684 3222 1724 cum
3265 1683 3372 1738 quo
3429 1678 3485 1722 ct

1899 1780 2114 1835 semper
2161 1765 2388 1819 erimus.
2448 1763 2606 1819 Hunc
2650 1762 2972 1817 adamemus
3006 1760 3100 1831 qui
3133 1776 3297 1815 verus
3327 1775 3485 1815 amor

1896 1867 1998 1922 est,
2050 1857 2380 1912 desiderium
2436 1858 2802 1922 inaccessum,
2857 1856 3008 1910 solus
3039 1856 3165 1910 ρωιί
3211 1864 3483 1924 terraeque

1895 1950 2182 2005 Dominus.
2222 1949 2391 2019 Cujus
2452 1965 2580 2017 erga
2627 1950 2880 2004 homines
2943 1957 3093 2003 tanta
3141 1947 3384 2011 dilectio,
3419 1954 3482 2000 ut

1894 2044 2036 2098 servi
2063 2043 2295 2097 formam
2329 2043 2714 2112 assumpserit,
2743 2057 2854 2112 quo
2916 2057 3016 2096 nos
3071 2049 3364 2096 revocaret
3412 2041 3480 2093 ab

1894 2136 2140 2200 interitu,
2174 2143 2228 2189 et
2266 2135 2398 2189 deos
2447 2133 2700 2188 efﬁceret.
2732 2132 2776 2188 Ο
2811 2134 3106 2187 maximam
3153 2133 3479 2202 promissio-

1893 2228 2049 2281 nem!
2082 2242 2114 2281 ο
2156 2227 2485 2297 stupendum
2529 2228 2584 2280 in
2615 2227 2775 2282 caelis
2807 2241 3100 2281 occursum
3126 2227 3166 2257 "
3199 2227 3212 2279 !
3253 2224 3336 2278 Ibi
3369 2225 3481 2295 ful-

1891 2320 2080 2389 gebunt
2102 2319 2240 2387 justi
2273 2320 2410 2372 sicut
2438 2318 2516 2371 sol
2542 2335 2560 2371 :
2593 2317 2690 2384 ibi,
2724 2334 2847 2388 quae
2872 2317 3243 2388 virginitatem
3279 2318 3479 2371 induc-

1892 2421 2042 2475 runt,
2090 2410 2410 2478 incorrupto
2458 2424 2663 2478 sponso
2707 2409 3119 2478 conjungcutur
3153 2427 3165 2462 :
3199 2407 3309 2471 ibi,
3354 2424 3480 2477 quae

1891 2503 2282 2571 subjectionem
2317 2509 2372 2556 et
2397 2501 2764 2556 obedientiam
2800 2503 3113 2567 coluerunt,
3151 2502 3300 2556 velut
3323 2502 3477 2570 priu-

1890 2596 2042 2664 cipes
2061 2593 2265 2647 Christi
2297 2603 2563 2662 perpetuo
2597 2592 2977 2662 tripudiahunt
3005 2611 3017 2646 :
3048 2593 3345 2648 contrariis
3372 2609 3476 2648 au-

1890 2699 1996 2744 tem
2020 2686 2298 2742 contraria
2327 2685 2445 2740 sine
2469 2685 2638 2740 dubio
2672 2684 2951 2740 evenient.

1958 2935 2160 3001 Quare,
2224 2949 2466 3000 sorores,
2533 2949 2759 2989 crucem
2826 2942 3114 3004 portantes
3174 2950 3474 2991 caveamus

1888 3028 2072 3092 nobis,
2107 3042 2175 3081 ne
2205 3042 2304 3096 pro
2334 3027 2443 3080 vita
2474 3035 2528 3081 et
2562 3027 2762 3097 gaudio
2802 3026 3075 3082 immenso
3129 3028 3472 3099 supplicium

1816 3156 1860 3216 ϐ
1891 3121 2179 3189 ignemque
2199 3128 2464 3173 aeternum
2493 3120 2850 3189 acquiramus
2877 3136 2974 3189 per
3003 3120 3394 3192 negligentiam
3420 3131 3477 3176 et

1890 3210 2073 3265 carnis
2090 3210 2524 3279 corruptionem,
2558 3225 2654 3278 per
2686 3210 3111 3265 inobedientiam
3137 3212 3478 3267 molliorem-

1889 3319 1995 3372 que
2028 3302 2522 3356 conversationem.
2555 3300 2743 3356 Virtus
2784 3317 2814 3356 a
2862 3299 2994 3365 Deo,
3029 3311 3082 3357 et
3121 3301 3306 3357 divina
3344 3321 3360 3357 :
3395 3305 3480 3357 vi-

1889 3396 2102 3450 tiositas
2135 3411 2164 3448 a
2198 3393 2423 3458 Satana,
2463 3403 2517 3447 et
2550 3393 2802 3449 Satanas.
2831 3393 2934 3460 Qui
2971 3395 3212 3464 priorem
3242 3394 3474 3464 eligunt,

1888 3489 1964 3542 dii
2003 3496 2134 3542 sunt
2187 3496 2240 3542 et
2291 3486 2430 3541 Dei:
2460 3487 2557 3573 qui
2604 3488 2990 3555 posteriorem,
3034 3486 3311 3541 daemones
3348 3497 3478 3541 sunt.

1890 3590 1945 3635 et
1982 3580 2268 3634 dzemonis.
2294 3577 2389 3633 Sic
2425 3595 2529 3647 ego
2549 3594 2648 3632 vos
2698 3593 2846 3632 nunc
2897 3579 3062 3632 etiam
3113 3580 3474 3648 complector.

1896 3672 2004 3726 Nec
2036 3687 2166 3726 vero
2208 3672 2393 3740 gravis
2444 3669 2636 3724 videar
2682 3672 2838 3726 vobis
2888 3680 3148 3741 tanquam
3205 3673 3343 3725 dura
3394 3671 3477 3726 lo-

1892 3780 2090 3832 quens.
2124 3763 2217 3817 sed
2253 3771 2443 3832 gratus
2471 3763 2678 3832 potius,
2711 3772 2772 3817 ut
2801 3763 2896 3832 qui
2947 3779 3044 3831 pro
3079 3763 3191 3816 Deo
3225 3779 3320 3817 vos
3358 3778 3476 3815 nm.

1893 3867 2072 3905 neam.
2105 3849 2291 3921 Neque
2329 3853 2397 3906 ad
2427 3852 2679 3906 dominas
2726 3861 2934 3921 spectat
2987 3853 3076 3906 hic
3111 3869 3328 3918 sermo;
3371 3853 3478 3908 illa:

1891 3948 2035 4001 enim
2062 3946 2292 3999 aliarum
2316 3945 2479 3998 etiam
2500 3954 2629 4000 sunt
2669 3946 2977 4016 magistrae;
3009 3947 3101 4000 sed
3137 3947 3202 3999 ad
3227 3961 3477 4001 commu-

1896 4052 2018 4090 nem
2057 4044 2259 4089 ctetum
2279 4049 2528 4088 sororum
2559 4051 2572 4085 :
2604 4035 2695 4104 qui
2722 4037 2895 4105 magis
2920 4035 3204 4104 magisque
3232 4051 3400 4090 sanus
3422 4047 3479 4090 et

1891 4127 2078 4195 vigens
2114 4135 2376 4188 servetur,
2405 4126 2470 4179 ad
2491 4139 2664 4179 meam
2683 4127 2846 4179 etiam
2875 4134 2933 4179 ut
2957 4128 3254 4181 hortatoris
3273 4127 3478 4195 gloria-

1894 4219 2094 4272 tioucm
2124 4218 2178 4271 in
2209 4219 2294 4272 die
2326 4216 2529 4272 Christi
2559 4236 2573 4271 :
2605 4219 2692 4271 cui
2731 4219 2904 4287 gloria
2933 4219 2985 4271 in
3018 4220 3240 4274 saecula.
3275 4222 3472 4274 Anien.

2330 4331 2441 4388 CV.
2467 4364 2538 4376 η
2562 4333 2813 4388 Ant/timo
2855 4334 2970 4403 [ilio
2999 4334 3080 4404 (‘).

1469 4466 1543 4513 Ad
1562 4467 1822 4526 quemdam
1848 4472 1930 4529 qui
1957 4469 2228 4519 defecerat.

289 4544 350 4597 ’0
379 4547 540 4618 νόμος
568 4544 665 4599 τοῦ
693 4544 828 4599 Θεοῦ
854 4548 882 4598 ὁ
910 4545 1075 4616 φόϐος
1100 4564 1160 4600 τε
1185 4547 1282 4600 καὶ
1309 4547 1338 4599 ὁ
1365 4548 1567 4619 τρόμος
1600 4549 1786 4615 αὑτοῦ,

1967 4554 2075 4608 ch
2101 4554 2220 4619 Dei,
2255 4555 2418 4607 timor
2439 4565 2491 4608 et
2535 4563 2741 4609 tremor
2766 4556 2940 4626 ipsius
2980 4556 3070 4625 qui
3105 4556 3184 4609 ait
3218 4575 3230 4609 :
3271 4554 3474 4625 Specu-

206 4639 288 4702 ὢς
328 4654 480 4708 φησι·
515 4637 760 4691 Σκοπόν
809 4652 883 4691 σε
919 4638 1153 4692 τέθεικα
1184 4637 1264 4703 τῷ
1300 4639 1446 4704 οικῳ
1509 4641 1777 4707 Ἰσραήλ.

219 4731 282 4783 '0
305 4729 362 4783 δὲ
389 4729 590 4791 σκοπὸς
617 4729 719 4799 τῆς
742 4729 1026 4799 ἀγγελίας,
1078 4730 1358 4800 ἠνάγκασέ
1411 4749 1502 4802 με,
1561 4733 1777 4802 ἀδελφὲ,

207 4819 302 4872 διὰ
353 4820 682 4890 γράμματος
713 4823 876 4875 πάλιν
913 4823 1234 4892 ἀναγγεῖλαί
1296 4841 1378 4877 σοι
1408 4824 1508 4896 τὴν
1549 4827 1781 4897 ἐρχομέ-

209 4929 310 4982 νην
342 4913 616 4983 ῥομφαίαν
639 4911 737 4966 τοῦ
765 4913 898 4967 Θεοῦ
931 4915 1024 4968 ἐπὶ
1086 4915 1164 4979 σὲ,
1195 4915 1468 4985 ῥομφαίαν
1519 4918 1779 4988 φοϐερὰν,

213 5001 485 5072 ῥομφαίαν
509 5002 755 5073 πύρινον,
791 5003 1061 5073 ῥομφαίαν
1088 5003 1148 5055 οὐ
1199 5004 1378 5074 σῶμα,
1410 5003 1549 5058 ἀλλὰ
1607 5004 1788 5075 ψυχὴν

211 5092 610 5162 ἐμϐάλλουσαν,
661 5094 743 5157 είς
771 5094 998 5161 γέενναν
1029 5094 1200 5165 πυρὸς
1231 5098 1309 5159 εἰς
1335 5097 1678 5166 ἀπεράντους
1704 5099 1792 5151 αἱ·

210 5184 501 5248 ῶνας.Καὶ
528 5184 750 5256 δακρύω
762 5186 989 5255 γράφων
1018 5186 1359 5250 ότάλας,καὶ
1375 5189 1544 5243 στένω
1572 5192 1792 5260 πικρὸν,

1893 4649 2117 4700 latorem
2161 4648 2312 4716 posui
2371 4659 2420 4699 te
2465 4647 2646 4700 domui
2694 4647 2871 4701 Israel
2915 4649 2979 4702 ¹⁸.
3032 4649 3246 4717 Scopus
3290 4660 3471 4706 autem

1893 4739 2135 4793 mandati
2167 4737 2346 4808 coegit
2371 4753 2476 4803 me,
2509 4738 2694 4804 frater,
2742 4756 2839 4810 per
2873 4740 3086 4796 litteras
3127 4742 3322 4795 iterum
3372 4759 3475 4796 an-

1889 4833 2144 4886 nuntiare
2172 4831 2268 4885 tibi
2303 4832 2609 4886 venientem
2642 4846 2806 4902 super
2858 4844 2909 4887 te
2951 4834 3319 4903 rhomphzeam
3352 4835 3467 4901 Dei,

1888 4924 2228 4992 romphaeam
2282 4922 2724 4989 formidabilem,
2786 4926 3161 4995 rhomphaaam
3217 4927 3468 5000 igneam,

1889 5015 2259 5083 rhomphaeam
2297 5030 2418 5083 qua:
2451 5031 2562 5071 non
2602 5032 2807 5085 corpus
2838 5022 2932 5072 sed
2960 5020 3213 5073 animam
3247 5021 3472 5090 conjicit

1892 5108 1946 5160 in
1979 5111 2287 5178 gehennam
2317 5109 2459 5178 ignis
2499 5111 2553 5163 in
2584 5113 2784 5166 saecula
2820 5112 3173 5181 sempiterna.
3210 5112 3470 5169 Scribens

1895 5198 2209 5269 illacrymor
2248 5200 2435 5260 miser,
2467 5211 2521 5254 et
2547 5216 2732 5254 amare
2764 5217 2958 5273 angor,
2991 5203 3135 5272 quod
3171 5203 3239 5258 de
3283 5204 3394 5258 lilio
3416 5215 3471 5258 et

213 5278 297 5328 ὅτι
357 5277 448 5329 ἐπὶ
477 5277 569 5331 τὸν
603 5279 738 5348 ἐμὸν
769 5280 883 5331 υίὸν
907 5281 1001 5333 καὶ
1052 5280 1298 5350 μαθητὴν
1336 5284 1364 5335 ό
1413 5282 1586 5351 λόγος.
1635 5282 1786 5337 Ἀλλὰ

1899 5289 2170 5359 discipulo
2204 5305 2327 5344 meo
2362 5292 2434 5345 sit
2460 5307 2665 5345 sermo.
2710 5293 2816 5348 Sed
2861 5293 2991 5362 quid
3041 5295 3234 5365 agam?
3266 5295 3321 5348 Si
3360 5311 3469 5349 non

207 5369 260 5421 τί
287 5368 447 5423 πάθω
471 5387 488 5438 ;
516 5370 610 5424 ὲάν
642 5371 717 5442 μὴ
749 5371 1075 5440 ἀναγγείλω,
1115 5373 1177 5426 τὸ
1221 5367 1354 5442 αἷμά
1421 5393 1517 5428 σου
1567 5380 1630 5430 ὲκ
1677 5377 1786 5429 τῶν

209 5462 408 5532 χειρῶν
459 5481 559 5534 μου
587 5463 839 5536 ἐκζητεῖν
872 5465 975 5536 ἔφη
1013 5466 1174 5529 Θεός·
1199 5467 1354 5520 οὐδὲν
1379 5469 1587 5541 ἕτερον,
1642 5469 1675 5540 ἢ
1725 5469 1785 5523 τὸ

207 5549 342 5605 αὐτό
401 5568 470 5621 με
535 5553 632 5623 τῆς
687 5554 964 5627 τιμωρίας
1024 5556 1432 5612 συναπολαῦσαι
1479 5563 1670 5631 κρῖμα.
1711 5557 1782 5614 Ὦ

1893 5383 2319 5446 annuntiavero,
2352 5383 2676 5453 sanguinem
2729 5395 2882 5438 tuum
2929 5384 2997 5439 de
3029 5385 3285 5440 manibus
3330 5386 3470 5441 meis

1893 5473 2290 5542 rcquisiturum
2344 5489 2402 5528 se
2461 5475 2595 5529 dicit
2630 5475 2773 5532 Deus
2802 5479 2884 5530 ηε
2918 5494 3094 5549 neque
3147 5478 3335 5544 aliam,
3372 5479 3465 5533 sed

1888 5567 2137 5621 eamdem
2171 5564 2345 5638 ipsam
2369 5581 2456 5623 me
2480 5569 2682 5635 pariter
2715 5570 2967 5625 vindicta:
2997 5570 3325 5626 sententiam
3367 5584 3469 5626 ex-

285 5687 328 5719 "
355 5686 542 5746 Matth.
588 5710 712 5759 xm,
743 5693 834 5752 65.
877 5695 917 5729 ¹⁸
941 5694 1138 5754 Ezech.
1165 5711 1295 5763 xxx,
1329 5695 1378 5753 7.
1461 5699 1501 5730 ”
1536 5696 1726 5754 Ezech.
1755 5716 1834 5766 ut,
1861 5699 1936 5757 18.

326 5783 750 5854 (‘)Para2netit°a.
