3964 6320
579 356 718 421 1363

1773 362 1834 419 S.
1869 358 2261 420 THEODORI
2300 357 2646 417 STUDlT/E

3731 355 3870 418 1364

573 481 882 538 cepturnm.
920 466 964 522 Ο
993 467 1182 530 frater,
1239 482 1338 521 cur
1381 467 1570 520 oculos
1610 469 1793 522 cordis
1837 468 1908 521 ita
1951 466 2160 522 clausi-

2276 467 2480 535 i83).<p.-’:,
2511 466 2562 518 τί
2606 467 2817 535 ἔμυσας
2858 465 2925 517 τὰ
2965 465 3186 535 ὄμματα
3225 465 3370 518 οὕτω
3420 465 3521 535 τῆς
3586 465 3869 535 καρδίας;

573 560 680 617 Sti?
711 576 811 614 cur
841 557 1011 612 Deum
1041 559 1445 626 contempsisti,
1481 558 1638 626 cujus
1683 570 1816 612 nutu
1870 567 2160 611 moventur

576 651 852 712 universa,
892 665 992 704 nec
1016 658 1249 719 possunt
1280 648 1518 700 moventi
1561 648 1852 701 resistere?
1885 650 2054 703 Antea
2082 663 2162 698 re-

576 744 766 798 siliisti
798 759 827 797 e
858 744 1113 812 palaestra
1140 745 1412 797 ascetica:
1445 743 1629 796 abiisti
1661 744 1725 796 ad
1760 743 1877 796 loca
1899 758 2020 811 qua:
2053 758 2159 798 non

576 836 801 905 respicit
847 834 1112 889 Dominus
1158 852 1172 888 ι
1230 834 1445 888 solvisti
1494 835 1836 905 signaculum
1871 835 2159 900 castitatis,

575 929 870 998 corrupisti
910 929 1145 981 animam
1178 937 1230 981 et
1265 942 1488 996 corpus,
1530 928 1707 982 factus
1746 945 1804 982 es
1830 930 2159 997 mancipium

575 1019 823 1088 peccati;
851 1019 1048 1073 deinde
1069 1017 1136 1070 ad
1172 1033 1273 1070 nos
1301 1033 1425 1071 sero
1458 1019 1676 1071 tandem
1705 1019 1910 1073 rediisti
1937 1020 1990 1072 in
2012 1020 2162 1089 prin-

579 1110 730 1180 cipio
762 1110 1191 1181 persecutionis,
1244 1109 1532 1171 confitens,
1595 1126 1784 1180 pinnas
1817 1112 1991 1171 luens.
2033 1125 2162 1179 pro-

577 1203 800 1256 mittens
848 1217 1153 1269 regressum
1215 1210 1339 1268 post
1393 1203 1553 1254 linem
1609 1203 2029 1270 persecutionis.
2082 1204 2163 1257 Ad

581 1295 695 1348 brec
741 1302 795 1346 et
849 1294 916 1346 ab
970 1291 1291 1346 OEconomo
1345 1292 1628 1346 institutus
1677 1308 1756 1354 es,
1812 1303 1864 1350 et
1920 1309 1950 1348 a
1996 1292 2164 1347 fratre

579 1382 842 1452 Dionysio
872 1391 1186 1451 susceptus,
1221 1391 1275 1434 et
1312 1382 1605 1449 pulchrum
1641 1382 1893 1437 exsilium
1929 1383 2162 1450 elegisti,

578 1491 642 1527 ex
707 1475 867 1527 malis
924 1474 1060 1527 locis
1106 1474 1369 1542 migrans,
1407 1481 1460 1528 et
1501 1473 1554 1526 in
1613 1473 1771 1528 bonis
1826 1473 1962 1528 locis
2007 1475 2164 1527 habi-

581 1578 705 1622 tans
727 1581 894 1636 super
923 1582 1047 1635 quae
1073 1567 1218 1620 oculi
1245 1565 1488 1631 Domini,
1513 1576 1569 1620 et
1595 1565 1870 1621 beatitudo
1906 1582 2165 1636 persecu-

579 1661 746 1720 tionis
795 1675 959 1730 supra
1009 1671 1176 1728 caput
1220 1668 1373 1714 tuum
1423 1660 1902 1716 circumvolitans.
1937 1660 2000 1715 Et
2032 1677 2168 1732 euge

579 1755 652 1807 ob
705 1753 849 1806 lianc
911 1752 1334 1815 revocationem,
1400 1753 1805 1822 purgationem,
1864 1755 2165 1824 angelicam

2263 561 2314 612 τί
2348 559 2763 630 κατεφρόνησας
2796 558 2956 621 Θεοῦ,
2989 550 3049 610 οὗ
3082 557 3160 627 τῷ
3187 557 3468 626 βλέμματι
3499 556 3572 608 τὰ
3599 557 3873 625 σύμπαν-

2263 670 2331 706 τα
2366 653 2570 704 σείεται
2632 651 2726 705 καὶ
2756 652 2817 703 ού
2852 651 3006 720 φέρει
3042 652 3265 718 στήκειν
3295 667 3308 713 ;
3346 649 3738 718 ἀπεπήδησας
3765 651 3872 700 τεά-

2263 744 2352 797 λαι
2401 745 2500 812 τῆς
2529 744 2836 812 ἀσκητικῆς
2873 742 3211 812 παλαίστρας
3234 758 3248 770 θ
3277 740 3599 812 ὲπορεύθης
3650 745 3746 804 εἰς
3781 742 3868 792 τό·

2264 853 2399 898 πους
2457 835 2550 898 οὒς
2583 837 2682 888 οὐκ
2711 836 2998 887 ἐπισκοπεῖ
3043 834 3244 903 Κύριος
3283 847 3297 862 ο
3335 833 3533 896 ἔλυσας
3565 833 3670 901 τὴν
3704 850 3872 902 cuppa-

2263 929 2387 996 γῖδα
2421 931 2520 998 τῆς
2551 927 2791 995 ἁγνείας,
2822 927 3079 996 ἕφθειρας
3121 928 3220 996 τὴν
3271 925 3451 996 ψυχὴν
3504 926 3608 977 καὶ
3659 926 3732 977 τὺ
3766 925 3870 976 σῶ-

2269 1040 2365 1092 μα,
2395 1021 2579 1090 ἐγένου
2611 1021 2794 1083 δοῦλος
2814 1021 2913 1090 τῆς
2935 1019 3233 1090 ἁμαρτίας,
3260 1015 3378 1070 εἶτα
3412 1017 3659 1086 ὀψέποτε
3691 1018 3870 1071 ἐπαν-

2265 1114 2395 1182 ῆκες
2427 1112 2725 1183 πρὸςήμᾶς
2753 1112 2810 1162 ὲν
2835 1113 2900 1180 τῇ
2917 1112 3140 1180 ἀπαρχῇ
3178 1108 3270 1162 τοῦ
3297 1106 3566 1178 διωγμοῦ,
3600 1106 3871 1177 ἐξομολο-

2265 1203 2552 1273 γούμενος,
2585 1201 3007 1271 ὲπιτιμώμενος,
3042 1201 3517 1272 ἐπαγγελλόμενος
3577 1200 3688 1271 τὴν
3740 1203 3872 1253 ἁνα-

2265 1294 2470 1366 δρομὴν
2503 1295 2645 1364 μετὰ
2674 1293 2773 1362 τὴν
2799 1293 3010 1347 παῦλαν
3055 1293 3150 1347 τοῦ
3178 1293 3441 1364 διωγμοῦ.
3491 1293 3630 1348 Ἐπὶ
3683 1295 3871 1364 τούτῳ

2267 1388 2362 1440 καὶ
2421 1386 2558 1456 πρὸς
2601 1385 2696 1438 τοῦ
2722 1383 3024 1454 Οἰκονόμου
3084 1383 3498 1455 ὲστοιχειὼοης,
3552 1385 3654 1437 καὶ
3711 1387 3871 1452 παρὰ

2267 1477 2360 1530 τοῦ
2393 1477 2624 1546 ἀδελφοῦ
2678 1477 2958 1530 Διονυσίου
2986 1477 3392 1548 προσελήφθης,
3423 1477 3519 1530 καὶ
3548 1476 3656 1545 τὴν
3688 1475 3870 1546 καλὴν

2268 1567 2563 1635 φυγαδείαν
2590 1567 2755 1630 εἵλου,
2789 1569 2853 1621 ὲκ
2877 1568 3060 1620 τόπων
3099 1567 3352 1638 πονηρῶν
3376 1568 3458 1630 είς
3487 1567 3702 1630 τότπυς
3733 1569 3872 1634 ἁγα-

2270 1657 2396 1722 θοὺς
2420 1657 2794 1728 διαιτώμενος,
2822 1657 2907 1727 ἐφ’
2961 1657 3054 1720 οὒς
3121 1657 3392 1727 ὀφθαλμοὶ
3439 1658 3657 1727 Κυρίου
3687 1674 3705 1686 ·
3777 1660 3872 1710 καὶ

2269 1752 2298 1804 6
2376 1750 2728 1822 μακαρισμὸς
2783 1749 2879 1803 τοῦ
2941 1748 3185 1818 διωγμοῦ
3250 1749 3389 1820 ὑπὲρ
3452 1749 3715 1819 κεφαλῆς
3778 1767 3869 1804 σου

579 1846 1021 1916 opitulationem.
1062 1846 1201 1911 Quid
1234 1861 1364 1915 ergo
1403 1862 1596 1901 rursus
1643 1845 1850 1901 factum
1877 1849 1997 1902 est?
2020 1846 2161 1914 Quid

2276 1839 2812 1910 περικυκλούμενος·
2879 1840 2988 1893 Καὶ
3047 1835 3173 1908 εὖγε
3227 1842 3327 1910 τῆς
3375 1840 3750 1911 ἀνακλήσεως
3775 1845 3871 1908 τῆς

582 1951 659 1997 est
686 1940 830 2009 quod
872 1956 901 1992 a
935 1940 1044 1996 Deo
1078 1951 1126 1993 te
1152 1939 1400 2003 abduxit,
1425 1949 1479 1993 et
1507 1940 1729 1995 diabolo
1765 1940 2165 1997 tradidit?lleu

585 2049 761 2088 meam
816 2032 1194 2088 infelicitatem
1222 2034 1235 2086 Σ
1272 2032 1545 2088 Reversus
1571 2049 1630 2087 es
1654 2033 1834 2088 denuo
1861 2019 1926 2090 ad
1944 2051 2164 2089 cunnum

582 2123 820 2193 peccati,
865 2138 1233 2192 corrumpens
1281 2134 1336 2178 et
1395 2137 1687 2193 corruptus
1732 2141 1761 2179 a
1806 2127 2056 2192 muliere,
2083 2129 2167 2182 vel

582 2215 766 2283 potius
784 2228 813 2266 a
839 2213 1179 2270 mulieribus.
1199 2213 1444 2280 Domine,
1465 2214 1754 2279 miserere;
1781 2231 1960 2283 parce,
1990 2216 2164 2284 Deus;

583 2306 793 2360 dimisit
819 2316 870 2360 te
896 2316 1083 2360 custos
1110 2315 1234 2359 tuus
1255 2307 1504 2376 angelus,
1537 2309 1778 2376 suscepit
1802 2308 2054 2364 Satanas.
2085 2311 2166 2363 An

586 2397 746 2464 vivis,
771 2397 976 2450 miser?
1012 2406 1065 2450 et
1094 2396 1370 2465 quomodo
1402 2397 1548 2449 vivat
1590 2398 1634 2450 is
1678 2398 1770 2466 qui
1795 2399 1861 2450 ab
1895 2397 2167 2452 homicida

583 2489 919 2544 devoratur?
967 2491 1049 2546 An
1105 2488 1290 2541 lumen
1345 2488 1495 2543 vides
1516 2490 1538 2541 ’ἶ
1581 2499 1634 2542 et
1679 2491 1956 2558 quoinodo
1988 2491 2169 2546 videat

583 2582 678 2650 qui
701 2580 913 2650 peccati
945 2580 1186 2638 tenebris
1209 2579 1563 2634 estobsitus?
1590 2581 1670 2634 An
1703 2581 1870 2635 Deum
1908 2583 2077 2636 oras?
2115 2591 2170 2636 et

584 2673 866 2743 quomodo
915 2673 982 2727 ad
1039 2673 1330 2728 Dominum
1383 2674 1629 2740 accedat,
1679 2676 1772 2744 qui
1803 2690 1924 2730 sese
1953 2676 2170 2732 diabolo

589 2767 968 2836 mancipavit?
1007 2766 1113 2822 Ubi
1190 2776 1275 2820 est
1337 2767 1659 2834 praeclarum
1708 2776 1860 2820 tuum
1919 2767 2172 2822 initium?

589 2860 810 2913 fervor?
860 2858 1257 2929 compunctio?
1321 2859 1674 2913 obedientia?
1755 2859 2048 2930 lacrymm?
2105 2862 2171 2915 ad

592 2952 759 3005 Demn
794 2953 988 3006 volans
1045 2952 1260 3006 oratio?
1292 2952 1532 3008 cmlestis
1573 2955 1956 3008 conversatio?
2006 2956 2173 3009 Abie-

591 3055 724 3098 runt
749 3047 956 3107 omnia.
996 3047 1300 3114 perierunt.
1330 3044 1374 3099 Ο
1410 3046 1640 3100 acerbos
1671 3049 1906 3115 gemitus
1937 3063 2089 3102 meos
2119 3049 2172 3101 in

589 3146 680 3189 tua
715 3137 1023 3190 dementia!
1065 3136 1279 3191 Utinam
1311 3136 1746 3205 rationisexpers
1771 3139 1972 3191 animal
1998 3154 2170 3204 esses,
2200 3158 2243 3216 α

588 3230 735 3298 quod
767 3245 876 3282 non
906 3238 989 3283 est
1031 3229 1333 3283 obnoxium
1379 3229 1607 3298 judicio.
1639 3229 1742 3284 Sed
1775 3232 1919 3301 quod
1952 3233 2030 3286 sis
2062 3234 2177 3285 ani-

590 3322 702 3376 mal
736 3338 766 3376 a
800 3320 907 3376 Deo
942 3321 1262 3383 formatum,
1297 3323 1444 3390 quod
1499 3333 1767 3389 resurget,
1818 3332 1872 3376 et
1899 3324 2177 3393 judicabi-

593 3425 710 3480 tur;
743 3419 846 3471 hoc
875 3429 1002 3467 vero
1028 3414 1429 3471 miserandum.
1474 3416 1742 3485 Agedum,
1801 3416 1874 3470 fili
1931 3418 2028 3484 mi,
2081 3420 2175 3487 qui

594 3509 804 3574 periisti
844 3523 857 3559 :
895 3523 1015 3577 age,
1047 3507 1112 3561 ad
1146 3505 1440 3561 Dominum
1474 3519 1796 3564 convertere
1838 3527 1851 3562 :
1891 3512 2020 3580 quia
2049 3527 2174 3566 cum

596 3601 862 3671 benignus
918 3602 1012 3664 sit,
1070 3601 1269 3655 iterum
1311 3601 1528 3670 recipit,
1595 3605 1792 3656 iterum
1846 3605 2170 3671 sanctificat,

594 3691 792 3744 iterum
823 3690 1051 3760 nuptiali
1088 3703 1241 3744 veste
1271 3690 1467 3754 induit,
1523 3689 1716 3743 iterum
1758 3691 1991 3744 vitulum
2024 3693 2172 3759 sagi-

596 3792 783 3836 natum
819 3791 1044 3844 mactat,
1076 3781 1390 3851 etgandens
1415 3780 1738 3835 convocabit
1763 3797 2026 3850 supernas
2050 3780 2175 3835 Vir-

595 3885 757 3938 tntes,
787 3875 914 3944 quia
953 3875 1208 3927 inventus
1237 3887 1319 3927 es.
1346 3871 1422 3927 Ne
1454 3873 1621 3943 igitur
1649 3873 1840 3927 audire
1880 3871 2170 3938 detrectes,

595 3969 788 4031 lilimi,
824 3968 895 4021 fili
929 3968 1004 4021 mi
1047 3986 1061 4021 :
1106 3968 1197 4023 sed
1238 3983 1427 4021 revoca
1465 3974 1535 4032 te,
1583 3966 1680 4021 sed
1750 3976 2042 4033 revertere,
2076 3968 2174 4021 ad-

599 4065 903 4117 Inerescens
921 4063 1142 4132 egregio
1175 4059 1328 4114 fratri
1363 4069 1455 4113 tuo
1472 4059 1753 4131 Dionysio,
1781 4059 2100 4131 priusquam
2124 4068 2178 4117 te

596 4155 789 4208 mortis
823 4165 1043 4207 :eterna:
1076 4151 1392 4222 rhomplima
1425 4151 1666 4206 invadat.

949 4433 1086 4489 CVI.
1118 4466 1186 4476 ——
1213 4436 1490 4491 Eustralio
1519 4443 1821 4506 prazposilo.

2269 1931 2610 2002 καθάρσεως,
2664 1931 2764 2001 τῆς
2822 1931 3120 2000 ἀγγελικῆς
3175 1932 3605 2002 ὲπικουρήσεως.
3679 1931 3755 1983 Τί
3780 1929 3871 1985 οὖν

2269 2023 2432 2077 πάλιν
2475 2023 2538 2075 τὸ
2590 2023 2846 2091 γεγονός;
2911 2024 2964 2076 τί
3020 2022 3080 2075 τὸ
3132 2023 3406 2093 ὲκστῆσὰν
3446 2039 3506 2074 σε
3559 2022 3734 2086 Θεοῦ,
3779 2025 3869 2076 καὶ

2271 2116 2599 2186 παραδῶσαν
2623 2115 2702 2186 τῷ
2728 2115 2997 2184 διαϐόλῳ;
3037 2115 3142 2168 Φεῦ
3174 2116 3269 2185 τῆς
3303 2117 3442 2186 ἐμῆς
3494 2115 3864 2186 ἀθλιότητοςῑ

2282 2207 2650 2278 Ἐπὲστρεψας
2671 2209 2831 2261 πάλιν
2864 2209 2942 2269 εἰς
2974 2209 3066 2259 τὸν
3096 2207 3361 2278 βόρϐορον
3411 2207 3512 2276 τῆς
3547 2207 3865 2276 ἁμαρτίας,

2271 2297 2510 2366 φθείρων
2539 2301 2636 2350 καὶ
2679 2297 3060 2367 φθειρόμενος,
3090 2297 3196 2348 ὑπὸ
3224 2295 3510 2364 γυναικὸς,
3555 2297 3774 2366 μᾶλλον
3815 2299 3866 2351 δὲ

2269 2388 2564 2455 γυναικῶν.
2596 2387 2789 2458 Κύριε,
2811 2387 3031 2457 ἐλέησον
3056 2405 3068 2418 ·
3102 2389 3310 2456 φεῖσαι,
3336 2388 3532 2450 ὀΘεός.
3553 2390 3774 2459 Ἀφῆκέ
3811 2408 3865 2442 σε

2269 2480 2298 2530 6
2326 2478 2500 2546 φύλαξ
2525 2495 2618 2530 σου
2658 2478 2909 2545 ἄγγελος,
2942 2476 3310 2546 προσελάϐετο
3364 2477 3393 2528 6
3441 2477 3722 2541 Σατανᾶς.
3761 2483 3866 2549 Ζῇς

2272 2569 2399 2643 ἆρα,
2434 2572 2583 2625 ἄθλιε
2616 2589 2629 2632 ;
2663 2572 2759 2624 καὶ
2792 2571 2909 2635 πῶς
2934 2571 3049 2623 ἔστι
3081 2571 3180 2640 ζῇν
3213 2571 3303 2623 τὸν
3336 2571 3441 2624 ὑπὸ
3467 2571 3866 2644 ἀνθρωποκτὸ-

2271 2681 2362 2717 νου
2384 2663 2802 2734 κατεσθιόμενος)
2825 2681 2839 2728 ;
2880 2665 3044 2735 Ὁρᾷς
3070 2659 3178 2732 ἆρα
3200 2663 3261 2715 τὸ
3286 2664 3398 2733 φῶς
3424 2681 3437 2729 ;
3464 2665 3560 2718 καὶ
3593 2667 3718 2730 πῶς
3750 2668 3865 2720 ἐστι

2275 2756 2493 2827 βλέπειν
2527 2756 2618 2809 τὸν
2645 2756 3065 2824 ὲσκοστισμένον
3113 2757 3179 2825 τῇ
3215 2754 3502 2826 ἁμαρτίᾳ;
3576 2759 3866 2830 προσεύχῃ

2275 2845 2385 2919 ἆρα
2414 2849 2490 2919 τῷ
2529 2847 2647 2918 Θεῷ
2674 2867 2688 2914 ;
2711 2849 2808 2900 καὶ
2835 2847 2952 2910 πῶς
2987 2846 3104 2899 ἐστι
3162 2849 3444 2918 προσιέναι
3503 2851 3729 2920 Κυρίῳ,
3779 2854 3866 2906 τὶν

2277 2939 2470 2992 ἑαυτὸν
2509 2937 2854 2990 δουλώσαντα
2879 2936 2959 3006 τῷ
2983 2935 3250 3004 διαϐόλῳς
3286 2938 3396 2989 Ποῦ
3433 2939 3586 2990 ἐστιν
3631 2941 3664 3008 ἡ

2279 3048 2371 3082 σου
2403 3031 2545 3101 ἀρχή
2573 3047 2586 3093 ;
2625 3031 2656 3099 ἡ
2694 3029 2874 3099 Θέρμη
2905 3046 2920 3094 ;
2950 3031 2982 3100 ἡ
3015 3026 3311 3093 κατάνυξις
3340 3031 3411 3100 ;ή
3453 3030 3715 3100 ὑποταγὴ
3743 3049 3759 3097 ς
3808 3037 3865 3085 τὸ

2277 3123 2514 3192 δάκρυον
2546 3139 2560 3187 ;
2588 3123 2621 3191 ἡ
2655 3121 3028 3193 Θεοπτέρωτος
3059 3124 3375 3194 προσευχὴ-ς
3411 3124 3443 3195 ἡ
3477 3124 3739 3194 οὐράνιος
3768 3144 3864 3179 πο·

2279 3216 2454 3267 λιτεία
2479 3233 2492 3278 ;
2519 3214 2725 3286 ᾤχοντο
2754 3216 2953 3280 πάντα,
2984 3215 3353 3270 ἀπολώλασιν.
3410 3219 3474 3270 Ὢ
3535 3222 3864 3290 στεναγμῶν

2283 3327 2372 3378 μοι
2403 3308 2618 3378 πικρῶν
2660 3309 2754 3360 ἐπὶ
2783 3310 2851 3380 τῇ
2887 3311 2952 3379 σῇ
3027 3308 3258 3380 ἀλογίᾳί
3312 3309 3424 3364 εἴθε
3475 3311 3620 3375 ζῶον
3672 3313 3864 3379 ἄλογον

2278 3398 2344 3470 ῆς
2377 3417 2389 3429 ⁸
2448 3402 2585 3471 ὅπερ
2631 3401 2709 3464 είς
2757 3401 2940 3472 κρίσιν
2971 3401 3071 3455 οὐκ
3113 3402 3351 3472 ἔρχεται.
3421 3403 3561 3456 Ἀλλ’
3618 3406 3703 3456 ὅτι
3755 3405 3865 3457 θεό-

2279 3497 2536 3560 πλαστον,
2567 3494 2928 3564 ἀνιστάμενον
2969 3495 3066 3546 καὶ
3105 3494 3385 3564 κρίνεσθαι
3434 3494 3654 3564 μέλλον,
3706 3497 3864 3550 τοῦτο

2280 3589 2531 3642 ἐλεεινόν.
2573 3587 2746 3658 Δεῦρο
2773 3588 2858 3656 δὴ,
2892 3588 2922 3639 ὁ
2977 3585 3271 3650 ἀπολωλώς
3335 3603 3436 3656 μου
3503 3587 3645 3650 υἱός.
3671 3588 3862 3660 Δεῦρο,

2281 3680 2613 3750 ἐπίστρεψον
2639 3680 2777 3752 πρὸς
2813 3678 3039 3749 Κύριον,
3073 3679 3156 3730 ὃτι
3180 3677 3564 3749 φιλάνθρωπος
3594 3679 3673 3733 ῶν
3705 3682 3864 3735 πάλιν

2279 3777 2518 3844 δέχεται,
2552 3771 2718 3826 πάλιν
2772 3771 2990 3839 ἁγιάζει
3023 3770 3180 3842 [Reg.
3208 3771 3330 3824 cod.
3383 3770 3652 3844 ὑγιάζει],
3704 3775 3864 3828 πάλιν

2282 3867 2661 3938 νυμφοστολεῖ,
2692 3865 2856 3918 πάλιν
2888 3865 3005 3917 θύει
3031 3864 3122 3916 τὸν
3149 3864 3345 3934 μόσχον
3363 3865 3453 3916 τὸν
3483 3868 3756 3932 σιτευτὸν,
3775 3869 3863 3922 καὶ

2282 3963 2488 4035 χαίρων
2526 3958 2852 4028 συγκαλέσει
2873 3959 2974 4021 τὰς
3007 3959 3118 4012 ἄνω
3147 3959 3409 4029 δυνάμεις
3451 3960 3547 4012 ἐπὶ
3581 3964 3648 4030 τῇ
3681 3965 3748 4031 σῇ
3776 3963 3859 4015 εὐ.

2287 4056 2454 4129 ρὲσει.
2487 4055 2580 4124 Μὴ
2620 4053 2685 4124 δὴ
2716 4049 2810 4106 οὖν
2836 4051 3164 4124 ἀπειθήσῃς,
3188 4052 3268 4104 υίέ
3301 4051 3424 4121 μου’,
3462 4052 3545 4106 υἰέ
3577 4071 3713 4119 μου·
3748 4055 3858 4108 ἀλλ’

2285 4147 2644 4217 ἁνακλήθητι,
2673 4145 2789 4198 ἀλλ’
2817 4144 3159 4214 ὑπόστρεψον
3178 4185 3193 4208 ,
3227 4144 3626 4214 συγκολληθεὶς
3659 4147 3735 4216 τῷ
3763 4164 3855 4200 κα-

2285 4239 2362 4310 λῷ
2385 4255 2477 4291 σου
2506 4235 2720 4306 ἀδελφῷ
2760 4235 3041 4303 Διονυσίῳ,
3067 4237 3197 4306 πρίν
3241 4247 3301 4288 σε
3346 4235 3631 4309 καταλάϐῃ
3655 4240 3688 4308 ἡ
3731 4240 3856 4309 ῥομ-

2288 4333 2421 4402 φαία
2469 4329 2564 4382 τοῦ
2615 4327 2834 4382 αἰωνίου
2879 4326 3131 4380 θανάτου.

2397 4442 2518 4507 pc."
2543 4439 2640 4507 (δ),
2674 4467 2743 4477 -
2767 4437 3113 4504 Εὑστρατίῳ
3140 4437 3475 4508 ἡγουμένφο
3511 4439 3665 4516 ίκλ’σ]

1321 4531 1549 4593 Lapsum,
1582 4540 1634 4581 et
1655 4535 1819 4584 scelus
1844 4537 2200 4589 defendentem
2239 4537 2479 4599 objurgat.
2508 4533 2708 4597 (Baron.
2732 4545 2810 4580 an.
2832 4530 2943 4589 822,
2967 4543 3013 4578 n.
3044 4531 3145 4594 47.)

667 4613 904 4672 Gavisus
964 4630 1088 4669 sum
1142 4625 1368 4684 accepta
1421 4619 1721 4673 venerabili
1777 4621 2007 4690 epistola
2060 4633 2174 4689 tua,
2211 4629 2253 4682 ι)

593 4707 820 4766 Patrum
838 4708 1184 4772 charissime,
1206 4708 1298 4762 ubi
1319 4707 1386 4763 de
1411 4712 1716 4765 sanctitatis
1744 4721 1849 4766 tuae
1875 4715 2040 4772 rebus
2064 4718 2180 4774 haec

592 4814 648 4857 et
683 4804 771 4862 illa
802 4802 1053 4872 cognovi.
1089 4801 1380 4867 Caeterum,
1416 4804 1561 4873 quod
1594 4820 1656 4858 ex
1693 4808 1902 4862 nuntiis
1939 4818 2176 4874 tantum,

595 4895 689 4950 Sed
718 4905 896 4951 tamen
923 4895 1032 4951 fide
1055 4894 1236 4964 dignis
1264 4897 1475 4965 accepi,
1508 4899 1793 4967 aegerrime
1827 4901 1925 4954 tuli
1949 4903 2177 4958 audiens

597 4987 776 5041 fictam
804 4985 1293 5055 subscriptionem.
1326 4986 1403 5040 Ac
1440 4990 1654 5042 sustine
1695 5005 1801 5056 me,
1832 4993 2177 5048 reverendis-

596 5077 769 5138 sime,
822 5074 1055 5128 liberius
1108 5072 1500 5128 disserentem.
1548 5074 1667 5130 Non
1709 5078 1830 5131 sine
1877 5096 2046 5133 causa
2084 5080 2184 5136 fuit

595 5167 741 5236 quod
768 5181 895 5220 cum
926 5181 954 5219 a
989 5165 1141 5235 regio
1186 5167 1439 5221 ministro
1470 5169 1757 5233 tenereris,
1792 5170 2063 5225 indemnis
2089 5171 2178 5226 ἀίω

597 5259 802 5311 missus
856 5256 1030 5311 fuisti.
1058 5255 1172 5312 Hoc
1201 5241 1349 5310 enim
1392 5266 1476 5311 est
1509 5259 1654 5327 quod
1691 5277 1938 5315 rumores
1967 5263 2060 5331 qui
2094 5263 2178 5331 ja-

596 5360 819 5406 ctantur
842 5350 1080 5403 induxit.
1108 5347 1330 5403 Nullum
1356 5349 1538 5419 itaque
1573 5366 1764 5405 eorum
1799 5353 1889 5421 qui
1928 5353 2180 5407 libertate

601 5442 684 5496 usi
714 5450 862 5504 sunt,
883 5440 1002 5494 sine
1023 5453 1266 5505 carcere,
1293 5451 1387 5493 aut
1422 5440 1611 5495 saltem
1642 5442 1760 5497 sine
1787 5444 1983 5498 exsilio
2021 5460 2178 5497 man-

598 5537 759 5598 sisse,
823 5535 875 5586 in
916 5531 1171 5586 confesso
1207 5543 1310 5586 est.
1348 5533 1449 5597 Qui
1483 5549 1610 5588 vero
1646 5535 1840 5589 harum
1874 5552 2054 5589 rerum
2087 5553 2178 5590 ex-

601 5639 779 5697 pertes
822 5627 1066 5684 fuerunt.
1115 5625 1147 5676 ii
1187 5625 1398 5679 seducti
1432 5637 1582 5692 sunt,
1621 5638 1679 5682 ut
1721 5646 1784 5684 ne
1845 5628 1972 5699 quid
2020 5645 2178 5699 aspe-

600 5723 714 5774 rius
736 5720 922 5771 dicens
953 5727 1003 5771 te
1030 5716 1298 5770 oll'endatn

669 5883 746 5952 (5)
791 5883 848 5938 ιιι
889 5879 1009 5938 cod.
1048 5876 1176 5948 Reg.
1224 5877 1324 5948 pO'.

2363 4618 2600 4688 Ἐχάρην
2630 4615 2924 4684 δεξάμενός
2950 4631 3045 4668 σου
3074 4615 3136 4668 τὸ
3172 4614 3353 4684 τίμιον
3374 4616 3637 4687 γράμμα,
3691 4619 3853 4673 Πατέ-

2284 4732 2392 4782 ρων
2432 4709 2680 4778 φίλτατε,
2706 4708 2800 4760 καὶ
2825 4707 3098 4778 διδαχθεὶς
3138 4707 3208 4759 τὰ
3257 4707 3402 4762 κατὰ
3457 4709 3557 4781 τὴν
3607 4712 3851 4782 ὁσιότητά

2283 4822 2373 4858 σου
2403 4801 2576 4864 οὕτως
2595 4801 2850 4871 ἔχεινκαὶ
2883 4799 3077 4865 οὕτως,
3123 4800 3268 4866 ἐπεὶ,
3300 4803 3426 4855 ὅσον
3451 4804 3517 4856 ὲκ
3547 4804 3658 4857 τῶν
3684 4806 3849 4875 ἀπαγ-

2280 4895 2595 4963 γειλάντων,
2631 4893 2808 4947 καίτοι
2837 4891 3187 4958 ἀξιοπίστων,
3243 4893 3514 4966 λυπηρῶς
3556 4896 3850 4967 διεκείμην,

2281 4986 2522 5049 ἀκούσας
2547 4986 2646 5056 τὴν
2673 4985 3032 5056 ὑποκριτικὴν
3066 4985 3413 5058 ὑπογραφὴν.
3445 4989 3561 5041 Καί
3591 5007 3660 5060 με
3691 4991 3846 5056 δέξαι,

2280 5079 2599 5151 τιμιώτατε,
2633 5078 3252 5150 παρρησιαστικώτερον
3284 5079 3696 5149 διαλεγόμενον.
3750 5088 3850 5136 Ui:

2283 5171 2389 5234 ἔξω
2412 5169 2589 5231 αἰτίας
2616 5169 2678 5222 τὸ
2714 5168 3122 5238 κατασχεθέντα
3151 5187 3208 5221 σε
3239 5168 3342 5222 ὑπὸ
3368 5170 3659 5239 βασιλικοῦ
3686 5175 3850 5239 μεῖναι

2284 5263 2492 5332 ἀπαθῆ,
2532 5263 2700 5334 ἤγουν
2737 5261 2956 5327 ἄφετον.
3010 5262 3181 5314 Τοῦτο
3207 5262 3315 5331 γὰρ
3355 5261 3466 5315 τῶν
3501 5263 3850 5336 τεθρυλλημὲ-

2284 5371 2390 5406 νων
2416 5354 2723 5421 ἐπαγωγόν.
2761 5353 2948 5415 Οὐδεὶς
2981 5347 3075 5407 οὖν
3121 5351 3232 5404 τῶν
3288 5355 3852 5426 πεπαρρησιασμὲνων

2283 5445 2417 5516 ἄτερ
2461 5444 2731 5514 φυλακῆς,
2779 5443 3215 5515 ἢτοὺλάχιστον,
3259 5443 3499 5515 ὲξορίας,
3550 5449 3671 5519 ῆτοι
3689 5465 3851 5517 φυγα-

2281 5539 2430 5601 δείας
2468 5537 2814 5608 ὡμολόγηται
2843 5537 3137 5607 διαμεῖναι.
3167 5537 3229 5590 Ol
3255 5537 3312 5591 δὲ
3339 5539 3552 5592 τούτων
3585 5542 3758 5606 ἐκτὸς,
3785 5548 3853 5596 ἐν·

2283 5631 2374 5694 τὸς
2417 5631 2514 5700 τῆς
2555 5628 2882 5699 ἀπαγωγῆς,
2917 5628 3007 5686 ἵνα
3057 5631 3132 5702 μὴ
3190 5630 3530 5703 τραχύτερον
3579 5635 3748 5690 εἰπὼν
3780 5637 3854 5690 λυ-

2290 5739 2468 5792 πησω.
