3964 6320
95 328 271 392 1365

1331 321 1875 383 EPISTOLARUM
1935 320 2082 387 LIB.
2121 281 2233 382 II.‘

3290 321 3428 388 1366

190 444 280 496 ’Ἡ
340 442 405 496 ού
461 441 760 511 διεϐλέψω,
811 438 1275 512 διορατικώτατε,
1333 439 1426 492 τὸν
1479 437 1753 509 χαλεπὸνε

1891 435 2091 492 Annon
2122 437 2333 502 vidisti,
2364 437 2450 491 vir
2479 437 2898 505 oculatissime,,
2929 453 3152 510 gravem
3187 438 3423 512 Leonis,

88 535 379 606 διωγμὸν
427 534 657 598 Λέοντος
708 533 800 586 τοῦ
848 532 1231 605 θηριωνύμου;
1263 526 1324 585 οῦ
1368 534 1402 603 ἡ
1459 530 1720 601 Ἀχααϐιο

89 628 257 698 τικὴ
289 629 416 698 χεὶρ
443 621 555 679 εἷλε
582 627 676 681 καὶ
705 627 835 690 τοὺς
858 624 917 690 ἐξ
946 626 1108 680 ἄλλου
1144 627 1403 697 κράτους,
1430 624 1639 679 ἔκτεινέ
1662 641 1722 678 τε

95 720 224 771 καὶ
264 718 445 771 ῶλεσε
465 734 478 750 ·
505 718 566 772 τό
591 735 655 787 γε
692 716 1201 788 φιλανθρωπότερον
1230 717 1542 788 ὲφρούρησε
1586 716 1724 786 μετὰ

99 811 350 864 πικρὰν
401 810 775 881 μαστίγωσινο
808 811 880 881 μὴ
915 812 996 863 ὅτι
1032 828 1096 879 γε
1127 812 1252 875 τοὺς
1290 812 1396 864 ὑπὸ
1437 812 1616 882 χεῖρα.
1659 810 1724 863 El

99 904 166 956 δ’
214 902 393 966 αὐτὸς
429 903 651 962 οὑτίπου
685 903 794 956 τῶν
842 902 1103 956 τοιούτων
1133 903 1420 967 πεπονθὼς
1460 904 1600 974 μετά
1624 905 1726 976 τὴν

106 992 446 1062 σύλληψιν,
479 992 786 1061 σύγγνωθι,
838 992 1110 1063 ὲσυλήθης
1134 1036 1148 1060 ,
1186 993 1330 1061 ἆγιε.
1385 995 1493 1048 Καὶ
1528 995 1604 1065 μή
1637 1011 1727 1065 μοι

104 1085 516 1155 φυλάττεσθαι
573 1085 673 1148 τὰς
741 1084 947 1149 οίκείας
1022 1084 1359 1156 Ἐκκλησίας
1411 1086 1577 1155 λέγε,
1634 1088 1729 1140 καὶ

109 1178 286 1242 σῶας
335 1179 437 1239 τὰς
496 1178 736 1250 ἱστορίας
792 1180 1006 1250 μένειν,
1055 1181 1158 1250 τήν
1200 1197 1261 1232 τε
1314 1182 1594 1252 ἀναφορὰν
1637 1179 1727 1233 τοῦ

112 1272 455 1338 ἁγιωτάτου
493 1272 649 1342 ήμῶν
689 1273 1053 1345 πατριάρχου.
1092 1272 1263 1327 Τοῦτο
1306 1275 1414 1344 γὰρ
1453 1275 1544 1328 καὶ
1577 1271 1728 1326 ἄλλοι

113 1364 487 1435 ἀπαχθέντες
531 1365 926 1433 φιλολογοῦσιν.
961 1367 1036 1419 Οὐ
1077 1365 1302 1418 δύναται
1343 1364 1517 1420 ταῦτα
1546 1363 1700 1418 διασε

119 1454 389 1519 σῶσθαι,
457 1455 505 1508 εί
575 1455 735 1524 μήτοι
783 1456 1047 1527 προδοσίᾳ
1096 1456 1361 1527 ἀληθινῆς
1426 1455 1732 1520 ένστάσεως

117 1546 384 1614 ἐγένετο.
427 1547 494 1599 Τί
542 1546 600 1599 τὸ
633 1547 860 1616 ὄφελος,
903 1550 953 1601 εἰ
994 1550 1160 1619 ἡμεῖς
1187 1549 1237 1602 oi
1265 1548 1392 1612 ναὸς
1421 1547 1596 1615 Θεοῦ,
1638 1548 1733 1603 καὶ

119 1639 297 1702 ὄντες
350 1637 448 1690 καὶ
495 1637 815 1709 λεγόμενοι,
862 1639 1280 1711 ηχρειὼθημεν,
1339 1640 1437 1696 καὶ
1491 1639 1734 1711 ἀψύχους

121 1733 330 1793 οἴκους
361 1730 901 1802 περιεποιησάμεθα;
929 1734 962 1802 ὴ
993 1730 1158 1785 εἰκὼν
1184 1731 1282 1785 τοῦ
1310 1731 1576 1802 Χριστοῦ,
1604 1730 1730 1785 οὔτε

121 1823 241 1891 τῆς
296 1823 601 1889 Θεοτόκου,
661 1822 786 1876 οὕτε
828 1824 974 1886 τινὸς
1017 1823 1174 1894 ἁγίου
1205 1825 1508 1880 διαπίπτει.
1559 1825 1730 1881 Μένει

129 1915 254 1985 γὰρ
288 1916 350 1968 ὲν
386 1915 569 1979 αὐτοῖς
606 1916 681 1979 ῶς
731 1914 1113 1985 πρωτοτύποις
1134 1930 1150 1946 ⁸
1195 1917 1454 1971 πίπτουσι
1485 1918 1542 1972 δὲ
1571 1920 1620 1972 οἱ
1647 1919 1732 1972 δο-

126 2008 373 2070 κοῦντες
414 2009 699 2078 καθαιρεῖν
750 2008 956 2071 αὑτάς·
1003 2008 1142 2063 ἀλλὰ
1183 2011 1292 2081 γὰρ
1331 2011 1426 2064 καὶ
1471 2012 1522 2064 οἱ
1561 2011 1732 2080 φειδοῖ

124 2099 353 2153 τούτων
385 2101 678 2171 προέμενοι
707 2100 806 2171 τὴν
837 2102 1181 2173 παρρησίαν,
1215 2105 1310 2160 καὶ
1339 2103 1437 2175 τὴν
1465 2104 1530 2159 δι’
1562 2105 1732 2175 αὐτῆς

129 2193 413 2247 κάκωσιν.
452 2194 598 2247 Ούάῐ
643 2193 793 2246 ἄλλοι
824 2193 1293 2268 ἀποθνήσκοντες,
1337 2196 1512 2267 ἕτεροι
1558 2197 1731 2266 ὑπερ-

129 2284 460 2356 οριζόμενοι
481 2328 496 2350 ,
528 2285 680 2338 ἄλλοι
732 2286 1149 2357 μαστιςόμενοι,
1185 2289 1362 2358 ἕτεροι
1393 2289 1734 2360 φρουρούμεο

133 2394 261 2431 νοι·
298 2379 369 2430 τὰ
417 2377 518 2448 ὅρη
570 2377 764 2447 ἔχοντα
813 2381 907 2433 καὶ
933 2382 987 2432 αί
1028 2382 1276 2452 ὲρημίαι,
1307 2383 1504 2455 πέτραι
1547 2401 1604 2437 τε
1639 2384 1733 2437 καὶ

137 2470 394 2540 σπήλαια
441 2471 566 2534 τοὺς
622 2472 912 2542 μακαρίως
952 2473 1386 2544 δεδιωγμένουςο
1442 2477 1533 2531 καὶ
1570 2479 1732 2548 ἡμεῖς

134 2566 283 2618 οἴκοι
329 2565 621 2635 μένοντες,
675 2567 770 2620 καὶ
820 2569 1057 2638 οἰόμενοι
1111 2570 1366 2633 ἀϐλαϐῶς
1417 2571 1728 2641 διαμένειν;

136 2658 425 2729 οὐδαμῶς.
485 2659 799 2714 Ἀπολέσθω
837 2663 989 2715 πᾶσα
1016 2664 1049 2730 ὴ
1081 2662 1174 2715 τοῦ
1217 2663 1422 2733 κόσμου
1480 2663 1579 2735 ὕλη
1621 2663 1731 2717 τῶν

137 2751 451 2802 δοκούντων
477 2765 492 2780 ⁸
536 2752 568 2819 ή
621 2753 1031 2824 ὁμολογουμένη
1069 2754 1242 2825 βλάϐη
1281 2755 1459 2825 ψυχῆς
1505 2773 1734 2826 προκρι-

139 2840 328 2895 νέσθω
369 2841 439 2913 ἢν
466 2842 677 2913 ὑπέστη
726 2847 834 2909 πᾶς
870 2848 1272 2916 προφασιστής.
1323 2847 1510 2900 Ταῦτα
1562 2846 1733 2916 φιλῶν

142 2933 245 2988 καὶ
302 2934 740 3006 ὑπομιμνήσκων
790 2939 1018 3007 εἴρηκα,
1061 2939 1153 2990 καὶ
1197 2939 1272 3001 ὼς
1305 2939 1408 2991 ὑπὸ
1453 2941 1733 3009 ἐπιτιμίαν

146 3024 320 3093 ἐσμὲν
353 3025 496 3090 ἄξιοι
539 3025 716 3080 ἐλθεῖν
743 3044 756 3059 ·
803 3027 896 3078 καὶ
932 3028 1012 3079 ὅτι
1062 3028 1120 3079 έν
1162 3028 1340 3099 καιρῷ
1382 3028 1731 3097 όρθοδοξίας,

1824 530 2049 584 nomine
2075 528 2252 583 ferino
2275 529 2425 598 digni
2481 533 2921 600 persecutionem
2945 532 2969 585 ?
2992 533 3154 602 cujus
3183 533 3424 589 Achabi-

1833 622 1937 675 tica
1973 636 2171 677 manus
2199 623 2363 677 etiam
2396 636 2488 677 eos
2514 624 2606 694 qui
2637 625 2741 679 sub
2765 626 2871 679 alio
2899 626 3132 696 imperio
3151 637 3306 683 erant
3330 643 3426 698 ap-

1825 715 2137 783 prehendit,
2172 716 2394 781 occidit,
2426 717 2743 786 interemit,
2780 729 2914 787 aut,
2947 721 3092 790 quod
3131 721 3427 776 humanius

1830 807 1974 872 fuit,
2031 807 2087 861 in
2140 823 2414 863 carcerem
2456 809 2688 866 detrusit
2723 821 2844 881 post
2879 813 3055 867 diram
3106 813 3428 884 ﬂagellatio-

1827 914 1951 952 nem
1982 920 1995 952 :
2047 900 2245 955 nedum
2277 900 2346 955 iis
2380 917 2611 971 parcens
2644 905 2736 973 qui
2773 915 2931 959 erant
2970 907 3073 962 sub
3114 907 3235 974 ejus
3270 917 3424 976 pole-

1828 1001 1990 1049 state.
2041 993 2197 1060 Quod
2253 995 2298 1049 si
2358 1006 2416 1049 tu
2457 995 2599 1048 nihil
2637 997 2950 1066 huiusmodi
2985 1013 3182 1068 passus
3199 1013 3259 1052 es
3299 1008 3424 1068 post

1828 1087 2402 1156 comprehensionem,
2429 1088 2653 1159 ignosce
2675 1107 2688 1143 :
2715 1091 2983 1160 spoliatus
3005 1106 3085 1157 es,
3109 1092 3194 1146 vir
3212 1101 3422 1147 sancte.

1828 1176 2015 1248 Neque
2045 1178 2179 1232 mihi
2215 1178 2420 1236 dixeris
2459 1189 2707 1236 servatas
2742 1181 2914 1238 fuisse
2942 1182 3197 1253 proprias
3245 1181 3424 1237 eccle-

1827 1272 1959 1340 sias,
1994 1280 2050 1328 et
2078 1273 2322 1344 picturas
2354 1275 2597 1346 integras
2628 1290 2972 1345 permanere,
3004 1284 3059 1330 et
3080 1289 3425 1330 commemo-

1830 1366 2097 1420 rationem
2125 1367 2463 1423 sanctissimi
2488 1367 2818 1437 patriarcha:
2843 1368 3036 1423 nostri.
3061 1367 3177 1423 Hoc
3200 1370 3344 1422 enim
3371 1380 3425 1422 et

1832 1458 1923 1513 alii
1953 1459 2045 1529 qui
2077 1459 2288 1514 seducti
2322 1459 2545 1514 fuerunt
2576 1461 2795 1516 causari
2829 1461 3027 1515 solent.
3071 1458 3189 1516 Non
3227 1469 3424 1529 potuc-

1831 1559 1964 1606 runt
1989 1552 2104 1607 haec
2133 1553 2363 1618 servari,
2401 1552 2507 1608 nisi
2537 1568 2682 1608 vera:
2704 1552 3039 1608 defensionis
3071 1551 3308 1622 proditio
3336 1552 3425 1604 in-

1835 1643 2155 1699 tercederet.
2187 1642 2327 1709 Quid
2371 1649 2592 1714 prodest
2615 1645 2661 1700 si
2702 1660 2805 1699 nos
2841 1645 2934 1714 qui
2961 1643 3056 1699 Dei
3086 1644 3346 1714 templum
3369 1651 3422 1698 et

1835 1751 2022 1792 sumus
2057 1747 2111 1791 et
2131 1737 2370 1790 dicimur
2396 1779 2410 1801 ,
2443 1737 2670 1792 inutiles
2703 1737 2833 1792 facti
2861 1753 3057 1792 sumus
3083 1779 3098 1804 ,
3142 1737 3423 1791 inanimas

1835 1838 2014 1881 autem
2037 1827 2233 1883 domos
2266 1828 2503 1897 integras
2552 1827 2878 1883 servamus?
2937 1828 3120 1897 Imago
3171 1826 3420 1892 Christi,

1833 1935 1935 1975 nec
1969 1919 2219 1989 Deiparaa
2247 1959 2262 1983 ,
2320 1935 2421 1974 nec
2469 1919 2649 1975 sancti
2698 1920 2864 1975 ullius
2908 1920 3204 1975 intercidit.
3239 1919 3426 1975 Manet

1831 2012 1976 2066 enim
2002 2013 2055 2066 in
2082 2013 2164 2068 eis
2195 2021 2462 2083 tanquam
2493 2013 2840 2083 prototypis:
2875 2012 3139 2068 excidunt
3173 2027 3302 2066 vero
3327 2012 3423 2082 qui

1834 2106 1955 2161 illas
2003 2122 2035 2159 e
2081 2106 2265 2161 medio
2315 2105 2503 2160 tollere
2555 2106 2659 2162 sibi
2709 2107 2989 2174 videntur,
3033 2114 3148 2160 tum
3202 2113 3257 2158 et
3288 2103 3422 2174 qui,

1833 2207 1894 2253 ut
1925 2200 2010 2254 his
2042 2206 2270 2268 parcant
2300 2237 2314 2262 ,
2350 2198 2656 2254 libertatem
2691 2197 3010 2266 abiecerunt
3034 2237 3050 2263 ,
3092 2207 3167 2265 et,
3199 2214 3320 2268 quae
3354 2212 3425 2252 ex

1833 2306 1895 2344 ea
1934 2291 2205 2358 sequitur,
2247 2290 2620 2345 vexationem.
2649 2289 2774 2344 Vae!
2819 2290 2910 2344 alii
2956 2289 3288 2355 moriuntur,
3329 2290 3423 2346 alii

1831 2381 2106 2446 exsulant,
2152 2382 2245 2437 alii
2301 2381 2535 2452 ﬂagellis
2594 2382 2918 2449 ca‘duntur,
2968 2380 3061 2436 alii
3111 2381 3423 2437 carceribus

1835 2475 2165 2529 addicuntur
2198 2492 2212 2528 :
2252 2484 2468 2529 montes
2490 2484 2547 2528 et
2572 2473 2924 2537 solitudines,
2960 2488 3089 2528 saxa
3120 2481 3174 2527 et
3196 2473 3422 2543 spelun-

1832 2583 1910 2621 cae
1941 2567 2131 2621 beatos
2157 2566 2277 2622 illos
2300 2568 2390 2636 qui
2419 2566 2857 2636 persecutionem
2877 2565 3185 2635 patiuntur,
3215 2564 3420 2630 passim

1836 2660 2040 2714 habent
2068 2677 2080 2713 :
2117 2669 2170 2714 et
2194 2675 2296 2714 nos
2321 2659 2472 2714 domi
2509 2659 2802 2724 haerentes,
2833 2658 3040 2728 absque
3069 2656 3423 2714 incommodo

1836 2766 2057 2805 manere
2102 2766 2202 2805 nos
2237 2765 2400 2820 posse
2440 2750 2820 2806 arbitramur?
2856 2747 3209 2805 Nullomodo.
3232 2747 3426 2805 Pereat

1835 2844 2092 2898 universa
2128 2842 2318 2896 mundi
2351 2842 2708 2912 aspectabilis
2747 2843 2975 2897 materia
3005 2861 3019 2896 :
3060 2851 3424 2912 anteponatur

1835 2945 1981 2991 certa
2007 2936 2204 2990 anima:
2238 2936 2537 3004 pernicies,
2569 2951 2734 3005 quam
2776 2936 2945 2990 Subiit
2973 2935 3225 3006 quisquis
3253 2950 3426 2990 excu.

1837 3028 2105 3082 sationem
2136 3027 2450 3097 praetendit.
2495 3027 2619 3081 Haec
2648 3027 2852 3082 amoris
2885 3042 3017 3096 ergo
3040 3069 3054 3093 ,
3097 3035 3156 3081 ut
3180 3041 3427 3082 commo-

143 3117 304 3170 οὐδὲν
336 3118 696 3189 ἁψηλάφητον
727 3119 981 3190 ἀφεθείη.
1041 3121 1153 3175 Καὶ
1177 3119 1235 3176 εὖ
1265 3123 1398 3192 ἔχει,
1426 3122 1513 3176 διὰ
1543 3141 1735 3177 ταπει-

1840 3117 2347 3183 nefaciam,dixi,et
2375 3126 2436 3172 ut
2462 3117 2615 3188 digni
2637 3118 2810 3173 simus
2834 3118 2928 3187 qui
2955 3118 3020 3171 ad
3048 3117 3426 3188 pmnitentiam

146 3208 369 3275 νώσεως
402 3211 656 3281 βαδίσαι,
695 3215 788 3266 καὶ
821 3213 1074 3268 ἰάσασθαι
1128 3215 1190 3267 τὸ
1224 3214 1552 3284 ἠσθενηκὸς,
1576 3214 1609 3281 ἢ
1646 3213 1734 3268 διὰ

149 3305 515 3375 ἀναιτιασμοῦ
547 3304 898 3377 προστρίϐειν
927 3307 1140 3370 ἑαυτοῖς
1171 3307 1389 3375 μείζονα
1415 3306 1734 3376 αίτιάματα.

1842 3210 2127 3265 veniamus
2161 3225 2175 3262 :
2226 3217 2282 3263 et
2325 3208 2453 3279 quia
2478 3249 2493 3273 ,
2542 3225 2668 3264 cum
2703 3218 2922 3279 tempus
2953 3210 3077 3264 fidei
3109 3209 3430 3266 orthodoxa:

1846 3315 2214 3374 opportunum
2240 3303 2380 3368 erit,
2414 3303 2553 3357 nihil
2583 3303 2930 3372 relinquetur
2956 3320 3064 3359 non
3091 3318 3386 3360 excussum
3411 3320 3427 3358 :

154 3412 486 3472 praestatque
534 3416 629 3470 per
675 3401 1036 3456 humilitatem
1091 3402 1384 3468 incedere,
1441 3412 1495 3457 et
1545 3400 1730 3458 sanari
1767 3402 1912 3472 quod
1961 3401 2238 3455 infirmum
2282 3408 2409 3464 est,
2467 3414 2634 3470 quam
2684 3415 2780 3470 per
2833 3399 3217 3471 impunitatem
3254 3401 3434 3458 accire

155 3499 260 3554 sibi
293 3499 500 3566 majora
529 3498 746 3552 delicta.

335 3593 436 3645 PZ'
467 3592 568 3662 (4).
603 3621 676 3632 -
705 3591 832 3657 Τοῖς
860 3591 929 3643 ἐν
955 3589 1128 3645 ἄστει
1160 3591 1469 3661 ἀδελφοῖς.
1546 3589 1737 3664 [χλγ’.]

2064 3586 2223 3643 CVII.
2252 3617 2325 3630 —-
2346 3585 2632 3643 Fratribus
2657 3589 2710 3642 in
2736 3586 2864 3643 urbe
2889 3589 3218 3660 degentibus.

1034 3705 1268 3764 Quasdam
1296 3712 1466 3754 contra
1491 3705 1705 3755 officium
1741 3717 1794 3753 ac
1824 3707 2010 3765 prater
2034 3700 2102 3749 fas
2120 3707 2329 3763 agentes
2358 3699 2600 3763 increpat.

253 3809 525 3880 Εὔκαιρον
554 3809 851 3879 ἡγησάμην
882 3809 1048 3862 τανῦν
1078 3809 1341 3873 εἰσιόντος
1390 3809 1483 3862 τοῦ
1515 3808 1750 3877 ἀδελφοῦ

162 3903 388 3966 Λέοντος
419 3902 726 3956 ἐπιστεῖλαι
755 3901 953 3964 κοινῶς
980 3902 1170 3966 πᾶσιν,
1201 3901 1566 3972 εὐλογημένοι
1598 3900 1748 3954 ἀδελ-

1928 3802 2309 3871 Opportunum
2340 3801 2650 3856 existimavi
2680 3803 3064 3872 proliciscente
3098 3821 3244 3862 nunc
3269 3807 3436 3866 fratre

1847 3888 2053 3954 Leone,
2078 3905 2404 3945 communes
2432 3890 2692 3946 omnibus
2717 3891 2928 3946 litteras
2958 3897 3088 3949 dare
3109 3935 3124 3960 ,
3159 3894 3432 3952 benedicti

164 3997 256 4062 φο),
289 3995 382 4047 καὶ
440 3994 718 4063 Πατέρεςο
753 3994 1339 4064 προσυπομιμνήσκων
1391 3993 1461 4045 τὰ
1510 3993 1748 4063 ἐχόμενα

1846 3986 2048 4040 fratres
2077 3985 2414 4052 Patresque;
2448 3998 2716 4040 revocans
2745 3985 2798 4038 in
2827 3987 3145 4042 memoriam
3165 4003 3286 4058 quae
3312 4005 3435 4060 per-

166 4088 458 4158 σωτηρίας.
502 4087 720 4157 Ἐπειδὴ
751 4089 852 4140 κάν
885 4090 950 4159 τῇ
979 4086 1219 4158 ἀπουσίᾳ
1241 4085 1413 4157 ταύτῃ
1441 4087 1535 4139 καὶ
1561 4087 1747 4157 ἐξορίᾳ

1845 4079 2020 4133 tinent
2060 4077 2126 4133 ad
2157 4077 2561 4148 salutem,quia
2592 4094 2687 4149 per
2715 4078 3018 4134 absentiam
3053 4079 3212 4134 istam
3252 4092 3303 4137 et
3336 4097 3438 4137 ex-

166 4179 400 4249 ἔμφοϐός
428 4179 542 4248 είμι
568 4180 661 4232 καὶ
688 4178 952 4250 ἔντρομος
988 4178 1126 4248 μετὰ
1161 4177 1253 4234 τοῦ
1289 4179 1494 4232 οἰκείου
1524 4179 1742 4249 φορτίου

1846 4173 2030 4227 silium
2065 4172 2116 4225 in
2148 4181 2293 4225 metu
2326 4181 2381 4226 et
2409 4173 2606 4226 timore
2631 4186 2847 4236 versor,
2877 4171 2949 4226 ob
2979 4170 3125 4226 illam
3153 4189 3272 4243 qua:
3306 4175 3436 4230 mihi

165 4271 274 4323 τῶν
312 4271 745 4340 ἁμαρτημάτων,
778 4269 875 4322 καὶ
911 4270 1042 4340 περὶ
1069 4272 1168 4337 τῆς
1198 4270 1508 4341 ἀνηκούσης
1539 4288 1628 4342 μοι
1662 4273 1743 4335 είς

168 4364 308 4436 ὑμᾶς
340 4363 621 4432 φροντίδος
671 4362 768 4414 καὶ¹
803 4363 1160 4431 προστασίας.
1205 4361 1482 4431 Φοϐοῦμαι
1511 4363 1620 4434 γὰρ
1648 4363 1744 4415 καὶ

166 4455 313 4507 δέδια
335 4494 349 4516 ,
381 4455 576 4523 μήπως
607 4453 766 4522 ὑμεῖς
801 4455 848 4505 οἱ
885 4455 944 4505 ἐν
970 4453 1126 4506 ἄστει
1158 4452 1558 4524 διατρίϐοντες,
1594 4454 1745 4524 εὑρι-

168 4545 483 4615 πιστότερον
513 4547 593 4608 είς
631 4545 915 4615 ἐμπτωσίν
944 4562 1067 4598 τινα
1099 4545 1392 4615 ὲμπέσοιτε
1416 4584 1431 4609 ,
1467 4546 1564 4599 καλ¹
1601 4545 1744 4617 ἆπερ

168 4638 257 4691 διά
293 4638 503 4691 πολλῶν
531 4637 718 4692 κόπων
746 4655 807 4691 τε
841 4640 938 4691 καὶ
969 4638 1172 4703 ἄθλων,
1201 4637 1310 4692 τῶν
1339 4638 1446 4710 πρὸ
1474 4639 1741 4709 διωγμοῦ,

171 4733 262 4783 καὶ
304 4730 362 4782 ὲν
387 4729 465 4799 τῷ
499 4727 725 4799 διωγμῷ
760 4729 1202 4800 συνηθροίσαμεν
1236 4728 1743 4800 ἀγαθουργήματα,

171 4818 657 4888 ἁφυλακτήσαντες
706 4815 845 4888 πρὸς
901 4816 1112 4887 βραχὺ,
1149 4814 1318 4895 ἄρδην
1365 4816 1742 4885 ἀπολέσωμεν.

183 4912 386 4964 Ἀκούω
429 4909 730 4976 ἀστασίαν,
765 4909 1101 4980 μεταϐασίαν
1125 4923 1141 4940 ⁸
1173 4906 1333 4962 ἄλλον
1371 4907 1431 4972 ἐξ
1463 4909 1622 4963 ἄλλου
1649 4908 1747 4963 καὶ

172 5001 397 5072 ἀδελφοῦ
424 5003 520 5056 καὶ
548 5001 716 5054 τόπου
744 5001 1147 5071 μεταϐαίνοντα
1169 5016 1183 5031 ·
1215 5001 1309 5055 καὶ
1333 5000 1394 5054 τό
1426 5018 1490 5070 γε
1517 4999 1747 5054 ἐλεεινό-

171 5112 358 5166 τερον,
414 5095 577 5163 μόνον
631 5093 793 5148 ἄλλον
837 5093 1248 5164 καθεζόμενον,
1287 5093 1382 5146 καὶ
1419 5092 1638 5164 ἓτερον,
1683 5093 1748 5146 τδ

175 5187 379 5240 κελλίον
419 5189 500 5250 είς
535 5185 714 5240 οίκίαν
753 5185 882 5240 ἔνθα
903 5188 1187 5256 γυναῖκες,
1213 5183 1404 5256 ἔχοντα
1423 5201 1438 5216 ·
1463 5186 1557 5239 καὶ
1589 5186 1747 5241 ἄλλον

177 5275 335 5329 πάλιν
373 5276 454 5338 είς
496 5275 863 5346 μοναστήριον
889 5275 1205 5342 γυναικεῖον
1247 5272 1602 5342 διαιτώμενον
1634 5273 1749 5324 εἰσ-

178 5369 292 5422 αεί·
325 5369 510 5438 ἕτερον
576 5367 738 5420 πάλιν
781 5360 885 5419 ὧδέ
927 5383 985 5418 τε
1037 5366 1262 5418 κάκεῖσε
1312 5362 1747 5435 οίκοτριϐοῦντα,

179 5459 298 5512 ἔνθα
343 5460 532 5530 κόραι,
580 5457 710 5511 ἔνθα
763 5457 874 5527 πῦρ
903 5458 1006 5510 οὐκ
1039 5455 1344 5527 ὲμπυρίζον
1381 5456 1594 5527 χόρτον,
1630 5456 1748 5509 ἀλλ’

179 5545 317 5602 οἷκον
351 5548 534 5618 ψυχῆς
556 5563 570 5578 ⁶
607 5546 785 5609 ένίους
819 5546 980 5600 πάλιν
1017 5545 1446 5616 ἐπιλαθομένους
1474 5546 1576 5615 τῆς
1602 5545 1748 5600 ὲννό-

185 5658 277 5714 μου
315 5640 481 5711 ζωῆς,
516 5639 739 5703 δούλους
764 5638 1156 5712 ὡνησαμένους
1195 5640 1379 5704 αὐτοῖς
1417 5639 1584 5710 συζῇν
1607 5657 1618 5670 ·
1656 5640 1751 5696 καλ

249 5755 318 5824 (ί)
355 5755 408 5808 In
438 5753 562 5808 cod.
590 5754 722 5824 Reg.
757 5755 882 5824 ρια’.

1846 4271 2046 4333 praeter
2075 4261 2359 4333 proprium
2392 4269 2743 4331 peccatorum
2773 4277 2916 4316 onus
2952 4261 3241 4329 incumbit,
3269 4265 3435 4321 vestri

1845 4368 2036 4407 curam
2081 4361 2135 4406 et
2176 4351 2582 4421 praefecturam.
2627 4352 2811 4410 Metuo
2849 4354 2998 4409 enim
3036 4371 3102 4411 ac
3144 4371 3337 4412 vereor
3370 4373 3439 4414 ne

1845 4464 1946 4503 vos
2004 4449 2100 4518 qui
2158 4451 2213 4502 in
2271 4448 2406 4503 urbe
2464 4449 2777 4517 habitatis,
2828 4448 3052 4506 facilius
3106 4453 3162 4507 in
3222 4453 3436 4524 lapsum

1848 4542 2089 4611 aliquem
2115 4541 2418 4597 incurratis
2445 4583 2460 4606 ,
2489 4551 2544 4598 et
2567 4558 2689 4614 quae
2723 4543 2912 4599 multis
2941 4543 3229 4600 laboribus
3256 4555 3438 4601 certa-

1847 4635 2199 4703 minibusque
2220 4675 2235 4701 ,
2266 4644 2380 4688 tum
2421 4645 2548 4690 ante
2576 4635 3043 4705 persecutionem,
3079 4647 3196 4693 tum
3232 4639 3288 4694 in
3319 4653 3442 4709 pcr-

1848 4728 2134 4781 secutione
2155 4766 2170 4789 ,
2202 4727 2346 4780 bona
2375 4743 2540 4796 opera
2568 4728 2895 4799 collegimus
2915 4767 2931 4792 ,
2964 4729 3148 4785 brevis
3175 4732 3439 4800 temporis

1851 4816 2180 4886 negligentia
2231 4815 2483 4871 funditus
2513 4817 2899 4886 deperdamus.
2938 4817 3118 4872 Audio
3165 4819 3404 4875 instabili

1850 4918 2044 4971 tatem,
2069 4908 2235 4961 audio
2261 4909 2703 4979 emigrationem,
2732 4911 2902 4969 alium
2935 4911 3008 4966 ab
3036 4911 3144 4967 alio
3174 4923 3229 4968 et
3267 4911 3440 4968 fratre

1849 5009 1903 5054 et
1927 5000 2049 5054 loco
2086 5000 2413 5067 abeuntem;
2437 5010 2514 5066 et,
2536 5001 2683 5072 quod
2708 5003 3079 5060 miserabilius
3104 5011 3225 5072 est,
3267 5007 3437 5062 alium

1850 5092 2030 5146 solum
2064 5091 2419 5158 residentem,
2454 5094 2624 5147 alium
2662 5094 2914 5150 cellulam
2957 5095 3013 5150 in
3044 5096 3211 5152 domo
3241 5098 3296 5153 in
3329 5115 3438 5168 qua

1850 5191 1979 5239 sunt
2012 5183 2274 5238 mulieres
2300 5184 2629 5252 habentem;
2656 5187 2825 5241 alium
2859 5203 3053 5243 rursus
3081 5188 3134 5242 in
3168 5191 3436 5244 muliebrt

1850 5274 2185 5329 monasterio
2218 5284 2481 5344 perpetuo
2497 5275 2865 5332 diversantem
2895 5296 2908 5343 ;
2946 5279 3115 5334 alium
3146 5281 3328 5336 denuo
3364 5281 3438 5336 ibi

1851 5369 2192 5441 frequentem
2219 5372 2311 5425 ubi
2347 5373 2719 5442 suntpuellaa,
2761 5374 2848 5427 ubi
2886 5374 3028 5445 ignis
3068 5391 3180 5430 non
3212 5376 3430 5443 fenum,

1852 5462 1948 5517 sed
1991 5462 2214 5518 domum
2264 5464 2460 5517 animas
2502 5468 2871 5523 comburens:
2918 5468 3187 5538 quosdam
3241 5485 3440 5525 rursus

1855 5550 2099 5606 astricta:
2131 5549 2343 5620 legibus
2367 5553 2491 5607 vita:
2520 5556 2743 5622 oblitos,
2773 5571 2963 5612 servos
2991 5573 3199 5624 emere,
3231 5568 3285 5615 et
3310 5575 3436 5614 cum

1857 5642 1966 5699 illis
1989 5643 2216 5711 vivere;
2259 5642 2397 5700 alios
2431 5643 2560 5703 item
2597 5649 2828 5706 mercari
2864 5664 3047 5719 agros.
3084 5649 3131 5706 Ο
3161 5649 3433 5707 infelicem
