3964 6320
522 282 654 348 1367
1731 282 1792 341 8ο
1820 278 2117 341 THEODO

2244 277 2593 338 STUDITIE
3674 276 3835 338 1388

515 398 755 452 animam
790 396 1004 453 meanti
1038 398 1318 465 quomodo
1345 396 1403 449 in
1439 396 1526 450 his
1562 412 1669 449 non
1702 393 2095 465 ingemiscant?

2228 390 2329 444 ὀῦν
2363 391 2583 463 ἑτέρους
2623 390 2829 457 ἀγροπ
2854 386 3168 459 ἀγοράζειν.
3204 388 3269 439 Ὢ
3300 386 3404 459 τῆς
3444 386 3661 451 ἀθλίας
3715 405 3833 457 μου

514 487 792 561 quomodo
835 502 943 540 non
993 498 1229 541 metuam
1282 487 1327 541 si
1369 488 1580 555 justum
1633 485 1725 540 Dei
1765 496 2096 556 pra-ceptum

2228 482 2411 552 ιυχῆςῑ
2445 483 2562 545 πῶς
2583 482 2640 534 ὲν
2669 479 2877 542 τούτοις
2902 481 2963 532 οὐ
2992 477 3261 545 στενάξως
3298 479 3419 543 πῶς
3440 479 3498 533 δὲ
3528 480 3593 532 οὐ
3625 479 3835 549 (p061;-

516 593 625 633 non
661 576 1025 630 annuntiem?
1059 574 1295 645 thuid,
1358 577 1583 641 fratres,
1623 575 1689 629 de
1717 584 1861 630 statu
1902 574 2099 629 mentis

2228 577 2438 645 ’ἠσομαι
2472 573 2547 645 μὴ
2580 572 2931 641 ἀναγγέλλων
2973 570 3036 624 τὸ
3064 570 3342 641 δικαίωμα
3380 572 3478 624 τοῦ
3512 570 3676 625 Θεοῦ
3705 588 3726 635 ;
3763 573 3836 623 Τί

517 669 769 724 exiistis?
796 668 987 738 utquid
1019 667 1237 722 Domini
1289 669 1456 733 servi,
1491 667 1748 722 vitiorum
1800 668 1944 722 servi
1972 667 2100 723 facti

2228 666 2264 736 ῖὴ
2306 663 2593 735 ἐξέστητε,
2626 663 2845 731 ἀδελφοί
2862 680 2877 728 ;
2907 662 2960 716 τε
2989 662 3047 716 δὲ
3084 664 3132 715 οἱ
3165 661 3342 714 δοῦλοι
3370 663 3594 733 Κυρίου
3625 662 3833 716 δοῦλοι

517 762 692 816 estis?
736 778 857 815 cum
892 761 994 815 sub
1026 761 1143 829 lege
1179 760 1305 815 sitis
1327 801 1342 824 ,
1374 777 1473 816 cur
1501 771 1690 816 contra
1733 762 1902 831 legem
1940 775 2103 831 agere

2228 757 2388 810 παθῶν
2422 756 2720 825 γεγόνατε;
2763 754 2817 808 τι
2845 755 2896 807 οἱ
2946 755 3006 807 ὲν
3037 753 3188 824 νόμῳ
3228 754 3455 823 ἀνομεῖν
3482 753 3827 823 ἀνέχεσθε;

523 853 853 908 sustinetis?
885 868 983 906 cur
1008 851 1212 908 Christi
1244 852 1483 908 cultores
1504 891 1520 917 ,
1562 852 1655 907 lilii
1690 856 2099 916 exacerbantes,

2228 848 2255 902 ἰ
2304 849 2361 902 δὲ
2406 849 2457 902 οἱ
2515 848 2851 919 θεραπευταὶ
2902 845 3176 918 Χριστοῦ,
3232 846 3340 898 υἱοὶ
3402 846 3829 917 παραπικραί-

518 964 548 1000 a
585 962 750 1016 prava
787 946 1114 1001 seductione
1154 962 1261 1001 non
1297 945 1599 1001 receditis?
1634 962 1741 1001 non
1771 944 2020 999 residetis
2047 947 2101 998 in

2228 958 2411 1005 οντες,
2449 942 2511 994 οὐ
2556 940 2889 1011 μετέρχεσθε
2929 939 3028 1012 τῆς
3054 939 3300 1008 πονηρᾶς
3341 937 3719 1007 ἀπαγωγῆςς
3760 938 3826 990 οὔ

520 1037 655 1093 locis
716 1038 977 1092 seandalo
1026 1038 1383 1092 carentibus?
1435 1054 1542 1092 non
1598 1038 1710 1092 bini
1751 1047 1806 1091 et
1849 1036 1961 1091 bini
2009 1045 2104 1091 aut

519 1131 682 1185 etiam
709 1131 894 1200 plures
925 1132 1088 1187 simul
1112 1132 1251 1186 estis
1280 1146 1434 1185 more
1463 1131 1806 1201 apostolico?

593 1221 685 1276 Va:
720 1222 822 1276 soli
850 1241 863 1275 :
902 1237 980 1276 vae
1013 1222 1195 1276 sedem
1234 1238 1341 1276 non
1374 1222 1594 1276 habenti
1628 1240 1640 1275 :
1678 1238 1754 1277 vae
1779 1221 2103 1277 mulieribus

519 1312 708 1366 dedito
754 1326 769 1364 :
831 1328 912 1366 va:
961 1312 1106 1366 servi
1162 1328 1370 1367 servo:
1421 1328 1500 1368 va:
1550 1312 1744 1379 Giezi,
1779 1314 1873 1383 qui
1906 1314 2105 1384 emptis

520 1404 667 1473 agris
697 1414 751 1458 et
783 1404 1015 1469 vinetis,
1062 1405 1226 1475 lepra:
1259 1402 1500 1459 Naaman
1538 1406 1711 1460 haeres
1750 1405 1853 1459 fuit
1890 1407 1973 1460 ὀἱ
2020 1406 2105 1460 Αιι

522 1497 721 1551 divina:
750 1512 914 1551 voces
944 1513 1052 1552 non
1091 1506 1223 1553 sunt
1262 1498 1344 1552 hae
1369 1499 1391 1551 ?
1438 1498 1520 1550 An
1554 1511 1655 1563 ego
1682 1512 1712 1551 a
1737 1497 1946 1567 meipso
1975 1511 2106 1566 pro-

2204 1031 2503 1095 καθέζεσθε
2534 1035 2615 1095 εἰς
2642 1032 2840 1093 τόπους
2876 1028 3339 1091 ἀσκανδαλιστους
3364 1045 3380 1094 ;

2204 1125 2299 1179 κα)⁸
2332 1125 2503 1195 πρὸς,
2537 1123 2762 1176 σύνεστε
2792 1120 3205 1184 ἁποστο).ικῶς;

2274 1218 2412 1270 Οὐαὶ
2436 1216 2513 1285 τῷ
2539 1217 2684 1287 μόνῳ
2705 1217 2718 1269 ι
2744 1215 2869 1267 οὐαὶ
2890 1213 2968 1284 τῷ
2990 1212 3297 1282 ἀκαθίστῳῐ
3326 1212 3454 1265 οὐαὶ
3478 1211 3563 1282 τῷ
3580 1213 3828 1280 γυναι-ἀ-

2204 1306 2349 1371 ζοντι
2372 1304 2385 1357 !
2413 1305 2537 1357 οὐαὶ
2552 1303 2631 1375 τῷ
2651 1301 3011 1371 δουλοδούλῳῖ
3042 1302 3165 1355 οὐαὶ
3192 1300 3270 1372 τῷ
3288 1299 3478 1371 Γιεζῇ,
3501 1302 3565 1364 ὃς
3592 1301 3828 1371 ὡνησὰο

2208 1414 2367 1469 μενος
2384 1396 2611 1468 ἀγροὺς,
2633 1396 2728 1449 καὶ
2745 1394 3096 1467 ἀμπελῶνας,
3116 1392 3579 1464 κεκληρονόμηκε
3600 1394 3713 1464 τὴν
3733 1392 3826 1445 λέ-

2205 1506 2349 1560 πραν
2374 1488 2623 1558 Νεεμάνῑ
2661 1488 2736 1558 μὴ
2761 1488 2882 1558 οὐχὶ
2907 1487 3048 1540 Θεῖαι
3080 1488 3154 1556 μὴ
3191 1486 3369 1554 φωναὶ
3391 1478 3564 1549 αὗται
3588 1502 3605 1550 ς
3652 1486 3738 1554 μή
3766 1503 3822 1536 τι

522 1582 675 1638 fero?
709 1585 939 1650 Quando
980 1584 1223 1640 fervebat
1252 1585 1560 1655 persecutio
1581 1626 1595 1648 ,
1635 1586 1874 1641 habebat
1905 1601 2013 1655 qua
2046 1601 2106 1641 se

2228 1580 2316 1649 ,γὼ
2335 1579 2468 1651 παρ’
2484 1578 2722 1650 ἐμαυτοῦ
2741 1578 3000 1648 εἰσφέρω
3014 1580 3103 1631 ὅτε
3117 1577 3383 1647 ἔδραζενό
3395 1577 3681 1648 διωγμὸς,
3698 1574 3822 1649 εἷχὲ

521 1676 840 1729 defenderet
868 1677 1282 1742 necessitatem,
1308 1678 1403 1749 qni
1446 1678 1499 1731 in
1528 1692 1718 1732 eorum
1761 1693 1883 1746 qua:
1914 1692 2105 1733 recen-

2228 1690 2291 1735 :t;
2318 1671 2475 1740 λόγον
2516 1671 2575 1737 ἐξ
2604 1669 2850 1740 ἀνάγκης
2868 1709 2883 1735 ,
2912 1669 2969 1721 ἐν
2992 1687 3136 1722 τισιν
3159 1663 3235 1725 ὧν
3268 1670 3784 1741 ἀπηριθμησάμην
3804 1712 3820 1735 ,

522 1769 736 1823 suimus
782 1768 962 1838 aliqua
1018 1769 1204 1839 lapsus
1251 1781 1432 1836 esset;
1481 1780 1535 1825 et
1584 1771 1655 1825 ob
1707 1769 1868 1824 ﬁdem
1914 1779 2102 1824 exorta

2228 1762 2506 1832 ιμπίπτειν
2526 1777 2541 1793 ⁸
2576 1760 2672 1814 καὶ
2698 1763 2731 1833 ἡ
2761 1760 2853 1813 διὰ
2884 1760 2982 1831 τὴν
3022 1760 3205 1813 πίστιν
3235 1761 3475 1830 ἀνάγκη,
3506 1762 3696 1827 ἔσωζε
3724 1764 3822 1815 τὸν

3419 1030 3483 1081 οὑ
3507 1028 3613 1081 δύο
3639 1029 3756 1083 δύο
3790 1030 3826 1099 ἢ

523 1860 827 1913 necessitas
864 1874 1017 1913 reum
1054 1860 1394 1914 absolvebat.
1429 1859 1586 1917 Nunc
1627 1876 1756 1915 vero
1798 1861 1983 1917 nullus
2020 1871 2106 1916 est

525 1959 883 2017 persecutor,
920 1951 1103 2006 nullus
1137 1952 1233 2022 qui
1264 1952 1554 2021 prohibeat
1592 1954 1890 2023 quominus
1933 1952 2104 2007 hone-

522 2049 608 2096 ste
649 2042 947 2109 habitetis,
988 2052 1044 2099 et
1084 2060 1207 2099 cum
1253 2045 1375 2101 aliis
1409 2046 1491 2100 vel
1538 2047 1825 2102 minimum
1861 2047 2102 2102 duobus.

520 2126 658 2188 Nam
695 2135 838 2191 male
867 2136 1136 2204 viventes,
1169 2139 1548 2194 condemnatis
1578 2155 1645 2194 ex
1675 2140 1828 2195 vobis
1846 2140 1978 2210 ipsis
2009 2155 2105 2196 eos

521 2224 617 2296 qui
665 2227 969 2282 secundum
1020 2229 1190 2300 legem
1237 2230 1448 2285 vivunt.
1509 2231 1709 2286 Annon
1759 2232 1876 2286 haec
1928 2241 2106 2287 vestra

525 2314 858 2372 instabilitas
888 2318 1096 2374 indicio
1121 2330 1226 2385 est,
1254 2336 1352 2376 vos
1377 2322 1431 2376 in
1460 2338 1593 2392 pace
1628 2323 1854 2379 minime
1874 2339 2111 2378 conven-

525 2409 718 2465 turos?
749 2406 1095 2480 Resipiscite,
1135 2413 1384 2477 obsecro,
1414 2414 1612 2484 fratres
1647 2422 1747 2470 mei
1782 2417 1976 2481 sancti,
2009 2432 2111 2470 cae-

524 2499 673 2555 testis
700 2502 991 2557 vocationis
1020 2504 1307 2573 participes
1332 2505 1410 2561 “:
1451 2506 1557 2561 nisi
1578 2507 1932 2577 corrigamini
1951 2548 1965 2573 ,
1996 2522 2107 2562 non

524 2590 609 2647 sic
630 2592 959 2663 appellandi,
977 2593 1071 2649 sed
1098 2594 1412 2651 nominibus
1432 2597 1905 2668 contrariis,quod
1939 2597 2103 2651 absit.

527 2680 654 2739 Haec
680 2699 780 2756 ego
805 2694 1082 2741 contestor
1106 2702 1291 2743 coram
1320 2688 1431 2743 Deo
1459 2689 1758 2761 electisque
1785 2690 1993 2759 angelis
2020 2707 2033 2743 :
2061 2688 2110 2744 si

525 2773 651 2844 quis
681 2787 964 2830 correctus
985 2791 1095 2830 non
1127 2775 1316 2841 fuerit,
1348 2788 1402 2832 et
1422 2789 1545 2849 post
1572 2781 1935 2835 constitutum
1970 2791 2111 2835 tem-

527 2866 679 2937 poris
707 2868 950 2929 spatium
979 2869 1322 2938 perstiterit,
1375 2886 1405 2925 a
1445 2872 1760 2927 divinorum
1797 2890 2113 2929 sacramen-

528 2964 710 3012 torum
768 2958 1191 3029 participatione
1245 2959 1523 3015 arcebitnr
1574 2976 1675 3031 pro
1729 2978 1790 3016 ea
1850 2972 2113 3032 potestate

2215 1855 2625 1927 εὑρισκόμενον.
2656 1853 2766 1908 Νῦν
2792 1853 2851 1907 δὲ
2877 1854 3053 1917 οὐδεὶς
3087 1855 3115 1907 ὁ
3156 1851 3389 1917 διώκων,
3420 1853 3537 1907 οὐδ’
3572 1856 3603 1906 ό
3633 1856 3823 1909 xtuli:-

2216 1966 2326 2003 σων
2366 1948 2549 2012 καλῶς
2588 1949 2737 2019 ἡμᾶς
2776 1947 3133 2013 καθέζεσθαι,
3170 1948 3265 2000 καὶ
3305 1948 3405 1999 σὺν
3441 1947 3637 2011 ἄλλοις
3664 1950 3825 2004 δυοῖν

2218 2037 2355 2096 εἶναι
2398 2040 2775 2111 τούλάχιστον.
2824 2040 2914 2104 Ἐξ
2966 2038 3123 2108 ὑμῶν
3156 2039 3266 2109 γὰρ
3309 2038 3495 2092 αὐτῶν
3530 2041 3823 2111 κατακρί-

2218 2134 2375 2189 νεσθε
2423 2133 2532 2187 τῶν
2580 2133 2823 2204 ἐννόμως
2878 2131 3221 2198 διαζώντων,
3274 2131 3322 2183 οἱ
3382 2130 3693 2194 κακόζωοι.
3752 2133 3822 2183 Ἦ

2216 2227 2336 2298 οὐχ).
2376 2224 2709 2297 προδήλωμα
2741 2225 2842 2294 τῆς
2876 2225 2935 2277 ὲν
2980 2224 3175 2295 εὶίήνῃ
3224 2222 3605 2293 ἀσυνδρομίας
3658 2222 3822 2293 ὑμῶν

2217 2321 2251 2389 ἡ
2282 2316 2534 2389 παροῦσα
2576 2317 2799 2382 ἁθεσία;
2840 2316 3211 2384 Ἀνανήψατε,
3254 2313 3569 2386 παρακαλῶ
3590 2355 3607 2378 ,
3637 2313 3821 2367 (168.1-

2218 2411 2319 2478 φοί
2338 2427 2458 2479 μου
2498 2408 2655 2478 ἅγιοι
2675 2447 2692 2474 ,
2723 2406 3000 2476 κλήσεως
3028 2406 3393 2473 ἐπουρανίου
3415 2404 3678 2474 μέτοχοι
3699 2420 3715 2432 ·
3756 2405 3821 2457 ἂν

2222 2502 2299 2575 μὴ
2329 2502 2723 2573 διορθωσησθε,
2760 2502 2859 2571 οὐχ
2887 2499 3063 2562 οὕτως
3097 2500 3336 2570 κλητέοι,
3370 2498 3489 2552 ἀλλ’
3520 2499 3817 2561 ἐναντίως,

2221 2598 2359 2667 ὅπερ
2386 2595 2573 2666 ἀπείη.
2599 2594 2785 2648 Ταῦτα
2816 2592 3263 2665 διαμαρτύρομαι
3287 2590 3521 2645 ἐνώπιον
3548 2590 3651 2645 τοῦ
3676 2590 3816 2644 Θεοῦ

2222 2687 2451 2743 καὶτῶν
2493 2686 2769 2741 ἐκλεκτῶν
2807 2687 3059 2754 ἀγγέλων
3079 2703 3093 2716 ’
3130 2686 3185 2739 ετ
3213 2702 3297 2748 τις
3336 2685 3411 2756 μὴ
3437 2684 3817 2756 διορθὼσηται

2222 2781 2361 2850 μετά
2414 2780 2515 2850 τὴν
2568 2776 2881 2849 ὡρισμένην
2936 2780 3015 2839 εἰς
3070 2777 3265 2847 χρόνου
3298 2776 3443 2838 τινος
3490 2776 3816 2846 σῦμφθασιν

2220 2874 2526 2944 ἐπιμονὴν,
2576 2871 2684 2926 τῶν
2730 2870 3090 2941 ἁγιασμὰτων
3134 2870 3239 2923 ὑπὸ
3265 2868 3403 2922 Θεοῦ
3454 2870 3536 2931 εἰς
3573 2870 3817 2939 μετάλη-

2220 2966 2312 3035 ψιν
2359 2965 2642 3036 εἴργεται,
2701 2962 2845 3017 κατὰ
2896 2962 2994 3034 τὴν
3045 2962 3293 3027 ἐξουσίαν
3348 2964 3414 3027 ἣν
3445 2961 3622 3015 ἔδωκέ
3662 2963 3816 3031 μοιό

528 3058 651 3116 quia
700 3048 835 3103 mihi
887 3048 941 3103 in
982 3064 1079 3104 vos
1116 3063 1146 3102 a
1189 3048 1425 3104 Domino
1454 3050 1580 3104 data
1609 3057 1735 3118 est;
1777 3051 1844 3104 ad
1881 3052 2114 3105 mditica-

2228 3057 2427 3127 Κύριος
2458 3057 2516 3108 ὲν
2547 3055 2675 3126 ὑμῖν
2698 3070 2712 3083 ·
2747 3056 2827 3117 εἰς
2861 3053 3150 3123 οἰκοδομὴν
3175 3054 3269 3106 καὶ
3297 3055 3399 3106 οὐκ
3433 3053 3518 3113 εἰς
3545 3052 3812 3122 καθαιρεο

532 3139 759 3215 ιίοιιειιιι
793 3156 900 3195 non
956 3141 1023 3195 ad
1078 3140 1507 3197 destructionem
1559 3142 1771 3211 loquor.
1806 3141 1913 3198 Vos
1942 3158 2072 3199 vero
2099 3182 2115 3208 ,

531 3229 729 3289 fratres
764 3232 870 3288 mei
895 3273 910 3293 .
948 3242 1208 3304 tanquatn
1260 3235 1352 3289 lilii
1390 3234 1715 3290 obedientize
1758 3238 1895 3291 bene
1925 3236 2070 3307 agite
2100 3275 2117 3302 ,

2225 3164 2309 3200 σιν
2367 3150 2395 3201 ό
2424 3147 2604 3216 λόγος.
2681 3146 2872 3216 Ὑμεῖς
2896 3145 2976 3206 δὲ,
3015 3144 3237 3213 ἀδελφοί
3278 3161 3403 3214 μου,
3438 3143 3516 3206 ὡς
3563 3144 3673 3196 υἱοὶ
3720 3144 3816 3195 ὐπ-

2220 3240 2415 3308 ακοῆς,
2447 3236 2509 3292 es
2541 3237 2808 3311 πράξατε,
2843 3236 2932 3289 ἵνα
2959 3236 3052 3288 καὶ
3075 3235 3205 3287 Θεὸν
3233 3235 3636 3305 θεραπεύσητε,
3668 3236 3815 3304 κάμὲ

529 3333 595 3379 ιιι
618 3334 672 3381 et
695 3323 806 3380 Deo
832 3325 1107 3390 serviatis,
1136 3336 1189 3380 et
1218 3342 1303 3381 me
1335 3326 1598 3381 miserum
1631 3342 1661 3381 a
1697 3328 1904 3397 peccati
1943 3340 2117 3384 morte

2228 3331 2310 3385 τὸν
2335 3331 2565 3385 ἐλεεινὸν
2596 3330 2689 3383 τοῦ
2723 3330 2951 3383 Θανάτου
2982 3328 3082 3397 τῆς
3116 3327 3395 3396 ἁμαρτίας
3435 3327 3719 3396 ὲξέλησθε,
3756 3330 3815 3379 ἐν

530 3416 864 3482 vindicetis,
910 3418 964 3472 in
1010 3417 1230 3473 Christo
1276 3414 1401 3471 Jesn
1460 3417 1693 3472 Domino
1750 3430 1942 3475 nostro
1972 3460 1988 3485 ,
2032 3422 2121 3477 cui

531 3507 705 3580 gloria
734 3523 861 3564 cum
893 3507 1055 3563 Patre
1083 3518 1138 3563 et
1165 3521 1359 3564 sancto
1401 3507 1632 3579 Spiritu.
1666 3508 1867 3565 Amen.

914 3619 1097 3678 CVIII.
1126 3649 1193 3661 -—
1215 3618 1420 3673 Jaanm‘
1451 3618 1731 3675 Sardensi.

2219 3427 2442 3499 Χριστῷ
2492 3425 2669 3497 Ἰησοῦ
2698 3424 2779 3495 τῷ
2817 3424 3007 3495 Κυρίῳ
3037 3421 3196 3492 ἡμῶν
3220 3462 3235 3487 ,
3264 3412 3309 3488 ᾧ
3342 3422 3375 3490 ἡ
3406 3421 3535 3488 δόξα
3574 3422 3671 3476 σὺν
3703 3423 3814 3475 Πα-

2222 3519 2317 3590 τρὶ
2356 3520 2451 3573 καὶ
2485 3520 2629 3587 ἁγίῳ
2661 3517 2963 3589 Πνεῦματι.
3009 3516 3207 3586 Ἀμήν.

2549 3629 2654 3684 ΡΗ⁹
2695 3629 2793 3701 (5).
2831 3659 2902 3668 -
2950 3627 3199 3694 Ἰωάννῃ
3238 3623 3498 3693 Σάρδης.
3528 3623 3707 3698 [χλε⁰.]

1257 3734 1323 3786 Ut
1347 3748 1408 3783 ex
1433 3734 1572 3799 gravi
1597 3733 1771 3784 morbo
1791 3736 2124 3799 convalescat,
2148 3740 2389 3791 Ecclesiae
2422 3742 2666 3805 imprimis
2692 3755 2837 3792 causa
2861 3746 3109 3804 precatur.

609 3838 823 3895 Dudum
847 3838 1160 3896 audivimus
1183 3849 1449 3911 aegrotare
1466 3850 1749 3911 paternam
1774 3842 2118 3898 sanctitatem

535 3943 685 3990 tuam
704 3974 720 3998 ,
750 3948 897 3988 nunc
925 3949 1058 3989 vero
1087 3950 1225 4005 pene
1248 3935 1412 3989 etiam
1443 3934 1789 4005 desperatam
1819 3949 1965 3990 esse.
1998 3934 2119 4002 Quo

536 4026 730 4082 nuntio
759 4042 859 4082 nos
888 4026 1125 4082 humiles
1155 4028 1228 4081 ita
1254 4043 1448 4082 sumus
1473 4026 1834 4092 consternati,
1862 4036 2121 4098 tantoque

537 4120 775 4193 perculsi
798 4121 1005 4185 dolore,
1044 4128 1101 4173 ut
1128 4120 1401 4190 proﬁcisci
1429 4122 1572 4177 istuc
1593 4120 1809 4175 animus
1839 4119 2036 4183 fuerit,
2069 4130 2124 4176 et

538 4214 815 4285 ingratum
837 4229 1115 4269 rumorem
1142 4213 1318 4268 oculis
1345 4228 1633 4283 usurpare.
1664 4210 1721 4266 ld
1746 4228 1876 4267 vero
1902 4222 2124 4282 prepter

537 4306 800 4363 innatantia
837 4304 1055 4376 negotia
1085 4303 1292 4360 factum
1321 4318 1432 4357 non
1464 4313 1568 4358 est.
1602 4301 1782 4369 Quare
1815 4304 1990 4357 coacti
2017 4303 2124 4356 fui-

538 4412 665 4451 mus
686 4395 881 4450 litteris
908 4392 1320 4464 quodammodo
1344 4392 1527 4445 volare
1554 4406 1655 4446 ceu
1682 4406 1935 4461 corpore,
1962 4401 2127 4462 atque

539 4485 740 4541 intueri
771 4498 825 4539 te
849 4484 1128 4555 egregium
1162 4490 1397 4552 patrem,
1430 4483 1709 4537 sincerum
1741 4482 2003 4549 amicum,
2031 4498 2124 4551 ge-

540 4593 799 4635 nerosum
831 4586 1024 4631 testem
1055 4574 1326 4629 veritatis.
1360 4573 1464 4628 Pro
1490 4575 1594 4629 hac
1632 4573 1906 4643 siquidem
1949 4582 2005 4627 et
2029 4590 2127 4627 ex-

540 4671 724 4725 silium
753 4666 1063 4737 pertulisti,
1094 4675 1149 4720 et
1174 4667 1413 4721 carceris
1442 4667 1659 4720 vincula
1699 4684 1712 4720 :
1757 4666 1890 4735 quin
1923 4674 1977 4719 et
2006 4675 2132 4719 ante

540 4760 655 4815 lnec
682 4758 1060 4829 spectaculum
1090 4756 1267 4812 factus
1292 4797 1308 4821 ,
1339 4765 1396 4811 ut
1422 4756 1669 4827 Apostoli
1701 4756 1881 4810 verbis
1907 4763 2031 4809 utar
2053 4758 2132 4831 ’κ

537 4860 592 4906 et
626 4850 835 4921 angelis
880 4859 935 4904 et
980 4849 1294 4904 hominibus
1324 4866 1338 4903 :
1389 4864 1500 4918 quo
1537 4848 1624 4902 die
1656 4848 1872 4901 allisum
1905 4856 1989 4902 est
2018 4847 2136 4902 solo

543 4942 612 4997 ab
642 4941 823 5011 impiis
850 4956 1037 4995 coram
1067 4939 1367 5010 Caiphaico
1406 4939 1640 4993 concilio
1662 4978 1678 5004 ,
1711 4954 1931 4993 sacrum
1970 4947 2137 5008 caput

549 5044 730 5086 tuum.
766 5030 810 5085 Ο
839 5030 970 5101 quid
1000 5032 1158 5085 nobis
1187 5030 1429 5085 accidit?
1467 5030 1608 5098 Quid
1648 5030 1800 5085 abire
1829 5030 1955 5085 hinc
1987 5030 2138 5085 festi-

545 5136 640 5180 nat
694 5125 954 5179 eolumna
1006 5124 1302 5180 Ecclesiae?
1359 5125 1515 5179 Mane
1568 5123 1897 5189 nobiscum,
1950 5124 2129 5180 adhuc

539 5231 736 5285 inane,
768 5224 953 5287 patere
990 5231 1090 5287 pro
1121 5216 1411 5288 Evangelia
1434 5233 1533 5272 ceu
1565 5217 1744 5272 bonus
1765 5216 1942 5271 miles.
1965 5214 2129 5273 Vides

541 5318 601 5363 ut
623 5310 826 5368 bellum
851 5310 1049 5366 ardet?
1075 5318 1135 5365 ut
1167 5326 1267 5381 pro
1289 5310 1393 5366 tide
1418 5312 1805 5381 impugnantur
1829 5318 1884 5367 et
1914 5325 2127 5381 pugna-

615 5454 763 5525 ’νιν
801 5470 935 5541 Reg.
967 5485 1021 5535 v,
1062 5469 1153 5524 9.6.
1234 5472 1275 5502 ²¹
1310 5469 1477 5526 Hebr.
1516 5483 1614 5536 ιιι,
1657 5470 1706 5524 l.

2312 3850 2446 3904 Ἀπὸ
2477 3850 2670 3922 χρόνου
2699 3847 3014 3919 ἠκούσαμεν
3040 3846 3431 3916 νοσηλεύεσϐαἱ
3467 3864 3561 3901 σου
3590 3848 3686 3918 τὴν
3714 3865 3809 3901 1::-

2226 3940 2421 4013 τρικὴν
2459 3939 2794 4011 ἁγιωσύνην,
2845 3940 2971 4010 ἀρτι
3009 3937 3065 3991 δὲ
3118 3938 3320 4009 μικροῦ
3374 3938 3488 3993 δεῖν
3533 3941 3631 3992 καὶ
3672 3940 3804 3992 ἁπο-

2228 4033 2586 4101 γνωσθείσαν.
2630 4032 2741 4085 Καὶ
2780 4029 3036 4085 τοσοῦτον
3068 4029 3415 4101 ἐθρρήθημεν
3448 4032 3497 4083 οἱ
3539 4033 3800 4097 ταπεινοὶ,

2230 4126 2324 4178 καὶ
2376 4123 2810 4195 συνεκινήθημεν
2862 4121 3153 4192 λυπηρῶς,
3188 4123 3261 4184 ὡς
3290 4122 3534 4192 ὁρμῆσαι
3582 4123 3803 4176 καταλα-

2232 4217 2346 4270 ϐεῖν
2377 4219 2527 4287 ἡμᾶς
2557 4218 2615 4269 ὲν
2658 4219 2771 4279 τοῖς
2814 4214 3035 4278 αὐτόθι,
3092 4215 3188 4269 καὶ
3220 4213 3339 4282 ὕψει
3381 4215 3676 4268 ὑπολαϐεῖν
3709 4215 3801 4287 τὴν

2225 4306 2515 4377 ἀπευκτὴν
2541 4307 2733 4376 ἀκοήν.
2773 4306 2888 4359 Οὐκ
2934 4305 3216 4373 ἐξεγένετο
3243 4304 3301 4357 δὲ
3333 4304 3425 4357 διὰ
3446 4306 3516 4357 τά
3547 4308 3801 4375 παριστά-

2234 4414 2369 4468 μενα
2400 4396 2596 4468 τούτῳ.
2647 4396 2738 4449 Διὸ
2777 4394 3209 4466 ἠναγκάσθημεν
3253 4396 3421 4447 οἱονεὶ
3472 4395 3798 4463 πετασθῆναι

2230 4492 2342 4550 τοῖς
2362 4490 2688 4560 γράμμασιν
2713 4488 2787 4550 ὼς
2810 4489 2868 4541 ὲν
2889 4486 3122 4558 σώματι,
3154 4487 3250 4540 καὶ
3279 4487 3409 4539 ἰδεῖν
3446 4503 3508 4539 σε
3535 4486 3626 4540 τὸν
3651 4486 3798 4539 καλὸν

2234 4580 2470 4651 πατέρα,
2492 4581 2583 4634 τὸν
2611 4581 2835 4649 γνήσιον
2860 4579 3033 4649 φίλον,
3053 4578 3145 4631 τὸν
3164 4579 3415 4645 γενναῖον
3443 4578 3697 4648 μάρτυρα
3708 4581 3799 4644 τῆς

2233 4668 2515 4739 ἀληθείας.
2548 4669 2722 4741 Εῑπερ
2769 4668 2912 4740 ὑπὲρ
2943 4669 3114 4739 αὐτῆς
3170 4668 3235 4721 σὺ
3278 4658 3375 4721 καὶ
3402 4666 3679 4737 ὲξόριστος
3714 4668 3800 4721 καὶ

2238 4758 2697 4829 φρουροδέσμιος·
2735 4759 2831 4813 καί
2866 4775 2931 4827 γε
2963 4758 3072 4829 πρὸ
3103 4757 3308 4811 τούτων
3339 4756 3572 4828 θέατρον
3594 4758 3800 4827 γενόμεο

2238 4866 2362 4913 νος,
2395 4850 2770 4913 ἀποπολικῶς
2816 4852 3020 4914 εἰπεῖν,
3051 4850 3146 4903 καὶ
3192 4849 3452 4919 ἀγγέλοις
3474 4849 3575 4902 καὶ
3607 4848 3800 4919 ἀνθρώ-

2242 4958 2387 5004 ποις,
2424 4941 2546 4994 καθ’
2575 4942 2641 5009 ἢν
2670 4940 2885 5012 ἡμέραν
2916 4939 3174 5011 ἔρριπταί
3205 4958 3298 4994 σου
3330 4942 3438 4995 ὑπὸ
3458 4942 3571 4995 τῶν
3588 4942 3799 5005 ὰσεῦῶν,

2246 5034 2389 5087 κατά
2417 5033 2712 5103 πρόσωπον
2739 5035 2833 5086 τοῦ
2872 5033 3219 5102 Καῖαφαῖκοῦ
3255 5033 3573 5105 συνεδρίου,
3602 5037 3673 5098 εἰς
3695 5034 3801 5087 τοῦ·

2238 5124 2406 5195 δαφος
2427 5128 2461 5194 ἡ
2491 5126 2611 5196 ἱερά
2644 5128 2880 5197 κορυφή.
2909 5127 2972 5178 Ὢ
2994 5126 3047 5177 τί
3072 5125 3281 5194 γίνεται
3307 5128 3366 5179 ἐν
3390 5127 3634 5197 ήμτν;”τί
3658 5125 3800 5179 dna!-

2241 5234 2360 5288 ρειν
2407 5217 2516 5271 τῶν
2546 5217 2675 5289 τῇδε
2723 5218 2945 5271 σπεύδει
2981 5217 3011 5268 ὀ
3065 5216 3254 5281 στύλος
3294 5221 3397 5289 τῆς
3457 5218 3796 5289 Ἐκκλησίαςς

2240 5311 2437 5365 Μεῖνον
2475 5310 2595 5382 μεθ’
2628 5311 2808 5383 ἡμῶν,
2840 5309 2922 5364 ἐτι
2963 5312 3149 5382 μεῖνον
3170 5326 3187 5345 ο
3218 5310 3706 5383 συγκακοπάθησον
3731 5308 3800 5381 τῷ

1789 5472 1833 5502 ²²
1871 5468 1886 5523 Ι
1917 5469 2044 5528 Cor.
2076 5486 2153 5535 tv,
2193 5469 2245 5523 9.

2104 5584 2336 5642 NOTA‘J.

616 5704 692 5774 (ὅ)
724 5706 780 5762 in
814 5706 935 5760 eod.
973 5706 1103 5774 Reg.
1141 5710 1264 5773 ριγ’.
