3964 6320
151 375 286 438 I369
1330 372 1451 432 EPI
1461 371 1705 432 STOLAI

1810 373 1867 432 M
1932 372 2078 431 LIB.
2121 373 2200 432 ΙΙ.
3248 380 3384 442 1370

148 489 468 560 Εὑαγγελίῳ
510 488 587 553 ὡς
616 486 778 550 καλὸς
811 485 1176 556 στρατιώτης.
1220 485 1384 555 Ὁρᾷς
1433 485 1580 548 ὅπως
1623 484 1705 537 ἔν-

1817 485 1974 539 mus?
2022 485 2153 550 Nee,
2201 501 2420 543 oramus
2473 497 2532 542 ut
2577 505 2817 546 maneas.
2897 492 3048 564 Roga
3107 495 3382 552 Clu-istum

144 600 293 637 εστιν
320 585 348 636 6
365 583 600 652 πόλεμος
619 598 632 647 ;
655 580 804 642 ὅπως
827 577 1134 649 βαλλόμεθα
1155 578 1251 630 καὶ
1284 576 1552 647 βάλλομεν
1574 577 1705 650 ὑπὲρ

1811 594 1972 647 quem
2019 577 2300 648 professus
2347 595 2407 634 es
2455 587 2507 634 et
2555 580 2826 648 proﬁteris
2874 584 3103 640 adorare
3148 587 3382 643 humana

141 678 238 731 τοῦ
270 675 430 743 λόγου
454 692 467 741 ;
500 675 609 728 Ναὶ
638 672 1047 743 ἁντιδολοῦμεν,
1072 669 1372 740 ἐπίμεινον.
1397 671 1630 743 Αἶτησαι
1655 670 1705 724 ὃν

1810 668 1990 736 Specie
2013 668 2318 737 depictum;
2347 681 2399 724 et
2423 669 2672 725 exaudiet
2694 686 2881 739 preces
2906 683 3050 728 tuas.
3086 675 3180 730 Sin
3206 687 3384 732 autem

140 768 502 839 ὡμολόγησας
571 766 841 838 Χριστὸν,
907 765 1002 818 καὶ
1059 762 1342 834 ὁμολογεῖς
1387 765 1705 834 προσκυνεῖν

1810 760 2036 815 omnino
2066 760 2301 816 discedis
2335 760 2408 816 ita
2433 761 2660 832 jubente
2693 762 3071 832 Providentia;
3114 768 3229 836 ipse
3261 770 3353 838 qui

141 861 631 932 ἁνθρωποπρεπῶς
662 859 1102 930 ἐγγραφόμενον·
1139 857 1234 912 καὶ
1267 856 1582 911 είσακούσει
1614 857 1705 927 τῆς

1810 854 1954 920 dem,
1980 862 2066 910 sat
2098 855 2303 911 scimus
2327 896 2342 919 ,
2370 856 2545 913 abibis
2576 858 2936 915 confessionis
2968 859 3208 915 referens
3238 876 3380 929 prte-

139 953 380 1024 ὃεήσεώς
411 971 525 1010 σου.
547 954 608 1008 Ei
633 952 690 1008 δὲ
717 952 936 1014 πάντως
967 951 1252 1022 ἀπαίρεις,
1278 949 1422 1004 οὕτω
1435 950 1534 1019 τῆς
1563 950 1609 1001 Π
1618 965 1705 1018 ρο-

1815 949 1980 1002 mium
2012 968 2026 1004 :
2059 949 2216 1004 nobis
2245 965 2372 1006 vero
2402 949 2567 1006 Deum
2599 952 2864 1022 optimum
2897 955 3089 1010 reddes
3121 955 3384 1009 interces-

144 1045 292 1108 νοίας
339 1044 691 1114 κελευούσης,
745 1043 908 1105 αὐτὸς
947 1041 1047 1111 μὲν
1080 1043 1388 1114 χωρήσεις,
1426 1034 1485 1093 εῦ
1519 1039 1705 1107 ἴσμεν,

1816 1037 1971 1091 sione
1995 1046 2087 1093 tua
2111 1039 2438 1109 propitium;
2479 1041 2644 1097 simul
2667 1044 2828 1098 etiam
2861 1054 2921 1098 ιιι
2946 1044 3164 1100 festinet
3191 1045 3383 1101 Eccle-

138 1135 432 1206 ὁμολογίας
458 1135 690 1189 ἔπαθλον
720 1133 1164 1203 ἀπενεγκάμενος
1181 1149 1197 1165 ο
1229 1135 1364 1204 ἡμῖν
1392 1131 1450 1184 δὲ
1470 1129 1595 1182 ἵλεω
1615 1126 1705 1180 τὸν

1811 1127 1908 1183 site
1936 1143 2049 1184 suae
2076 1131 2408 1200 prospicere.

137 1225 273 1279 Θεὸν
305 1226 398 1279 τὸν
435 1225 637 1294 ἀγαθὸν
681 1226 1042 1296 καταστήσεις
1074 1227 1194 1288 ταῖς
1243 1221 1564 1296 πρεσϐείαις
1585 1235 1602 1251 °
1646 1217 1708 1272 οὐ
1741 1218 1850 1292 μὴν
1874 1220 2012 1276 ἀλλὰ
2043 1223 2138 1277 και
2200 1225 2281 1288 εἰς
2334 1225 2398 1278 τὸ
2457 1227 2685 1298 ταχῦναι
2707 1229 3105 1302 ἐπισκέψασθαι
3132 1233 3232 1307 τὴν
3258 1235 3377 1290 ἑαυ-

133 1322 234 1378 τοῦ
281 1321 625 1392 Ἐκκλησίαν.

511 1437 614 1490 ΡΘ¹
654 1435 751 1508 (6).
792 1465 865 1477 —
913 1434 1084 1502 Ἠλίᾳ
1122 1431 1538 1506 τέκνῳ.[χλζ’.]

1465 1554 1539 1606 Ad
1565 1554 1825 1618 quemdam
1856 1554 2062 1619 lapsum.

2269 1431 2495 1488 c1x.-—
2533 1431 2666 1488 Elite
2692 1434 2806 1504 ﬁlio
2835 1435 2922 1507 (·).

209 1671 307 1734 Τίς
354 1671 383 1723 6
427 1667 745 1736 ἀναγκάσας
796 1683 862 1737 με
908 1659 1211 1718 ἐπιστεῖλαί
1249 1681 1371 1729 σοι,
1411 1663 1702 1734 ἄνθρωπε;

1876 1663 2009 1731 Quis
2039 1680 2126 1720 me
2151 1664 2328 1735 coegit
2357 1674 2416 1720 ut
2443 1666 2511 1720 ad
2542 1675 2595 1722 te
2621 1707 2637 1730 ,
2671 1667 2745 1722 mi
2786 1670 2985 1734 homo,
3040 1675 3381 1728 scriberem?

134 1762 273 1826 Θεὸς
301 1760 541 1830 δηλονότι
573 1760 601 1811 6
640 1759 987 1829 καταστήσας
1020 1775 1086 1828 με
1121 1758 1212 1810 ἐπὶ
1251 1759 1312 1811 σὲ
1339 1760 1575 1828 ποιμένα
1615 1759 1705 1812 καὶ

1811 1755 1955 1811 Deus
1981 1755 2124 1812 haud
2152 1756 2337 1822 dubie,
2369 1756 2460 1825 qui
2485 1772 2572 1811 me
2601 1757 2695 1812 tibi
2725 1769 2997 1828 pastorem
3023 1770 3078 1815 et
3106 1761 3380 1829 legislato-

136 1852 439 1922 νομοθέτην
462 1866 476 1881 ⁸
583 1849 757 1914 δώσω,
794 1850 868 1911 ὠς
905 1849 1045 1918 ὑπὲρ
1079 1849 1295 1903 πάντων
1322 1849 1429 1902 τῶν
1461 1850 1705 1918 ἀδελφῶν

1811 1863 1924 1902 rem
1969 1847 2293 1915 constituit;
2331 1849 2420 1903 cui
2455 1849 2771 1904 redditurus
2800 1867 2923 1906 sum
2956 1861 3017 1905 ut
3044 1868 3145 1920 pro
3168 1855 3380 1910 ceteris

138 1962 259 2006 σου,
315 1942 411 1996 καὶ
457 1941 585 2013 περὶ
622 1941 715 1995 σοῦ
762 1941 938 2009 λόγον.
985 1940 1266 2007 Ἀπετάξω
1296 1941 1359 2012 δὴ
1396 1938 1487 1994 οὖν
1517 1941 1708 1994 αὐθαι-

138 2038 348 2110 ρέτως,
380 2035 672 2103 «ὑπετάγης
718 2033 990 2103 εὐηκόως·
1024 2029 1142 2086 εἶτα
1173 2034 1414 2087 ὲσινὶασέ
1456 2051 1514 2087 σε
1545 2035 1572 2086 6
1607 2032 1710 2086 Σα-

133 2128 308 2190 τανᾶς
346 2126 664 2199 ἀπορρήξας
695 2125 795 2194 τῆς
824 2124 975 2188 θείας
1019 2127 1333 2194 συναφείας.
1369 2121 1535 2189 Αὖθις
1568 2125 1708 2180 ἐλέει

132 2218 276 2272 Θεοῦ
335 2218 643 2290 συνήφθης·
687 2218 778 2270 καὶ
817 2216 982 2270 πάλιν
1015 2216 1267 2287 ἐνεργείᾳ
1312 2217 1566 2287 δαίμονος
1596 2218 1705 2271 ἀπ-

136 2311 445 2381 επήδησας.
474 2311 702 2362 Ἔπειτα
729 2308 892 2362 πάλιν
910 2307 1103 2370 ἐλθὼν,
1132 2307 1545 2377 ὲξωμολογήσω,
1574 2310 1708 2362 ὑπο-

136 2403 405 2472 σχόμενος
436 2400 534 2470 τὴν
576 2401 712 2470 πρὸς
743 2401 804 2452 τὸ
848 2398 976 2465 ἑξῆς
1010 2400 1312 2470 ἀσφάλειαν
1333 2415 1348 2430 ο
1392 2400 1486 2454 καὶ
1519 2399 1706 2470 ἐπειδὴ

122 2492 455 2564 ,ὑποστροφὴ
481 2491 580 2561 τῆς
612 2490 828 2559 ὲξορίας
853 2493 947 2544 ἐπὶ
975 2491 1069 2545 τοῦ
1101 2493 1148 2546 Ν
1157 2493 1442 2563 ικηφόρου,
1467 2493 1529 2545 οὐ
1576 2507 1705 2545 συν-

133 2586 306 2656 ῆλθες
339 2585 456 2646 τοῖς
494 2582 700 2646 λοιποῖς
722 2625 736 2648 ,
771 2583 886 2638 ἁλλ’
915 2583 1138 2654 ἔμεινας
1177 2586 1262 2653 ἐφ’
1291 2583 1486 2638 ἑαυτοῦ
1527 2583 1708 2638 δελεα-

133 2677 365 2748 ζόμενος
404 2676 510 2729 ὑπὸ
547 2676 641 2729 τοῦ
687 2676 894 2745 ὄφεως’
955 2678 1048 2729 καὶ
1097 2676 1254 2730 τοῦτο
1309 2677 1414 2740 ἕως
1467 2677 1563 2731 τοῦ
1611 2677 1706 2732 νῦν

135 2765 518 2838 βασιλεύοντος
542 2766 807 2836 τετάρτου
841 2765 976 2834 μετὰ
1005 2765 1342 2836 Νικηφόρον.
1364 2765 1512 2828 Ἕως
1549 2766 1700 2829 πότε,

132 2858 358 2922 ἑλεεινὲ,
391 2856 620 2928 ὲγκυλίῃ
658 2860 769 2916 τοῖς
814 2856 912 2926 τῆς
945 2856 1218 2927 ἁμαρτίας
1260 2856 1552 2927 τὲλμασιν;
1602 2857 1706 2920 ἕως

132 2950 278 3014 τίνος
332 2950 434 3003 οὑκ
493 2951 717 3019 ἀνήσεις
764 2949 1093 3018 ἀσχημονεῖν
1143 2947 1376 3002 ἐνώπιον
1422 2949 1559 3002 θεοῦ
1610 2950 1706 3002 καὶ

1812 1937 2073 1993 fratribus
2097 1939 2204 1995 tuis
2231 1978 2246 2003 ,
2279 1939 2360 1994 sic
2383 1955 2481 2009 pro
2508 1949 2560 1995 te
2585 1956 2802 2012 quoque
2833 1943 3122 1998 rationem.
3154 1945 3377 2000 Renun-

1811 2031 1958 2084 tiasti
2004 2032 2171 2100 igitur
2223 2032 2427 2086 mundo
2479 2040 2572 2086 tua
2613 2034 2800 2104 utique
2847 2034 3020 2103 ipsius
3061 2036 3377 2105 voluntate,

1807 2119 2038 2175 libenter
2067 2121 2316 2176 subditus
2348 2120 2496 2176 fuisti
2525 2141 2538 2176 :
2569 2133 2754 2192 postea
2779 2125 3036 2179 cribravit
3062 2137 3112 2180 te
3145 2127 3378 2183 Satanas

1808 2213 2084 2282 abripiens
2114 2229 2145 2268 a
2173 2213 2356 2267 divina
2388 2215 2666 2269 societate.
2701 2215 2901 2270 Iterum
2945 2218 3052 2271 Deo
3082 2218 3376 2277 miserante

1808 2305 1966 2360 nobis
1996 2306 2377 2373 consociatus,
2409 2318 2461 2362 et
2490 2307 2686 2362 iterum
2720 2309 2978 2365 daemonis
3009 2325 3170 2382 Opera
3202 2316 3378 2370 resili-

1807 2397 1918 2452 isti.
1952 2397 2080 2452 Post
2103 2398 2216 2452 haec
2246 2400 2424 2454 denuo
2447 2415 2696 2455 reversus
2722 2404 3143 2473 exornologcsim
3175 2406 3372 2473 fecisti,

1806 2489 2155 2543 stabilitatem
2191 2489 2244 2542 in
2273 2499 2550 2559 posterum
2589 2492 2906 2559 promittens
2935 2512 2949 2548 :
2999 2507 3053 2548 et
3088 2507 3374 2567 postquam

1805 2581 1982 2635 exsilii
2003 2580 2262 2634 relaxatio
2285 2580 2388 2635 fuit
2419 2583 2518 2634 sub
2536 2582 2862 2650 Nicephoro,
2883 2599 3006 2637 cum
3033 2587 3244 2640 caeteris
3264 2602 3376 2642 non

1807 2670 2051 2735 rediisti;
2086 2672 2176 2724 sed
2207 2670 2348 2739 apud
2377 2678 2429 2724 te
2454 2671 2730 2725 inescatus
2750 2686 2782 2724 a
2810 2681 3058 2739 serpente
3089 2674 3375 2728 mansisti:

1806 2763 1968 2832 idque
2017 2765 2081 2816 ad
2125 2778 2247 2815 eum
2310 2776 2483 2831 usque
2534 2762 2628 2832 qui
2690 2778 2837 2817 nunc
2893 2764 3182 2832 imperium
3232 2773 3379 2821 tenet

1806 2864 2032 2925 quartus
2061 2870 2090 2908 a
2115 2852 2442 2920 Nicephoro.
2471 2853 2762 2923 Quousque
2793 2854 3008 2908 tandem
3030 2856 3292 2912 volutat-is
3319 2858 3377 2911 in

1807 2962 1964 3002 manu
1993 2945 2233 3014 peccati?
2255 2942 2551 3010 Quousque
2578 2959 2686 2997 non
2710 2943 2911 2998 desinis
2941 2944 3195 2999 indecore
3217 2961 3378 3016 agere

133 3040 473 3111 άνθρώπων;
533 3041 645 3093 Οὐκ
687 3039 765 3092 ἔνι
800 3039 1062 3104 θάνατος;
1111 3040 1211 3093 οὐκ
1259 3041 1338 3094 ἕνι
1383 3042 1700 3112 κριτήριονς

1810 3054 1986 3092 coram
2020 3037 2127 3090 Deo
2157 3046 2212 3091 et
2240 3035 2592 3090 hominibus?
2632 3037 2713 3089 An
2746 3036 2893 3090 nulla
2933 3052 3079 3093 mors
3112 3040 3227 3094 est?
3255 3041 3378 3094 nul-

133 3135 212 3187 υὺ
256 3133 448 3192 δώσεις
494 3133 636 3184 τίσιν
665 3130 921 3194 αἰώνιον,
960 3127 1028 3202 ἦς
1073 3127 1169 3184 καὶ
1212 3132 1374 3200 μόνον
1405 3132 1705 3201 ὲνθύμησις

133 3223 489 3278 καταστέλλει
524 3222 702 3291 ψυχὴν
740 3222 832 3274 καὶ
861 3223 1182 3293 ἐπιστρέφει
1216 3224 1350 3293 πρὸς
1380 3222 1700 3292 μετάνοιανς

147 3315 470 3383 Ἀνάνηψον,
503 3312 779 3380 ἄνθρωπε,
811 3314 1169 3385 ἁνακλήθητι,
1201 3312 1503 3385 παρακαλῶ
1526 3330 1540 3344 ⁶
1568 3314 1706 3384 ἄφες

133 3407 438 3474 οἰκοδομεῖν
476 3404 653 3467 οίκίας
706 3405 1015 3474 κοσμικῶς,
1068 3409 1096 3459 6
1135 3407 1228 3458 τὸν
1277 3402 1426 3459 οἶκόν
1467 3424 1559 3460 σου
1605 3406 1705 3476 τῆς

129 3497 310 3568 ψυχῆς
341 3492 723 3558 καταλελυκώς
744 3510 757 3523 ·
787 3493 849 3546 ἔα
875 3495 1147 3546 τεκτονεῖν
1171 3493 1245 3555 ὡς
1275 3494 1495 3557 λαῖκὺς,
1545 3495 1573 3545 6
1615 3508 1706 3543 τε·

131 3587 490 3656 κταινόμενος
541 3585 646 3638 ὑπὸ
674 3584 766 3638 τοῦ
812 3587 1025 3638 Σατανᾶ
1047 3601 1060 3614 ⁸
1096 3585 1170 3656 μὴ
1209 3588 1519 3656 προφασίσῃ
1549 3582 1707 3637 τοῦτο

130 3680 390 3735 κακεῖνο·
425 3675 598 3737 οὐδείς
633 3693 690 3728 σε
720 3674 981 3740 ὲξελεῖται
1026 3679 1089 3730 ἐκ
1133 3677 1314 3747 χειρὸς
1356 3676 1582 3747 Κυρίου.
1611 3676 1704 3746 Μὴ

130 3764 293 3835 εἴπῃς
316 3762 676 3834 ἡμαρτηκὼς·
703 3766 816 3816 Οὐκ
840 3765 968 3816 οἴσω
1000 3765 1096 3826 τὰς
1119 3767 1480 3834 ἐπιτιμήσεις.
1502 3769 1703 3830 υίσεις,

128 3857 322 3910 τέκνον
365 3871 501 3926 μου·
554 3854 702 3907 καλῶ
742 3856 848 3925 γάρ
905 3873 962 3908 σε
1013 3855 1183 3916 οὕτως
1217 3858 1388 3910 ἐλπίδι
1428 3859 1525 3927 τῆς
1569 3858 1706 3910 ὑπο-

132 3951 411 4021 στροφῆς,
458 3949 567 4016 ἐγὼ
596 3952 622 4001 6
654 3949 929 4010 ταπεινός.
977 3949 1040 4001 Εἰ
1073 3949 1293 4019 Πατὴρ,
1326 3950 1706 4019 πεφεισμένως

134 4042 444 4113 ίατρεύσω,
489 4041 939 4111 συμπαθητικῶς,
970 4043 1356 4110 φιλοστόργως.
1401 4041 1577 4094 Μόνον
1615 4042 1704 4094 θέ-

129 4133 320 4202 λησον,
366 4131 527 4201 μόνον
558 4130 839 4202 κινήθητι.
884 4131 1173 4203 διάρρηξον
1215 4132 1281 4184 τὰ
1315 4132 1614 4202 κατέχοντά
1643 4148 1703 4183 σε

129 4223 308 4293 δεσμὰ
342 4223 436 4276 τοῦ
494 4223 760 4276 θανάτουο
817 4223 1045 4291 ἐγγύθεν
1088 4225 1222 4276 Θεοῦ
1271 4224 1519 4294 βοήθεια,
1556 4225 1649 4278 καὶ
1675 4227 1704 4276 6

130 4315 310 4383 φύλαξ
341 4331 434 4366 σου
461 4314 561 4384 τῆς
594 4313 740 4382 ζωῆς
767 4313 996 4381 ἄγγελος
1037 4316 1469 4385 προπορεύσεται
1495 4333 1508 4348 ’
1559 4319 1703 4387 χαρά

131 4409 189 4458 ἐν
225 4402 443 4473 οὐρανῷ
496 4406 806 4473 γενήσεται,
869 4404 1130 4474 θρηνήσει
1167 4407 1195 4456 6
1237 4406 1514 4472 διάϐολος,
1553 4424 1704 4474 σκιρς
1741 4386 1778 4438 D

133 4497 286 4566 τὴσω
327 4491 440 4560 ἐγὼ
482 4495 510 4546 6
535 4493 721 4558 τάλας,
762 4493 1008 4563 εὑρηκὼς
1036 4495 1094 4546 τὸ
1123 4496 1398 4558 ἀπολωλός
1431 4515 1533 4566 μου
1572 4498 1704 4567 πρό-

135 4587 324 4650 σατον,
351 4586 445 4638 καί
471 4602 533 4653 γε
559 4588 591 4656 ἡ
618 4586 914 4655 ἀδελφότης
946 4589 1058 4640 σου.
1091 4587 1222 4641 Εἰδὲ
1248 4589 1343 4658 μὴ,
1370 4589 1704 4661 ἔσῃθήραμα

133 4679 212 4749 τῷ
261 4678 528 4748 διαϐόλῳ,
581 4678 675 4731 τοῦ
728 4680 852 4732 οὐαὶ
902 4679 1270 4750 κληρονόμος,
1330 4674 1390 4732 οῦ
1449 4681 1704 4752 ρυσθείης

136 4769 494 4833 ὑπακούσας,
535 4769 630 4822 καὶ
677 4771 772 4824 σὺν
804 4769 881 4840 τῷ
919 4770 1132 4840 ἀδελφῷ
1166 4787 1260 4823 σου
1309 4771 1440 4842 Σίλᾳ
1488 4772 1704 4824 ἐλευσό-

137 4877 321 4931 μενος.

387 4981 472 5035 Pl'
510 4980 607 5052 (7)-
651 5013 717 5023 —
758 4980 838 5051 Τῇ
877 4980 1114 5052 δμόξυτι
1151 4983 1469 5053 Δημόκσρι·
1514 4981 1700 5054 [xlvi-1

1806 3130 1916 3184 lum
1961 3127 2264 3198 judicium?
2308 3144 2416 3182 non
2465 3141 2679 3196 poenam
2731 3127 2850 3182 lues
2891 3138 3184 3195 aiternam,
3223 3131 3379 3197 cujus

1806 3221 1918 3276 sola
1973 3221 2234 3290 cogitatio
2292 3230 2507 3275 coercet
2551 3219 2827 3283 animam,
2879 3223 3258 3292 convertitque
3311 3225 3376 3278 ad

1807 3311 2220 3382 paenitentiam?
2248 3309 2657 3381 Expergiscere,
2693 3311 2878 3377 homo,
2912 3313 3188 3381 resipisce,
3226 3316 3380 3369 obte-

1806 3407 2147 3461 stor.0mitte
2166 3406 2356 3460 domos
2378 3403 2559 3459 saeculi
2578 3418 2728 3459 more
2744 3414 3043 3470 exstruere,
3065 3409 3156 3476 qui
3186 3407 3381 3462 anima:

1807 3507 1913 3553 tua:
1942 3499 2162 3554 domum
2189 3499 2504 3554 destruxisti
2542 3512 2556 3548 :
2590 3498 2776 3553 desine
2805 3507 2861 3552 ut
2895 3499 3070 3553 laicus
3100 3498 3377 3564 fabricari,

1807 3592 1900 3661 qui
1931 3602 2202 3647 structura
2231 3593 2294 3646 lis
2336 3592 2590 3648 Salamn:
2634 3607 2809 3662 neque
2842 3593 2942 3645 hac
2972 3601 3066 3646 aut
3087 3592 3176 3646 illa
3210 3607 3377 3646 excu-

1806 3685 2016 3738 satione
2061 3683 2251 3738 utaris.
2294 3682 2464 3738 Nemo
2496 3695 2548 3739 te
2585 3685 2796 3737 auferet
2832 3683 2896 3736 de
2933 3698 3096 3736 manu
3139 3682 3374 3738 Domini.

1805 3773 1882 3828 Ne
1907 3777 2054 3828 dicas
2075 3783 2356 3845 postquam
2379 3775 2643 3844 peccasti:
2673 3773 2867 3828 Ρωιιιιε
2887 3791 2990 3828 non
3010 3774 3172 3828 dabo.
3197 3773 3378 3838 Dabis,

1809 3867 1882 3920 fili
1924 3866 1998 3920 mi
2039 3884 2052 3920 :
2098 3867 2178 3921 sic
2206 3868 2348 3922 enim
2395 3883 2496 3936 ego
2541 3867 2766 3920 humilis
2797 3880 2849 3920 te
2876 3866 3098 3919 nomino
3128 3883 3224 3937 spe
3244 3883 3380 3922 cou-

1807 3959 2098 4015 versionis.
2129 3960 2186 4014 Si
2219 3970 2373 4031 pater
2405 3975 2548 4025 sum,
2574 3961 2898 4014 medicinam
2931 3959 3160 4013 adhibeo
3193 3977 3375 4029 parce,

1806 4055 2286 4120 commiseranter,
2321 4065 2589 4107 amanter.
2635 4051 2780 4107 Velis
2811 4055 3224 4106 tantummodo:
3258 4064 3380 4106 tan-

1807 4146 2084 4200 tummodo
2116 4146 2385 4201 movearis
2413 4164 2426 4200 :
2459 4161 2649 4215 rumpe
2679 4161 2800 4214 qua:
2835 4154 2885 4198 te
2915 4145 3158 4198 detinent
3188 4147 3379 4200 mortis

1805 4240 2040 4294 vincula.
2065 4238 2238 4308 Prope
2264 4239 2417 4293 adest
2445 4238 2536 4292 Dei
2572 4239 2836 4292 auxilium
2857 4277 2872 4299 .
2903 4247 2956 4291 et
2988 4237 3109 4292 vitae
3143 4248 3248 4292 tua:
3277 4255 3379 4293 cu-

1807 4341 1919 4384 stos
1942 4331 2165 4401 angelus
2190 4329 2466 4399 gradietur
2488 4340 2612 4382 ante
2635 4339 2705 4383 te.
2731 4327 2995 4381 Gaudium
3019 4329 3125 4383 erit
3149 4329 3376 4396 iucmlo,

1810 4423 2012 4493 lugebit
2053 4423 2303 4477 diabolus
2326 4461 2340 4485 ,
2375 4439 2475 4492 ego
2522 4423 2688 4474 miser
2720 4421 2936 4474 inventa
2977 4434 3078 4473 ove
3115 4436 3234 4474 mea
3260 4437 3380 4488 qua:

1812 4515 2043 4584 perierat
2075 4515 2446 4579 exsultabo,et
2481 4515 2666 4584 utique
2693 4514 2886 4569 fratres
2918 4516 2993 4568 tui
3028 4531 3239 4570 omnes.
3281 4516 3378 4570 Sin

1812 4609 2016 4670 minus,
2048 4607 2224 4676 praeda
2252 4607 2359 4660 eris
2390 4607 2613 4668 diaboli,
2643 4616 2697 4660 et
2729 4607 2900 4661 haeres
2934 4606 3330 4661 maledictiOnis
3362 4624 3376 4660 :

1812 4716 1917 4769 qua
1953 4699 2179 4764 utinam,
2212 4698 2343 4752 mihi
2373 4700 2633 4755 obediens
2658 4738 2673 4764 ,
2710 4713 2910 4755 etcum
2941 4698 3054 4753 Sila
3089 4701 3256 4753 fratre
3290 4709 3381 4753 tuo

1813 4792 2052 4853 veniens,
2089 4790 2353 4845 libereris.

2208 4980 2312 5037 CX.
2333 5012 2402 5021 —-
2431 4980 2596 5036 Uxori
2639 4980 2975 5036 Demochari.

1400 5098 1688 5146 Consolatur
1711 5096 1760 5146 in
1784 5097 1919 5147 obitu
1945 5097 2127 5148 mariti.

235 5202 355 5272 Ἀφ’
376 5196 444 5273 ἧς
475 5202 686 5273 ἡμέρας
717 5203 990 5274 ἀνηγγέλη
1022 5206 1150 5275 ἡμῖν
1179 5206 1207 5258 6
1230 5203 1455 5268 θάνατος
1479 5204 1571 5258 τοῦ
1601 5223 1707 5275 μα-

137 5298 332 5370 καρίου
366 5298 698 5368 στρατηγοῦ,
742 5299 903 5368 μέχρι
929 5298 1024 5352 τοῦ
1052 5298 1243 5369 δεῦρο,
1282 5298 1451 5351 πολλὰ
1488 5299 1710 5368 δοκιμά-

138 5407 333 5453 σαντες
382 5391 484 5443 οὑκ
537 5391 900 5462 εὐωδώθημεν
961 5392 1264 5446 ἐπιστεῖλαι
1318 5396 1385 5463 τῇ
1435 5391 1707 5462 τιμιότητί

138 5498 230 5535 σου
256 5502 267 5512 ·
331 5486 424 5536 καὶ
472 5483 567 5535 νῦν
599 5483 654 5535 δὲ
701 5484 1102 5547 ἐπιστέλλοντες
1139 5485 1290 5538 οὐδέν
1333 5503 1391 5538 σε
1438 5485 1702 5554 ὠφελεῖν,

135 5572 257 5625 οὐδὲ
283 5571 667 5643 ὲλαφροποιεῖν
699 5573 793 5626 τοῦ
827 5572 1025 5642 βάρους
1051 5575 1151 5645 τῆς
1182 5574 1446 5630 ὲνωδύνου
1479 5573 1704 5645 καρδίας

1888 5206 1959 5257 Ex
1988 5220 2097 5273 quo
2124 5204 2282 5258 nobis
2313 5203 2623 5257 renuntiata
2657 5219 2806 5256 mors
2845 5213 2926 5256 est
2955 5204 3093 5258 beati
3130 5206 3374 5273 magistri

1812 5298 2069 5360 militum,
2093 5298 2158 5351 ad
2196 5297 2342 5350 hunc
2371 5311 2545 5364 usque
2574 5296 2739 5357 diem,
2770 5311 2894 5350 cum
2929 5295 3097 5349 multa
3126 5297 3378 5366 explora-

1815 5391 2092 5455 verimus,
2144 5391 2349 5443 nullam
2397 5388 2734 5442 excellentia:
2781 5398 2888 5441 tua:
2930 5388 3200 5442 scribendi
3237 5390 3375 5442 viam

1809 5485 2057 5538 idoneam
2111 5482 2254 5538 nacti
2291 5497 2533 5538 sumus:
2581 5491 2635 5536 et
2686 5497 2832 5536 nunc
2879 5497 3002 5536 cum
3051 5484 3377 5543 scribimus.

1807 5575 1938 5629 nihil
1969 5575 2162 5645 juvare
2183 5585 2257 5639 te,
2284 5591 2382 5630 nec
2409 5589 2625 5644 gravem
2656 5589 2950 5644 possumus
2975 5575 3155 5632 cordis
3174 5589 3378 5631 maero-

1600 5685 1826 5744 NOTAE.

209 5808 281 5872 U5)
304 5806 361 5860 lu
401 5803 521 5859 cod.
553 5804 681 5870 Reg.
715 5812 826 5872 ριε’.

1926 5808 1997 5873 (7)
2023 5809 2076 5860 lu
2111 5809 2228 5863 cod.
2264 5807 2393 5873 Reg.
2439 5810 2566 5877 ρις’.
2605 5809 2679 5875 (⁸)
2716 5808 3062 5864 Ρειινειιειὶυει.
