3964 6320
583 350 713 417 1371

1784 353 1845 415 S.
1875 349 2273 414 THEODORI
2314 349 2662 417 STUDITfE

3728 336 3869 399 1372

565 484 681 523 rem
709 467 1014 525 sublevare.
1052 468 1185 536 Quae
1222 470 1367 525 enim
1427 470 1651 541 reperiri
1705 481 1875 541 queat
1934 470 2144 533 oratio,

2265 468 2551 537 Ξυνάμεοα.
2626 466 2725 531 Τίς
2777 464 2887 537 γάρ
2944 463 3040 519 καὶ
3092 458 3407 532 ὲξευρεθείη
3463 456 3631 525 λόγος
3688 454 3867 518 ἄλγος

564 577 691 632 quae
717 572 875 617 tanto
904 563 1080 618 dolori
1112 563 1431 618 medeatur?
1469 565 1721 617 Attamen
1760 550 1820 617 ut
1855 561 2006 616 illius
2049 574 2150 614 nos

568 670 791 726 quoque
844 655 899 709 in
935 666 1143 726 partem
1186 655 1379 710 venire
1419 656 1819 720 ostendamus,
1870 668 1983 708 non
2029 655 2151 722 ejus

572 755 785 799 tantum
807 760 976 801 causa
1009 747 1103 816 qui
1135 747 1200 801 ad
1235 747 1529 801 Dominum
1559 747 1731 813 abiit;
1764 745 2036 815 siquidem
2068 744 2152 798 vir

572 832 752 888 bonus
790 842 844 888 et
869 835 1032 904 pius,
1065 835 1329 891 doctrinae
1370 836 1692 891 orthodoxae
1738 844 2149 907 propugnator,

570 926 831 996 pacisque
862 926 1011 997 pugil
1040 927 1329 998 dereliquit
1398 944 1521 991 nos,
1554 943 1588 982 ο
1618 928 1939 983 calamitas!
1975 914 2154 982 sed‘et

572 1016 649 1069 tui
691 1017 863 1086 gratia
894 1032 1014 1085 quae
1036 1017 1291 1072 derelicta
1328 1032 1409 1080 es,
1437 1016 1711 1086 coniugali
1754 1015 1959 1069 auxilio
1988 1014 2154 1069 desti-

572 1116 721 1171 tuta,
754 1109 1053 1177 praesertim
1091 1123 1218 1163 cum
1267 1108 1367 1162 viri
1422 1123 1613 1163 amans
1650 1121 1800 1162 esses
1832 1106 2149 1162 admodum.

573 1200 680 1253 Sed
715 1200 977 1269 quoniam
1008 1200 1178 1255 divini
1217 1201 1420 1256 decreti
1468 1201 1653 1270 ignara
1702 1214 1813 1254 non
1854 1214 1948 1254 es:
1984 1197 2153 1253 Terra

571 1306 662 1353 es,
701 1299 752 1344 et
792 1292 847 1344 in
880 1290 1078 1345 terram
1106 1295 1374 1346 reverteris
1411 1294 1492 1359 ¹³;
1538 1303 1594 1347 et
1627 1307 1847 1346 rursum
1878 1309 1891 1345 :
1944 1288 2013 1344 Ut
2051 1307 2155 1344 non

575 1383 963 1437 contristemini
1008 1386 1072 1436 de
1118 1380 1538 1449 dormientibus,
1592 1384 1727 1437 sicut
1770 1392 1819 1437 et
1859 1383 2033 1437 caeteri
2064 1385 2153 1454 qui

2252 560 2509 614 τοσοῦτον
2534 557 2896 632 θεραπεύειν;
2936 555 3078 612 Ἀλλ’
3106 556 3196 608 ἵνα
3228 550 3584 621 καταδήλους
3619 547 3863 600 ἑαυτοὺς

2253 652 2662 723 ποιήσωμενὼς
2694 650 3034 722 μετέσχομεν
3056 646 3153 699 καὶ
3181 644 3338 699 αὐτοὶ
3359 641 3570 709 λύπης,
3596 639 3661 691 οὐ
3695 636 3866 708 μόνον

2252 746 2347 799 ἐπὶ
2382 745 2461 817 τῷ
2494 745 2861 816 ὲνδημήσαντι
2900 742 3037 813 πρὸς
3070 738 3305 810 Κύριον⁸
3337 736 3421 789 ὃτι
3465 732 3621 802 ἀνὴρ
3647 728 3866 797 ἀγαθὸς

2254 838 2349 893 καὶ
2379 837 2648 907 εὐσεϐὴς,
2684 836 2969 908 πρόμαχος
3010 830 3353 904 όρθοδοξίας,
3390 825 3489 878 καὶ
3527 819 3863 891 ἀγωνιστὴς

2254 929 2501 1001 εἰρήνης,
2537 927 2893 982 ἀπολέλοιπεν
2932 926 3102 996 ἡμᾶς.
3132 920 3177 975 ὢ
3200 920 3304 991 τῆς
3331 916 3671 988 συμφορᾶςι
3722 910 3863 966 ἀλλὰ

2254 1022 2349 1074 καὶ
2369 1022 2461 1075 ἐπὶ
2486 1022 2569 1074 σοὶ
2587 1022 2654 1091 τῇ
2688 1017 3111 1089 καταλειφθείσῃ
3142 1014 3335 1085 ἐρήμῳ
3368 1011 3469 1080 τῆς
3498 1003 3861 1077 ὁμοζυγικῆς

2255 1112 2598 1184 ἐπικουρίας,
2635 1111 2813 1174 ἄλλως
2842 1127 2903 1163 τε
2936 1110 3033 1163 καὶ
3071 1103 3442 1177 φιλανδρούσῃ
3467 1100 3623 1152 λίαν.
3656 1095 3861 1156 Οὕτως

2253 1198 2348 1257 οῦν
2402 1201 2831 1274 ἀπαραμύθητον
2885 1198 2945 1252 τὸ
3007 1195 3179 1258 πάθος
3230 1189 3522 1256 ἀπέδειξεν
3586 1189 3618 1239 ὁ
3664 1184 3856 1252 λόγος.

2268 1292 2406 1346 Ἀλλ’
2448 1294 2572 1346 ἐπεὶ
2598 1292 2698 1345 οὐκ
2729 1286 2780 1343 εῖ
2810 1288 3099 1350 ἀδίδακτος
3124 1283 3219 1337 τοῦ
3248 1281 3395 1335 θείου
3435 1277 3857 1346 διατάγματος.

2254 1385 2335 1438 ὅτι
2358 1382 2449 1454 Γῆ
2474 1380 2681 1448 εἷ,.καὶ
2709 1383 2797 1447 εις
2815 1379 2933 1451 γῆν
2969 1376 3307 1443 ἁπελεύσῃ.
3346 1372 3457 1425 Καὶ
3484 1369 3677 1422 πάλιν·
3716 1368 3860 1419 ἰνα

576 1490 721 1542 spem
752 1492 851 1528 non
880 1475 1070 1529 habent
1106 1475 1184 1542 “;
1221 1492 1345 1531 cum
1386 1477 1462 1531 illi
1494 1492 1521 1531 a
1556 1475 1665 1531 Deo
1696 1476 1997 1531 adducendi
2045 1477 2157 1531 sint

2265 1478 2337 1547 μὴ
2359 1478 2459 1531 ἐπὶ
2482 1475 2608 1543 τοῖς
2623 1470 3074 1543 κεκοιμημένοις
3098 1466 3405 1535 λυπῆσθε,
3432 1462 3638 1527 καθὼς
3668 1459 3781 1513 καὶ
3804 1460 3857 1511 οὶ

576 1581 701 1621 cum
732 1564 858 1622 Jesu
902 1568 957 1623 in
984 1569 1422 1625 resurrectione:
1456 1569 1739 1624 hortamur
1762 1576 1817 1625 et
1839 1584 2061 1625 oramus
2096 1576 2157 1623 ut

578 1657 809 1712 nimium
841 1658 1083 1714 dolorem
1120 1661 1379 1730 abjicias.
1408 1661 1843 1715 consolationem
1897 1662 2140 1733 aliquam

578 1751 835 1819 accipias,
866 1752 931 1804 ad
961 1758 1012 1804 te
1042 1751 1253 1814 redeas,
1286 1751 1530 1804 animum
1561 1751 1833 1806 exhilares
1858 1769 1873 1807 :
1902 1753 2154 1823 quando-

578 1842 803 1910 quidem
841 1841 1043 1896 liberos
1106 1841 1298 1905 habes,
1347 1851 1402 1897 et
1456 1840 1663 1896 familia
1715 1843 1809 1897 tibi
1851 1854 1933 1899 est
1976 1844 2157 1902 indole

578 1936 749 1989 animi
787 1946 1082 2005 praestans;
1106 1945 1162 1991 et
1188 1937 1291 1990 nisi
1324 1952 1476 1993 mens
1509 1936 1685 2008 erigat
1711 1952 1769 1994 se
1790 1940 1859 1993 ad
1897 1940 2158 1996 cohiben-

578 2026 709 2080 dum
732 2026 995 2091 dolorem,
1023 2042 1214 2097 regere
1243 2043 1309 2083 ac
1341 2029 1442 2082 rite
1477 2028 1781 2099 gubernare
1812 2030 1962 2085 nullo
1994 2032 2158 2089 modo

576 2117 797 2187 poterit.
834 2116 915 2170 Ad
945 2126 1253 2172 extremum
1287 2118 1452 2173 beato
1480 2118 1641 2174 etiam
1692 2119 1772 2173 illi
1803 2119 2157 2189 profuturum

576 2216 664 2263 est
694 2208 747 2261 id
773 2207 918 2276 quod
945 2207 1239 2263 suademus
1266 2228 1279 2264 :
1311 2224 1420 2279 quo
1458 2207 1592 2278 quid
1629 2223 1751 2264 esse
1782 2210 1956 2278 possit
1994 2220 2156 2279 opta-

577 2295 789 2353 bilius?
820 2297 959 2363 Quid
985 2312 1117 2367 ergo
1152 2306 1343 2363 restat,
1381 2297 1641 2351 domina?
1664 2297 1738 2351 Da
1760 2297 1991 2368 gloriam
2016 2298 2160 2354 bono

581 2389 691 2445 Deo
718 2407 735 2456 ;
765 2389 947 2458 profer
979 2390 1068 2444 illa
1102 2391 1270 2444 verba
1298 2389 1401 2445 Job
1434 2407 1448 2444 :
1484 2388 1737 2441 Dominus
1761 2390 1927 2455 dedit,
1975 2390 2161 2445 Domi-

581 2498 678 2535 nus
694 2481 913 2537 abstulit
929 2499 949 2547 ;
969 2483 1105 2535 sicut
1130 2481 1353 2535 Domino
1373 2482 1576 2551 placuit
1594 2483 1671 2533 ita
1696 2490 1745 2534 et
1772 2480 1969 2543 factum
2000 2484 2158 2540 est".

581 2571 817 2627 Maxima
847 2573 974 2629 inde
1006 2588 1194 2627 revera
1254 2573 1347 2626 tibi
1412 2573 1531 2626 laus
1593 2571 1790 2639 fuerit,
1848 2574 2162 2645 patebitque

584 2678 752 2733 quam
788 2664 989 2719 eruditi
1019 2664 1121 2718 viri
1148 2680 1286 2719 uxor
1314 2664 1500 2720 fueris.
1535 2663 1738 2721 Doctus
1769 2666 1859 2721 ille
1887 2667 2159 2737 siquidem

581 2766 639 2810 et
674 2757 982 2826 sapicn3,et
1012 2757 1294 2812 institutor
1323 2774 1433 2813 non
1460 2758 1821 2814 initiatorum.
1847 2758 2028 2826 Quare
2054 2762 2165 2817 sic-

585 2862 645 2907 ut
676 2852 766 2908 ille
820 2852 955 2909 viris
984 2854 1306 2923 praeclarum
1336 2852 1440 2908 l‘uit
1462 2854 1796 2924 exemplum,
1820 2865 1939 2911 esto
1966 2864 2023 2912 et
2046 2856 2163 2926 ipsa

585 2943 908 3000 mulieribus
935 2987 950 3011 ,
990 2944 1208 3015 lugendi
1241 2944 1481 2999 studium
1521 2944 1821 3011 declinans,
1873 2955 1926 3000 et
1976 2958 2163 3002 osten-

585 3036 723 3091 dens
780 3044 1018 3093 tutorem
1083 3038 1178 3093 tibi
1239 3037 1409 3091 Deum
1467 3052 1628 3103 esse,
1681 3039 1818 3108 qui,
1878 3054 2003 3094 cum
2050 3056 2162 3095 non

2254 1566 2458 1623 λοιποὶ
2494 1567 2549 1620 οι
2592 1564 2673 1633 μὴ
2718 1563 2965 1633 ἔχοντες
3013 1557 3267 1613 ἐλπίδα·
3316 1555 3393 1617 ὼς
3429 1551 3858 1623 ἀχθησομένοις

2257 1660 2357 1714 σὺν
2394 1658 2475 1729 τῷ
2517 1655 2696 1728 Ἰησοῦ
2749 1654 2855 1707 ὑπὸ
2901 1650 3040 1707 Θεοῦ
3079 1651 3138 1703 ὲν
3170 1650 3238 1720 τῇ
3281 1644 3623 1701 ἀναστάσεν
3664 1654 3856 1710 παρα-

2259 1750 2533 1822 καλοῦμεν
2584 1748 2677 1804 καὶ
2728 1742 3120 1814 ἀντιϐολοῦμεν
3170 1737 3406 1793 κενῶσαί
3468 1752 3532 1788 σε
3595 1732 3662 1786 τὸ
3715 1730 3856 1783 πολὺ

2186 1810 2230 1868 Β
2256 1844 2355 1915 τῆς
2375 1810 2586 1913 λύπης,
2638 1838 2826 1893 λαὸεἶν
2858 1810 3209 1907 παραμύθιον
3245 1830 3466 1903 μικρὸν,
3512 1828 3601 1889 είς
3646 1822 3855 1893 ἑαυτὴν

2257 1935 2542 2007 γενέσθαι,
2597 1930 2852 2004 ἱλαρῦναι
2896 1929 2998 1998 τὴν
3046 1925 3254 1996 ψυχήν·
3299 1920 3493 1990 ἐπειδὴ
3539 1919 3643 1972 καὶ
3680 1917 3852 1970 τέκνα

2259 2029 2435 2100 ἔχεις,
2466 2026 2565 2081 καὶ
2611 2024 2762 2078 οίκία
2808 2040 2891 2076 σοι
2946 2020 3183 2090 πάρεστι
3218 2011 3611 2088 μεγαλοφυής·
3661 2009 3766 2063 καὶ
3804 2008 3853 2060 εί

2263 2124 2339 2194 μὴ
2359 2122 2387 2173 ό
2412 2120 2539 2183 νοῦς
2557 2116 2840 2185 ἀνενέγκοι
2866 2113 2968 2184 τῆς
2991 2109 3458 2181 κατακρατήσεως
3485 2102 3587 2157 τοῦ
3614 2102 3847 2167 πάθους,

2260 2214 2483 2267 διοικεῖν
2508 2210 2603 2263 καὶ
2637 2209 2845 2262 διέπειν
2893 2203 3070 2275 ὀρθῶς
3116 2202 3217 2255 οὐκ
3256 2200 3322 2253 ἄν
3370 2213 3507 2250 ποτε
3556 2194 3847 2264 δυνηθείη.

2274 2304 2401 2359 Ἐπὶ
2447 2303 2583 2356 πᾶσι
2611 2300 2668 2353 δὲ
2704 2296 2946 2368 κάκείνῳ
2990 2293 3070 2364 τῷ
3103 2290 3361 2362 μακαρίῳ
3389 2288 3753 2357 λυσιτελήσει
3792 2283 3849 2335 τὸ

2259 2394 2586 2464 λεγόμενον*
2624 2382 2687 2442 οῦ
2730 2387 2781 2441 τί
2824 2386 2891 2441 ἂν
2939 2386 3152 2455 γένοιτο
3204 2379 3845 2453 περισπουδαστότερονς

2261 2486 2328 2540 Τί
2353 2481 2449 2539 οῦν
2477 2480 2684 2546 λοιπὸν,
2727 2473 2773 2534 ὦ
2805 2476 3006 2548 κυρίας
3041 2475 3127 2538 δὸς
3156 2474 3312 2539 δόξαν
3342 2471 3422 2543 τῷ
3460 2468 3663 2539 ἀγαθῷ
3690 2466 3845 2536 Θεῷ·

2262 2575 2491 2646 φθέγξαι
2526 2574 2596 2627 τὰ
2620 2569 2714 2627 τοῦ
2755 2569 2909 2635 Ἰὼϐ,
2950 2568 3005 2621 ’0
3033 2568 3249 2635 Κύριος
3274 2565 3521 2627 ἔδωκεν,
3547 2563 3586 2615 ὁ
3630 2560 3849 2627 Κύριος

2261 2668 2576 2738 ἀφείλετοι
2622 2664 2703 2730 ὡς
2729 2660 2808 2727 τῷ
2840 2659 3035 2729 Κυρίῳ
3067 2656 3302 2721 ἔδοξεν,
3332 2654 3525 2719 οὕτως
3568 2651 3677 2705 καί
3718 2650 3846 2719 ὲτέσ

2261 2777 2419 2816 rato.
2463 2756 2560 2828 Εἶη
2600 2753 2852 2809 ἐντεῦθεν
2879 2753 2956 2816 ὡς
2979 2749 3194 2819 ἀληθῶς
3227 2746 3485 2819 μέγιστον
3529 2743 3719 2807 κλέος,
3756 2740 3849 2793 καὶ

2264 2853 2491 2923 φανείης
2512 2850 2627 2904 οἴου
2653 2844 3086 2915 πεπαιδευμένου
3114 2840 3307 2911 ἀνδρδς
3329 2837 3604 2908 ὁμόζυγος
3633 2834 3845 2904 ἐγένου.

2263 2948 2376 3002 Καὶ
2405 2946 2513 3015 γὰρ
2539 2945 2743 3006 ἐκεῖνος
2772 2941 2867 2995 καὶ
2892 2935 3214 3008 γνωστικὸς,
3246 2934 3341 2988 καὶ
3366 2931 3553 2999 σοφὸς,
3584 2928 3685 2981 καὶ
3715 2945 3844 2979 παι-

2265 3040 2457 3110 δευτὴς
2491 3037 2595 3090 τῶν
2622 3035 2903 3106 ἀμυήτων.
2951 3031 3038 3094 Ὠς
3081 3028 3190 3100 γὰρ
3219 3021 3311 3081 οῦν
3343 3024 3552 3084 ἐκεῖνος
3584 3021 3847 3090 ἀνδράσιν

586 3141 780 3193 esses,
850 3135 910 3182 ut
980 3143 1129 3184 esses
1190 3127 1257 3182 de
1314 3127 1489 3181 nihilo
1540 3138 1589 3182 te
1640 3127 1934 3197 produxit,
1989 3136 2044 3181 et
2098 3129 2164 3184 ad

2269 3132 2573 3200 ὑπόδειγμα
2594 3127 2780 3192 καλὸν,
2808 3125 2899 3178 ἔσο
2935 3122 3030 3175 καὶ
3054 3120 3193 3189 αὑτὴ
3211 3116 3482 3187 γυναιξὶν,
3512 3112 3847 3203 ἐκκλίνουσα

586 3215 872 3273 ﬂorentem
922 3226 1135 3273 aetatem
1190 3218 1482 3289 perduxit,
1538 3227 1591 3273 et
1646 3227 1799 3274 tanto
1860 3220 1981 3274 viro
2036 3236 2165 3275 con-

585 3308 813 3381 junxit,
872 3308 1317 3379 disjunctamque
1372 3309 1567 3365 iterum
1623 3312 1776 3365 uniet
1834 3325 1930 3380 per
1984 3326 2167 3367 resur-

589 3400 913 3458 rectionem.
972 3399 1154 3468 Quare
1212 3415 1500 3455 excessum
1553 3401 1723 3471 ipsius
1773 3403 2167 3471 peregrinatio-

594 3508 717 3546 nem
745 3507 868 3548 esse
906 3492 1111 3563 cOgita.
1166 3493 1363 3546 Annon
1395 3492 1560 3562 igitur
1600 3488 1960 3563 privationem
1993 3493 2165 3551 ferres

593 3588 639 3641 si
690 3602 783 3641 rex
841 3595 1092 3642 terrenus
1136 3588 1463 3642 mandaret?
1498 3588 1621 3654 Fer,
1657 3589 1890 3643 domina
1942 3604 2083 3653 mea,
2114 3597 2168 3644 et

596 3672 755 3727 istam
796 3690 962 3744 quam
994 3675 1143 3730 solus
1177 3691 1340 3731 verus
1367 3684 1420 3731 et
1455 3678 1701 3732 omnium
1731 3692 1825 3732 rex
1862 3677 2164 3746 imperavit.

595 3761 672 3817 Ita
703 3780 930 3834 prorsus
961 3767 1247 3821 hortamur
1279 3783 1292 3821 :
1323 3776 1379 3822 et
1405 3782 1536 3823 vero
1584 3784 1867 3839 speramus
1920 3778 2169 3841 receptu-

601 3870 717 3909 ram
759 3867 811 3911 te
846 3872 970 3912 eum
1014 3859 1066 3911 in
1110 3860 1199 3914 die
1227 3859 1339 3923 illa,
1403 3872 1690 3929 postquam
1737 3860 2059 3922 viduitatem
2114 3863 2170 3917 in

602 3946 833 4003 Domino
871 3953 1204 4017 servaveris,
1240 3961 1294 4006 et
1321 3952 1535 4021 egregia
1564 3953 1803 4022 germina
1834 3969 1998 4023 quam
2030 3955 2173 4023 opti-

599 4056 687 4096 mc
707 4041 1015 4097 institueris
1045 4059 1058 4095 :
1090 4059 1212 4113 qua:
1240 4055 1293 4098 et
1319 4059 1420 4098 nos
1450 4045 1771 4110 salutamus,
1804 4052 1859 4098 et
1888 4045 2172 4099 hortamur

601 4141 662 4184 ut
690 4132 806 4201 pari
841 4147 907 4187 ac
946 4143 1003 4187 tu
1035 4135 1204 4188 animi
1238 4134 1612 4190 moderatione
1667 4145 1946 4205 paternam
1978 4137 2175 4191 absen-

600 4229 731 4282 tiam
765 4226 965 4297 l‘erant,
1000 4241 1056 4286 et
1087 4242 1333 4289 materna
1364 4232 1670 4288 directione
1701 4233 1766 4288 ad
1804 4244 1951 4290 recta
1989 4233 2174 4291 omnia

603 4320 981 4379 inlormentur.

892 4616 1029 4673 CXI.
1062 4648 1129 4657 --
1161 4616 1438 4672 Monac-Itis
1478 4616 1851 4689 Myelensibua.

2265 3222 2326 3275 τδ
2362 3216 2684 3289 φιλοπενθὲς
2703 3256 2719 3281 ,
2749 3216 2844 3269 καὶ
2879 3211 3201 3267 δεικνύουσα
3227 3209 3311 3261 δτι
3350 3224 3432 3260 σοι
3465 3203 3789 3275 προστάτης
3818 3201 3848 3253 ό

2265 3313 2418 3376 Θεὸς,
2452 3311 2511 3375 ὃς
2536 3309 2631 3364 καὶ
2663 3309 2729 3360 ὲκ
2752 3305 2849 3360 τοῦ
2891 3303 2966 3375 μὴ
2998 3302 3150 3365 ὄντος
3192 3301 3272 3363 είς
3312 3298 3373 3351 τὸ
3405 3292 3547 3351 εἶναί
3600 3314 3665 3350 σε
3707 3312 3849 3363 παρ-

2266 3406 2462 3477 ήγαγε,
2498 3404 2591 3457 καὶ
2622 3404 2703 3465 είς
2732 3398 2918 3470 ἀκμὴν
2948 3394 3163 3468 ἡλικίας
3196 3394 3391 3463 ἤγαγε,
3418 3390 3516 3442 καὶ
3537 3388 3848 3460 τηλικούτῳ

2266 3494 2420 3569 ἀνδρὶ
2447 3490 2750 3555 συνέζευξε,
2779 3489 2873 3542 καὶ
2894 3482 3049 3549 αὖθις
3072 3480 3359 3547 διαζεύξας
3387 3477 3727 3569 ἑνώσειεῌδιὰ
3752 3477 3847 3543 τῆς

2266 3564 2615 3646 ἀναστάσεως
2642 3597 2656 3612 ⁸
2721 3580 2861 3633 ὥστε
2919 3578 3140 3648 νόμισον
3207 3571 3518 3643 ἀποδημίαν
3580 3564 3725 3621 εἶναι
3790 3568 3849 3621 τὺ

2269 3679 2523 3748 πρᾶγμα.
2560 3675 2675 3728 Οὐκ
2724 3664 2833 3741 ἄρα
2862 3672 3091 3741 ἧνεγκες
3135 3668 3234 3740 τὴν
3272 3666 3556 3735 στέρησιν,
3593 3663 3645 3715 εί
3688 3660 3847 3731 βασι·-

2268 3772 2391 3834 λεὺς
2430 3769 2674 3834 ἐπίγειος
2702 3763 3035 3835 ἐπέτρεψεν;
3067 3758 3246 3826 Οίσον,
3281 3755 3546 3813 δέσποινά
3595 3772 3724 3825 μου,
3756 3756 3846 3806 καὶ

2268 3863 2463 3934 τήνδε,
2503 3862 2569 3933 ἣν
2602 3861 2631 3913 ό
2675 3858 2836 3929 μόνος
2881 3853 3133 3927 ἀληθινὸς
3180 3850 3276 3904 καὶ
3305 3849 3529 3903 πάντων
3589 3844 3846 3915 βασιλεὺς

2271 3956 2544 4010 ἐκέλευσε.
2606 3952 2736 4019 Ναὶ,
2771 3946 3231 4019 παρακαλοῦμεν,
3284 3941 3379 3995 καί
3411 3957 3477 4009 γε
3514 3937 3847 4005 πιστεύομεν

2270 4044 2645 4119 ἀπολήψεσθαι
2673 4060 2732 4096 σε
2762 4040 2927 4095 αὑτὸν
2957 4040 3015 4091 ὲν
3047 4039 3113 4107 τῇ
3162 4034 3347 4106 ἡμέρᾳ
3386 4029 3612 4103 ἐκείνῃ·
3645 4028 3847 4119 φυλάτ-

2271 4116 2469 4192 τουσαν
2501 4135 2601 4203 τὴν
2627 4131 2857 4203 χηρείαν
2901 4130 2958 4182 έν
2983 4125 3172 4195 Κυρίῳ
3192 4163 3209 4190 ,
3237 4122 3331 4175 καὶ
3372 4134 3565 4171 τεκνοτ
3577 4116 3848 4188 ροφοῦσαν

2272 4230 2471 4303 ἄριστα
2515 4228 2585 4281 τὰ
2625 4224 2766 4278 καλά
2810 4222 3204 4294 βλαστήματαο
3254 4215 3400 4285 ἅπερ
3443 4212 3543 4266 καὶ
3572 4228 3846 4303 προσαγο-

2277 4302 2507 4395 ρεύομεν
2530 4332 2545 4347 ·
2579 4318 2677 4371 καὶ
2723 4312 3097 4386 ὁμοιοτρόπως
3139 4326 3223 4362 σοι
3253 4303 3633 4377 παραινοῦμεν
3664 4302 3845 4395 φέρειν

2276 4392 2373 4483 τὴν
2398 4410 2672 4482 πατρικὴν
2704 4408 2980 4477 στέρησιν,
3016 4401 3110 4457 καὶ⁵
3143 4400 3385 4472 μητρυιῇ
3420 4392 3845 4450 διαπλάττεσθαι

2197 4488 2245 4545 Ῐ)
2275 4505 2528 4578 ρυθμίσει
2565 4501 2703 4574 πρὸς
2732 4501 2912 4553 πᾶσαν
2953 4493 3244 4564 εὐθύτητα.

2414 4622 2541 4675 PIA'
2566 4618 2666 4690 (7).
2684 4646 2757 4659 —
2784 4612 2918 4680 Τοῖς
2940 4608 3265 4681 μονάζουσι
3290 4604 3560 4671 Μυέλης.
3648 4596 3837 4675 [χμγ¹.]

1272 4733 1500 4799 Elogium
1530 4733 1754 4797 Dionysii
1787 4736 2009 4787 monachi
2033 4736 2117 4799 qui
2143 4738 2271 4802 apud
2295 4738 2582 4801 Myelenses
2603 4735 2786 4797 hospes
2820 4729 2937 4780 illos
2961 4726 3172 4778 obierat.

675 4840 939 4896 Dormitio
978 4842 1197 4912 quidem
1245 4842 1425 4897 dilecti
1457 4841 1644 4898 fratris
1699 4842 1871 4897 nostri
1910 4841 2174 4916 Dionysii,

605 4931 829 4988 deﬁnito
876 4932 971 4987 Dei
1018 4933 1248 4990 consilio
1297 4943 1425 4989 ante
1466 4934 1909 4989 constitutionem
1962 4936 2171 5001 mundi,

601 5025 715 5097 jam
740 5026 959 5085 accidit.
997 5024 1165 5083 Vobis
1201 5042 1350 5094 vero,
1388 5027 1610 5092 fratres,
1654 5025 1956 5081 benefaciat
1994 5026 2176 5083 Domi-

608 5135 737 5186 nus,
791 5120 936 5190 quod
994 5120 1147 5175 illum
1210 5120 1403 5174 morbo
1458 5119 1731 5185 all‘ectum,
1788 5119 1842 5173 in
1898 5118 2177 5190 praestanti

609 5212 945 5267 monasterio
980 5221 1181 5277 vestro,
1218 5227 1343 5266 cum
1380 5211 1505 5266 illac
1541 5212 1643 5265 iter
1686 5210 1931 5276 haberet,
1962 5212 2181 5283 excepi-

609 5305 711 5360 stis
796 5303 959 5376 idque
1000 5304 1356 5375 quoadusque
1389 5303 1793 5358 tabernaculum
1823 5304 1876 5357 in
1906 5313 2051 5358 terra
2083 5302 2180 5359 de-

609 5401 808 5468 posuit,
860 5399 1201 5469 evolavitque
1246 5399 1299 5453 in
1341 5399 1560 5453 caelum.
1626 5397 1857 5468 Dignum
1889 5412 2052 5467 porro
2085 5397 2177 5467 qui

610 5505 677 5545 eo
710 5490 1016 5560 perveniret
1040 5490 1261 5546 hatrem
1293 5489 1461 5545 luisse
1501 5490 1671 5544 multa
1724 5498 2012 5544 testantur.
2056 5487 2175 5543 Pri-

682 5606 728 5638 ”
760 5604 957 5662 Gencs.
984 5620 1068 5672 ιιι,
1092 5605 1178 5661 19.
1254 5604 1346 5659 “1
1379 5602 1575 5661 Thess.
1602 5620 1674 5671 ιν,
1713 5602 1799 5659 12.
1879 5603 1924 5635 ²¹
1956 5599 2057 5658 Job
2090 5616 2130 5655 ι.
2160 5598 2256 5657 21.

2360 4847 2426 4899 Ἦ
2450 4844 2548 4917 μὲν
2579 4841 2834 4912 κοίμησις
2857 4836 2952 4891 τοῦ
2984 4830 3268 4906 ἀγαπητοῦ
3293 4828 3453 4902 ἡμῶν
3478 4824 3712 4917 ἀδελφοῦ
3734 4828 3843 4917 ago-

2279 4915 2483 5001 νυσίου,
2515 4935 2582 5004 τῇ
2614 4929 2892 5004 ὡρισμένῃ
2915 4926 3078 4997 βουλῇ
3114 4922 3213 4979 τοῦ
3239 4919 3377 4975 Θεοῦ
3404 4918 3515 4990 πρὸ
3540 4915 3841 4985 καταϐολῆς

2279 5028 2507 5097 κόσμου,
2567 5024 2668 5095 ήδη
2719 5023 2844 5093 ὅρον
2902 5017 3111 5072 ἐλαϐεν.
3150 5014 3311 5083 Ὑμῖν
3378 5011 3461 5075 δὲ,
3515 5010 3755 5079 ἀδελφοὶ,
3786 5004 3838 5061 εὖ

2281 5121 2503 5190 ποιήσαι
2534 5116 2759 5188 Κύριος,
2790 5115 2873 5168 ὅτι
2913 5106 3243 5181 ὑπεδέξασθε
3275 5105 3444 5160 αὑτὸν
3477 5102 3841 5174 ἀσθενήσαντα

2283 5210 2428 5264 κατά
2486 5206 2719 5280 πάροδον
2774 5205 2832 5258 ὲν
2859 5205 2925 5272 τῇ
2976 5196 3309 5270 διαφερούσῃ
3371 5195 3508 5265 ὑμῖν
3547 5196 3684 5264 μονῇ
3708 5209 3725 5224 ·
3756 5193 3841 5244 καὶ

2281 5300 2440 5355 τοῦτο
2471 5299 2666 5370 μέχρις
2695 5296 2761 5351 ἂν
2791 5294 3023 5349 ἀπέθετο
3069 5290 3129 5344 τὸ
3162 5288 3363 5358 σκῆνος
3410 5289 3474 5341 ὲν
3499 5290 3599 5358 γῇ,
3638 5287 3728 5340 καὶ
3750 5285 3841 5338 ἀπ·

2287 5390 2428 5459 έπτη
2461 5391 2538 5453 εἰς
2568 5386 2814 5460 οὐρανόν.
2856 5386 2976 5439 Ὅτι
3010 5381 3069 5436 δὲ
3101 5380 3252 5444 ἄξιος
3278 5379 3380 5450 τῆς
3410 5380 3600 5432 ἐκεῖσε
3632 5377 3839 5448 πορείας

2280 5485 2310 5536 ό
2334 5481 2582 5554 ἀδελφὸς,
2611 5478 2884 5554 μαρτύρια
2912 5472 3104 5531 πολλά.
3124 5471 3351 5545 Πρῶτον
3377 5470 3482 5543 μὶν
3501 5472 3540 5545 ἠ
3570 5470 3725 5543 μέχρι
3747 5471 3837 5539 γή-

2101 5709 2328 5769 ΝΟΤΔΕ.

692 5806 767 5875 (7)
804 5808 858 5862 ιιι
888 5807 1010 5862 cod.
1036 5807 1169 5876 Reg.
1213 5808 1332 5876 ptfl’.
