3964 6320
161 312 329 380 1373

156 449 316 502 ρους
353 435 462 489 ἀπὸ
487 439 756 509 νεότητος.
786 443 1008 514 δόκιμος
1031 449 1196 511 αὑτοῦ
1230 454 1500 532 ὑποταγή.

155 522 262 587 δὶς
295 526 655 599 ὲφυλακίσθη,
681 532 830 598 ἅπαξ
850 537 1064 608 ἀπῆρεν
1089 544 1146 594 ὲν
1174 547 1240 614 τῇ
1278 522 1627 625 Δὺσείίὺπὲρ
1655 557 1756 626 τῆς

155 616 311 668 καθ’
343 618 489 687 ἡμᾶς
523 621 848 691 Ἐκκλησίας
885 628 1182 697 ἀπόστολος
1209 652 1223 666 ⁸
1255 639 1426 710 ὅνπερ
1465 616 1756 717 εὐλόγησεν

155 707 539 767 ὰποστολικὸν
568 714 764 786 στόμα,
788 719 1064 791 καί,ᾕνεσε
1097 707 1710 808 Ῥωμαίων-Ἐκκλησία
1736 755 1752 771 ο

155 798 227 859 ὃς
247 801 358 898 καί
386 807 808 898 μεμαρτύρηται
856 812 960 866 ὑπὸ
1008 798 1225 882 πολλοῖς
1262 798 1622 898 ἀδελφότητος
1660 831 1757 885 αὑ·-

155 891 312 992 τοξῖζ
547 896 807 992 δυῂρτὸς
842 905 993 974 ἔργῳ
1025 911 1122 964 καὶ
1178 915 1356 983 λόγῳ,
1390 891 1629 992 ὲργάτης
1664 925 1754 976 ἐν-

153 977 353 1032 τολῶν
380 980 535 1049 θεοῦ,
564 986 757 1053 στύλος
792 993 886 1046 καὶ
907 996 1186 1069 ἑδραίωμα
1211 1003 1306 1055 τοῦ
1343 1008 1546 1063 οἰκείου
1576 1030 1756 1066 κοινοο

326 1089 342 1103 ο
379 1074 547 1130 πολλά
577 1080 956 1154 ἐνδειξάμενος
983 1089 1186 1160 ἀρετῆς
1223 1094 1509 1166 ἰδιώματα,
1541 1105 1635 1156 καὶ
1659 1106 1754 1160 νῦν

154 1163 314 1217 αὐτὸ
349 1167 507 1222 τοῦτο
535 1173 677 1228 κατὰ
703 1175 793 1229 τὸν
835 1180 1074 1251 παρόντα
1102 1163 1360 1259 διωγμὸνς
1389 1197 1754 1268 περιερχόμε-

155 1273 268 1359 vo;
301 1259 486 1359 πόλεις
517 1282 575 1317 τε
605 1267 698 1319 καὶ
730 1268 934 1340 χώρας,
968 1273 1385 1350 ὑστερούμενος,
1409 1259 1750 1359 ΘλἿιὸόμενος,

155 1348 226 1450 εν
267 1350 348 1421 τῷ
379 1352 649 1450 διακονεῖν
678 1358 772 1412 τὸν
803 1362 903 1431 τῆς
931 1365 1188 1437 ἀληθείας
1206 1348 1394 1442 λόγον,
1426 1348 1620 1450 μέχρις

153 1437 334 1547 ἐπνει
382 1443 697 1516 ἐκδημήσας
723 1451 859 1522 πρὸς
893 1455 1116 1528 Κύριον.
1171 1437 1438 1521 Τοιοῦτον·
1458 1437 1572 1535 οὑν,
1599 1437 1686 1537 ,ὡς
1713 1478 1748 1547 ἡ

152 1532 410 1640 ἀλήίῖεια
631 1541 995 1616 ὲξεναγήσατε
1039 1551 1226 1608 δοῦλον
1266 1559 1494 1631 Κυρίου,
1526 1532 1620 1619 καὶ

152 1621 425 1679 λικοῦτον
452 1627 704 1699 λείψανον
736 1635 892 1705 ἅγιον
934 1645 1064 1715 παρ’
1091 1645 1220 1715 ὑμῖν
1258 1621 1584 1728 ᾠκονομηθη
1612 1621 1750 1712 ἀπδ-

153 1718 631 1827 θησαυῗσθῆναι.
666 1731 758 1785 Διὸ
811 1738 906 1788 καὶ
962 1739 1165 1807 μᾶλλον
1214 1718 1627 1820 προσετέθημεν
1677 1758 1745 1827 τῇ

150 1812 338 1913 κατα.
362 1814 738 1913 Θεὸνμάγάπῃ
775 1826 947 1897 ὑμῶν,
984 1833 1078 1886 καὶ
1123 1810 1469 1909 ὲπευγόμεθα
1506 1810 1647 1913 ’ὑμῖν
1678 1810 1748 1902 1:;
1785 1810 1824 1866 Β

149 1901 352 2008 ἀγαῨά
377 1906 480 2008 της
505 1909 617 1962 ἄνω
661 1912 1041 1991 Ἰερουσαλὴμ,
1073 1923 1190 1976 ἀνθ’
1219 1901 1292 1980 ὧν
1326 1901 1466 1998 μετὰ
1484 1901 1748 2008 ἀληθινῆς

152 1996 401 2063 καρδίας
429 1999 759 2066 ὑπεδέξασθε
789 2009 882 2062 τὸν
913 2011 1059 2067 ὅσιον
1085 2018 1381 2090 Διονύσιον,
1404 2018 1467 2097 ob
1516 2028 1576 2081 τὸ
1605 2046 1744 2102 μνη·

155 2088 409 2158 μόσυνον
440 2095 581 2162 μετὰ
612 2098 720 2153 τῶν
752 2102 1040 2175 ὁμοταγῶν
1069 2109 1260 2179 ἁγίων.

228 2392 363 2447 PID’
382 2395 483 2466 (8).
509 2427 578 2438 --
597 2402 980 2494 Κατηχηιτικξ]
999 2410 1148 2494 πρὸς
1163 2413 1304 2494 ςοῂς
1322 2418 1539 2476 ἑαυτοῦ
1558 2440 1673 2492 μα-

817 2479 1021 2544 θητάς.
1056 2479 1245 2558 [χμδ¹.]

1381 344 1912 413 EPISTOLARUM
1947 357 2094 421 LIB.
2134 365 2214 424 II.

3294 367 3429 433 1374

1524 463 1756 517 Ἔπειτα
1784 479 1834 527 Α
1863 491 2010 528 mmn
2044 478 2287 545 quidem,
2319 481 2385 534 ab
2419 480 2703 549 iuventute
2739 480 2804 534 ad
2851 483 3061 536 senium
3101 497 3275 550 usque
3303 500 3430 552 spc-

1859 574 2001 620 ctata
2049 567 2154 623 fuit
2196 570 2317 639 ejus
2356 571 2684 626 obedientia.
2737 571 2940 627 Deinde
2986 573 3039 627 in
3072 574 3307 629 vinculis
3349 575 3432 631 his

1857 656 2002 713 fuit:
2055 662 2222 715 semel
2283 664 2339 716 in
2391 661 2739 718 Occidentem
2794 680 2893 735 pro
2939 666 3179 721 Ecclesia
3241 676 3430 723 nostra

1857 752 2067 822 legatus
2096 754 2372 825 profectus
2396 767 2479 812 est
2512 775 2526 812 :
2572 757 2697 813 huic
2736 758 3010 814 benedixit
3057 775 3120 815 os
3161 761 3428 829 apostoli—

1854 855 1977 896 cum
2008 861 2022 898 :
2056 843 2201 900 hunc
2251 846 2492 901 laudavit
2540 847 2783 903 Ecclesia
2840 850 3083 904 Romana
3111 867 3124 905 :
3151 851 3241 920 qui
3273 853 3428 905 testi-

1856 933 2100 988 monium
2138 937 2302 990 etiam
2337 938 2528 992 habuit
2555 955 2584 994 a
2636 937 2900 994 fratribus
2950 941 3064 994 suis
3091 942 3432 1011 quampluri-

1856 1025 1981 1078 mis.
2050 1023 2143 1079 Vir
2198 1038 2377 1097 potens
2430 1046 2580 1097 opere
2630 1048 2692 1084 ac
2733 1048 2965 1085 sermone
2989 1033 3054 1096 ⁸⁸,
3112 1033 3430 1090 observator

1856 1117 2235 1172 mandatorum
2282 1120 2398 1186 Dei,
2450 1123 2702 1176 columna
2757 1131 2812 1178 et
2867 1125 3269 1179 firmamentum
3317 1142 3430 1181 cm-

1857 1208 2003 1261 nobii
2048 1210 2134 1263 sui
2173 1212 2305 1281 :qui
2338 1213 2504 1267 multa
2539 1214 2788 1268 exhibuit
2829 1215 3046 1271 virtutis
3092 1233 3230 1297 verae
3254 1220 3427 1274 docu-

1855 1311 2054 1367 menta,
2081 1302 2242 1372 idque
2261 1305 2495 1360 maxime
2526 1305 2578 1359 in
2603 1306 2706 1361 hac
2741 1309 2990 1376 prasenti
3023 1313 3422 1377 persecutione,

1853 1394 2015 1448 urbes
2074 1399 2432 1467 regionesque
2501 1415 2860 1468 percurrens,
2920 1417 3107 1472 egens,
3169 1409 3428 1463 arumnis

1853 1500 2094 1552 pressus,
2149 1488 2274 1541 dum
2342 1491 2588 1545 veritatis
2638 1492 2862 1547 verbum
2914 1493 3217 1564 dispensat,
3251 1497 3426 1554 donec

1851 1577 2087 1630 animam
2142 1577 2340 1634 efﬂavit
2383 1582 2448 1635 ad
2489 1583 2773 1638 Dominum
2820 1588 3194 1654 proficiscens.
3237 1589 3424 1644 Talem

1850 1681 2001 1737 ergo,
2051 1676 2107 1721 ut.
2148 1684 2205 1723 sc
2250 1685 2335 1724 res
2391 1672 2572 1740 habet,
2624 1673 2835 1729 Domini
2881 1675 3143 1732 famulum
3191 1681 3424 1751 ltcSpitio

1851 1760 2193 1828 excepistis;
2233 1773 2283 1816 et
2313 1771 2418 1816 tam
2460 1775 2661 1823 sancta:
2712 1768 2853 1835 apud
2913 1784 3012 1824 vos
3079 1770 3321 1840 reliquiae
3367 1780 3428 1827 ut

1855 1851 2304 1919 recondercntur,
2358 1855 2536 1910 divina
2582 1859 2918 1927 providentia
2964 1863 3215 1934 contigit.
3271 1863 3427 1920 Unde

1852 1951 1908 1996 et
1935 1941 2142 1997 arctius
2175 1954 2368 2000 vestrae
2406 1949 2700 2002 secundum
2738 1949 2904 2004 Deum
2938 1952 3190 2007 cbaritati
3222 1954 3427 2009 obstri-

1851 2035 1923 2090 cti
1989 2051 2201 2102 sumus,
2267 2039 2534 2110 vobisque
2599 2057 2867 2111 suprema:
2922 2043 3223 2103 Jerusalem
3282 2048 3424 2102 bona

1850 2136 2104 2197 optamus
2163 2144 2262 2199 pro
2306 2145 2371 2185 eo
2421 2133 2566 2203 quod
2620 2135 2835 2190 sincero
2889 2140 3054 2192 corde
3105 2139 3425 2209 suscepistis

1848 2215 2099 2276 sa'nctum
2132 2222 2472 2294 Dionysium,
2498 2227 2653 2296 cujus
2673 2230 2934 2285 memoria
2958 2241 3183 2287 estcum
3214 2233 3423 2289 sanctis

1846 2313 1966 2383 ejus
2003 2316 2488 2372 commilitonibus.

2026 2429 2186 2485 CXII.
2213 2459 2286 2470 --
2309 2431 2639 2488 Calecltetica
2686 2435 2757 2489 ad
2792 2437 3077 2507 discipulos
3100 2455 3244 2494 suos.

544 2585 619 2636 De
644 2588 784 2639 obitu
809 2591 1032 2654 Dionysii
1054 2604 1107 2646 et
1125 2599 1295 2660 Anllti,
1319 2608 1670 2659 monachorum
1696 2627 1709 2662 :
1743 2623 1951 2672 quorum
1977 2609 2210 2658 virtutem
2242 2625 2299 2661 ac
2325 2611 2446 2660 facta
2467 2614 2699 2675 praeclara
2727 2618 3052 2668 commendat.

245 2662 500 2734 Ἀδελφοί⁸
542 2670 632 2721 καὶ
656 2673 918 2744 Πατέρες.
951 2679 1131 2734 Ἀλλοι
1169 2686 1268 2752 μὲν
1289 2687 1550 2761 λυπηρῶς
1573 2694 1742 2762 ἀναγ-

149 2755 417 2822 γέλλουσι
478 2762 577 2825 τὰς
625 2765 734 2818 τῶν
777 2768 992 2822 οἰκείων
1037 2773 1368 2843 ἀποϐιώσεις
1565 2785 1621 2837 δὲ
1647 2755 1742 2841 καὶ

149 2848 285 2902 λίαν
317 2855 653 2938 περιχαρῷς.
679 2859 778 2911 Διά
800 2861 889 2927 τί;
916 2863 996 2916 ὅτι
1026 2866 1075 2916 οἱ
1106 2848 1547 2938 ἀποδεδιωκότες
1589 2878 1739 2932 ἀδελ-

153 2944 254 3006 φοὶ
292 2945 455 3012 ἡμῶν
483 2935 650 3014 ἆγίοι,
693 2949 939 3022 κλήσεως
971 2957 1300 3028 ἐπουρανίου
1332 2935 1572 3038 μέτοχοι,
1610 2973 1741 3025 Ἀν-

153 3029 254 3093 0.0;
287 3033 316 3084 6
349 3036 670 3107 ςέερώνυμος
704 3041 958 3112 ὴνθηκὼς
985 3046 1082 3111 τὰς
1103 3029 1448 3119 ἁρετάςίκαὶ
1467 3029 1739 3123 Ᾰιονὺσιος

153 3125 186 3181 6
215 3124 528 3196 διαπρέψας
559 3133 927 3200 Διονυσιακῶς
956 3138 1076 3192 καθ’
1103 3143 1380 3214 ὁσιότητα.
1416 3142 1540 3212 Οἷος
1569 3150 1623 3202 δὲ
1647 3153 1739 3204 καὶ

151 3217 182 3267 ὁ
225 3217 463 3282 θάνατος
493 3222 842 3295 ἀμφοτέρων,
869 3229 1079 3288 δίκαιον
1112 3236 1309 3291 εἰπεῖν.
1335 3239 1394 3290 '0
1420 3241 1518 3310 μὲν
1546 3242 1739 3312 ἐληλυ-

155 3306 272 3371 θὼς
308 3310 419 3364 ἀπὸ
451 3313 549 3382 τῆς
570 3316 778 3381 οἰκείας
811 3319 989 3386 ξενίας
1013 3325 1158 3406 ᾇρτι,
1191 3330 1282 3383 καί
1302 3347 1364 3398 γε
1394 3306 1737 3406 συνταξάμε-

154 3420 248 3465 νος
308 3405 439 3474 ἡμῖν
491 3407 632 3461 αὑτά
662 3408 725 3480 δὴ
781 3413 849 3465 τὰ
877 3403 1182 3484 τελευταῖα,
1214 3422 1271 3473 ἐν
1320 3426 1385 3494 τῇ
1419 3403 1731 3502 ὑποστροφῇ

156 3494 290 3547 καθ’
325 3497 444 3550 ὁδὸν
470 3502 814 3570 νοσηλευθείς
847 3507 1170 3578 κεκοίμηται
1197 3513 1356 3583 ίερῶς
1380 3517 1438 3568 ἐν
1464 3494 1734 3592 μοναστηί-

157 3587 266 3658 ρίῳ
297 3591 400 3658 τῆς
432 3590 672 3661 Μυὲλης.
704 3593 761 3648 '0
781 3595 836 3658 δὲ
860 3597 1116 3669 ἀσθενείᾳ
1141 3605 1470 3672 περιπεσὼν,
1504 3587 1734 3683 ὑπέστη,

156 3682 208 3737 εἰ
245 3680 323 3751 μὴ
357 3683 626 3750 προπετὲς
660 3687 856 3753 εἰπεῖν,
888 3690 955 3743 τὰ
979 3690 1069 3743 τοῦ
1109 3694 1354 3764 ἀοιδίμου
1392 3698 1510 3752 Ἰὼϐ
1560 3680 1738 3774 παθη·

158 3789 335 3840 ματα.
370 3774 483 3826 Καὶ
512 3775 619 3846 γὰρ
648 3778 743 3841 τὰς
777 3781 985 3851 σάρκας
1010 3784 1175 3839 αὑτοῦ
1209 3783 1315 3841 εἰδε
1349 3791 1735 3863 ρυῖσκομένας,

157 3867 256 3916 καὶ
279 3866 350 3918 τὰ
364 3867 500 3921 ὀστᾶ
523 3870 902 3942 κεκολλημένα
924 3877 988 3945 τῇ
1017 3878 1199 3946 σαρκί.
1220 3881 1379 3935 Πόνοι
1399 3885 1736 3954 ἀνύποιστοι,

157 3955 374 4052 πληγαὶ
423 3964 775 4032 τραυμάτων,
833 3965 989 4036 ῥύσις
1043 3971 1143 4038 τῆς
1198 3976 1432 4045 γαστρὸς
1476 3978 1734 4052 ἄμετρος,

159 4047 303 4119 μόνη
345 4051 377 4120 ἠ
412 4052 549 4122 πνοὴ
600 4057 994 4128 παραμένουσα
1016 4075 1032 4108 ε
1059 4062 1118 4115 ἐν
1149 4058 1230 4128 οἷς
1273 4047 1738 4138 εὐχαρίστως-καί

155 4141 328 4204 αὐτὸς
354 4143 491 4214 πρὸς
519 4146 742 4218 Κύριον.
778 4152 884 4206 Ἴδε
913 4154 962 4206 οἰ
996 4156 1276 4227 μακάριοι,
1321 4157 1397 4224 ὡς
1442 4165 1537 4217 καὶ
1584 4165 1738 4220 αὑτοὶ

159 4237 463 4308 μάρτυρες,
515 4241 787 4308 Διονύσιος
816 4246 844 4298 6
885 4247 977 4302 τοῦ
1027 4248 1162 4307 Θεοῦ
1211 4251 1450 4324 ἐργάτης
1491 4256 1735 4327 δόκιμος,

1920 2691 2140 2748 Fratres
2170 2696 2489 2764 Patresque.
2517 2697 2619 2749 Alii
2650 2698 2868 2765 quidem
2921 2700 3168 2754 dolenter
3194 2716 3417 2756 suorum

1848 2786 2030 2840 obitus
2082 2788 2447 2854 annuntiant;
2482 2803 2586 2856 ego
2626 2805 2756 2843 vero
2797 2806 2990 2860 magna
3041 2807 3162 2847 cum
3212 2793 3416 2848 laetitia.

1848 2876 1990 2940 Quid
2022 2877 2091 2930 ita
2125 2877 2148 2929 ?
2179 2879 2304 2946 quia
2345 2877 2438 2947 qui
2479 2881 2586 2934 vita
2634 2890 2988 2936 excesserunt
3016 2883 3187 2937 sancti
3225 2883 3419 2940 fratres

1848 2969 2044 3032 nostri,
2098 2969 2304 3022 cmlesti
2364 2971 2649 3027 vocatione
2700 2973 3004 3041 potiuntur,
3051 2974 3267 3029 Anthus
3323 2976 3418 3045 qui

1843 3060 1997 3129 juxta
2026 3076 2219 3114 nomen
2242 3076 2401 3115 suum
2431 3064 2724 3118 virtutibus
2752 3065 2933 3120 tloruit
2968 3082 2983 3130 ;
3016 3076 3069 3118 et
3102 3064 3416 3134 Dionysius,

1847 3152 1938 3220 qui
1980 3148 2225 3220 Dionysii
2294 3151 2466 3205 instar
2523 3152 2811 3208 sanctitate
2874 3155 3196 3223 precelluit.
3230 3154 3418 3221 Qualis

1847 3251 2028 3296 autem
2064 3244 2346 3312 utriusque
2368 3259 2517 3298 mors
2547 3243 2732 3310 fuerit,
2772 3261 2988 3316 aequum
3019 3257 3103 3303 est
3126 3262 3416 3318 exponere.

1847 3317 1942 3387 llle
1986 3333 2255 3402 qui-deuia
2289 3335 2725 3405 peregrinatione
2773 3353 2871 3392 sua
2918 3337 3029 3406 jam
3061 3317 3252 3406 redux,
3293 3356 3418 3395 cum

1849 3433 2005 3479 antea
2036 3425 2243 3479 scilicet
2269 3425 2522 3481 mandata
2552 3443 2802 3497 suprema
2837 3429 2995 3487 nobis
3032 3431 3414 3496 commisisset,

1850 3516 1904 3570 in
1946 3516 2120 3569 reditu
2154 3516 2346 3570 morbo
2384 3517 2440 3570 in
2488 3517 2574 3571 via
2623 3529 2927 3589 correptus,
2961 3520 3050 3592 pie
3090 3522 3420 3576 obdormivit

1855 3608 1909 3662 in
1941 3607 2278 3661 monasterio
2305 3608 2581 3677 Myelensi.
2607 3609 2706 3665 llic
2735 3627 2864 3665 vero
2893 3613 3223 3668 valetudinis
3263 3613 3418 3667 infir-

1848 3700 2030 3754 mitate
2056 3700 2327 3763 detentus,
2363 3701 2718 3757 celeberrimo
2747 3701 2872 3769 Job,
2922 3705 3026 3759 nisi
3067 3706 3416 3760 temerarium

1847 3803 1926 3846 est
1956 3792 2158 3858 dicere,
2193 3793 2340 3862 paria
2372 3809 2665 3863 perpessus
2688 3803 2790 3850 est.
2819 3794 2952 3850 Nam
2983 3805 3037 3851 et
3065 3812 3257 3852 carnes
3287 3813 3417 3853 suas

1845 3885 2141 3940 deﬂuentes
2175 3885 2331 3950 vidit,
2367 3897 2420 3942 et
2458 3903 2579 3941 ossa
2614 3889 2764 3942 carni
2797 3888 3126 3959 agglutinata
3155 3908 3170 3958 ;
3206 3891 3418 3946 labores

1847 3979 2236 4044 intolerabiles,
2268 3983 2440 4050 plagae
2479 3980 2740 4037 confracti
2777 3982 3042 4051 corporis,
3088 3983 3416 4052 proﬂuvium

1843 4069 2050 4122 ventris
2094 4069 2468 4132 immodicum,
2516 4069 2666 4126 solus
2702 4081 2917 4127 restans
2939 4072 3218 4128 anhelitus
3251 4092 3264 4128 :
3294 4091 3417 4144 qua:

1845 4176 1968 4215 cum
2012 4161 2306 4231 gratiarum
2340 4165 2554 4221 actione
2595 4174 2648 4218 et
2679 4165 2936 4233 patientia
2994 4167 3275 4235 perferens
3313 4170 3418 4220 mi-

1847 4253 2020 4323 gravit
2055 4264 2110 4309 ει
2136 4255 2251 4324 ipse
2287 4257 2352 4310 ad
2380 4255 2696 4311 Dominum.
2742 4257 2892 4312 Beati
2920 4274 3128 4325 revera,
3155 4271 3415 4331 tanquam

155 4335 251 4385 καὶ
279 4332 477 4396 Ἀνθος
513 4334 574 4387 τὸ
600 4337 784 4406 ἀρνίον
818 4342 912 4393 τοῦ
941 4343 1203 4413 Χριστοῦ.
1253 4348 1532 4414 Διονύσιος
1564 4353 1593 4405 ὁ
1638 4352 1736 4422 μέ-

1848 4354 1897 4403 et
1923 4345 2027 4412 ipsi
2057 4357 2346 4416 martyres,
2386 4346 2694 4418 Dionysius,
2728 4351 2930 4420 probus
2962 4351 3055 4406 Dei
3109 4352 3414 4420 operarius,

154 4440 248 4494 χρι
280 4426 488 4496 γήρους
530 4429 591 4480 τὸ
633 4429 732 4498 τῆς
778 4432 1059 4504 ὑποταγῆς
1094 4437 1286 4494 ἄεθλον
1334 4441 1442 4494 ἀπὸ
1467 4443 1739 4516 ινεότητος

1848 4447 1894 4493 et
1918 4440 2132 4494 Anthus
2163 4439 2412 4507 agnellus
2440 4438 2665 4495 Christi.
2699 4442 3008 4511 Dionysius,
3033 4442 3123 4512 qui
3160 4458 3190 4496 a
3216 4443 3415 4512 juven-

152 4516 458 4579 τετελεκώς
483 4533 496 4546 ·
526 4521 620 4572 καὶ
646 4522 842 4588 Ἀνθος
866 4527 894 4578 ὁ
927 4527 991 4593 ἐκ
1037 4528 1228 4592 παιδὸς
1274 4532 1524 4598 ὀσιωθεὶς
1571 4539 1737 4606 μέχρι

156 4611 613 4682 μεσηλικιότητος
672 4616 796 4670 καθ’
841 4619 1158 4691 ὑποταγὴν
1203 4623 1505 4696 ἀμφότεροι
1562 4630 1734 4700 σκεύη

152 4701 439 4773 εὔχρηστα
461 4705 538 4775 τῷ
567 4708 812 4782 Δεσπότῃ
839 4710 980 4782 Θεῷ.
1010 4714 1083 4765 Οὑ
1122 4716 1285 4783 μόνον
1331 4716 1390 4769 ἐν
1433 4713 1518 4781 οἷς
1560 4719 1734 4789 ὑμνήσ

153 4793 332 4863 ϐησαν
361 4796 624 4868 πρότερον
655 4801 751 4855 καὶ
786 4801 1015 4875 ὕστερον
1040 4821 1055 4834 ·
1085 4805 1223 4876 πρὸς
1248 4806 1305 4860 δὲ
1335 4808 1428 4861 καὶ
1471 4810 1731 4878 φυλακῶν

150 4885 467 4958 διαδήματα
496 4890 683 4946 ’ἐνεκεν
726 4895 1075 4967 δικαιοσύνης
1125 4900 1535 4970 περιεϐάλοντο.
1572 4898 1647 4958 Οὑ
1680 4904 1735 4957 τε

150 4977 216 5030 ἂν
242 4982 460 5049 γένοιτο
491 4984 827 5057 ἐνδοξότερον
852 5005 868 5055 ;
908 4991 1064 5061 Ἔχει
1095 4991 1151 5044 δὲ
1177 4993 1405 5065 θάτερος
1437 4996 1566 5050 ἄλλο
1595 4997 1732 5050 καὺ-

152 5093 332 5147 χημα,
365 5078 427 5130 τὸ
465 5079 872 5155 ἐξυπηρετῆσαι
897 5087 1064 5140 αὑτὸν
1095 5087 1174 5158 τῷ
1196 5091 1370 5162 κυρίῳ
1396 5092 1613 5163 ἀδελφῷ
1635 5091 1732 5148 καὶ

149 5166 593 5240 ἀρχιεπισκόπῳ,
623 5173 716 5224 καὶ
735 5174 906 5248 ὲξυπη
919 5178 1146 5247 ρέτησιν,
1163 5181 1401 5248 μακρὰν,
1429 5184 1524 5237 καὶ
1553 5185 1614 5237 οὑ
1636 5183 1732 5254 μό-

151 5273 238 5308 νον
271 5261 516 5347 μακρὰν,
551 5262 686 5316 ἀλλὰ
724 5267 820 5319 καὶ
844 5269 1248 5340 ἐπαινουμένην
1271 5271 1413 5330 λίαν.
1456 5275 1731 5347 Ἀμφοτέά

154 5349 330 5414 ρωθεν
362 5345 455 5402 οὖν
486 5351 813 5422 ἀξιάγαστος
837 5357 867 5410 6
896 5357 1148 5429 ἀδελφός.

215 5623 260 5655 ⁸⁸
296 5621 424 5677 Luc.
468 5639 614 5690 ιχιν,
654 5626 738 5683 l9.

1838 4537 1952 4584 tute
1976 4530 2044 4583 ad
2084 4532 2298 4584 senium
2352 4547 2523 4600 usque
2579 4532 2903 4588 obedientia:
2952 4545 3228 4588 certamen
3295 4551 3417 4603 per-

1835 4622 1991 4676 duxit
2027 4640 2042 4687 ;
2084 4631 2138 4675 et
2169 4622 2405 4688 Anthus,
2441 4624 2533 4692 qui
2570 4640 2598 4678 a
2637 4639 2808 4694 puero
2849 4642 3022 4694 usque
3067 4628 3133 4680 ad
3179 4627 3412 4681 mediam

1834 4723 2048 4770 aetatem
2097 4713 2397 4768 obediendo
2450 4714 2797 4772 sanctitatem
2842 4715 3068 4787 adeptus
3112 4727 3213 4772 cst.
3239 4717 3414 4773 Ambo

1836 4818 1964 4858 vasa
1995 4803 2144 4858 utilia
2179 4804 2409 4858 Domino
2438 4802 2548 4859 Deo
2577 4821 2590 4858 :
2617 4821 2721 4860 non
2757 4806 2812 4860 in
2843 4807 2911 4862 iis
2961 4808 3125 4863 modo
3172 4825 3412 4878 quorum

1835 4911 2001 4950 causa
2030 4897 2183 4967 prius
2238 4912 2302 4951 ac
2351 4897 2626 4966 posterius
2666 4897 2864 4953 laudati
2922 4911 3094 4965 sunt;
3149 4904 3243 4954 sed
3264 4902 3411 4970 quod

1833 4997 2094 5058 praeterea
2130 5003 2412 5045 carcerum
2455 4990 2674 5045 coronis
2717 5001 2938 5060 propter
2961 4990 3230 5060 justitiam
3259 4993 3410 5049 redi-

1833 5081 1952 5134 miti
1984 5090 2118 5135 sunt
2151 5100 2164 5134 :
2198 5097 2309 5152 quo
2338 5081 2470 5150 quid
2494 5082 2670 5153 possit
2719 5098 2840 5138 esse
2871 5083 3205 5154 gloriosius?
3237 5084 3412 5141 Habet

1832 5185 2013 5229 autem
2056 5177 2193 5230 alter
2246 5176 2388 5230 aliud
2442 5192 2553 5246 quo
2587 5192 2648 5232 se
2689 5177 2879 5246 jactet,
2939 5178 3084 5249 quod
3145 5179 3405 5236 nimirum

1830 5268 2126 5324 famulatus
2172 5267 2242 5323 sit
2280 5269 2500 5324 domino
2543 5269 2699 5324 fratri
2746 5279 2800 5326 et
2856 5272 3268 5344 archiepiscOpo
3354 5284 3410 5328 et

1830 5360 2047 5430 quidem
2100 5360 2259 5429 longo
2303 5358 2591 5426 faiiiulatu,
2642 5374 2742 5415 nec
2793 5362 2954 5433 longo
3003 5363 3202 5426 solum,
3233 5362 3326 5417 sed
3355 5369 3409 5415 et

1833 5453 1989 5507 valde
2034 5453 2268 5506 laudato.
2310 5449 2557 5523 Utroque
2589 5452 2758 5520 igitur
2801 5455 3023 5512 nomine
3048 5453 3408 5512 admiratione

1836 5544 2031 5616 dignus
2060 5553 2143 5601 est
2171 5544 2358 5600 frater.

1668 5727 1898 5785 NU'I'A'J.

220 5788 298 5858 (3)
331 5787 389 5846 in
422 5790 539 5844 cod.
581 5791 708 5860 Reg.
737 5803 839 5860 ρκ’.
