3964 6320
529 300 666 365 1375
1725 306 1787 365 So
1819 303 2127 366 THEODO

2257 303 2606 366 STUDIT£
2658 334 2665 341 -
3715 297 3848 359 1376

599 416 678 468 Ad
704 414 820 470 haec
847 430 1002 487 ergo,
1038 416 1259 483 fratres,
1283 418 1413 488 quid
1438 417 1683 473 dicemus
1709 420 1733 472 ?
1766 418 1998 488 Migrare
2021 432 2121 472 nos

2295 416 2361 468 Τί
2387 413 2481 470 οὖν
2530 418 2775 488 εἴπωμεν
2813 418 2949 491 πρὸς
2989 417 3185 481 ταῦτα,
3224 414 3503 483 ἀδελφοῖς
3541 413 3637 466 ὅτι
3668 429 3847 481 pata-

528 506 658 561 hinc
702 521 932 576 prorsus
978 517 1251 579 quotquot
1296 510 1545 566 homines
1590 526 1806 576 sumus,
1834 511 2115 580 migratio-

2233 507 2474 577 διίνομεν
2529 509 2747 574 πάντως
2789 514 2987 574 πάντες
3030 510 3315 580 ἄνθρωποι
3345 505 3649 568 ἐντεῦθεν,
3680 508 3785 558 καὶ
3814 507 3843 572 ἡ

526 614 762 669 nemque
810 615 934 655 esse
996 601 1067 656 ab
1133 602 1370 658 incolatu
1418 604 1485 657 ad
1532 619 1712 659 veram
1775 607 2038 674 requiem,
2086 620 2118 658 a

2233 600 2521 668 μετάϐασις
2558 602 2667 656 ἀπὸ
2703 602 3001 673 παροικίας
3035 604 3113 665 είς
3129 598 3395 670 ἀληθινὴν
3438 598 3842 657 κατάπαυσιν,

526 690 767 745 tenebris
794 690 865 745 ad
923 691 1121 757 lucem,
1155 708 1184 744 a
1217 693 1454 747 tumultu
1505 693 1571 748 ad
1637 694 2112 763 tranquillitatem,

2233 698 2283 745 ix
2315 694 2539 759 σκότους
2562 697 2643 759 είς
2676 696 2811 764 φῶς,
2861 697 2973 749 ἀπὸ
3016 696 3261 768 ταραχῆς
3301 696 3382 756 εἰς
3423 692 3728 761 γαλήνην.
3782 693 3843 741 ἐκ

525 796 556 836 a
590 782 731 836 bello
768 781 835 836 ad
892 797 1102 853 pacem,
1159 784 1247 837 ubi
1281 800 1389 839 non
1421 797 1506 840 est
1552 786 1811 840 mordens
1864 788 2109 851 coluber,

2233 788 2457 858 πολέμου
2484 793 2564 852 είς
2585 791 2831 861 εἰρήνην,
2860 791 2997 843 ὅπου
3019 790 3121 842 οὐκ
3140 788 3220 841 ἔνι
3249 788 3470 841 δάκνων
3494 786 3658 853 ὄφις,
3702 785 3841 837 ὅττευ

528 874 619 928 ubi
675 890 786 930 non
819 886 904 931 est
937 877 1257 933 mutationis
1310 888 1512 943 metus,
1556 880 1645 934 ubi
1699 880 1915 950 recipiet
1944 896 2114 934 unus-

2233 882 2320 934 >ὐκ
2347 881 2428 933 ἔνι
2456 882 2666 953 τροπῆς
2691 880 2877 950 φόϐος,
2908 882 3045 935 ὅπου
3077 882 3394 950 κομίσεται
3444 878 3739 941 ἕκαστος
3772 876 3841 927 τὰ

525 967 746 1038 quisque
793 978 949 1037 prout
994 971 1051 1023 in
1094 986 1309 1039 corpore
1369 972 1552 1041 gessit,
1596 972 1703 1026 sive
1750 973 1965 1039 bonum,
2012 973 2121 1026 sive

2233 972 2315 1027 5ιὰ
2342 973 2447 1027 τοῦ
2482 974 2758 1042 σώματος
2798 977 2949 1043 πρὸς
2991 973 3031 1027 d
3074 972 3359 1039 ἔπραξεν,
3388 970 3520 1023 εἴτε
3572 968 3839 1036 ἀγαθὸν.

527 1059 729 1114 malum
753 1060 821 1115 ".
843 1061 1024 1127 Quare
1044 1063 1460 1125 contendamus,
1477 1062 1672 1119 fratres
1694 1068 1820 1127 mei,
1843 1075 1899 1119 ut
1930 1075 2119 1121 sancte

528 1152 868 1219 moriamur;
900 1168 1011 1223 quo
1039 1163 1295 1208 aeternam
1324 1155 1731 1210 damnatimnem
1759 1156 2112 1226 ell‘ugiamus,

526 1254 582 1299 et
612 1260 840 1315 regnum
886 1246 1149 1303 ccelorum
1196 1262 1617 1318 consequamur.
1666 1248 2003 1304 llorrendum
2042 1261 2119 1305 est

526 1338 759 1392 incidere
791 1339 848 1392 in
902 1355 1093 1393 manus
1128 1339 1230 1393 Dei
1260 1340 1475 1396 viventis
1495 1342 1560 1397 ⁸⁸.
1598 1342 1740 1395 Deus
1763 1351 1939 1395 noster
1984 1342 2121 1409 ignis

527 1442 838 1481 consumens
867 1439 943 1482 est
969 1430 1034 1483 ".
1055 1428 1543 1497 Pertimescamus,
1577 1434 1671 1486 lilii
1693 1432 1895 1499 dilecti,
1919 1432 2121 1487 exhor-

530 1533 834 1585 rescamus,
867 1521 1134 1577 adversus
1171 1526 1467 1580 draconem
1524 1526 1803 1581 diabolum
1858 1540 2121 1596 exsurga-

529 1626 674 1676 mus,
704 1621 758 1666 et
798 1613 892 1682 qui
944 1623 1089 1669 stare
1123 1615 1401 1680 videntur,
1438 1627 1492 1671 et
1521 1619 1612 1686 qui
1648 1620 1913 1688 prostrati
1938 1627 2068 1674 sunt
2102 1636 2117 1674 :

529 1705 793 1772 quoniam
826 1706 932 1761 illis
957 1706 1178 1777 quidem
1204 1707 1385 1763 brevis
1409 1711 1671 1764 relaxatio
1699 1726 1888 1766 casum
1922 1712 2117 1766 mortis

526 1794 684 1849 alfert
715 1813 730 1861 ;
766 1797 851 1853 his
883 1813 1013 1852 vero
1047 1814 1216 1869 parva
1262 1800 1461 1855 mentis
1505 1802 1713 1855 erectio
1749 1810 1973 1871 prastat
1997 1801 2119 1855 vul-
2148 1768 2193 1823 Β

529 1902 721 1941 nerqu
753 1890 954 1944 animae
1001 1892 1369 1945 curationem.
1407 1891 1666 1962 Nunquid
1711 1894 1803 1964 qui
1836 1894 1980 1947 cadit
2018 1910 2123 1948 non

529 1982 755 2051 resurgit
788 1983 813 2036 ἵ
851 1990 945 2034 aut
978 1983 1069 2053 qui
1095 1985 1372 2049 auertitur,
1417 2000 1522 2038 non
1554 1987 1836 2040 revertitur
1860 1986 1953 2040 “7
1985 1986 2119 2053 lmo,

529 2073 731 2129 fratres
781 2075 887 2129 mei
930 2092 944 2129 :
1000 2076 1245 2130 nondum
1286 2076 1475 2131 clausa
1517 2088 1600 2132 est
1639 2075 1834 2144 janua,
1874 2078 2119 2133 nondum

530 2166 747 2222 solutus
766 2177 853 2224 est
885 2178 1214 2223 conventus.
1261 2168 1563 2224 Parcamus
1594 2170 1753 2225 nobis
1783 2171 1919 2241 ipsis
1946 2191 1958 2225 :
1989 2186 2125 2226 con—

531 2260 841 2316 sideremus
887 2262 1356 2329 quemadmodum
1391 2262 1445 2316 in
1497 2262 1632 2317 urbe
1674 2278 1981 2329 versemur,
2027 2264 2121 2318 ubi

532 2353 945 2419 consideamus,
981 2356 1312 2425 quibuscum
1362 2358 1523 2413 verba
1564 2358 1851 2422 faciamus,
1884 2371 2123 2429 quantus

532 2446 604 2501 sit
635 2446 793 2502 cibus
823 2456 1027 2512 noster,
1057 2448 1237 2517 quies,
1265 2464 1513 2515 somnus,
1539 2450 1939 2519 confabulatio,
1966 2452 2125 2523 hym-

533 2551 730 2590 norum
775 2537 1112 2605 decantatio,
1166 2548 1278 2596 tota
1343 2540 1456 2597 Deo
1516 2541 1764 2611 placens,
1820 2550 1935 2598 tota
1976 2544 2125 2599 utilis

534 2628 810 2698 proximo.

609 2720 964 2790 Miseremini,
1016 2726 1386 2791 auxiliamini,
1446 2741 1515 2781 ne
1566 2728 1865 2797 quisquam
1916 2729 2124 2800 aliquid

537 2812 705 2871 faciat
736 2824 929 2871 contra
982 2832 1049 2873 ac
1098 2818 1277 2874 decet.
1314 2816 1455 2884 Quid
1502 2820 1677 2889 prosit
1701 2820 1747 2875 si
1788 2821 1973 2877 lucrer
1998 2822 2125 2877 nni-

536 2922 756 2961 versum
788 2908 1076 2975 mundum,
1107 2918 1163 2965 et
1192 2912 1409 2965 miserae
1455 2911 1655 2966 aniune
1680 2928 1815 2968 mea:
1848 2913 2124 2983 jacturam

538 2996 737 3053 faciam
765 2998 852 3053 ⁸ίῖ
882 2997 1019 3066 Quis
1048 3000 1184 3053 mihi
1235 3001 1403 3070 hujus
1437 3001 1564 3056 vitae
1614 3002 1952 3071 voluptatum
2006 3003 2123 3058 fru-

2219 1066 2343 1119 εῐτε
2370 1067 2577 1119 κακόν.
2613 1067 2704 1119 Διὸ
2726 1065 3075 1134 σπεύσωμεν,
3101 1062 3323 1131 ἀδελφοί
3355 1077 3486 1130 μου,
3528 1060 3637 1111 καὶ
3660 1060 3839 1125 ἡμεῖς

2220 1160 2382 1222 ὁσίως
2414 1159 2723 1212 άποδιῶσαι
2749 1176 2763 1190 ο
2803 1160 2879 1222 ὠς
2902 1157 2969 1211 ἂν
2997 1157 3265 1227 φύγοιμεν
3289 1154 3525 1214 αἰωνίας
3558 1153 3834 1222 κρίσεως,

2220 1255 2315 1306 καὶ
2340 1252 2706 1322 ἀξιωθείημεν
2728 1250 3004 1321 βασιλείας
3026 1248 3294 1321 οὐρανῶν.
3320 1244 3605 1313 Φοόερύν
3625 1244 3695 1296 τὸ
3731 1244 3835 1309 ἐμ-

2219 1342 2433 1396 πεσεῖν
2464 1345 2551 1408 εις
2588 1341 2791 1411 χεῖρας
2840 1340 2989 1396 Θεοῦ
3040 1339 3275 1404 ζῶντος.
3318 1338 3381 1390 Ὀ
3420 1335 3580 1400 Θεὸς
3633 1332 3833 1402 ἡμῶν,

2220 1437 2299 1488 πῖ
2301 1453 2339 1503 ρ
2394 1438 2868 1490 καταναλίσκον.
2923 1430 3480 1503 Φοϐηθῶμεν,τέκνα
3526 1428 3829 1495 ἀγαπητά,

2221 1528 2525 1599 φρίξωμεν,
2575 1526 2957 1597 διαναστῶμεν
3001 1525 3145 1579 κατὰ
3170 1522 3263 1577 τοῦ
3292 1522 3604 1592 δράκοντος
3639 1518 3833 1571 διαϐό-

2219 1621 2335 1685 λου,
2369 1622 2464 1675 καὶ
2487 1623 2536 1675 οἱ
2567 1621 2852 1684 δοκοῦντες
2883 1617 3128 1681 ἑστάναι,
3160 1616 3253 1669 καὶ
3290 1614 3341 1667 οἱ
3383 1610 3832 1665 ὑποσκελισϐἐν-

2220 1732 2314 1778 τες
2341 1731 2354 1745 ·
2386 1715 2469 1769 ὅτι
2504 1716 2615 1775 τοῖς
2653 1714 2753 1783 μὲν
2797 1712 3025 1783 βραχεῖα
3074 1708 3344 1779 χαύνωσις
3394 1705 3623 1758 πτῶσιν
3651 1707 3829 1773 άπερ-

2219 1806 2448 1874 γάξεται
2480 1804 2714 1859 θανάτου
2741 1820 2755 1833 ’
2779 1810 2894 1866 τοῖς
2916 1804 2972 1857 δὲ
3000 1801 3174 1872 μικρὰ
3191 1801 3484 1861 ἅνάνευσις
3512 1798 3672 1850 ίασιν
3707 1799 3831 1851 ἀνι-

2218 1901 2363 1953 τελεῖ
2390 1898 2639 1969 ψυχικῶν
2668 1897 3021 1970 τραυμάτων.
3053 1895 3151 1962 Μὴ
3185 1896 3218 1948 ό
3266 1893 3506 1945 πίπτων
3547 1893 3671 1944 οὐκ
3728 1891 3829 1943 ἀν·-

2223 1993 2459 2047 [σταται
2484 2007 2503 2055 ;
2536 1990 2574 2059 ἡ
2599 1994 2631 2045 ό
2654 1990 3056 2059 ἀποστρέφων
3101 1990 3211 2042 οὐκ
3261 1984 3664 2053 ἐπίστρεφε-η
3695 1983 3827 2043 Ναὶ,

2222 2083 2440 2152 ἀδελφοί
2480 2100 2580 2153 μου
2611 2097 2624 2110 ·
2658 2081 2812 2136 οὖπω
2842 2082 2876 2152 ἡ
2908 2080 3051 2151 Θύρα
3095 2079 3433 2141 κέκλεισται,
3466 2078 3634 2129 οὔπω
3664 2078 3701 2147 ἡ
3731 2095 3829 2129 πα-

2223 2174 2455 2247 νήγυρις
2498 2174 2829 2229 διαλέλυται.
2876 2170 3197 2240 Φεισὼμεθα
3231 2168 3478 2222 ἑαυτῶν·
3518 2168 3827 2238 σκοπῶμεν

2223 2270 2341 2332 πῶς
2367 2272 2425 2322 ὲν
2442 2267 2989 2338 άστειδιατρίὸομεν,
3009 2264 3112 2317 ποῦ
3133 2260 3503 2332 καθεζόμεθα,
3532 2262 3663 2331 μεθ’
3687 2262 3819 2315 οἴων

2227 2358 2536 2431 προσώπων
2576 2358 2961 2429 διαλεγόμεθα,
3016 2357 3223 2427 πηλίκη
3265 2358 3300 2425 ἡ
3348 2356 3528 2424 τροφὴ
3560 2355 3755 2425 ἡμῶν,
3794 2373 3827 2419 η

2225 2456 2449 2525 ἡσυχία,
2482 2456 2515 2523 ή
2552 2453 2814 2517 ὕπνωσις,
2843 2454 2877 2522 ἠ
2909 2452 3117 2523 ὁμιλία,
3143 2452 3177 2517 ἡ
3221 2448 3461 2520 ὓμνησις
3488 2463 3503 2475 ·
3535 2450 3643 2520 ὅλη
3696 2450 3828 2521 ἀρεο

2226 2548 2325 2617 στὴ
2355 2544 2496 2615 Θεῷ,
2528 2545 2624 2615 ὅλη
2658 2544 2948 2615 ὲπωφελὴς
2976 2544 3053 2616 τῷ
3079 2544 3271 2606 πέλας.

2310 2727 2566 2791 Ἑλεεῖτε,
2604 2726 2850 2798 βοηθεῖτε
2882 2743 2897 2759 ’
2948 2728 3021 2797 μή
3054 2725 3138 2789 τίς
3164 2744 3217 2779 τι
3256 2726 3493 2799 πράττοι
3548 2724 3712 2797 παρὰ
3764 2722 3822 2777 τὸ

2226 2822 2397 2886 εἰκός.
2428 2822 2493 2875 Τί
2523 2824 2719 2891 ὄφελος
2747 2822 2844 2877 ἐὰν
2870 2821 2991 2875 ὅλον
3025 2820 3121 2874 τὸν
3152 2821 3359 2892 κόσμον
3393 2820 3679 2893 κερδήσω,
3730 2820 3823 2871 καί

2228 2916 2496 2988 ζημιωθῶ
2525 2918 2627 2987 τὴν
2656 2918 2899 2985 ὲλεεινήν
2936 2931 3037 2984 μου
3070 2912 3277 2983 «mm;
3302 2914 3356 2967 τί
3390 2931 3483 2985 μοι
3506 2912 3825 2985 προσθήσε-

2228 3027 2319 3063 ται
2346 3011 2404 3063 ὲν
2437 3009 2621 3081 ἡμέρα
2645 3008 2881 3063 Θανάτου
2929 3005 3039 3059 τῶν
3066 3006 3196 3076 τῇδε
3225 3002 3581 3075 ἡδυπαθειῶν
3613 3003 3679 3056 τὸ
3728 3003 3821 3056 τέ-

539 3100 665 3146 ctus
700 3090 807 3146 erit
838 3090 893 3145 in
935 3092 1025 3147 die
1051 3092 1291 3146 mortis?
1317 3108 1428 3162 quo
1454 3103 1639 3148 autem
1670 3094 1863 3150 dolore
1896 3095 2123 3163 alliciar,

2233 3102 2361 3169 λος;
2413 3102 2465 3155 τί
2496 3101 2552 3155 δὲ
2601 3100 2867 3170 πείσομαι
2897 3098 3025 3152 ὅταν
3070 3098 3200 3159 τοὺς
3247 3098 3546 3167 oneraret;
3591 3113 3695 3166 μου
3732 3096 3823 3150 [diu

542 3198 668 3240 cum
692 3184 879 3240 socios
906 3193 963 3241 et
986 3185 1229 3255 aequales
1258 3199 1412 3240 meos
1444 3184 1631 3240 videro
1676 3185 1731 3239 in
1772 3184 1867 3241 Dei
1896 3204 2121 3256 regnum

542 3276 724 3339 evehi,
787 3292 873 3332 me
930 3291 1066 3332 vero
1123 3276 1178 3331 in
1234 3278 1490 3334 tenebras
1546 3278 1854 3336 exteriores
1913 3282 2132 3351 abripi?

546 3365 707 3437 Vere,
738 3368 934 3425 fratres
964 3370 1094 3435 mei,
1129 3370 1263 3424 nihil
1302 3381 1387 3425 est
1414 3372 1714 3428 delectatio
1750 3374 1961 3437 carnis,
1993 3376 2131 3431 nihil

545 3477 771 3531 regnum
796 3472 1101 3527 terrenum,
1128 3464 1264 3517 nihil
1300 3464 1483 3535 gloria
1524 3464 1592 3519 ad
1645 3474 1862 3537 tempus
1903 3467 2131 3532 durans,

545 3557 691 3612 nihil
726 3557 937 3613 divitiae
970 3556 1134 3613 ﬂuxa:
1170 3566 1226 3613 et
1255 3560 1497 3627 caducas,
1553 3561 1691 3615 nihil
1744 3562 1953 3617 delicia:
2013 3578 2135 3632 qua!

544 3648 816 3715 deﬂuunt,
843 3651 991 3704 nulla
1021 3652 1077 3705 in
1129 3652 1243 3706 ullo
1271 3668 1487 3715 eorum,
1520 3670 1642 3722 qua:
1693 3654 1762 3707 ab
1801 3655 1967 3724 hujus
2012 3656 2135 3710 vitae

546 3742 768 3810 cupidis
796 3742 1026 3811 pulchra
1051 3750 1108 3796 et
1165 3745 1416 3813 speciosa
1462 3744 1853 3799 existimantur
1884 3745 2131 3799 utilitas:

546 3832 645 3887 sed
679 3834 862 3887 omnia
886 3834 1093 3888 vanitas
1129 3844 1179 3888 et
1224 3835 1568 3904 superﬂuitas
1619 3838 1838 3903 spiritus
1864 3836 1929 3902 ",
1972 3845 2030 3889 ut
2059 3836 2137 3889 ln—

548 3926 738 3994 quitur
772 3925 819 3981 is
854 3926 948 3994 qui
977 3941 1171 3981 omnes
1199 3926 1363 3992 hujus
1401 3927 1586 3982 saeculi
1622 3929 1922 3983 suavitates
1958 3926 2138 3983 fuerat

555 4026 843 4087 expertus.
876 4017 1056 4086 Atque
1113 4018 1323 4072 utinam
1371 4019 1587 4073 vanitas
1656 4019 1955 4073 duntaxat:
2009 4036 2135 4074 cum

555 4123 654 4178 pro
679 4108 774 4162 illa
826 4108 1147 4177 sempiterni
1200 4109 1481 4165 cruciatus
1522 4110 1590 4164 iis
1640 4120 1901 4178 parentur
1959 4111 2138 4181 quiin

548 4216 613 4255 ea
634 4201 977 4255 volutantur.
998 4200 1164 4257 Nobis
1207 4218 1337 4257 vero
1378 4204 1580 4271 quibus
1602 4204 1942 4270 spiritualem
1970 4204 2140 4258 vitam

2234 3192 2825 3266 προσλαμϐανομένους
2864 3193 2944 3255 είς
2976 3189 3254 3261 βασιλείαν
3289 3187 3451 3252 Θεοῦ,
3497 3190 3741 3259 ἐμαυτὸν
3768 3187 3822 3240 δὲ

2234 3289 2523 3360 αἰρόμενον
2544 3288 2623 3348 είς
2644 3285 2707 3338 τὸ
2735 3282 3003 3354 ἐξώτερον
3034 3282 3257 3348 σκότοςς
3313 3283 3548 3345 Ὄντως,
3604 3279 3822 3346 ἀδελφοί

2239 3398 2363 3451 μου,
2396 3378 2549 3431 οὐδὲν
2587 3378 2621 3447 ἠ
2653 3374 2925 3429 εὐπάθεια
2962 3373 3063 3444 τῆς
3093 3373 3315 3444 σαρκὸς,
3370 3371 3527 3425 οὐδὲν
3578 3368 3823 3438 βασιλεία

2235 3472 2502 3540 ἐπίγειος,
2536 3469 2690 3523 οὐδὲν
2718 3468 2846 3533 δόξα
2870 3466 3228 3537 πρόσκαιρος,
3262 3462 3416 3517 οὐδὲν
3437 3461 3677 3523 πλοῦτος
3698 3462 3823 3531 ῥευ-

2240 3563 2625 3633 ματιζόμενος,
2691 3562 2847 3615 οὐδὲν
2902 3558 3085 3629 τρυφὴ
3148 3555 3523 3626 ἀπορρέουσα,
3578 3553 3736 3607 οὐδὲν
3768 3556 3821 3606 ὲν

2236 3656 2411 3710 οὐδενὶ
2454 3654 2563 3708 τῶν
2613 3650 2989 3723 νομιζομένων
3029 3649 3145 3710 τοῖς
3179 3645 3469 3716 φιλοζώοις
3515 3645 3701 3699 καλῶν
3731 3646 3821 3698 καὶ

2238 3750 2457 3821 ὡραίων
2496 3746 2730 3815 δφελοςυ
2783 3743 2920 3795 ἀλλά
2969 3740 3044 3795 τὰ
3098 3739 3296 3793 πάντα
3333 3739 3669 3809 ματαιότης
3725 3739 3819 3791 καὶ

2238 3842 2556 3909 περίσσεια
2608 3838 2967 3905 πνεύματος,
3001 3834 3078 3894 ῶς
3115 3849 3282 3902 φησιν
3336 3833 3366 3884 ό
3407 3831 3521 3882 τῶν
3567 3832 3815 3883 ἁπάντων

2241 3935 2413 4006 ἡδέων
2437 3932 2531 3986 τοῦ
2562 3932 2687 4003 τῇδε
2714 3929 2909 3992 αἰῶνος
2935 3926 3245 3996 ἀπόπειραν
3285 3925 3685 3993 ποιησάμενος.
3713 3922 3817 3975 Καὶ

2226 4030 2354 4082 ἐἴθε
2390 4025 2687 4098 ματαιότης
2726 4028 2921 4092 μόνον’
2958 4020 3079 4075 ἀλλ’
3127 4020 3210 4073 ὅτι
3237 4018 3353 4071 ἀντ’
3405 4018 3580 4086 αὐτῆς
3617 4033 3817 4069 αιωνιοι

2246 4122 2471 4192 βάσανοι
2527 4116 2883 4188 ταμιεύονται
2950 4114 3065 4175 τοῖς
3121 4109 3609 4179 ὲγκεκυλισμένοις
3661 4108 3811 4175 αὐτῇ.

2260 4215 2423 4285 Ἡμῖν
2477 4211 2535 4263 δὲ
2587 4206 2669 4273 οἷς
2719 4210 2753 4278 ή
2790 4202 3139 4275 πνευματικὴ
3174 4201 3287 4271 ζωὴ
3343 4202 3667 4270 κεχάρισται
3718 4198 3814 4251 ὑπὸ

556 4294 820 4348 Dominus
844 4294 1075 4365 largitus
1106 4306 1209 4361 est,
1243 4296 1405 4364 quale
1445 4306 1846 4365 quantumque,
1881 4298 1988 4352 nisi
2020 4313 2127 4352 ean

2246 4305 2475 4376 Κυρίου,
2507 4302 2647 4369 πόση
2682 4301 2778 4353 καὶ
2806 4297 3013 4368 πηλίκη
3041 4293 3299 4365 τιμωρία,
3318 4292 3367 4343 εί
3404 4290 3481 4363 μὴ
3516 4291 3813 4361 φευξόμεθα

555 4385 849 4454 fugiamus,
883 4387 1538 4457 imminetsupplicium”.
1584 4387 1908 4457 Propterea,
1936 4388 2127 4446 fratres

2243 4398 2435 4465 αὐτῆς,
2467 4393 2858 4451 ἁποκείσεταις
2890 4388 2989 4441 Διὰ
3022 4386 3203 4447 τοῦτο,
3232 4383 3453 4452 ἀδελφοί
3518 4402 3645 4453 μου,
3688 4386 3812 4436 ὑπο-

551 4477 683 4543 mei,
714 4492 931 4539 moneo,
990 4478 1201 4542 hortor,
1229 4479 1482 4541 obsecro,
1520 4489 1778 4547 tanquam
1824 4479 2040 4532 debitor
2078 4492 2132 4533 et

554 4584 747 4625 servus
773 4580 953 4625 vester
981 4578 1203 4639 propter
1249 4569 1560 4633 Dominum,
1595 4582 1653 4623 ut
1695 4570 1845 4639 juste
1868 4582 1922 4625 et
1944 4581 2136 4625 sancte

554 4661 807 4717 vivamus
828 4662 993 4715 etiam
1024 4662 1077 4716 in
1098 4670 1398 4731 posterum,
1434 4672 1494 4715 ut
1522 4663 1686 4716 vitam
1716 4671 1983 4717 aeternam
2013 4663 2134 4716 adio

555 4754 838 4824 piscamur
867 4754 923 4808 in
950 4752 1170 4809 Christo
1210 4752 1340 4809 Jesu
1374 4736 1605 4809 Domino
1658 4762 1871 4820 nostro,
1902 4755 1990 4809 cui
2012 4755 2133 4826 gloc

557 4846 639 4903 tia
667 4845 721 4902 in
756 4845 979 4901 saecula.
1022 4848 1216 4900 Amen.

843 4959 1028 5018 CXIII.
1047 4992 1119 5004 —-
1136 4962 1505 5035 Euphrosyno:
1533 4966 1853 5035 prepositaz.

2244 4489 2561 4559 μιμνήσκω,
2598 4480 2871 4552 παραινῶ,
2912 4476 3240 4550 παρακαλῶ,
3273 4476 3349 4539 ὡς
3384 4477 3693 4544 ὀφειλέτης,
3745 4476 3811 4539 ὡς

2240 4574 2427 4637 δοῦλος
2455 4572 2610 4643 ὑμῶν
2656 4572 2746 4625 διὰ
2773 4568 3007 4640 Κύριον
3040 4566 3267 4628 δικαίως
3295 4566 3392 4618 καὶ
3446 4566 3613 4629 ὁσίως
3670 4565 3808 4619 πολι-

2240 4662 2566 4733 τευσὼμεθα
2592 4662 2688 4715 καὶ
2713 4661 2847 4732 πρὸς
2895 4658 2957 4712 τδ
2984 4657 3132 4734 ἑξῆς.
3167 4658 3285 4710 Ἵνα
3318 4655 3809 4728 κληρονομήσωμεν

2242 4755 2389 4825 ζωὴν
2416 4752 2654 4815 αἰώνιον,
2692 4753 2750 4805 ὲν
2771 4749 2993 4821 Χριστῷ
3033 4746 3210 4819 Ἰησοῦ
3240 4746 3320 4806 τῶ
3348 4749 3550 4820 Κυρίῳ
3571 4751 3739 4821 ἡμῶν,
3769 4743 3808 4815 ᾦ

2245 4850 2279 4919 ἡ
2311 4847 2440 4914 δόξα
2467 4846 2547 4909 είς
2577 4846 2705 4909 τοὺς
2734 4844 2955 4907 αίῶνας.
3004 4842 3201 4913 ’Δμήν.

2463 4964 2607 5017 ΡιΓό
2639 4962 2815 5033 l9)-—
2840 4960 3208 5030 Εὐφροσύνη
3227 4960 3565 5031 ἡγουμένην
3638 4932 3801 5034 [πιμελ-1

1824 5076 2119 5127 Consolatur
2152 5076 2202 5126 in
2228 5075 2368 5127 obitu
2395 5075 2583 5127 matris.

631 5184 957 5241 Postulabat
1002 5186 1109 5243 hoc
1156 5186 1301 5257 quod
1332 5186 1533 5242 accidit
1556 5187 1729 5241 beata:
1755 5185 1993 5241 domina:
2026 5202 2141 5240 ma-

565 5280 742 5351 trique
773 5282 1052 5336 communi
1090 5282 1212 5353 (nec
1239 5282 1385 5339 enim
1422 5280 1689 5349 refugiam
1739 5292 1968 5335 matrem
2000 5297 2139 5350 quo-

566 5388 673 5441 que
712 5382 955 5428 nostram
994 5374 1143 5429 illam
1178 5374 1451 5445 appellare
1479 5381 1702 5445 propter
1756 5372 2032 5440 virtutem)
2080 5381 2141 5427 ut

2328 5187 2552 5259 Ἀπῄτει
2608 5186 2663 5239 τὸ
2720 5184 2932 5255 συμϐάν
2966 5183 3095 5255 περὶ
3143 5182 3245 5254 τὴν
3301 5182 3592 5256 μακαρίαν
3636 5185 3803 5254 κυρίαν

2244 5280 2338 5332 καὶ
2362 5279 2545 5349 κοινὴν
2579 5277 2792 5348 μητέρα
2826 5293 2841 5306 ·
2876 5277 2938 5328 ού
2959 5273 3069 5356 γάρ
3104 5275 3490 5345 παραιτοῦμαι
3524 5276 3621 5329 καὶ
3671 5274 3802 5345 ἡμῶν

2248 5372 2462 5443 μητέρα
2492 5372 2663 5442 αὐτὴν
2707 5368 2997 5441 ὀνομάζειν
3055 5368 3144 5423 διά
3176 5367 3275 5439 τὴν
3329 5368 3543 5442 ἀρετήν
3572 5387 3587 5401 ·
3637 5368 3800 5429 αὐτοὺς

640 5488 684 5518 ”
716 5488 760 5542 ιι
789 5488 915 5544 Cor.
947 5504 1002 5555 ν,
1038 5488 1108 5545 10
1205 5491 1251 5523 ’⁸
1278 5489 1441 5546 llebr.
1476 5507 1531 5558 x,
1563 5490 1651 5545 3i.
1730 5490 1775 5523 π
1802 5486 1968 5545 Hebr.
2001 5503 2103 5551 xu,

2308 5487 2354 5517 '°
2384 5483 2588 5541 Jerem.
2620 5500 2736 5552 \‘lll,
2763 5485 2816 5540 ι.
2894 5483 2937 5516 ⁸⁸
2958 5481 3149 5538 Matth.
3183 5496 3299 5548 xw,
3334 5480 3429 5537 26.
3510 5482 3556 5516 ³³
3587 5481 3740 5539 Eccle.
3765 5494 3796 5534 ι.

574 5556 664 5612 Η.

2076 5636 2307 5698 ΝΟΤιΕ.

649 5768 724 5839 t9)
756 5768 815 5825 In
846 5767 970 5825 cod.
1002 5768 1135 5833 Reg.
1180 5761 1319 5836 puz'.
