3964 6320
124 365 303 430 1377

1355 368 1891 430 EPISTOLARUM
1957 371 2105 433 LIB.
2138 373 2221 432 ll.

3273 371 3409 434 1378

108 483 312 552 ἡμᾶς
341 478 595 550 ἀφῖχθαι,
629 481 721 533 καὶ
741 481 830 534 τὸν
854 490 1199 551 προσήκοντα
1241 483 1528 551 ἐπιτάφιον
1559 484 1736 554 ἐκείνῃ

1849 497 1948 536 nos
1979 484 2077 552 ipsi
2117 483 2453 550 veniremus,
2491 494 2544 540 et
2591 483 2742 540 illam
2778 484 2996 555 quidem
3024 498 3264 553 congrua
3294 483 3412 536 lau—

119 585 249 644 μεν
285 572 425 646 ᾄσαι
459 589 475 604 ’
503 573 587 627 σοὶ
614 573 671 626 δὲ
706 575 772 644 τῇ
802 573 1259 646 ὑπολελειμμὲνῃ,
1320 576 1416 628 καλ⁸
1457 575 1618 628 οἱονεὶ
1643 577 1739 644 ὀρ-

115 668 305 737 φανῇ
341 667 439 737 τῆς
464 668 740 738 μητρικῆς
763 681 858 717 σου
882 665 1176 733 συναφείας
1205 683 1264 719 τε
1288 666 1382 719 καὶ
1411 666 1736 736 συμπνοίας,

117 759 509 826 φθέγξασθαι
538 757 888 830 παραμύθιον
913 773 927 787 ’
956 757 1071 826 εἴγε
1101 759 1195 811 καὶ
1225 757 1531 830 ἐξευρεθείη
1563 759 1740 812 τοιοῦ-

115 867 236 902 τον
287 851 613 922 φάρμακον,
643 851 939 921 δυνάμενον
966 849 1349 920 καταπραῧναί
1403 867 1496 903 σου
1531 851 1591 902 τὸ
1640 849 1741 920 τῆς

118 943 348 1012 ψυχῆς
379 942 628 1011 ἀλγεινὸν
657 945 750 994 καὶ
775 942 1192 1012 συμπεπτωκός.
1250 941 1389 993 Ἀλλ’
1419 941 1541 994 ἐπεὶ
1579 942 1738 995 τοῦτο

119 1035 248 1086 οὐκ
283 1035 590 1103 ἐνδέχεται.
621 1035 708 1086 διά
737 1035 1061 1104 γράμματος
1092 1033 1124 1102 ὴ
1169 1034 1468 1103 ὲπισκοπή.
1511 1033 1574 1085 Ὢ
1621 1034 1738 1096 πῶς

121 1126 392 1195 ἀπέπτη
444 1126 537 1193 ἀφ’
568 1127 722 1194 ἡμῶν
769 1128 803 1195 ἡ
845 1126 983 1196 καλὴ
1041 1126 1256 1195 ἀμμάς,
1295 1128 1327 1196 ἡ
1369 1126 1739 1197 Χριστοφόρος

120 1217 322 1286 γυνὴ,
349 1216 410 1268 τὸ
435 1217 718 1286 κειμήλιον
751 1217 851 1286 τῆς
892 1215 1264 1286 σωφροσύνης,
1318 1217 1378 1269 τὸ
1431 1235 1737 1287 κεχαριτω-

130 1309 333 1377 μένον
383 1309 694 1378 πρόσωπον,
730 1308 790 1361 τὸ
855 1309 953 1378 τῆς
998 1309 1287 1372 εῦλαϐείας
1344 1309 1595 1379 τέμενος,
1675 1309 1738 1361 τὸ

125 1399 378 1468 πλῆρες
424 1399 666 1468 ἡμερῶν,
723 1399 831 1452 τῶν
876 1417 935 1451 τε
987 1400 1265 1470 λυομένων
1317 1401 1410 1454 καὶ
1462 1400 1740 1470 μενουσῶν

124 1490 368 1559 θέαμα,
388 1493 415 1542 ὁ
439 1492 769 1559 ἡγιασμένοις
797 1492 944 1556 ναὸς,
975 1495 1002 1545 ὁ
1027 1492 1224 1546 ὲλαιὼν
1249 1495 1346 1563 τῆς
1373 1493 1736 1563 συμπαθείας,

122 1585 154 1635 ὁ
193 1585 508 1655 οἰκτιρμδς
536 1584 633 1652 τῆς
678 1584 986 1649 ἐπιδόσεως,
1037 1586 1099 1638 τὸ
1136 1584 1271 1650 ζῶον
1317 1585 1484 1648 ὅντως
1526 1586 1589 1637 τὸ
1618 1584 1739 1636 θεό-

125 1675 426 1739 πλαστον,
458 1677 484 1728 ὀ
504 1677 732 1742 ἄφθονος
761 1676 1057 1747 ὀφθαλμὸς,
1089 1679 1122 1747 ή
1161 1677 1472 1735 ἀϐάσκανος
1517 1679 1737 1748 καρδία,

124 1771 166 1836 ἡ
211 1769 337 1838 πρὸ
368 1768 462 1820 τοῦ
499 1768 727 1821 θανάτου
751 1769 992 1838 ’ἔκδημος
1034 1769 1141 1821 τῶν
1168 1769 1297 1838 τῇδε
1348 1768 1438 1822 διὰ
1491 1769 1580 1822 τὸν
1637 1786 1738 1821 πο-

1840 574 2059 628 datione
2090 574 2308 631 funebri
2334 592 2826 646 prosequeremur;
2859 577 2959 631 tibi
2987 586 3116 632 v’ero
3141 576 3412 631 derelicta

1839 673 1894 719 et
1921 675 2169 722 materna
2202 669 2610 739 quodammodo
2662 668 2833 722 animi
2887 669 3245 739 corporisque
3281 685 3413 723 con-

1834 757 2123 826 junctione
2147 761 2351 814 orbata
2397 760 2831 814 consolationem
2897 759 3287 814 adhiberemus
3317 777 3330 812 :
3363 760 3411 813 si

1841 858 2022 903 tamen
2053 852 2353 906 remedium
2387 853 2720 907 inveniretur
2737 851 3025 920 ejusmodi,
3052 851 3197 920 quod
3228 858 3414 919 posset

1841 941 2020 996 afllicti
2079 945 2450 1014 prostratique
2479 945 2646 999 animi
2701 945 2948 998 dolorem
3000 944 3267 1014 mitigare.
3306 943 3414 997 Sed

1839 1034 2097 1101 quoniam
2137 1035 2188 1088 id
2219 1034 2336 1088 fieri
2390 1037 2599 1105 nequit,
2634 1051 2727 1105 per
2771 1035 2979 1090 litteras
3028 1036 3119 1088 fiet
3152 1033 3410 1088 visitatio.

1838 1125 1882 1180 Ο
1917 1142 2027 1196 quo
2058 1136 2218 1196 pacto
2244 1143 2273 1180 a
2299 1128 2458 1182 nobis
2494 1129 2730 1182 avolavit
2765 1129 2904 1182 bona
2943 1137 3136 1189 mater,
3177 1125 3416 1181 Christi-‘-

1839 1216 1952 1272 fera
1987 1219 2201 1284 mulier,
2227 1219 2521 1274 thesaurus
2561 1221 2930 1283 continentia,
2958 1218 3136 1288 gratia
3160 1226 3410 1271 ornatum

1840 1319 2023 1381 caput,
2059 1313 2341 1383 religionis
2393 1314 2716 1376 sacrarium,
2767 1313 2987 1383 plenum
3031 1312 3239 1366 dierum
3295 1320 3412 1365 tum

1839 1397 2162 1453 obeuntium
2248 1409 2364 1454 tum
2466 1403 2907 1471 permanentium
2979 1400 3406 1467 spectaculum,

1840 1491 2100 1559 templum
2167 1494 2586 1558 sanctificatum,
2647 1495 2910 1549 olivetum
2985 1492 3411 1561 compassionis,

1841 1584 2244 1638 commiseratio
2279 1586 2604 1655 largitionis,
2645 1601 2768 1640 vere
2790 1601 2819 1639 a
2844 1584 2954 1639 Deo
2979 1583 3273 1638 formatum
3296 1585 3411 1637 ani-

1841 1673 1971 1737 mal,
2018 1677 2210 1731 oculus
2247 1677 2468 1732 invidia
2519 1694 2734 1748 expers,
2770 1694 2867 1734 cor
2918 1681 3038 1736 sine
3078 1681 3414 1736 malevolen-

1843 1765 1940 1828 tia,
1978 1767 2029 1820 in
2059 1769 2164 1823 hoc
2206 1771 2390 1825 seculo
2421 1781 2545 1825 ante
2576 1781 2807 1827 mortem
2852 1775 3133 1844 peregrina
3164 1775 3233 1830 ob
3264 1775 3414 1830 desi-

127 1861 239 1913 θού
252 1878 433 1930 μενον
458 1859 686 1929 νυμφίον
718 1860 974 1930 Χριστὸν,
1005 1861 1098 1912 καὶ
1123 1859 1211 1912 διὰ
1238 1858 1333 1929 τὴν
1377 1860 1555 1912 ἐκεῖσε
1607 1860 1736 1913 ἄλυ-

1843 1859 2053 1913 derium
2115 1861 2311 1929 Sponsi
2346 1862 2574 1928 Christi,
2619 1879 2674 1918 et
2719 1876 2943 1934 propter
3006 1865 3250 1922 futuram
3300 1868 3413 1922 illic

129 1970 236 2004 τόν
271 1952 431 2020 ζωὴν
451 1951 544 2003 καὶ
571 1953 842 2022 ἀκήρατον
865 1971 877 2017 ;
902 1953 985 2014 Ὢ,
1020 1951 1084 2015 ὣ,
1118 1952 1256 2003 πόσα
1289 1950 1531 2021 λαλήσας
1581 1951 1739 2020 δυνη-

131 2045 315 2113 θείην
349 2044 586 2097 κενῶσαι
609 2043 669 2094 τὸ
709 2043 982 2097 συνωθοῦν
1012 2044 1108 2112 τὴν
1149 2043 1378 2113 καρδίαν
1411 2061 1514 2113 μου
1545 2060 1740 2113 σεμνο·

131 2137 419 2208 λόγημαι
485 2135 744 2203 Καίτοιγε
778 2134 1050 2206 ὀψιμαθὴς
1099 2133 1212 2203 ἐγὼ
1262 2136 1361 2204 τῆς
1411 2136 1606 2205 κυρίας
1645 2141 1739 2189 καὶ

131 2230 255 2281 τῶν
286 2229 540 2282 ὲνουσῶν
568 2229 695 2298 ὑμῖν
745 2227 973 2298 ἀρετῶν,
1021 2227 1115 2280 καὶ
1147 2228 1398 2281 τοσοῦτον
1445 2231 1503 2282 ὲν
1549 2229 1736 2300 πείρᾳ,

133 2323 274 2374 ὅσον
302 2321 471 2390 ἄκρῳ
495 2319 742 2388 δακτύλῳ
769 2319 1118 2387 ἑφαψάμενός
1169 2337 1251 2383 τις
1302 2320 1539 2390 μέλιτος.
1599 2321 1739 2374 Ἀλλ’

131 2414 306 2482 ὅμως
351 2415 385 2482 ή
419 2413 648 2483 βραχεῖα
677 2411 866 2480 γεῦσις
896 2411 1130 2481 δήλωσιν
1155 2412 1455 2482 παρίστησι
1481 2411 1582 2482 τῆς
1611 2411 1741 2482 ὅλης

135 2504 524 2573 γλυκύτητος,
549 2503 724 2564 ἄλλως
750 2519 808 2554 τε
839 2502 934 2554 καὶ
964 2503 1114 2576 παρὰ
1150 2503 1260 2556 τῶν
1297 2504 1496 2573 μᾶλλον
1540 2520 1738 2556 πεπει-

136 2598 420 2665 ραμὲνων
472 2595 625 2664 ὑμῶν
661 2595 760 2662 τῆς
806 2595 1009 2665 ἀρετῆς
1075 2595 1321 2664 ἀδελφῶν
1380 2596 1734 2666 ὲκδιδαχθεὶς,

138 2688 443 2756 ἀρκοῦσαν
487 2688 594 2756 ἔχω
625 2686 724 2757 τὴν
774 2688 904 2758 περὶ
956 2688 1128 2758 αὐτῆς
1175 2689 1378 2757 γνῶσιν
1429 2692 1487 2743 ὲν
1524 2690 1734 2760 Κυρίῳ.

151 2778 392 2848 Ἐκείνη
415 2776 633 2830 ἀπὸτοῦ
658 2779 901 2832 τοιούτου
937 2780 1053 2850 βίου
1101 2780 1241 2852 ἤχθη
1267 2785 1346 2844 είς
1398 2782 1518 2835 τόδε
1546 2781 1606 2834 τὸ
1637 2799 1737 2834 πο-

136 2870 414 2940 λίτευμα.
447 2871 538 2921 Δεῖ
565 2870 675 2943 γάρ
708 2889 775 2940 με
812 2872 1019 2925 ἄνωθεν
1049 2873 1359 2939 ὑπολαϐεῖν,
1411 2875 1506 2927 καὶ
1539 2874 1737 2947 μικρόν

136 2978 196 3014 τι
229 2962 584 3032 ἐνδιατρίψαι
614 2963 692 3034 τῷ
711 2965 855 3034 λόγῳ
890 2967 1238 3037 παρηγορίας
1270 2967 1452 3037 χάριν.

219 3137 390 3207 Ἔχει
425 3138 616 3204 οὕτως.
648 3141 769 3194 Τῶν
799 3143 893 3210 ἀφ’
942 3143 1099 3212 ήλίου
1143 3143 1420 3197 ἀνατολῶν
1453 3145 1514 3198 τὸ
1554 3145 1733 3213 γένος,

139 3229 242 3282 καὶ
274 3231 427 3283 κατά
457 3232 640 3296 τόπον,
672 3233 932 3286 καὶκατὰ
957 3235 1163 3302 τρόπον
1196 3250 1208 3263 ·
1245 3235 1404 3305 είπερ
1444 3237 1476 3305 ή
1535 3237 1733 3306 Ἀρμε-

140 3321 256 3386 νία,
292 3323 425 3376 ὅθεν
449 3326 545 3377 καὶ
581 3327 733 3395 ήάρε
747 3326 826 3395 cf}.
860 3327 920 3378 Εἰ
943 3327 999 3379 δὲ
1033 3328 1210 3381 καὶτὸ
1242 3321 1382 3398 αἷμα
1406 3328 1486 3382 δεῖ
1508 3320 1689 3396 ζητεῖν
1716 3345 1730 3360 ο

140 3415 207 3466 ὲκ
231 3413 527 3484 βασιλικοῦ
565 3418 849 3488 κράματος
888 3421 1217 3490 στρατηγίαι
1247 3422 1342 3473 καὶ
1362 3421 1731 3490 δημαγωγίαι,

145 3507 246 3560 καὶ
273 3509 335 3561 ἐν
377 3509 643 3580 Ἀρμενίᾳ
677 3511 772 3564 καὶ
790 3512 1225 3583 ὲνΓραικίᾳΛοῦ
1253 3517 1522 3584 ὁμοζύγου
1556 3515 1699 3583 λέγω
1718 3533 1732 3548 ο

147 3601 279 3654 ἐπεὶ
331 3605 432 3655 καὶ
477 3604 575 3673 τὴν
622 3604 844 3676 πρώτην
897 3607 1228 3676 στρατηγίδα
1282 3602 1425 3660 εἷλεν
1477 3609 1732 3674 ἐνταῦθα,

147 3694 345 3763 ὥσπερ
381 3696 480 3748 καὶ
518 3697 617 3765 τὴν
648 3700 1068 3768 πατρικιότητα,
1098 3701 1126 3751 ό
1166 3701 1326 3770 ἀνήρ.
1368 3697 1440 3756 Οὗ
1485 3703 1735 3773 ἀπορῤα-

147 3789 317 3851 γεῖσα
344 3788 437 3839 διὰ
470 3788 726 3854 θανάτου,
755 3790 853 3841 ούκ
904 3790 1135 3859 ἡνεγκεν
1189 3791 1324 3856 ἄζυξ
1363 3794 1565 3862 μένειν,
1616 3793 1732 3847 ἀλλ’

152 3878 303 3946 ἔχειν
338 3881 636 3949 μνηστῆρα
655 3898 669 3912 ο
696 3880 814 3934 τίνα
835 3881 971 3951 ἄρα;
1005 3884 1062 3934 οὺ
1081 3883 1228 3936 τόνδε
1258 3887 1352 3937 καὶ
1371 3885 1519 3938 τόνδε
1537 3886 1733 3957 ἄρχον-

151 3971 276 4042 ταῆ
313 3971 566 4044 βασιλέα,
605 3974 680 4037 ῶς
707 3976 739 4042 ἡ
797 3975 903 4027 τῶν
934 3975 1146 4030 πολ-λῶν
1196 3978 1403 4047 ἔφεσις,
1447 3985 1610 4053 σαρκὶ
1642 3981 1736 4034 καί

153 4063 355 4131 αἵματι
386 4067 805 4136 προσκειμένων
826 4083 838 4094 ·
874 4067 1011 4120 ἀλλὰ
1035 4069 1126 4123 τὸν
1159 4071 1317 4138 μόνον
1345 4072 1547 4142 ὡραῖον
1595 4091 1734 4143 νυμ-

154 4155 300 4220 φίον,
337 4157 431 4209 τὸν
456 4157 695 4225 ἄρχοντα
720 4159 818 4228 τῆς
849 4161 1092 4230 εἰρήνης,
1114 4161 1204 4212 Διὸ
1234 4161 1328 4214 καλ⁹
1363 4163 1736 4233 είρηνώνυμος

153 4247 186 4314 ἡ
212 4247 429 4318 νύμφη,
455 4249 547 4300 τὸν
586 4250 691 4302 τῶν
726 4251 862 4302 ὅλων
884 4252 1108 4319 βασιλέα
1128 4254 1380 4323 Χριστὸν,
1413 4255 1503 4307 τὸν
1531 4256 1736 4326 Κύριον

154 4339 253 4408 τῆς
277 4341 463 4410 δόξης,
497 4341 592 4393 καὶ
620 4341 809 4395 τοῦτον
837 4344 923 4395 διά
947 4344 1036 4396 τοῦ
1063 4345 1351 4414 μοναδικοῦ
1383 4348 1736 4419 ἐπαγγέλμα-

155 4445 248 4491 τος
283 4433 766 4502 μνηστευσαμένη.
816 4434 930 4502 Ἐφ’
969 4429 1012 4501 ᾧ
1062 4436 1206 4498 ὅπως
1238 4437 1526 4506 ἠρίστευσε
1569 4441 1737 4510 πράτ-

1840 1950 2003 2003 vitam
2063 1950 2496 2007 indissolubilem
2542 1964 2597 2010 et
2647 1957 3050 2011 immortalem?
3104 1960 3245 2026 0,0,
3293 1961 3418 2030 qui-

1840 2037 2071 2093 busnam
2130 2041 2316 2096 verbis
2365 2045 2589 2113 exsequi
2645 2045 2791 2098 illam
2849 2047 3078 2114 possim,
3140 2063 3261 2117 qua
3319 2063 3416 2104 cor

1841 2147 2021 2185 meum
2076 2133 2374 2187 sollicitum
2407 2135 2588 2200 habet,
2627 2136 3032 2192 laudationem!
3097 2137 3163 2192 Et
3191 2141 3413 2209 quidem

1841 2224 2018 2278 serius
2049 2239 2150 2292 ego
2189 2224 2490 2283 dominam.
2523 2236 2577 2279 et
2602 2227 2834 2282 virtutes
2899 2239 3110 2284 vestras
3159 2232 3411 2300 cognovi,

1841 2327 1941 2367 nec
1971 2313 2319 2382 experientia
2352 2315 2475 2383 plus
2518 2315 2713 2380 habeo,
2748 2334 2909 2387 quam
2959 2323 3050 2390 qui
3080 2337 3297 2376 summo
3329 2323 3414 2374 di-

1840 2405 1951 2474 gito
1984 2405 2089 2458 mel
2117 2405 2316 2476 attigit.
2357 2407 2608 2462 Attamen
2671 2411 2850 2464 tenuis
2902 2413 3211 2482 degustatio
3245 2413 3413 2468 totius

1840 2497 2144 2551 dulcedinis
2181 2499 2457 2567 specimen
2499 2501 2761 2557 exhibet:
2813 2506 3118 2572 prasertim
3166 2521 3290 2560 cum
3346 2506 3414 2560 ab

1840 2588 1910 2643 iis
1937 2589 2250 2654 sororibus,
2283 2593 2484 2661 quibus
2521 2595 2694 2648 virtus
2726 2606 2903 2650 vestra
2940 2598 3112 2668 magis
3132 2611 3414 2669 perspecta

1839 2689 1972 2745 erat,
2007 2683 2257 2747 edoctus,
2296 2685 2655 2741 sufﬁcientem
2687 2688 2755 2743 de
2781 2705 2843 2743 ea
2891 2690 3143 2745 notitiam
3176 2692 3406 2746 habeam

1839 2771 1893 2826 in
1915 2772 2166 2829 Domino.
2195 2776 2331 2831 Vita
2353 2777 2599 2832 conditio
2627 2794 2656 2833 a
2685 2796 2794 2850 qua
2817 2782 3034 2837 transiit
3064 2783 3155 2838 illa
3179 2786 3244 2838 ad
3268 2784 3411 2839 istud

1839 2865 2173 2930 institutum,
2202 2865 2307 2922 fuit
2341 2868 2682 2939 hujusmodi.
2717 2871 2940 2941 Oportet
2985 2874 3131 2928 enim
3172 2892 3259 2930 me
3298 2892 3411 2931 rem

1837 2957 2002 3013 altius
2055 2968 2319 3028 repetere,
2357 2971 2410 3016 et
2455 2963 2858 3020 consolationis
2904 2965 3080 3034 gratia
3132 2968 3412 3039 paulisper

1838 3048 2072 3104 dicendo
2101 3051 2406 3106 immorari.

1912 3142 2003 3197 Sic
2036 3151 2218 3197 autem
2250 3158 2309 3198 se
2339 3160 2425 3199 res
2470 3144 2652 3200 habet.
2712 3146 2899 3203 Genus
2946 3148 3094 3204 illius
3124 3165 3188 3204 ex
3216 3147 3410 3205 Orien-

1839 3232 2067 3297 talibus,
2098 3241 2152 3286 et
2179 3234 2358 3301 quoad
2384 3234 2586 3301 locum,
2608 3246 2662 3289 et
2686 3238 2866 3306 quoad
2888 3239 3143 3293 indolem
3177 3262 3187 3295 :
3218 3256 3281 3293 ex
3308 3243 3414 3294 Ar-

1837 3324 2014 3377 menia
2047 3323 2274 3391 scilicet,
2307 3325 2450 3379 unde
2478 3335 2533 3379 et
2581 3327 2779 3382 virtus.
2816 3329 2972 3395 Quod
3010 3331 3057 3385 si
3108 3331 3271 3385 etiam
3312 3332 3411 3385 ha-

1835 3413 2011 3469 benda
2040 3416 2183 3470 ratio
2225 3418 2530 3488 sanguinis,
2577 3418 2723 3474 hunc
2761 3436 2886 3475 cum
2923 3423 3144 3493 regibus
3179 3425 3412 3477 commi-

1838 3516 1981 3559 stum
2009 3506 2220 3562 habuit.
2259 3508 2546 3562 Accedunt
2575 3511 2838 3565 militares
2859 3527 2922 3565 ac
2964 3513 3178 3578 civiles,
3213 3523 3327 3567 tum
3357 3514 3411 3567 in

1837 3598 2120 3659 Armenia,
2177 3608 2290 3653 tum
2351 3601 2403 3654 in
2476 3602 2682 3657 Gracia
2741 3603 3098 3670 praefectura,
3160 3607 3413 3677 conjugis

1836 3686 2000 3751 dico;
2054 3689 2325 3758 siquidem
2365 3689 2684 3759 primariam
2721 3693 2774 3746 in
2802 3695 3048 3749 exercitu
3091 3696 3410 3766 dignitatem

1837 3780 2148 3849 pariterque
2182 3783 2531 3850 patriciatum
2565 3785 2795 3854 adeptus
2825 3797 2910 3840 est
2947 3787 3030 3840 vir
3076 3789 3186 3843 ille.
3219 3791 3263 3842 A
3302 3806 3414 3858 quo

1836 3887 1931 3942 per
1959 3881 2188 3926 mortem
2216 3875 2449 3940 divulsa,
2477 3876 2764 3944 innuptam
2791 3893 3011 3932 manere
3039 3895 3096 3934 se
3129 3896 3238 3934 non
3265 3882 3412 3947 tulit,

1839 3965 1930 4019 sed
1963 3981 2224 4034 sponsum
2273 3967 2484 4033 habuit,
2548 3983 2842 4038 quemnam
2880 3971 3057 4026 vero?
3097 3988 3204 4026 non
3266 3974 3415 4027 hunc

1836 4057 1920 4112 vel
1977 4058 2128 4112 illum
2181 4061 2481 4130 principem
2542 4071 2637 4115 aut
2692 4078 2898 4134 regem,
2960 4066 3105 4132 quod
3161 4065 3415 4122 ambiunt

1838 4153 2043 4214 multa,
2075 4153 2228 4206 carni
2272 4163 2327 4207 et
2362 4155 2620 4223 sanguini
2680 4157 2911 4211 addicta
2944 4176 2958 4224 ;
3012 4159 3105 4211 scd
3161 4175 3283 4212 eum
3317 4161 3410 4229 qui

1838 4245 1989 4299 solus
2017 4254 2100 4298 est
2134 4259 2372 4314 sponsus
2402 4249 2708 4317 speciosus,
2763 4250 3019 4320 princeps
3049 4253 3218 4320 pacis.
3256 4249 3412 4307 Unde

1838 4346 1893 4391 et
1926 4337 2076 4406 pacis
2101 4351 2298 4391 nomen
2333 4339 2539 4393 habens
2562 4355 2785 4409 sponsa,
2820 4341 3204 4395 universorum
3230 4359 3411 4412 regem

1840 4431 2120 4485 Christum
2185 4430 2375 4500 gloria
2430 4432 2744 4496 Dominum,
2779 4432 2880 4486 sibi
2912 4448 3007 4502 per
3044 4435 3411 4489 monasticam

156 4523 414 4575 τουσατά
440 4523 536 4574 τοῦ
567 4523 818 4591 ἐραστοῦ,
852 4526 1260 4596 προδεδήλωκεν
1287 4531 1314 4581 ό
1352 4529 1508 4596 λόγος
1557 4530 1631 4594 ῶς
1676 4535 1731 4584 ὲν

1841 4521 2235 4591 professionem
2259 4537 2527 4592 sponsum
2555 4525 2770 4577 ascivit.
2805 4522 2860 4576 In
2882 4539 2991 4593 quo
3005 4526 3222 4594 quidem
3246 4541 3411 4595 quam

162 4613 531 4682 σκιαγραφία.
598 4613 813 4684 Ταύτης
940 4615 1327 4685 ἀστράπτουσα
1369 4622 1667 4691 προσευχὴ,
1703 4624 1735 4693 ἡ

160 4704 462 4770 κατάνυξις
497 4722 510 4735 ⁸
565 4707 737 4776 ἡτῶν
777 4707 1033 4778 δακρύων
1080 4709 1256 4778 χύσις,
1308 4713 1340 4778 ἠ
1397 4713 1736 4779 άκατάλαλος

159 4794 462 4868 γλῶττα,ή
510 4798 962 4870 ἀπαρρησίαστος
1013 4799 1144 4864 ἕξις,
1204 4804 1236 4873 ὴ
1287 4806 1736 4876 Χριστομίμητος

159 4891 666 4963 ταπεινοφροσύνη,
719 4894 752 4964 ή
804 4894 1115 4962 φιλέντολος
1168 4896 1402 4967 δεξιά,ή
1475 4898 1736 4970 θεηγόρος

160 4982 392 5050 διάνοια,
431 4986 465 5055 ἠ
495 4986 763 5056 καιομένη
802 4987 877 5058 τῷ
913 4988 1018 5057 τῆς
1074 4988 1293 5059 ἀγάπης
1322 4991 1558 5062 Χριστοῦ
1605 4995 1738 5064 πυρὶ

162 5076 378 5146 καρδία,
417 5078 516 5130 καὶ
550 5077 700 5141 τέλος
727 5081 759 5148 ἠ
790 5079 1070 5149 ὀρθόδοξος
1097 5081 1340 5151 λατρεία,
1371 5085 1464 5136 καὶ
1487 5084 1545 5135 τὸ
1567 5102 1738 5153 πεφυ-

162 5165 437 5236 λαγμένον
468 5169 566 5239 τῆς
594 5170 874 5241 αἱρετικῆς
902 5173 1188 5234 κοινωνίας
1213 5174 1353 5242 μετά
1377 5176 1734 5230 ἀνυποστόλου

166 5261 499 5330 παρρησίας.
539 5263 644 5314 Καὶ
683 5263 866 5332 θαῦμα
895 5264 1010 5327 πῶς
1054 5265 1111 5316 ὲν
1171 5265 1250 5333 τῷ
1293 5268 1736 5335 παριππεύσαντι

165 5350 407 5423 διωγμῶ,
446 5355 508 5406 ού
553 5354 713 5422 μόνον
743 5356 962 5426 ἑαυτὴν,
987 5356 1121 5408 ἀλλὰ
1158 5359 1252 5408 καὶ
1274 5358 1354 5422 σὲ,
1400 5359 1588 5429 κυρία,
1641 5363 1737 5413 καὶ

167 5441 292 5512 ὅλην
332 5463 427 5500 σου
471 5449 572 5518 τὴν
616 5450 777 5515 ἁγίαν
823 5449 1090 5511 συνοδίαν,
1150 5449 1449 5519 ἀμέθεκτον
1490 5455 1586 5506 σὺν
1620 5453 1736 5523 Θεῷ

167 5535 368 5606 ταύτης
415 5540 777 5609 διεφυλάξατο
823 5558 837 5570 ·
893 5541 1061 5610 καλὴν
1137 5545 1402 5611 κορωνίδα
1455 5545 1530 5613 τῷ
1594 5546 1734 5598 τέλει

175 5624 690 5701 ὲπισφραγισαμένη
714 5648 727 5660 ·
762 5634 826 5684 ἐκ
873 5632 981 5684 τῶν
1020 5631 1317 5700 ὀρθοδόξων
1361 5634 1552 5701 πηγῶν
1581 5653 1738 5704 μετα-

174 5716 370 5783 σχοῦσα
388 5722 497 5774 τῶν
535 5722 914 5791 άγιασμάτων,
946 5721 1243 5774 κάντεῦθεν
1286 5723 1568 5795 ἀπάρασα,
1619 5744 1736 5794 χαι-

181 5808 413 5876 ρομένως
445 5831 456 5844 ·
482 5814 617 5882 ὅπερ
654 5815 879 5884 σημεῖον
931 5812 1187 5886 μέγιστον
1230 5817 1327 5887 τῆς
1357 5809 1430 5869 ὧν
1479 5818 1732 5870 ὲπεπόθει

1841 4613 2098 4683 praclare
2130 4613 2323 4682 egerit,
2357 4631 2478 4683 qua
2500 4616 2683 4670 dilecti
2720 4626 2849 4670 sunt
2884 4633 3211 4687 exsequens,
3248 4635 3414 4688 supe-

1841 4706 1955 4758 rior
1981 4719 2161 4759 sermo
2188 4704 2512 4760 adumbrata
2535 4709 2770 4776 quadam
2793 4709 3162 4778 descriptione
3193 4711 3416 4765 demon-

1841 4800 2053 4854 stravit.
2085 4797 2259 4869 llujus
2292 4800 2471 4855 oratio
2495 4800 2728 4872 fulguris
2753 4802 2927 4856 instar
2955 4803 3224 4868 emicans,
3263 4818 3414 4858 com-

1839 4893 2089 4963 punctio,
2119 4891 2485 4962 Iaerymarum
2537 4894 2749 4957 effusio,
2781 4895 2916 4949 nulli
2963 4895 3280 4950 obtrectans
3310 4895 3415 4948 lin-

1839 5003 1965 5056 gna,
2006 4988 2298 5041 verecundi
2326 5003 2525 5053 mores,
2548 4989 2826 5043 Christum
2859 4990 3082 5044 imitans
3109 4990 3410 5053 humilitas,

1839 5080 2218 5136 mandatorum
2245 5096 2435 5136 amans
2466 5082 2713 5145 dextera,
2741 5098 2895 5137 mens
2925 5081 3110 5136 divina
3143 5089 3411 5146 tractans,

1839 5191 1933 5229 cor
1962 5175 2156 5229 ardens
2187 5176 2309 5245 igne
2347 5174 2631 5229 charitatis
2657 5174 2896 5234 Christi,
2939 5171 3178 5243 denique
3225 5171 3414 5225 ortho-

1840 5269 2009 5322 tloxns
2039 5267 2238 5330 cultus,
2273 5277 2327 5320 et
2356 5276 2513 5320 canta
2548 5266 2816 5320 haretica
2848 5263 3255 5320 communionis
3282 5279 3409 5316 cum

1841 5353 2108 5422 intrepida
2166 5355 2414 5408 libertate
2440 5355 2727 5409 devitatio.
2760 5355 2835 5409 Ac
2878 5355 3078 5408 mirum
3114 5369 3247 5410 sane
3299 5368 3411 5422 quo

1838 5455 1996 5516 pacto
2048 5462 2153 5499 non
2187 5448 2420 5515 seipsam
2481 5448 2662 5510 modo,
2724 5447 2818 5500 sed
2848 5457 2901 5502 et
2956 5456 3026 5508 te,
3069 5447 3312 5510 domina,
3359 5454 3413 5500 et

1840 5549 2082 5592 sanctam
2131 5539 2600 5608 congregationem
2673 5548 2822 5592 tuam
2889 5540 3220 5600 universam,
3277 5539 3407 5592 dum

1839 5641 2181 5700 grassaretur
2217 5633 2540 5700 persecutio,
2601 5633 2747 5686 illius
2801 5642 3077 5702 expertem
3144 5632 3238 5688 Dei
3307 5648 3410 5703 ope

1840 5725 2211 5788 conservarit;
2247 5723 2530 5791 pulchram
2593 5726 2685 5778 lini
2722 5724 3040 5779 coronidem
3095 5727 3403 5794 imponens,

1841 5817 1906 5870 ab
1939 5815 2256 5871 orthodoxis
2301 5815 2545 5872 fontibus
2596 5833 2750 5873 sacra
2811 5817 3170 5888 participans,
3224 5817 3406 5869 animo
