3964 6320
553 323 689 388 1379

1730 329 1792 389 S.
1825 328 2218 392 THEODORI
2261 331 2610 394 STUDITE

3716 339 3858 402 1330

550 434 756 520 laetanti
781 433 1050 491 excedens
1072 450 1102 491 e
1129 435 1235 492 vita
1267 454 1280 490 :
1318 437 1464 508 quod
1520 437 1784 495 indicium
1817 451 1904 497 est
1943 444 2117 497 maxi-

2239 448 2575 514 ;πιτεύξεως,
2639 446 2880 518 Χριστοῦ
2929 448 3134 517 τυχεῖν,
3206 447 3305 502 καὶ
3373 448 3530 518 μετά
3591 449 3856 520 Χριστοῦ

548 514 726 595 mum,
757 538 1067 598 compotem
1104 528 1301 586 factam
1341 546 1528 587 eorum
1562 547 1683 588 esse
1717 549 1842 604 quae
1871 536 2123 602 optabat,

547 621 770 677 Christo
799 621 1012 677 scilicet
1057 621 1190 686 frui,
1232 634 1286 678 et
1333 638 1459 678 cum
1507 622 1727 681 Christo
1758 625 1813 679 in
1858 636 2124 682 aeternum

549 728 693 768 esse.
731 711 822 768 Sic
849 713 1017 785 igitur
1047 714 1268 770 vivebat
1308 715 1487 781 beata,
1521 717 1601 773 sic
1632 730 1685 774 et
1723 734 1912 779 sancte
1945 725 2122 780 obiit:

549 815 715 876 atque
746 807 819 860 ita
860 821 983 861 esse
1041 807 1315 864 credimus
1350 824 1451 864 nos
1487 823 1821 880 peccatores.
1878 814 2034 872 Nunc
2057 818 2125 874 ad

551 908 608 955 te
635 901 1000 955 convertenda
1042 911 1125 956 est
1154 903 1353 956 oratio.
1393 903 1625 961 Domina
1654 923 1798 974 mea,
1843 910 1974 980 quid
2022 913 2126 966 hoc

551 1003 656 1058 εει,
687 993 856 1062 quod,
885 993 990 1049 etsi
1021 994 1218 1049 acerba
1267 1005 1351 1050 est
1380 1000 1676 1066 separatio,
1736 1002 1913 1057 tulisti
1942 1012 2126 1058 tamen

551 1099 677 1139 cum
721 1086 1019 1154 gratiarum
1052 1087 1290 1152 actione,
1320 1098 1378 1142 ut
1416 1091 1767 1161 audivimus;
1829 1096 2128 1152 vehemen-

552 1187 744 1248 terque
775 1189 826 1234 te
866 1179 1233 1243 laudavimus,
1266 1197 1374 1236 non
1409 1182 1645 1252 ejulatus
1683 1202 1713 1240 a
1743 1187 1952 1244 ratione
1991 1190 2128 1244 alie-

553 1287 655 1327 nos
693 1271 1008 1327 fundentem
1042 1289 1057 1339 ;
1105 1289 1210 1328 non
1262 1276 1375 1343 spei
1410 1291 1613 1334 vacuas
1663 1279 2126 1348 lamentationes;

553 1364 648 1420 sed
674 1373 733 1417 ut
761 1365 1047 1433 pulchrum
1072 1373 1193 1419 erat
1217 1375 1346 1422 etut
1369 1368 1595 1423 decebat
1624 1384 1805 1426 veram
1834 1373 2127 1428 monialem

553 1464 608 1509 et
640 1455 903 1524 optimam
953 1457 1291 1525 magistram,
1323 1459 1576 1529 exemplo
1635 1475 1738 1516 suo
1769 1463 1982 1519 animas
2021 1464 2126 1520 sibi

555 1545 853 1600 aDomino
885 1546 1126 1603 creditas
1180 1547 1592 1615 informantem,
1646 1559 1742 1606 aut
1795 1555 2001 1623 potius,
2069 1562 2130 1610 ut

554 1639 799 1708 apertius
821 1639 1026 1707 dicam,
1057 1640 1381 1694 clarissimae
1423 1642 1570 1696 illius
1602 1652 1655 1698 et
1680 1645 1956 1700 unanima:
1991 1661 2128 1702 con-

556 1733 860 1801 spirantem
913 1733 1079 1788 ﬁliam
1134 1736 1186 1788 in
1248 1736 1500 1802 Domino,
1561 1753 1758 1792 nurum
1819 1739 1872 1792 in
1939 1755 2127 1804 carne,

555 1824 796 1893 aequales
828 1825 881 1878 in
938 1826 1335 1896 gubernatione
1378 1828 1601 1881 virtutis
1633 1829 1645 1881 l
1687 1828 1861 1883 Unam
1890 1831 2036 1885 enim
2073 1832 2128 1886 in
2160 1798 2204 1858 Β

555 1916 775 1970 duobus
797 1918 1122 1986 corporibus
1155 1918 1397 1973 animam
1426 1919 1619 1985 fuisse,
1641 1929 1696 1974 et
1726 1921 2003 1980 laudabile
2024 1932 2128 1990 est,

557 2016 614 2063 et
643 2008 800 2063 vobis
824 2009 1148 2078 gloriosum.

627 2098 746 2155 Non
781 2117 910 2172 ergo
939 2105 1156 2172 penitus
1181 2119 1211 2157 a
1255 2114 1327 2166 te,
1359 2105 1602 2171 domina,
1638 2116 1894 2176 separata
1923 2119 2009 2165 est
2034 2111 2133 2166 do-

560 2192 732 2258 mina,
766 2195 860 2248 sed
893 2193 960 2247 ad
1002 2195 1278 2248 modicum
1309 2204 1543 2266 tempus,
1572 2198 1746 2254 donec
1786 2202 2033 2256 eamdem
2075 2210 2131 2257 et

560 2298 666 2338 nos
700 2284 841 2338 viam
896 2285 1238 2342 insistamus.
1275 2286 1647 2359 Praeterquam
1702 2292 1847 2360 quod
1879 2295 2134 2364 spiritua-

563 2377 689 2432 liter
727 2393 875 2432 nunc
897 2378 1063 2433 etiam
1093 2381 1265 2446 adest,
1287 2392 1341 2435 et
1372 2397 1467 2436 sua
1501 2383 1594 2437 tibi
1627 2387 1804 2440 studia
1839 2388 2129 2458 impendit:

562 2470 818 2540 quodque
876 2470 1056 2540 majus
1117 2482 1217 2537 est,
1274 2471 1384 2528 Deo
1439 2476 1694 2545 proprior
1729 2477 1888 2544 facta,
1931 2497 2032 2550 pro
2078 2493 2133 2538 te

563 2563 784 2632 tuisque
837 2563 1182 2632 deprecatur.
1213 2565 1368 2630 Quod
1422 2583 1552 2637 ergo
1593 2578 1781 2633 restat,
1830 2587 1896 2626 ne
1951 2574 2134 2629 animo

562 2653 850 2717 concidas,
880 2667 1127 2719 oramus,
1163 2655 1318 2725 quasi
1351 2656 1582 2726 praeside
1607 2672 1824 2722 carens,
1852 2670 1946 2713 aut
1974 2662 2133 2730 quasi

564 2745 682 2800 sola
706 2744 978 2799 derelicta.
1023 2743 1201 2800 Habes
1229 2747 1399 2812 illam,
1427 2757 1481 2802 et
1511 2749 1731 2818 przeilla
1761 2748 1934 2805 Deum
1969 2753 2132 2822 cujus

565 2847 694 2893 sunt
735 2839 957 2905 omnia;
998 2839 1092 2892 sed
1147 2847 1201 2893 et
1232 2855 1331 2894 nos
1387 2850 1720 2909 peccatores,
1753 2843 1892 2897 sicut
1938 2845 2030 2898 illa
2081 2853 2135 2899 et

564 2938 690 2982 ante
723 2938 975 2996 mortem,
1011 2939 1065 2985 et
1110 2929 1164 2984 in
1197 2941 1371 2986 morte
1423 2933 1539 3001 ipsa
1576 2935 1893 3001 postulavit,
1943 2936 2131 3002 habes,

565 3020 612 3075 si
640 3019 768 3089 quid
802 3021 1061 3089 prodesse
1084 3032 1249 3090 queat
1279 3022 1444 3076 homo
1479 3036 1750 3091 peccator.
1795 3023 1920 3079 Hazc
1945 3034 2133 3080 nostra

2227 540 2450 593 ἔσεσθαι
2475 538 2671 592 είσαεῑ.
2727 538 2915 612 Οῦτως
2962 534 3058 592 οὖν
3102 537 3234 592 ἐϐίω
3280 541 3314 610 ἠ
3377 542 3692 609 μακαρία,
3761 547 3858 596 καὶ

2226 631 2400 694 οὕτως
2428 628 2600 698 ἀγίως
2629 627 2807 700 ἀπῆρε
2841 644 2852 659 ’
2877 615 2973 681 καὶ
2999 629 3174 693 οὕτως
3211 630 3565 699 πιστεύομεν
3600 631 3772 700 ἔχειν
3807 634 3856 684 oi

2227 719 2563 793 ἁμαρτωλοί.
2591 720 2794 774 Λοιπὸν
2817 722 2913 774 ἐπὶ
2947 721 3006 774 σὲ
3025 721 3228 791 όλὸγος
3291 726 3713 793 μετενεκτέος.
3755 726 3856 776 Ai-

2229 812 2429 868 σποινά
2459 831 2584 884 μου,
2614 813 2666 868 τί
2693 813 2989 880 τοῦτο;ῖνα
3015 816 3062 867 εί
3084 815 3178 868 καὶ
3203 814 3407 886 δριμὺς
3448 817 3482 870 ὁ
3511 817 3851 886 χωρισμὸς,

2228 907 2343 961 ἀλλ’
2373 908 2522 977 ὅμως
2551 907 2784 979 ἐνέγκῃς
2820 907 3182 978 εὐχαρίστως,
3218 909 3364 962 καθά
3397 910 3505 963 καὶ
3571 911 3848 980 ἀκηκόα-

2231 1013 2354 1069 μεν,
2383 997 2478 1051 καὶ
2527 997 2877 1072 ἐπῃνέσαμεν
2907 1015 2966 1050 σε
2995 1001 3136 1053 πάνυ
3164 1016 3178 1029 ⁸
3217 1000 3292 1071 μὴ
3325 1001 3708 1071 προϊεμένην
3732 1020 3848 1054 κως

2228 1090 2425 1153 κυτοὺς
2473 1089 2726 1158 ἀλόγους,
2770 1089 2864 1142 καὶ
2927 1089 3159 1160 θρήνους
3216 1091 3597 1156 ἀνελπίστους
3636 1107 3653 1121 '
3704 1095 3848 1146 ἀλλά

2228 1180 2476 1245 δεόντως,
2511 1181 2606 1234 καὶ
2654 1182 2728 1243 ὡς
2751 1179 2967 1251 ἀληθῶς
3028 1181 3392 1253 μοναζοῦσης,
3445 1184 3553 1236 καὶ
3587 1186 3845 1255 ἀρίστης

2229 1271 2572 1336 διδασκάλου,
2606 1272 2991 1344 ὑποτυπούσης
3039 1274 3116 1343 τῷ
3167 1275 3289 1327 καθ’
3353 1276 3575 1346 ἑαυτὴν
3616 1279 3846 1330 ὑποδεί-

2228 1381 2400 1434 γματι
2419 1365 2520 1427 τάς
2550 1365 2935 1427 πιστευθείσας
2964 1377 3047 1419 σοι
3075 1366 3252 1436 ψυχάς
3284 1368 3390 1420 ὑπὸ
3411 1370 3669 1440 Κυρίου·
3698 1373 3843 1440 μᾶλ-

2228 1455 2318 1508 λον
2350 1456 2429 1521 δέ,
2485 1457 2570 1511 ἵνα
2619 1454 3039 1526 γνωριμώτερον
3081 1459 3240 1523 εῐπω,
3297 1459 3374 1522 ὼς
3429 1461 3676 1533 ἐκείνης
3741 1462 3841 1530 τῆς

2228 1548 2472 1619 ἀοιδίμου
2527 1547 2803 1619 όμοψύχου
2851 1549 3234 1619 όμογνώμονος
3280 1549 3566 1622 θυγατρὸς
3611 1554 3681 1605 ἐν
3723 1555 3839 1608 Κυ-

2232 1641 2356 1711 ρίῳ,
2413 1641 2631 1711 νύμφης
2661 1641 2719 1694 ἐν
2749 1640 2936 1711 σαρκὶ,
2993 1641 3244 1711 ίσαρέτου
3284 1643 3341 1696 ἐν
3374 1644 3673 1716 πολιτείᾳ.
3727 1648 3838 1700 Καὶ

2229 1734 2339 1804 γάρ
2377 1735 2474 1806 μία
2502 1733 2650 1805 ψυχὴ
2697 1737 2756 1786 ἐν
2783 1735 2904 1787 δυσὶ
2951 1733 3167 1804 σώμασι
3220 1734 3282 1787 τὸ
3329 1735 3457 1790 καθ’
3504 1739 3693 1809 ὑμᾶς,
3741 1741 3836 1793 καὶ

2231 1827 2441 1881 αἰνετὸν
2459 1829 2554 1881 καὶ
2579 1826 2998 1899 δεδοξασμένον.

2306 2093 2379 2146 Οὐ
2406 2092 2583 2146 τοίνυν
2607 2095 2684 2154 είς
2703 2094 2850 2148 ἅπαν
2873 2093 3144 2165 ἐχωρίσθη
3190 2110 3309 2158 σου,
3341 2092 3548 2164 κυρία,
3601 2095 3781 2166 κυρία
3810 2114 3825 2126 ·

2230 2186 2368 2240 ἀλλὰ
2390 2187 2526 2257 πρὸς
2546 2187 2762 2258 μικρὸν,
2784 2187 2889 2250 ἕως
2918 2187 2984 2240 ἂν
3010 2188 3105 2240 καὶ
3130 2189 3292 2256 ἡμεῖς
3321 2189 3425 2257 τὴν
3455 2187 3647 2256 αὐτὴν
3681 2189 3829 2241 ὀδεέ-

2235 2294 2418 2346 σωμεν
2450 2277 2604 2331 ὁδόνο
2653 2278 2792 2349 πλὴν
2842 2279 2924 2332 ὅτι
2971 2281 3066 2332 καὶ
3113 2281 3506 2350 πνευματικῶς
3565 2282 3670 2335 καὶ
3703 2284 3826 2353 ἄρτι

2231 2371 2461 2440 πάρεστι
2487 2370 2582 2422 καὶ
2608 2369 2881 2440 συμφέρει
2914 2386 2995 2425 σοι
3033 2371 3104 2424 τὰ
3137 2372 3540 2439 σπουδάσματα
3565 2390 3582 2403 ·
3617 2375 3723 2428 καὶ
3769 2376 3827 2426 τὸ

2235 2459 2444 2532 μεῖξον,
2479 2460 2674 2513 ὃτικαὶ
2707 2461 2987 2530 ἐγγυτέρω
3024 2461 3290 2532 γενομένη
3332 2463 3497 2528 Θεοῦ,
3536 2464 3827 2517 ἀντιϐολεῖ

2230 2554 2300 2608 τά
2329 2555 2458 2626 περὶ
2495 2553 2589 2607 σοῦ
2621 2552 2714 2606 καὶ
2749 2553 2858 2605 τῶν
2884 2554 2994 2606 σῶν
3055 2556 3146 2625 Μὴ
3171 2555 3235 2626 δὴ
3262 2551 3359 2609 οὖν
3399 2557 3597 2610 λοιπὸν
3653 2577 3827 2612 κατα-

2233 2646 2439 2708 πέσοις,
2473 2643 2924 2716 παρακαλοῦμεν,
2951 2643 3026 2708 ὡς
3046 2647 3514 2716 ἀπροστάτευτος,
3553 2651 3701 2719 μηδὲ
3753 2651 3826 2714 ὡς

2238 2737 2622 2808 μεμονωμένη.
2665 2736 2852 2808 Ἐχεις
2876 2737 3048 2809 αὐτὴν
3079 2739 3171 2790 καὶ
3196 2739 3301 2809 πρὸ
3330 2739 3507 2808 αὐτῆς
3545 2741 3646 2793 τὸν
3668 2741 3823 2801 Θεὸν,

2233 2820 2296 2880 οὗ
2321 2826 2390 2879 τὰ
2416 2827 2593 2879 πάντα
2616 2843 2628 2856 ·
2657 2829 2707 2880 εἰ
2733 2829 2788 2881 δὲ
2805 2830 3078 2900 καὶιήμᾶς
3104 2830 3228 2894 τοὺς
3252 2830 3649 2900 ἁμαρτωλοὺς,
3682 2833 3824 2885 κατὰ

2232 2918 2331 2990 τὴν
2375 2919 2591 2989 ἐκείνης
2631 2920 2728 2972 καὶ
2757 2922 2864 2989 πρὸ
2911 2923 3169 2985 Θανάτου,
3207 2923 3303 2975 καὶ
3330 2926 3386 2976 ἐν
3420 2924 3498 2993 τῷ
3546 2926 3821 2978 ἀποπνεῖν

2234 3014 2471 3083 αἴτησιν,
2515 3013 2658 3084 ἔχεις
2680 3031 2694 3046 ο
2720 3015 2878 3086 εἴπερ
2903 3034 2954 3069 τι
3002 3018 3094 3071 καὶ
3125 3017 3424 3070 λυσιτελεῖν
3454 3017 3686 3071 δύναιτο
3729 3019 3820 3072 ἀν-

567 3119 652 3164 est
711 3108 956 3164 funebris
986 3111 1266 3166 allocutio.
1294 3110 1375 3166 Tu
1431 3128 1580 3176 vero,
1619 3127 1653 3166 ο
1710 3113 1866 3167 beata
1904 3117 2129 3182 anima;

2239 3105 2454 3176 θρωπος
2489 3107 2832 3176 ἁμαρτωλός.
2866 3107 3016 3180 Λῦτη
3056 3109 3214 3179 ἡμῶν
3254 3110 3286 3178 ὴ
3317 3108 3615 3176 ἐπιτάφιος
3649 3127 3821 3181 προσ-

566 3201 635 3255 ad
656 3201 795 3255 banc
816 3201 962 3254 enim
990 3202 1166 3255 oratio
1191 3202 1588 3266 convertenda;
1613 3218 1679 3256 ne
1705 3218 1735 3256 a
1763 3203 1920 3257 nobis
1938 3218 2130 3270 poscas

2239 3199 2502 3268 φώνησις.
2550 3200 2622 3252 Σὺ
2647 3199 2728 3265 δὲ,
2759 3195 2803 3253 ὧ
2834 3201 3085 3271 μακαρία
3111 3201 3258 3271 ψυχὴ
3294 3199 3456 3269 (πρὸς
3485 3201 3669 3268 αὐτὴν
3692 3201 3820 3273 ..γὰρ

566 3301 628 3347 ut
657 3293 801 3348 Deus
835 3294 930 3348 tibi
978 3309 1072 3363 per
1127 3311 1228 3348 nos
1263 3294 1335 3348 sit
1375 3295 1644 3364 prepitius
1693 3313 1707 3349 :
1743 3297 1838 3350 sed
1881 3305 1936 3349 tu
1981 3296 2131 3350 illuui

566 3387 728 3441 nobis
758 3387 988 3442 concilia
1014 3385 1497 3456 deprecationibus
1527 3405 1539 3441 :
1577 3388 1677 3442 hoc
1707 3389 1852 3443 enim
1890 3398 1942 3443 te
1973 3404 2134 3458 posse

567 3480 896 3534 confidimus
930 3496 943 3532 :
977 3494 1151 3548 neque
1193 3489 1252 3532 ut
1281 3478 1561 3549 adjutores
1597 3496 1696 3535 nos
1733 3481 1927 3535 habeat
1956 3483 2138 3536 domi-

568 3583 660 3636 na,
689 3584 866 3632 soror,
919 3577 1111 3632 mater,
1163 3568 1272 3624 (ilia
1304 3579 1437 3638 tua;
1471 3571 1562 3625 sed
1616 3571 1843 3640 teipsam
1887 3572 2139 3640 impende

571 3673 625 3717 et
653 3663 730 3717 illi
766 3673 819 3716 et
853 3663 1010 3717 nobis
1041 3671 1093 3715 et
1131 3661 1372 3716 universi
1419 3662 1566 3734 gregi
1617 3673 1733 3728 tuo,
1793 3663 1849 3716 in
1882 3661 2135 3730 Domino,

570 3759 656 3814 cui
691 3757 864 3830 gloria
899 3758 952 3812 in
975 3757 1195 3812 saecula.
1234 3756 1430 3811 Amen.

944 3958 1130 4016 CXIV.
1161 3990 1232 4000 —
1266 3958 1487 4014 Juliano
1516 3959 1772 4014 vestitori.

2241 3290 2676 3362 ἐπιστρεπτέον),
2711 3291 2786 3360 μὴ
2832 3292 2969 3361 πρὸς
3012 3291 3172 3362 ἡμῶν
3220 3289 3374 3345 αἰτοῦ
3431 3291 3525 3343 τὸν
3564 3289 3706 3342 Θεόν
3745 3292 3820 3342 σοι

2245 3383 2373 3436 ἵλεω
2403 3382 2677 3451 γενέσθαι.
2735 3382 2873 3436 Ἀλλ’
2925 3383 3065 3453 αὑτὴ
3096 3384 3256 3436 αὐτὸν
3305 3384 3441 3453 ἡμῖν
3477 3382 3824 3447 κατάλλαξον

2248 3478 2367 3538 ταῖς
2393 3477 2711 3544 πρεσὸείαις
2735 3493 2749 3508 ·
2783 3475 3096 3548 θαρροῦμεν
3123 3476 3231 3545 γὰρ
3255 3476 3415 3528 τοῦτο
3466 3475 3686 3546 ἰσχύειν
3727 3492 3782 3527 σε
3803 3491 3817 3504 ·

2249 3568 2384 3639 μηδέ
2409 3569 2552 3638 ὑμᾶς
2578 3568 2908 3639 ἐπικούρους
2939 3568 3083 3638 ἔχειν
3125 3568 3225 3637 τὴν
3266 3567 3466 3637 κυρίαν
3502 3569 3817 3638 ἀδελφομη-

2242 3661 2530 3725 τρότεκνόν
2559 3677 2674 3714 σου.
2710 3660 2872 3714 Ἀλλά
2912 3662 3118 3730 σαυτὴν
3138 3659 3351 3730 πάρεχε
3389 3661 3489 3711 καὶ
3525 3661 3694 3729 αὐτῇ,
3730 3661 3821 3713 καὶ

2243 3753 2397 3823 ἡμῖν,
2418 3753 2511 3805 καὶ
2539 3752 2634 3822 ὅλῃ
2668 3755 2731 3822 τῇ
2756 3752 2964 3825 ποίμνῃ
2998 3767 3093 3804 σου
3120 3752 3178 3804 ἐν
3209 3751 3420 3822 Κυρίῳ
3453 3743 3500 3819 ᾧ
3523 3752 3560 3821 ὴ
3592 3752 3722 3816 δόξα
3744 3753 3818 3814 εἰς

2244 3845 2372 3908 τοὺς
2407 3845 2629 3906 αἰῶνας.
2662 3845 2718 3897 Ἀ
2729 3846 2857 3914 μήν.

2432 3959 2575 4014 ΡΙΔ’.
2607 3958 2740 4031 (l0).
2761 3988 2830 3998 ——
2861 3957 3167 4024 ’Ῑουλιανῷ
3187 3957 3537 4026 βεστήτορι.
3619 3943 3815 4030 [χμς’.ἶ

1770 4071 1908 4122 Varia
1935 4085 2122 4123 morum
2144 4072 2436 4123 documenta
2460 4070 2627 4121 tradit.

643 4183 1094 4254 Quandoquidem
1144 4196 1242 4253 per
1275 4181 1496 4236 fratrem
1539 4196 1638 4236 nos
1675 4182 1954 4246 salutasti,
1989 4199 2144 4253 prae-

574 4278 719 4334 clare
746 4276 933 4339 frater,
971 4290 1186 4344 mquum
1241 4274 1371 4329 duxi
1409 4275 1638 4329 salutem
1673 4275 1769 4329 tibi
1802 4291 1897 4344 per
1929 4276 2142 4331 litteras

575 4369 804 4425 reddere
835 4387 849 4422 :
883 4383 946 4422 ea
987 4383 1044 4421 re
1071 4367 1366 4422 ostendens
1393 4367 1614 4421 cbaram
1640 4368 1773 4422 milii
1805 4383 1927 4423 esse
1958 4370 2144 4423 excel-

576 4454 801 4515 lentiam
839 4469 1029 4525 tuam;
1060 4473 1238 4528 neque
1291 4459 1395 4514 hoc
1433 4459 1634 4522 solum,
1695 4460 1788 4515 sed
1844 4462 2136 4515 sollicitum

578 4568 663 4607 me
688 4567 807 4606 esse
853 4561 911 4604 ut
943 4550 1130 4606 salvus
1157 4549 1357 4604 evadas
1391 4565 1420 4603 a
1452 4549 1655 4603 diaboli
1693 4551 2088 4606 tentationibus
2121 4569 2136 4618 ;

2331 4182 2550 4254 Ἐπειδὴ
2595 4181 3046 4254 προσηγόρευσας
3092 4182 3240 4253 ἡμᾶς
3299 4180 3388 4235 διὰ
3428 4179 3525 4235 τοῦ
3567 4181 3812 4251 ἀδελφοῦ,

2245 4276 2442 4343 ἀδελφὲ
2470 4274 2626 4338 καλέ,
2648 4275 2811 4328 καλὸν
2843 4275 3139 4346 ἡγησάμην
3165 4274 3253 4328 διὰ
3301 4273 3641 4346 γράμματος
3677 4279 3814 4329 ἀντι-

2247 4363 2692 4436 προσαγορεῦσαί
2717 4381 2776 4416 σε
2798 4379 2809 4393 '
2842 4364 3104 4418 δεικνύων
3120 4362 3390 4427 ἐντεῦθεν,
3420 4363 3497 4426 ὡς
3521 4365 3814 4433 ἀγαπητῶς

2247 4457 2357 4528 ἔχω
2374 4459 2501 4528 περὶ
2516 4457 2614 4528 τὴν
2643 4457 2939 4528 τιμιότητά
2971 4474 3065 4510 σου
3087 4473 3101 4487 ·
3135 4457 3197 4509 οὐ
3233 4456 3396 4527 μόνον
3438 4457 3520 4519 δὲ,
3553 4459 3691 4512 ἀλλά
3732 4461 3813 4511 καὶ

2253 4549 2668 4621 μεριμνητικῶς
2707 4551 2786 4612 εἰς
2828 4549 2890 4602 τδ
2937 4547 3209 4613 σώζεσθαι
3241 4549 3408 4619 αὐτὴν
3436 4549 3550 4602 ἀπὸ
3577 4551 3687 4602 τῶν
3729 4550 3809 4604 τοῦ

579 4644 690 4699 scis
713 4645 879 4709 enim,
922 4642 1116 4705 amice,
1159 4641 1396 4694 circuire
1430 4640 1581 4694 illum
1631 4656 1845 4710 semper
1881 4652 2134 4712 tanquam

2245 4613 2492 4697 δια-δόλου
2528 4643 2937 4714 πειρατηρίων⁸
2989 4642 3097 4695 ίσΘι
3130 4643 3260 4713 γάρ,
3307 4613 3591 4713 ἀγαπητέ,
3640 4645 3719 4698 ὅτι
3748 4646 3812 4706 ὡς

578 4738 815 4800 leonem,
850 4745 904 4789 et
926 4748 1167 4804 quaerere
1192 4748 1351 4801 quem
1375 4733 1682 4788 devoret".
1726 4736 1906 4801 Quare
1930 4737 2148 4793 attende

579 4827 888 4898 diligenter,
933 4835 988 4881 et
1012 4827 1324 4895 pactionum
1357 4826 1667 4880 recordare.
1693 4827 1968 4897 Scriptum
2001 4840 2086 4885 est
2122 4849 2136 4884 :

583 4920 823 4974 Peccasti
847 4921 872 4973 ?
901 4934 1003 4970 non
1050 4917 1280 4985 adjicias
1315 4918 1506 4970 iterum
1536 4935 1549 4969 :
1599 4918 1688 4971 sed
1737 4928 1788 4971 et
1815 4920 1877 4972 de
1906 4920 2147 4988 pristinis

581 5015 859 5081 deprecare
881 5012 944 5065 “.
984 5010 1048 5064 Et
1073 5026 1292 5064 rursum
1329 5011 1592 5065 Dominus
1622 5011 1698 5064 ait
1727 5029 1741 5065 :
1781 5012 1999 5066 Omnem
2030 5007 2148 5080 pal-

583 5105 763 5157 mitem
797 5120 899 5156 non
918 5103 1166 5172 ferentem
1189 5102 1442 5171 fructum,
1480 5103 1617 5158 tollit
1641 5119 1758 5156 eum
1791 5103 1952 5158 Pater
1981 5121 2147 5171 meus,

583 5208 632 5251 et
663 5202 716 5250 in
736 5199 906 5267 ignem
938 5196 1122 5263 mittit,
1153 5204 1202 5249 et
1224 5197 1374 5249 ardet
1403 5196 1471 5251 ⁸⁵.
1510 5196 1954 5252 Reformidemus
1981 5198 2150 5268 igitur

586 5289 921 5358 exemplum,
959 5303 1055 5358 pro
1085 5287 1376 5341 animabus
1409 5287 1613 5340 nostris
1636 5287 2002 5354 decertemus,
2038 5287 2151 5357 pri-

592 5395 824 5451 usquam
852 5381 1015 5435 instet
1037 5380 1174 5434 bora
1202 5379 1397 5434 mortis
1425 5397 1439 5434 :
1474 5394 1544 5434 ne
1573 5379 1721 5434 velut
1745 5379 2073 5436 infructuosi
2096 5389 2151 5436 et

659 5531 744 5586 ⁸δί
775 5531 922 5588 Petr.
955 5550 1007 5600 ν,
1030 5534 1084 5590 8.
1161 5535 1206 5567 ³⁸
1239 5533 1409 5592 Eccli.
1439 5551 1556 5605 xxi,
1581 5537 1632 5591 l.
1712 5538 1757 5570 "
1786 5535 1949 5597 Joan.
1984 5554 2074 5603 xv,
2099 5535 2154 5590 2.

2249 4734 2386 4787 λέων
2417 4735 2505 4788 ἀεὶ
2528 4735 2884 4805 περιέρχεται
2908 4734 3089 4806 ζητῶν
3111 4735 3234 4788 τίνα
3263 4737 3535 4806 καταπίῃ.
3575 4738 3704 4807 Ἔχε
3733 4733 3811 4791 οὖν

2252 4826 2630 4896 προσεκτικῶς
2648 4841 2661 4855 ·
2690 4825 2938 4898 μέμνησο
2960 4827 3069 4880 τῶν
3105 4827 3417 4896 συνθηκῶν.
3456 4828 3769 4899 Γέγραπται
3797 4844 3809 4856 ·

2255 4919 2577 4986 Ἦμαρτες;
2600 4919 2684 4987 μὴ
2716 4919 2987 4988 προσθῇς
3012 4937 3027 4952 ο
3061 4919 3159 4973 καὶ
3191 4920 3324 4987 περὶ
3377 4919 3502 4973 τῶν
3531 4924 3812 4988 προτέρων

2248 5026 2364 5063 σου
2391 5007 2656 5079 δεήθητι.
2690 5012 2798 5064 Καὶ
2823 5012 2983 5065 πάλιν
3006 5012 3034 5064 ό
3060 5011 3265 5082 Κύριος
3287 5011 3441 5081 λέγει
3470 5029 3486 5042 ο
3518 5013 3650 5068 Πᾶν
3679 5012 3810 5079 κ.ίῆ-

2245 5119 2332 5174 μα
2353 5103 2439 5175 μὴ
2477 5102 2660 5172 φέρον
2688 5105 2940 5172 καρπὸν,
2965 5105 3118 5172 αἴρει
3174 5104 3324 5158 αὐτὸ
3379 5107 3413 5158 ό
3446 5105 3673 5174 Πατὴρ,
3727 5105 3808 5158 καὶ

2249 5198 2334 5261 είς
2390 5195 2509 5264 πῦρ
2587 5197 2904 5260 βάλλεται,
2961 5196 3330 5251 καὶκαίεται.
3380 5197 3710 5269 Φοϐηὓῶμεν
3735 5193 3810 5250 οὖν

2250 5286 2311 5339 τὸ
2331 5287 2635 5358 ὑπόδειγμα
2669 5303 2682 5316 '
2722 5287 3120 5356 ἀγωνισώμεθα
3151 5287 3293 5358 ὑπὲρ
3311 5289 3422 5342 τῶν
3447 5290 3640 5362 ψυχῶν
3659 5292 3808 5360 ἡμῶν,

2251 5379 2382 5448 πρὶν
2415 5378 2448 5451 ἢ
2479 5380 2768 5452 ἐπιστῆναι
2801 5380 2897 5453 τὴν
2928 5380 3075 5452 ὤραν
3099 5380 3196 5435 τοῦ
3263 5381 3510 5438 θανάτου
3534 5401 3546 5413 '
3585 5384 3660 5456 μὴ
3683 5387 3811 5437 ἐκκο-

2073 5653 2297 5710 ΝΟΤΑΕ.

669 5771 780 5840 (10)
805 5769 860 5824 In
885 5770 999 5826 cod.
1028 5771 1158 5840 Reg.
1188 5777 1331 5841 ρκη’.
