3964 6320
117 377 262 444 1381

1325 380 1860 442 EPISTOLARUM
1897 380 2042 442 LIB.
2115 384 2196 444 Il.

3252 382 3390 447 1382

117 494 362 562 φθῶμεν
392 492 467 556 ὡς
490 491 735 565 ἄκαρποι
775 493 872 549 καὶ
920 493 1344 565 ἅτελεσφὸρητοι
1371 496 1473 559 τῆς
1504 495 1712 566 ἀγαθῆς

1830 498 2041 552 inutiles
2070 496 2462 553 abscindamur
2483 512 2512 552 a
2531 497 2673 552 bona
2702 497 2828 562 vite,
2853 511 2976 567 quae
3002 504 3084 551 est
3112 496 3388 551 Christus.

116 583 405 652 ἀμπέλου,
440 584 562 652 ἥτις
613 583 761 638 ἐστὶν
808 587 837 637 ὁ
869 585 1126 655 Χριστός.
1155 587 1258 639 Διά
1290 585 1467 639 τοῦτο
1497 582 1711 656 ἦλθον,

122 677 302 746 φησὶν
327 677 356 728 ὀ
389 675 612 746 Κύριος,
637 677 749 744 οὐχ
772 676 873 728 ἵνα
918 676 1101 744 κρίνω
1143 678 1250 731 τὸν
1286 680 1537 745 κόσμον,
1576 679 1714 732 ἀλλ’

120 759 236 820 ἵνα
259 765 459 820 σώσω.
499 767 608 820 Καὶ
647 766 808 820 πάλιν
857 766 1048 836 λέγει·
1100 767 1170 821 El
1215 769 1300 838 μὴ
1352 765 1562 839 ἦλθον,
1618 769 1716 822 καὶ

118 858 419 926 ἐλάλησα
451 858 678 925 αὐτοῖς,
741 859 1034 928 ἁμαρτίαν
1070 863 1181 915 οὐκ
1209 858 1377 929 εἶχον
1413 877 1427 890 ·
1464 862 1606 916 ’νῦν
1651 861 1719 914 δὲ

123 951 446 1016 πρόφασιν
466 950 575 1001 οὐκ
611 950 826 1018 ἔχουσι
852 951 985 1018 περὶ
1016 950 1126 1018 τῆς
1173 952 1463 1021 ἁμαρτίας
1495 951 1714 1006 αὐτῶν.

127 1041 253 1092 Καὶ
281 1039 462 1093 πάλινο
507 1041 568 1093 Ὃ
598 1044 781 1110 λόγος
814 1043 886 1096 ὃν
910 1043 1189 1112 ἐλάλησα
1209 1086 1224 1109 ,
1265 1044 1496 1111 ἐκεῖνος
1532 1044 1726 1112 κρινεῖ

126 1131 327 1184 αὑτὸν
341 1132 412 1185 ἐν
437 1131 511 1201 τῇ
533 1132 763 1202 ἐσχάτῃ
787 1134 998 1204 ἡμέρᾳ.
1027 1137 1190 1206 Ἤδη,
1215 1137 1486 1208 ἁγαπητὲ,
1507 1138 1535 1189 ὁ
1557 1137 1717 1200 καλὸς

127 1224 277 1289 Θεὸς
302 1226 460 1298 ἡμῶν
483 1229 661 1284 πάντα
691 1228 761 1281 τὰ
791 1230 870 1292 είς
905 1233 1053 1300 ἡμᾶς
1091 1232 1408 1303 ἐπλήρωσεν
1434 1248 1448 1262 °
1495 1233 1589 1285 ἐπὶ
1615 1233 1718 1300 γῆς

128 1317 324 1388 ὤφθη,
364 1317 590 1373 δούλου
625 1321 872 1390 μορφὴν
900 1321 1218 1388 ἀνέλαϐεν,
1275 1323 1543 1389 ὑπήκοος
1592 1322 1720 1391 ἐγέ-

129 1425 282 1462 νετο
309 1408 486 1478 μέχρι
532 1410 813 1477 θανάτου,
848 1412 1106 1466 θανάτου
1161 1413 1229 1466 δὲ
1285 1415 1574 1482 σταυροῦ.
1610 1413 1721 1466 Καὶ

131 1501 318 1556 ταῦτα
364 1504 567 1572 Κύριος
610 1502 684 1556 ὢν
720 1504 820 1575 τῆς
854 1505 1034 1577 δόξης,
1067 1507 1162 1559 καὶ
1204 1506 1274 1558 τὰ
1322 1507 1505 1560 πάντα
1537 1508 1722 1579 φέρων

131 1592 220 1660 τῷ
261 1595 465 1664 ῥήματι
517 1595 621 1665 τῆς
675 1596 959 1667 δυνάμεως
1002 1596 1168 1651 αὐτοῦ
1207 1615 1222 1630 ο
1284 1598 1722 1670 ἀνακαλούμενος

132 1686 295 1754 ἡμᾶς
323 1685 430 1738 ἀπὸ
467 1687 568 1757 τῆς
597 1689 964 1760 ἐγγενομένης
995 1693 1128 1762 ἡμῖν
1152 1690 1240 1743 διὰ
1277 1690 1370 1744 τοῦ
1399 1693 1724 1761 πρωτοπλάαι

135 1795 274 1831 στου
309 1778 551 1851 φθορᾶς·
598 1781 693 1834 καὶ
740 1783 801 1834 οὐ
851 1783 1034 1852 μόνον,
1076 1781 1212 1835 ἀλλὰ
1241 1782 1351 1852 γὰρ
1380 1783 1476 1835 καὶ
1513 1782 1722 1846 θεώσας

1818 590 2111 660 Propterea
2136 592 2270 654 veni,
2303 593 2380 644 ait
2415 591 2703 657 Dominus,
2731 607 2834 643 non
2857 596 2916 644 ut
2952 589 3193 659 judicent
3230 605 3390 641 mun-

1817 686 1968 751 dum,
2001 701 2090 738 sea
2134 693 2191 737 ut
2217 684 2503 752 salviﬁcem
2529 684 2594 738 ".
2622 684 2687 738 Et
2729 684 2926 739 iterum
2970 683 3134 737 dicit:
3173 680 3234 736 Si
3290 697 3392 734 non

1818 779 2092 844 venissem,
2117 787 2165 831 et
2196 776 2402 830 locutus
2436 778 2654 846 fuissem
2679 778 2774 840 eis,
2802 785 3073 844 peccatum
3103 791 3205 828 non
3235 773 3394 826 habe-

1819 880 1931 922 rent
1965 883 1983 923 :
2012 886 2150 923 nunc
2175 880 2346 922 autem
2376 871 2769 923 excusatione»:
2800 886 2904 921 non
2950 868 3142 921 [tabem
3166 867 3230 920 de
3270 881 3394 933 pec-

1819 971 1938 1015 cato
1968 978 2063 1015 suo
2093 961 2159 1014 ³⁷.
2191 960 2258 1015 Et
2281 961 2478 1016 iterum
2507 979 2520 1015 :
2550 959 2733 1015 Sermo
2779 977 2930 1031 quem
2988 960 3196 1013 locutus
3249 973 3389 1022 sum,

1819 1053 1910 1107 ille
1929 1052 2196 1123 judicabit
2224 1068 2341 1106 eum
2381 1053 2438 1105 in
2492 1052 2782 1106 novissimo
2807 1052 2891 1104 die
2917 1051 2983 1104 ³³.
3017 1049 3249 1118 Jamque
3278 1048 3393 1115 ipse

1819 1161 1948 1217 erga
1970 1161 2071 1200 nos
2097 1146 2301 1211 omnia,
2327 1145 2547 1210 dilecte,
2577 1146 2754 1199 bonus
2814 1143 2954 1198 Deus
2989 1151 3176 1195 noster
3207 1140 3394 1208 exple-

1821 1239 1919 1294 vit.
1956 1236 2015 1291 in
2048 1246 2193 1291 terra
2217 1237 2365 1291 visus
2391 1245 2495 1301 est,
2529 1236 2756 1304 formam
2782 1234 2915 1288 servi
2965 1234 3186 1302 accepit,
3219 1233 3394 1301 [actus

1820 1341 1897 1386 est
1923 1329 2166 1384 obediens
2197 1346 2357 1399 usque
2387 1328 2455 1380 ad
2504 1340 2748 1390 mortem,
2796 1334 3015 1378 mortem
3060 1335 3237 1378 autem
3272 1341 3398 1377 cru-

1822 1427 1898 1478 cis
1923 1424 1992 1478 ”.
2038 1424 2214 1493 Atque
2245 1422 2358 1475 haec
2388 1436 2511 1476 cum
2548 1429 2694 1474 esset
2721 1418 2908 1490 gloriae
2947 1417 3239 1481 Dominus,
3269 1433 3396 1484 por-

1822 1526 2054 1586 tansque
2084 1516 2269 1569 omnia
2304 1514 2470 1568 verbo
2499 1513 2716 1566 virtutis
2752 1527 2866 1565 sua:
2887 1509 2933 1541 ’⁵ο
2959 1528 2971 1564 :
3005 1525 3269 1563 revocans
3295 1522 3398 1562 nos

1825 1611 1892 1664 ab
1944 1608 2106 1664 insita
2167 1606 2326 1660 nobis
2363 1621 2458 1674 per
2530 1602 2928 1672 pretoplastum
3002 1600 3394 1668 corruptione;

1825 1717 2000 1771 neque
2034 1700 2085 1754 id
2127 1707 2362 1756 tantum.
2397 1696 2492 1750 sed
2525 1709 2623 1765 per
2647 1704 2890 1749 sanctam
2921 1708 3142 1762 quoque
3171 1707 3395 1746 carnem

1827 1808 1982 1848 suam
2036 1807 2134 1845 nos
2171 1788 2474 1843 deitieans:
2508 1787 2669 1854 cujus
2739 1794 2795 1839 et
2877 1784 3072 1838 fratres
3137 1782 3397 1852 appellari

135 1871 296 1941 ἡμᾶς
325 1850 424 1925 6th
443 1873 544 1941 τῆς
566 1874 730 1942 ἁγίας
765 1850 931 1928 αὑτοῦ
987 1876 1225 1946 σαρκός·
1275 1850 1335 1929 οὗ
1367 1877 1464 1928 καὶ
1501 1876 1722 1944 ἀδελφοὶ

1830 1886 2149 1950 meruimus,
2197 1892 2252 1936 et
2275 1881 2654 1951 concorporei,
2715 1888 2769 1934 et
2800 1888 3110 1941 consortes,
3144 1884 3198 1931 et
3219 1877 3400 1932 cohae-

135 1964 432 2037 ἠξιώμεθα
460 1966 762 2032 καλεῖσθαι,
795 1968 889 2021 καὶ
907 1966 1208 2037 σύσσωμοι,
1241 1968 1334 2020 καὶ
1371 1967 1723 2040 συμμέτοχοι,

137 2059 243 2111 καὶ
273 2058 725 2131 συγκληρονόμοι.
759 2062 852 2113 Δεῖ
881 2055 975 2114 οὖν
1003 2062 1152 2132 ἡμᾶς
1186 2061 1332 2132 πάσῃ
1379 2061 1594 2131 φυλακῇ
1631 2080 1725 2130 φυ-

136 2145 365 2203 λάττειν
393 2151 640 2215 ἑαυτούς.
698 2151 788 2206 Ἐν
830 2153 980 2224 μέσῳ
1039 2153 1286 2221 παγίδων
1321 2152 1620 2216 διαϐαίνεις
1668 2155 1726 2206 ὲν

136 2244 211 2311 τῇ
266 2242 416 2295 πόλει
448 2242 813 2316 διερχόμενος·
847 2245 950 2314 ὅρα
1005 2244 1078 2316 μὴ
1127 2247 1401 2315 ὲμπαρῇς.
1453 2245 1542 2296 Ἐν
1575 2245 1725 2314 φόϐῳ

141 2329 359 2404 Κυρίου
390 2337 422 2405 ὴ
447 2336 765 2408 ἀναστροφή
800 2355 894 2390 σου
912 2336 1052 2389 ἔστω
1073 2337 1214 2407 μετὰ
1235 2336 1444 2408 ἀνδρῶν
1471 2337 1692 2404 ἀγαθῶν
1713 2354 1726 2366 ’

141 2424 320 2494 φεῦγε
355 2428 481 2489 τοὺς
511 2428 843 2495 ἀφυλάκτως
877 2429 1084 2493 ζῶντας
1116 2445 1128 2458 ·
1164 2427 1334 2497 φεῦγε
1379 2428 1606 2497 παίγνια
1631 2428 1729 2481 καὶ

137 2518 528 2590 γελοιάσματα
563 2522 900 2590 νεωτερικὰο
945 2521 1114 2592 φεῦγε
1151 2521 1465 2594 κραιπάλας
1499 2521 1592 2574 καὶ
1627 2537 1729 2573 πο-

136 2609 410 2674 λυποσίας
448 2611 810 2683 φθοροποιούς
855 2611 986 2668 Πᾶν
1009 2613 1177 2682 ῥῆμα
1219 2612 1458 2680 σαπρὸν
1511 2613 1579 2665 ἐκ
1621 2612 1729 2667 τοῦ

137 2703 446 2772 στόματός
473 2721 591 2759 σου
617 2707 703 2775 μὴ
728 2705 1144 2776 ἐκπορευέσθω
1167 2723 1181 2737 ·
1213 2704 1350 2761 ἀλλ’
1379 2706 1434 2759 el
1465 2724 1519 2759 τι
1540 2705 1728 2759 καλὸν

139 2798 239 2863 εἰς
312 2798 640 2868 οἰκοδομὴν
701 2799 820 2853 τῶν
883 2801 1248 2854 ἀκουόντων.
1317 2799 1408 2867 Μὴ
1474 2798 1730 2869 φρόντιζε

140 2888 403 2942 πλουτεῖν
437 2907 450 2920 ·
487 2892 568 2944 ὅτι
598 2892 807 2962 γυμνὸς
837 2891 1086 2963 εἰσῆλθες
1118 2894 1195 2955 εἰς
1223 2890 1313 2944 τὸν
1341 2890 1546 2957 κόσμον
1599 2890 1729 2943 τοῦ·

140 2994 263 3046 τον,
297 2981 504 3051 γυμνὸς
525 2984 619 3035 καὶ
643 2973 949 3056 ἆπελεύσῃ.
978 2982 1069 3053 Μὴ
1105 2983 1296 3050 ἀγάπα
1320 2984 1418 3051 τὴν
1454 2982 1610 3047 δόξαν
1633 2981 1730 3035 τοῦ

141 3073 360 3141 κόσμου
420 3073 646 3126 τούτου·
709 3075 792 3128 ὄτι
829 3075 904 3137 ὡς
952 3075 1157 3137 καπνὸς
1213 3074 1573 3145 παρέρχεται.
1635 3074 1731 3125 "Ev

1826 1977 2005 2031 redes.
2038 1974 2307 2028 Convenit
2330 1987 2459 2040 ergo
2497 1981 2556 2027 ut
2595 1969 2744 2025 omni
2779 1970 3031 2025 custodia
3090 1983 3190 2022 nos
3219 1977 3401 2021 custo-

1827 2068 2066 2122 diamus.
2120 2067 2178 2118 ln
2218 2065 2400 2119 medio
2433 2065 2756 2134 laqueorum
2814 2061 3118 2129 ingrederis
3145 2076 3241 2130 per
3266 2059 3402 2114 civi-

1830 2167 1993 2213 tatem
2031 2159 2345 2223 ambulans,
2399 2157 2525 2212 vide
2561 2173 2629 2211 ne
2667 2157 2741 2212 sis
2767 2156 3055 2211 remissus.
3103 2155 3160 2208 In
3205 2153 3402 2208 timore

1829 2251 2044 2304 Domini
2074 2251 2145 2305 sit
2188 2251 2535 2305 conversatio
2568 2260 2657 2304 tua
2690 2265 2812 2304 cum
2863 2249 2997 2303 viris
3027 2249 3222 2303 bonis:
3267 2247 3395 2318 fuge

1829 2343 1954 2397 illos
1985 2344 2078 2412 qui
2114 2345 2232 2398 sine
2259 2344 2518 2396 cautione
2541 2343 2729 2396 vivunt
2762 2360 2774 2396 :
2812 2339 2932 2411 fuge
2964 2341 3120 2396 ludos
3147 2340 3404 2409 risusque

1825 2437 2096 2508 juveniles
2131 2454 2143 2490 :
2175 2436 2300 2504 fuge
2330 2435 2611 2505 crapulam
2631 2447 2684 2489 et
2713 2435 3031 2489 ebrietatem
3065 2432 3402 2503 pestiferam.

1834 2527 2019 2582 Omnis
2046 2543 2216 2580 sermo
2252 2527 2425 2580 malus
2458 2542 2522 2580 ea:
2553 2539 2641 2579 ore
2683 2536 2776 2579 tuo
2823 2542 2922 2579 non
2972 2525 3223 2595 procedat
3252 2542 3267 2590 ;
3314 2523 3405 2578 sed

1831 2621 1878 2675 si
1905 2621 2021 2691 quis
2052 2620 2214 2672 bonus
2258 2620 2327 2672 ad
2378 2620 2791 2687 a’di/icationcm
2829 2619 3159 2672 audientium
3185 2615 3253 2668 “.
3310 2615 3407 2669 Di-

1834 2719 2044 2766 tescere
2083 2725 2150 2763 ne
2171 2710 2416 2776 studeas,
2471 2710 2599 2778 quia
2632 2708 2815 2762 nudus
2852 2708 2903 2760 in
2960 2708 3105 2760 hunc
3143 2704 3405 2758 mundum

1833 2805 2118 2872 ingressus
2147 2817 2228 2867 es,
2272 2811 2325 2856 et
2373 2801 2553 2856 nudus
2599 2801 2822 2855 recedes
2850 2799 2915 2853 "'.
2973 2798 3052 2852 Ne
3109 2813 3257 2852 ames
3296 2797 3410 2866 glo-

1832 2894 1973 2948 riam
2005 2892 2196 2946 mundi
2231 2891 2418 2961 hujus,
2465 2891 2595 2962 quia
2626 2891 2768 2945 sicut
2815 2889 3001 2944 fumus
3035 2889 3409 2958 praetervolat.

1834 2985 2015 3041 Unum
2036 2985 2211 3040 solum
2245 3000 2367 3037 ama
2394 2983 2621 3048 bonum,
2653 2997 2851 3052 purum
2885 2982 3048 3037 sorde
3077 2980 3286 3049 peccati
3316 2994 3413 3034 cor

1834 3079 2057 3140 habere,
2094 3092 2323 3146 regnum
2359 3076 2624 3130 ccelorum
2670 3074 2919 3144 adipisci,
2950 3083 3004 3129 et
3043 3084 3298 3127 agternam
3327 3071 3418 3125 fu-

143 3163 299 3233 φίλει
335 3164 497 3234 μόνον
527 3166 587 3218 τὸ
614 3166 838 3234 ἀγαθὸν,
875 3166 935 3219 τὸ
975 3165 1221 3237 καθαρὰν
1261 3165 1403 3235 ἔχειν
1436 3165 1536 3234 τὴν
1595 3181 1727 3234 καρ-

1839 3186 1965 3242 gere
1985 3167 2420 3222 damnationem.
2449 3167 2616 3220 Serva
2651 3173 2909 3220 mandata
2957 3181 3079 3234 quae
3103 3163 3363 3233 accepisti
3395 3182 3408 3216 :

141 3256 272 3309 δίαν
302 3255 410 3308 ἀπὸ
445 3256 545 3326 τῆς
575 3259 830 3329 ρυπαρᾶς
858 3257 1134 3328 ἁμαρτίας
1154 3273 1168 3288 ·
1193 3257 1255 3309 τὸ
1269 3258 1544 3326 ἐπιτυχεῖν
1577 3256 1729 3326 βασι-

145 3347 301 3411 λείας
333 3348 614 3419 οὐρανῶν·
654 3351 748 3403 καὶ
794 3353 987 3419 φυγεῖν
1019 3349 1258 3421 κρίσεως
1319 3351 1564 3403 αἰωνίου.
1619 3349 1734 3411 Τὰς

146 3439 399 3504 ἐντολὰς,
435 3440 503 3502 ἃς
538 3441 749 3506 ἔλαϐες,
776 3441 1015 3511 φύλαττε
1037 3458 1051 3470 ·
1098 3441 1280 3494 κλῖνον
1318 3441 1523 3511 πτωχῷ
1553 3439 1613 3492 τὸ
1641 3438 1736 3502 οὖς

150 3548 293 3584 σου’
340 3531 504 3601 ἡνίκα
556 3533 669 3604 ἔχει
703 3535 738 3604 ἡ
806 3533 928 3604 χείρ
988 3551 1081 3586 σου
1136 3532 1376 3604 βοηθεῖν,
1419 3532 1608 3601 ὄρεξον
1659 3531 1736 3601 τῷ

147 3624 413 3694 δεομένῳ.
447 3624 551 3678 Δύο
610 3625 783 3681 λεπτὰ
814 3628 989 3697 χήρας
1043 3627 1264 3696 πτωχῆς
1300 3625 1737 3696 ὑπερηκόντισαν

149 3717 380 3770 πάντων
437 3718 546 3771 τῶν
587 3720 647 3772 ἐν
709 3719 787 3790 τῷ
845 3719 1234 3788 γαζοιρυλακίῳ
1287 3719 1736 3788 ἐμϐεϐλημένων.

153 3809 363 3879 Ὅρκος
410 3813 468 3864 ἐν
499 3811 580 3883 τῷ
634 3811 868 3882 στόματί
911 3828 1006 3864 σου
1056 3811 1131 3882 μὴ
1182 3810 1525 3874 αύλιζέσθω’
1559 3812 1587 3863 ὁ
1629 3809 1740 3880 γὰρ

150 3902 376 3971 ὀμνύων
430 3904 491 3956 ού
547 3903 876 3975 σωθήσεται,
937 3904 1038 3956 κᾶν
1092 3903 1222 3974 δοκῇ
1291 3904 1474 3956 πᾶσαν
1521 3901 1742 3971 ἐντολὴν

151 3996 353 4046 ποιεῖν.
383 3994 746 4050 Ἐπισκὲπτου
776 3995 1066 4067 ἄνθρωπον
1096 3995 1153 4047 ἐν
1193 3992 1431 4064 φυλακῇ,
1467 3993 1553 4046 ἴνα
1616 3995 1740 4044 ἐπι-

154 4085 404 4156 σκεφθῇς
428 4088 532 4140 ὑπὸ
560 4089 786 4157 Κυρίου.
812 4087 1126 4159 Προσεύχου
1155 4103 1415 4156 συνεχως,
1449 4085 1544 4138 καὶ
1571 4083 1742 4152 ψάλλε

154 4177 214 4228 ἐν
243 4177 440 4250 καρδίᾳ
465 4194 478 4209 ·
517 4179 604 4232 ῐνα
620 4181 680 4233 τὸ
699 4180 926 4251 Πνεῦμα
949 4180 1009 4233 τὸ
1029 4180 1183 4249 ἅγιον
1200 4178 1435 4249 ὑποδέξῃ
1463 4176 1732 4229 σύνοικον.

154 4266 345 4322 Ταῦτα
370 4270 434 4321 ἐκ
479 4270 690 4324 πολλῶν
726 4271 887 4339 ὀλίγα
934 4270 1205 4341 δείγματα
1242 4272 1489 4338 ἀγάπης,
1525 4267 1740 4320 ἐντολαὶ

1837 3275 2027 3314 aurem
2058 3269 2207 3312 tuam
2229 3257 2428 3311 inclina
2459 3257 2746 3311 mendico:
2776 3271 2899 3311 cum
2928 3255 3187 3324 opitulari
3219 3269 3416 3308 manus

1840 3360 1934 3404 tua
1967 3358 2170 3419 potest,
2203 3349 2424 3418 porrige
2451 3348 2735 3418 indigenti.
2767 3348 2978 3402 Minuta
3015 3347 3124 3400 duo
3155 3344 3414 3415 pauperis

1840 3442 2018 3496 viduae
2045 3443 2281 3496 antelata
2315 3451 2446 3494 sunt
2478 3440 2733 3494 omnibus
2763 3455 2885 3510 quae
2922 3439 3092 3493 missa
3123 3438 3418 3492 fuerantin

1843 3531 2294 3604 gazophylacium
2318 3532 2384 3586 ”.
2412 3531 2795 3587 Juramentum
2833 3547 2941 3586 nou
2981 3530 3190 3585 habitet
3233 3531 3286 3584 in
3322 3543 3419 3584 ore

1844 3637 1974 3680 tuo:
2009 3641 2134 3680 nam
2167 3626 2260 3696 qui
2298 3627 2448 3694 jurat
2477 3641 2584 3679 non
2636 3625 2957 3690 salvabitur,
2988 3625 3203 3680 tametsi
3236 3625 3420 3679 omnia

1845 3728 2115 3790 praecepta
2139 3733 2360 3773 servare
2392 3718 2660 3773 videatur.
2692 3717 2863 3773 Visita
2892 3718 3167 3772 hominem
3195 3732 3422 3771 carcere

1845 3811 2150 3874 detentum,
2189 3819 2248 3864 ut
2293 3809 2534 3864 visitet-is
2588 3825 2617 3863 a
2649 3808 2902 3864 Domino.
2929 3807 3162 3864 Assidue
3206 3823 3324 3871 ora,
3358 3815 3413 3862 et

1845 3902 2023 3971 psalle
2069 3901 2123 3955 in
2147 3902 2332 3966 corde,
2367 3909 2426 3955 ut
2466 3900 2735 3969 Spiritum
2761 3910 3015 3955 sanctum
3054 3900 3426 3954 contuberna—

1847 3991 1955 4044 lem
2000 3991 2267 4060 excipias.
2304 3990 2428 4045 Hzec
2459 4005 2631 4060 pauca
2661 3992 2729 4044 de
2761 3991 2948 4045 multis
2996 3991 3252 4060 dogmata
3293 3989 3427 4043 cha-

1851 4081 2054 4147 ritatis,
2088 4082 2229 4136 bona
2272 4095 2558 4153 praecepta,
2595 4099 2717 4153 quae
2775 4085 2936 4137 amho
2969 4097 3336 4152 exsequamur
3366 4093 3427 4136 ut

1851 4174 1988 4229 salvi
2047 4176 2245 4241 simus,
2280 4177 2334 4229 in
2369 4174 2590 4231 Christo
2641 4175 2766 4230 Jcsu
2830 4174 3060 4230 Domino
3098 4183 3311 4243 nostro,
3337 4176 3426 4230 cui

1850 4266 2019 4336 gloria
2058 4267 2109 4320 in
2136 4267 2333 4321 saecula
2365 4267 2710 4321 szcculorum.
2749 4267 2944 4321 Amen.

155 4364 387 4434 ἀγαθαὶ,
432 4365 501 4429 ἃς
539 4367 842 4439 ἀμφότεροι
903 4366 1229 4437 πράξοιμεν,
1263 4366 1359 4418 καὶ
1407 4363 1734 4434 σωθείημεν,
1773 4362 1832 4415 ἐν
1864 4361 2085 4436 Χριστῷ
2121 4361 2297 4435 Ἰησοῦ
2329 4361 2406 4432 τῷ
2436 4362 2629 4433 Κυρίῳ
2653 4363 2832 4432 ἡμῶν,
2859 4355 2903 4430 ᾧ
2944 4363 2977 4432 ὴ
3007 4361 3133 4426 δόξα
3162 4362 3242 4426 είς
3301 4361 3428 4427 τοὺς

159 4463 365 4526 αἰῶνας
396 4461 506 4513 τῶν
538 4462 774 4517 αἰώνων.
821 4464 1018 4533 Ἀμήν.

377 4559 504 4615 PIE'
537 4560 670 4630 (li).
691 4561 1140 4630 -Εῠφροσύνῃ
1167 4557 1494 4629 ἡγουμένῃ.
1537 4553 1737 4630 [χμζη

2129 4547 2295 4604 CXV.
2331 4578 2400 4589 —
2430 4546 2792 4618 Euphrosyna:
2834 4546 3151 4617 praepositae.

1265 4670 1478 4719 Rursum
1499 4671 1564 4718 de
1590 4664 1748 4730 ipsius
1771 4665 1943 4715 matris
1980 4660 2119 4714 obitu
2143 4660 2334 4712 scribit.

249 4780 339 4842 Ὠς
367 4778 512 4832 καλὰ
544 4778 613 4832 τὰ
641 4778 947 4850 γράμματα
1001 4779 1099 4848 τῆς
1143 4777 1453 4849 τιμιότητος
1489 4794 1611 4842 σου,
1652 4775 1727 4829 κα⁴

1924 4775 2096 4842 Quam
2152 4772 2430 4842 praeclarae
2482 4767 2704 4823 fuerunt
2733 4767 3053 4824 reverentiae
3085 4767 3432 4822 tutelitterzei

163 4875 230 4927 τὸ
266 4872 516 4942 λυπηρὸν
573 4871 997 4942 ἐπιδεικνύμενα
1042 4872 1142 4942 τῆς
1171 4872 1265 4924 ἐπὶ
1299 4876 1366 4942 τῇ
1401 4872 1526 4943 ὁτίᾳ
1574 4872 1727 4942 μητρ“

1851 4881 1973 4937 quae
2001 4876 2055 4920 et
2083 4864 2326 4919 dolorem
2345 4877 2412 4915 ex
2438 4869 2643 4916 sanctae
2664 4860 2858 4913 matris
2881 4860 3033 4912 obitu
3053 4866 3266 4912 testatae
3287 4869 3434 4919 sunt,

167 4963 503 5033 κοιμήσεως,
535 4963 628 5016 καὶ
649 4965 709 5016 τὸ
732 4963 1142 5033 ὑπομνηστικὸν
1169 4965 1268 5032 τῆς
1286 4964 1495 5027 ἐλπίδος
1523 4964 1717 5033 ἔχοντα

1854 4969 1910 5014 et
1948 4959 2062 5028 spei
2111 4957 2443 5011 mentionem
2497 4953 2905 5008 continebant!
2963 4950 3436 5017 Quemadmodum

177 5059 270 5120 Ὠς
296 5057 408 5128 γὰρ
439 5056 501 5108 τὸ
529 5056 707 5126 πάντη
745 5057 954 5110 ἄλυπον
988 5057 1085 5110 καὶ
1136 5057 1344 5125 ἄδακρυ
1400 5057 1492 5109 ἐπὶ
1522 5058 1587 5126 τῇ
1643 5054 1720 5106 τῶ

1852 5053 1997 5106 cnim
2024 5067 2130 5105 non
2157 5050 2340 5105 dolere
2360 5063 2608 5118 prorsus,
2639 5061 2739 5100 nec
2776 5046 2905 5100 ﬂere
2945 5052 3290 5097 mortuorum
3317 5042 3435 5096 dis-

167 5149 596 5220 κεκοιμημένων
629 5148 921 5214 διαζεύξει,
944 5151 1338 5218 κατηγορεῖται
1372 5146 1721 5218 (ἀναισθησία

1852 5142 2123 5206 cessione,
2165 5139 2364 5194 merito
2439 5136 2910 5207 reprehenditur;
2950 5135 3190 5203 stuporis
3238 5134 3438 5202 quippe

167 5245 280 5316 γὰρ
307 5243 666 5313 τεκμήριον)·
697 5242 838 5296 οὕτω
868 5244 930 5295 τὺ
973 5243 1152 5312 πέραν
1173 5240 1268 5292 τοῦ
1325 5241 1530 5310 μέτρου
1592 5238 1722 5291 πάλι

1855 5244 1938 5289 est
1966 5245 2350 5305 argumentum
2386 5251 2398 5288 :
2432 5234 2513 5287 sic
2559 5233 2722 5285 etiam
2764 5233 2907 5287 ultra
2962 5228 3189 5284 modum
3251 5227 3438 5281 dolore

171 5336 555 5390 κατακλᾶσθαι
585 5338 650 5406 τῇ
675 5335 845 5406 λύπῃ,
878 5335 989 5406 τῷν
1020 5335 1094 5405 μὴ
1124 5335 1358 5404 ἐχόντων
1389 5334 1534 5385 ἐστὶν
1564 5329 1727 5384 ἐλπίδι

1858 5327 2059 5399 frangi,
2098 5341 2287 5382 eorum
2314 5334 2398 5381 est
2432 5326 2522 5394 qui
2571 5325 2996 5381 resurrectionis
3020 5338 3170 5390 spem
3204 5336 3312 5375 non
3340 5320 3439 5372 ha-

175 5431 554 5492 ἁναστάσεως.
613 5401 1041 5499 Ᾰεῦροηλοιπὺν,
1082 5401 1296 5497 ’ἀδελφὴ
1335 5427 1392 5478 ἐν
1440 5422 1652 5495 Κυρίῳ,
1701 5438 1727 5474 τ

1861 5419 2013 5475 bent.
2048 5424 2161 5490 Age
2193 5435 2339 5474 nunc
2397 5434 2547 5488 ergo,
2577 5432 2741 5472 soror
2791 5420 2844 5474 in
2907 5415 3161 5480 Domino,
3201 5411 3443 5481 legitimo

247 5547 293 5580 ³⁸
320 5547 481 5601 Joan.
519 5547 728 5610 x1t,47.
804 5547 848 5591 ³⁷
873 5544 1029 5600 Joan.
1065 5562 1153 5610 xv,
1181 5545 1271 5598 2‘2.
1349 5543 1393 5576 ³⁸
1419 5541 1576 5598 Joan.
1605 5557 1702 5606 xu,

1903 5538 1949 5570 ⁸⁰
1978 5535 2212 5608 Philipp.
2240 5550 2297 5602 ll,
2341 5533 2394 5600 '7,
2428 5534 2484 5589 8.
2561 5533 2606 5565 ⁸⁰
2651 5531 2817 5591 Hebr.
2843 5549 2880 5599 ι,
2914 5530 2966 5585 5.
3045 5530 3087 5561 ⁸³
3125 5527 3326 5598 Ephes.
3369 5538 3444 5592 ιν,

171 5617 262 5673 '29.
337 5621 382 5650 δ’
413 5616 536 5673 Job.
573 5634 612 5681 ι,
640 5617 729 5671 il.
803 5616 849 5648 “
878 5617 1046 5674 Marc.
1080 5633 1176 5682 xu,
1208 5617 1296 5670 4'5.

1697 5724 1927 5783 NOTAE.

252 5855 361 5925 (ll)
394 5854 453 5911 ln
480 5850 602 5909 cod.
642 5849 770 5922 Reg.
815 5848 946 5919 ρλγ¹.
