3964 6320
578 341 711 406 1383

570 549 718 605 illius
741 551 1096 606 simulacrum
1135 566 1202 607 ex
1235 560 1417 606 mente
1445 552 1770 621 abjiciamus
1797 570 1810 618 ;
1837 554 2000 608 absit.
2033 553 2146 608 Erit

572 642 718 695 enim
755 642 896 711 apud
951 658 1052 697 nos
1103 644 1284 699 omnis
1342 644 1736 700 adhortationis
1798 647 2146 715 gubernatio-

575 733 772 802 nisque
803 747 1228 788 monumentum
1261 755 1272 788 :
1333 736 1425 791 sed
1459 745 1514 790 ut
1561 737 1824 791 alacriore
1856 739 2040 791 animo
2066 739 2145 792 si-

577 841 719 888 mus,
750 842 814 880 ac
844 842 1173 897 peragamus
1213 829 1547 896 propositum
1577 838 1848 884 certamen
1879 831 2145 885 exercita-

579 917 767 972 tionis.
802 917 918 973 Non
945 919 1110 989 igitur
1128 920 1348 987 reliquit
1375 929 1425 975 te
1445 929 1616 975 mater
1642 922 1931 976 immatura
1961 931 2140 990 atate,

579 1027 679 1064 nec
723 1011 914 1065 rudem
983 1027 1162 1065 rerum
1229 1013 1561 1078 divinarum,
1627 1030 1726 1070 nec
1780 1015 2143 1070 humanarum

576 1103 884 1171 imperitam
918 1121 933 1169 ;
967 1104 1090 1165 sed,
1125 1105 1328 1158 Christi
1355 1107 1550 1176 gratia,
1584 1107 1838 1160 omnibus
1870 1111 2035 1161 rebus
2068 1108 2150 1160 in-

576 1204 864 1259 structam,
891 1204 945 1248 ct
996 1197 1122 1252 vita
1151 1212 1253 1250 usu
1305 1198 1555 1265 peritam,
1591 1207 1644 1251 et
1697 1201 1997 1267 prudentia
2032 1199 2147 1268 ple-

577 1301 727 1352 nam,
752 1295 806 1340 et
848 1286 1080 1340 scientia
1113 1288 1463 1356 locupletem,
1499 1299 1553 1343 et
1599 1291 1983 1360 gubernationi
2024 1305 2146 1356 per-

575 1375 849 1431 idoneam.
884 1377 1126 1446 Cumque
1171 1379 1420 1434 humana
1453 1382 1578 1436 vita
1622 1382 1830 1436 definiti
1873 1386 1980 1436 sint
2011 1384 2146 1447 dies,

575 1467 828 1534 prospice
861 1467 1128 1534 imprimis
1184 1471 1417 1538 propria
1473 1471 1776 1532 securitati.
1825 1471 2146 1538 adjulricem

577 1571 866 1610 assumens
897 1558 1009 1610 sive
1039 1573 1068 1611 e
1099 1558 1282 1620 dumo,
1335 1559 1379 1613 si
1423 1571 1696 1629 suppetat,
1736 1562 1851 1615 sive
1881 1563 2150 1616 extrinse-

575 1661 688 1701 cus.
734 1647 940 1716 Quippe
970 1648 1083 1702 tieri
1131 1651 1357 1703 omnino
1392 1660 1591 1719 potest,
1651 1661 1708 1706 ut
1750 1651 2006 1706 feminam
2063 1653 2148 1706 in-

575 1739 764 1793 venias
814 1740 898 1793 cui
932 1741 1148 1809 negotia
1199 1757 1320 1810 qua
1359 1742 1630 1797 interdum
1685 1753 1978 1798 occurrunt
2013 1744 2148 1799 diflio

1749 347 1808 405 S.
1845 344 2230 405 TIIEOI)ORI
2271 343 2619 406 STUDIT/E

571 459 794 529 planctu
835 456 1126 526 perfuncti,
1154 457 1220 514 ad
1247 471 1345 513 nos
1377 457 1700 513 redeamus:
1735 474 1839 512 non
1866 469 1922 513 ut
1943 469 2143 513 sancta

2256 462 2428 515 ἱκανὸν
2464 460 2558 514 τοῦ
2618 457 2847 521 πένθους
2903 457 3367 526 ἀφοσιωσάμενοι,
3432 458 3518 518 εἰς

3725 334 3860 400 1384

3604 455 3814 510 ἑαυτοὶ
3829 476 3856 516 ς

2247 554 2536 624 γενώμεθα
2563 572 2576 585 ·
2611 554 2708 624 οὐχ
2739 555 2822 606 ὅτι
2861 551 3114 605 ἐκϐαλεῖν
3143 551 3241 620 τῆς
3297 550 3544 618 καρδίας
3573 551 3638 602 τὸ
3679 552 3858 603 [-4611-

2251 665 2326 717 μα
2359 646 2455 715 τῆς
2484 645 2648 713 ἀγίας
2689 645 2940 714 ἐκείνης·
2989 644 3062 713 μή
3105 660 3158 696 τι
3211 641 3430 709 γένοιτο
3456 657 3472 672 ο
3515 640 3610 710 εἴη
3647 643 3771 710 γὰρ
3801 645 3855 695 ἐν

2247 739 2380 807 ἡμῖν
2410 737 2708 805 ὑπόμνημα
2731 735 2911 802 πάσης
2943 733 3345 803 παρακλήσεως
3380 731 3483 784 καὶ
3532 733 3855 802 διακυϐερ-

2249 831 2459 900 νήσεως
2483 841 2498 855 °
2524 827 2660 881 ἀλλά
2695 827 2758 880 τὸ
2785 825 3014 893 ἄγεσθαι
3041 825 3427 895 εὐθυμότερον,
3465 826 3569 878 καὶ
3598 824 3855 878 δια-λύειν

2247 922 2339 976 τὸν
2387 921 2748 993 προκείμενον
2778 920 2966 989 ἀγῶνα
2993 920 3091 988 τῆς
3123 918 3436 988 ἀσκήσεως.
3486 917 3612 969 Οὐκ
3660 917 3852 969 εἴασεν

2247 1010 2341 1068 οὖν
2377 1032 2436 1067 σε
2465 1015 2522 1066 ἐν
2559 1012 2726 1082 ἀώρῳ
2751 1011 3014 1082 ἡλικίαοή
3052 1010 3254 1080 μήτηρ,
3306 1009 3418 1062 οὐδ’
3473 1007 3680 1078 ἀμαθῆ
3743 1009 3851 1060 τῶν

2251 1107 2436 1170 θείων,
2479 1105 2590 1159 οὐδ’
2631 1105 2859 1181 ἄπειρον
2908 1102 3018 1154 τῶν
3074 1103 3132 1153 ἐν
3177 1101 3294 1170 βίῳ,
3327 1099 3606 1152 πάντοθεν
3652 1099 3851 1168 χάριτι

2249 1197 2489 1269 Χριστοῦ
2517 1196 2902 1265 ίκανουμένην,
2942 1194 3035 1247 καὶ
3066 1193 3180 1263 βίου
3234 1193 3524 1263 ἔμπειρον,
3560 1194 3668 1244 καὶ
3715 1208 3852 1260 φρο-

2254 1291 2462 1359 νήσεως
2490 1286 2765 1356 ἔμπλεων,
2817 1287 2912 1338 καὶ
2952 1281 3206 1352 γνώσεως
3253 1281 3516 1352 εὔπορον,
3555 1283 3658 1334 καὶ
3710 1281 3850 1334 διοι-

2250 1379 2464 1448 κήσεως
2494 1375 2734 1429 εὔθετον.
2775 1375 2887 1428 Καὶ
2914 1373 3138 1444 ἡμερῶν
3167 1372 3696 1443 ἀπηρτισμένωτῇ
3735 1369 3847 1439 ζωῇ

2253 1472 2362 1523 τῶν
2399 1470 2724 1540 ἀνθρώπων,
2775 1467 2898 1536 ἔχου
2949 1467 3012 1537 δὴ
3075 1465 3176 1534 τῆς
3233 1465 3439 1528 οἰκείας
3494 1464 3845 1528 ἀσφαλείας,

2250 1563 2605 1633 λαμϐάνουσα
2633 1560 2846 1631 βοηθὸν,
2883 1559 2994 1612 είτε
3026 1557 3256 1625 οἴκοθεν,
3286 1559 3464 1627 ἄνπερ
3507 1557 3608 1609 καὶ
3662 1558 3845 1620 ἑστιν,

2251 1656 2361 1708 εἴτε
2398 1654 2614 1718 ἔξωθεν.
2647 1653 2760 1705 Οὐκ
2819 1652 3023 1720 ἄπορον
3078 1649 3185 1719 γάρ
3234 1649 3412 1719 εὑρεῖν
3449 1650 3703 1716 γυναῖκα
3757 1647 3846 1699 ἐπ’

2251 1747 2502 1801 ἀναθέσει
2533 1745 2639 1798 τῶν
2660 1743 3080 1813 συμπιπτόντων
3107 1741 3253 1794 ἐστιν
3282 1740 3368 1792 ὅτε
3389 1741 3843 1809 δυστεκμάρτων

577 1831 778 1884 cillima
810 1834 1142 1899 committas,
1175 1849 1294 1904 qua
1331 1835 1587 1904 expedire
1641 1851 1738 1906 per
1763 1851 1822 1892 se
1851 1852 2007 1891 mens
2042 1853 2148 1891 una

2256 1837 2618 1908 πραγμάτων,
2643 1829 2717 1889 ὧν
2747 1836 2844 1906 τὴν
2868 1834 3023 1888 λύσιν
3071 1830 3152 1896 εἷς
3178 1833 3298 1895 νοῦς
3333 1832 3430 1900 οὐχ
3463 1826 3583 1895 οἷός
3617 1831 3684 1883 τέ
3723 1831 3842 1882 ἐστι

577 1933 838 1991 nequeat.

649 2014 886 2068 Attende
915 2014 1168 2077 similiter
1217 2017 1559 2073 subditarum
1596 2035 1844 2075 sororum
1877 2019 2151 2090 guberna-

580 2105 715 2159 tioni
752 2121 766 2159 :
800 2123 993 2178 regens
1028 2108 1152 2163 illas
1185 2109 1237 2162 in
1277 2109 1533 2176 Domino,
1567 2126 1691 2166 cum
1720 2112 1869 2164 omni
1899 2112 2149 2182 longani-

581 2198 770 2253 rnitate
801 2209 856 2253 et
889 2201 1365 2256 commiseratione
1389 2203 1612 2272 exigens
1637 2219 1757 2272 qua
1777 2213 1905 2258 sunt
1939 2204 2105 2258 officii
2133 2222 2146 2258 :

579 2303 757 2358 neque
796 2304 998 2360 urgens
1025 2290 1428 2356 vehementius,
1466 2293 1559 2347 sed
1594 2293 1737 2347 sicut
1767 2295 1950 2348 nutrix
2007 2295 2149 2352 filios

579 2393 712 2434 suos
763 2379 976 2446 fovens,
1017 2390 1297 2451 totamque
1328 2394 1379 2438 te
1433 2384 1543 2439 illis
1575 2386 1892 2454 impendens
1928 2405 1940 2439 :
1983 2387 2057 2441 ita
2093 2394 2152 2441 ut

580 2472 816 2526 animam
859 2473 1032 2541 ipsam
1072 2490 1168 2543 pro
1202 2476 1310 2528 illis
1345 2491 1610 2545 exponas,
1666 2493 1842 2547 neque
1883 2477 2020 2534 freni
2053 2479 2152 2534 ba-

585 2561 754 2617 benas
794 2579 824 2617 e
857 2566 1140 2618 contrario
1191 2567 1408 2634 penitus
1458 2569 1761 2634 remittens,
1816 2585 1937 2640 qua
1985 2585 2149 2626 causa

584 2669 707 2709 esse
731 2655 873 2708 solet
912 2655 1316 2722 dissolutionis,
1342 2658 1702 2724 confusionis,
1735 2672 1788 2715 et
1828 2662 2032 2717 nullius
2064 2679 2152 2718 er-

583 2759 648 2813 ga
679 2743 820 2798 ﬁlios
849 2746 1075 2799 amoris.
1108 2746 1228 2800 Scis
1255 2748 1531 2816 quomodo
1560 2756 1635 2808 te.
1666 2761 1930 2818 prasente
1954 2761 2149 2818 matre,

584 2856 803 2909 gereres
845 2855 859 2891 ι
898 2841 1006 2895 scis
1041 2841 1094 2894 in
1156 2851 1207 2896 te
1261 2843 1502 2896 omnium
1538 2844 1752 2898 illarum
1808 2846 1999 2901 oculos
2031 2855 2152 2902 tan-

584 2948 747 3001 quam
777 2933 830 2986 in
857 2931 1025 2986 Deum
1055 2948 1176 2987 esse
1201 2949 1511 3001 conversos,
1546 2951 1838 3004 personam
1884 2947 2029 2992 tuam
2068 2939 2152 2993 in-

584 3023 854 3077 tuentium
886 3022 1033 3077 velut
1058 3023 1484 3079 conciliatricem
1519 3025 1661 3094 apud
1695 3023 1886 3080 Deum.
1913 3027 2068 3093 Quod
2104 3028 2150 3083 si

587 3116 700 3184 ipsa
754 3117 833 3168 sic
879 3129 1046 3183 agas;
1078 3115 1429 3184 perspicuum
1469 3125 1552 3170 est
1581 3117 1725 3170 aliud
1770 3117 1893 3172 illas
1943 3120 2151 3186 spirare

588 3206 727 3259 nihil
753 3206 980 3269 debere,
1006 3221 1170 3274 quam
1200 3207 1344 3276 quod
1382 3217 1435 3260 tu
1489 3209 1745 3277 magistra
1777 3223 1830 3264 et
1877 3212 2054 3278 cupis,
2103 3220 2157 3266 et

585 3299 777 3369 jubes,
809 3309 862 3353 et
912 3299 1208 3354 enuntias:
1243 3314 1465 3365 prorsus
1502 3311 1558 3354 ut
1581 3301 1826 3370 genuina
1860 3302 1979 3356 tilia
2032 3318 2158 3372 erga

591 3399 863 3455 matrem,
928 3400 989 3445 ut
1041 3391 1280 3445 membra
1337 3391 1405 3446 de
1457 3393 1700 3446 membro
1730 3410 1857 3464 erga
1891 3407 2070 3463 caput,
2102 3405 2162 3448 nt

597 3481 761 3537 flores
788 3498 916 3552 erga
950 3484 1238 3538 rosarium.
1271 3484 1349 3538 Ad
1378 3484 1480 3539 hoc
1507 3486 1649 3540 enim
1680 3498 1732 3542 et
1763 3489 1816 3542 in
1837 3505 2001 3543 unum
2033 3507 2161 3544 con-

620 3583 908 3636 venerunt,
931 3575 1132 3629 mundo
1162 3575 1370 3640 relicto,
1394 3585 1447 3630 et
1480 3577 1544 3632 iis
1574 3595 1692 3647 qua
1710 3580 1761 3633 in
1787 3581 1987 3634 mundo
2010 3591 2157 3646 sunt,

606 3665 939 3734 parentibus
965 3681 1028 3720 ac
1070 3664 1350 3732 fratribus,
1386 3670 1709 3724 necessariis
1746 3681 1798 3723 et
1831 3672 2044 3734 amicis,
2082 3673 2160 3725 fa-

611 3758 909 3812 cultatibus
931 3766 984 3811 et
1007 3758 1185 3812 carnis
1215 3757 1516 3824 affectibus,
1544 3761 1845 3814 calibatum
1875 3763 2156 3831 amplexa,

592 3847 935 3917 Christoque
964 3848 1250 3917 desponsa
1288 3864 1304 3902 :
1329 3860 1386 3904 ut
1414 3859 1600 3904 sancte
1625 3860 1676 3904 et
1705 3854 2156 3919 quemadmodum

592 3938 835 4006 virgines
871 3939 1030 3991 decet
1076 3939 1340 4004 viventes,
1381 3955 1604 4008 regnum
1652 3941 1916 3996 calorum
1965 3959 2160 3998 conse-

593 4040 850 4097 quuntur,
879 4029 1188 4095 intrentque
1219 4045 1340 4083 cum
1367 4030 1584 4085 Christo
1615 4032 1666 4085 in
1696 4033 1971 4088 caelestem
2005 4036 2155 4088 illum

597 4131 650 4172 et
680 4120 1011 4173 ineffabilem
1039 4119 1340 4172 thalamum
1372 4121 1690 4190 nuptialem.
1726 4122 1855 4178 Tale
1888 4134 1940 4178 et
1972 4126 2076 4180 illis
2104 4135 2159 4180 et

594 4211 708 4272 tibi,
771 4211 1010 4269 domina.
1065 4220 1339 4264 certamen
1433 4219 1515 4266 est
1569 4222 1623 4265 et
1679 4213 1996 4282 professio:
2035 4231 2158 4284 pro-

597 4303 721 4354 inde
746 4301 871 4354 huic
908 4302 1254 4355 attendamus
1295 4321 1306 4354 :
1353 4303 1406 4355 in
1431 4303 1531 4356 hac
1561 4319 1902 4369 moveamur,
1925 4315 1978 4359 et
2005 4307 2155 4359 viva-

597 4407 719 4444 mus
752 4410 764 4444 :
810 4407 918 4444 non
950 4390 1053 4443 hnc
1089 4399 1142 4443 et
1178 4391 1306 4445 illnc
1333 4393 1709 4461 respicientes,
1739 4396 1880 4462 quod
1912 4396 1992 4449 sic
2023 4396 2155 4450 illud

2248 1930 2450 1984 δοῦναι.

2324 2025 2488 2092 Ἐχου
2513 2021 2576 2090 δὴ
2615 2019 2814 2090 ὁμοίως
2847 2019 2938 2072 καὶ
2988 2017 3088 2086 τῆς
3133 2014 3513 2085 κυϐερνήσεως
3551 2014 3669 2066 τῶν
3735 2013 3843 2066 ὑπὸ

2249 2118 2408 2187 χεῖρα
2436 2112 2704 2181 ἀδελφῶν,
2739 2109 3121 2181 καθηγουμένη
3154 2111 3210 2161 ἐν
3249 2106 3437 2176 Κυρίῳ
3473 2105 3620 2175 μετά
3651 2106 3841 2171 πάσης

2252 2207 2654 2278 μακροθυμίας,
2675 2203 2807 2275 μετά
2826 2200 3186 2270 συμπαθείας,
3207 2199 3340 2269 μετά
3353 2198 3559 2265 ἐκζητή
3571 2213 3719 2258 σεως
3733 2196 3841 2248 τῶν

2249 2297 2639 2368 ὀφειλομένων
2668 2296 2800 2365 μήτε
2817 2289 3225 2353 καταπιέζουσα
3240 2287 3504 2358 σφοδρῶς,
3530 2287 3651 2340 ἁλλ’
3676 2287 3758 2350 ('9;
3779 2286 3844 2339 ἂν

2249 2389 2447 2460 τροφὸς
2507 2387 2685 2459 θάλπῃ
2731 2385 2798 2439 τὰ
2851 2383 3052 2454 ἑαυτῆς
3097 2383 3297 2446 τέκνα,
3353 2380 3422 2432 τὰ
3479 2379 3609 2432 κατ’
3663 2380 3842 2440 αὑτὰς

2253 2481 2588 2551 ἀμειὸομένη
2623 2494 2639 2512 ο
2681 2479 2757 2541 ὡς
2800 2477 2892 2531 καλ⁵
2953 2475 3120 2545 αὐτὴν
3179 2474 3278 2543 τὴν
3326 2471 3504 2543 ψυχὴν
3566 2471 3838 2542 προέσθαι

2250 2573 2392 2643 ὑπὲρ
2428 2572 2609 2625 αὐτῶν
2635 2587 2651 2604 ο
2704 2569 2825 2640 μηδ’
2859 2565 2924 2622 αὖ
2951 2569 3137 2621 ἀνεῖσα
3178 2565 3371 2627 ὁλικῶς
3389 2564 3488 2626 τὰς
3545 2564 3712 2632 ἡνίας
3745 2561 3836 2614 τοῦ

2250 2663 2506 2736 χαλινοῦο
2559 2663 2730 2717 αίτιον
2775 2661 2885 2730 γὰρ
2913 2660 3069 2714 τοῦτο
3123 2656 3440 2719 διαλύσεως,
3483 2655 3734 2720 ἀταξίας
3783 2667 3838 2704 τε

2251 2759 2346 2810 καὶ
2377 2755 2779 2824 ἀφιλοτεκνίας.
2813 2747 2974 2816 Οἶδας
3003 2752 3150 2814 ὅπως
3184 2747 3453 2818 συνούσης
3482 2747 3584 2816 τῆς
3629 2745 3840 2816 μητρὶς

2255 2850 2462 2912 ἐποίεις
2483 2865 2497 2880 ο
2522 2846 2668 2911 οίδας
2710 2848 2792 2900 ὅτι
2821 2845 2872 2898 οί
2914 2843 3183 2914 ὀφθαλμοὶ
3229 2841 3420 2896 πασῶν
3453 2839 3639 2892 αὐτῶν
3671 2839 3757 2899 είς
3785 2836 3838 2887 σὲ

2254 2942 2540 3011 βλέπουσιν
2580 2939 2655 3001 ὡς
2685 2940 2764 3002 είς
2823 2936 2977 2998 Θεὸν,
3020 2935 3225 3006 ὁρῶσαι
3255 2933 3318 2985 τὺ
3373 2929 3676 3000 πρόσωπόν
3723 2944 3835 2984 σου.

2257 3033 2536 3102 μεσιτεῦον
2568 3033 2760 3092 αὐταῖς
2788 3031 2854 3083 τὰ
2880 3029 3014 3098 πρὸς
3044 3027 3226 3080 αὐτόν.
3285 3023 3346 3076 Εἰ
3375 3023 3430 3075 δὲ
3464 3023 3609 3090 αὑτὴ
3637 3021 3835 3082 οὕτως,

2260 3124 2417 3192 δῆλον
2441 3125 2523 3175 ὅτι
2566 3123 2848 3184 κάκείναις
2897 3117 3247 3190 ὀφειλόμενόν
3299 3117 3448 3168 ἐστιν
3500 3112 3635 3168 ἀλλο
3664 3112 3837 3182 μηδὲν

2264 3213 2543 3275 ἀναπνεῖν,
2597 3209 2631 3280 ἢ
2677 3211 2812 3279 ὅπερ
2849 3210 2914 3262 σὺ
2947 3210 2980 3278 ἡ
3025 3206 3342 3268 διδάσκαλος
3381 3205 3477 3257 καὶ
3525 3205 3685 3274 ἐρᾷς,
3747 3206 3836 3255 καὶ

2263 3302 2504 3371 ἐντέλλῃ,
2524 3300 2617 3353 καὶ
2640 3300 2977 3370 διαγορεύεις
2997 3314 3012 3330 ⁸
3041 3298 3136 3352 καὶ
3166 3296 3354 3358 ἁπλῶς
3376 3294 3453 3357 ὡς
3497 3295 3667 3347 τέκνα
3700 3297 3835 3361 γνή-

2263 3410 2353 3446 σια
2381 3392 2516 3462 πρὸς
2548 3391 2782 3461 μητέρα,
2805 3389 2881 3453 ὡς
2911 3389 3044 3460 μέλη
3069 3391 3133 3441 ἐκ
3163 3388 3364 3457 μέρους
3395 3386 3528 3456 πρὸς
3565 3385 3830 3453 κεφαλὴν,

2261 3485 2336 3548 ὡς
2367 3484 2504 3553 ἄνθη
2541 3483 2677 3553 πρὸς
2709 3481 2990 3554 ροδωνιάν.
3034 3480 3157 3534 Ἐπὶ
3203 3479 3378 3548 τούτῳ
3405 3479 3514 3547 γὰρ
3571 3477 3669 3528 καὶ
3706 3476 3831 3540 ἕλη-

2261 3576 2517 3632 λύθεισαν
2554 3576 2647 3628 ἐπὶ
2685 3574 2745 3627 τὸ
2769 3572 2919 3637 αὐτὸ,
2956 3570 3354 3625 καταλιποῦσαι
3383 3570 3593 3638 κόσμον
3630 3568 3730 3620 καὶ
3767 3567 3831 3619 τὰ

2263 3671 2323 3721 ἐν
2359 3669 2570 3738 κόσμῳ,
2602 3669 2778 3734 γονεῖς
2810 3684 2868 3718 τε
2890 3667 2986 3719 καὶ
3022 3663 3308 3732 ἀδελφοὺς,
3332 3662 3570 3722 οἰκείους
3612 3660 3709 3712 καὶ
3750 3661 3830 3727 φί-

2261 3759 2410 3824 λους,
2441 3757 2703 3829 ὑπάρξεις
2734 3775 2793 3809 τε
2817 3757 2910 3810 καὶ
2935 3755 3148 3825 σχέσεις
3176 3751 3399 3823 σαρκὸς,
3429 3753 3664 3816 ἀζυγίαν
3691 3753 3828 3817 ἀγα-

2265 3853 2530 3920 πήσασαι,
2568 3849 2664 3901 κα)⁸
2707 3847 2940 3918 Χριστὸν
2987 3845 3464 3916 νυμφευσάμεναι.
3516 3845 3636 3896 Ἵνα
3666 3844 3826 3904 ὁσίως

2260 3945 2353 3997 καὶ
2381 3941 2846 4012 παρθενοπρεπῶς
2882 3939 3142 4011 ζήσασαι,
3172 3937 3636 4008 κληρονομήσωσι
3671 3936 3819 4004 βασι-

2257 4033 2405 4086 λείαν
2428 4032 2672 4103 οὐρανῶν
2693 4047 2705 4060 ⁸
2756 4031 2851 4084 καὶ
2880 4031 2950 4083 τὸ
2982 4030 3121 4100 μετά
3167 4027 3404 4098 Χριστοῦ
3449 4027 3716 4080 εἰσελθεῖν
3750 4029 3823 4088 εἰς

2257 4131 2348 4179 τὸν
2399 4125 2652 4196 οὐράνιον
2705 4125 2916 4175 ἐκεῖνον
2965 4122 3059 4175 καὶ
3117 4120 3480 4188 ἀνεκλάλητον
3535 4119 3819 4188 νυμφῶνα.

2258 4217 2509 4270 Τοιοῦτον
2538 4215 2633 4270 καὶ
2657 4216 2846 4277 αὑταῖς
2875 4215 2968 4267 καὶ
2984 4215 3088 4279 σοὶ,
3115 4213 3305 4283 κυρία,
3327 4214 3388 4264 τὸ
3414 4211 3708 4279 ἀγώνισμα
3732 4211 3820 4262 καὶ

2258 4309 2614 4376 ἐπάγγελμα·
2657 4305 2834 4375 τούτῳ
2868 4307 2961 4358 καὶ
3003 4305 3360 4377 προσέχωμεν
3389 4318 3401 4331 ·
3439 4303 3497 4355 ἐν
3531 4303 3709 4372 τούτῳ
3734 4303 3818 4356 καὶ

2259 4397 2537 4468 κινώμεθα
2582 4396 2675 4448 καὶ
2713 4394 2984 4464 διαζῶμεν
3007 4411 3021 4425 ο
3062 4394 3135 4464 μὴ
3168 4393 3574 4446 ἀποϐλέπουσαι
3634 4387 3736 4447 ὧδέ
3765 4411 3816 4446 τε

595 4483 1011 4544 monasterium,
1046 4483 1128 4535 vel
1159 4483 1239 4537 sic
1275 4483 1422 4537 aliud
1466 4485 1883 4540 monasterium.
1921 4485 2151 4540 Noxium

2261 4489 2438 4551 κάκεῖ,
2472 4488 2553 4539 ὅτι
2581 4485 2753 4547 οὕτως
2788 4487 2964 4536 ἐκεῖνο
2991 4483 3050 4535 τὸ
3101 4483 3484 4550 μοναστήριον,
3518 4484 3613 4535 καὶ
3650 4483 3816 4545 οὕτως

595 4575 699 4628 hoc
741 4584 821 4627 est
852 4591 865 4625 :
902 4588 1022 4625 cum
1048 4588 1114 4626 ex
1171 4583 1562 4641 praceptorum
1618 4590 1804 4627 norma
1844 4576 2020 4628 metiri
2055 4591 2156 4631 nos

593 4667 910 4728 debeamus,
943 4681 1047 4718 non
1076 4674 1254 4717 autem
1286 4680 1351 4718 ex
1406 4665 1620 4719 vicinis.
1657 4664 1792 4718 Hinc
1817 4667 1960 4719 enim
1998 4683 2156 4722 nemo

596 4758 908 4826 assequitur
934 4765 990 4810 ut
1022 4767 1166 4811 recte
1191 4757 1424 4821 incedat,
1461 4757 1676 4826 Deoque
1694 4759 1854 4827 digne
1895 4759 2151 4816 ambulet.

596 4844 734 4909 Quia
761 4859 996 4913 prasens
1031 4854 1162 4898 atas
1187 4845 1465 4914 negligens
1493 4855 1597 4904 est.
1633 4857 1686 4899 et
1714 4846 1781 4899 ab
1820 4856 2009 4901 exacta
2041 4850 2155 4902 dis-

597 4937 796 5004 ciplina
846 4937 1092 5000 descivit,
1123 4947 1174 4990 et
1222 4938 1289 4990 ab
1318 4953 1380 4990 ea
1429 4938 1640 4992 vivendi
1677 4939 1918 5008 regulam
1971 4947 2156 5009 petere

594 5045 794 5083 vanum
822 5039 987 5084 estet
1027 5030 1250 5096 inutile;
1318 5031 1444 5085 illuc
1491 5042 1799 5100 spectemus
1846 5033 1938 5087 ubi
1963 5041 2150 5088 sancta

595 5121 707 5175 vita
738 5131 790 5174 et
822 5121 1052 5174 Domino
1078 5123 1295 5189 placens
1317 5122 1668 5190 resplenduit.
1701 5122 1887 5188 Vides,
1921 5139 2072 5178 soror
2101 5135 2153 5177 et

600 5222 781 5266 mater
807 5213 1126 5281 spiritualis,
1159 5213 1614 5280 quemadmodum
1650 5214 1828 5281 adegit
1866 5229 1950 5266 me
1975 5215 2154 5267 chari-

600 5315 686 5359 tas
717 5304 808 5358 Dei
850 5306 1071 5358 liberius
1099 5305 1239 5373 apud
1273 5319 1369 5358 vos
1398 5305 1577 5373 loqui?
1618 5303 1757 5357 Nihil
1783 5306 2014 5373 amplius
2041 5306 2154 5360 fac—

600 5407 763 5453 turus
792 5415 962 5460 eram,
989 5399 1030 5450 si
1061 5401 1125 5451 ad
1153 5399 1323 5466 ipsam
1353 5408 1626 5466 parentem
1655 5413 1829 5451 meam
1863 5408 1917 5452 et
1945 5414 2155 5467 germa-

605 5507 704 5544 nas
733 5505 950 5544 sorores
972 5488 1135 5542 verba
1170 5487 1438 5542 fecissem.
1478 5488 1842 5557 Praeterquam
1873 5490 2014 5557 quod
2038 5506 2154 5542 om-

596 5598 694 5636 nes
723 5596 921 5650 c0rpus
953 5580 1154 5634 Christi
1196 5595 1409 5643 sumus,
1451 5589 1502 5632 et
1551 5596 1716 5633 unum
1747 5581 1961 5633 Patrem
1998 5581 2151 5633 invo-

595 5688 784 5729 camus
814 5674 1014 5726 bonum
1063 5669 1232 5724 Deum
1282 5680 1555 5725 nostrum.
1592 5669 1769 5735 Quare
1798 5668 1993 5724 fratres
2023 5686 2153 5738 quo-

597 5780 704 5835 que
733 5779 922 5820 omnes
954 5764 1203 5827 invicem,
1233 5771 1287 5817 et
1322 5777 1519 5833 corpus
1553 5776 1742 5824 unum,
1767 5769 1819 5816 ct
1842 5769 2147 5825 consortes,

2256 4577 2316 4629 τὸ
2345 4577 2472 4630 ἀλλο
2523 4575 2905 4644 μοναστὴριον.
2965 4572 3236 4642 Βλαόερὺν
3291 4572 3484 4626 τοῦτο’
3519 4576 3585 4642 τῇ
3637 4575 3813 4642 ἐντολῇ

2255 4669 2336 4722 δεῖ
2366 4670 2739 4737 παραμετρεῖν
2769 4666 3014 4728 ἑαυτοὺς,
3064 4664 3199 4716 ἀλλά
3239 4665 3312 4734 μὴ
3331 4667 3444 4726 τοῖς
3475 4665 3669 4727 πέλας.
3705 4667 3814 4718 Ἑν-

2256 4761 2442 4812 τεῦθεν
2470 4759 2576 4828 γὰρ
2602 4759 2699 4810 οὐκ
2725 4758 2945 4828 ἔρχεταί
2985 4774 3070 4820 τις
3106 4758 3184 4820 είς
3217 4757 3278 4809 τὸ
3321 4756 3662 4827 ὀρθοποδεῖν,
3701 4758 3809 4809 οὐδὲ

2257 4849 2572 4919 θεοπρεπῶς
2625 4847 2968 4918 πορεύεσθαι.
3028 4847 3318 4918 Ἐπειδὴή
3371 4848 3628 4915 παροῦσα
3658 4849 3805 4914 γενεὸ

2255 4941 2351 4994 καὶ
2378 4941 2641 5010 ὀλίγωρός
2695 4943 2862 5005 ἐστιν,
2907 4938 3248 4992 ἐκλελοιπυῖα
3289 4941 3383 4990 τοῦ
3432 4940 3807 5009 ἡκριῦωμένου

2258 5031 2396 5102 βίου,
2430 5032 2524 5084 καὶ
2551 5034 2612 5083 τὸ
2638 5033 2732 5084 ἀπ’
2757 5030 2927 5099 αὐτῆς
2955 5029 3332 5093 κανονίζεσθαι
3367 5029 3539 5082 ἕωλον
3570 5030 3666 5083 καὶ
3688 5030 3806 5082 ἀλυ-

2259 5122 2464 5184 σιτελές
2490 5137 2502 5149 ”
2534 5123 2650 5174 ἐκεῖ
2688 5122 2978 5189 σκοπῶμεν
3003 5117 3064 5173 οἶ)
3093 5123 3120 5173 ὁ
3153 5121 3298 5190 ἱερὸς
3335 5120 3472 5190 βίος,
3507 5120 3637 5174 ἔνθα
3664 5123 3810 5189 ἐλαμ-

2253 5215 2352 5283 ψεν
2379 5216 2410 5283 ἠ
2439 5214 2792 5282 εὐαρέστησις
2824 5212 3033 5282 Κυρίῳ.
3065 5210 3250 5282 Ὁρᾷς,
3285 5213 3488 5280 ἀδελφὴ
3515 5213 3608 5264 καὶ
3643 5215 3807 5283 μήτηρ

2260 5305 2621 5375 πνευματικὴ,
2647 5305 2794 5367 ὅπως
2824 5321 2890 5374 με
2914 5305 3275 5373 ὴνάγκασενή
3307 5305 3446 5356 κατὰ
3470 5304 3606 5356 Θεὸν
3636 5307 3804 5375 ἀγάπη

2255 5396 2734 5467 παρῤησιασθῆναι
2786 5398 2842 5448 ἐν
2893 5396 3053 5465 ὑμῖν;
3087 5395 3240 5448 οὐδὲν
3284 5395 3446 5447 πλέον
3490 5395 3711 5461 ἔμελλον
3750 5398 3804 5448 ᾱν

2255 5491 2446 5548 ποιεῖν,
2472 5489 2518 5540 εί
2548 5488 2681 5558 πρὸς
2711 5487 2924 5557 μητέρα
2959 5487 3058 5557 τὴν
3088 5486 3242 5556 ἐμὴν,
3268 5488 3359 5540 καί
3398 5488 3536 5555 πρὸς
3587 5488 3802 5556 ἀδελφάς

2255 5579 2394 5632 κατὰ
2431 5579 2608 5650 σάρκα
2638 5573 2702 5646 ἦν
2736 5595 2826 5648 μοι
2871 5577 3234 5644 διαλέγεσθαι.
3287 5578 3435 5648 Πλὴν
3470 5578 3556 5631 ὅτι
3616 5579 3800 5640 πάντες

2254 5669 2414 5738 σῶμά
2438 5671 2603 5738 ἐσμεν
2632 5669 2893 5740 Χριστοῦ,
2929 5670 3020 5722 καὶ
3041 5669 3137 5723 ἐνα
3166 5669 3378 5739 πατέρα
3407 5670 3798 5740 ἐπικαλούμεοα

2252 5760 2343 5814 τὸν
2363 5760 2570 5830 ἀγαθὸν
2601 5761 2730 5815 Θεὸν
2767 5761 2944 5833 ἡμῶν.
2975 5761 3137 5815 Ὥστε
3171 5761 3390 5831 ἀδελφοὶ
3430 5763 3629 5826 πάντες
3656 5761 3796 5834 αλλή-
