  <div class='ocr_page' id='page_1' title='image "/cluster/home/n/w/nwhite01/storage/ocr_20150623/99/pst.000005714063/754.png"; bbox 0 0 3964 6320; ppageno 0'>
   <div class='ocr_carea' id='block_1_1' title="bbox 144 362 289 427">
    <p class='ocr_par' dir='ltr' id='par_1_1' title="bbox 144 362 289 427">
     <span class='ocr_line' id='line_1_1' title="bbox 144 362 289 427; baseline 0 0"><span class='ocrx_word' id='word_1_1' title='bbox 144 362 289 427; x_wconf 82' lang='grc'><strong>1385</strong></span> 
     </span>
    </p>
   </div>
   <div class='ocr_carea' id='block_1_2' title="bbox 1357 375 2193 439">
    <p class='ocr_par' dir='ltr' id='par_1_2' title="bbox 1357 375 2193 439">
     <span class='ocr_line' id='line_1_2' title="bbox 1357 375 2193 439; baseline 0.004 -5"><span class='ocrx_word' id='word_1_2' title='bbox 1357 375 1898 439; x_wconf 81' lang='lat' dir='ltr'><strong>EPISTOLARUM</strong></span> <span class='ocrx_word' id='word_1_3' title='bbox 1922 379 2067 438; x_wconf 81' lang='lat' dir='ltr'><strong>LIB.</strong></span> <span class='ocrx_word' id='word_1_4' title='bbox 2110 379 2193 437; x_wconf 86' lang='lat' dir='ltr'><strong>II.</strong></span> 
     </span>
    </p>
   </div>
   <div class='ocr_carea' id='block_1_3' title="bbox 3281 378 3417 442">
    <p class='ocr_par' dir='ltr' id='par_1_3' title="bbox 3281 378 3417 442">
     <span class='ocr_line' id='line_1_3' title="bbox 3281 378 3417 442; baseline 0 -3"><span class='ocrx_word' id='word_1_5' title='bbox 3281 378 3417 442; x_wconf 80' lang='lat'><strong>1386</strong></span> 
     </span>
    </p>
   </div>
   <div class='ocr_carea' id='block_1_4' title="bbox 138 474 1740 559">
    <p class='ocr_par' dir='ltr' id='par_1_4' title="bbox 138 474 1726 557">
     <span class='ocr_line' id='line_1_4' title="bbox 138 474 1726 557; baseline 0.008 -29"><span class='ocrx_word' id='word_1_6' title='bbox 138 474 277 537; x_wconf 89' lang='grc' dir='ltr'>λων,</span> <span class='ocrx_word' id='word_1_7' title='bbox 305 476 400 529; x_wconf 79' lang='grc' dir='ltr'>καὶ</span> <span class='ocrx_word' id='word_1_8' title='bbox 434 480 733 547; x_wconf 83' lang='grc' dir='ltr'>συσσωμοι,</span> <span class='ocrx_word' id='word_1_9' title='bbox 769 480 866 533; x_wconf 68' lang='grc' dir='ltr'><strong>καὶ</strong></span> <span class='ocrx_word' id='word_1_10' title='bbox 894 481 1253 553; x_wconf 79' lang='grc' dir='ltr'><strong>συμμέτοχοι,</strong></span> <span class='ocrx_word' id='word_1_11' title='bbox 1286 487 1380 539; x_wconf 77' lang='grc' dir='ltr'><strong>καὶ</strong></span> <span class='ocrx_word' id='word_1_12' title='bbox 1418 487 1726 557; x_wconf 85' lang='grc' dir='ltr'>συγκληρο-</span> 
     </span>
    </p>
   </div>
   <div class='ocr_carea' id='block_1_5' title="bbox 1846 474 3416 559">
    <p class='ocr_par' dir='ltr' id='par_1_5' title="bbox 1846 488 3416 559">
     <span class='ocr_line' id='line_1_5' title="bbox 1846 488 3416 559; baseline -0.001 -15"><span class='ocrx_word' id='word_1_13' title='bbox 1846 500 1886 544; x_wconf 81' lang='lat' dir='ltr'><strong>:t</strong></span> <span class='ocrx_word' id='word_1_14' title='bbox 1934 490 2268 544; x_wconf 65' lang='lat' dir='ltr'><strong>cohaeredes.</strong></span> <span class='ocrx_word' id='word_1_15' title='bbox 2330 490 2508 558; x_wconf 79' lang='lat' dir='ltr'><strong>Atque</strong></span> <span class='ocrx_word' id='word_1_16' title='bbox 2548 489 2672 543; x_wconf 91' lang='lat' dir='ltr'><strong>inde</strong></span> <span class='ocrx_word' id='word_1_17' title='bbox 2705 497 2791 546; x_wconf 90' lang='lat' dir='ltr'><strong>cst</strong></span> <span class='ocrx_word' id='word_1_18' title='bbox 2832 490 2983 559; x_wconf 90' lang='lat' dir='ltr'><strong>quod</strong></span> <span class='ocrx_word' id='word_1_19' title='bbox 3020 505 3122 545; x_wconf 87' lang='lat' dir='ltr'><strong>nos</strong></span> <span class='ocrx_word' id='word_1_20' title='bbox 3182 488 3416 544; x_wconf 80' lang='lat' dir='ltr'><strong>salutem</strong></span> 
     </span>
    </p>
   </div>
   <div class='ocr_carea' id='block_1_6' title="bbox 137 568 1725 649">
    <p class='ocr_par' dir='ltr' id='par_1_6' title="bbox 137 568 1725 649">
     <span class='ocr_line' id='line_1_6' title="bbox 137 568 1725 649; baseline 0.008 -29"><span class='ocrx_word' id='word_1_21' title='bbox 137 568 325 638; x_wconf 83' lang='grc' dir='ltr'>νόμοι.</span> <span class='ocrx_word' id='word_1_22' title='bbox 356 568 666 623; x_wconf 82' lang='grc' dir='ltr'>Κάντεῦθεν</span> <span class='ocrx_word' id='word_1_23' title='bbox 686 570 748 623; x_wconf 87' lang='grc' dir='ltr'><strong>τὸ</strong></span> <span class='ocrx_word' id='word_1_24' title='bbox 768 573 942 637; x_wconf 77' lang='grc' dir='ltr'><strong>φιλεῖν</strong></span> <span class='ocrx_word' id='word_1_25' title='bbox 963 576 1110 643; x_wconf 79' lang='grc' dir='ltr'>ἡμᾶς</span> <span class='ocrx_word' id='word_1_26' title='bbox 1138 578 1234 631; x_wconf 81' lang='grc' dir='ltr'><strong>καὶ</strong></span> <span class='ocrx_word' id='word_1_27' title='bbox 1262 577 1531 642; x_wconf 76' lang='grc' dir='ltr'>σώζεσθαι</span> <span class='ocrx_word' id='word_1_28' title='bbox 1555 579 1725 649; x_wconf 81' lang='grc' dir='ltr'>ὑμᾶς,</span> 
     </span>
    </p>
   </div>
   <div class='ocr_carea' id='block_1_7' title="bbox 136 659 1718 741">
    <p class='ocr_par' dir='ltr' id='par_1_7' title="bbox 136 659 1718 741">
     <span class='ocr_line' id='line_1_7' title="bbox 136 659 1718 741; baseline 0.008 -30"><span class='ocrx_word' id='word_1_29' title='bbox 136 659 401 730; x_wconf 82' lang='grc' dir='ltr'>καθαπερ</span> <span class='ocrx_word' id='word_1_30' title='bbox 427 662 619 731; x_wconf 80' lang='grc' dir='ltr'><strong>ἀγαπᾷ</strong></span> <span class='ocrx_word' id='word_1_31' title='bbox 652 660 875 733; x_wconf 82' lang='grc' dir='ltr'>Κύριος,</span> <span class='ocrx_word' id='word_1_32' title='bbox 902 665 997 719; x_wconf 74' lang='grc' dir='ltr'>καὶ</span> <span class='ocrx_word' id='word_1_33' title='bbox 1021 667 1359 723; x_wconf 74' lang='grc' dir='ltr'><strong>ἐντέταλται.</strong></span> <span class='ocrx_word' id='word_1_34' title='bbox 1396 670 1607 741; x_wconf 82' lang='grc' dir='ltr'><strong>Εἰρήνη</strong></span> <span class='ocrx_word' id='word_1_35' title='bbox 1632 687 1718 723; x_wconf 90' lang='grc' dir='ltr'><strong>σοι</strong></span> 
     </span>
    </p>
   </div>
   <div class='ocr_carea' id='block_1_8' title="bbox 133 752 1729 833">
    <p class='ocr_par' dir='ltr' id='par_1_8' title="bbox 133 752 1729 833">
     <span class='ocr_line' id='line_1_8' title="bbox 133 752 1729 833; baseline 0.009 -31"><span class='ocrx_word' id='word_1_36' title='bbox 133 754 207 821; x_wconf 82' lang='grc' dir='ltr'>τῇ</span> <span class='ocrx_word' id='word_1_37' title='bbox 251 752 419 823; x_wconf 78' lang='grc' dir='ltr'>κυρίᾳ</span> <span class='ocrx_word' id='word_1_38' title='bbox 461 754 649 824; x_wconf 88' lang='grc' dir='ltr'>μητρί.</span> <span class='ocrx_word' id='word_1_39' title='bbox 680 754 884 827; x_wconf 76' lang='grc' dir='ltr'>Εἰρήνη</span> <span class='ocrx_word' id='word_1_40' title='bbox 921 761 1041 823; x_wconf 86' lang='grc' dir='ltr'>ταῖς</span> <span class='ocrx_word' id='word_1_41' title='bbox 1088 760 1345 830; x_wconf 80' lang='grc' dir='ltr'><strong>ἀδελφαῖς</strong></span> <span class='ocrx_word' id='word_1_42' title='bbox 1401 764 1459 815; x_wconf 86' lang='grc' dir='ltr'><strong>ἐν</strong></span> <span class='ocrx_word' id='word_1_43' title='bbox 1505 761 1729 833; x_wconf 82' lang='grc' dir='ltr'>Χριστῷ</span> 
     </span>
    </p>
   </div>
   <div class='ocr_carea' id='block_1_9' title="bbox 151 843 1095 923">
    <p class='ocr_par' dir='ltr' id='par_1_9' title="bbox 151 843 1095 923">
     <span class='ocr_line' id='line_1_9' title="bbox 151 843 1095 923; baseline 0.012 -29"><span class='ocrx_word' id='word_1_44' title='bbox 151 843 334 913; x_wconf 84' lang='grc' dir='ltr'>Ἰησοῦ</span> <span class='ocrx_word' id='word_1_45' title='bbox 364 844 443 908; x_wconf 87' lang='grc' dir='ltr'>τῷ</span> <span class='ocrx_word' id='word_1_46' title='bbox 468 847 658 917; x_wconf 80' lang='grc' dir='ltr'>Κυρίῳ</span> <span class='ocrx_word' id='word_1_47' title='bbox 676 848 856 919; x_wconf 76' lang='grc' dir='ltr'>ἡμῶν.</span> <span class='ocrx_word' id='word_1_48' title='bbox 899 850 1095 923; x_wconf 81' lang='grc' dir='ltr'>Ἀμήν.</span> 
     </span>
    </p>
   </div>
   <div class='ocr_carea' id='block_1_10' title="bbox 429 956 1724 1037">
    <p class='ocr_par' dir='ltr' id='par_1_10' title="bbox 429 956 1724 1037">
     <span class='ocr_line' id='line_1_10' title="bbox 429 956 1724 1037; baseline 0.006 -27"><span class='ocrx_word' id='word_1_49' title='bbox 429 956 572 1025; x_wconf 67' lang='grc' dir='ltr'><strong>Ρκτ</strong></span> <span class='ocrx_word' id='word_1_50' title='bbox 599 958 735 1026; x_wconf 79' lang='grc'><strong>(12).</strong></span> <span class='ocrx_word' id='word_1_51' title='bbox 774 989 846 1002; x_wconf 92' lang='grc'><strong><em>-</em></strong></span> <span class='ocrx_word' id='word_1_52' title='bbox 888 960 1136 1033; x_wconf 72' lang='grc' dir='ltr'>Ἰωάννῃ</span> <span class='ocrx_word' id='word_1_53' title='bbox 1176 964 1445 1035; x_wconf 79' lang='grc' dir='ltr'>ἐρημίτῃ.</span> <span class='ocrx_word' id='word_1_54' title='bbox 1523 963 1724 1037; x_wconf 85' lang='grc' dir='ltr'>[χμη’.]</span> 
     </span>
    </p>
   </div>
   <div class='ocr_carea' id='block_1_11' title="bbox 1834 581 3421 648">
    <p class='ocr_par' dir='ltr' id='par_1_11' title="bbox 1834 581 3421 648">
     <span class='ocr_line' id='line_1_11' title="bbox 1834 581 3421 648; baseline -0.002 -10"><span class='ocrx_word' id='word_1_55' title='bbox 1834 592 2074 639; x_wconf 76' lang='lat' dir='ltr'><strong>vestram</strong></span> <span class='ocrx_word' id='word_1_56' title='bbox 2135 596 2390 637; x_wconf 89' lang='lat' dir='ltr'><strong>amamus</strong></span> <span class='ocrx_word' id='word_1_57' title='bbox 2440 583 2581 637; x_wconf 98' lang='lat' dir='ltr'><strong>sicut</strong></span> <span class='ocrx_word' id='word_1_58' title='bbox 2626 592 2773 637; x_wconf 87' lang='lat' dir='ltr'><strong>amat</strong></span> <span class='ocrx_word' id='word_1_59' title='bbox 2829 582 3120 648; x_wconf 85' lang='lat' dir='ltr'><strong>Dominus,</strong></span> <span class='ocrx_word' id='word_1_60' title='bbox 3170 597 3234 637; x_wconf 87' lang='lat' dir='ltr'><strong>ac</strong></span> <span class='ocrx_word' id='word_1_61' title='bbox 3276 581 3421 638; x_wconf 82' lang='lat' dir='ltr'><strong>sicut</strong></span> 
     </span>
    </p>
   </div>
   <div class='ocr_carea' id='block_1_12' title="bbox 1833 669 3415 743">
    <p class='ocr_par' dir='ltr' id='par_1_12' title="bbox 1833 669 3415 743">
     <span class='ocr_line' id='line_1_12' title="bbox 1833 669 3415 743; baseline 0.003 -18"><span class='ocrx_word' id='word_1_62' title='bbox 1833 683 2163 743; x_wconf 57' lang='lat' dir='ltr'><strong>praeceptum</strong></span> <span class='ocrx_word' id='word_1_63' title='bbox 2238 681 2345 727; x_wconf 88' lang='lat' dir='ltr'><strong>est.</strong></span> <span class='ocrx_word' id='word_1_64' title='bbox 2404 669 2522 725; x_wconf 73' lang='lat' dir='ltr'><strong>Pax</strong></span> <span class='ocrx_word' id='word_1_65' title='bbox 2587 672 2683 726; x_wconf 89' lang='lat' dir='ltr'><strong>tibi</strong></span> <span class='ocrx_word' id='word_1_66' title='bbox 2735 671 2974 727; x_wconf 71' lang='lat' dir='ltr'><strong>domina:</strong></span> <span class='ocrx_word' id='word_1_67' title='bbox 3046 670 3228 726; x_wconf 80' lang='lat' dir='ltr'><strong>matri.</strong></span> <span class='ocrx_word' id='word_1_68' title='bbox 3304 669 3415 729; x_wconf 74' lang='lat' dir='ltr'><strong>Pax</strong></span> 
     </span>
    </p>
   </div>
   <div class='ocr_carea' id='block_1_13' title="bbox 1835 762 3417 823">
    <p class='ocr_par' dir='ltr' id='par_1_13' title="bbox 1835 762 3417 823">
     <span class='ocr_line' id='line_1_13' title="bbox 1835 762 3417 823; baseline -0.003 0"><span class='ocrx_word' id='word_1_69' title='bbox 1835 765 2135 823; x_wconf 82' lang='lat' dir='ltr'><strong>sororibus</strong></span> <span class='ocrx_word' id='word_1_70' title='bbox 2169 766 2224 820; x_wconf 93' lang='lat' dir='ltr'><strong>in</strong></span> <span class='ocrx_word' id='word_1_71' title='bbox 2260 763 2484 820; x_wconf 83' lang='lat' dir='ltr'><strong>Christo</strong></span> <span class='ocrx_word' id='word_1_72' title='bbox 2510 762 2647 821; x_wconf 83' lang='lat' dir='ltr'><strong>Jesu</strong></span> <span class='ocrx_word' id='word_1_73' title='bbox 2692 764 2927 820; x_wconf 89' lang='lat' dir='ltr'><strong>Domino</strong></span> <span class='ocrx_word' id='word_1_74' title='bbox 2967 774 3185 821; x_wconf 90' lang='lat' dir='ltr'><strong>nostro.</strong></span> <span class='ocrx_word' id='word_1_75' title='bbox 3218 764 3417 821; x_wconf 82' lang='lat' dir='ltr'><strong>Amen.</strong></span> 
     </span>
    </p>
   </div>
   <div class='ocr_carea' id='block_1_14' title="bbox 2238 959 3025 1019">
    <p class='ocr_par' dir='ltr' id='par_1_14' title="bbox 2238 959 3025 1019">
     <span class='ocr_line' id='line_1_14' title="bbox 2238 959 3025 1019; baseline 0.006 -5"><span class='ocrx_word' id='word_1_76' title='bbox 2238 959 2423 1015; x_wconf 79' lang='lat' dir='ltr'><strong>CXVI.</strong></span> <span class='ocrx_word' id='word_1_77' title='bbox 2452 992 2521 1002; x_wconf 90' lang='lat'><strong><em>—</em></strong></span> <span class='ocrx_word' id='word_1_78' title='bbox 2541 961 2738 1017; x_wconf 79' lang='lat' dir='ltr'><strong>Joanm</strong></span> <span class='ocrx_word' id='word_1_79' title='bbox 2769 964 3025 1019; x_wconf 73' lang='lat' dir='ltr'><strong>eremitw.</strong></span> 
     </span>
    </p>
   </div>
   <div class='ocr_carea' id='block_1_15' title="bbox 908 1074 2648 1141">
    <p class='ocr_par' dir='ltr' id='par_1_15' title="bbox 908 1074 2648 1141">
     <span class='ocr_line' id='line_1_15' title="bbox 908 1074 2648 1141; baseline 0.001 -16"><span class='ocrx_word' id='word_1_80' title='bbox 908 1074 985 1125; x_wconf 91' lang='lat' dir='ltr'><strong>De</strong></span> <span class='ocrx_word' id='word_1_81' title='bbox 1014 1079 1224 1141; x_wconf 89' lang='lat' dir='ltr'><strong>quodam</strong></span> <span class='ocrx_word' id='word_1_82' title='bbox 1259 1078 1471 1129; x_wconf 88' lang='lat' dir='ltr'><strong>eremita</strong></span> <span class='ocrx_word' id='word_1_83' title='bbox 1490 1076 1731 1128; x_wconf 65' lang='lat' dir='ltr'><strong>heretico</strong></span> <span class='ocrx_word' id='word_1_84' title='bbox 1749 1076 1807 1125; x_wconf 86' lang='lat' dir='ltr'><strong>ad</strong></span> <span class='ocrx_word' id='word_1_85' title='bbox 1839 1074 1987 1123; x_wconf 83' lang='lat' dir='ltr'><strong>ﬁdem</strong></span> <span class='ocrx_word' id='word_1_86' title='bbox 2020 1074 2311 1125; x_wconf 80' lang='lat' dir='ltr'><strong>catholicam</strong></span> <span class='ocrx_word' id='word_1_87' title='bbox 2340 1074 2648 1126; x_wconf 86' lang='lat' dir='ltr'><strong>adducendo.</strong></span> 
     </span>
    </p>
   </div>
   <div class='ocr_carea' id='block_1_16' title="bbox 231 1175 1730 1253">
    <p class='ocr_par' dir='ltr' id='par_1_16' title="bbox 231 1175 1730 1253">
     <span class='ocr_line' id='line_1_16' title="bbox 231 1175 1730 1253; baseline 0.006 -26"><span class='ocrx_word' id='word_1_88' title='bbox 231 1175 363 1228; x_wconf 79' lang='grc' dir='ltr'>Ἡδὺ</span> <span class='ocrx_word' id='word_1_89' title='bbox 391 1175 570 1248; x_wconf 89' lang='grc' dir='ltr'>θέαμα</span> <span class='ocrx_word' id='word_1_90' title='bbox 595 1177 799 1233; x_wconf 81' lang='grc' dir='ltr'>ὁπόταν</span> <span class='ocrx_word' id='word_1_91' title='bbox 827 1198 913 1244; x_wconf 89' lang='grc' dir='ltr'><strong>τις</strong></span> <span class='ocrx_word' id='word_1_92' title='bbox 954 1182 1227 1250; x_wconf 86' lang='grc' dir='ltr'>θεάσοιτο,</span> <span class='ocrx_word' id='word_1_93' title='bbox 1252 1183 1410 1237; x_wconf 88' lang='grc' dir='ltr'>τοῦτο</span> <span class='ocrx_word' id='word_1_94' title='bbox 1440 1183 1536 1238; x_wconf 73' lang='grc' dir='ltr'><strong>καὶ</strong></span> <span class='ocrx_word' id='word_1_95' title='bbox 1590 1181 1730 1253; x_wconf 85' lang='grc' dir='ltr'><strong>μετά</strong></span> 
     </span>
    </p>
   </div>
   <div class='ocr_carea' id='block_1_17' title="bbox 142 1267 1728 1341">
    <p class='ocr_par' dir='ltr' id='par_1_17' title="bbox 142 1267 1728 1341">
     <span class='ocr_line' id='line_1_17' title="bbox 142 1267 1728 1341; baseline 0.008 -23"><span class='ocrx_word' id='word_1_96' title='bbox 142 1267 250 1337; x_wconf 80' lang='grc' dir='ltr'>τὴν</span> <span class='ocrx_word' id='word_1_97' title='bbox 292 1268 644 1341; x_wconf 82' lang='grc' dir='ltr'><strong>ἀναχώρησιν</strong></span> <span class='ocrx_word' id='word_1_98' title='bbox 695 1274 777 1337; x_wconf 87' lang='grc' dir='ltr'><strong>είς</strong></span> <span class='ocrx_word' id='word_1_99' title='bbox 814 1274 940 1329; x_wconf 94' lang='grc' dir='ltr'>νοῦν</span> <span class='ocrx_word' id='word_1_100' title='bbox 973 1276 1062 1329; x_wconf 79' lang='grc' dir='ltr'><strong>ἀεὶ</strong></span> <span class='ocrx_word' id='word_1_101' title='bbox 1110 1277 1447 1330; x_wconf 74' lang='grc' dir='ltr'>ἀναθεωρεῖν</span> <span class='ocrx_word' id='word_1_102' title='bbox 1514 1276 1728 1330; x_wconf 75' lang='grc' dir='ltr'>εἴωθεν.</span> 
     </span>
    </p>
   </div>
   <div class='ocr_carea' id='block_1_18' title="bbox 143 1359 1733 1440">
    <p class='ocr_par' dir='ltr' id='par_1_18' title="bbox 143 1359 1733 1440">
     <span class='ocr_line' id='line_1_18' title="bbox 143 1359 1733 1440; baseline 0.013 -27"><span class='ocrx_word' id='word_1_103' title='bbox 143 1361 343 1425; x_wconf 78' lang='grc' dir='ltr'>Οὕτως</span> <span class='ocrx_word' id='word_1_104' title='bbox 376 1359 470 1417; x_wconf 80' lang='grc' dir='ltr'><strong>οὖν</strong></span> <span class='ocrx_word' id='word_1_105' title='bbox 497 1365 593 1418; x_wconf 81' lang='grc' dir='ltr'><strong>καὶ</strong></span> <span class='ocrx_word' id='word_1_106' title='bbox 636 1369 800 1439; x_wconf 76' lang='grc' dir='ltr'>ἡμεῖς</span> <span class='ocrx_word' id='word_1_107' title='bbox 826 1371 876 1423; x_wconf 74' lang='lat' dir='ltr'><strong>oi</strong></span> <span class='ocrx_word' id='word_1_108' title='bbox 920 1372 1191 1435; x_wconf 72' lang='grc' dir='ltr'>ταπεινοὶ,</span> <span class='ocrx_word' id='word_1_109' title='bbox 1225 1371 1536 1440; x_wconf 88' lang='grc' dir='ltr'>θεοτίμητε,</span> <span class='ocrx_word' id='word_1_110' title='bbox 1584 1366 1733 1433; x_wconf 72' lang='grc' dir='ltr'>ἅπαξ</span> 
     </span>
    </p>
   </div>
   <div class='ocr_carea' id='block_1_19' title="bbox 146 1454 1733 1530">
    <p class='ocr_par' dir='ltr' id='par_1_19' title="bbox 146 1454 1733 1530">
     <span class='ocr_line' id='line_1_19' title="bbox 146 1454 1733 1530; baseline -0.008 -6"><span class='ocrx_word' id='word_1_111' title='bbox 146 1470 216 1506; x_wconf 87' lang='grc' dir='ltr'>σε</span> <span class='ocrx_word' id='word_1_112' title='bbox 251 1454 568 1524; x_wconf 67' lang='grc' dir='ltr'>βλέψαντες,</span> <span class='ocrx_word' id='word_1_113' title='bbox 598 1459 696 1511; x_wconf 81' lang='grc' dir='ltr'>καὶ</span> <span class='ocrx_word' id='word_1_114' title='bbox 738 1460 1103 1530; x_wconf 79' lang='grc' dir='ltr'><strong>ὡμιληκότες,</strong></span> <span class='ocrx_word' id='word_1_115' title='bbox 1142 1464 1243 1516; x_wconf 75' lang='grc' dir='ltr'><strong>οὐκ</strong></span> <span class='ocrx_word' id='word_1_116' title='bbox 1285 1459 1733 1530; x_wconf 85' lang='grc' dir='ltr'>ἐπιλελήσμεθα·</span> 
     </span>
    </p>
   </div>
   <div class='ocr_carea' id='block_1_20' title="bbox 143 1545 1735 1626">
    <p class='ocr_par' dir='ltr' id='par_1_20' title="bbox 143 1545 1735 1626">
     <span class='ocr_line' id='line_1_20' title="bbox 143 1545 1735 1626; baseline 0.003 -27"><span class='ocrx_word' id='word_1_117' title='bbox 143 1545 292 1599; x_wconf 86' lang='grc' dir='ltr'><strong>ἀλλά</strong></span> <span class='ocrx_word' id='word_1_118' title='bbox 313 1548 723 1620; x_wconf 76' lang='grc' dir='ltr'>φανταζόμενον</span> <span class='ocrx_word' id='word_1_119' title='bbox 744 1551 941 1624; x_wconf 80' lang='grc' dir='ltr'>ἔχομεν</span> <span class='ocrx_word' id='word_1_120' title='bbox 964 1554 1023 1608; x_wconf 91' lang='grc' dir='ltr'><strong>ἐν</strong></span> <span class='ocrx_word' id='word_1_121' title='bbox 1048 1557 1115 1626; x_wconf 78' lang='grc' dir='ltr'>τῇ</span> <span class='ocrx_word' id='word_1_122' title='bbox 1146 1554 1355 1625; x_wconf 80' lang='grc' dir='ltr'>διανοίᾳ</span> <span class='ocrx_word' id='word_1_123' title='bbox 1378 1569 1391 1584; x_wconf 85' lang='lat'><strong><em>°</em></strong></span> <span class='ocrx_word' id='word_1_124' title='bbox 1417 1553 1555 1607; x_wconf 81' lang='grc' dir='ltr'>αὐτὸ</span> <span class='ocrx_word' id='word_1_125' title='bbox 1576 1552 1735 1605; x_wconf 87' lang='grc' dir='ltr'>τοῦτο</span> 
     </span>
    </p>
   </div>
   <div class='ocr_carea' id='block_1_21' title="bbox 146 1638 1735 1717">
    <p class='ocr_par' dir='ltr' id='par_1_21' title="bbox 146 1638 1735 1717">
     <span class='ocr_line' id='line_1_21' title="bbox 146 1638 1735 1717; baseline 0.002 -25"><span class='ocrx_word' id='word_1_126' title='bbox 146 1638 485 1709; x_wconf 79' lang='grc' dir='ltr'>γαννύμενοι</span> <span class='ocrx_word' id='word_1_127' title='bbox 531 1643 666 1713; x_wconf 81' lang='grc' dir='ltr'>όρᾷν</span> <span class='ocrx_word' id='word_1_128' title='bbox 714 1643 1003 1716; x_wconf 86' lang='grc' dir='ltr'>ἄνθρωπον</span> <span class='ocrx_word' id='word_1_129' title='bbox 1046 1645 1207 1709; x_wconf 91' lang='grc' dir='ltr'>Θεοῦ,</span> <span class='ocrx_word' id='word_1_130' title='bbox 1249 1644 1529 1717; x_wconf 79' lang='grc' dir='ltr'>προσώπῳ</span> <span class='ocrx_word' id='word_1_131' title='bbox 1556 1661 1617 1697; x_wconf 87' lang='grc' dir='ltr'><strong>τε</strong></span> <span class='ocrx_word' id='word_1_132' title='bbox 1637 1642 1735 1695; x_wconf 77' lang='grc' dir='ltr'>καὶ</span> 
     </span>
    </p>
   </div>
   <div class='ocr_carea' id='block_1_22' title="bbox 146 1730 1737 1806">
    <p class='ocr_par' dir='ltr' id='par_1_22' title="bbox 146 1730 1737 1806">
     <span class='ocr_line' id='line_1_22' title="bbox 146 1730 1737 1806; baseline 0.002 -23"><span class='ocrx_word' id='word_1_133' title='bbox 146 1730 347 1802; x_wconf 78' lang='grc' dir='ltr'>ὁμιλίᾳ</span> <span class='ocrx_word' id='word_1_134' title='bbox 380 1732 544 1805; x_wconf 83' lang='grc' dir='ltr'>χάριν</span> <span class='ocrx_word' id='word_1_135' title='bbox 588 1733 742 1789; x_wconf 85' lang='grc' dir='ltr'>θείαν</span> <span class='ocrx_word' id='word_1_136' title='bbox 774 1736 1082 1806; x_wconf 84' lang='grc' dir='ltr'>λάμποντα,</span> <span class='ocrx_word' id='word_1_137' title='bbox 1150 1738 1246 1791; x_wconf 74' lang='grc' dir='ltr'>καὶ</span> <span class='ocrx_word' id='word_1_138' title='bbox 1294 1738 1376 1801; x_wconf 82' lang='grc' dir='ltr'><strong>είς</strong></span> <span class='ocrx_word' id='word_1_139' title='bbox 1425 1734 1737 1803; x_wconf 82' lang='grc' dir='ltr'>δοξολογίαν</span> 
     </span>
    </p>
   </div>
   <div class='ocr_carea' id='block_1_23' title="bbox 148 1824 1734 1902">
    <p class='ocr_par' dir='ltr' id='par_1_23' title="bbox 148 1824 1734 1902">
     <span class='ocr_line' id='line_1_23' title="bbox 148 1824 1734 1902; baseline 0.006 -26"><span class='ocrx_word' id='word_1_140' title='bbox 148 1824 293 1879; x_wconf 85' lang='grc' dir='ltr'><strong>Θεοῦ</strong></span> <span class='ocrx_word' id='word_1_141' title='bbox 336 1830 804 1900; x_wconf 85' lang='grc' dir='ltr'>προτρεπόμενον.</span> <span class='ocrx_word' id='word_1_142' title='bbox 844 1830 1044 1902; x_wconf 77' lang='grc' dir='ltr'>Ἕσχες</span> <span class='ocrx_word' id='word_1_143' title='bbox 1072 1830 1129 1884; x_wconf 81' lang='grc' dir='ltr'>δὲ</span> <span class='ocrx_word' id='word_1_144' title='bbox 1156 1829 1316 1885; x_wconf 89' lang='grc' dir='ltr'>τοῦτο</span> <span class='ocrx_word' id='word_1_145' title='bbox 1371 1832 1440 1902; x_wconf 77' lang='grc' dir='ltr'>τῇ</span> <span class='ocrx_word' id='word_1_146' title='bbox 1492 1829 1734 1901; x_wconf 82' lang='grc' dir='ltr'>ἐρημικῇ</span> 
     </span>
    </p>
   </div>
   <div class='ocr_carea' id='block_1_24' title="bbox 154 1916 1739 1995">
    <p class='ocr_par' dir='ltr' id='par_1_24' title="bbox 154 1916 1739 1995">
     <span class='ocr_line' id='line_1_24' title="bbox 154 1916 1739 1995; baseline 0.003 -26"><span class='ocrx_word' id='word_1_147' title='bbox 154 1916 419 1985; x_wconf 74' lang='grc' dir='ltr'>μονώσει,</span> <span class='ocrx_word' id='word_1_148' title='bbox 473 1921 568 1974; x_wconf 73' lang='grc' dir='ltr'><strong>καὶ</strong></span> <span class='ocrx_word' id='word_1_149' title='bbox 618 1924 684 1993; x_wconf 82' lang='grc' dir='ltr'><strong>τῇ</strong></span> <span class='ocrx_word' id='word_1_150' title='bbox 743 1925 1119 1995; x_wconf 78' lang='grc' dir='ltr'>προσευκτικῇ</span> <span class='ocrx_word' id='word_1_151' title='bbox 1164 1921 1561 1994; x_wconf 84' lang='grc' dir='ltr'>προσελεύσει·</span> <span class='ocrx_word' id='word_1_152' title='bbox 1597 1921 1739 1991; x_wconf 87' lang='grc' dir='ltr'>λαμ-</span> 
     </span>
    </p>
   </div>
   <div class='ocr_carea' id='block_1_25' title="bbox 152 2010 1735 2086">
    <p class='ocr_par' dir='ltr' id='par_1_25' title="bbox 152 2010 1735 2086">
     <span class='ocr_line' id='line_1_25' title="bbox 152 2010 1735 2086; baseline 0.004 -27"><span class='ocrx_word' id='word_1_153' title='bbox 152 2010 426 2078; x_wconf 81' lang='grc' dir='ltr'>πρυνθεὶς</span> <span class='ocrx_word' id='word_1_154' title='bbox 472 2011 787 2077; x_wconf 84' lang='grc' dir='ltr'>Μωσαῖκῶς</span> <span class='ocrx_word' id='word_1_155' title='bbox 852 2014 954 2085; x_wconf 80' lang='grc' dir='ltr'>τὴν</span> <span class='ocrx_word' id='word_1_156' title='bbox 1007 2013 1132 2084; x_wconf 69' lang='grc' dir='ltr'>ὄψιν</span> <span class='ocrx_word' id='word_1_157' title='bbox 1186 2014 1293 2085; x_wconf 88' lang='grc' dir='ltr'><strong>πρὸ</strong></span> <span class='ocrx_word' id='word_1_158' title='bbox 1348 2012 1444 2067; x_wconf 87' lang='grc' dir='ltr'><strong>τοῦ</strong></span> <span class='ocrx_word' id='word_1_159' title='bbox 1490 2014 1735 2086; x_wconf 74' lang='grc' dir='ltr'>ἀρρήτου</span> 
     </span>
    </p>
   </div>
   <div class='ocr_carea' id='block_1_26' title="bbox 151 2100 1726 2178">
    <p class='ocr_par' dir='ltr' id='par_1_26' title="bbox 151 2100 1726 2178">
     <span class='ocr_line' id='line_1_26' title="bbox 151 2100 1726 2178; baseline 0.001 -23"><span class='ocrx_word' id='word_1_160' title='bbox 151 2103 352 2170; x_wconf 81' lang='grc' dir='ltr'>φάους.</span> <span class='ocrx_word' id='word_1_161' title='bbox 381 2103 475 2157; x_wconf 91' lang='grc' dir='ltr'>Διὸ</span> <span class='ocrx_word' id='word_1_162' title='bbox 516 2103 611 2157; x_wconf 74' lang='grc' dir='ltr'><strong>καὶ</strong></span> <span class='ocrx_word' id='word_1_163' title='bbox 650 2100 814 2171; x_wconf 83' lang='grc' dir='ltr'>αὖθις</span> <span class='ocrx_word' id='word_1_164' title='bbox 859 2106 1161 2178; x_wconf 89' lang='grc' dir='ltr'>γλιχόμεθά</span> <span class='ocrx_word' id='word_1_165' title='bbox 1216 2124 1278 2161; x_wconf 87' lang='grc' dir='ltr'><strong>σε</strong></span> <span class='ocrx_word' id='word_1_166' title='bbox 1339 2104 1726 2171; x_wconf 87' lang='grc' dir='ltr'>κατοπτεῦσαι,</span> 
     </span>
    </p>
   </div>
   <div class='ocr_carea' id='block_1_27' title="bbox 150 2182 1731 2269">
    <p class='ocr_par' dir='ltr' id='par_1_27' title="bbox 150 2182 1731 2269">
     <span class='ocr_line' id='line_1_27' title="bbox 150 2182 1731 2269; baseline 0.001 -20"><span class='ocrx_word' id='word_1_167' title='bbox 150 2196 255 2249; x_wconf 73' lang='grc' dir='ltr'><strong>καὶ</strong></span> <span class='ocrx_word' id='word_1_168' title='bbox 289 2182 695 2268; x_wconf 67' lang='grc' dir='ltr'>συμμετασχεῖν</span> <span class='ocrx_word' id='word_1_169' title='bbox 723 2198 834 2251; x_wconf 83' lang='grc' dir='ltr'><strong>τῶν</strong></span> <span class='ocrx_word' id='word_1_170' title='bbox 857 2200 915 2251; x_wconf 86' lang='grc' dir='ltr'><strong>ἐν</strong></span> <span class='ocrx_word' id='word_1_171' title='bbox 952 2186 1035 2251; x_wconf 80' lang='grc' dir='ltr'><strong>σοὶ</strong></span> <span class='ocrx_word' id='word_1_172' title='bbox 1069 2199 1334 2269; x_wconf 80' lang='grc' dir='ltr'>χαρίτων,</span> <span class='ocrx_word' id='word_1_173' title='bbox 1370 2198 1514 2251; x_wconf 85' lang='grc' dir='ltr'><strong>κατά</strong></span> <span class='ocrx_word' id='word_1_174' title='bbox 1545 2196 1731 2251; x_wconf 78' lang='grc' dir='ltr'>δευτέ·</span> 
     </span>
    </p>
   </div>
   <div class='ocr_carea' id='block_1_28' title="bbox 151 2288 1738 2364">
    <p class='ocr_par' dir='ltr' id='par_1_28' title="bbox 151 2288 1738 2364">
     <span class='ocr_line' id='line_1_28' title="bbox 151 2288 1738 2364; baseline 0.004 -26"><span class='ocrx_word' id='word_1_175' title='bbox 151 2303 329 2354; x_wconf 82' lang='grc' dir='ltr'>ρωσιν</span> <span class='ocrx_word' id='word_1_176' title='bbox 361 2288 683 2355; x_wconf 85' lang='grc' dir='ltr'>ἀγιαστικοῦ</span> <span class='ocrx_word' id='word_1_177' title='bbox 726 2290 1154 2362; x_wconf 83' lang='grc' dir='ltr'>μετουσιασμοῦ,</span> <span class='ocrx_word' id='word_1_178' title='bbox 1194 2293 1257 2345; x_wconf 84' lang='grc' dir='ltr'><strong>σὺ</strong></span> <span class='ocrx_word' id='word_1_179' title='bbox 1293 2292 1429 2364; x_wconf 88' lang='grc' dir='ltr'>πρὸς</span> <span class='ocrx_word' id='word_1_180' title='bbox 1455 2293 1609 2359; x_wconf 84' lang='grc' dir='ltr'>Θεὸν,</span> <span class='ocrx_word' id='word_1_181' title='bbox 1641 2292 1738 2346; x_wconf 70' lang='grc' dir='ltr'><strong>καὶ</strong></span> 
     </span>
    </p>
   </div>
   <div class='ocr_carea' id='block_1_29' title="bbox 147 2380 1738 2455">
    <p class='ocr_par' dir='ltr' id='par_1_29' title="bbox 147 2380 1738 2455">
     <span class='ocr_line' id='line_1_29' title="bbox 147 2380 1738 2455; baseline 0.006 -24"><span class='ocrx_word' id='word_1_182' title='bbox 147 2381 321 2448; x_wconf 81' lang='grc' dir='ltr'>ἡμεῖς</span> <span class='ocrx_word' id='word_1_183' title='bbox 349 2380 502 2452; x_wconf 84' lang='grc' dir='ltr'><strong>παρά</strong></span> <span class='ocrx_word' id='word_1_184' title='bbox 533 2380 651 2435; x_wconf 90' lang='grc' dir='ltr'>σοῦ.</span> <span class='ocrx_word' id='word_1_185' title='bbox 696 2381 861 2455; x_wconf 80' lang='grc' dir='ltr'>Ὁρᾷς</span> <span class='ocrx_word' id='word_1_186' title='bbox 887 2384 1010 2437; x_wconf 83' lang='grc' dir='ltr'>ὅσον</span> <span class='ocrx_word' id='word_1_187' title='bbox 1038 2402 1096 2438; x_wconf 91' lang='grc' dir='ltr'><strong>σε</strong></span> <span class='ocrx_word' id='word_1_188' title='bbox 1147 2385 1278 2450; x_wconf 84' lang='grc' dir='ltr'>Θεὸς</span> <span class='ocrx_word' id='word_1_189' title='bbox 1304 2382 1579 2451; x_wconf 78' lang='grc' dir='ltr'>ἐδόξασεν,</span> <span class='ocrx_word' id='word_1_190' title='bbox 1613 2386 1738 2439; x_wconf 76' lang='grc' dir='ltr'>ἐπεὶ</span> 
     </span>
    </p>
   </div>
   <div class='ocr_carea' id='block_1_30' title="bbox 148 2471 1736 2542">
    <p class='ocr_par' dir='ltr' id='par_1_30' title="bbox 148 2471 1736 2542">
     <span class='ocr_line' id='line_1_30' title="bbox 148 2471 1736 2542; baseline 0.006 -19"><span class='ocrx_word' id='word_1_191' title='bbox 148 2471 416 2536; x_wconf 75' lang='grc' dir='ltr'>ἐδόξασας</span> <span class='ocrx_word' id='word_1_192' title='bbox 436 2473 602 2527; x_wconf 82' lang='grc' dir='ltr'>αὐτόν</span> <span class='ocrx_word' id='word_1_193' title='bbox 627 2489 642 2540; x_wconf 86' lang='grc'><strong>;</strong></span> <span class='ocrx_word' id='word_1_194' title='bbox 678 2473 816 2529; x_wconf 85' lang='grc' dir='ltr'><strong>ἀλλά</strong></span> <span class='ocrx_word' id='word_1_195' title='bbox 848 2475 944 2529; x_wconf 71' lang='grc' dir='ltr'><strong>καὶ</strong></span> <span class='ocrx_word' id='word_1_196' title='bbox 980 2476 1062 2531; x_wconf 83' lang='grc' dir='ltr'><strong>ἐτι</strong></span> <span class='ocrx_word' id='word_1_197' title='bbox 1088 2475 1364 2542; x_wconf 79' lang='grc' dir='ltr'>δοξάσειεν</span> <span class='ocrx_word' id='word_1_198' title='bbox 1392 2480 1451 2530; x_wconf 89' lang='grc' dir='ltr'><strong>ἐν</strong></span> <span class='ocrx_word' id='word_1_199' title='bbox 1477 2479 1621 2532; x_wconf 84' lang='grc' dir='ltr'>τέλει</span> <span class='ocrx_word' id='word_1_200' title='bbox 1641 2478 1736 2532; x_wconf 88' lang='grc' dir='ltr'><strong>τοῦ</strong></span> 
     </span>
    </p>
   </div>
   <div class='ocr_carea' id='block_1_31' title="bbox 151 2564 1738 2640">
    <p class='ocr_par' dir='ltr' id='par_1_31' title="bbox 151 2564 1738 2640">
     <span class='ocr_line' id='line_1_31' title="bbox 151 2564 1738 2640; baseline 0.005 -24"><span class='ocrx_word' id='word_1_201' title='bbox 151 2564 300 2635; x_wconf 82' lang='grc' dir='ltr'>βίου,</span> <span class='ocrx_word' id='word_1_202' title='bbox 325 2564 764 2636; x_wconf 84' lang='grc' dir='ltr'>ἀποπεραίνοντα</span> <span class='ocrx_word' id='word_1_203' title='bbox 782 2566 947 2633; x_wconf 78' lang='grc' dir='ltr'>ἀξίως</span> <span class='ocrx_word' id='word_1_204' title='bbox 970 2568 1063 2621; x_wconf 87' lang='grc' dir='ltr'><strong>τὸν</strong></span> <span class='ocrx_word' id='word_1_205' title='bbox 1093 2569 1312 2639; x_wconf 80' lang='grc' dir='ltr'>δρόμον.</span> <span class='ocrx_word' id='word_1_206' title='bbox 1347 2569 1509 2640; x_wconf 83' lang='grc' dir='ltr'>Ἡμῖν</span> <span class='ocrx_word' id='word_1_207' title='bbox 1541 2571 1598 2624; x_wconf 82' lang='grc' dir='ltr'><strong>δὲ</strong></span> <span class='ocrx_word' id='word_1_208' title='bbox 1625 2573 1738 2634; x_wconf 85' lang='grc' dir='ltr'>τοῖς</span> 
     </span>
    </p>
   </div>
   <div class='ocr_carea' id='block_1_32' title="bbox 149 2657 1739 2735">
    <p class='ocr_par' dir='ltr' id='par_1_32' title="bbox 149 2657 1739 2735">
     <span class='ocr_line' id='line_1_32' title="bbox 149 2657 1739 2735; baseline 0.003 -22"><span class='ocrx_word' id='word_1_209' title='bbox 149 2658 503 2731; x_wconf 80' lang='grc' dir='ltr'>ἁμαρτωλοῖς</span> <span class='ocrx_word' id='word_1_210' title='bbox 531 2657 714 2724; x_wconf 75' lang='grc' dir='ltr'>εὖξαιο</span> <span class='ocrx_word' id='word_1_211' title='bbox 747 2660 850 2714; x_wconf 79' lang='grc' dir='ltr'><strong>κᾶν</strong></span> <span class='ocrx_word' id='word_1_212' title='bbox 875 2661 1144 2731; x_wconf 79' lang='grc' dir='ltr'>ἄρξασθαι</span> <span class='ocrx_word' id='word_1_213' title='bbox 1176 2662 1267 2716; x_wconf 88' lang='grc' dir='ltr'><strong>τοῦ</strong></span> <span class='ocrx_word' id='word_1_214' title='bbox 1298 2665 1567 2735; x_wconf 84' lang='grc' dir='ltr'>σωτηρίου</span> <span class='ocrx_word' id='word_1_215' title='bbox 1613 2664 1739 2735; x_wconf 84' lang='grc' dir='ltr'>δρό-</span> 
     </span>
    </p>
   </div>
   <div class='ocr_carea' id='block_1_33' title="bbox 152 2750 1738 2828">
    <p class='ocr_par' dir='ltr' id='par_1_33' title="bbox 152 2750 1738 2828">
     <span class='ocr_line' id='line_1_33' title="bbox 152 2750 1738 2828; baseline 0.006 -26"><span class='ocrx_word' id='word_1_216' title='bbox 152 2766 297 2820; x_wconf 80' lang='grc' dir='ltr'>μου’</span> <span class='ocrx_word' id='word_1_217' title='bbox 357 2750 585 2822; x_wconf 82' lang='grc' dir='ltr'>ἐπείπερ</span> <span class='ocrx_word' id='word_1_218' title='bbox 619 2752 838 2822; x_wconf 77' lang='grc' dir='ltr'>μακρὰν</span> <span class='ocrx_word' id='word_1_219' title='bbox 895 2752 1003 2806; x_wconf 85' lang='grc' dir='ltr'><strong>ἀπὸ</strong></span> <span class='ocrx_word' id='word_1_220' title='bbox 1042 2753 1177 2807; x_wconf 89' lang='grc' dir='ltr'>Θεοῦ</span> <span class='ocrx_word' id='word_1_221' title='bbox 1225 2755 1277 2807; x_wconf 75' lang='grc' dir='ltr'><strong>οἱ</strong></span> <span class='ocrx_word' id='word_1_222' title='bbox 1329 2755 1623 2828; x_wconf 68' lang='grc' dir='ltr'>ἐλάχιστοι.</span> <span class='ocrx_word' id='word_1_223' title='bbox 1672 2757 1738 2810; x_wconf 83' lang='grc' dir='ltr'><strong>Ἠ</strong></span> 
     </span>
    </p>
   </div>
   <div class='ocr_carea' id='block_1_34' title="bbox 147 2840 1244 2916">
    <p class='ocr_par' dir='ltr' id='par_1_34' title="bbox 147 2840 1244 2916">
     <span class='ocr_line' id='line_1_34' title="bbox 147 2840 1244 2916; baseline 0.009 -24"><span class='ocrx_word' id='word_1_224' title='bbox 147 2840 348 2913; x_wconf 86' lang='grc' dir='ltr'>πρώτη</span> <span class='ocrx_word' id='word_1_225' title='bbox 377 2842 604 2916; x_wconf 77' lang='grc' dir='ltr'>ἐπιϐολὴ</span> <span class='ocrx_word' id='word_1_226' title='bbox 630 2844 725 2897; x_wconf 87' lang='grc' dir='ltr'><strong>τοῦ</strong></span> <span class='ocrx_word' id='word_1_227' title='bbox 748 2845 906 2914; x_wconf 86' lang='grc' dir='ltr'>λόγου</span> <span class='ocrx_word' id='word_1_228' title='bbox 934 2848 989 2902; x_wconf 84' lang='grc' dir='ltr'><strong>ἐν</strong></span> <span class='ocrx_word' id='word_1_229' title='bbox 1012 2846 1244 2911; x_wconf 80' lang='grc' dir='ltr'>τούτοις.</span> 
     </span>
    </p>
   </div>
   <div class='ocr_carea' id='block_1_35' title="bbox 225 3023 1735 3101">
    <p class='ocr_par' dir='ltr' id='par_1_35' title="bbox 225 3023 1735 3101">
     <span class='ocr_line' id='line_1_35' title="bbox 225 3023 1735 3101; baseline 0.007 -27"><span class='ocrx_word' id='word_1_230' title='bbox 225 3023 324 3085; x_wconf 84' lang='grc' dir='ltr'>Τίς</span> <span class='ocrx_word' id='word_1_231' title='bbox 357 3025 391 3093; x_wconf 75' lang='grc' dir='ltr'>ἡ</span> <span class='ocrx_word' id='word_1_232' title='bbox 424 3024 683 3096; x_wconf 74' lang='grc' dir='ltr'>δευτέρας</span> <span class='ocrx_word' id='word_1_233' title='bbox 729 3026 865 3097; x_wconf 81' lang='grc' dir='ltr'>Περὶ</span> <span class='ocrx_word' id='word_1_234' title='bbox 898 3026 1224 3082; x_wconf 87' lang='grc' dir='ltr'>Θεοκτίστου</span> <span class='ocrx_word' id='word_1_235' title='bbox 1278 3029 1373 3082; x_wconf 88' lang='grc' dir='ltr'><strong>τοῦ</strong></span> <span class='ocrx_word' id='word_1_236' title='bbox 1430 3029 1692 3101; x_wconf 80' lang='grc' dir='ltr'>ἐρημὶτου</span> <span class='ocrx_word' id='word_1_237' title='bbox 1720 3048 1735 3063; x_wconf 80' lang='grc'><em>’</em></span> 
     </span>
    </p>
   </div>
   <div class='ocr_carea' id='block_1_36' title="bbox 148 3115 1738 3189">
    <p class='ocr_par' dir='ltr' id='par_1_36' title="bbox 148 3115 1738 3189">
     <span class='ocr_line' id='line_1_36' title="bbox 148 3115 1738 3189; baseline 0.004 -21"><span class='ocrx_word' id='word_1_238' title='bbox 148 3116 210 3176; x_wconf 81' lang='grc' dir='ltr'>ὃς</span> <span class='ocrx_word' id='word_1_239' title='bbox 245 3115 398 3179; x_wconf 79' lang='grc' dir='ltr'>ὅπως</span> <span class='ocrx_word' id='word_1_240' title='bbox 450 3116 713 3189; x_wconf 79' lang='grc' dir='ltr'>διερῤἀγη</span> <span class='ocrx_word' id='word_1_241' title='bbox 758 3118 816 3183; x_wconf 79' lang='grc' dir='ltr'><strong>ἐξ</strong></span> <span class='ocrx_word' id='word_1_242' title='bbox 856 3118 1154 3189; x_wconf 85' lang='grc' dir='ltr'>αἱρετικῶν</span> <span class='ocrx_word' id='word_1_243' title='bbox 1208 3138 1371 3174; x_wconf 88' lang='grc' dir='ltr'>τινων</span> <span class='ocrx_word' id='word_1_244' title='bbox 1429 3122 1738 3175; x_wconf 78' lang='grc' dir='ltr'>ὑποθέσεων</span> 
     </span>
    </p>
   </div>
   <div class='ocr_carea' id='block_1_37' title="bbox 148 3204 1740 3282">
    <p class='ocr_par' dir='ltr' id='par_1_37' title="bbox 148 3204 1740 3282">
     <span class='ocr_line' id='line_1_37' title="bbox 148 3204 1740 3282; baseline 0.004 -23"><span class='ocrx_word' id='word_1_245' title='bbox 148 3206 248 3259; x_wconf 87' lang='grc' dir='ltr'><strong>τοῦ</strong></span> <span class='ocrx_word' id='word_1_246' title='bbox 300 3204 552 3277; x_wconf 86' lang='grc' dir='ltr'>σώματος</span> <span class='ocrx_word' id='word_1_247' title='bbox 582 3208 683 3277; x_wconf 82' lang='grc' dir='ltr'>τῆς</span> <span class='ocrx_word' id='word_1_248' title='bbox 725 3208 1079 3279; x_wconf 87' lang='grc' dir='ltr'>Ἐκκλησίας,</span> <span class='ocrx_word' id='word_1_249' title='bbox 1130 3213 1294 3274; x_wconf 80' lang='grc' dir='ltr'>αὐτὸς</span> <span class='ocrx_word' id='word_1_250' title='bbox 1334 3212 1492 3282; x_wconf 80' lang='grc' dir='ltr'>ἡμῶν</span> <span class='ocrx_word' id='word_1_251' title='bbox 1539 3212 1740 3282; x_wconf 84' lang='grc' dir='ltr'>μᾶλλον</span> 
     </span>
    </p>
   </div>
   <div class='ocr_carea' id='block_1_38' title="bbox 150 3297 1741 3374">
    <p class='ocr_par' dir='ltr' id='par_1_38' title="bbox 150 3297 1741 3374">
     <span class='ocr_line' id='line_1_38' title="bbox 150 3297 1741 3374; baseline 0.006 -26"><span class='ocrx_word' id='word_1_252' title='bbox 150 3297 475 3362; x_wconf 78' lang='grc' dir='ltr'>ἐπίστασαι,</span> <span class='ocrx_word' id='word_1_253' title='bbox 506 3298 828 3367; x_wconf 84' lang='grc' dir='ltr'>τιμιώτατε.</span> <span class='ocrx_word' id='word_1_254' title='bbox 881 3300 1028 3370; x_wconf 80' lang='grc' dir='ltr'>Πλὴν</span> <span class='ocrx_word' id='word_1_255' title='bbox 1079 3302 1161 3355; x_wconf 86' lang='grc' dir='ltr'>ὅτι</span> <span class='ocrx_word' id='word_1_256' title='bbox 1207 3302 1302 3355; x_wconf 73' lang='grc' dir='ltr'><strong>καὶ</strong></span> <span class='ocrx_word' id='word_1_257' title='bbox 1338 3305 1498 3374; x_wconf 76' lang='grc' dir='ltr'>ἡμεῖς</span> <span class='ocrx_word' id='word_1_258' title='bbox 1533 3303 1741 3374; x_wconf 86' lang='grc' dir='ltr'>προπέ-</span> 
     </span>
    </p>
   </div>
   <div class='ocr_carea' id='block_1_39' title="bbox 1906 1178 3421 1253">
    <p class='ocr_par' dir='ltr' id='par_1_39' title="bbox 1906 1178 3421 1253">
     <span class='ocr_line' id='line_1_39' title="bbox 1906 1178 3421 1253; baseline 0.004 -21"><span class='ocrx_word' id='word_1_259' title='bbox 1906 1178 1963 1232; x_wconf 87' lang='lat' dir='ltr'><strong>Si</strong></span> <span class='ocrx_word' id='word_1_260' title='bbox 1993 1179 2301 1247; x_wconf 87' lang='lat' dir='ltr'><strong>jucundum</strong></span> <span class='ocrx_word' id='word_1_261' title='bbox 2330 1182 2713 1250; x_wconf 79' lang='lat' dir='ltr'><strong>Spectaculum</strong></span> <span class='ocrx_word' id='word_1_262' title='bbox 2732 1182 2935 1237; x_wconf 90' lang='lat' dir='ltr'><strong>viderit</strong></span> <span class='ocrx_word' id='word_1_263' title='bbox 2963 1182 3263 1253; x_wconf 81' lang='lat' dir='ltr'><strong>quispiam,</strong></span> <span class='ocrx_word' id='word_1_264' title='bbox 3291 1184 3421 1247; x_wconf 87' lang='lat' dir='ltr'><strong>hoc,</strong></span> 
     </span>
    </p>
   </div>
   <div class='ocr_carea' id='block_1_40' title="bbox 1832 1275 3420 1345">
    <p class='ocr_par' dir='ltr' id='par_1_40' title="bbox 1832 1275 3420 1345">
     <span class='ocr_line' id='line_1_40' title="bbox 1832 1275 3420 1345; baseline 0.004 -21"><span class='ocrx_word' id='word_1_265' title='bbox 1832 1279 1887 1325; x_wconf 91' lang='lat' dir='ltr'><strong>et</strong></span> <span class='ocrx_word' id='word_1_266' title='bbox 1907 1281 2199 1341; x_wconf 84' lang='lat' dir='ltr'><strong>postquam</strong></span> <span class='ocrx_word' id='word_1_267' title='bbox 2234 1275 2546 1338; x_wconf 88' lang='lat' dir='ltr'><strong>recesserit,</strong></span> <span class='ocrx_word' id='word_1_268' title='bbox 2574 1275 2763 1329; x_wconf 90' lang='lat' dir='ltr'><strong>animo</strong></span> <span class='ocrx_word' id='word_1_269' title='bbox 2790 1291 3007 1345; x_wconf 84' lang='lat' dir='ltr'><strong>semper</strong></span> <span class='ocrx_word' id='word_1_270' title='bbox 3030 1275 3234 1331; x_wconf 90' lang='lat' dir='ltr'><strong>intueri</strong></span> <span class='ocrx_word' id='word_1_271' title='bbox 3259 1278 3420 1333; x_wconf 89' lang='lat' dir='ltr'><strong>solet.</strong></span> 
     </span>
    </p>
   </div>
   <div class='ocr_carea' id='block_1_41' title="bbox 1840 1358 3422 1435">
    <p class='ocr_par' dir='ltr' id='par_1_41' title="bbox 1840 1358 3422 1435">
     <span class='ocr_line' id='line_1_41' title="bbox 1840 1358 3422 1435; baseline 0.005 -20"><span class='ocrx_word' id='word_1_272' title='bbox 1840 1358 1936 1416; x_wconf 89' lang='lat' dir='ltr'><strong>Sic</strong></span> <span class='ocrx_word' id='word_1_273' title='bbox 1970 1362 2139 1431; x_wconf 80' lang='lat' dir='ltr'><strong>igitur</strong></span> <span class='ocrx_word' id='word_1_274' title='bbox 2166 1370 2219 1416; x_wconf 91' lang='lat' dir='ltr'><strong>et</strong></span> <span class='ocrx_word' id='word_1_275' title='bbox 2248 1378 2351 1420; x_wconf 92' lang='lat' dir='ltr'><strong>nos</strong></span> <span class='ocrx_word' id='word_1_276' title='bbox 2405 1364 2667 1430; x_wconf 84' lang='lat' dir='ltr'><strong>humiles,</strong></span> <span class='ocrx_word' id='word_1_277' title='bbox 2700 1365 2785 1419; x_wconf 90' lang='lat' dir='ltr'><strong>vir</strong></span> <span class='ocrx_word' id='word_1_278' title='bbox 2812 1381 2842 1420; x_wconf 84' lang='lat' dir='ltr'><strong>a</strong></span> <span class='ocrx_word' id='word_1_279' title='bbox 2884 1366 2997 1421; x_wconf 88' lang='lat' dir='ltr'><strong>Deo</strong></span> <span class='ocrx_word' id='word_1_280' title='bbox 3042 1367 3330 1435; x_wconf 81' lang='lat' dir='ltr'><strong>honorate,</strong></span> <span class='ocrx_word' id='word_1_281' title='bbox 3355 1385 3422 1423; x_wconf 76' lang='lat' dir='ltr'><strong>ex</strong></span> 
     </span>
    </p>
   </div>
   <div class='ocr_carea' id='block_1_42' title="bbox 1834 1455 3427 1526">
    <p class='ocr_par' dir='ltr' id='par_1_42' title="bbox 1834 1455 3427 1526">
     <span class='ocr_line' id='line_1_42' title="bbox 1834 1455 3427 1526; baseline 0.004 -19"><span class='ocrx_word' id='word_1_282' title='bbox 1834 1468 1946 1522; x_wconf 91' lang='lat' dir='ltr'><strong>quo</strong></span> <span class='ocrx_word' id='word_1_283' title='bbox 1971 1462 2026 1508; x_wconf 93' lang='lat' dir='ltr'><strong>te</strong></span> <span class='ocrx_word' id='word_1_284' title='bbox 2056 1455 2226 1509; x_wconf 90' lang='lat' dir='ltr'><strong>semel</strong></span> <span class='ocrx_word' id='word_1_285' title='bbox 2259 1456 2502 1510; x_wconf 82' lang='lat' dir='ltr'><strong>vidimus</strong></span> <span class='ocrx_word' id='word_1_286' title='bbox 2533 1466 2587 1512; x_wconf 92' lang='lat' dir='ltr'><strong>et</strong></span> <span class='ocrx_word' id='word_1_287' title='bbox 2636 1457 2806 1512; x_wconf 88' lang='lat' dir='ltr'><strong>locuti</strong></span> <span class='ocrx_word' id='word_1_288' title='bbox 2838 1468 3021 1513; x_wconf 88' lang='lat' dir='ltr'><strong>tecum</strong></span> <span class='ocrx_word' id='word_1_289' title='bbox 3064 1476 3282 1526; x_wconf 88' lang='lat' dir='ltr'><strong>sumus,</strong></span> <span class='ocrx_word' id='word_1_290' title='bbox 3316 1461 3427 1515; x_wconf 79' lang='lat' dir='ltr'><strong>mi-</strong></span> 
     </span>
    </p>
   </div>
   <div class='ocr_carea' id='block_1_43' title="bbox 1836 1544 3421 1620">
    <p class='ocr_par' dir='ltr' id='par_1_43' title="bbox 1836 1544 3421 1620">
     <span class='ocr_line' id='line_1_43' title="bbox 1836 1544 3421 1620; baseline 0.007 -24"><span class='ocrx_word' id='word_1_291' title='bbox 1836 1544 1987 1598; x_wconf 88' lang='lat' dir='ltr'><strong>nime</strong></span> <span class='ocrx_word' id='word_1_292' title='bbox 2016 1544 2174 1599; x_wconf 87' lang='lat' dir='ltr'><strong>obliti</strong></span> <span class='ocrx_word' id='word_1_293' title='bbox 2206 1561 2423 1611; x_wconf 89' lang='lat' dir='ltr'><strong>sumus;</strong></span> <span class='ocrx_word' id='word_1_294' title='bbox 2467 1547 2565 1602; x_wconf 89' lang='lat' dir='ltr'><strong>sed</strong></span> <span class='ocrx_word' id='word_1_295' title='bbox 2591 1551 2923 1619; x_wconf 89' lang='lat' dir='ltr'><strong>impressum</strong></span> <span class='ocrx_word' id='word_1_296' title='bbox 2952 1551 3122 1604; x_wconf 89' lang='lat' dir='ltr'><strong>menti</strong></span> <span class='ocrx_word' id='word_1_297' title='bbox 3154 1552 3421 1620; x_wconf 87' lang='lat' dir='ltr'><strong>gerimus,</strong></span> 
     </span>
    </p>
   </div>
   <div class='ocr_carea' id='block_1_44' title="bbox 1839 1634 3421 1711">
    <p class='ocr_par' dir='ltr' id='par_1_44' title="bbox 1839 1634 3421 1711">
     <span class='ocr_line' id='line_1_44' title="bbox 1839 1634 3421 1711; baseline 0.004 -21"><span class='ocrx_word' id='word_1_298' title='bbox 1839 1634 1993 1690; x_wconf 91' lang='lat' dir='ltr'><strong>illum</strong></span> <span class='ocrx_word' id='word_1_299' title='bbox 2022 1641 2200 1707; x_wconf 88' lang='lat' dir='ltr'><strong>ipsum</strong></span> <span class='ocrx_word' id='word_1_300' title='bbox 2225 1640 2411 1696; x_wconf 91' lang='lat' dir='ltr'><strong>videre</strong></span> <span class='ocrx_word' id='word_1_301' title='bbox 2430 1642 2723 1711; x_wconf 80' lang='lat' dir='ltr'><strong>gestientes</strong></span> <span class='ocrx_word' id='word_1_302' title='bbox 2751 1644 3029 1698; x_wconf 86' lang='lat' dir='ltr'><strong>hominem</strong></span> <span class='ocrx_word' id='word_1_303' title='bbox 3049 1643 3166 1711; x_wconf 90' lang='lat' dir='ltr'><strong>Dei,</strong></span> <span class='ocrx_word' id='word_1_304' title='bbox 3191 1655 3247 1700; x_wconf 91' lang='lat' dir='ltr'><strong>ct</strong></span> <span class='ocrx_word' id='word_1_305' title='bbox 3272 1646 3421 1698; x_wconf 85' lang='lat' dir='ltr'><strong>vultu</strong></span> 
     </span>
    </p>
   </div>
   <div class='ocr_carea' id='block_1_45' title="bbox 1835 1729 3424 1804">
    <p class='ocr_par' dir='ltr' id='par_1_45' title="bbox 1835 1729 3424 1804">
     <span class='ocr_line' id='line_1_45' title="bbox 1835 1729 3424 1804; baseline 0.006 -23"><span class='ocrx_word' id='word_1_306' title='bbox 1835 1733 1892 1781; x_wconf 85' lang='lat' dir='ltr'><strong>et</strong></span> <span class='ocrx_word' id='word_1_307' title='bbox 1929 1729 2116 1785; x_wconf 85' lang='lat' dir='ltr'><strong>verbis</strong></span> <span class='ocrx_word' id='word_1_308' title='bbox 2179 1730 2421 1786; x_wconf 81' lang='lat' dir='ltr'><strong>divinam</strong></span> <span class='ocrx_word' id='word_1_309' title='bbox 2480 1734 2714 1799; x_wconf 80' lang='lat' dir='ltr'><strong>gratiam</strong></span> <span class='ocrx_word' id='word_1_310' title='bbox 2754 1736 3082 1804; x_wconf 87' lang='lat' dir='ltr'><strong>spirantem,</strong></span> <span class='ocrx_word' id='word_1_311' title='bbox 3116 1745 3172 1791; x_wconf 89' lang='lat' dir='ltr'><strong>et</strong></span> <span class='ocrx_word' id='word_1_312' title='bbox 3230 1737 3296 1791; x_wconf 90' lang='lat' dir='ltr'><strong>ad</strong></span> <span class='ocrx_word' id='word_1_313' title='bbox 3331 1736 3424 1791; x_wconf 86' lang='lat' dir='ltr'><strong>Dei</strong></span> 
     </span>
    </p>
   </div>
   <div class='ocr_carea' id='block_1_46' title="bbox 1837 1819 3424 1898">
    <p class='ocr_par' dir='ltr' id='par_1_46' title="bbox 1837 1819 3424 1898">
     <span class='ocr_line' id='line_1_46' title="bbox 1837 1819 3424 1898; baseline 0.006 -25"><span class='ocrx_word' id='word_1_314' title='bbox 1837 1819 2029 1877; x_wconf 85' lang='lat' dir='ltr'><strong>laudes</strong></span> <span class='ocrx_word' id='word_1_315' title='bbox 2063 1822 2407 1879; x_wconf 89' lang='lat' dir='ltr'><strong>incitantem.</strong></span> <span class='ocrx_word' id='word_1_316' title='bbox 2445 1826 2563 1881; x_wconf 79' lang='lat' dir='ltr'><strong>Hoc</strong></span> <span class='ocrx_word' id='word_1_317' title='bbox 2588 1842 2722 1881; x_wconf 93' lang='lat' dir='ltr'><strong>vero</strong></span> <span class='ocrx_word' id='word_1_318' title='bbox 2753 1828 2982 1898; x_wconf 88' lang='lat' dir='ltr'><strong>adeptus</strong></span> <span class='ocrx_word' id='word_1_319' title='bbox 3032 1844 3092 1885; x_wconf 87' lang='lat' dir='ltr'><strong>es</strong></span> <span class='ocrx_word' id='word_1_320' title='bbox 3141 1831 3424 1884; x_wconf 84' lang='lat' dir='ltr'><strong>eremitica</strong></span> 
     </span>
    </p>
   </div>
   <div class='ocr_carea' id='block_1_47' title="bbox 1837 1914 3427 1992">
    <p class='ocr_par' dir='ltr' id='par_1_47' title="bbox 1837 1914 3427 1992">
     <span class='ocr_line' id='line_1_47' title="bbox 1837 1914 3427 1992; baseline 0.005 -23"><span class='ocrx_word' id='word_1_321' title='bbox 1837 1914 2157 1983; x_wconf 86' lang='lat' dir='ltr'><strong>solitudine,</strong></span> <span class='ocrx_word' id='word_1_322' title='bbox 2192 1928 2247 1972; x_wconf 89' lang='lat' dir='ltr'><strong>et</strong></span> <span class='ocrx_word' id='word_1_323' title='bbox 2288 1918 2555 1974; x_wconf 82' lang='lat' dir='ltr'><strong>orationis</strong></span> <span class='ocrx_word' id='word_1_324' title='bbox 2591 1920 3052 1990; x_wconf 80' lang='lat' dir='ltr'><strong>frequentatione,</strong></span> <span class='ocrx_word' id='word_1_325' title='bbox 3088 1922 3287 1977; x_wconf 87' lang='lat' dir='ltr'><strong>faciem</strong></span> <span class='ocrx_word' id='word_1_326' title='bbox 3333 1939 3427 1992; x_wconf 87' lang='lat' dir='ltr'><strong>ge-</strong></span> 
     </span>
    </p>
   </div>
   <div class='ocr_carea' id='block_1_48' title="bbox 1842 2008 3424 2083">
    <p class='ocr_par' dir='ltr' id='par_1_48' title="bbox 1842 2008 3424 2083">
     <span class='ocr_line' id='line_1_48' title="bbox 1842 2008 3424 2083; baseline 0.003 -23"><span class='ocrx_word' id='word_1_327' title='bbox 1842 2021 1971 2062; x_wconf 89' lang='lat' dir='ltr'><strong>rens</strong></span> <span class='ocrx_word' id='word_1_328' title='bbox 2016 2008 2218 2081; x_wconf 83' lang='lat' dir='ltr'><strong>Moysis</strong></span> <span class='ocrx_word' id='word_1_329' title='bbox 2261 2010 2437 2066; x_wconf 90' lang='lat' dir='ltr'><strong>instar</strong></span> <span class='ocrx_word' id='word_1_330' title='bbox 2483 2011 2748 2066; x_wconf 65' lang='lat' dir='ltr'><strong>ineffabili</strong></span> <span class='ocrx_word' id='word_1_331' title='bbox 2789 2013 2913 2069; x_wconf 91' lang='lat' dir='ltr'><strong>luce</strong></span> <span class='ocrx_word' id='word_1_332' title='bbox 2960 2015 3424 2083; x_wconf 89' lang='lat' dir='ltr'><strong>resplendentem.</strong></span> 
     </span>
    </p>
   </div>
   <div class='ocr_carea' id='block_1_49' title="bbox 1842 2099 3427 2176">
    <p class='ocr_par' dir='ltr' id='par_1_49' title="bbox 1842 2099 3427 2176">
     <span class='ocr_line' id='line_1_49' title="bbox 1842 2099 3427 2176; baseline 0.002 -20"><span class='ocrx_word' id='word_1_333' title='bbox 1842 2099 2111 2167; x_wconf 85' lang='lat' dir='ltr'><strong>Quocirca</strong></span> <span class='ocrx_word' id='word_1_334' title='bbox 2145 2113 2199 2158; x_wconf 92' lang='lat' dir='ltr'><strong>et</strong></span> <span class='ocrx_word' id='word_1_335' title='bbox 2238 2102 2434 2158; x_wconf 89' lang='lat' dir='ltr'><strong>iterum</strong></span> <span class='ocrx_word' id='word_1_336' title='bbox 2461 2103 2661 2159; x_wconf 92' lang='lat' dir='ltr'><strong>intueri</strong></span> <span class='ocrx_word' id='word_1_337' title='bbox 2717 2114 2767 2159; x_wconf 94' lang='lat' dir='ltr'><strong>te</strong></span> <span class='ocrx_word' id='word_1_338' title='bbox 2789 2106 3066 2174; x_wconf 91' lang='lat' dir='ltr'><strong>cupimus,</strong></span> <span class='ocrx_word' id='word_1_339' title='bbox 3128 2114 3184 2160; x_wconf 91' lang='lat' dir='ltr'><strong>et</strong></span> <span class='ocrx_word' id='word_1_340' title='bbox 3239 2106 3427 2176; x_wconf 63' lang='lat' dir='ltr'><strong>gratiae</strong></span> 
     </span>
    </p>
   </div>
   <div class='ocr_carea' id='block_1_50' title="bbox 1839 2194 3425 2265">
    <p class='ocr_par' dir='ltr' id='par_1_50' title="bbox 1839 2194 3425 2265">
     <span class='ocr_line' id='line_1_50' title="bbox 1839 2194 3425 2265; baseline 0.001 -17"><span class='ocrx_word' id='word_1_341' title='bbox 1839 2194 2109 2249; x_wconf 92' lang='lat' dir='ltr'><strong>donorum</strong></span> <span class='ocrx_word' id='word_1_342' title='bbox 2141 2210 2261 2263; x_wconf 72' lang='lat' dir='ltr'><strong>qua:</strong></span> <span class='ocrx_word' id='word_1_343' title='bbox 2284 2196 2337 2249; x_wconf 91' lang='lat' dir='ltr'><strong>in</strong></span> <span class='ocrx_word' id='word_1_344' title='bbox 2367 2206 2417 2250; x_wconf 91' lang='lat' dir='ltr'><strong>te</strong></span> <span class='ocrx_word' id='word_1_345' title='bbox 2443 2206 2572 2251; x_wconf 92' lang='lat' dir='ltr'><strong>sunt</strong></span> <span class='ocrx_word' id='word_1_346' title='bbox 2614 2195 2911 2265; x_wconf 86' lang='lat' dir='ltr'><strong>participes</strong></span> <span class='ocrx_word' id='word_1_347' title='bbox 2943 2197 3081 2262; x_wconf 82' lang='lat' dir='ltr'><strong>fieri,</strong></span> <span class='ocrx_word' id='word_1_348' title='bbox 3117 2212 3183 2251; x_wconf 88' lang='lat' dir='ltr'><strong>ac</strong></span> <span class='ocrx_word' id='word_1_349' title='bbox 3216 2198 3425 2252; x_wconf 84' lang='lat' dir='ltr'><strong>sancti—</strong></span> 
     </span>
    </p>
   </div>
   <div class='ocr_carea' id='block_1_51' title="bbox 1840 2287 3423 2357">
    <p class='ocr_par' dir='ltr' id='par_1_51' title="bbox 1840 2287 3423 2357">
     <span class='ocr_line' id='line_1_51' title="bbox 1840 2287 3423 2357; baseline 0.001 -16"><span class='ocrx_word' id='word_1_350' title='bbox 1840 2287 1969 2341; x_wconf 87' lang='lat' dir='ltr'><strong>tatis</strong></span> <span class='ocrx_word' id='word_1_351' title='bbox 2007 2302 2174 2357; x_wconf 90' lang='lat' dir='ltr'><strong>quam</strong></span> <span class='ocrx_word' id='word_1_352' title='bbox 2225 2296 2281 2343; x_wconf 89' lang='lat' dir='ltr'><strong>tu</strong></span> <span class='ocrx_word' id='word_1_353' title='bbox 2330 2304 2361 2342; x_wconf 90' lang='lat' dir='ltr'><strong>a</strong></span> <span class='ocrx_word' id='word_1_354' title='bbox 2406 2289 2542 2352; x_wconf 90' lang='lat' dir='ltr'><strong>Deo,</strong></span> <span class='ocrx_word' id='word_1_355' title='bbox 2598 2304 2701 2343; x_wconf 92' lang='lat' dir='ltr'><strong>nos</strong></span> <span class='ocrx_word' id='word_1_356' title='bbox 2753 2288 2852 2343; x_wconf 90' lang='lat' dir='ltr'><strong>abs</strong></span> <span class='ocrx_word' id='word_1_357' title='bbox 2895 2296 2967 2354; x_wconf 86' lang='lat' dir='ltr'><strong>te,</strong></span> <span class='ocrx_word' id='word_1_358' title='bbox 3010 2289 3196 2343; x_wconf 91' lang='lat' dir='ltr'><strong>minus</strong></span> <span class='ocrx_word' id='word_1_359' title='bbox 3240 2298 3423 2343; x_wconf 79' lang='lat' dir='ltr'><strong>tamen</strong></span> 
     </span>
    </p>
   </div>
   <div class='ocr_carea' id='block_1_52' title="bbox 1839 2378 3421 2451">
    <p class='ocr_par' dir='ltr' id='par_1_52' title="bbox 1839 2378 3421 2451">
     <span class='ocr_line' id='line_1_52' title="bbox 1839 2378 3421 2451; baseline 0.002 -18"><span class='ocrx_word' id='word_1_360' title='bbox 1839 2395 2005 2449; x_wconf 82' lang='lat' dir='ltr'><strong>quant</strong></span> <span class='ocrx_word' id='word_1_361' title='bbox 2037 2389 2243 2450; x_wconf 89' lang='lat' dir='ltr'><strong>quanta</strong></span> <span class='ocrx_word' id='word_1_362' title='bbox 2274 2380 2330 2435; x_wconf 90' lang='lat' dir='ltr'><strong>in</strong></span> <span class='ocrx_word' id='word_1_363' title='bbox 2365 2390 2417 2435; x_wconf 91' lang='lat' dir='ltr'><strong>te</strong></span> <span class='ocrx_word' id='word_1_364' title='bbox 2470 2389 2573 2443; x_wconf 86' lang='lat' dir='ltr'><strong>est,</strong></span> <span class='ocrx_word' id='word_1_365' title='bbox 2630 2381 2977 2435; x_wconf 86' lang='lat' dir='ltr'><strong>hauriemus.</strong></span> <span class='ocrx_word' id='word_1_366' title='bbox 3020 2378 3187 2436; x_wconf 77' lang='lat' dir='ltr'><strong>Vides</strong></span> <span class='ocrx_word' id='word_1_367' title='bbox 3216 2393 3421 2451; x_wconf 86' lang='lat' dir='ltr'><strong>quanta</strong></span> 
     </span>
    </p>
   </div>
   <div class='ocr_carea' id='block_1_53' title="bbox 1842 2471 3422 2546">
    <p class='ocr_par' dir='ltr' id='par_1_53' title="bbox 1842 2471 3422 2546">
     <span class='ocr_line' id='line_1_53' title="bbox 1842 2471 3422 2546; baseline 0.001 -19"><span class='ocrx_word' id='word_1_368' title='bbox 1842 2482 1895 2528; x_wconf 92' lang='lat' dir='ltr'><strong>te</strong></span> <span class='ocrx_word' id='word_1_369' title='bbox 1928 2471 2074 2528; x_wconf 91' lang='lat' dir='ltr'><strong>Deus</strong></span> <span class='ocrx_word' id='word_1_370' title='bbox 2099 2474 2274 2544; x_wconf 83' lang='lat' dir='ltr'><strong>gloria</strong></span> <span class='ocrx_word' id='word_1_371' title='bbox 2330 2472 2595 2538; x_wconf 72' lang='lat' dir='ltr'><strong>aﬂeccrit,</strong></span> <span class='ocrx_word' id='word_1_372' title='bbox 2626 2474 2904 2543; x_wconf 83' lang='lat' dir='ltr'><strong>quoniam</strong></span> <span class='ocrx_word' id='word_1_373' title='bbox 2944 2484 3003 2529; x_wconf 89' lang='lat' dir='ltr'><strong>tu</strong></span> <span class='ocrx_word' id='word_1_374' title='bbox 3059 2475 3212 2529; x_wconf 89' lang='lat' dir='ltr'><strong>illum</strong></span> <span class='ocrx_word' id='word_1_375' title='bbox 3251 2476 3422 2546; x_wconf 80' lang='lat' dir='ltr'><strong>gloria</strong></span> 
     </span>
    </p>
   </div>
   <div class='ocr_carea' id='block_1_54' title="bbox 1841 2567 3428 2637">
    <p class='ocr_par' dir='ltr' id='par_1_54' title="bbox 1841 2567 3428 2637">
     <span class='ocr_line' id='line_1_54' title="bbox 1841 2567 3428 2637; baseline 0 -16"><span class='ocrx_word' id='word_1_376' title='bbox 1841 2567 2110 2623; x_wconf 69' lang='lat' dir='ltr'><strong>aﬂ‘ecisti?</strong></span> <span class='ocrx_word' id='word_1_377' title='bbox 2164 2568 2344 2637; x_wconf 85' lang='lat' dir='ltr'><strong>Atque</strong></span> <span class='ocrx_word' id='word_1_378' title='bbox 2384 2569 2594 2621; x_wconf 88' lang='lat' dir='ltr'><strong>utinam</strong></span> <span class='ocrx_word' id='word_1_379' title='bbox 2632 2582 2834 2622; x_wconf 89' lang='lat' dir='ltr'><strong>ornare</strong></span> <span class='ocrx_word' id='word_1_380' title='bbox 2876 2577 2927 2621; x_wconf 87' lang='lat' dir='ltr'><strong>te</strong></span> <span class='ocrx_word' id='word_1_381' title='bbox 2980 2578 3175 2637; x_wconf 79' lang='lat' dir='ltr'><strong>pergat</strong></span> <span class='ocrx_word' id='word_1_382' title='bbox 3223 2570 3275 2622; x_wconf 94' lang='lat' dir='ltr'><strong>in</strong></span> <span class='ocrx_word' id='word_1_383' title='bbox 3320 2568 3428 2622; x_wconf 84' lang='lat' dir='ltr'><strong>ﬁne</strong></span> 
     </span>
    </p>
   </div>
   <div class='ocr_carea' id='block_1_55' title="bbox 1842 2658 3427 2729">
    <p class='ocr_par' dir='ltr' id='par_1_55' title="bbox 1842 2658 3427 2729">
     <span class='ocr_line' id='line_1_55' title="bbox 1842 2658 3427 2729; baseline -0.001 -16"><span class='ocrx_word' id='word_1_384' title='bbox 1842 2661 1986 2725; x_wconf 61' lang='lat' dir='ltr'><strong>vitae,</strong></span> <span class='ocrx_word' id='word_1_385' title='bbox 2007 2661 2342 2715; x_wconf 89' lang='lat' dir='ltr'><strong>curriculum</strong></span> <span class='ocrx_word' id='word_1_386' title='bbox 2364 2668 2423 2713; x_wconf 91' lang='lat' dir='ltr'><strong>ut</strong></span> <span class='ocrx_word' id='word_1_387' title='bbox 2445 2675 2543 2725; x_wconf 87' lang='lat' dir='ltr'><strong>par</strong></span> <span class='ocrx_word' id='word_1_388' title='bbox 2565 2667 2648 2713; x_wconf 90' lang='lat' dir='ltr'><strong>est</strong></span> <span class='ocrx_word' id='word_1_389' title='bbox 2664 2658 3060 2714; x_wconf 77' lang='lat' dir='ltr'><strong>absolventent.</strong></span> <span class='ocrx_word' id='word_1_390' title='bbox 3078 2658 3158 2713; x_wconf 90' lang='lat' dir='ltr'><strong>Tu</strong></span> <span class='ocrx_word' id='word_1_391' title='bbox 3184 2677 3312 2715; x_wconf 87' lang='lat' dir='ltr'><strong>vero</strong></span> <span class='ocrx_word' id='word_1_392' title='bbox 3330 2676 3427 2729; x_wconf 85' lang='lat' dir='ltr'><strong>pro</strong></span> 
     </span>
    </p>
   </div>
   <div class='ocr_carea' id='block_1_56' title="bbox 1841 2748 3428 2819">
    <p class='ocr_par' dir='ltr' id='par_1_56' title="bbox 1841 2748 3428 2819">
     <span class='ocr_line' id='line_1_56' title="bbox 1841 2748 3428 2819; baseline -0.001 -15"><span class='ocrx_word' id='word_1_393' title='bbox 1841 2751 2001 2805; x_wconf 89' lang='lat' dir='ltr'><strong>nobis</strong></span> <span class='ocrx_word' id='word_1_394' title='bbox 2033 2764 2129 2803; x_wconf 90' lang='lat' dir='ltr'><strong>ora</strong></span> <span class='ocrx_word' id='word_1_395' title='bbox 2164 2750 2567 2819; x_wconf 88' lang='lat' dir='ltr'><strong>peccatoribus,</strong></span> <span class='ocrx_word' id='word_1_396' title='bbox 2618 2757 2678 2802; x_wconf 92' lang='lat' dir='ltr'><strong>ut</strong></span> <span class='ocrx_word' id='word_1_397' title='bbox 2729 2748 2813 2803; x_wconf 84' lang='lat' dir='ltr'><strong>vel</strong></span> <span class='ocrx_word' id='word_1_398' title='bbox 2842 2748 3173 2803; x_wconf 88' lang='lat' dir='ltr'><strong>inchoemus</strong></span> <span class='ocrx_word' id='word_1_399' title='bbox 3220 2751 3428 2803; x_wconf 84' lang='lat' dir='ltr'><strong>saluta-</strong></span> 
     </span>
    </p>
   </div>
   <div class='ocr_carea' id='block_1_57' title="bbox 1840 2842 3429 2912">
    <p class='ocr_par' dir='ltr' id='par_1_57' title="bbox 1840 2842 3429 2912">
     <span class='ocr_line' id='line_1_57' title="bbox 1840 2842 3429 2912; baseline -0.001 -16"><span class='ocrx_word' id='word_1_400' title='bbox 1840 2859 1958 2898; x_wconf 86' lang='lat' dir='ltr'><strong>rem</strong></span> <span class='ocrx_word' id='word_1_401' title='bbox 1988 2858 2252 2909; x_wconf 88' lang='lat' dir='ltr'><strong>cursum;</strong></span> <span class='ocrx_word' id='word_1_402' title='bbox 2284 2843 2486 2912; x_wconf 83' lang='lat' dir='ltr'><strong>quippe</strong></span> <span class='ocrx_word' id='word_1_403' title='bbox 2511 2843 2602 2912; x_wconf 89' lang='lat' dir='ltr'><strong>qui</strong></span> <span class='ocrx_word' id='word_1_404' title='bbox 2634 2857 2665 2895; x_wconf 91' lang='lat' dir='ltr'><strong>a</strong></span> <span class='ocrx_word' id='word_1_405' title='bbox 2691 2842 2800 2897; x_wconf 89' lang='lat' dir='ltr'><strong>Deo</strong></span> <span class='ocrx_word' id='word_1_406' title='bbox 2834 2842 2993 2911; x_wconf 91' lang='lat' dir='ltr'><strong>longe</strong></span> <span class='ocrx_word' id='word_1_407' title='bbox 3027 2842 3295 2896; x_wconf 87' lang='lat' dir='ltr'><strong>absumus</strong></span> <span class='ocrx_word' id='word_1_408' title='bbox 3332 2844 3429 2895; x_wconf 88' lang='lat' dir='ltr'><strong>ho-</strong></span> 
     </span>
    </p>
   </div>
   <div class='ocr_carea' id='block_1_58' title="bbox 1841 2933 3425 3009">
    <p class='ocr_par' dir='ltr' id='par_1_58' title="bbox 1841 2933 3425 3009">
     <span class='ocr_line' id='line_1_58' title="bbox 1841 2933 3425 3009; baseline -0.001 -20"><span class='ocrx_word' id='word_1_409' title='bbox 1841 2936 2109 2991; x_wconf 89' lang='lat' dir='ltr'><strong>munculi.</strong></span> <span class='ocrx_word' id='word_1_410' title='bbox 2142 2936 2322 3009; x_wconf 84' lang='lat' dir='ltr'><strong>Atque</strong></span> <span class='ocrx_word' id='word_1_411' title='bbox 2351 2936 2454 2989; x_wconf 90' lang='lat' dir='ltr'><strong>hoc</strong></span> <span class='ocrx_word' id='word_1_412' title='bbox 2481 2936 2718 3003; x_wconf 88' lang='lat' dir='ltr'><strong>primum</strong></span> <span class='ocrx_word' id='word_1_413' title='bbox 2748 2933 3021 2988; x_wconf 87' lang='lat' dir='ltr'><strong>orationis</strong></span> <span class='ocrx_word' id='word_1_414' title='bbox 3057 2937 3425 3003; x_wconf 76' lang='lat' dir='ltr'><strong>prepositttm.</strong></span> 
     </span>
    </p>
   </div>
   <div class='ocr_carea' id='block_1_59' title="bbox 1913 3026 3429 3097">
    <p class='ocr_par' dir='ltr' id='par_1_59' title="bbox 1913 3026 3429 3097">
     <span class='ocr_line' id='line_1_59' title="bbox 1913 3026 3429 3097; baseline 0 -17"><span class='ocrx_word' id='word_1_415' title='bbox 1913 3028 2198 3095; x_wconf 82' lang='lat' dir='ltr'><strong>Quodnam</strong></span> <span class='ocrx_word' id='word_1_416' title='bbox 2230 3028 2511 3083; x_wconf 89' lang='lat' dir='ltr'><strong>alterum?</strong></span> <span class='ocrx_word' id='word_1_417' title='bbox 2534 3028 2607 3082; x_wconf 89' lang='lat' dir='ltr'><strong>De</strong></span> <span class='ocrx_word' id='word_1_418' title='bbox 2636 3026 2966 3083; x_wconf 90' lang='lat' dir='ltr'><strong>Theoctisto</strong></span> <span class='ocrx_word' id='word_1_419' title='bbox 3020 3029 3246 3082; x_wconf 88' lang='lat' dir='ltr'><strong>eremita</strong></span> <span class='ocrx_word' id='word_1_420' title='bbox 3284 3044 3298 3080; x_wconf 92' lang='lat'><strong>:</strong></span> <span class='ocrx_word' id='word_1_421' title='bbox 3333 3028 3429 3097; x_wconf 88' lang='lat' dir='ltr'><strong>qui</strong></span> 
     </span>
    </p>
   </div>
   <div class='ocr_carea' id='block_1_60' title="bbox 1841 3120 3432 3192">
    <p class='ocr_par' dir='ltr' id='par_1_60' title="bbox 1841 3120 3432 3192">
     <span class='ocr_line' id='line_1_60' title="bbox 1841 3120 3432 3192; baseline -0.001 -17"><span class='ocrx_word' id='word_1_422' title='bbox 1841 3137 2081 3191; x_wconf 87' lang='lat' dir='ltr'><strong>quonam</strong></span> <span class='ocrx_word' id='word_1_423' title='bbox 2120 3122 2285 3177; x_wconf 90' lang='lat' dir='ltr'><strong>modo</strong></span> <span class='ocrx_word' id='word_1_424' title='bbox 2322 3137 2417 3191; x_wconf 91' lang='lat' dir='ltr'><strong>per</strong></span> <span class='ocrx_word' id='word_1_425' title='bbox 2449 3120 2744 3177; x_wconf 68' lang='lat' dir='ltr'><strong>haareticas</strong></span> <span class='ocrx_word' id='word_1_426' title='bbox 2792 3122 3059 3191; x_wconf 88' lang='lat' dir='ltr'><strong>quasdam</strong></span> <span class='ocrx_word' id='word_1_427' title='bbox 3097 3122 3432 3192; x_wconf 61' lang='lat' dir='ltr'><strong>quwStiones</strong></span> 
     </span>
    </p>
   </div>
   <div class='ocr_carea' id='block_1_61' title="bbox 1842 3212 3434 3283">
    <p class='ocr_par' dir='ltr' id='par_1_61' title="bbox 1842 3212 3434 3283">
     <span class='ocr_line' id='line_1_61' title="bbox 1842 3212 3434 3283; baseline 0.003 -17"><span class='ocrx_word' id='word_1_428' title='bbox 1842 3212 1911 3267; x_wconf 88' lang='lat' dir='ltr'><strong>ab</strong></span> <span class='ocrx_word' id='word_1_429' title='bbox 1945 3213 2208 3268; x_wconf 67' lang='lat' dir='ltr'><strong>Ecclesiae</strong></span> <span class='ocrx_word' id='word_1_430' title='bbox 2239 3227 2473 3282; x_wconf 88' lang='lat' dir='ltr'><strong>corpore</strong></span> <span class='ocrx_word' id='word_1_431' title='bbox 2503 3212 2755 3268; x_wconf 89' lang='lat' dir='ltr'><strong>divulsus</strong></span> <span class='ocrx_word' id='word_1_432' title='bbox 2796 3216 2886 3279; x_wconf 88' lang='lat' dir='ltr'><strong>sit,</strong></span> <span class='ocrx_word' id='word_1_433' title='bbox 2921 3215 3039 3283; x_wconf 90' lang='lat' dir='ltr'><strong>ipse</strong></span> <span class='ocrx_word' id='word_1_434' title='bbox 3074 3216 3215 3269; x_wconf 88' lang='lat' dir='ltr'><strong>nosti</strong></span> <span class='ocrx_word' id='word_1_435' title='bbox 3238 3214 3434 3271; x_wconf 85' lang='lat' dir='ltr'><strong>melius</strong></span> 
     </span>
    </p>
   </div>
   <div class='ocr_carea' id='block_1_62' title="bbox 1845 3305 3436 3376">
    <p class='ocr_par' dir='ltr' id='par_1_62' title="bbox 1845 3305 3436 3376">
     <span class='ocr_line' id='line_1_62' title="bbox 1845 3305 3436 3376; baseline 0 -18"><span class='ocrx_word' id='word_1_436' title='bbox 1845 3320 2010 3376; x_wconf 85' lang='lat' dir='ltr'><strong>quant</strong></span> <span class='ocrx_word' id='word_1_437' title='bbox 2056 3320 2179 3368; x_wconf 91' lang='lat' dir='ltr'><strong>nos,</strong></span> <span class='ocrx_word' id='word_1_438' title='bbox 2218 3305 2701 3360; x_wconf 88' lang='lat' dir='ltr'><strong>revercndissime.</strong></span> <span class='ocrx_word' id='word_1_439' title='bbox 2739 3305 2996 3359; x_wconf 84' lang='lat' dir='ltr'><strong>Attamen</strong></span> <span class='ocrx_word' id='word_1_440' title='bbox 3023 3314 3077 3360; x_wconf 92' lang='lat' dir='ltr'><strong>et</strong></span> <span class='ocrx_word' id='word_1_441' title='bbox 3107 3305 3209 3375; x_wconf 88' lang='lat' dir='ltr'><strong>ipsi</strong></span> <span class='ocrx_word' id='word_1_442' title='bbox 3262 3321 3436 3374; x_wconf 84' lang='lat' dir='ltr'><strong>nuper</strong></span> 
     </span>
    </p>
   </div>
   <div class='ocr_carea' id='block_1_63' title="bbox 156 3387 1740 3467">
    <p class='ocr_par' dir='ltr' id='par_1_63' title="bbox 156 3387 1738 3467">
     <span class='ocr_line' id='line_1_63' title="bbox 156 3387 1738 3467; baseline 0.006 -28"><span class='ocrx_word' id='word_1_443' title='bbox 156 3404 283 3458; x_wconf 90' lang='grc' dir='ltr'>ρυσι</span> <span class='ocrx_word' id='word_1_444' title='bbox 314 3387 717 3458; x_wconf 82' lang='grc' dir='ltr'>πλησιάσαντες</span> <span class='ocrx_word' id='word_1_445' title='bbox 748 3393 862 3453; x_wconf 87' lang='grc' dir='ltr'>τοῖς</span> <span class='ocrx_word' id='word_1_446' title='bbox 895 3390 1017 3444; x_wconf 89' lang='grc' dir='ltr'>καθ’</span> <span class='ocrx_word' id='word_1_447' title='bbox 1055 3393 1206 3463; x_wconf 81' lang='grc' dir='ltr'>ἡμᾶς</span> <span class='ocrx_word' id='word_1_448' title='bbox 1240 3392 1304 3465; x_wconf 81' lang='lat' dir='ltr'><strong>[&#39;f.</strong></span> <span class='ocrx_word' id='word_1_449' title='bbox 1334 3394 1501 3467; x_wconf 77' lang='grc' dir='ltr'>ὑμᾶς]</span> <span class='ocrx_word' id='word_1_450' title='bbox 1536 3395 1738 3448; x_wconf 83' lang='grc' dir='ltr'>ἐνδιαι-</span> 
     </span>
    </p>
   </div>
   <div class='ocr_carea' id='block_1_64' title="bbox 1846 3387 3433 3467">
    <p class='ocr_par' dir='ltr' id='par_1_64' title="bbox 1846 3395 3433 3459">
     <span class='ocr_line' id='line_1_64' title="bbox 1846 3395 3433 3459; baseline 0.002 -11"><span class='ocrx_word' id='word_1_451' title='bbox 1846 3396 1908 3449; x_wconf 88' lang='lat' dir='ltr'><strong>ad</strong></span> <span class='ocrx_word' id='word_1_452' title='bbox 1962 3395 2191 3450; x_wconf 78' lang='lat' dir='ltr'><strong>cellulas</strong></span> <span class='ocrx_word' id='word_1_453' title='bbox 2222 3404 2436 3451; x_wconf 84' lang='lat' dir='ltr'><strong>vestras</strong></span> <span class='ocrx_word' id='word_1_454' title='bbox 2487 3411 2620 3450; x_wconf 90' lang='lat' dir='ltr'><strong>cum</strong></span> <span class='ocrx_word' id='word_1_455' title='bbox 2652 3396 3023 3459; x_wconf 88' lang='lat' dir='ltr'><strong>venissemus,</strong></span> <span class='ocrx_word' id='word_1_456' title='bbox 3073 3396 3141 3450; x_wconf 88' lang='lat' dir='ltr'><strong>de</strong></span> <span class='ocrx_word' id='word_1_457' title='bbox 3192 3396 3433 3451; x_wconf 84' lang='lat' dir='ltr'><strong>hominis</strong></span> 
     </span>
    </p>
   </div>
   <div class='ocr_carea' id='block_1_65' title="bbox 151 3481 1739 3554">
    <p class='ocr_par' dir='ltr' id='par_1_65' title="bbox 151 3481 1739 3554">
     <span class='ocr_line' id='line_1_65' title="bbox 151 3481 1739 3554; baseline 0.004 -20"><span class='ocrx_word' id='word_1_458' title='bbox 151 3483 420 3551; x_wconf 87' lang='grc' dir='ltr'>τήμασιν,</span> <span class='ocrx_word' id='word_1_459' title='bbox 455 3481 797 3553; x_wconf 81' lang='grc' dir='ltr'>ἐξεμάθομεν</span> <span class='ocrx_word' id='word_1_460' title='bbox 826 3484 978 3554; x_wconf 85' lang='grc' dir='ltr'><strong>παρά</strong></span> <span class='ocrx_word' id='word_1_461' title='bbox 1014 3484 1124 3537; x_wconf 81' lang='grc' dir='ltr'><strong>τῶν</strong></span> <span class='ocrx_word' id='word_1_462' title='bbox 1161 3487 1380 3539; x_wconf 75' lang='grc' dir='ltr'>εἰδότων</span> <span class='ocrx_word' id='word_1_463' title='bbox 1420 3488 1489 3540; x_wconf 85' lang='grc' dir='ltr'><strong>τὰ</strong></span> <span class='ocrx_word' id='word_1_464' title='bbox 1515 3487 1609 3541; x_wconf 86' lang='grc' dir='ltr'><strong>τοῦ</strong></span> <span class='ocrx_word' id='word_1_465' title='bbox 1642 3490 1739 3541; x_wconf 86' lang='grc' dir='ltr'>ἁν-</span> 
     </span>
    </p>
   </div>
   <div class='ocr_carea' id='block_1_66' title="bbox 151 3574 1741 3651">
    <p class='ocr_par' dir='ltr' id='par_1_66' title="bbox 151 3574 1741 3651">
     <span class='ocr_line' id='line_1_66' title="bbox 151 3574 1741 3651; baseline 0.003 -24"><span class='ocrx_word' id='word_1_466' title='bbox 151 3574 302 3645; x_wconf 82' lang='grc' dir='ltr'>δρὸς.</span> <span class='ocrx_word' id='word_1_467' title='bbox 339 3576 414 3627; x_wconf 81' lang='grc' dir='ltr'><strong>Οὐ</strong></span> <span class='ocrx_word' id='word_1_468' title='bbox 444 3575 551 3646; x_wconf 86' lang='grc' dir='ltr'>μὴν</span> <span class='ocrx_word' id='word_1_469' title='bbox 580 3574 714 3628; x_wconf 88' lang='grc' dir='ltr'><strong>ἀλλά</strong></span> <span class='ocrx_word' id='word_1_470' title='bbox 745 3577 837 3629; x_wconf 76' lang='grc' dir='ltr'><strong>καὶ</strong></span> <span class='ocrx_word' id='word_1_471' title='bbox 866 3576 953 3628; x_wconf 70' lang='grc' dir='ltr'><strong>διὰ</strong></span> <span class='ocrx_word' id='word_1_472' title='bbox 974 3580 1323 3647; x_wconf 79' lang='grc' dir='ltr'>γραμμάτων</span> <span class='ocrx_word' id='word_1_473' title='bbox 1346 3581 1741 3651; x_wconf 80' lang='grc' dir='ltr'>ὑπεμνήσαμεν</span> 
     </span>
    </p>
   </div>
   <div class='ocr_carea' id='block_1_67' title="bbox 154 3668 1741 3739">
    <p class='ocr_par' dir='ltr' id='par_1_67' title="bbox 154 3668 1741 3739">
     <span class='ocr_line' id='line_1_67' title="bbox 154 3668 1741 3739; baseline 0.002 -18"><span class='ocrx_word' id='word_1_474' title='bbox 154 3669 252 3721; x_wconf 80' lang='grc' dir='ltr'><strong>καὶ</strong></span> <span class='ocrx_word' id='word_1_475' title='bbox 285 3668 740 3739; x_wconf 82' lang='grc' dir='ltr'>παρεκαλέσαμεν</span> <span class='ocrx_word' id='word_1_476' title='bbox 761 3668 1098 3737; x_wconf 81' lang='grc' dir='ltr'>ἀποσχέσθαι</span> <span class='ocrx_word' id='word_1_477' title='bbox 1124 3670 1286 3723; x_wconf 80' lang='grc' dir='ltr'>αὐτὸν</span> <span class='ocrx_word' id='word_1_478' title='bbox 1314 3672 1423 3723; x_wconf 84' lang='grc' dir='ltr'>τῶν</span> <span class='ocrx_word' id='word_1_479' title='bbox 1451 3672 1741 3725; x_wconf 84' lang='grc' dir='ltr'>σκοτεινῶν</span> 
     </span>
    </p>
   </div>
   <div class='ocr_carea' id='block_1_68' title="bbox 153 3759 1743 3833">
    <p class='ocr_par' dir='ltr' id='par_1_68' title="bbox 153 3759 1743 3833">
     <span class='ocr_line' id='line_1_68' title="bbox 153 3759 1743 3833; baseline 0.003 -21"><span class='ocrx_word' id='word_1_480' title='bbox 153 3759 385 3812; x_wconf 82' lang='grc' dir='ltr'>ἐκείνων</span> <span class='ocrx_word' id='word_1_481' title='bbox 414 3760 507 3813; x_wconf 81' lang='grc' dir='ltr'><strong>καὶ</strong></span> <span class='ocrx_word' id='word_1_482' title='bbox 538 3759 933 3830; x_wconf 83' lang='grc' dir='ltr'>δαιμονοποιῶν</span> <span class='ocrx_word' id='word_1_483' title='bbox 962 3761 1315 3833; x_wconf 81' lang='grc' dir='ltr'>φθεγμάτων,</span> <span class='ocrx_word' id='word_1_484' title='bbox 1353 3763 1655 3833; x_wconf 79' lang='grc' dir='ltr'>ὀρθοδοξεῖν</span> <span class='ocrx_word' id='word_1_485' title='bbox 1687 3765 1743 3817; x_wconf 78' lang='grc' dir='ltr'>δὲ</span> 
     </span>
    </p>
   </div>
   <div class='ocr_carea' id='block_1_69' title="bbox 159 3852 1743 3923">
    <p class='ocr_par' dir='ltr' id='par_1_69' title="bbox 159 3852 1743 3923">
     <span class='ocr_line' id='line_1_69' title="bbox 159 3852 1743 3923; baseline 0.004 -19"><span class='ocrx_word' id='word_1_486' title='bbox 159 3852 364 3923; x_wconf 78' lang='grc' dir='ltr'>μᾶλλον</span> <span class='ocrx_word' id='word_1_487' title='bbox 384 3852 476 3906; x_wconf 88' lang='grc' dir='ltr'><strong>ἐπί</strong></span> <span class='ocrx_word' id='word_1_488' title='bbox 503 3870 563 3906; x_wconf 89' lang='grc' dir='ltr'><strong>τε</strong></span> <span class='ocrx_word' id='word_1_489' title='bbox 584 3854 682 3923; x_wconf 84' lang='grc' dir='ltr'>τῆς</span> <span class='ocrx_word' id='word_1_490' title='bbox 712 3852 986 3922; x_wconf 83' lang='grc' dir='ltr'>παναγὶας</span> <span class='ocrx_word' id='word_1_491' title='bbox 1001 3856 1289 3921; x_wconf 83' lang='grc' dir='ltr'>Θεοτόκου,</span> <span class='ocrx_word' id='word_1_492' title='bbox 1318 3859 1413 3910; x_wconf 78' lang='grc' dir='ltr'><strong>καὶ</strong></span> <span class='ocrx_word' id='word_1_493' title='bbox 1437 3858 1545 3911; x_wconf 84' lang='grc' dir='ltr'><strong>τῶν</strong></span> <span class='ocrx_word' id='word_1_494' title='bbox 1567 3857 1743 3911; x_wconf 83' lang='grc' dir='ltr'>ἄλλων</span> 
     </span>
    </p>
   </div>
   <div class='ocr_carea' id='block_1_70' title="bbox 153 3941 1744 4018">
    <p class='ocr_par' dir='ltr' id='par_1_70' title="bbox 153 3941 1744 4018">
     <span class='ocr_line' id='line_1_70' title="bbox 153 3941 1744 4018; baseline 0.003 -21"><span class='ocrx_word' id='word_1_495' title='bbox 153 3944 399 4016; x_wconf 85' lang='grc' dir='ltr'>τρόπων.</span> <span class='ocrx_word' id='word_1_496' title='bbox 434 3943 551 3998; x_wconf 87' lang='grc' dir='ltr'><strong>Νῦν</strong></span> <span class='ocrx_word' id='word_1_497' title='bbox 575 3941 669 3998; x_wconf 80' lang='grc' dir='ltr'><strong>οὖν</strong></span> <span class='ocrx_word' id='word_1_498' title='bbox 701 3945 961 4018; x_wconf 78' lang='grc' dir='ltr'>Νικάνωρ</span> <span class='ocrx_word' id='word_1_499' title='bbox 986 3949 1015 4001; x_wconf 90' lang='grc' dir='ltr'>ὁ</span> <span class='ocrx_word' id='word_1_500' title='bbox 1053 3949 1323 4018; x_wconf 75' lang='grc' dir='ltr'>ἡμέτερος</span> <span class='ocrx_word' id='word_1_501' title='bbox 1354 3949 1582 4017; x_wconf 66' lang='grc' dir='ltr'>ἀδελφὸς</span> <span class='ocrx_word' id='word_1_502' title='bbox 1627 3966 1744 4018; x_wconf 83' lang='grc' dir='ltr'>φοι-</span> 
     </span>
    </p>
   </div>
   <div class='ocr_carea' id='block_1_71' title="bbox 152 4037 1744 4111">
    <p class='ocr_par' dir='ltr' id='par_1_71' title="bbox 152 4037 1744 4111">
     <span class='ocr_line' id='line_1_71' title="bbox 152 4037 1744 4111; baseline 0.004 -22"><span class='ocrx_word' id='word_1_503' title='bbox 152 4038 332 4108; x_wconf 78' lang='grc' dir='ltr'>τήσας</span> <span class='ocrx_word' id='word_1_504' title='bbox 371 4037 512 4107; x_wconf 89' lang='grc' dir='ltr'>πρὸς</span> <span class='ocrx_word' id='word_1_505' title='bbox 541 4038 710 4108; x_wconf 78' lang='grc' dir='ltr'>ἡμᾶς,</span> <span class='ocrx_word' id='word_1_506' title='bbox 748 4039 1085 4111; x_wconf 78' lang='grc' dir='ltr'>ἀπήγγειλεν</span> <span class='ocrx_word' id='word_1_507' title='bbox 1132 4040 1309 4093; x_wconf 82' lang='grc' dir='ltr'>ἐλθεῖν</span> <span class='ocrx_word' id='word_1_508' title='bbox 1343 4042 1423 4104; x_wconf 82' lang='grc' dir='ltr'><strong>είς</strong></span> <span class='ocrx_word' id='word_1_509' title='bbox 1460 4042 1744 4110; x_wconf 85' lang='grc' dir='ltr'>μετάγνω-</span> 
     </span>
    </p>
   </div>
   <div class='ocr_carea' id='block_1_72' title="bbox 156 4129 1741 4204">
    <p class='ocr_par' dir='ltr' id='par_1_72' title="bbox 156 4129 1741 4204">
     <span class='ocr_line' id='line_1_72' title="bbox 156 4129 1741 4204; baseline 0.003 -22"><span class='ocrx_word' id='word_1_510' title='bbox 156 4144 244 4183; x_wconf 85' lang='grc' dir='ltr'><strong>σιν</strong></span> <span class='ocrx_word' id='word_1_511' title='bbox 265 4130 361 4183; x_wconf 89' lang='grc' dir='ltr'><strong>τὸν</strong></span> <span class='ocrx_word' id='word_1_512' title='bbox 392 4129 582 4199; x_wconf 75' lang='grc' dir='ltr'>ἄνδρα,</span> <span class='ocrx_word' id='word_1_513' title='bbox 603 4134 696 4183; x_wconf 81' lang='grc' dir='ltr'><strong>καὶ</strong></span> <span class='ocrx_word' id='word_1_514' title='bbox 720 4130 924 4185; x_wconf 87' lang='grc' dir='ltr'>ἐθέλειν</span> <span class='ocrx_word' id='word_1_515' title='bbox 944 4135 1269 4204; x_wconf 83' lang='grc' dir='ltr'>όμοφρονεῖν</span> <span class='ocrx_word' id='word_1_516' title='bbox 1303 4135 1369 4204; x_wconf 81' lang='grc' dir='ltr'>τῇ</span> <span class='ocrx_word' id='word_1_517' title='bbox 1409 4133 1709 4203; x_wconf 65' lang='grc' dir='ltr'>Ἐκκλησία</span> <span class='ocrx_word' id='word_1_518' title='bbox 1727 4150 1741 4166; x_wconf 78' lang='grc' dir='ltr'><strong>ο</strong></span> 
     </span>
    </p>
   </div>
   <div class='ocr_carea' id='block_1_73' title="bbox 154 4222 1746 4296">
    <p class='ocr_par' dir='ltr' id='par_1_73' title="bbox 154 4222 1746 4296">
     <span class='ocr_line' id='line_1_73' title="bbox 154 4222 1746 4296; baseline 0.003 -21"><span class='ocrx_word' id='word_1_519' title='bbox 154 4224 345 4291; x_wconf 83' lang='grc' dir='ltr'>λέγειν</span> <span class='ocrx_word' id='word_1_520' title='bbox 382 4222 441 4275; x_wconf 87' lang='grc' dir='ltr'><strong>δέ</strong></span> <span class='ocrx_word' id='word_1_521' title='bbox 479 4224 614 4293; x_wconf 87' lang='grc' dir='ltr'><strong>μηδέ</strong></span> <span class='ocrx_word' id='word_1_522' title='bbox 664 4225 902 4295; x_wconf 83' lang='grc' dir='ltr'>γράμμα</span> <span class='ocrx_word' id='word_1_523' title='bbox 952 4225 1086 4296; x_wconf 86' lang='grc' dir='ltr'>ἐμὸν</span> <span class='ocrx_word' id='word_1_524' title='bbox 1141 4225 1445 4296; x_wconf 81' lang='grc' dir='ltr'>εἰληφέναι,</span> <span class='ocrx_word' id='word_1_525' title='bbox 1491 4227 1746 4280; x_wconf 79' lang='grc' dir='ltr'>ἀλλὰκαὶ</span> 
     </span>
    </p>
   </div>
   <div class='ocr_carea' id='block_1_74' title="bbox 153 4313 1742 4391">
    <p class='ocr_par' dir='ltr' id='par_1_74' title="bbox 153 4313 1742 4391">
     <span class='ocr_line' id='line_1_74' title="bbox 153 4313 1742 4391; baseline 0.002 -22"><span class='ocrx_word' id='word_1_526' title='bbox 153 4318 291 4386; x_wconf 84' lang='grc' dir='ltr'>ἐρᾷν</span> <span class='ocrx_word' id='word_1_527' title='bbox 314 4315 593 4381; x_wconf 79' lang='grc' dir='ltr'>δέξασθαι.</span> <span class='ocrx_word' id='word_1_528' title='bbox 646 4316 799 4369; x_wconf 78' lang='grc' dir='ltr'>Ἐπεὶ</span> <span class='ocrx_word' id='word_1_529' title='bbox 822 4313 939 4383; x_wconf 78' lang='grc' dir='ltr'>οὖν,</span> <span class='ocrx_word' id='word_1_530' title='bbox 977 4318 1162 4388; x_wconf 85' lang='grc' dir='ltr'>Πάτερ</span> <span class='ocrx_word' id='word_1_531' title='bbox 1218 4318 1362 4387; x_wconf 84' lang='grc' dir='ltr'>ἆγιε,</span> <span class='ocrx_word' id='word_1_532' title='bbox 1396 4320 1742 4391; x_wconf 78' lang='grc' dir='ltr'>γέγραπται·</span> 
     </span>
    </p>
   </div>
   <div class='ocr_carea' id='block_1_75' title="bbox 166 4408 1743 4479">
    <p class='ocr_par' dir='ltr' id='par_1_75' title="bbox 166 4408 1743 4479">
     <span class='ocr_line' id='line_1_75' title="bbox 166 4408 1743 4479; baseline 0.003 -19"><span class='ocrx_word' id='word_1_533' title='bbox 166 4408 234 4461; x_wconf 85' lang='lat'><strong>&#39;0</strong></span> <span class='ocrx_word' id='word_1_534' title='bbox 256 4408 492 4477; x_wconf 76' lang='grc' dir='ltr'>ἐξάγων</span> <span class='ocrx_word' id='word_1_535' title='bbox 515 4408 692 4473; x_wconf 80' lang='grc' dir='ltr'>ἄξιον</span> <span class='ocrx_word' id='word_1_536' title='bbox 715 4408 785 4473; x_wconf 78' lang='grc' dir='ltr'>ἐξ</span> <span class='ocrx_word' id='word_1_537' title='bbox 806 4410 1060 4475; x_wconf 79' lang='grc' dir='ltr'>ἀναξίου</span> <span class='ocrx_word' id='word_1_538' title='bbox 1086 4411 1166 4476; x_wconf 85' lang='grc' dir='ltr'>ὡς</span> <span class='ocrx_word' id='word_1_539' title='bbox 1186 4413 1381 4479; x_wconf 79' lang='grc' dir='ltr'>στόμα</span> <span class='ocrx_word' id='word_1_540' title='bbox 1404 4429 1525 4479; x_wconf 83' lang='grc' dir='ltr'><strong>μου</strong></span> <span class='ocrx_word' id='word_1_541' title='bbox 1550 4413 1743 4466; x_wconf 81' lang='grc' dir='ltr'>ἕσται.</span> 
     </span>
    </p>
   </div>
   <div class='ocr_carea' id='block_1_76' title="bbox 153 4503 1746 4577">
    <p class='ocr_par' dir='ltr' id='par_1_76' title="bbox 153 4503 1746 4577">
     <span class='ocr_line' id='line_1_76' title="bbox 153 4503 1746 4577; baseline 0.006 -20"><span class='ocrx_word' id='word_1_542' title='bbox 153 4503 294 4570; x_wconf 72' lang='grc' dir='ltr'>Καὶ,</span> <span class='ocrx_word' id='word_1_543' title='bbox 343 4503 405 4556; x_wconf 88' lang='grc' dir='ltr'><em>Ὅ</em></span> <span class='ocrx_word' id='word_1_544' title='bbox 449 4503 847 4574; x_wconf 68' lang='grc' dir='ltr'>ἀποστρέφων</span> <span class='ocrx_word' id='word_1_545' title='bbox 872 4507 1190 4576; x_wconf 80' lang='grc' dir='ltr'>ἄνθρωπον</span> <span class='ocrx_word' id='word_1_546' title='bbox 1228 4510 1296 4562; x_wconf 75' lang='grc' dir='ltr'>ἐκ</span> <span class='ocrx_word' id='word_1_547' title='bbox 1327 4510 1570 4577; x_wconf 79' lang='grc' dir='ltr'>πλάνης</span> <span class='ocrx_word' id='word_1_548' title='bbox 1601 4511 1746 4566; x_wconf 85' lang='grc' dir='ltr'>ὀδοῦ</span> 
     </span>
    </p>
   </div>
   <div class='ocr_carea' id='block_1_77' title="bbox 152 4596 1749 4672">
    <p class='ocr_par' dir='ltr' id='par_1_77' title="bbox 152 4596 1749 4672">
     <span class='ocr_line' id='line_1_77' title="bbox 152 4596 1749 4672; baseline 0.004 -22"><span class='ocrx_word' id='word_1_549' title='bbox 152 4596 372 4662; x_wconf 83' lang='grc' dir='ltr'>αὐτοῦ,</span> <span class='ocrx_word' id='word_1_550' title='bbox 404 4599 666 4666; x_wconf 73' lang='grc' dir='ltr'>καλύψει</span> <span class='ocrx_word' id='word_1_551' title='bbox 694 4598 929 4667; x_wconf 72' lang='grc' dir='ltr'>πλῆθος</span> <span class='ocrx_word' id='word_1_552' title='bbox 958 4600 1263 4668; x_wconf 79' lang='grc' dir='ltr'>αμαρτιῶν</span> <span class='ocrx_word' id='word_1_553' title='bbox 1288 4618 1302 4633; x_wconf 90' lang='grc'><strong>·</strong></span> <span class='ocrx_word' id='word_1_554' title='bbox 1335 4601 1417 4654; x_wconf 88' lang='grc' dir='ltr'>δεῖ</span> <span class='ocrx_word' id='word_1_555' title='bbox 1449 4602 1547 4672; x_wconf 80' lang='grc' dir='ltr'>τὴν</span> <span class='ocrx_word' id='word_1_556' title='bbox 1580 4605 1749 4671; x_wconf 83' lang='grc' dir='ltr'>ἁγιω-</span> 
     </span>
    </p>
   </div>
   <div class='ocr_carea' id='block_1_78' title="bbox 158 4690 1748 4767">
    <p class='ocr_par' dir='ltr' id='par_1_78' title="bbox 158 4690 1748 4767">
     <span class='ocr_line' id='line_1_78' title="bbox 158 4690 1748 4767; baseline 0.006 -26"><span class='ocrx_word' id='word_1_557' title='bbox 158 4690 330 4761; x_wconf 79' lang='grc' dir='ltr'>σύνην</span> <span class='ocrx_word' id='word_1_558' title='bbox 364 4707 459 4743; x_wconf 91' lang='grc' dir='ltr'><strong>σου</strong></span> <span class='ocrx_word' id='word_1_559' title='bbox 490 4691 862 4763; x_wconf 79' lang='grc' dir='ltr'>διαναστῆναι,</span> <span class='ocrx_word' id='word_1_560' title='bbox 891 4695 985 4748; x_wconf 70' lang='grc' dir='ltr'>καὶ</span> <span class='ocrx_word' id='word_1_561' title='bbox 1013 4693 1371 4764; x_wconf 68' lang='grc' dir='ltr'>δοῦναιχεῖρσι</span> <span class='ocrx_word' id='word_1_562' title='bbox 1398 4696 1650 4765; x_wconf 76' lang='grc' dir='ltr'>βοηθείας</span> <span class='ocrx_word' id='word_1_563' title='bbox 1672 4697 1748 4767; x_wconf 83' lang='grc' dir='ltr'>τῷ</span> 
     </span>
    </p>
   </div>
   <div class='ocr_carea' id='block_1_79' title="bbox 156 4783 1739 4863">
    <p class='ocr_par' dir='ltr' id='par_1_79' title="bbox 156 4783 1739 4863">
     <span class='ocr_line' id='line_1_79' title="bbox 156 4783 1739 4863; baseline 0.008 -30"><span class='ocrx_word' id='word_1_564' title='bbox 156 4783 527 4852; x_wconf 80' lang='grc' dir='ltr'>πλανωμένῳ.</span> <span class='ocrx_word' id='word_1_565' title='bbox 590 4785 680 4840; x_wconf 86' lang='grc' dir='ltr'>Ἐν</span> <span class='ocrx_word' id='word_1_566' title='bbox 710 4785 885 4855; x_wconf 85' lang='grc' dir='ltr'>τούτῳ</span> <span class='ocrx_word' id='word_1_567' title='bbox 949 4788 1057 4858; x_wconf 83' lang='grc' dir='ltr'>γὰρ</span> <span class='ocrx_word' id='word_1_568' title='bbox 1112 4786 1247 4840; x_wconf 89' lang='grc' dir='ltr'>Θεοῦ</span> <span class='ocrx_word' id='word_1_569' title='bbox 1308 4791 1568 4859; x_wconf 73' lang='grc' dir='ltr'>συνεργὸς</span> <span class='ocrx_word' id='word_1_570' title='bbox 1620 4791 1739 4863; x_wconf 78' lang='grc' dir='ltr'>ἔσῃ.</span> 
     </span>
    </p>
   </div>
   <div class='ocr_carea' id='block_1_80' title="bbox 160 4875 1744 4949">
    <p class='ocr_par' dir='ltr' id='par_1_80' title="bbox 160 4875 1744 4949">
     <span class='ocr_line' id='line_1_80' title="bbox 160 4875 1744 4949; baseline 0.007 -22"><span class='ocrx_word' id='word_1_571' title='bbox 160 4877 359 4928; x_wconf 81' lang='grc' dir='ltr'>Ἔσται</span> <span class='ocrx_word' id='word_1_572' title='bbox 389 4876 445 4929; x_wconf 84' lang='grc' dir='ltr'>δὲ</span> <span class='ocrx_word' id='word_1_573' title='bbox 470 4875 631 4930; x_wconf 83' lang='grc' dir='ltr'>τοῦτο</span> <span class='ocrx_word' id='word_1_574' title='bbox 665 4878 821 4946; x_wconf 82' lang='grc' dir='ltr'><strong>πῶς;</strong></span> <span class='ocrx_word' id='word_1_575' title='bbox 870 4879 959 4932; x_wconf 82' lang='grc' dir='ltr'><strong>ἵνα</strong></span> <span class='ocrx_word' id='word_1_576' title='bbox 981 4879 1261 4949; x_wconf 85' lang='grc' dir='ltr'>δηλώματι</span> <span class='ocrx_word' id='word_1_577' title='bbox 1308 4882 1453 4945; x_wconf 63' lang='lat' dir='ltr'><strong>dior;</strong></span> <span class='ocrx_word' id='word_1_578' title='bbox 1493 4883 1584 4935; x_wconf 80' lang='grc' dir='ltr'><strong>τὸν</strong></span> <span class='ocrx_word' id='word_1_579' title='bbox 1614 4884 1744 4938; x_wconf 84' lang='grc' dir='ltr'>Θεό-</span> 
     </span>
    </p>
   </div>
   <div class='ocr_carea' id='block_1_81' title="bbox 157 4968 1740 5042">
    <p class='ocr_par' dir='ltr' id='par_1_81' title="bbox 157 4968 1740 5042">
     <span class='ocr_line' id='line_1_81' title="bbox 157 4968 1740 5042; baseline 0.006 -23"><span class='ocrx_word' id='word_1_580' title='bbox 157 4983 383 5020; x_wconf 89' lang='grc' dir='ltr'>κτιστον</span> <span class='ocrx_word' id='word_1_581' title='bbox 400 4968 539 5038; x_wconf 87' lang='grc' dir='ltr'>πρὸς</span> <span class='ocrx_word' id='word_1_582' title='bbox 574 4970 656 5032; x_wconf 84' lang='grc' dir='ltr'><strong>σὲ,</strong></span> <span class='ocrx_word' id='word_1_583' title='bbox 689 4969 867 5033; x_wconf 80' lang='grc' dir='ltr'>εἴποις</span> <span class='ocrx_word' id='word_1_584' title='bbox 900 4987 959 5022; x_wconf 88' lang='grc' dir='ltr'><strong>τε</strong></span> <span class='ocrx_word' id='word_1_585' title='bbox 1005 4972 1099 5024; x_wconf 74' lang='grc' dir='ltr'><strong>καὶ</strong></span> <span class='ocrx_word' id='word_1_586' title='bbox 1120 4970 1408 5042; x_wconf 81' lang='grc' dir='ltr'>διαλεχθῇς</span> <span class='ocrx_word' id='word_1_587' title='bbox 1438 4975 1505 5027; x_wconf 81' lang='grc' dir='ltr'><strong>τά</strong></span> <span class='ocrx_word' id='word_1_588' title='bbox 1534 4976 1740 5029; x_wconf 84' lang='grc' dir='ltr'>εἰκότα.</span> 
     </span>
    </p>
   </div>
   <div class='ocr_carea' id='block_1_82' title="bbox 164 5058 1744 5135">
    <p class='ocr_par' dir='ltr' id='par_1_82' title="bbox 164 5058 1744 5135">
     <span class='ocr_line' id='line_1_82' title="bbox 164 5058 1744 5135; baseline 0.004 -24"><span class='ocrx_word' id='word_1_589' title='bbox 164 5060 274 5111; x_wconf 77' lang='grc' dir='ltr'>Καὶ</span> <span class='ocrx_word' id='word_1_590' title='bbox 297 5060 346 5112; x_wconf 88' lang='grc' dir='ltr'><strong>εί</strong></span> <span class='ocrx_word' id='word_1_591' title='bbox 375 5061 474 5130; x_wconf 78' lang='grc' dir='ltr'>μὲν</span> <span class='ocrx_word' id='word_1_592' title='bbox 501 5058 682 5132; x_wconf 74' lang='grc' dir='ltr'>εὕροις</span> <span class='ocrx_word' id='word_1_593' title='bbox 703 5062 864 5115; x_wconf 78' lang='grc' dir='ltr'>αὑτὸν</span> <span class='ocrx_word' id='word_1_594' title='bbox 887 5063 1105 5115; x_wconf 75' lang='grc' dir='ltr'>εἴκοντα</span> <span class='ocrx_word' id='word_1_595' title='bbox 1129 5062 1206 5132; x_wconf 81' lang='grc' dir='ltr'>τῷ</span> <span class='ocrx_word' id='word_1_596' title='bbox 1226 5062 1353 5133; x_wconf 77' lang='grc' dir='ltr'>θείῳ</span> <span class='ocrx_word' id='word_1_597' title='bbox 1374 5063 1537 5135; x_wconf 81' lang='grc' dir='ltr'>λόγῳ,</span> <span class='ocrx_word' id='word_1_598' title='bbox 1570 5066 1744 5129; x_wconf 77' lang='grc' dir='ltr'>εἴποις</span> 
     </span>
    </p>
   </div>
   <div class='ocr_carea' id='block_1_83' title="bbox 159 5141 1745 5223">
    <p class='ocr_par' dir='ltr' id='par_1_83' title="bbox 159 5141 1745 5223">
     <span class='ocr_line' id='line_1_83' title="bbox 159 5141 1745 5223; baseline 0.003 -18"><span class='ocrx_word' id='word_1_599' title='bbox 159 5152 259 5205; x_wconf 77' lang='grc' dir='ltr'>καὶ</span> <span class='ocrx_word' id='word_1_600' title='bbox 288 5152 419 5223; x_wconf 75' lang='grc' dir='ltr'>περὶ</span> <span class='ocrx_word' id='word_1_601' title='bbox 450 5141 587 5222; x_wconf 87' lang='grc' dir='ltr'>ἐμοῦ</span> <span class='ocrx_word' id='word_1_602' title='bbox 619 5152 714 5206; x_wconf 90' lang='grc' dir='ltr'><strong>τοῦ</strong></span> <span class='ocrx_word' id='word_1_603' title='bbox 753 5155 1035 5215; x_wconf 85' lang='grc' dir='ltr'>ταπεινοῦ,</span> <span class='ocrx_word' id='word_1_604' title='bbox 1069 5157 1151 5208; x_wconf 81' lang='grc' dir='ltr'><strong>ὅτι</strong></span> <span class='ocrx_word' id='word_1_605' title='bbox 1193 5155 1272 5218; x_wconf 83' lang='grc' dir='ltr'><strong>είς</strong></span> <span class='ocrx_word' id='word_1_606' title='bbox 1304 5156 1435 5208; x_wconf 73' lang='grc' dir='ltr'>αὐτὸ</span> <span class='ocrx_word' id='word_1_607' title='bbox 1468 5157 1624 5208; x_wconf 84' lang='grc' dir='ltr'>τοῦτο</span> <span class='ocrx_word' id='word_1_608' title='bbox 1652 5176 1745 5210; x_wconf 85' lang='grc' dir='ltr'>κε-</span> 
     </span>
    </p>
   </div>
   <div class='ocr_carea' id='block_1_84' title="bbox 160 5243 1740 5317">
    <p class='ocr_par' dir='ltr' id='par_1_84' title="bbox 160 5243 1740 5317">
     <span class='ocr_line' id='line_1_84' title="bbox 160 5243 1740 5317; baseline 0.001 -20"><span class='ocrx_word' id='word_1_609' title='bbox 160 5246 393 5313; x_wconf 87' lang='grc' dir='ltr'>κίνημαι</span> <span class='ocrx_word' id='word_1_610' title='bbox 418 5243 589 5312; x_wconf 83' lang='grc' dir='ltr'>φιλῶν</span> <span class='ocrx_word' id='word_1_611' title='bbox 618 5246 716 5315; x_wconf 84' lang='grc' dir='ltr'><strong>τὴν</strong></span> <span class='ocrx_word' id='word_1_612' title='bbox 739 5248 1016 5317; x_wconf 81' lang='grc' dir='ltr'>σωτηρίαν</span> <span class='ocrx_word' id='word_1_613' title='bbox 1046 5245 1214 5298; x_wconf 84' lang='grc' dir='ltr'>αὐτοῦ</span> <span class='ocrx_word' id='word_1_614' title='bbox 1241 5260 1255 5273; x_wconf 88' lang='grc'><strong>·</strong></span> <span class='ocrx_word' id='word_1_615' title='bbox 1278 5246 1381 5298; x_wconf 77' lang='grc' dir='ltr'><strong>κᾶν</strong></span> <span class='ocrx_word' id='word_1_616' title='bbox 1404 5247 1740 5315; x_wconf 74' lang='grc' dir='ltr'>ὅοκιμάξοις,</span> 
     </span>
    </p>
   </div>
   <div class='ocr_carea' id='block_1_85' title="bbox 158 5334 1741 5407">
    <p class='ocr_par' dir='ltr' id='par_1_85' title="bbox 158 5334 1741 5407">
     <span class='ocr_line' id='line_1_85' title="bbox 158 5334 1741 5407; baseline 0 -18"><span class='ocrx_word' id='word_1_617' title='bbox 158 5338 189 5389; x_wconf 85' lang='grc' dir='ltr'>ὁ</span> <span class='ocrx_word' id='word_1_618' title='bbox 230 5335 445 5404; x_wconf 84' lang='grc' dir='ltr'>Πατὴρ,</span> <span class='ocrx_word' id='word_1_619' title='bbox 466 5336 720 5398; x_wconf 88' lang='grc' dir='ltr'>κάκεῖνος</span> <span class='ocrx_word' id='word_1_620' title='bbox 771 5338 891 5407; x_wconf 79' lang='grc' dir='ltr'>ἐρᾷ,</span> <span class='ocrx_word' id='word_1_621' title='bbox 940 5334 1234 5389; x_wconf 83' lang='grc' dir='ltr'>ἐπιστείλω</span> <span class='ocrx_word' id='word_1_622' title='bbox 1292 5336 1439 5405; x_wconf 74' lang='grc' dir='ltr'>αὐτῷ</span> <span class='ocrx_word' id='word_1_623' title='bbox 1485 5337 1741 5401; x_wconf 73' lang='grc' dir='ltr'>εὐθέτως,</span> 
     </span>
    </p>
   </div>
   <div class='ocr_carea' id='block_1_86' title="bbox 161 5427 1741 5499">
    <p class='ocr_par' dir='ltr' id='par_1_86' title="bbox 161 5427 1741 5499">
     <span class='ocr_line' id='line_1_86' title="bbox 161 5427 1741 5499; baseline 0.001 -20"><span class='ocrx_word' id='word_1_624' title='bbox 161 5427 308 5479; x_wconf 84' lang='grc' dir='ltr'>ὥστε</span> <span class='ocrx_word' id='word_1_625' title='bbox 334 5427 733 5499; x_wconf 79' lang='grc' dir='ltr'>ἀμφοτέρωθεν</span> <span class='ocrx_word' id='word_1_626' title='bbox 768 5428 1126 5497; x_wconf 77' lang='grc' dir='ltr'>ἑλκυσθῆναι,</span> <span class='ocrx_word' id='word_1_627' title='bbox 1168 5429 1263 5480; x_wconf 72' lang='grc' dir='ltr'><strong>καὶ</strong></span> <span class='ocrx_word' id='word_1_628' title='bbox 1296 5429 1624 5499; x_wconf 81' lang='grc' dir='ltr'>κερδηθῆναι</span> <span class='ocrx_word' id='word_1_629' title='bbox 1648 5431 1741 5481; x_wconf 73' lang='grc' dir='ltr'><strong>τὸν</strong></span> 
     </span>
    </p>
   </div>
   <div class='ocr_carea' id='block_1_87' title="bbox 159 5519 1742 5592">
    <p class='ocr_par' dir='ltr' id='par_1_87' title="bbox 159 5519 1742 5592">
     <span class='ocr_line' id='line_1_87' title="bbox 159 5519 1742 5592; baseline -0.001 -17"><span class='ocrx_word' id='word_1_630' title='bbox 159 5520 565 5590; x_wconf 82' lang='grc' dir='ltr'>ἀπολλύμενον.</span> <span class='ocrx_word' id='word_1_631' title='bbox 598 5520 770 5574; x_wconf 87' lang='grc' dir='ltr'>Τοῦτο</span> <span class='ocrx_word' id='word_1_632' title='bbox 798 5521 909 5592; x_wconf 85' lang='grc' dir='ltr'>γὰρ</span> <span class='ocrx_word' id='word_1_633' title='bbox 954 5521 1205 5590; x_wconf 76' lang='grc' dir='ltr'>βούλεται</span> <span class='ocrx_word' id='word_1_634' title='bbox 1241 5519 1394 5585; x_wconf 72' lang='grc' dir='ltr'>Θεὸς,</span> <span class='ocrx_word' id='word_1_635' title='bbox 1436 5523 1540 5573; x_wconf 70' lang='grc' dir='ltr'><strong>κᾶν</strong></span> <span class='ocrx_word' id='word_1_636' title='bbox 1584 5521 1742 5575; x_wconf 83' lang='grc' dir='ltr'>τοῦτο</span> 
     </span>
    </p>
   </div>
   <div class='ocr_carea' id='block_1_88' title="bbox 231 5635 1837 5704">
    <p class='ocr_par' dir='ltr' id='par_1_88' title="bbox 231 5635 1837 5704">
     <span class='ocr_line' id='line_1_88' title="bbox 231 5635 1837 5704; baseline 0.002 -11"><span class='ocrx_word' id='word_1_637' title='bbox 231 5636 281 5669; x_wconf 63' lang='grc'><strong>³⁵⁸</strong></span> <span class='ocrx_word' id='word_1_638' title='bbox 300 5635 508 5693; x_wconf 79' lang='lat' dir='ltr'><strong>Jerem.</strong></span> <span class='ocrx_word' id='word_1_639' title='bbox 534 5653 623 5702; x_wconf 70' lang='lat' dir='ltr'><strong>xv,</strong></span> <span class='ocrx_word' id='word_1_640' title='bbox 658 5637 746 5693; x_wconf 76' lang='lat' dir='ltr'><strong>l9.</strong></span> <span class='ocrx_word' id='word_1_641' title='bbox 823 5638 867 5703; x_wconf 56' lang='grc' dir='ltr'><strong>ἥδ</strong></span> <span class='ocrx_word' id='word_1_642' title='bbox 891 5636 1005 5692; x_wconf 72' lang='lat' dir='ltr'><strong>Jac.</strong></span> <span class='ocrx_word' id='word_1_643' title='bbox 1039 5655 1087 5700; x_wconf 86' lang='lat' dir='ltr'><strong>v,</strong></span> <span class='ocrx_word' id='word_1_644' title='bbox 1129 5636 1217 5689; x_wconf 71' lang='lat'><strong>‘20.</strong></span> <span class='ocrx_word' id='word_1_645' title='bbox 1301 5637 1547 5691; x_wconf 58' lang='lat' dir='ltr'><strong>“Matth.</strong></span> <span class='ocrx_word' id='word_1_646' title='bbox 1580 5640 1837 5704; x_wconf 73' lang='lat' dir='ltr'><strong>\vnt,15.</strong></span> 
     </span>
    </p>
   </div>
   <div class='ocr_carea' id='block_1_89' title="bbox 1845 3486 3434 3555">
    <p class='ocr_par' dir='ltr' id='par_1_89' title="bbox 1845 3486 3434 3555">
     <span class='ocr_line' id='line_1_89' title="bbox 1845 3486 3434 3555; baseline -0.002 -14"><span class='ocrx_word' id='word_1_647' title='bbox 1845 3487 2011 3542; x_wconf 89' lang='lat' dir='ltr'><strong>rebus</strong></span> <span class='ocrx_word' id='word_1_648' title='bbox 2052 3502 2118 3541; x_wconf 80' lang='lat' dir='ltr'><strong>ex</strong></span> <span class='ocrx_word' id='word_1_649' title='bbox 2156 3488 2224 3541; x_wconf 85' lang='lat' dir='ltr'><strong>iis</strong></span> <span class='ocrx_word' id='word_1_650' title='bbox 2271 3487 2363 3555; x_wconf 88' lang='lat' dir='ltr'><strong>qui</strong></span> <span class='ocrx_word' id='word_1_651' title='bbox 2420 3496 2690 3541; x_wconf 83' lang='lat' dir='ltr'><strong>noverant</strong></span> <span class='ocrx_word' id='word_1_652' title='bbox 2719 3487 3033 3541; x_wconf 82' lang='lat' dir='ltr'><strong>didicimus.</strong></span> <span class='ocrx_word' id='word_1_653' title='bbox 3088 3486 3233 3553; x_wconf 89' lang='lat' dir='ltr'><strong>Quin</strong></span> <span class='ocrx_word' id='word_1_654' title='bbox 3267 3488 3434 3541; x_wconf 90' lang='lat' dir='ltr'><strong>etiam</strong></span> 
     </span>
    </p>
   </div>
   <div class='ocr_carea' id='block_1_90' title="bbox 1845 3578 3441 3649">
    <p class='ocr_par' dir='ltr' id='par_1_90' title="bbox 1845 3578 3441 3649">
     <span class='ocr_line' id='line_1_90' title="bbox 1845 3578 3441 3649; baseline -0.002 -16"><span class='ocrx_word' id='word_1_655' title='bbox 1845 3596 1944 3649; x_wconf 89' lang='lat' dir='ltr'><strong>per</strong></span> <span class='ocrx_word' id='word_1_656' title='bbox 1976 3580 2188 3633; x_wconf 85' lang='lat' dir='ltr'><strong>litteras</strong></span> <span class='ocrx_word' id='word_1_657' title='bbox 2224 3578 2753 3634; x_wconf 82' lang='lat' dir='ltr'><strong>commonefecimus</strong></span> <span class='ocrx_word' id='word_1_658' title='bbox 2794 3580 3107 3648; x_wconf 83' lang='lat' dir='ltr'><strong>hortatique</strong></span> <span class='ocrx_word' id='word_1_659' title='bbox 3132 3595 3347 3646; x_wconf 88' lang='lat' dir='ltr'><strong>sumus,</strong></span> <span class='ocrx_word' id='word_1_660' title='bbox 3380 3589 3441 3631; x_wconf 91' lang='lat' dir='ltr'><strong>ut</strong></span> 
     </span>
    </p>
   </div>
   <div class='ocr_carea' id='block_1_91' title="bbox 1844 3671 3439 3726">
    <p class='ocr_par' dir='ltr' id='par_1_91' title="bbox 1844 3671 3439 3726">
     <span class='ocr_line' id='line_1_91' title="bbox 1844 3671 3439 3726; baseline -0.002 -2"><span class='ocrx_word' id='word_1_661' title='bbox 1844 3671 1914 3725; x_wconf 88' lang='lat' dir='ltr'><strong>ab</strong></span> <span class='ocrx_word' id='word_1_662' title='bbox 1962 3671 2323 3725; x_wconf 71' lang='lat' dir='ltr'><strong>tenebricosrs</strong></span> <span class='ocrx_word' id='word_1_663' title='bbox 2382 3671 2493 3724; x_wconf 89' lang='lat' dir='ltr'><strong>illis</strong></span> <span class='ocrx_word' id='word_1_664' title='bbox 2559 3682 2613 3725; x_wconf 86' lang='lat' dir='ltr'><strong>et.</strong></span> <span class='ocrx_word' id='word_1_665' title='bbox 2658 3671 3021 3725; x_wconf 64' lang='lat' dir='ltr'><strong>daemoniacis</strong></span> <span class='ocrx_word' id='word_1_666' title='bbox 3081 3673 3439 3726; x_wconf 59' lang='lat' dir='ltr'><strong>sermonibus</strong></span> 
     </span>
    </p>
   </div>
   <div class='ocr_carea' id='block_1_92' title="bbox 1846 3763 3440 3834">
    <p class='ocr_par' dir='ltr' id='par_1_92' title="bbox 1846 3763 3440 3834">
     <span class='ocr_line' id='line_1_92' title="bbox 1846 3763 3440 3834; baseline 0.001 -17"><span class='ocrx_word' id='word_1_667' title='bbox 1846 3764 2171 3827; x_wconf 84' lang='lat' dir='ltr'><strong>abstineret,</strong></span> <span class='ocrx_word' id='word_1_668' title='bbox 2235 3774 2289 3817; x_wconf 87' lang='lat' dir='ltr'><strong>et</strong></span> <span class='ocrx_word' id='word_1_669' title='bbox 2336 3763 2644 3819; x_wconf 84' lang='lat' dir='ltr'><strong>orthodoxe</strong></span> <span class='ocrx_word' id='word_1_670' title='bbox 2685 3765 2873 3834; x_wconf 88' lang='lat' dir='ltr'><strong>potius</strong></span> <span class='ocrx_word' id='word_1_671' title='bbox 2916 3766 3147 3819; x_wconf 83' lang='lat' dir='ltr'><strong>sentiret</strong></span> <span class='ocrx_word' id='word_1_672' title='bbox 3198 3776 3312 3819; x_wconf 89' lang='lat' dir='ltr'><strong>tum</strong></span> <span class='ocrx_word' id='word_1_673' title='bbox 3372 3766 3440 3819; x_wconf 91' lang='lat' dir='ltr'><strong>de</strong></span> 
     </span>
    </p>
   </div>
   <div class='ocr_carea' id='block_1_93' title="bbox 1848 3854 3439 3925">
    <p class='ocr_par' dir='ltr' id='par_1_93' title="bbox 1848 3854 3439 3925">
     <span class='ocr_line' id='line_1_93' title="bbox 1848 3854 3439 3925; baseline 0 -14"><span class='ocrx_word' id='word_1_674' title='bbox 1848 3855 2197 3911; x_wconf 77' lang='lat' dir='ltr'><strong>Sanctissima</strong></span> <span class='ocrx_word' id='word_1_675' title='bbox 2234 3854 2490 3925; x_wconf 85' lang='lat' dir='ltr'><strong>Deipara,</strong></span> <span class='ocrx_word' id='word_1_676' title='bbox 2524 3867 2638 3910; x_wconf 91' lang='lat' dir='ltr'><strong>tum</strong></span> <span class='ocrx_word' id='word_1_677' title='bbox 2694 3859 2760 3912; x_wconf 87' lang='lat' dir='ltr'><strong>de</strong></span> <span class='ocrx_word' id='word_1_678' title='bbox 2794 3857 2919 3912; x_wconf 89' lang='lat' dir='ltr'><strong>aliis</strong></span> <span class='ocrx_word' id='word_1_679' title='bbox 2950 3857 3248 3923; x_wconf 83' lang='lat' dir='ltr'><strong>capitibus.</strong></span> <span class='ocrx_word' id='word_1_680' title='bbox 3282 3856 3439 3911; x_wconf 84' lang='lat' dir='ltr'><strong>Nune</strong></span> 
     </span>
    </p>
   </div>
   <div class='ocr_carea' id='block_1_94' title="bbox 1847 3945 3441 4016">
    <p class='ocr_par' dir='ltr' id='par_1_94' title="bbox 1847 3945 3441 4016">
     <span class='ocr_line' id='line_1_94' title="bbox 1847 3945 3441 4016; baseline 0.001 -15"><span class='ocrx_word' id='word_1_681' title='bbox 1847 3962 1978 4016; x_wconf 88' lang='lat' dir='ltr'><strong>ergo</strong></span> <span class='ocrx_word' id='word_1_682' title='bbox 2041 3945 2284 4002; x_wconf 84' lang='lat' dir='ltr'><strong>Nicanor</strong></span> <span class='ocrx_word' id='word_1_683' title='bbox 2331 3946 2501 4002; x_wconf 83' lang='lat' dir='ltr'><strong>frater</strong></span> <span class='ocrx_word' id='word_1_684' title='bbox 2554 3964 2655 4003; x_wconf 88' lang='lat' dir='ltr'><strong>nos</strong></span> <span class='ocrx_word' id='word_1_685' title='bbox 2678 3959 2760 4003; x_wconf 86' lang='lat' dir='ltr'><strong>ter</strong></span> <span class='ocrx_word' id='word_1_686' title='bbox 2796 3951 2871 4003; x_wconf 88' lang='lat' dir='ltr'><strong>ad</strong></span> <span class='ocrx_word' id='word_1_687' title='bbox 2899 3964 2999 4004; x_wconf 88' lang='lat' dir='ltr'><strong>nos</strong></span> <span class='ocrx_word' id='word_1_688' title='bbox 3038 3951 3267 4003; x_wconf 87' lang='lat' dir='ltr'><strong>veniens</strong></span> <span class='ocrx_word' id='word_1_689' title='bbox 3300 3950 3441 4006; x_wconf 66' lang='lat' dir='ltr'><strong>resi»</strong></span> 
     </span>
    </p>
   </div>
   <div class='ocr_carea' id='block_1_95' title="bbox 1848 4041 3441 4111">
    <p class='ocr_par' dir='ltr' id='par_1_95' title="bbox 1848 4041 3441 4111">
     <span class='ocr_line' id='line_1_95' title="bbox 1848 4041 3441 4111; baseline 0.003 -18"><span class='ocrx_word' id='word_1_690' title='bbox 1848 4044 2035 4111; x_wconf 86' lang='lat' dir='ltr'><strong>puisse</strong></span> <span class='ocrx_word' id='word_1_691' title='bbox 2094 4041 2376 4095; x_wconf 82' lang='lat' dir='ltr'><strong>hominem</strong></span> <span class='ocrx_word' id='word_1_692' title='bbox 2438 4042 2799 4108; x_wconf 88' lang='lat' dir='ltr'><strong>renuntiavit,</strong></span> <span class='ocrx_word' id='word_1_693' title='bbox 2863 4043 3111 4111; x_wconf 76' lang='lat' dir='ltr'><strong>Velleque</strong></span> <span class='ocrx_word' id='word_1_694' title='bbox 3177 4043 3441 4098; x_wconf 62' lang='lat' dir='ltr'><strong>Ecclesiae</strong></span> 
     </span>
    </p>
   </div>
   <div class='ocr_carea' id='block_1_96' title="bbox 1847 4133 3441 4206">
    <p class='ocr_par' dir='ltr' id='par_1_96' title="bbox 1847 4133 3441 4206">
     <span class='ocr_line' id='line_1_96' title="bbox 1847 4133 3441 4206; baseline 0.002 -18"><span class='ocrx_word' id='word_1_695' title='bbox 1847 4133 2186 4196; x_wconf 89' lang='lat' dir='ltr'><strong>consentire,</strong></span> <span class='ocrx_word' id='word_1_696' title='bbox 2224 4148 2423 4201; x_wconf 87' lang='lat' dir='ltr'><strong>negare</strong></span> <span class='ocrx_word' id='word_1_697' title='bbox 2454 4142 2639 4187; x_wconf 90' lang='lat' dir='ltr'><strong>autem</strong></span> <span class='ocrx_word' id='word_1_698' title='bbox 2674 4149 2735 4187; x_wconf 88' lang='lat' dir='ltr'><strong>se</strong></span> <span class='ocrx_word' id='word_1_699' title='bbox 2767 4134 2978 4188; x_wconf 84' lang='lat' dir='ltr'><strong>litteras</strong></span> <span class='ocrx_word' id='word_1_700' title='bbox 3012 4150 3164 4190; x_wconf 83' lang='lat' dir='ltr'><strong>meas</strong></span> <span class='ocrx_word' id='word_1_701' title='bbox 3190 4138 3441 4206; x_wconf 84' lang='lat' dir='ltr'><strong>accepis-</strong></span> 
     </span>
    </p>
   </div>
   <div class='ocr_carea' id='block_1_97' title="bbox 1848 4221 3439 4292">
    <p class='ocr_par' dir='ltr' id='par_1_97' title="bbox 1848 4221 3439 4292">
     <span class='ocr_line' id='line_1_97' title="bbox 1848 4221 3439 4292; baseline 0.002 -15"><span class='ocrx_word' id='word_1_702' title='bbox 1848 4238 1949 4287; x_wconf 87' lang='lat' dir='ltr'><strong>se;</strong></span> <span class='ocrx_word' id='word_1_703' title='bbox 1984 4221 2080 4277; x_wconf 84' lang='lat' dir='ltr'><strong>sed</strong></span> <span class='ocrx_word' id='word_1_704' title='bbox 2112 4230 2169 4275; x_wconf 92' lang='lat' dir='ltr'><strong>et</strong></span> <span class='ocrx_word' id='word_1_705' title='bbox 2205 4221 2332 4275; x_wconf 89' lang='lat' dir='ltr'><strong>illas</strong></span> <span class='ocrx_word' id='word_1_706' title='bbox 2366 4232 2581 4291; x_wconf 84' lang='lat' dir='ltr'><strong>Optare.</strong></span> <span class='ocrx_word' id='word_1_707' title='bbox 2635 4222 2903 4289; x_wconf 84' lang='lat' dir='ltr'><strong>Quoniam</strong></span> <span class='ocrx_word' id='word_1_708' title='bbox 2961 4223 3127 4291; x_wconf 84' lang='lat' dir='ltr'><strong>igitur</strong></span> <span class='ocrx_word' id='word_1_709' title='bbox 3172 4227 3439 4292; x_wconf 87' lang='lat' dir='ltr'><strong>scriptum</strong></span> 
     </span>
    </p>
   </div>
   <div class='ocr_carea' id='block_1_98' title="bbox 1848 4313 3439 4389">
    <p class='ocr_par' dir='ltr' id='par_1_98' title="bbox 1848 4313 3439 4389">
     <span class='ocr_line' id='line_1_98' title="bbox 1848 4313 3439 4389; baseline 0.001 -19"><span class='ocrx_word' id='word_1_710' title='bbox 1848 4325 1953 4380; x_wconf 85' lang='lat' dir='ltr'><strong>est,</strong></span> <span class='ocrx_word' id='word_1_711' title='bbox 2007 4313 2169 4368; x_wconf 80' lang='lat' dir='ltr'><strong>Pater</strong></span> <span class='ocrx_word' id='word_1_712' title='bbox 2225 4324 2414 4368; x_wconf 86' lang='lat' dir='ltr'><strong>sancte</strong></span> <span class='ocrx_word' id='word_1_713' title='bbox 2449 4331 2463 4367; x_wconf 89' lang='lat'><strong>:</strong></span> <span class='ocrx_word' id='word_1_714' title='bbox 2505 4313 2610 4379; x_wconf 78' lang='lat' dir='ltr'><strong>Qui</strong></span> <span class='ocrx_word' id='word_1_715' title='bbox 2652 4315 2826 4367; x_wconf 79' lang='lat' dir='ltr'><strong>educit</strong></span> <span class='ocrx_word' id='word_1_716' title='bbox 2854 4316 3071 4385; x_wconf 83' lang='lat' dir='ltr'><strong>dignum</strong></span> <span class='ocrx_word' id='word_1_717' title='bbox 3103 4332 3168 4369; x_wconf 77' lang='lat' dir='ltr'><strong>ex</strong></span> <span class='ocrx_word' id='word_1_718' title='bbox 3199 4319 3439 4389; x_wconf 79' lang='lat' dir='ltr'><strong>indigno,</strong></span> 
     </span>
    </p>
   </div>
   <div class='ocr_carea' id='block_1_99' title="bbox 1848 4407 3442 4478">
    <p class='ocr_par' dir='ltr' id='par_1_99' title="bbox 1848 4407 3442 4478">
     <span class='ocr_line' id='line_1_99' title="bbox 1848 4407 3442 4478; baseline 0.001 -15"><span class='ocrx_word' id='word_1_719' title='bbox 1848 4409 1989 4463; x_wconf 80' lang='lat' dir='ltr'><strong>sicut</strong></span> <span class='ocrx_word' id='word_1_720' title='bbox 2012 4425 2067 4461; x_wconf 82' lang='lat' dir='ltr'><strong>os</strong></span> <span class='ocrx_word' id='word_1_721' title='bbox 2098 4423 2267 4460; x_wconf 87' lang='lat' dir='ltr'><strong>meum</strong></span> <span class='ocrx_word' id='word_1_722' title='bbox 2290 4409 2389 4461; x_wconf 82' lang='lat' dir='ltr'><strong>erit</strong></span> <span class='ocrx_word' id='word_1_723' title='bbox 2424 4408 2489 4472; x_wconf 76' lang='lat'><strong>“,</strong></span> <span class='ocrx_word' id='word_1_724' title='bbox 2538 4416 2592 4462; x_wconf 88' lang='lat' dir='ltr'><strong>ct</strong></span> <span class='ocrx_word' id='word_1_725' title='bbox 2622 4425 2635 4459; x_wconf 90' lang='lat'><strong>:</strong></span> <span class='ocrx_word' id='word_1_726' title='bbox 2675 4407 2780 4472; x_wconf 80' lang='lat' dir='ltr'><strong>Qui</strong></span> <span class='ocrx_word' id='word_1_727' title='bbox 2799 4410 3030 4461; x_wconf 75' lang='lat' dir='ltr'><strong>converti</strong></span> <span class='ocrx_word' id='word_1_728' title='bbox 3053 4408 3236 4478; x_wconf 76' lang='lat' dir='ltr'><strong>fecerit</strong></span> <span class='ocrx_word' id='word_1_729' title='bbox 3271 4412 3442 4464; x_wconf 83' lang='lat' dir='ltr'><strong>Itami-</strong></span> 
     </span>
    </p>
   </div>
   <div class='ocr_carea' id='block_1_100' title="bbox 1851 4500 3441 4569">
    <p class='ocr_par' dir='ltr' id='par_1_100' title="bbox 1851 4500 3441 4569">
     <span class='ocr_line' id='line_1_100' title="bbox 1851 4500 3441 4569; baseline 0.002 -16"><span class='ocrx_word' id='word_1_730' title='bbox 1851 4517 1967 4555; x_wconf 85' lang='lat' dir='ltr'><strong>nem</strong></span> <span class='ocrx_word' id='word_1_731' title='bbox 1997 4500 2060 4553; x_wconf 91' lang='lat' dir='ltr'><strong>ab</strong></span> <span class='ocrx_word' id='word_1_732' title='bbox 2091 4515 2270 4553; x_wconf 84' lang='lat' dir='ltr'><strong>errore</strong></span> <span class='ocrx_word' id='word_1_733' title='bbox 2287 4500 2385 4553; x_wconf 70' lang='lat' dir='ltr'><strong>vim</strong></span> <span class='ocrx_word' id='word_1_734' title='bbox 2418 4515 2548 4563; x_wconf 68' lang='lat' dir='ltr'><strong>sum,</strong></span> <span class='ocrx_word' id='word_1_735' title='bbox 2587 4501 2781 4569; x_wconf 83' lang='lat' dir='ltr'><strong>aperiet</strong></span> <span class='ocrx_word' id='word_1_736' title='bbox 2804 4500 3200 4554; x_wconf 80' lang='lat' dir='ltr'><strong>multitudinem</strong></span> <span class='ocrx_word' id='word_1_737' title='bbox 3252 4520 3441 4566; x_wconf 82' lang='lat' dir='ltr'><strong>pecca-</strong></span> 
     </span>
    </p>
   </div>
   <div class='ocr_carea' id='block_1_101' title="bbox 1851 4591 3442 4662">
    <p class='ocr_par' dir='ltr' id='par_1_101' title="bbox 1851 4591 3442 4662">
     <span class='ocr_line' id='line_1_101' title="bbox 1851 4591 3442 4662; baseline 0.002 -17"><span class='ocrx_word' id='word_1_738' title='bbox 1851 4602 2026 4645; x_wconf 87' lang='lat' dir='ltr'><strong>torum</strong></span> <span class='ocrx_word' id='word_1_739' title='bbox 2058 4594 2136 4656; x_wconf 70' lang='lat' dir='ltr'><strong>u‘;</strong></span> <span class='ocrx_word' id='word_1_740' title='bbox 2198 4591 2549 4643; x_wconf 86' lang='lat' dir='ltr'><strong>sanctitatem</strong></span> <span class='ocrx_word' id='word_1_741' title='bbox 2586 4605 2733 4644; x_wconf 83' lang='lat' dir='ltr'><strong>tuam</strong></span> <span class='ocrx_word' id='word_1_742' title='bbox 2767 4607 3063 4659; x_wconf 78' lang='lat' dir='ltr'><strong>exsurgere</strong></span> <span class='ocrx_word' id='word_1_743' title='bbox 3094 4604 3331 4662; x_wconf 89' lang='lat' dir='ltr'><strong>oportet,</strong></span> <span class='ocrx_word' id='word_1_744' title='bbox 3385 4606 3442 4648; x_wconf 86' lang='lat' dir='ltr'><strong>et</strong></span> 
     </span>
    </p>
   </div>
   <div class='ocr_carea' id='block_1_102' title="bbox 1853 4680 3438 4748">
    <p class='ocr_par' dir='ltr' id='par_1_102' title="bbox 1853 4680 3438 4748">
     <span class='ocr_line' id='line_1_102' title="bbox 1853 4680 3438 4748; baseline 0.001 -15"><span class='ocrx_word' id='word_1_745' title='bbox 1853 4681 2040 4733; x_wconf 79' lang='lat' dir='ltr'><strong>auxilii</strong></span> <span class='ocrx_word' id='word_1_746' title='bbox 2082 4695 2301 4733; x_wconf 90' lang='lat' dir='ltr'><strong>manum</strong></span> <span class='ocrx_word' id='word_1_747' title='bbox 2337 4680 2617 4748; x_wconf 81' lang='lat' dir='ltr'><strong>porrigere</strong></span> <span class='ocrx_word' id='word_1_748' title='bbox 2642 4681 2869 4734; x_wconf 85' lang='lat' dir='ltr'><strong>erranti.</strong></span> <span class='ocrx_word' id='word_1_749' title='bbox 2921 4681 2975 4733; x_wconf 92' lang='lat' dir='ltr'><strong>lu</strong></span> <span class='ocrx_word' id='word_1_750' title='bbox 3013 4683 3116 4736; x_wconf 87' lang='lat' dir='ltr'><strong>hoc</strong></span> <span class='ocrx_word' id='word_1_751' title='bbox 3146 4684 3291 4736; x_wconf 89' lang='lat' dir='ltr'><strong>enim</strong></span> <span class='ocrx_word' id='word_1_752' title='bbox 3344 4682 3438 4736; x_wconf 77' lang='lat' dir='ltr'><strong>Dei</strong></span> 
     </span>
    </p>
   </div>
   <div class='ocr_carea' id='block_1_103' title="bbox 1852 4770 3439 4842">
    <p class='ocr_par' dir='ltr' id='par_1_103' title="bbox 1852 4770 3439 4842">
     <span class='ocr_line' id='line_1_103' title="bbox 1852 4770 3439 4842; baseline 0.001 -16"><span class='ocrx_word' id='word_1_753' title='bbox 1852 4774 2068 4842; x_wconf 86' lang='lat' dir='ltr'><strong>adjutur</strong></span> <span class='ocrx_word' id='word_1_754' title='bbox 2097 4772 2228 4826; x_wconf 88' lang='lat' dir='ltr'><strong>eris.</strong></span> <span class='ocrx_word' id='word_1_755' title='bbox 2266 4770 2371 4837; x_wconf 85' lang='lat' dir='ltr'><strong>Qui</strong></span> <span class='ocrx_word' id='word_1_756' title='bbox 2424 4787 2553 4825; x_wconf 90' lang='lat' dir='ltr'><strong>vero</strong></span> <span class='ocrx_word' id='word_1_757' title='bbox 2583 4772 2633 4824; x_wconf 91' lang='lat' dir='ltr'><strong>id</strong></span> <span class='ocrx_word' id='word_1_758' title='bbox 2669 4773 2798 4825; x_wconf 88' lang='lat' dir='ltr'><strong>lict?</strong></span> <span class='ocrx_word' id='word_1_759' title='bbox 2834 4772 2900 4828; x_wconf 80' lang='lat' dir='ltr'><strong>Ut</strong></span> <span class='ocrx_word' id='word_1_760' title='bbox 2953 4771 3334 4828; x_wconf 90' lang='lat' dir='ltr'><strong>Theoctistum</strong></span> <span class='ocrx_word' id='word_1_761' title='bbox 3371 4777 3439 4828; x_wconf 90' lang='lat' dir='ltr'><strong>ad</strong></span> 
     </span>
    </p>
   </div>
   <div class='ocr_carea' id='block_1_104' title="bbox 1854 4863 3435 4934">
    <p class='ocr_par' dir='ltr' id='par_1_104' title="bbox 1854 4863 3435 4934">
     <span class='ocr_line' id='line_1_104' title="bbox 1854 4863 3435 4934; baseline 0.001 -16"><span class='ocrx_word' id='word_1_762' title='bbox 1854 4874 1906 4919; x_wconf 88' lang='lat' dir='ltr'><strong>te</strong></span> <span class='ocrx_word' id='word_1_763' title='bbox 1935 4866 2193 4927; x_wconf 85' lang='lat' dir='ltr'><strong>advoces,</strong></span> <span class='ocrx_word' id='word_1_764' title='bbox 2226 4863 2389 4932; x_wconf 92' lang='lat' dir='ltr'><strong>eique</strong></span> <span class='ocrx_word' id='word_1_765' title='bbox 2423 4863 2578 4917; x_wconf 89' lang='lat' dir='ltr'><strong>dicas</strong></span> <span class='ocrx_word' id='word_1_766' title='bbox 2610 4872 2665 4916; x_wconf 91' lang='lat' dir='ltr'><strong>ct</strong></span> <span class='ocrx_word' id='word_1_767' title='bbox 2692 4864 2970 4918; x_wconf 83' lang='lat' dir='ltr'><strong>edisseras</strong></span> <span class='ocrx_word' id='word_1_768' title='bbox 3000 4880 3128 4933; x_wconf 71' lang='lat' dir='ltr'><strong>quae</strong></span> <span class='ocrx_word' id='word_1_769' title='bbox 3175 4882 3274 4934; x_wconf 84' lang='lat' dir='ltr'><strong>par</strong></span> <span class='ocrx_word' id='word_1_770' title='bbox 3309 4868 3435 4921; x_wconf 90' lang='lat' dir='ltr'><strong>erit.</strong></span> 
     </span>
    </p>
   </div>
   <div class='ocr_carea' id='block_1_105' title="bbox 1853 4954 3425 5025">
    <p class='ocr_par' dir='ltr' id='par_1_105' title="bbox 1853 4954 3425 5025">
     <span class='ocr_line' id='line_1_105' title="bbox 1853 4954 3425 5025; baseline 0.001 -15"><span class='ocrx_word' id='word_1_771' title='bbox 1853 4956 1986 5010; x_wconf 79' lang='lat' dir='ltr'><strong>Etsi</strong></span> <span class='ocrx_word' id='word_1_772' title='bbox 2013 4956 2236 5025; x_wconf 88' lang='lat' dir='ltr'><strong>quidem</strong></span> <span class='ocrx_word' id='word_1_773' title='bbox 2273 4954 2468 5008; x_wconf 83' lang='lat' dir='ltr'><strong>cedere</strong></span> <span class='ocrx_word' id='word_1_774' title='bbox 2502 4955 2658 5007; x_wconf 91' lang='lat' dir='ltr'><strong>illum</strong></span> <span class='ocrx_word' id='word_1_775' title='bbox 2687 4954 2897 5009; x_wconf 90' lang='lat' dir='ltr'><strong>videris</strong></span> <span class='ocrx_word' id='word_1_776' title='bbox 2928 4955 3118 5009; x_wconf 87' lang='lat' dir='ltr'><strong>divino</strong></span> <span class='ocrx_word' id='word_1_777' title='bbox 3148 4958 3425 5023; x_wconf 72' lang='lat' dir='ltr'><strong>sermoni,-</strong></span> 
     </span>
    </p>
   </div>
   <div class='ocr_carea' id='block_1_106' title="bbox 1851 5047 3435 5117">
    <p class='ocr_par' dir='ltr' id='par_1_106' title="bbox 1851 5047 3435 5117">
     <span class='ocr_line' id='line_1_106' title="bbox 1851 5047 3435 5117; baseline -0.003 -14"><span class='ocrx_word' id='word_1_778' title='bbox 1851 5051 1918 5103; x_wconf 90' lang='lat' dir='ltr'><strong>de</strong></span> <span class='ocrx_word' id='word_1_779' title='bbox 1944 5067 2029 5103; x_wconf 89' lang='lat' dir='ltr'><strong>me</strong></span> <span class='ocrx_word' id='word_1_780' title='bbox 2058 5050 2219 5102; x_wconf 89' lang='lat' dir='ltr'><strong>etiam</strong></span> <span class='ocrx_word' id='word_1_781' title='bbox 2249 5048 2443 5101; x_wconf 89' lang='lat' dir='ltr'><strong>humili</strong></span> <span class='ocrx_word' id='word_1_782' title='bbox 2480 5047 2778 5117; x_wconf 82' lang='lat' dir='ltr'><strong>significes,</strong></span> <span class='ocrx_word' id='word_1_783' title='bbox 2812 5049 3060 5103; x_wconf 89' lang='lat' dir='ltr'><strong>eamdem</strong></span> <span class='ocrx_word' id='word_1_784' title='bbox 3087 5065 3263 5102; x_wconf 90' lang='lat' dir='ltr'><strong>meam</strong></span> <span class='ocrx_word' id='word_1_785' title='bbox 3289 5066 3435 5103; x_wconf 51' lang='lat' dir='ltr'><strong>men.</strong></span> 
     </span>
    </p>
   </div>
   <div class='ocr_carea' id='block_1_107' title="bbox 1854 5137 3433 5207">
    <p class='ocr_par' dir='ltr' id='par_1_107' title="bbox 1854 5137 3433 5207">
     <span class='ocr_line' id='line_1_107' title="bbox 1854 5137 3433 5207; baseline 0 -16"><span class='ocrx_word' id='word_1_786' title='bbox 1854 5150 1959 5193; x_wconf 90' lang='lat' dir='ltr'><strong>tcm</strong></span> <span class='ocrx_word' id='word_1_787' title='bbox 2019 5156 2158 5203; x_wconf 80' lang='lat' dir='ltr'><strong>esse,</strong></span> <span class='ocrx_word' id='word_1_788' title='bbox 2194 5138 2315 5205; x_wconf 80' lang='lat' dir='ltr'><strong>ejus</strong></span> <span class='ocrx_word' id='word_1_789' title='bbox 2351 5138 2545 5191; x_wconf 88' lang='lat' dir='ltr'><strong>salutis</strong></span> <span class='ocrx_word' id='word_1_790' title='bbox 2602 5137 2878 5192; x_wconf 87' lang='lat' dir='ltr'><strong>desiderio</strong></span> <span class='ocrx_word' id='word_1_791' title='bbox 2912 5161 2924 5193; x_wconf 85' lang='lat'>;</span> <span class='ocrx_word' id='word_1_792' title='bbox 2958 5146 3031 5203; x_wconf 92' lang='lat' dir='ltr'><strong>ct,</strong></span> <span class='ocrx_word' id='word_1_793' title='bbox 3061 5137 3107 5190; x_wconf 94' lang='lat' dir='ltr'><strong>si</strong></span> <span class='ocrx_word' id='word_1_794' title='bbox 3150 5139 3433 5207; x_wconf 85' lang='lat' dir='ltr'><strong>probabis.</strong></span> 
     </span>
    </p>
   </div>
   <div class='ocr_carea' id='block_1_108' title="bbox 1851 5229 3436 5300">
    <p class='ocr_par' dir='ltr' id='par_1_108' title="bbox 1851 5229 3436 5300">
     <span class='ocr_line' id='line_1_108' title="bbox 1851 5229 3436 5300; baseline -0.001 -15"><span class='ocrx_word' id='word_1_795' title='bbox 1851 5231 2034 5294; x_wconf 83' lang='lat' dir='ltr'><strong>Pater,</strong></span> <span class='ocrx_word' id='word_1_796' title='bbox 2078 5231 2242 5300; x_wconf 89' lang='lat' dir='ltr'><strong>idque</strong></span> <span class='ocrx_word' id='word_1_797' title='bbox 2270 5229 2360 5282; x_wconf 90' lang='lat' dir='ltr'><strong>ille</strong></span> <span class='ocrx_word' id='word_1_798' title='bbox 2380 5238 2617 5296; x_wconf 83' lang='lat' dir='ltr'><strong>expetet,</strong></span> <span class='ocrx_word' id='word_1_799' title='bbox 2652 5231 2899 5284; x_wconf 89' lang='lat' dir='ltr'><strong>scribam</strong></span> <span class='ocrx_word' id='word_1_800' title='bbox 2935 5230 3001 5283; x_wconf 92' lang='lat' dir='ltr'><strong>ad</strong></span> <span class='ocrx_word' id='word_1_801' title='bbox 3061 5230 3215 5282; x_wconf 88' lang='lat' dir='ltr'><strong>illtttn</strong></span> <span class='ocrx_word' id='word_1_802' title='bbox 3264 5246 3436 5299; x_wconf 87' lang='lat' dir='ltr'><strong>appo-</strong></span> 
     </span>
    </p>
   </div>
   <div class='ocr_carea' id='block_1_109' title="bbox 1850 5324 3438 5397">
    <p class='ocr_par' dir='ltr' id='par_1_109' title="bbox 1850 5324 3438 5397">
     <span class='ocr_line' id='line_1_109' title="bbox 1850 5324 3438 5397; baseline -0.005 -13"><span class='ocrx_word' id='word_1_803' title='bbox 1850 5330 1971 5388; x_wconf 83' lang='lat' dir='ltr'><strong>site.</strong></span> <span class='ocrx_word' id='word_1_804' title='bbox 2005 5339 2064 5382; x_wconf 94' lang='lat' dir='ltr'><strong>ut</strong></span> <span class='ocrx_word' id='word_1_805' title='bbox 2099 5338 2328 5397; x_wconf 89' lang='lat' dir='ltr'><strong>utraque</strong></span> <span class='ocrx_word' id='word_1_806' title='bbox 2359 5334 2511 5395; x_wconf 89' lang='lat' dir='ltr'><strong>parte</strong></span> <span class='ocrx_word' id='word_1_807' title='bbox 2546 5324 2820 5389; x_wconf 85' lang='lat' dir='ltr'><strong>trahatur,</strong></span> <span class='ocrx_word' id='word_1_808' title='bbox 2856 5334 2911 5381; x_wconf 89' lang='lat' dir='ltr'><strong>et</strong></span> <span class='ocrx_word' id='word_1_809' title='bbox 2941 5324 3287 5392; x_wconf 83' lang='lat' dir='ltr'><strong>lucriliatqui</strong></span> <span class='ocrx_word' id='word_1_810' title='bbox 3312 5340 3438 5394; x_wconf 76' lang='lat' dir='ltr'><strong>per-</strong></span> 
     </span>
    </p>
   </div>
   <div class='ocr_carea' id='block_1_110' title="bbox 1849 5415 3433 5487">
    <p class='ocr_par' dir='ltr' id='par_1_110' title="bbox 1849 5415 3433 5487">
     <span class='ocr_line' id='line_1_110' title="bbox 1849 5415 3433 5487; baseline -0.006 -11"><span class='ocrx_word' id='word_1_811' title='bbox 1849 5425 1908 5477; x_wconf 89' lang='lat' dir='ltr'><strong>it.</strong></span> <span class='ocrx_word' id='word_1_812' title='bbox 1944 5421 2056 5476; x_wconf 84' lang='lat' dir='ltr'><strong>Hoc</strong></span> <span class='ocrx_word' id='word_1_813' title='bbox 2114 5420 2259 5474; x_wconf 89' lang='lat' dir='ltr'><strong>enim</strong></span> <span class='ocrx_word' id='word_1_814' title='bbox 2290 5418 2406 5470; x_wconf 86' lang='lat' dir='ltr'><strong>vult</strong></span> <span class='ocrx_word' id='word_1_815' title='bbox 2446 5415 2610 5481; x_wconf 88' lang='lat' dir='ltr'><strong>Deus,</strong></span> <span class='ocrx_word' id='word_1_816' title='bbox 2650 5425 2703 5470; x_wconf 88' lang='lat' dir='ltr'><strong>et</strong></span> <span class='ocrx_word' id='word_1_817' title='bbox 2732 5416 2903 5487; x_wconf 84' lang='lat' dir='ltr'><strong>hujus</strong></span> <span class='ocrx_word' id='word_1_818' title='bbox 2938 5416 3114 5485; x_wconf 88' lang='lat' dir='ltr'><strong>gratia</strong></span> <span class='ocrx_word' id='word_1_819' title='bbox 3147 5416 3201 5469; x_wconf 92' lang='lat' dir='ltr'><strong>in</strong></span> <span class='ocrx_word' id='word_1_820' title='bbox 3236 5424 3433 5469; x_wconf 90' lang='lat' dir='ltr'><strong>terram</strong></span> 
     </span>
    </p>
   </div>
   <div class='ocr_carea' id='block_1_111' title="bbox 1849 5505 3435 5583">
    <p class='ocr_par' dir='ltr' id='par_1_111' title="bbox 1849 5505 3435 5583">
     <span class='ocr_line' id='line_1_111' title="bbox 1849 5505 3435 5583; baseline -0.006 -12"><span class='ocrx_word' id='word_1_821' title='bbox 1849 5517 2015 5579; x_wconf 80' lang='lat' dir='ltr'><strong>venit,</strong></span> <span class='ocrx_word' id='word_1_822' title='bbox 2050 5514 2189 5583; x_wconf 85' lang='lat' dir='ltr'><strong>quod</strong></span> <span class='ocrx_word' id='word_1_823' title='bbox 2230 5512 2463 5581; x_wconf 82' lang='lat' dir='ltr'><strong>perierat</strong></span> <span class='ocrx_word' id='word_1_824' title='bbox 2498 5523 2750 5578; x_wconf 64' lang='lat' dir='ltr'><strong>quaerens</strong></span> <span class='ocrx_word' id='word_1_825' title='bbox 2787 5511 3048 5565; x_wconf 79' lang='lat' dir='ltr'><strong>reducere</strong></span> <span class='ocrx_word' id='word_1_826' title='bbox 3078 5505 3145 5560; x_wconf 74' lang='lat'><strong>&quot;:</strong></span> <span class='ocrx_word' id='word_1_827' title='bbox 3194 5515 3247 5561; x_wconf 86' lang='lat' dir='ltr'><strong>et</strong></span> <span class='ocrx_word' id='word_1_828' title='bbox 3286 5523 3435 5562; x_wconf 85' lang='lat' dir='ltr'><strong>amo-</strong></span> 
     </span>
    </p>
   </div>
   <div class='ocr_carea' id='block_1_112' title="bbox 1720 5757 1947 5813">
    <p class='ocr_par' dir='ltr' id='par_1_112' title="bbox 1720 5757 1947 5813">
     <span class='ocr_line' id='line_1_112' title="bbox 1720 5757 1947 5813; baseline -0.013 -1"><span class='ocrx_word' id='word_1_829' title='bbox 1720 5759 1761 5812; x_wconf 62' lang='grc' dir='ltr'><strong>λ</strong></span> <span class='ocrx_word' id='word_1_830' title='bbox 1771 5757 1857 5813; x_wconf 79' lang='lat' dir='ltr'><strong>0T</strong></span> <span class='ocrx_word' id='word_1_831' title='bbox 1865 5757 1947 5809; x_wconf 65' lang='grc' dir='ltr'><strong>Αἰ.</strong></span> 
     </span>
    </p>
   </div>
   <div class='ocr_carea' id='block_1_113' title="bbox 234 5868 927 5937">
    <p class='ocr_par' dir='ltr' id='par_1_113' title="bbox 234 5868 927 5937">
     <span class='ocr_line' id='line_1_113' title="bbox 234 5868 927 5937; baseline 0 -18"><span class='ocrx_word' id='word_1_832' title='bbox 234 5868 347 5937; x_wconf 68' lang='lat'><strong>(1‘2)</strong></span> <span class='ocrx_word' id='word_1_833' title='bbox 385 5869 441 5921; x_wconf 86' lang='lat' dir='ltr'><strong>In</strong></span> <span class='ocrx_word' id='word_1_834' title='bbox 480 5870 602 5921; x_wconf 76' lang='lat' dir='ltr'><strong>end.</strong></span> <span class='ocrx_word' id='word_1_835' title='bbox 629 5868 760 5937; x_wconf 73' lang='lat' dir='ltr'><strong>Reg.</strong></span> <span class='ocrx_word' id='word_1_836' title='bbox 796 5870 927 5937; x_wconf 49' lang='lat' dir='ltr'><strong>(me.</strong></span> 
     </span>
    </p>
   </div>
   <div class='ocr_carea' id='block_1_114' title="bbox 403 5976 1053 6040">
    <p class='ocr_par' dir='ltr' id='par_1_114' title="bbox 403 5976 1053 6040">
     <span class='ocr_line' id='line_1_114' title="bbox 403 5976 1053 6040; baseline -0.006 -5"><span class='ocrx_word' id='word_1_837' title='bbox 403 5978 675 6036; x_wconf 55' lang='grc' dir='ltr'>Ρδταοι..</span> <span class='ocrx_word' id='word_1_838' title='bbox 705 5978 821 6040; x_wconf 81' lang='lat' dir='ltr'><strong>Gtt.</strong></span> <span class='ocrx_word' id='word_1_839' title='bbox 862 5976 1053 6037; x_wconf 68' lang='lat' dir='ltr'><strong>XCIX</strong></span> 
     </span>
    </p>
   </div>
  </div>
