3964 6320
577 376 715 442 1387

1781 375 1842 434 S.
1886 371 2279 434 THEODORI
2314 371 2665 434 STUDl'f/E

3766 364 3877 428 135.3

576 507 698 548 rem
728 491 967 561 proximi
999 504 1122 547 esse
1151 490 1308 561 jubet
1364 490 1521 546 nobis
1559 489 1769 547 amoris
1797 506 1926 562 erga
1986 506 2045 546 se
2081 505 2172 543 ar-

2280 483 2445 557 ἧ>.θεν
2515 487 2610 539 ἐπὶ
2670 485 2769 555 τῆς
2833 485 2936 555 γῆς
2991 483 3052 536 τὸ
3113 481 3397 545 ἀπολωλὸς
3455 478 3736 553 δκζητῶν
3782 482 3880 531 ἔτι·

574 594 925 655 gumeutum.
958 581 1233 652 Omnique
1259 591 1461 638 conatu
1494 583 1723 638 excitari
1754 597 1858 637 nos
1888 583 2167 647 convenit,

576 674 744 731 Pater
767 685 998 731 sancte:
1040 677 1096 731 in
1135 676 1281 729 hunc
1309 675 1456 729 enim
1493 674 1656 729 ﬁnem
1686 684 1745 730 ut
1769 676 1838 730 ad
1880 686 1932 730 te
1962 675 2169 729 scribe-

576 783 695 823 rem
720 778 1003 837 permotus
1033 783 1178 823 sum.
1216 766 1374 833 Quod
1437 767 1484 821 si
1535 780 1657 837 post
1704 767 1865 822 talem
1908 776 2168 822 conatum

578 858 894 914 detrectans
952 874 1063 912 non
1105 858 1461 928 obsequetur,
1518 858 1708 912 videbit
1737 859 1950 928 iniquus
1979 857 2046 912 ".
2080 858 2172 913 Ait

579 951 850 1007 Dominus
888 949 1102 1007 :Sinite
1156 952 1303 1016 illos,
1358 953 1484 1006 creci
1532 964 1655 1006 sunt
1689 952 1756 1007 ⁸⁸.
1789 952 1959 1020 Quem
2003 953 2171 1020 igitur

580 1061 904 1101 successum
933 1046 1201 1101 Dominus
1230 1046 1464 1112 dederit,
1510 1048 1755 1101 indicare
1778 1048 1937 1112 mihi,
1980 1046 2166 1112 Pater,

578 1138 917 1193 venerandis
948 1139 1055 1193 tuis
1077 1138 1277 1193 litteris
1307 1139 1525 1194 bonitas
1558 1149 1652 1193 tua
1692 1154 1761 1193 ne
1787 1149 2062 1211 gravetur.

921 1335 1134 1393 CXVII.
1172 1367 1246 1379 ——
1272 1337 1525 1394 Mariano
1560 1341 1855 1410 spathario.

2280 582 2513 652 στρέψαι
2538 599 2552 613 ·
2607 582 2703 633 καὶ
2717 580 2814 650 τῆς
2830 581 2911 641 είς
2942 576 3106 631 αὐτὸν
3125 577 3347 646 ἀγάπης
3370 572 3679 637 ἀπόδειξιν
3692 572 3791 637 τὴν
3804 570 3879 623 τε]

2278 670 2451 735 πέλας
2482 672 2669 743 φιλίαν
2720 672 2959 724 ποιεῖται
2989 672 3145 739 ἡμῖν.
3197 668 3310 721 Καὶ
3334 667 3422 720 δεῖ
3470 663 3661 718 παντὶ
3724 664 3881 714 σθένει

2278 766 2574 836 κινηθῆναι
2605 767 2776 838 ἡμᾶς,
2814 764 3001 834 Πάτερ
3030 763 3145 816 δσιε
3172 777 3188 794 ·
3236 764 3319 824 εἰς
3354 760 3528 813 τοῦτο
3566 758 3692 828 γὰρ
3742 756 3880 821 κάγὼ

2279 858 2526 930 κινηθεὶς
2552 857 2772 929 ἐγραψά
2802 873 2906 909 σοι.
2922 842 3006 909 Ἐί
3036 854 3093 908 δὲ
3121 852 3261 924 μετά
3302 854 3405 922 τὴν
3438 850 3727 919 τοιαύτην
3776 851 3881 900 ἐτι-

2284 953 2539 1024 χείρησιν
2569 948 2814 1004 ἀπειθῶν
2844 947 3088 1012 ἀπειθεῖ,
3109 946 3319 1014 ὄψεται
3346 947 3380 997 d
3404 940 3677 1011 ἀνομῶν
3701 960 3713 971 ·
3746 941 3882 1006 λέγει

2272 1044 2515 1116 Κύριος’
2553 1044 2773 1112 Ἅφετε
2827 1042 3073 1108 αὐτοὺς,
3130 1039 3351 1108 τυφλοί
3407 1039 3633 1091 εἰσιν·
3673 1035 3754 1097 ὡς
3803 1030 3879 1087 οὖν

2275 1138 2455 1191 εὐοδοῖ
2482 1136 2715 1209 Κύριος,
2758 1136 3126 1207 ἀγαθύνθητι,
3159 1136 3362 1206 Πάτερ,
3388 1132 3780 1204 δηλοποιῆσαί
3804 1146 3877 1201 μοι

2278 1232 2577 1303 γράμμα-εί
2613 1248 2712 1287 σου
2750 1231 2942 1303 τιμίῳ.

2512 1346 2638 1399 PIZ'
2673 1346 2808 1416 (l3).
2845 1375 2917 1387 —
2938 1341 3222 1412 Μαριανῷ
3248 1340 3605 1408 σπαθαρίφ.
3625 1334 3817 1411 [ruﬁ]

1921 1454 2000 1505 De
2038 1456 2209 1506 mundi
2240 1466 2551 1525 contemptu.

651 1560 940 1631 Compellit
974 1575 1063 1617 me
1090 1561 1156 1615 ad
1188 1561 1535 1617 scribendmn
1549 1562 1725 1632 pietas
1757 1574 1869 1626 tua,
1907 1570 2167 1631 tanquam

582 1653 710 1709 inde
755 1652 1021 1719 fructum,
1058 1653 1259 1724 inquit,
1286 1656 1547 1725 capiens;
1578 1670 1680 1725 ego
1709 1669 1841 1710 vero
1870 1670 1977 1709 non
2011 1666 2167 1724 puto,

580 1746 711 1816 quia
741 1758 923 1799 sermo
948 1755 1158 1809 noster,
1191 1744 1659 1816 quemadmodum
1703 1754 1757 1799 et
1790 1746 1923 1811 vita,
1958 1745 2170 1801 inutilis

580 1849 685 1902 est;
709 1838 805 1892 sed
834 1847 892 1891 ut
919 1836 1190 1891 charitate
1222 1838 1407 1906 potius
1443 1840 1689 1893 incitata.
1725 1836 1974 1893 Charitas
1996 1838 2166 1905 enim,

580 1931 659 1985 ait
687 1932 1008 2001 Apostolus,
1042 1946 1147 1983 non
1173 1932 1375 2001 cogitat
1404 1931 1606 1984 malum
1635 1932 1700 1986 ".
1735 1931 2004 1985 Caeterum
2032 1944 2172 2000 quo-

580 2024 860 2095 quomodo
894 2038 980 2079 res
1000 2039 1060 2079 se
1082 2023 1302 2089 habeat,
1332 2027 1467 2080 cedo
1491 2035 1546 2080 et
1561 2026 1835 2096 obsequor
1857 2026 2037 2079 amico
2067 2040 2168 2078 no-

580 2127 721 2182 stro,
753 2116 872 2170 viro
904 2117 1072 2181 bono,
1106 2116 1490 2172 laudatissimo
1530 2118 1773 2189 praesidi,
1806 2117 2031 2171 alumno
2056 2116 2172 2187 pie-

579 2210 734 2269 tatis,
783 2210 1052 2265 doctrinae
1081 2210 1407 2266 orthodoxa:
1448 2210 1745 2281 discipulo,
1790 2210 1998 2265 homini
2050 2207 2170 2274 Dei,

579 2302 980 2358 monachormn
1041 2305 1296 2359 amatori.
1360 2303 1527 2359 Multa
1560 2313 1690 2359 sunt
1740 2303 1990 2358 eneomia
2054 2312 2168 2366 tua,

579 2398 799 2467 egregia
854 2395 1120 2451 facinora.
1182 2395 1291 2450 Sed
1324 2398 1471 2459 vide,
1505 2398 1730 2451 domine
1757 2397 1855 2460 mi,
1888 2396 2170 2465 quomodo

2369 1566 2563 1621 Ἐλκει
2586 1567 2747 1638 ’ἡμᾶς
2776 1566 2813 1637 ἠ
2841 1562 3097 1618 εὐσέϐειά
3121 1576 3215 1615 σου
3244 1557 3384 1630 πρὸς
3408 1557 3475 1611 τὸ
3500 1558 3780 1628 γράφειν,
3811 1555 3874 1615 ὡς

2278 1659 2700 1729 δφελοςμρησὶν,
2734 1656 3103 1729 εὐρίσκουσαο
3149 1651 3246 1706 καὶ
3305 1651 3365 1705 οὐ
3416 1649 3612 1703 δοκῶ·
3657 1648 3873 1717 ἐπείπερ

2277 1749 2442 1821 ἡμῶν
2468 1750 2568 1803 σὺν
2595 1750 2674 1820 τῷ
2704 1749 2828 1820 βίῳ,
2876 1747 2971 1801 καὶ
2998 1748 3028 1801 ὁ
3063 1745 3226 1815 λόγος
3270 1743 3564 1813 ἄχρηστος
3586 1756 3603 1769 ⁸
3667 1741 3785 1795 ἀλλ’
3811 1741 3871 1802 ὡς

2278 1844 2473 1916 ἀγάπῃ
2502 1842 2805 1915 φερομένη.
2851 1840 2918 1899 Ἡ
2934 1840 3139 1911 ἀγάπη
3173 1838 3305 1910 γὰρ,
3346 1836 3522 1907 φησὶν
3546 1837 3578 1888 ὁ
3622 1834 3872 1887 Ἀπόστο-

2277 1935 2392 2002 λος,
2445 1935 2513 1989 τὸ
2555 1934 2748 1988 κακὸν
2801 1934 2875 1988 οὐ
2922 1929 3238 2001 λογίζεται.
3290 1929 3441 1999 Πλὴν
3490 1926 3789 1998 ὁποτέρως
3817 1925 3872 1978 ἂν

2279 2030 2415 2100 ἔχοι,
2447 2028 2581 2082 εἴκω
2634 2027 2733 2082 καὶ
2782 2024 3048 2096 πείθομαι
3090 2024 3169 2095 τῷ
3201 2023 3460 2094 ἡμετέρῳ
3503 2021 3755 2093 ἐραστῇ.
3808 2017 3870 2086 τῷ

2278 2121 2472 2191 ἀγαθῷ
2495 2121 2675 2192 ἀνδρὶ,
2702 2120 2781 2192 τῷ
2824 2119 3171 2189 πανευφήμῳ
3206 2116 3453 2187 ἄρχοντι,
3503 2115 3591 2185 τῷ
3625 2115 3870 2186 τροφίμῳ

2280 2216 2379 2285 τῆς
2410 2214 2718 2280 εὐσεϐείας,
2748 2214 2828 2284 τῷ
2853 2213 3133 2285 θρέμματι
3167 2211 3266 2281 τῆς
3291 2208 3648 2280 ὀρθοδοξίας,
3688 2208 3767 2278 τῷ
3794 2211 3871 2262 ἀν·

2281 2313 2491 2385 θρώπῳ
2525 2312 2623 2367 τοῦ
2654 2312 2816 2379 Θεοῦ,
2845 2311 2922 2382 τῷ
2952 2310 3152 2381 φιλητῇ
3188 2306 3297 2360 τῶν
3327 2306 3658 2377 μοναστῶν.
3710 2304 3871 2359 Πολλὰ

2282 2423 2379 2459 σου
2424 2406 2496 2458 τά
2535 2403 2812 2474 ἐγκώμια,
2847 2402 3113 2456 κάλλιστα
3163 2400 3231 2454 τὰ
3255 2397 3684 2470 ἀριστεύματα.
3733 2396 3871 2451 Ἀλλὰ

580 2486 867 2549 ambules;
929 2488 1037 2541 hoc
1078 2487 1225 2543 enim
1264 2489 1467 2541 clamat
1499 2488 1797 2556 Apostolus
1819 2487 1866 2517 '°
1899 2502 1913 2537 :
1975 2500 2084 2538 non
2112 2492 2172 2539 ut

2282 2497 2525 2568 βλέποις,
2548 2500 2575 2551 ὁ
2606 2496 2874 2567 δεσπότης
2906 2512 3033 2566 μου,
3053 2494 3170 2557 πῶς
3195 2493 3525 2564 περιπατεῖς
3544 2508 3559 2520 θ
3588 2489 3760 2543 τοῦτο
3781 2489 3869 2557 γὰρ

581 2583 869 2651 insipiens,
929 2582 1023 2637 sed
1053 2590 1112 2635 ut
1133 2581 1386 2652 sapiens;
1416 2596 1523 2633 non
1551 2590 1609 2635 ut
1632 2581 1784 2633 carni
1814 2579 2051 2642 deditus,
2077 2579 2171 2633 sed

2283 2590 2383 2660 βοᾷ
2415 2592 2442 2643 ὁ
2481 2589 2826 2654 Ἀπόστολος,
2871 2586 2947 2658 μὴ
2986 2586 3063 2649 ὡς
3117 2586 3341 2654 ἄσοφος,
3398 2582 3522 2637 ἀλλ’
3556 2583 3640 2647 ὡς
3680 2586 3866 2652 σοφός’

582 2679 644 2724 ut
691 2686 882 2725 amans
936 2669 1138 2737 Deum;
1204 2686 1313 2725 non
1366 2680 1629 2739 tanquam
1684 2670 2028 2732 immortalis,
2077 2667 2172 2721 sed

2284 2683 2359 2753 μὴ
2385 2682 2460 2746 ὡς
2491 2683 2844 2753 φιλόσαρκος,
2872 2680 2989 2735 ἀλλ’
3022 2679 3100 2742 ὡς
3126 2676 3374 2748 φιλόθεος
3401 2692 3417 2706 ο
3453 2676 3537 2746 μὴ
3571 2677 3656 2739 ὠς
3680 2676 3871 2731 aem-

581 2774 845 2834 tanquam
890 2763 958 2819 de
996 2766 1149 2818 exitu
1203 2763 1474 2819 sollicitus
1536 2762 1846 2817 Commune
1895 2772 1977 2816 est
2014 2759 2172 2816 debi-

2280 2790 2392 2839 τος,
2427 2773 2542 2826 ἀλλ’
2576 2773 2652 2836 ὡς
2702 2771 3049 2843 ὲμμέριμνος
3093 2767 3313 2834 ἐξόδων
3344 2767 3409 2819 τὸ
3456 2765 3653 2819 κοινὸν
3697 2766 3871 2835 χρέος,

583 2870 721 2923 ιιιιιι,
748 2859 1006 2928 [ιι-ειῐίιυε
1031 2858 1303 2912 terminus
1338 2858 1432 2927 qui
1472 2857 1789 2912 transcendi
1821 2873 1927 2910 non
1971 2862 2170 2924 potest.

2280 2868 2341 2920 τὸ
2370 2868 2753 2938 ἀνυπέρδατον
2800 2866 3098 2937 ὁροθέσιον.
3138 2865 3263 2918 Οὐκ
3315 2862 3451 2918 ἐστι
3492 2860 3634 2932 γὰρ,
3695 2862 3870 2932 φησὶν,

582 2949 709 3005 Non
727 2962 801 3006 est
825 2952 997 3017 enim,
1038 2952 1133 3017 ait,
1161 2952 1252 3023 qui
1290 2951 1423 3005 vivet
1441 2959 1489 3005 et
1513 2968 1618 3004 non
1640 2949 1833 3004 videbit
1856 2960 2077 3001 mortem
2103 2949 2170 2999 5‘.

2282 2960 2351 3026 ὃς
2398 2958 2665 3028 ζήσεται,
2701 2963 2799 3014 καὶ
2856 2961 2969 3013 οὐκ
3016 2959 3228 3027 ὄψεται
3280 2947 3575 3012 θάνατον.
3612 2954 3757 3007 Τίνα
3794 2948 3875 3006 οὐν

582 3046 843 3112 Quaenam
887 3060 1043 3117 ergo,
1092 3046 1263 3111 dices,
1317 3056 1683 3115 utrorumque
1750 3044 1985 3113 propriae
2042 3052 2172 3097 sunt

2281 3053 2611 3122 ἀμφοτέρων
2631 3052 2699 3106 τὰ
2720 3051 3007 3123 ἰδιώματα,
3029 3052 3202 3113 εἴποις
3218 3048 3282 3106 ἄν
3302 3068 3318 3117 ;
3336 3047 3482 3117 Ἑγώ
3509 3064 3600 3101 σοι
3616 3047 3874 3116 διεξίημι.

582 3139 765 3195 notae?
796 3138 935 3210 Ego,
973 3138 1170 3204 amice,
1204 3138 1304 3193 tibi
1334 3152 1630 3208 exponam.
1665 3136 1920 3191 Priorum
1950 3133 2172 3205 quidem

2282 3144 2404 3214 φίλε
2433 3162 2446 3176 -
2489 3144 2583 3198 τοῦ
2627 3144 2726 3215 μὲν
2792 3142 3013 3215 πρώτου
3072 3141 3415 3213 χορεύματα,
3462 3138 3874 3207 γελοιάσματα,

584 3234 818 3293 choreae,
839 3233 1006 3297 risus,
1034 3231 1166 3297 ludi,
1194 3232 1550 3301 turpiloquia,
1571 3231 1889 3297 ebrietates,
1908 3231 2167 3299 crapulae,

2288 3238 2536 3306 παίγνια,
2579 3237 3083 3308 αίσχρολογήματα,
3114 3233 3479 3305 οἰνοφλυγίαι,
3531 3247 3879 3304 γαστριμαρ-

583 3325 712 3378 elati
740 3325 987 3393 spiritus,
1013 3324 1203 3379 inanes
1224 3324 1526 3391 jactantiaa,
1554 3324 1812 3393 exquisiti
1845 3323 1911 3377 ad
1945 3324 2173 3393 gloriam

585 3424 815 3471 ornatus
854 3415 947 3469 alii
980 3416 1101 3471 aliis
1125 3416 1503 3479 succedentes,
1528 3415 1841 3469 divitiarum
1876 3415 2173 3481 desideria,

586 3521 817 3575 quaeque
861 3506 947 3561 his
978 3507 1129 3575 plura
1158 3515 1215 3560 et
1249 3507 1503 3576 graviora
1537 3507 1604 3561 ob
1627 3506 1914 3576 dignitatis
1948 3516 2051 3559 tuae
2090 3520 2177 3558 re-

586 3598 891 3653 verentiam
934 3600 1309 3668 praetermitto.
1346 3598 1411 3652 Et
1440 3599 1687 3668 quidem,
1713 3600 1804 3667 qui
1831 3598 1965 3650 talia
1988 3608 2174 3667 agunt,

587 3707 807 3762 regnum
863 3689 959 3745 Dei
1009 3707 1113 3745 non
1168 3702 1551 3762 consequentur
1572 3693 1641 3755 ",
1694 3701 1752 3745 ut
1798 3691 2179 3762 pronuntiavit

587 3785 909 3855 Apostolus.
932 3790 1046 3852 Age
1069 3801 1199 3840 vero
1213 3786 1443 3840 alterius
1464 3800 1687 3855 quoque
1715 3786 1891 3853 partis
1912 3801 2035 3855 quae
2064 3786 2177 3839 sint

588 3880 810 3949 prepria
872 3879 1185 3933 ostendam.
1241 3877 1550 3948 Paupertas
1604 3879 1857 3948 spiritus,
1906 3894 2178 3948 compun-

589 3972 789 4026 ctionis
835 3971 1113 4042 lacrymze,
1144 3972 1533 4036 mansuetudo,
1570 3988 1697 4043 pax,
1768 3971 2174 4037 misericordia,

588 4063 791 4118 mentis
819 4064 872 4117 in
897 4063 1063 4116 Deum
1082 4064 1496 4135 contemplatio,
1533 4073 1883 4132 contemptus
1905 4063 2174 4132 pecuniae,

589 4154 777 4208 odium
815 4154 1030 4217 mundi,
1063 4152 1376 4223 frugalitas,
1408 4154 1751 4208 continentia
1776 4168 1875 4222 pro
1904 4154 2178 4224 cujusque

589 4246 790 4299 virium
815 4244 1075 4299 facultate
1108 4259 1122 4295 :
1165 4258 1331 4314 supra
1358 4244 1671 4314 coniugem,
1703 4258 1867 4314 supra
1896 4245 2059 4311 filios,
2086 4260 2181 4299 su-

589 4352 686 4407 pra
712 4346 987 4405 parentes,
1014 4349 1180 4405 supra
1227 4334 1449 4401 fratres,
1493 4353 1661 4407 supra
1703 4352 1895 4392 omnes
1944 4339 2176 4393 omnino

589 4445 779 4485 amare
800 4427 1095 4482 Dominum
1122 4429 1216 4498 qui
1239 4430 1367 4485 fecit
1399 4445 1519 4498 nos,
1551 4431 1645 4500 qui
1667 4431 1911 4502 seipsum
1935 4433 2002 4486 ad
2029 4447 2178 4486 mor-

591 4533 701 4578 tem
744 4522 970 4578 tradidit
994 4537 1092 4591 pro
1118 4538 1453 4595 unoquoque
1482 4534 1753 4580 nostrum.

2278 3330 2419 3399 γίαι,
2453 3324 2846 3401 μετεωρίσμοὶ,
2904 3328 3131 3382 διάκενα
3183 3328 3529 3397 φυσήματα,
3597 3327 3877 3381 καλλωπί-

2280 3439 2463 3492 σματα
2494 3422 2898 3489 ἀλλεπάλληλα,
2938 3420 3343 3489 φιλοπλουτίαι,
3386 3419 3631 3491 ἔρωτες,
3686 3423 3783 3473 καὶ
3815 3420 3877 3473 τὰ

2278 3514 2452 3567 πλείω
2479 3514 2579 3566 καὶ
2609 3513 2889 3585 βαρύτερα
2914 3514 3057 3567 αἰδοῖ
3078 3513 3179 3582 τῆς
3227 3511 3483 3577 ἐξουσίας
3518 3529 3620 3566 σου
3654 3514 3873 3583 ἀφίημι.

2278 3606 2391 3659 Καί
2416 3622 2481 3676 γε
2496 3609 2550 3660 ot
2578 3607 2652 3659 τὰ
2678 3606 2926 3661 τοιαῦτα
2943 3605 3331 3674 πράσσοντες
3352 3606 3712 3670 ,Βασιλείαν
3735 3605 3873 3660 Θεοῦ

2277 3701 2349 3752 οὐ
2412 3701 3028 3769 κληρονομήσουσιν,
3090 3700 3371 3771 ἀπέφηνεν
3431 3703 3461 3755 ὁ
3521 3702 3871 3766 Ἀπόστολος.

2279 3790 2450 3863 Δεῦρὸ
2485 3811 2569 3846 σοι
2615 3793 2845 3847 καὶτοῦ
2898 3795 3086 3868 ἑτέρου
3138 3795 3490 3867 ὑποδείξαιμι
3546 3799 3620 3853 τὰ
3672 3802 3869 3871 κράτη.

2279 3884 2531 3954 Πτωχεία
2571 3886 2910 3957 πνεύματος,
2935 3888 3289 3956 κατανύξεως
3321 3890 3569 3961 δάκρυα,
3604 3895 3869 3964 πραότης.

2278 3978 2495 4049 εἰρήνη,
2528 3978 2895 4053 ἐλεημοσύνη,
2923 3982 3017 4035 νοῦ
3043 3983 3182 4053 πρὸς
3212 3981 3348 4035 Θεὸν
3375 3981 3613 4053 θεωρία,
3644 3987 3874 4057 ἀφιλαρ-

2277 4072 2466 4143 γυρία,
2526 4074 2883 4144 μισοκοσμία,
2945 4074 3271 4145 αὐτάρκεια,
3326 4075 3685 4145 ἐγκράτεια·
3742 4079 3873 4133 κατὰ

2277 4164 2511 4236 δύναμιν
2544 4167 2646 4237 τῆς
2676 4166 2762 4237 ἐφ’
2797 4168 3018 4239 ἑκάστῳ
3046 4167 3359 4239 δυνάμεως,
3394 4171 3543 4242 ὑπὲρ
3581 4174 3869 4242 ὁμόζυγον,

2280 4259 2428 4330 ὑπὲρ
2453 4258 2641 4321 τέκνα,
2666 4260 2807 4329 ὑπὲρ
2827 4262 3032 4329 γονεῖς,
3059 4262 3201 4333 ὑπὲρ
3226 4261 3516 4330 ἀδελφοὺς,
3538 4264 3690 4337 ὑπὲρ
3715 4268 3871 4320 ᾶπαν-

2276 4369 2377 4415 τας
2396 4352 2605 4419 ἁπλῶς,
2639 4353 2862 4424 ἀγαπᾷν
2883 4353 2974 4406 τὸν
2999 4353 3202 4425 Κύριον
3230 4352 3321 4407 τὸν
3353 4356 3676 4425 ποιήσαντα
3712 4361 3869 4431 ἡμᾶς,

2278 4445 2371 4499 τὸν
2413 4446 2558 4518 ὑπὲρ
2595 4447 2716 4510 ἑνὸς
2746 4449 2984 4501 ἑκάστου
3023 4446 3366 4502 ἐκδεδωκότα
3408 4449 3616 4505 ἑαυτὸν
3670 4453 3753 4517 εις
3782 4453 3869 4505 θά-

2279 4554 2459 4592 νατον.

662 4616 790 4672 Haec
818 4628 982 4687 atque
1017 4616 1102 4671 his
1127 4617 1355 4683 similia,
1389 4620 1502 4672 veri
1542 4630 1670 4673 sunt
1693 4618 2019 4677 Christiani.
2046 4618 2169 4675 Noli

2346 4626 2533 4680 Ταῦτα
2559 4628 2650 4680 καὶ
2677 4627 2747 4681 τὰ
2768 4627 2985 4692 τούτοις
3003 4630 3189 4699 ὃμοια,
3213 4631 3428 4685 καὶτοῦ
3448 4633 3725 4703 ἀληθινοῦ
3745 4638 3868 4706 Χρι·

592 4712 739 4766 enim
779 4711 847 4766 de
875 4712 1149 4766 monacho
1183 4712 1555 4781 interpretari,
1587 4712 1829 4780 domine,
1865 4729 1988 4783 quae
2029 4717 2172 4770 dicta

592 4812 743 4869 sunt,
761 4815 815 4860 et
842 4818 950 4858 non
978 4805 1046 4858 de
1074 4804 1217 4859 laico
1248 4804 1532 4874 aequaliter
1570 4807 1755 4861 omnia
1786 4808 1804 4877 (
1835 4809 2050 4863 tametsi
2096 4787 2173 4864 'de

592 4894 866 4950 monacho
907 4893 1243 4964 impensius)
1277 4905 1477 4965 praeter
1506 4897 1899 4952 continentiam
1954 4908 2009 4954 et
2041 4914 2175 4970 pau-

593 4998 881 5058 pertatem,
907 4988 975 5042 de
1004 4988 1205 5057 quibus
1235 4989 1519 5045 saecularis
1556 5006 1663 5046 non
1695 4992 2169 5050 condemnabitur.

594 5081 663 5136 Et
698 5090 881 5135 tamen
913 5080 1038 5135 istic
1068 5095 1288 5159 quoque
1306 5091 1437 5135 sunt
1454 5091 1699 5153 tempora
1723 5083 2095 5150 continentiae,
2122 5098 2177 5141 et

593 5173 930 5246 frugalitatis
983 5173 1150 5244 leges.
1182 5174 1452 5229 Habentes
1480 5176 1629 5230 enim
1668 5176 1946 5243 alimenta,
1982 5179 2177 5248 inquit,

594 5277 644 5322 et
672 5268 862 5337 quibus
894 5277 1153 5343 tegantur,
1186 5268 1266 5321 Itis
1300 5268 1528 5321 contenti
1568 5269 1734 5322 simus
1752 5269 1819 5322 ⁸³.
1863 5269 1969 5335 Qui
2002 5281 2179 5326 autem

593 5362 784 5416 divites
813 5362 932 5430 ﬁeri
955 5362 1158 5428 volunt,
1189 5362 1429 5414 incidunt
1459 5361 1513 5414 in
1534 5361 1857 5417 barathrum
1908 5363 2177 5419 inelucta-

593 5453 703 5509 bile
725 5453 791 5507 ⁵⁸.
821 5451 887 5507 Et
907 5469 1155 5519 rursum,
1187 5450 1253 5508 Ut
1284 5463 1333 5505 et
1356 5453 1445 5523 qui
1466 5452 1659 5507 habent
1688 5469 1900 5521 uxores,
1924 5466 2178 5527 tanquam

2279 4716 2522 4773 στιανοῦ.
2575 4718 2667 4789 Μὴ
2713 4719 2821 4789 γάρ
2856 4736 2941 4772 τοι
2979 4720 3231 4794 νομίσῃς,
3262 4722 3511 4777 δέσποτα
3533 4766 3549 4790 ,
3587 4728 3687 4781 ἐπὶ
3717 4730 3869 4798 μονὰ-

2277 4806 2462 4873 ζοντος
2513 4808 2583 4862 τὰ
2620 4809 2900 4881 λεχθέντα,
2957 4812 3073 4865 ἀλλ’
3124 4814 3247 4884 οὐχὶ
3295 4816 3394 4868 καὶ
3448 4819 3547 4871 ἐπὶ
3582 4819 3778 4876 λαῖκού
3811 4821 3869 4874 τὰ

2276 4901 2455 4954 πάντα
2491 4901 2692 4974 ἐπίσης
2713 4903 2839 4975 (κᾶν
2870 4904 2929 4957 ὲν
2959 4904 3037 4975 τῷ
3063 4906 3351 4975 μονάζοντι
3382 4909 3830 4983 ἐπιτεταμένως)

2277 4992 2418 5065 πλὴν
2444 4995 2691 5065 ἀγαμίας
2736 4996 2833 5050 καὶ
2871 4997 3285 5070 ἀκτημοσύνης,
3321 5002 3385 5054 ὲν
3412 4999 3502 5066 οἷς
3534 5006 3567 5057 ὁ
3614 5007 3871 5077 κοσμικδς

2277 5086 2339 5139 οὐ
2363 5088 2762 5159 κατακέκριται
2785 5104 2799 5119 ·
2818 5089 2971 5159 ὅμως
2994 5090 3277 5147 κάνταῦθα
3307 5093 3653 5167 ἐγκρατείας
3677 5101 3869 5171 καιροὶ,

2278 5183 2376 5233 καὶ
2407 5181 2750 5250 αὐταρκείας
2806 5181 3025 5264 θεσμοί.
3063 5185 3356 5255 Ἔχοντες
3384 5191 3523 5262 γὰρ,
3556 5196 3720 5261 φησὶ,
3758 5194 3871 5247 6m-

2279 5271 2504 5339 τροφὰς
2523 5272 2621 5323 καὶ
2638 5272 3059 5343 σκεπάσματα,
3087 5278 3324 5345 τούτοις
3345 5280 3867 5356 ἀρκεσθησόμεθα.

2275 5366 2341 5417 οι
2364 5363 2434 5417 δὲ
2456 5365 2827 5434 βουλόμενοι
2867 5368 3179 5434 πλουτεῖν,
3234 5371 3661 5441 ἐμπίπτουσιν
3707 5383 3783 5445 εἰς
3819 5378 3870 5429 τὸ

2281 5456 2525 5526 ἄφυκτον
2558 5456 2853 5531 βάραθρον.
2898 5462 3009 5515 Καὶ
3027 5461 3215 5532 πάλιν,
3244 5465 3387 5522 ἰνα
3416 5470 3523 5523 καὶ
3554 5475 3613 5527 οἱ
3637 5474 3870 5544 ἔχοντες

666 5570 711 5660 δῖ
741 5568 1026 5660 Ρειηιλονξι,
1053 5569 1140 5621 10.
1217 5567 1265 5660 δέ
1286 5566 1686 5660 Μοιῑιιιιι.ρχν,14
1763 5566 1844 5660 :nl
1863 5567 1991 5627 Cor.
2019 5587 2139 5634 xm,
2165 5572 2172 5624 .'

2297 5569 2342 5602 '°
2365 5569 2568 5641 Ephes.
2595 5587 2647 5633 ν,
2672 5571 2749 5630 15.
2827 5572 2870 5605 ⁸¹
2901 5573 3047 5631 Psal.
3101 5556 3375 5648 Lxxxvttt,
3412 5582 3509 5641 49.
3590 5588 3639 5620 ⁵⁵
3676 5587 3866 5660 Ephes.

596 5656 648 5707 v,
674 5641 728 5695 4.
804 5640 851 5671 ⁸³
888 5640 904 5692 l
936 5637 1079 5691 Tim.
1110 5654 1187 5702 v1,
1228 5639 1281 5693 8.
1362 5639 1446 5692 “l
1478 5638 1604 5694 Cor.
1632 5656 1728 5702 \‘ll,
1764 5638 1855 5694 ‘29.

2109 5752 2340 5812 ΝΟΤᾹΖ.

669 5846 783 5916 (ιὸ)
817 5845 876 5900 lu
902 5846 1025 5901 cod.
1062 5846 1195 5914 Reg.
1238 5852 1375 5915 pza'.
