3964 6320
155 401 297 469 1389

1359 388 1900 450 EPISTOLARUM
1965 388 2111 448 LIB.
2145 387 2228 447 II.

3290 385 3427 450 1390

151 518 461 590 γυναῖκας,
521 513 603 580 ὠς
640 510 729 582 μὴ
768 511 1014 580 ἔχοντες
1053 501 1224 562 ὦσιν.
1285 503 1443 569 Ἰδοὺ,
1501 499 1735 558 δέσποτὰ

1842 517 1945 556 non
1971 501 2220 556 habentes
2255 501 2361 554 sint
2390 501 2457 554 ".
2496 499 2659 562 Ecce,
2693 499 2766 554 mi
2792 497 3037 564 domine,
3073 497 3306 569 adegisti
3340 515 3426 553 me

155 631 279 686 μου,
307 606 628 679 ὴνάγκασάς
662 621 732 676 με
766 603 829 655 τὸ
870 600 1148 670 δικαίωμα
1183 597 1278 652 τοῦ
1312 598 1448 651 Θεοῦ
1478 596 1734 663 ἀναγγεῖ-

155 704 236 760 λαί
295 719 397 756 σοι.
450 699 786 766 Σπεύσωμεν
823 693 1125 764 ἀμφότεροι
1160 690 1423 761 σωθῆναι.
1475 687 1735 758 Ἀρκεσι-ὸς

157 797 277 866 ἡμῖν
303 796 330 847 6
360 789 751 864 παρεληλυθὼς
786 789 977 860 χρόνος
1004 787 1101 840 τοῦ
1135 786 1274 857 βίου,
1304 785 1366 838 τὸ
1398 784 1608 855 θέλημα
1632 782 1732 852 τῆς

151 888 350 958 σαρκὸς
399 882 874 956 κατεργάσασθαι.
927 879 1080 941 Νῦν,
1113 880 1328 948 φησὶνὸ
1383 876 1726 942 Ἀπόστολος,

144 984 343 1047 καιρὸς
368 977 812 1046 εὐπρόσδεκτος
837 1012 852 1036 ,
881 971 1000 1026 νῦν
1026 972 1217 1041 ἡμέρα
1239 970 1559 1039 σωτηρίας.
1600 968 1731 1022 Ἰδοὺ

147 1073 174 1122 6
203 1071 407 1139 ἀγαθὸς
442 1070 574 1133 Θεὸς
606 1068 893 1137 ἐκδέχεται
927 1065 1034 1128 ἓως
1072 1065 1311 1134 ἐσχάτης
1332 1062 1611 1132 ἀναπνοῆς
1639 1062 1732 1116 τὸν

149 1165 362 1236 καρπὸν
401 1164 592 1235 ήμῶν*
651 1159 727 1231 μὴ
759 1160 943 1212 εἴποι*
1002 1158 1315 1221 Ἐκκοψον
1368 1155 1578 1214 αὐτὸν,
1630 1153 1732 1205 ἵνα

148 1259 205 1312 τί
227 1261 324 1312 καὶ
357 1259 470 1324 τὴν
503 1253 620 1324 γῆν
669 1250 987 1321 καταργεῖ;
1041 1249 1117 1320 μὴ
1155 1249 1349 1320 κλείσῃ
1381 1246 1506 1300 καθ’
1543 1245 1725 1316 ήμῶν,

149 1349 240 1403 καὶ
270 1349 372 1401 οὐκ
402 1346 550 1398 ἔστιν
580 1343 810 1409 ἄνοιξις’
850 1342 924 1410 μὴ
958 1339 1114 1392 λάϐοι
1149 1339 1296 1407 ἡμᾶς
1319 1340 1347 1390 6
1379 1336 1621 1398 διάϐολος
1648 1335 1727 1398 είς

151 1443 314 1512 μέρος
352 1435 541 1501 αὑτοῦ,
600 1433 1110 1504 συγκολαζομένους
1151 1428 1382 1484 αἰώνια·
1445 1429 1520 1500 μὴ
1566 1427 1734 1496 ἀνάρ-

149 1549 346 1587 παστοι
371 1531 526 1597 ἄφνω
559 1527 874 1598 γενοίμεθα.
903 1525 1143 1586 Ποσάκις
1165 1524 1371 1590 ἐγγύας
1389 1521 1728 1590 δεδώκαμεν,

149 1626 223 1685 ὡς
246 1624 293 1675 εἰ
315 1624 414 1691 τῆς
449 1619 755 1684 ἀσθενείας,
793 1618 824 1689 ἢ
855 1616 1010 1670 τοῦδε
1047 1614 1143 1669 τοῦ
1184 1615 1462 1680 κινδύνου,
1495 1615 1527 1684 ἦ
1563 1613 1730 1683 τῆσδε

148 1721 246 1783 τῆς
275 1716 509 1785 θλίψεως
542 1714 851 1785 ῥυσθῶμεν,
890 1711 1008 1782 Θεῷ
1056 1712 1295 1781 γνησίως
1328 1708 1692 1777 δουλεύσομεν
1713 1723 1728 1736 ·

150 1809 242 1864 καὶ
284 1809 447 1862 πάλιν
507 1805 888 1875 ἐπελαϐόμεθα
935 1805 1047 1857 τῶν
1090 1803 1408 1874 συνθηκῶν;
1460 1801 1567 1863 ἓως
1599 1799 1730 1853 πότε

149 1901 400 1968 ἀνέξεται
422 1917 437 1965 ;
463 1899 569 1963 ἕως
601 1899 746 1961 τίνος
765 1898 918 1950 ἐάσει
944 1914 958 1959 ς
1004 1897 1255 1967 Ἀνάγκη
1281 1896 1499 1957 πάντως
1534 1891 1729 1964 μικρὸν

150 1996 377 2067 ὕστερον
398 1992 637 2058 ἐξελθεῖν
671 1990 778 2043 τῶν
813 1987 1052 2044 ἐνθένδε.
1081 1988 1173 2059 Μὴ
1203 1988 1386 2041 τοίνυν
1408 1984 1731 2057 εύρεθῶμεν

148 2086 636 2158 ἀπαρασκεύαστοι
693 2083 801 2135 τῶν
847 2081 1074 2150 ἀγαθῶν
1119 2080 1323 2152 ἔργων,
1372 2080 1464 2133 ἵνα
1531 2077 1609 2148 μὴ
1671 2076 1733 2130 τὸ

147 2182 269 2234 οὐαὶ
294 2183 430 2251 ἡμῖν
460 2180 543 2250 εἴη
572 2175 796 2230 αἰώνιον
823 2174 919 2228 καὶ
945 2174 1256 2244 ἀπέραντον
1286 2189 1300 2204 ·
1333 2172 1450 2226 ἀλλ’
1491 2171 1552 2224 ἐν
1582 2171 1726 2224 ἐτοι-

152 2274 318 2344 μασίᾳ
376 2270 816 2343 εὐαρεστήσεως,
859 2266 1008 2329 ὃπως
1064 2264 1489 2336 συμϐασιλεύειν
1542 2262 1735 2335 Κυρίῳ

151 2363 579 2434 καταξιωθῶμεν
617 2361 698 2424 εἰς
727 2359 1124 2428 άτελευτήτους
1149 2357 1382 2421 αἰῶνας.
1418 2357 1455 2408 Γ
1462 2356 1660 2408 ἐνοιτο.

357 2471 497 2525 ΡΙΗ¹
529 2469 665 2540 (14).
705 2498 773 2507 -
797 2467 1167 2539 Εὐφροσύνην
1197 2466 1526 2536 ἡγουμένῃ.
1555 2463 1740 2538 [χνγ’.]

1836 604 1897 649 ut
1930 594 2135 664 justam
2163 592 2259 647 Dei
2311 593 2489 663 legem
2541 594 2929 646 annuntiat-em
2961 591 3078 646 tibi.
3123 591 3430 646 Contenda-

1835 703 1959 742 mus
1989 688 2150 741 ambo
2178 695 2238 740 ut
2256 687 2392 742 salvi
2417 685 2610 741 simus.
2641 685 2788 740 Satis
2815 685 2972 739 nobis
3009 683 3175 755 fuerit
3198 692 3426 754 praeter-

1837 780 1970 834 itum
2004 781 2133 834 vitae
2187 790 2424 850 tempus,
2461 790 2523 833 ut
2551 780 2822 834 desideria
2847 779 3034 832 carnis
3062 778 3428 846 expleremus.

1837 872 2018 937 Nunc,
2045 874 2122 927 ait
2174 872 2494 942 Apostolus,
2529 881 2731 941 tempus
2765 869 3108 940 acceptabile,
3148 886 3286 922 nunc
3317 873 3430 922 dies

1834 965 2025 1019 salutis
2054 965 2124 1018 ⁸⁸.
2171 963 2311 1020 Ecce
2349 964 2528 1018 bonus
2593 963 2736 1017 Deus
2789 978 2966 1032 usque
3015 963 3081 1015 ad
3120 973 3428 1016 extremum

1835 1058 2089 1128 Spiritum
2113 1065 2398 1127 exspectat
2423 1056 2660 1112 fructum
2684 1071 2714 1109 a
2740 1055 2937 1122 nobis;
2970 1071 3038 1110 ne
3071 1054 3256 1109 dicat:
3295 1054 3434 1109 Suc-

1834 1152 1950 1206 cide
1975 1151 2152 1213 illum,
2183 1160 2239 1203 ut
2262 1149 2388 1219 quid
2412 1149 2574 1202 etiam
2604 1159 2800 1202 terram
2828 1158 3050 1215 occupat
3077 1148 3159 1201 '7?
3188 1163 3254 1201 ne
3278 1149 3433 1201 clau-

1836 1243 1933 1298 dat
1971 1243 2154 1307 nobis,
2189 1253 2244 1297 et
2270 1257 2381 1296 non
2416 1241 2486 1296 sit
2514 1242 2606 1310 qui
2643 1242 2855 1310 aperiat
2889 1260 2900 1294 :
2944 1257 3012 1295 ne
3047 1249 3298 1295 assumat
3330 1255 3432 1293 nos

1835 1336 2090 1393 diabolus
2121 1335 2177 1390 in
2204 1345 2407 1390 sortem
2435 1350 2589 1389 suam
2617 1350 2742 1388 cum
2777 1333 2895 1403 ipso
2931 1333 2986 1386 in
3023 1341 3293 1387 aeternum
3327 1347 3428 1400 pu—

1834 1430 2070 1485 niendos
2105 1445 2118 1482 :
2157 1443 2226 1482 ne
2249 1436 2478 1497 repente
2513 1426 2687 1495 abripi
2725 1441 2824 1479 nos
2860 1427 3167 1492 contingat.
3201 1425 3432 1490 Quoties

1834 1520 2255 1591 spopondimus,
2278 1533 2402 1580 nos,
2437 1517 2483 1571 si
2518 1518 2587 1572 ab
2617 1517 2957 1581 inlirmitate,
2983 1518 3028 1571 si
3057 1518 3125 1570 ab
3151 1517 3254 1571 hoc
3285 1519 3432 1585 peri-

1834 1613 1982 1674 culo,
2032 1609 2078 1666 si
2115 1610 2183 1664 ab
2214 1610 2320 1663 hac
2378 1624 2625 1663 aerumna
2659 1608 3045 1673 liberaremur,
3081 1608 3190 1663 Deo
3217 1609 3433 1663 sincere

1834 1705 2166 1760 servituros:
2199 1710 2253 1756 et
2277 1711 2466 1772 postea
2493 1701 2808 1771 paetionum
2829 1701 2983 1755 obliti
3014 1716 3208 1756 sumus
3235 1701 3434 1768 ’ἰριιο-

1841 1812 2016 1867 usque
2049 1795 2269 1850 tandem
2322 1794 2666 1849 sustinebit?
2703 1809 2994 1864 quousque
3020 1795 3302 1850 cessabit?
3329 1793 3436 1848 Nc-

1833 1904 1987 1946 cesse
2022 1899 2108 1945 est
2129 1902 2361 1958 prorsus
2392 1886 2554 1955 paulo
2584 1895 2709 1955 post
2736 1887 2866 1942 hinc
2897 1888 3071 1942 abire.
3102 1887 3222 1942 Non
3263 1889 3434 1958 igitur

1831 1981 2316 2053 deprehendamur
2345 1995 2375 2033 a
2403 1978 2564 2034 bonis
2583 1979 2841 2048 operibus
2865 1981 3142 2049 imparati,
3181 1997 3248 2036 ne
3275 1982 3436 2038 nobis

1831 2086 2098 2130 aeternum
2143 2082 2198 2128 et
2229 2074 2335 2127 fine
2379 2086 2577 2126 carens
2602 2086 2683 2124 vae
2729 2071 2990 2126 obveniat
3023 2091 3036 2138 ;
3090 2073 3186 2127 sed
3220 2089 3434 2142 praepa-

1831 2174 2023 2221 rantes
2071 2180 2174 2220 nos
2219 2164 2286 2218 ad
2320 2161 2677 2219 obtinendam
2709 2163 2805 2218 Dei
2835 2179 3044 2234 pacem,
3084 2176 3142 2220 ut
3166 2183 3291 2220 cum
3323 2167 3436 2220 Do-

1834 2258 1985 2313 mino
2017 2271 2250 2328 regnare
2279 2270 2595 2311 mereamur
2619 2253 2676 2308 in
2717 2258 2917 2312 saecula
2947 2273 3058 2312 non
3095 2259 3430 2314 desinentia.

1836 2349 1980 2404 Fiat.

2096 2461 2334 2518 CXVIII.
2362 2493 2431 2504 —
2466 2462 2835 2535 Euphrosyna:
2869 2465 3192 2535 pra’positat.

385 2584 453 2633 Ut
474 2581 664 2643 matris,
689 2581 835 2643 cujus
860 2579 1050 2629 obitum
1084 2580 1379 2640 defleverat,
1417 2582 1629 2629 virtutes
1655 2577 1833 2629 imitari
1869 2579 2086 2639 studeat,
2111 2577 2392 2641 praesertim
2420 2577 2470 2627 in
2497 2579 2788 2629 monasterii
2814 2580 3196 2644 gubernatione.

220 2693 381 2764 Ἀρτι
439 2691 643 2763 μᾶλλον
697 2691 1037 2761 ἀποδέχομαι
1092 2691 1194 2762 τὴν
1247 2690 1543 2760 τιμιότητά
1596 2705 1733 2743 σου·

149 2783 652 2854 ἀποκλαυσαμένην
672 2783 772 2854 τήν
807 2784 1090 2853 μακαρίαν
1127 2782 1347 2852 μητέρα
1372 2798 1385 2811 ·
1428 2783 1517 2834 ὅτε
1546 2782 1737 2852 ἐξελη-

149 2876 322 2939 λυθὼς
351 2878 379 2929 6
407 2875 714 2945 οἰκονόμος,
745 2874 1053 2945 ἀπήγγειλε
1081 2872 1539 2945 παρακεκλῆσθαι
1567 2873 1739 2943 αὐτὴν

150 2971 208 3022 ἐν
254 2969 466 3040 Κυρίῳ.
513 2967 627 3036 Ἐφ’
685 2959 730 3035 ᾧ
787 2968 882 3020 καὶ
920 2969 954 3037 ή
1007 2965 1343 3029 ταπείνωσίς
1409 2982 1509 3036 μου
1545 2965 1734 3035 ἀνείθη

151 3060 532 3130 φροντίζοντος
573 3057 644 3112 τά
678 3059 818 3112 κατά
861 3058 920 3112 σέ
971 3059 1046 3122 ὡς
1092 3057 1333 3128 ἀδελφῆς
1382 3058 1440 3109 ἐν
1487 3056 1728 3128 Χριστῷ.
1761 3093 1801 3150 C

152 3156 243 3206 Δεῖ
267 3153 399 3222 γὰρ,
429 3147 474 3206 ὦ
500 3151 692 3223 κυρία,
723 3154 782 3205 ἐν
800 3154 913 3214 τοῖς
946 3152 1250 3221 φιλτάτοις,
1273 3149 1373 3204 καὶ
1397 3149 1575 3219 τὸτῆς
1595 3149 1733 3219 ἀγά-

154 3263 260 3316 πης
285 3243 766 3314 ἐνδεικνυμένους,
799 3241 1074 3312 πενθῆσαι
1102 3237 1377 3310 φυσικῶς,
1400 3243 1495 3293 καὶ
1527 3241 1606 3310 τῷ
1639 3240 1736 3310 τῆς

154 3335 363 3399 ἐλπίδος
388 3332 843 3405 ἐπερειδομένους
875 3332 1132 3400 δόγματι,
1167 3330 1591 3402 παρακληθῆναι
1615 3330 1735 3383 θεο-

154 3427 402 3497 πρεπῶς,
432 3427 556 3497 μηδ’
581 3423 862 3495 ὁποτέρως
892 3423 1244 3495 λυμήνασθαι
1283 3423 1345 3476 τὸ
1376 3422 1562 3476 καλόν.
1595 3424 1738 3476 Ἴσον

151 3522 258 3590 γάρ
310 3522 460 3574 ἐστιν
514 3517 853 3589 ἀναλγησίας
900 3519 934 3589 ή
995 3518 1344 3589 ὑπέρμετρος
1380 3515 1736 3588 περιωδυνία.

153 3616 394 3686 Μέτροις
429 3613 680 3682 ἀγόμεθα
706 3612 802 3665 καὶ
825 3612 1014 3665 κανόσι
1041 3611 1232 3676 θείοις,
1270 3611 1365 3664 καὶ
1419 3611 1654 3681 μάλιστα
1689 3608 1740 3660 οἱ

153 3708 213 3759 τὸ
283 3708 380 3778 τῆς
453 3705 796 3774 τελειότητος
884 3703 1218 3774 ἐπάγγελμα
1299 3701 1735 3774 ἐπανῃρημένοι.

156 3798 428 3852 Ἐκλαυσε
455 3797 552 3851 καὶ
585 3796 790 3850 Μωσέα
819 3795 911 3848 τὸν
948 3794 1230 3864 θεόπτηνὸ
1262 3792 1413 3856 λαὸς,
1448 3792 1584 3846 ἀλλὰ
1615 3808 1738 3844 τεσ-

157 3893 465 3963 σαράκοντα
511 3891 760 3963 ήμέρας⁶
831 3890 926 3944 καὶ
999 3888 1203 3959 Ῥαχὴλ
1268 3888 1369 3959 τὴν
1425 3886 1739 3958 θαυμασίαν

166 3985 359 4039 Ἰακὼὸ
389 3987 417 4038 6
444 3988 796 4055 πατριάρχης
841 3985 939 4038 σὺν
970 3983 1186 4045 τέκνοις
1211 3997 1225 4012 ·
1273 3981 1411 4034 ἀλλά
1455 3980 1740 4051 βραχείαις

157 4079 391 4147 ἡμέραις
415 4095 429 4108 ·
484 4078 580 4131 καὶ
609 4077 773 4130 αὑτὸν
812 4077 1011 4148 Ἰωσὴφ
1041 4078 1071 4130 6
1132 4074 1596 4146 πολυθρύλλητος,
1643 4070 1742 4127 καὶ

156 4171 349 4232 ἄλλους
380 4171 537 4224 ἄλλοι
575 4169 632 4222 ἐν
664 4186 723 4221 τε
769 4169 983 4240 Παλαιᾷ
1012 4168 1108 4221 καὶ
1150 4167 1269 4239 Νέᾳ
1295 4167 1544 4239 Διαθήκῃ
1569 4185 1584 4200 ο
1620 4164 1739 4220 ἀλλ’

155 4263 502 4334 ὡρισμένως,
532 4262 627 4314 καὶ
647 4261 750 4314 οὐκ
771 4262 883 4314 ἀεί⁹
907 4259 1051 4314 οὕτω
1081 4260 1147 4329 δὴ
1183 4261 1276 4313 καὶ
1299 4260 1439 4331 αὐτὴ
1465 4260 1742 4329 ποιήσασα

156 4359 249 4408 καὶ
281 4356 535 4417 ποιοῦσα,
568 4352 851 4425 ἐπαινετὴ,
879 4352 1033 4423 παρά
1060 4367 1121 4404 τε
1144 4350 1263 4421 Θεῷ
1281 4352 1377 4404 καὶ
1404 4350 1735 4424 ἀνθρώποις.

1905 2689 2064 2744 Nunc
2106 2687 2220 2759 jam
2262 2689 2440 2760 magis
2469 2690 2633 2745 laudo
2659 2691 3027 2746 reverentiam
3064 2700 3236 2749 tuam.
3286 2687 3435 2760 quod

1837 2781 2060 2835 beatam
2095 2792 2323 2838 matrem
2362 2784 2597 2839 deflendi
2629 2783 2793 2838 ﬁnem
2823 2782 2973 2851 fecit,
3010 2782 3234 2853 quando
3252 2799 3440 2852 egres-

1835 2886 1929 2926 sus
1952 2871 2304 2927 ()Economus
2337 2882 2390 2928 te
2416 2874 2854 2929 consolationem
2889 2875 2945 2929 in
2991 2875 3226 2930 Domino
3269 2876 3441 2930 admi-

1835 2964 1972 3019 sisse
1999 2966 2355 3020 renuntiavit.
2403 2965 2483 3020 Ex
2517 2983 2627 3037 quo
2654 2976 2709 3022 et
2739 2967 2989 3022 dolorem
3026 2983 3250 3038 quoque
3279 2968 3413 3022 remi

1837 3058 1908 3112 sit
1971 3059 2259 3113 humilitas
2303 3075 2446 3125 mea,
2494 3060 2563 3116 de
2617 3069 2670 3116 te
2719 3069 2985 3132 tanquam
3031 3061 3099 3115 de
3158 3077 3348 3116 sorore
3380 3061 3437 3116 in

1839 3149 2062 3204 Christo
2094 3151 2350 3207 sollicita.
2392 3151 2556 3207 Decet
2586 3168 2848 3221 namque,
2885 3153 3134 3218 domina,
3168 3162 3232 3208 ut
3259 3153 3424 3206 amici

1842 3241 1988 3298 inter
2014 3257 2074 3298 se
2114 3252 2166 3298 et
2192 3245 2480 3299 charitatis
2531 3245 2811 3314 specimen
2844 3245 3038 3300 dantes
3073 3245 3296 3316 lugeant
3334 3259 3432 3299 na-

1841 3344 1976 3390 turte
2001 3336 2192 3401 ductu,
2233 3345 2286 3391 et
2318 3337 2385 3391 iis
2417 3353 2540 3407 quae
2580 3352 2708 3407 spes
2733 3338 2892 3392 docet
2925 3337 3100 3392 innixi
3133 3338 3435 3394 secundum

1845 3430 2013 3484 Deum
2078 3430 2457 3496 consolentur,
2505 3439 2874 3500 neutramque
2911 3429 2964 3483 in
3017 3439 3229 3500 partem
3266 3430 3440 3483 hone—

1841 3530 1986 3575 stum
2012 3521 2267 3576 violetur.
2313 3520 2413 3574 Par
2465 3522 2610 3576 enim
2656 3531 2738 3576 est
2782 3530 3018 3590 stupori,
3068 3523 3160 3590 qui
3209 3522 3434 3576 modum

1843 3614 2059 3668 excedit
2093 3614 2302 3668 nimius
2331 3613 2515 3667 dolor.
2566 3611 2839 3668 Mensuris
2879 3629 3108 3683 agamur
3137 3623 3192 3667 et
3236 3615 3440 3684 regulis

1845 3707 2070 3772 divinis,
2102 3722 2206 3762 nos
2234 3705 2477 3760 maxime
2511 3705 2606 3775 qui
2643 3703 3000 3776 perfectionis
3032 3707 3437 3774 professionem

1843 3801 2133 3870 elegimus.
2172 3799 2392 3854 Planxit
2424 3806 2478 3853 et
2508 3797 2744 3870 Moysem
2777 3796 2872 3852 Dei
2894 3809 3312 3869 conspectorem
3336 3816 3440 3869 po-

1843 3894 2024 3962 pulus,
2077 3892 2171 3946 sed
2243 3891 2436 3945 diebus
2495 3891 2866 3963 quadraginta
2905 3909 2919 3946 :
2958 3900 3014 3946 et
3054 3891 3438 3946 admirandam

1845 3986 2139 4041 Raclielem
2183 4001 2307 4040 cum
2354 3986 2486 4040 filiis
2511 3986 2827 4054 patriarcha
2880 3983 3075 4050 Jacob,
3129 3989 3220 4039 sed
3251 3988 3442 4056 paucis

1843 4081 2036 4135 diebus
2075 4094 2091 4134 :
2132 4087 2185 4133 et
2215 4080 2360 4133 hunc
2384 4079 2566 4149 ipsum
2603 4077 2998 4132 celeberrimus
3026 4076 3252 4148 Joseph,
3278 4080 3446 4134 alios-

1844 4187 1952 4242 que
2007 4171 2099 4225 alii
2125 4179 2240 4224 tum
2295 4170 2349 4224 in
2382 4169 2596 4234 Vetere,
2633 4179 2747 4224 tum
2782 4170 2836 4224 in
2878 4170 3030 4225 Novo
3060 4170 3440 4228 Testamento.

1844 4265 1939 4320 sed
1967 4275 2119 4320 certo
2145 4275 2412 4334 tempore,
2446 4280 2552 4318 non
2585 4278 2824 4333 semper.
2851 4262 3009 4330 Quod
3034 4274 3089 4318 et
3111 4275 3164 4318 tu
3190 4264 3447 4320 similiter

1845 4373 1970 4411 cum
2017 4356 2196 4426 egeris
2229 4371 2494 4427 agasque,
2552 4355 2853 4412 laudabilis
2880 4373 2940 4411 es
2985 4357 3131 4426 apud
3182 4357 3355 4411 Deum
3392 4372 3446 4411 et

157 4445 385 4508 Βλέποις
408 4446 501 4499 ἀεὶ
538 4445 679 4498 κατὰ
721 4443 847 4498 νοῦν
884 4444 984 4514 τὴν
1021 4442 1392 4514 ποθουμένην,
1451 4444 1545 4495 καὶ
1589 4441 1735 4512 μάλα

1842 4446 1984 4517 apud
2033 4446 2309 4500 homines.
2344 4449 2568 4502 Intuere
2601 4462 2819 4516 semper
2869 4447 3060 4502 animo
3090 4463 3258 4518 quam
3292 4449 3443 4503 desi-

158 4538 548 4608 συμϐουλεύω·
587 4538 646 4602 ἐξ
671 4532 732 4591 οὗ
767 4537 1173 4600 εύκατάνυκτος
1211 4535 1332 4609 ἔσῃ,
1376 4537 1732 4606 μισόκοσμος,

157 4631 422 4697 φιλόθεος,
477 4631 904 4701 ἐμπαράσκευος
958 4629 1101 4700 πρὸς
1152 4627 1253 4699 τὴν
1301 4627 1472 4699 αὐτὴν
1523 4627 1732 4692 ἔξοδον·

155 4717 214 4776 οὗ
245 4724 296 4776 τί
321 4724 390 4777 ἂν
414 4723 633 4793 γένοιτο
676 4721 1227 4794 σωτηριωδέστερον;

226 4897 301 4951 Τὸ
329 4896 625 4953 πιστευθὲν
652 4913 736 4949 σοι
783 4897 1033 4966 ποίμνιον
1077 4894 1169 4951 τοῦ
1227 4894 1364 4948 Θεοῦ
1424 4895 1740 4966 ποιμαίνοις

155 4992 315 5055 όσίως
343 4993 418 5055 ὥς
449 4992 642 5064 μήτηρ
666 4991 1038 5061 πνευματικὴ,
1071 4990 1188 5043 ἀλλ’
1212 4991 1313 5044 οὐκ
1345 4990 1592 5063 ἄρχουσα
1641 4991 1741 5045 άν-

160 5085 473 5155 θρωπίνως,
499 5085 576 5148 ὡς
603 5083 849 5138 τυποῦσα
882 5083 949 5137 δι’
979 5084 1179 5152 ἑαυτῆς
1217 5085 1274 5136 ἐν
1303 5087 1417 5148 τοῖς
1460 5084 1583 5138 κατ’
1655 5087 1743 5139 ἐν·

1841 4539 2004 4593 deras
2042 4557 2054 4592 :
2083 4554 2415 4610 magnopere
2439 4539 2489 4592 id
2521 4539 2759 4606 suadeo;
2787 4555 2852 4593 ex
2880 4555 2991 4610 quo
3018 4549 3071 4594 et
3097 4540 3262 4596 facile
3285 4555 3440 4595 com-

1844 4633 2128 4702 pungeris,
2158 4643 2211 4687 et
2261 4633 2450 4687 odium
2484 4633 2732 4703 concipis
2765 4633 2982 4701 mundi,
3017 4648 3262 4690 amorem
3320 4631 3439 4700 Dei,

1848 4736 2010 4796 teque
2037 4725 2104 4780 ad
2139 4737 2372 4780 mortem
2401 4727 2576 4797 ipsam
2611 4727 2961 4796 comparabis
2988 4743 3004 4780 :
3035 4741 3147 4797 quo
3169 4727 3300 4797 quid
3317 4741 3443 4783 esse

1847 4827 2028 4888 potest
2057 4817 2121 4871 ad
2154 4817 2386 4871 salutem
2410 4817 2912 4874 accommodatius?

1912 4909 2278 4965 Commissum
2311 4911 2404 4965 tibi
2443 4909 2536 4964 Dei
2572 4925 2790 4981 gregem
2850 4919 3042 4968 sancte
3084 4911 3348 4982 guberna,
3381 4920 3444 4968 ut

1841 5001 2142 5072 spiritualis
2177 5012 2368 5066 mater,
2403 5018 2511 5056 non
2539 5011 2599 5058 ut
2630 5004 2872 5058 humano
2906 5019 3059 5059 more
3089 5006 3389 5075 pmsidens
3417 5023 3433 5059 :

1842 5103 1904 5149 ut
1935 5110 2030 5165 per
2052 5095 2280 5160 teipsam
2322 5095 2460 5150 dans
2496 5097 2803 5167 exemplum
2836 5097 2890 5152 in
2934 5097 3001 5153 iis
3033 5113 3154 5168 quze
3202 5114 3442 5168 praecep-

155 5181 337 5249 τολὴν,
366 5182 486 5236 ἀλλ’
520 5179 622 5232 οὐκ
653 5178 961 5233 ἀπαιτοῦσα
1007 5178 1077 5232 τὰ
1147 5178 1288 5248 ὑπὲρ
1344 5179 1574 5250 δύναμιν
1598 5193 1611 5208 ·
1669 5180 1735 5243 ὡς

1844 5197 1896 5240 ta
1931 5195 2078 5252 sunt,
2115 5201 2225 5240 non
2252 5203 2375 5256 quae
2399 5203 2564 5258 supra
2590 5189 2733 5244 vires
2763 5190 3026 5260 exigens;
3061 5200 3317 5261 tanquam
3369 5205 3434 5245 ex

157 5274 350 5346 ἐπίσης
381 5276 441 5328 ἐν
469 5273 674 5335 πάσαις
706 5276 774 5344 τῇ
804 5274 996 5344 ἀγάπῃ
1050 5270 1556 5342 καταμεριζομένη,
1624 5271 1742 5326 ἀλλ’

156 5363 215 5415 οὐ
275 5362 684 5434 προστιθεμένη
722 5362 857 5433 ἄλλῃ
886 5361 1064 5426 ἄλλως
1116 5361 1184 5416 δι’
1232 5363 1466 5433 αἵματος
1517 5363 1738 5434 τρόπον.

169 5453 331 5527 Ὁρᾷς
353 5457 506 5518 ὅπως
525 5453 998 5525 νενομοθετήμεθα
1022 5453 1158 5525 πρὸς
1173 5454 1269 5524 τῆς
1291 5455 1551 5526 ἀληθείας
1572 5472 1586 5520 ;
1620 5455 1740 5507 ’Λλ-

1849 5294 2009 5348 :equo
2056 5278 2379 5332 charitatem
2445 5281 2703 5335 omnibus
2734 5281 3071 5352 impertiens,
3104 5299 3210 5337 non
3275 5282 3438 5335 aliam

1853 5369 1945 5422 alii
2007 5383 2105 5438 per
2190 5367 2442 5424 affecmm
2511 5370 2795 5441 sanguinis
2860 5379 3219 5440 anteponens.
3275 5369 3440 5425 Vides

1855 5476 1976 5531 quae
2005 5460 2149 5533 leges
2175 5460 2443 5532 impositre
2478 5463 2636 5519 nobis
2666 5464 2774 5518 sint
2818 5479 2848 5518 a
2872 5463 3098 5518 veritate
3126 5463 3149 5517 ?
3183 5463 3284 5520 Sed
3307 5460 3440 5534 quid

264 5593 308 5623 "
336 5591 354 5647 l
378 5591 509 5648 Cor.
545 5591 756 5657 vu,29.
834 5592 882 5624 “
908 5589 952 5647 ll
982 5589 1111 5649 Cor.
1144 5608 1219 5662 vt,
1253 5591 1307 5650 ‘2.
1385 5594 1430 5626 "
1473 5594 1606 5650 Luc.
1644 5609 1764 5661 xm,
1801 5593 1852 5648 7.

1696 5751 1922 5809 ΝΟΤίΕ.

233 5866 344 5935 (it)
372 5868 430 5923 In
466 5870 591 5925 cod.
624 5869 756 5939 Reg.
805 5869 948 5939 ρκη⁹.
