3964 6320
526 379 656 445 1391

1721 384 1779 442 S.
1821 382 2217 442 THEODORI
2259 381 2608 442 STUDITAS

3715 384 3863 447 139:?

520 500 598 551 ait
644 512 876 567 magnus
918 496 1167 553 Petrus?
1219 496 1287 551 Et
1328 516 1445 551 cum
1508 502 1815 568 apparuerit
1882 502 2123 570 princeps

2232 499 2295 552 λὰ
2320 500 2373 551 τί
2401 516 2570 569 φησιν
2598 500 2627 551 6
2660 498 2837 567 μέγας
2891 497 3136 566 Πέτρος;
3191 498 3303 551 Καί
3370 502 3861 568 φανερωθέντος

519 602 798 661 pastorum
830 630 845 654 ,
888 592 1185 661 percipietis
1228 594 1723 648 immm'cescibilent
1788 595 1975 665 gloria:
2032 609 2121 647 co-

521 700 711 739 ronam
757 684 824 737 ⁸⁸.
912 684 1131 751 Quanta
1156 685 1253 740 tibi
1300 685 1421 740 laus
1451 688 1557 741 erit
1612 702 1798 742 coram
1844 685 2119 751 Domino,

513 778 831 833 exclamare
860 796 874 831 :
899 777 1033 832 Ecce
1067 794 1160 849 ego
1198 788 1248 831 et
1274 779 1464 848 paelice
1495 795 1627 850 quas
1677 779 1871 833 dedisti
1902 779 2032 832 mihi
2050 778 2118 831 ³⁸.

520 868 731 922 Addam
786 876 842 922 et
896 866 1030 922 illud
1088 866 1265 923 :Non
1336 885 1453 922 sum
1529 869 1854 939 defatigatus
1919 878 1966 921 te
2041 884 2124 921 se-

522 977 686 1030 quens
723 976 742 1015 :
768 970 818 1014 et
853 960 996 1014 diem
1022 961 1253 1015 hominis
1294 978 1399 1016 non
1436 962 1733 1016 desiderari
1762 1002 1777 1027 ,
1806 961 2024 1015 Domine
2054 961 2120 1015 ‘°.

521 1053 737 1109 Etenim
786 1052 867 1108 sic
932 1068 993 1110 se
1058 1069 1148 1109 res
1204 1054 1391 1119 habet,
1450 1054 1646 1109 Omnia
1707 1052 1820 1109 Deo
1880 1052 2123 1115 dedisti,

522 1146 713 1200 omnia
746 1146 1081 1201 existimasti
1133 1155 1193 1199 nt
1220 1154 1489 1210 stercora,
1533 1154 1595 1200 ut
1632 1146 1912 1201 Christum
1956 1144 2126 1199 lucri-

523 1236 701 1292 facias
733 1236 779 1267 “
834 1275 849 1292 .
888 1236 1092 1303 Quare,
1146 1236 1193 1292 si
1226 1252 1349 1306 qua:
1405 1246 1536 1291 sunt
1585 1238 1753 1292 etiam
1818 1237 2125 1293 tribulatio-

522 1344 644 1394 nes,
684 1327 887 1399 quibus
922 1327 1314 1384 conﬂictantur
1338 1328 1430 1398 qui
1457 1330 1762 1389 secundum
1814 1328 1985 1385 Deum
2041 1329 2126 1383 vi-

525 1432 636 1478 tam
694 1430 903 1493 agunt;
959 1420 1062 1488 fer,
1123 1423 1370 1477 domina.
1433 1422 1624 1477 Multa:
1648 1424 1788 1477 enim
1822 1424 2127 1478 tribulatio-

524 1531 616 1569 nes
629 1513 902 1584 justorum
941 1514 1010 1581 ⁸³,
1064 1524 1122 1569 ut
1151 1522 1381 1571 testatur
1414 1527 1638 1571 sanctus
1668 1515 1862 1581 David,
1894 1533 2016 1589 quae
2074 1527 2130 1573 et

527 1610 585 1663 in
619 1619 801 1665 mente
834 1618 889 1663 et
923 1608 975 1662 in
1039 1607 1305 1665 sensibus
1360 1608 1431 1663 ab
1489 1609 1713 1664 inimico
1775 1611 2123 1678 excitantur;

525 1702 685 1771 cujus
744 1711 803 1756 tu
872 1701 1108 1772 cogitata
1210 1702 1466 1771 ignorare
1550 1703 1701 1767 noli,
1761 1704 1921 1774 cujus
2004 1720 2128 1761 ver-

524 1796 699 1851 sutias
757 1795 866 1849 tuis
906 1795 1164 1866 precibus
1228 1802 1434 1860 averte,
1497 1793 1622 1849 Non
1650 1806 1727 1850 est
1767 1797 1917 1851 nobis
1957 1797 2127 1852 collu-

523 1888 714 1951 ctatio,
749 1895 808 1940 ut
858 1888 935 1941 ait
966 1887 1288 1957 Apostolus,
1343 1888 1594 1943 adversus
1651 1906 1864 1943 carnem
1910 1899 1961 1944 et
1996 1906 2122 1944 san—

523 1980 756 2047 guinem,
796 1978 887 2032 sed
911 1978 1165 2033 adversus
1192 1979 1528 2049 principatus
1562 1990 1612 2035 et
1647 1990 1931 2049 potestates
1962 1998 2120 2036 mun-

522 2070 578 2123 di
606 2069 764 2138 hujus
790 2070 879 2124 "z
934 2085 1169 2141 quarum
1232 2072 1463 2141 laqueos
1512 2072 1768 2139 evadere,
1820 2073 2001 2143 magni
2037 2084 2123 2129 est

524 2176 715 2215 revera
742 2162 1079 2217 certaminis.
1110 2163 1367 2217 Animam
1400 2162 1603 2220 habeas
1636 2163 1689 2218 in
1720 2180 1826 2235 qna
1858 2174 2122 2221 retractes

522 2270 647 2324 qua:
680 2254 1024 2324 contingunt.
1092 2254 1233 2311 Hinc
1271 2256 1419 2311 enim
1451 2255 1668 2311 frenum
1701 2266 1787 2311 est
1858 2255 2069 2327 peccati
2102 2296 2117 2320 ,

522 2356 578 2400 et
629 2347 896 2401 auxilium
933 2347 1200 2402 divinum.
1245 2347 1527 2419 Tanquam
1573 2365 1848 2419 germanae
1902 2365 2122 2405 sorores

527 2436 627 2490 tibi
657 2438 771 2491 sint
832 2438 1034 2507 quibus
1065 2452 1285 2509 prices:
1340 2448 1553 2508 oportet
1598 2440 1745 2492 enim
1791 2447 1847 2492 ut
1894 2438 2121 2507 singula:

525 2544 657 2584 suos
681 2530 778 2584 tibi
811 2530 1040 2586 affectus
1074 2541 1453 2601 exponant,et
1502 2548 1668 2602 quam
1705 2531 1770 2586 ad
1815 2547 1930 2587 rem
1980 2547 2120 2585 una-

524 2638 757 2695 quaeque
787 2624 857 2678 sit
886 2624 1216 2693 proclivior:
1260 2635 1317 2680 tu
1351 2639 1481 2679 vero
1534 2624 1655 2678 illas
1711 2624 1943 2693 benigne
1977 2625 2123 2678 exci-

525 2719 666 2787 pias,
694 2726 749 2771 et
780 2715 923 2771 hanc
976 2717 1199 2787 quidem
1226 2718 1551 2781 consoleris,
1589 2716 1719 2772 huic
1780 2717 1996 2771 animos
2025 2716 2124 2771 ad-

526 2813 673 2873 das,
713 2810 863 2864 illam
922 2812 1239 2878 confirmes,
1306 2818 1361 2865 et
1396 2814 1538 2881 quod
1609 2810 1837 2881 singulis
1899 2810 2119 2864 demum

528 2901 661 2955 utile
688 2909 771 2957 est
796 2900 1071 2956 conferas.
1112 2898 1225 2956 Nec
1266 2916 1398 2956 vero
1448 2900 1666 2955 tzedium
1710 2901 1811 2955 hac
1852 2901 1908 2955 in
1962 2916 2021 2957 re
2072 2913 2123 2958 te

528 2992 730 3061 capiat.
764 2991 909 3047 Deus
967 2992 1189 3063 adjutor
1222 2992 1491 3049 Dominus
1531 2992 1895 3048 corroborans
1926 3011 1940 3060 ;
1982 2994 2122 3049 inci-

529 3086 746 3155 piamus
778 3101 879 3140 nos
906 3094 1161 3153 tantum;
1220 3098 1273 3141 et
1314 3088 1433 3157 ipse
1489 3087 1638 3139 docet
1700 3085 2054 3139 scientiam“
2104 3125 2118 3139 .

531 3177 786 3232 Ᾱὲηιαίοτ
821 3194 933 3243 vos,
992 3179 1172 3249 inquit
1234 3180 1547 3248 Apostolus,
1590 3180 1929 3233 inmutatione
1979 3179 2123 3233 Dei:

531 3271 786 3337 despondi
834 3288 923 3324 vos
981 3272 1074 3324 uni
1120 3271 1256 3335 viro,
1310 3270 1565 3341 virginem
1631 3286 1836 3323 castam
1888 3271 2127 3325 exhibere

532 3362 745 3417 Christo
768 3362 814 3393 "
845 3402 860 3417 .
884 3363 977 3417 Sic
1017 3377 1107 3417 res
1139 3370 1358 3417 nostras
1386 3378 1445 3416 se
1467 3361 1668 3417 habere
1708 3362 1908 3431 cogita,
1942 3379 2124 3432 quan-

533 3465 646 3508 tum
690 3454 860 3523 hujus
887 3453 1305 3508 assimilationis
1338 3467 1631 3522 possumus
1701 3454 1918 3523 assequi
1952 3471 1965 3520 ;
2002 3453 2129 3507 licet

532 3545 737 3615 alioqui
767 3557 1083 3615 peccatores
1117 3545 1311 3600 simus.
1353 3545 1418 3599 Et
1454 3544 1598 3599 Deus
1646 3546 1817 3615 pacis,
1882 3546 1975 3616 qui
2034 3560 2129 3601 co-

534 3640 848 3711 gnmniuetu
911 3637 1063 3708 pacis
1124 3638 1338 3692 lrenem
1392 3648 1622 3692 matrem
1675 3648 1820 3692 tuam
1848 3639 1914 3692 ad
1955 3652 2016 3693 se
2074 3638 2128 3693 in

534 3748 668 3803 pace
690 3743 744 3788 et
766 3733 1061 3787 sanctitate
1092 3730 1420 3800 assumpsit,
1452 3748 1549 3801 per
1586 3732 1731 3785 illius
1776 3732 2007 3801 vestigia
2042 3733 2125 3786 vi-

536 3838 645 3879 tam
661 3832 715 3879 et
745 3824 1219 3879 conversationem
1255 3832 1403 3877 tuam
1457 3823 1694 3891 dirigere
1728 3823 2002 3893 dignetur,
2029 3838 2125 3893 pa-

534 3932 697 3973 scens
717 3927 1056 3988 pascentem,
1101 3916 1405 3986 ducemque
1460 3914 1762 3980 deducens,
1806 3917 1861 3970 in
1899 3918 2121 3972 Christo

930 4030 1194 4086 CXIX.—
1217 4028 1418 4083 Jacobo
1458 4029 1735 4084 monacho.

2224 588 2331 643 τοῦ
2368 588 2819 657 ἀρχιποίμενος,
2870 587 3227 656 κομίσασθε
3268 586 3383 641 τὸν
3415 590 3861 658 ἀμαράντινον

2223 680 2330 750 τῆς
2367 680 2555 747 δόξης
2585 681 2916 749 στέφανον.
2958 678 3178 732 Ἠλίκον
3213 696 3297 733 σοι
3328 679 3539 751 βοῆσαι
3603 684 3858 741 ἐνώπιον

2226 774 2437 845 Κυρίου
2460 790 2473 803 ·
2512 772 2671 828 Ἰδοὺ
2697 772 2814 842 ἐγὼ
2852 770 2951 825 καί
2983 772 3057 825 τὰ
3085 772 3295 825 παιδία
3328 773 3368 828 ἄ
3394 792 3507 843 μοι
3545 774 3857 843 δέδωκας.

2227 866 2534 938 Προσθείην
2568 866 2611 919 δ’
2636 866 2703 919 ἂν
2733 865 2957 919 κάκεῖνο
2982 880 2998 893 ·
3042 864 3185 936 Ἐγὼ
3220 867 3335 920 οὐκ
3378 867 3710 923 ἐκοπίασα
3736 887 3857 925 κα-

2225 957 2614 1013 τακολουθῶν
2638 974 2759 1021 σοι,
2797 957 2896 1010 καί
2925 955 3157 1025 ἡμέραν
3198 956 3529 1025 ἀνθρώπου
3559 963 3683 1015 οὐκ
3739 962 3853 1015 ἐπ-

2227 1054 2524 1122 εθύμησα,
2556 1052 2749 1119 Κύριε.
2780 1051 2891 1103 Καὶ
2915 1050 3027 1119 γὰρ
3064 1050 3239 1114 οὕτως
3293 1049 3433 1121 ἔχει.
3467 1053 3675 1109 Πάντα
3722 1055 3853 1126 Θεῷ

2226 1146 2489 1208 δέδωκας,
2523 1144 2703 1198 πάντα
2729 1144 2921 1214 ήγήσω
2947 1141 3217 1207 σκύϐαλα,
3272 1143 3359 1197 ἵνα
3389 1144 3649 1215 Χριστὸν
3710 1165 3853 1220 κερ-

2227 1238 2417 1309 δήσῃς.
2453 1237 2619 1290 Ὥστε
2648 1238 2697 1289 εί
2723 1236 2820 1289 καὶ
2843 1235 3076 1306 θλίψεις,
3121 1232 3210 1301 αἷς
3242 1237 3486 1302 συζῶσιν
3556 1241 3611 1293 οἱ
3680 1243 3853 1307 θείως

2227 1329 2601 1394 διαϐιοῦντες,
2631 1330 2823 1401 φέροις
2845 1370 2860 1394 ,
2893 1330 3336 1401 κυρία.Πο.ίλαὶ
3360 1331 3475 1401 γὰρ
3497 1334 3566 1385 αι
3593 1335 3850 1402 θλίψεις

2228 1418 2349 1472 τῶν
2378 1418 2629 1472 δικαίων
2651 1458 2667 1483 ,
2708 1418 2785 1481 ὠς
2816 1419 2914 1489 βοᾷ
2940 1420 2969 1472 ὁ
3003 1420 3158 1487 ἅγιος
3190 1419 3376 1486 Δαυῒδ,
3410 1423 3632 1490 νοητῶς
3658 1439 3725 1475 τε
3748 1426 3854 1477 καὶ

2228 1512 2510 1583 αἰσθητῶς
2545 1514 2921 1583 ἀναπτάμεναι
2948 1512 3101 1583 παρά
3126 1512 3222 1567 τοῦ
3254 1512 3474 1585 ἐχθροῦ.
3509 1509 3592 1568 Οῦ
3615 1517 3693 1568 τὰ
3725 1519 3855 1588 vei}-

2232 1626 2381 1679 ματα
2419 1610 2494 1679 μὴ
2520 1608 2709 1676 ἀγνόει
2738 1626 2753 1640 ·
2796 1603 2858 1663 οὖ
2879 1608 2980 1671 τὰς
3012 1608 3295 1679 μεθοδείας
3324 1612 3451 1674 ταῖς
3486 1616 3849 1682 προσευχαῖς

2228 1700 2459 1770 τροποῦ.
2491 1702 2612 1755 Οὐκ
2644 1701 2818 1755 ἐστιν
2852 1700 3001 1769 ἡμῖν
3024 1701 3064 1767 ἠ
3096 1702 3261 1770 πάλη
3317 1703 3470 1770 πρὸς
3520 1699 3677 1772 αἷμα
3740 1706 3849 1758 καί

2231 1790 2453 1861 σάρκα,
2488 1792 2565 1852 ὥς
2591 1794 2817 1863 φησινό
2881 1794 3231 1860 ’Λπόστολος,
3292 1798 3459 1849 ἀλλὰ
3509 1795 3677 1864 πρὸς
3728 1798 3845 1863 τὰς

2228 1884 2418 1952 ἀρχὰς
2447 1882 2547 1937 καί
2572 1884 2863 1951 ἐξουσίας
2891 1885 3000 1939 τοῦ
3029 1884 3175 1953 τῇδε
3214 1887 3451 1955 κόσμου
3475 1902 3489 1916 ·
3528 1881 3607 1940 ὦν
3631 1886 3845 1955 διαφυ-

2230 1978 2349 2046 γεῖν
2375 1977 2474 2039 τὰς
2503 1977 2759 2045 παγίδας,
2779 1978 3143 2047 ἀγωνιστικὸν
3172 1977 3251 2048 τῷ
3274 1978 3409 2033 ὄντι.
3431 1980 3626 2049 Ἔχοις
3652 1981 3845 2052 ψυχὴν

2228 2071 2287 2121 ἐν
2380 2068 2633 2141 ἀναϐήσῃ
2668 2070 2738 2123 τὰ
2766 2068 3158 2139 συμϐαίνοντα.
3200 2069 3482 2124 Ἐντεῦθεν
3520 2075 3638 2143 γάρ
3684 2075 3843 2143 χαλι-

2228 2159 2319 2223 νὸς
2352 2160 2633 2230 ἁμαρτίας
2664 2162 2761 2213 καὶ
2814 2160 3041 2232 βοήθεια
3096 2160 3235 2216 θεία.
3298 2154 3425 2214 Οἷον
3479 2163 3541 2213 αἱ
3592 2163 3842 2231 ἀδελφαὶ

2227 2252 2328 2323 τὴν
2358 2252 2458 2323 σὴν
2489 2252 2710 2323 ἔχουσαι
2747 2253 3089 2322 προστασίαν
3112 2269 3124 2282 ·
3154 2254 3239 2307 δεῖ
3266 2254 3376 2325 γὰρ
3418 2254 3595 2318 αὐτὰς
3642 2257 3842 2309 ἀνατί-

2230 2344 2421 2398 Θεσῧαί
2462 2362 2545 2398 σοι
2578 2345 2678 2408 τάς
2708 2344 2925 2402 ἑαυτῶν
2957 2344 3157 2416 ὀρμάς,
3194 2347 3289 2400 καὶ
3334 2347 3474 2416 πρὸς
3507 2347 3565 2399 τί
3617 2348 3837 2418 ἑκάστη

2229 2438 2699 2508 ὲπῖρῤεπέστερον
2738 2437 2876 2508 ἔχει,
2908 2439 3005 2491 καὶ
3054 2438 3228 2510 αὑτήν
3261 2438 3634 2510 ὑποδέχεσθαι
3658 2455 3675 2470 ·
3740 2444 3839 2495 καὶ

2228 2533 2327 2603 τὴν
2365 2533 2466 2601 μὲν
2498 2534 2859 2605 παρακαλεῖν,
2891 2535 2991 2604 τὴν
3019 2534 3077 2587 δὲ
3138 2535 3570 2606 προθυμεῖσθαι,
3621 2538 3734 2609 τὴν
3777 2541 3835 2593 δὲ

2232 2625 2656 2694 ἀσφαλίζεσοαι,
2726 2628 2821 2678 καὶ
2879 2626 3067 2689 ἁπλῶς
3102 2626 3165 2680 τὸ
3209 2628 3523 2698 πρόσφορον
3579 2629 3841 2693 ἀπάσαις

2231 2717 2592 2788 προσφέρειν.
2630 2717 2741 2769 Καὶ
2793 2718 2960 2787 μήτοι
3005 2718 3308 2789 ἀκηδιάσῃς
3364 2720 3423 2773 ὲν
3472 2718 3641 2791 τῷδε.
3699 2722 3837 2786 Θεὸς

2234 2811 2628 2880 συνασπιστὴς,
2657 2810 2864 2882 Κύριος
2895 2812 3201 2883 ὑπερείδων
3236 2830 3249 2842 ·
3277 2814 3439 2883 ἡμεῖς
3498 2815 3674 2883 μόνον
3730 2818 3837 2885 ἀρ-

2234 2901 2453 2970 ξώμεθα
2483 2920 2498 2934 ⁸
2523 2905 2617 2957 καὶ
2660 2905 2823 2968 αὐτὸς
2854 2904 3125 2957 διδάσκει
3159 2905 3404 2973 γνῶσιν.
3435 2907 3616 2974 Ζηλῶ
3642 2907 3831 2977 ὑμᾶς,

2233 2997 2399 3065 φησὶν
2428 2997 2457 3048 6
2495 2994 3017 3066 Ἀπόστολος,ζήλῳ
3042 2996 3191 3051 Θεοῦ
3227 3014 3240 3026 ·
3263 2998 3639 3069 ἡρμοσάμην
3662 2999 3833 3071 ὑμᾶς

2232 3086 2324 3140 ἐνὶ
2357 3088 2552 3153 ἀνδρί,
2581 3089 2887 3156 παρθένον
2917 3088 3115 3157 ἁγνὴν
3156 3090 3549 3158 παραστῆσαι
3580 3091 3668 3158 τῷ
3694 3096 3835 3163 Χριο

2231 3175 2375 3240 στῷ.
2412 3176 2598 3239 Οὕτως
2631 3177 2987 3253 ὑπολάμϐανε
3012 3178 3080 3230 τὰ
3113 3179 3235 3232 καθ’
3268 3181 3437 3249 ἡμᾶς,
3492 3182 3622 3235 ὅσον
3685 3188 3835 3238 κατά

2230 3268 2459 3337 ἔσχατον
2486 3269 2759 3339 ἀπήχημα
2787 3270 3183 3339 ἀφομοιώσεως
3202 3288 3216 3301 ·
3245 3270 3348 3325 κᾶν
3390 3272 3570 3335 ἄλλως
3634 3276 3834 3347 ἀμαρ-

2227 3361 2391 3413 τωλοὶ
2421 3362 2603 3431 ἡμεῖς.
2631 3363 2740 3415 Καὶ
2766 3364 2793 3415 6
2816 3362 2950 3426 Θεὸς
2978 3364 3077 3433 τῆς
3100 3365 3343 3436 εἰρήνης,
3375 3365 3403 3417 ὁ
3443 3367 3540 3419 καὶ
3570 3368 3676 3438 τὴν
3704 3387 3833 3422 συν-

2229 3450 2445 3521 ώνυμον
2483 3452 2711 3523 εἰρήνην
2746 3453 3045 3525 κληθεῖσαν
3081 3471 3177 3507 σου
3245 3456 3458 3526 μητέρα
3510 3460 3571 3511 ἐν
3624 3462 3829 3531 εἰρήνῃ

2231 3546 2327 3596 καὶ
2355 3544 2597 3613 ὁσιότητι
2623 3546 2761 3618 πρὸς
2786 3546 2977 3599 ἑαυτὸν
2994 3547 3456 3617 προσλαϐόμενος,
3487 3552 3586 3603 καὶ
3616 3556 3681 3603 σὲ
3703 3554 3829 3605 κατ’

2233 3636 2376 3705 ίχνος
2402 3638 2617 3709 ἐκείνης
2647 3638 3025 3692 Ιιιολιτειῖνιεσθαι
3056 3640 3334 3707 ἀξιώσειε,
3368 3642 3685 3712 ποιμαίνων
3715 3663 3833 3697 ποι-

2234 3728 2560 3796 μαίνουσαν,
2587 3730 2683 3781 καὶ
2715 3728 2927 3798 ὁδηγῶν
2954 3729 3279 3801 ὁδηγοῦσαν,
3304 3731 3364 3785 ὲν
3399 3733 3556 3803 αὑτῷ
3595 3734 3831 3806 Χριστῷ

2229 3820 2307 3889 τῷ
2365 3820 2486 3891 Θεῷ
2546 3820 2728 3891 ήμῶν,
2789 3814 2834 3875 ὦ
2855 3824 2888 3892 ἡ
2917 3821 3045 3889 δόξα
3071 3824 3154 3887 είς
3180 3825 3311 3888 τοὺς
3343 3824 3575 3888 αἰῶνας.
3620 3826 3830 3898 ’Δμήν.

2229 3909 2341 3967 Deo
2363 3922 2572 3975 nostro,
2618 3915 2707 3968 cui
2738 3914 2907 3984 gloria
2950 3915 3005 3970 in
3046 3917 3267 3972 saecula.
3301 3917 3495 3972 Amen.

2412 4025 2538 4079 ΡΙΘ¹
2569 4027 2702 4099 (15).
2748 4028 3002 4095 Ἰακώϐῳ
3028 4030 3364 4101 μονάζοντι.
3388 4030 3573 4107 [χνδκι

720 4149 845 4201 Cum
864 4159 927 4197 eo
958 4147 1067 4209 qui,
1088 4150 1203 4208 post
1222 4143 1432 4206 lapsum,
1459 4141 1679 4193 retineat
1716 4141 2076 4205 episcopatum,
2108 4141 2570 4192 communicandum
2591 4156 2689 4191 non
2720 4154 2853 4203 esse,
2874 4141 3070 4193 etiamsi
3094 4156 3319 4193 errorem
3338 4144 3671 4196 damnaverit.

608 4256 847 4312 Tardius
875 4254 1037 4309 etiam
1071 4251 1139 4307 ad
1200 4252 1609 4306 rescribendum
1652 4252 1747 4306 tibi
1774 4251 2133 4307 nosaccinxi-

538 4368 687 4417 mus,
723 4350 891 4404 frater
928 4345 1268 4408 honorande,
1299 4356 1524 4415 propter
1583 4346 1844 4415 temporis
1894 4344 2134 4401 dilficul-

540 4456 708 4500 tatem
758 4461 771 4497 :
828 4452 1069 4496 attamen
1117 4440 1231 4510 pari
1290 4440 1577 4494 charitatis
1648 4455 1908 4494 mensura
1961 4438 2135 4493 vicem

541 4536 639 4593 tibi
663 4536 965 4599 reddimus,
992 4534 1220 4587 moleste
1248 4532 1468 4602 quidem
1492 4533 1992 4587 ferentesencomia
2015 4546 2137 4600 quae

542 4636 595 4687 in
637 4646 741 4686 nos
782 4628 1125 4698 excogitasti,
1156 4629 1249 4697 qui
1285 4628 1447 4681 laude
1481 4626 1707 4694 dignum
1775 4625 1913 4679 nihil
1962 4624 2131 4679 babe-

542 4736 706 4787 mus;
738 4718 971 4773 recreati
1005 4727 1186 4772 autem
1231 4716 1441 4771 ardenti
1509 4715 1626 4769 zelo
1676 4727 1947 4769 accuratae
1992 4729 2129 4768 con-

542 4812 866 4870 versationis
906 4821 1033 4875 tuze,
1085 4826 1194 4882 qua
1233 4824 1394 4864 caves
1426 4823 1492 4862 ne
1526 4822 1638 4877 quo
1686 4807 1850 4861 modo
1904 4806 2132 4876 tepidio-

543 4918 663 4959 rum
735 4899 1077 4971 negligentia
1110 4896 1449 4967 adjungaris,
1481 4896 1548 4950 de
1577 4912 1684 4966 qua
1720 4896 1815 4949 tibi
1839 4896 2021 4950 omnis
2048 4903 2134 4950 est

543 5010 749 5051 sermo.
788 4995 902 5064 Ego
932 5006 1063 5046 vero
1099 5031 1112 5056 ,
1168 4990 1516 5053 cbarissime,
1580 5005 1687 5043 non
1735 4999 1871 5059 puto
1925 4988 2073 5044 illum
2118 5028 2133 5054 ,

544 5103 708 5158 quem
743 5086 1021 5149 indicasti,
1056 5084 1138 5138 sic
1168 5082 1319 5151 loqui
1363 5090 1459 5136 aut
1487 5096 1671 5151 agere.
1714 5082 1835 5147 Quo
1870 5082 2013 5135 enim
2037 5098 2135 5151 pa-

545 5191 633 5233 cto
664 5179 756 5249 qui
791 5179 857 5231 ad
887 5176 1210 5232 hierarchia:
1241 5174 1471 5245 gradum
1507 5183 1796 5245 provectus
1830 5185 1932 5239 est,
1967 5174 2137 5228 adin-

548 5274 674 5325 Iima
707 5271 1047 5340 deprimatur
1075 5269 1099 5321 ?
1143 5267 1421 5337 quomodo
1447 5268 1538 5335 qui
1569 5266 1936 5321 confessionis
1959 5276 2137 5320 certa-

549 5378 674 5417 men
722 5362 1009 5425 sustinuit,
1063 5374 1189 5414 cum
1242 5358 1518 5411 illaudatis
1569 5356 1924 5427 profanisque
1991 5359 2138 5412 abri-

550 5455 730 5524 piatur
762 5454 786 5507 ?
818 5454 913 5507 Ais
966 5454 1113 5506 enim
1138 5449 1409 5506 affirmare
1443 5448 1621 5513 illutn,
1650 5448 1796 5517 quod
1855 5450 1908 5502 in
1947 5450 2136 5505 cathe-

622 5568 716 5622 "l
759 5569 903 5623 Pelr.
938 5586 969 5621 ν
1004 5611 1016 5631 ,
1058 5568 1123 5621 4ο
1235 5568 1279 5597 ⁸⁸
1332 5566 1436 5620 lsa.
1497 5582 1613 5627 vtn,
1656 5566 1735 5619 i8.

550 5641 597 5673 "
653 5639 849 5709 Ephes.
885 5657 954 5706 vt,
995 5640 1079 5693 12.

1829 5567 1873 5596 ⁶⁰
1926 5565 2128 5621 Jercm.
2165 5583 2299 5631 xvtt,
2340 5567 2425 5621 16.

1192 5638 1237 5667 ⁸⁵
1298 5638 1439 5691 f’sal.
1517 5652 1668 5700 λειω,
1750 5636 1835 5689 10.
1928 5639 1971 5667 ⁸⁵
2028 5638 2067 5690 ll
2110 5638 2236 5691 Cor.
2278 5655 2349 5701 ιιι,
2391 5639 2444 5691 ε.

2306 4250 2530 4321 Βραδεῖς
2562 4251 2657 4305 καὶ
2688 4252 2853 4321 ἡμεῖς
2880 4251 3018 4323 πρὸς
3054 4253 3155 4321 τὴν
3178 4250 3289 4304 τῶν
3325 4251 3682 4320 γραμμάτων
3734 4255 3825 4307 ἀνι

2235 4338 2435 4391 τίδοσιν
2465 4340 2892 4411 ἀπηντήκαμεν,
2924 4340 3125 4409 ἁδελφὲ
3166 4342 3488 4410 τιμιώτατε,
3547 4341 3701 4396 οῦτω
3734 4344 3828 4397 τοῦ

2235 4434 2430 4503 χρόνου
2462 4432 2931 4503 δυσκολήσαντος·
2963 4431 3081 4485 ἀλλ’
3139 4432 3289 4501 ὅμως
3346 4432 3708 4501 ἀμειϐόμεθά
3771 4453 3827 4489 σε

2235 4528 2346 4586 τοῖς
2382 4526 2521 4587 ῖσοις
2548 4526 2645 4594 τῆς
2669 4526 2892 4595 ἀγάπης
2932 4525 3155 4597 μέτροις
3174 4543 3189 4556 ο
3217 4524 3672 4594 δυσχεραίνοντες
3733 4529 3828 4597 μὲν

2235 4619 2321 4687 ἐφ’
2353 4612 2435 4681 οἷς
2468 4618 2693 4688 ἐξεῦρες
2718 4617 2839 4671 καθ’
2874 4616 3032 4686 ἡμῶν
3060 4616 3382 4686 ἐγκωμίοις,
3417 4616 3494 4678 ὡς
3519 4618 3625 4669 οὐκ
3672 4620 3829 4688 ἑχόν-

2239 4727 2350 4762 των
2378 4710 2605 4762 ὲπαίνου
2660 4710 2818 4776 λόγον
2839 4723 2853 4737 ⁸
2878 4708 3305 4778 εὐφραινόμενοι
3335 4708 3392 4760 δὲ
3421 4707 3516 4759 ἐπὶ
3542 4712 3613 4778 τῇ
3639 4708 3832 4763 διαπύ-

2240 4818 2318 4870 ρῳ
2351 4800 2657 4872 ζηλοτυπίᾳ
2695 4803 2791 4871 τῆς
2818 4800 3209 4871 ὴκριϐωμένης
3234 4817 3329 4853 σου
3364 4800 3643 4863 πολιτείας
3673 4818 3688 4831 ·
3728 4820 3829 4871 φυ-

2235 4891 2431 4944 λαττού
2445 4909 2543 4963 σης
2597 4893 2795 4963 ἑαυτὴν
2858 4893 3239 4946 ἀκατάτακτον
3305 4890 3415 4944 τῶν
3456 4893 3831 4965 χυδαιομένων

2238 4989 2305 5057 τῇ
2339 4986 2656 5057 ἀδιαφορία,
2691 4987 2822 5059 περὶ
2850 4982 2920 5059 ἦς
2951 5003 3034 5039 σοι
3066 4987 3161 5038 καὶ
3193 4987 3221 5038 6
3267 4988 3378 5049 πᾶς
3415 4980 3598 5055 λόγοςέ
3688 4990 3831 5058 Ἐγὼ

2232 5080 2287 5132 δὲ
2323 5081 2423 5132 οὐκ
2452 5082 2655 5150 οἴομαι,
2718 5081 2963 5149 φίλτατε,
3000 5081 3139 5148 ὅπερ
3185 5080 3470 5151 ὲσήμανας
3529 5082 3831 5154 πρόσωπον

2232 5172 2379 5225 οὕτω
2412 5173 2509 5226 καὶ
2532 5163 2837 5240 λέγεινκαὶ
2864 5171 3147 5241 πράττειν.
3175 5172 3288 5225 Καὶ
3300 5174 3417 5236 πῶς
3446 5173 3560 5243 γὰρ
3587 5175 3615 5227 ὁ
3646 5177 3709 5228 ὲν
3735 5176 3829 5245 βα-

2235 5264 2357 5334 ομῷ
2378 5264 2660 5335 ἱεραρχίας
2677 5265 2983 5333 ἀνηγμένος
3004 5263 3365 5334 χαμαιζήλως
3387 5266 3576 5333 ἄγοιτο
3595 5283 3610 5329 ;
3630 5268 3753 5332 πῶς
3776 5268 3830 5321 δὲ

2235 5356 2330 5407 καί
2364 5355 2393 5405 6
2436 5353 2691 5425 ἠθληκὼς
2747 5354 2814 5408 δι’
2873 5354 3166 5425 ὁμολογίας
3226 5357 3674 5426 συνυποφέρεται
3721 5360 3831 5422 τοῖς

2238 5446 2542 5518 ἀζηλώτοις
2571 5449 2665 5500 καὶ
2687 5447 2927 5517 ἀνιέροις
2958 5464 2973 5513 ;
3004 5446 3111 5518 φὴς
3143 5447 3255 5520 γὰρ
3284 5447 3467 5517 λέγειν
3524 5450 3719 5515 αὑτὸν,
3752 5452 3830 5503 ὅτι

2521 5568 2561 5598 ⁸³
2596 5566 2833 5637 Philipp.
2888 5581 2973 5633 ut,
3007 5566 3061 5621 8.
3172 5567 3219 5598 “
3268 5564 3416 5623 Psal.
3476 5584 3675 5636 XXXIII,
3742 5570 3825 5627 ΞΟ.

2075 5752 2304 5809 NOTAE.

627 5855 739 5927 (lii)
771 5854 829 5909 ltt
862 5852 985 5907 cod.
1032 5852 1164 5920 Reg.
1204 5856 1349 5916 pac’.
