3964 6320
246 373 264 432 i
277 371 385 434 393

1443 373 1987 434 EPISTOLARUM
2048 374 2196 434 LIB.
2244 375 2328 435 ll.

3387 380 3520 444 1394

235 492 304 543 τὸ
329 487 658 552 καθέζεσθαι
694 491 776 554 είς
827 491 1202 554 έπισκοπεῖον,
1236 491 1295 544 ὲν
1345 485 1499 562 ᾧπερ
1553 491 1819 562 ἠσέϐησεν

1931 487 2030 541 dra
2062 489 2358 559 episcopali
2383 490 2574 546 sedere
2640 490 2774 545 nihil
2829 492 3116 561 prohibeat
3160 509 3306 560 eum,
3339 497 3429 564 qui
3466 503 3518 552 in

235 585 268 636 ὁ
301 581 574 650 κατέχων,
604 582 667 635 τὸ
698 581 906 635 κωλύον
935 583 1090 636 οὐδέν
1116 599 1129 613 ⁸
1167 584 1262 636 καὶ
1295 583 1356 636 τὸ
1411 585 1562 653 παρὰ
1621 601 1828 651 συγκα-

233 673 495 728 ταόατῶν
528 675 917 728 άνεπισκόπων
945 674 1272 738 σιτίζεσθαι,
1303 676 1458 728 οὐδὲν
1479 676 1716 746 μάχεται
1745 675 1825 745 τῷ

235 768 431 820 κανόνι
464 768 564 837 τῆς
589 766 893 830 εὐσεϐείας.
927 768 1040 821 Καὶ
1065 767 1183 830 πῶς
1211 767 1371 820 τοῦτο
1400 769 1462 820 οὐ
1494 768 1730 838 μάχεται
1758 771 1827 839 τῇ

234 858 467 928 ἀληθείᾳ
488 876 502 920 ;
537 856 630 911 τοῦ
660 857 818 925 ἁγίου
835 858 998 911 Δαυῒδ
1011 857 1303 928 ψάλλοντος
1331 875 1344 888 ·
1368 860 1617 913 Ἐλαῖον
1643 859 1828 928 ἀμαρ-

232 948 436 1003 τωλοῦ
455 948 543 1018 μὴ
570 950 878 1003 λιπανάτω
906 950 1022 1018 τὴν
1077 951 1357 1020 κεφαλήν
1415 968 1560 1020 μου.
1629 951 1737 1005 Τοῦ
1766 969 1827 1006 τε

233 1041 396 1110 ἁγίου
436 1041 757 1096 Ἀθανασίου
799 1045 1260 1113 προστάσσοντος,
1312 1045 1587 1116 μηδεμίαν
1629 1062 1823 1100 κοινω-

231 1136 358 1189 νίαν
389 1135 536 1204 ἔχειν
565 1136 713 1204 ἡμᾶς
753 1134 890 1206 πρὸς
911 1136 1036 1199 τοὺς
1049 1138 1384 1208 αἱρετικοὺς,
1416 1138 1552 1192 ἀλλὰ
1585 1138 1690 1209 μὴν
1717 1156 1824 1209 μη-

231 1224 296 1277 δὲ
330 1224 472 1293 πρὸς
494 1225 620 1286 τοὺς
666 1225 1065 1290 κοινωνοῦντας
1092 1227 1233 1294 μετὰ
1260 1227 1372 1280 τῶν
1401 1227 1636 1281 ἀσεϐῶν.
1699 1227 1825 1291 Πῶς

230 1316 292 1368 δὲ
320 1316 379 1367 ού
411 1316 693 1379 κοινωνία,
725 1315 886 1387 είπερ
909 1316 992 1370 δεῖ
1017 1317 1352 1382 καθέζεσθαι
1405 1321 1463 1371 ὲν
1513 1320 1664 1389 τόπῳ
1713 1336 1824 1372 τοιο

231 1408 401 1479 ούτῳ,
427 1411 536 1464 κάκ
576 1409 687 1462 τῶν
710 1410 973 1464 τοιούτων
998 1411 1300 1476 σιτίζεσθαι
1327 1429 1344 1479 ;
1380 1414 1482 1466 οὐκ
1513 1413 1626 1484 ἔχει
1660 1414 1824 1482 φύσιν

233 1501 344 1555 κᾶν
384 1503 458 1573 μὴ
490 1503 676 1556 ἐκεῖσε
709 1503 948 1574 κάθηταί
990 1521 1096 1569 τις,
1147 1506 1362 1560 ἐκεῖθεν
1425 1507 1482 1560 δὲ
1539 1508 1820 1578 τρέφοιτο,

233 1592 376 1662 αύτὴ
427 1593 461 1662 ὴ
486 1589 634 1655 δύσις
657 1595 753 1646 καὶ
775 1592 938 1663 λῆψις
967 1596 1259 1649 κοινωνίαν
1323 1599 1634 1668 ἐργάζοιτο·
1689 1600 1824 1670 φησὶ

235 1684 348 1756 γὰρ
380 1686 408 1737 ὁ
454 1685 780 1749 Ἀπόστολος
804 1702 818 1717 ο
850 1687 1062 1742 Οίδατε
1095 1689 1196 1741 καὶ
1227 1690 1398 1758 ὑμεῖς
1424 1692 1823 1756 Φιλιππήσιοι

236 1776 330 1830 ὅτι
367 1777 466 1831 ὅτε
496 1777 766 1846 ἐξῆλθον
812 1780 930 1834 ἀπὸ
971 1780 1370 1848 Μακεδονίας,
1417 1782 1665 1852 οὐδεμία
1720 1801 1821 1852 μοι

253 1845 602 1937 Ἐκκλησίαν
619 1871 987 1940 ἐκοινώνησε
1015 1872 1193 1942 χάριν
1216 1845 1445 1940 δόαεώς
1468 1891 1532 1927 τε
1555 1845 1664 1927 καὶ
1709 1845 1821 1943 ίῖή-
1856 1845 1898 1900 Β

235 1972 419 2031 ψεως,
449 1966 499 2016 ει
532 1963 619 2032 μὴ
650 1962 821 2032 ὑμεῖς
846 1965 1041 2033 μόνον
1063 1977 1077 1992 ⁸
1109 1963 1199 2017 ὅτι
1224 1964 1325 2017 καὶ
1348 1965 1419 2018 ἐν
1446 1966 1820 2020 Θεσσαλονί-

235 2071 314 2123 κῃ
343 2053 506 2118 ἅπαξ
533 2054 634 2106 καὶ
667 2053 763 2120 δὶς
785 2057 875 2121 εις
923 2053 1041 2123 τὴν
1083 2055 1294 2122 χρείαν
1344 2072 1449 2124 μοι
1490 2055 1821 2124 ἐπέμψατε.

236 2144 301 2196 Εἰ
348 2141 443 2196 οὖν
487 2143 548 2195 τὸ
580 2142 748 2210 ἅπαξ,
785 2145 879 2198 καὶ
905 2143 985 2207 δὶς
1008 2143 1214 2210 λαϐεῖν,
1250 2146 1538 2200 κοινωνίαν
1570 2148 1822 2218 ἀπέφηνε

234 2237 296 2290 τὸ
349 2237 464 2305 φῶς
489 2237 585 2290 τοῦ
617 2238 862 2307 κόσμου·
893 2238 951 2291 τὸ
1005 2239 1095 2293 ἀεὶ
1148 2240 1452 2310 λαμϐάνειν
1513 2243 1596 2305 τίς
1640 2242 1705 2296 ἂν
1760 2239 1822 2296 εὖ

234 2329 449 2399 φρονῶν
479 2330 541 2381 ού
577 2329 829 2397 φεύξοιτο
873 2329 948 2392 ὡς
972 2332 1252 2386 ἀντίθετον
1283 2333 1501 2401 φωτός;

306 2424 398 2473 Δεῖ
425 2422 484 2473 δὲ
524 2438 620 2490 την
672 2421 984 2493 ἁγιωσύνην
1012 2440 1106 2477 σου
1132 2426 1394 2489 ἐπιεικῶς
1425 2428 1521 2480 καὶ
1567 2445 1822 2481 ταπεινο-

233 2515 450 2584 φρόνως
503 2513 584 2582 τῷ
615 2514 792 2586 Πατρὶ
847 2516 948 2580 τὰς
999 2518 1338 2590 ὑπομνήσεις
1389 2522 1620 2575 είσοῖσαι
1650 2539 1664 2553 ο
1717 2523 1822 2576 κᾶν

235 2607 340 2676 μὲν
363 2605 585 2675 πεισθῇ,
622 2607 1004 2678 ἐκερδήσαμεν
1033 2610 1125 2663 τὸν
1178 2613 1398 2682 Πατέρα
1429 2628 1442 2642 °
1508 2616 1556 2667 εί
1609 2615 1664 2668 δὲ
1719 2617 1818 2686 μὴ,

229 2698 295 2751 τὺ
327 2697 538 2750 ἑαυτῶν
572 2699 816 2768 ἀσφαλὲς
863 2700 938 2771 μὴ
999 2702 1323 2773 προώμεθα.
1381 2705 1516 2775 Περὶ
1567 2707 1674 2777 γὰρ
1726 2709 1820 2760 τοῦ

230 2790 425 2843 παιδία
455 2790 835 2861 βαπτίζεσθαι,
885 2793 990 2846 ὑπὸ
1011 2793 1200 2858 τῶνδε,
1232 2796 1330 2865 τὴν
1356 2797 1645 2869 ἐπιστολὴν
1692 2800 1822 2870 ὃλην

227 2885 301 2955 ἢν
347 2885 478 2956 πρὸς
544 2886 633 2938 τὸν
686 2885 851 2940 αὑτὸν
906 2871 1279 2954 ὲίκαλέσαντα
1339 2891 1468 2961 περὶ
1512 2889 1605 2942 τοῦ
1654 2890 1819 2944 αὑτοῦ

229 2975 561 3045 πράγματος
593 2974 857 3046 ὲχάραξα,
891 2978 984 3030 καὶ
1011 2981 1075 3047 τῇ
1111 2982 1176 3049 σῇ
1199 2981 1472 3050 τιμιότητι
1500 2982 1817 3047 ἀπέστειλα,

229 3070 493 3140 περιττὸν
537 3072 887 3143 ἡγησάμενος
916 3073 996 3134 δὶς
1036 3076 1128 3126 ἐπὶ
1173 3074 1234 3126 τὸ
1269 3076 1816 3146 αὑτδείκαιολογεῖν.

228 3163 420 3227 Οὕτως
468 3158 561 3216 οὖν
603 3163 714 3233 ἐγὼ
739 3167 766 3217 ὁ
787 3164 1044 3229 ταπεινὸς
1073 3167 1279 3238 φρονῶ,
1335 3169 1431 3222 καὶ
1482 3171 1817 3240 φρονοῦντας
1845 3191 1887 3248 C

226 3256 358 3317 τοὺς
414 3256 604 3323 ἁγίους
668 3257 802 3326 ὁρῶ,
855 3257 930 3323 ὼς
973 3257 1031 3310 δὲ
1076 3259 1294 3329 ἑκάστῳ
1344 3259 1494 3313 δοκεῖ
1537 3261 1680 3331 ἔχειν
1726 3261 1817 3314 εὖ-

231 3364 401 3418 ροιεν.
448 3349 612 3412 Ἴσως
657 3347 713 3401 δὲ
740 3348 927 3420 φαίηὸ
967 3350 1350 3422 ἀρτιζόμενος,
1407 3353 1470 3406 ὲκ
1517 3352 1613 3405 τοῦ
1656 3353 1815 3423 ὀρθο·

229 3438 609 3508 φρονήσαντος
671 3440 766 3492 καὶ
805 3440 1224 3511 ὲπιτιμηθέντος
1276 3437 1416 3494 εἶναι
1459 3441 1556 3513 τὴν
1605 3444 1767 3514 λῆψιν
1799 3460 1813 3474 ·

227 3531 346 3586 ἀλλ’
379 3530 535 3585 οὔπω
559 3531 747 3586 ταῦτα.
778 3533 922 3595 Ἕως
949 3533 1074 3587 δ’ἆν
1107 3535 1328 3604 κατέχοι
1353 3535 1454 3605 τὴν
1485 3537 1812 3606 ἐπισκοπὴν,

229 3623 281 3673 εί
329 3623 427 3674 κα)⁸
471 3623 546 3690 μὴ
572 3623 867 3693 ἱερουργεῖ,
914 3623 1049 3692 μηδὲ
1082 3625 1299 3695 μετέχοι
1326 3627 1434 3678 τῶν
1459 3627 1818 3694 ἁγιασμάτων

242 3713 309 3765 Ἦ
357 3713 413 3764 δὲ
443 3712 651 3783 ἀληθὴς
696 3714 974 3783 μετάνοια,
1005 3713 1082 3785 τῷ
1108 3715 1321 3784 ἁφῆσαι
1353 3719 1451 3788 τὴν
1486 3719 1813 3787 ἐπισκοπὴν,

231 3806 327 3856 καὶ
373 3804 563 3875 πόρρω
615 3805 891 3870 γενέσθαι,
935 3805 1128 3876 ὥσπερ
1158 3807 1303 3872 τινὲς
1354 3808 1619 3878 ἐποίησαν
1648 3826 1662 3842 ο
1723 3811 1816 3879 ἀφ’

229 3891 308 3951 ὧν
341 3897 580 3960 ἀϐλαϐὲς
604 3897 666 3950 τὸ
697 3898 757 3949 λσ
771 3899 1027 3968 μὸάνειν·
1081 3901 1200 3970 μεθ’
1219 3893 1294 3953 ὧν
1330 3901 1661 3954 καταδεκτὸν
1722 3904 1818 3954 καὶ

229 3989 293 4042 τὸ
343 3989 666 4044 συνεσθίειν.
723 3990 886 4042 Ἀλλο
913 4009 966 4043 τι
989 3991 1168 4058 λέγειν
1207 3993 1307 4045 οὑκ
1339 3992 1448 4062 ἔχω
1472 4008 1485 4022 ⁸
1535 3993 1568 4063 ἢ
1617 3993 1676 4045 τὸ
1715 4011 1818 4045 πα-

232 4079 578 4151 ρακληθῆναί
635 4095 692 4131 σε
712 4079 1111 4150 προσεύχεσθαι
1141 4081 1273 4151 περὶ
1306 4082 1406 4151 τῆς
1433 4080 1815 4144 ταπεινώσεῶς

236 4188 340 4241 μου
371 4187 385 4201 ’
425 4173 485 4224 οὐ
537 4171 699 4242 μόνον
751 4170 1122 4241 ὀρθολεκτεῖν,
1153 4172 1291 4227 ἀλλὰ
1347 4174 1441 4227 καὶ
1497 4172 1815 4244 ὀρθοποδεῖν

232 4265 364 4332 περὶ
390 4265 490 4334 τὴν
521 4262 744 4334 πρᾶξιν.

366 4390 479 4444 PK'
515 4391 650 4462 (l6).
680 4419 749 4431 —
777 4390 1008 4458 Νικήτᾳ
1028 4391 1428 4461 τοποτηρητῇ.
1478 4391 1672 4466 [χνς¹.]

1932 580 2019 634 illa
2054 582 2249 636 sedens
2281 582 2447 652 impie
2478 598 2538 637 se
2559 584 2767 654 gessit;
2809 594 2862 638 et
2915 585 3058 654 quod
3089 601 3119 638 a
3181 587 3522 643 condescen-

1930 672 2191 728 dentibus
2245 675 2732 744 pseudoepiseopis
2771 676 2926 746 pasci
2961 678 3158 744 ipsum,
3187 678 3404 746 pietatis
3433 696 3522 734 re-

1929 765 2068 834 gulae
2103 781 2208 819 non
2251 777 2536 837 repugnet.
2571 766 2635 820 Et
2682 783 2792 836 quo
2824 778 2984 838 pacto
3025 769 3240 823 veritati
3272 770 3375 825 hoc
3408 787 3520 826 non

1928 869 2192 929 repugnet
2223 859 2246 912 ?
2278 875 2402 914 eum
2429 870 2654 916 sanctus
2689 860 2857 916 David
2907 872 3072 916 canat
3102 862 3168 916 ‘°:
3198 861 3518 932 Oteumpec-

1929 947 2125 999 catoris
2157 963 2262 1000 non
2291 948 2584 1018 impinguet
2613 959 2768 1018 caput
2801 966 2994 1015 meum,
3023 960 3078 1005 et
3101 961 3328 1007 sanctus
3350 952 3522 1008 Atha-

1928 1036 2122 1090 nasius
2155 1037 2454 1106 praecipiat,
2512 1053 2581 1092 ne
2640 1039 2806 1092 ullam
2868 1053 2992 1093 cum
3051 1039 3319 1095 haereticis
3365 1054 3516 1094 como

1929 1124 2245 1179 munionem
2271 1125 2597 1190 habeamus,
2643 1143 2708 1181 ae
2759 1142 2828 1181 ne
2863 1144 2987 1182 cum
3037 1129 3106 1183 iis
3159 1130 3382 1199 quidem
3423 1132 3520 1200 qui

1926 1232 2050 1272 cum
2086 1218 2267 1288 impiis
2308 1219 2748 1277 communicant.
2805 1219 2910 1287 Qui
2956 1229 3139 1275 autem
3199 1226 3519 1278 communio

1925 1323 2036 1363 non
2071 1309 2161 1375 sit,
2180 1309 2226 1364 si
2254 1310 2349 1364 tali
2383 1311 2434 1364 in
2460 1311 2581 1366 loco
2617 1312 2842 1375 sedere,
2894 1322 3063 1382 atque
3128 1328 3158 1366 a
3196 1315 3402 1370 talibus
3443 1317 3521 1369 ci-

1927 1400 2056 1455 bum
2112 1402 2365 1471 aecipere
2423 1404 2733 1472 oporteat?
2795 1400 2914 1458 Non
2970 1413 3055 1459 est
3105 1406 3200 1460 ita.
3274 1406 3520 1463 Tametsi

1926 1491 2220 1560 quisquam
2250 1491 2327 1546 ibi
2358 1507 2467 1545 non
2492 1494 2700 1558 sedeat,
2730 1495 2775 1549 si
2803 1505 2982 1549 tamen
3013 1498 3136 1551 inde
3157 1498 3356 1562 alatur,
3380 1515 3520 1568 prae-

1926 1583 2062 1637 bitio
2091 1584 2206 1651 ipsa
2239 1591 2294 1637 et
2321 1585 2567 1654 acceptio
2626 1588 3074 1642 communionem
3103 1587 3322 1643 eﬂiciet.
3375 1588 3520 1644 Dicit

1923 1677 2070 1732 enim
2117 1678 2410 1748 Apostolus
2447 1696 2460 1732 :
2496 1679 2658 1734 Scitis
2701 1689 2752 1734 et
2790 1697 2904 1747 vos,
2958 1681 3343 1752 Philippenses,
3379 1684 3518 1754 quod

1925 1772 2136 1841 quando
2169 1773 2438 1840 profectus
2471 1789 2588 1825 sum
2636 1790 2669 1826 a
2700 1772 3040 1840 Macedonia,
3075 1777 3223 1829 nulla
3251 1778 3381 1830 mihi
3413 1777 3518 1830 Ec-

1927 1865 2089 1918 clesia
2122 1865 2529 1918 communicavit
2561 1867 2616 1918 in
2651 1869 2856 1920 ratione
2913 1868 3028 1921 dati
3057 1878 3105 1923 et
3155 1871 3373 1939 accepti,
3415 1872 3520 1924 nisi

1927 1972 2016 2009 vos
2044 1957 2164 2020 soli,
2198 1957 2322 2024 quia
2352 1967 2399 2010 et
2435 1955 2866 2011 Thessalonicam
2899 1960 3057 2012 semel
3088 1969 3138 2013 et
3179 1961 3257 2014 bis
3284 1963 3339 2014 in
3364 1979 3519 2016 usum

1927 2051 2058 2104 mihi
2102 2053 2325 2105 misistis
2363 2052 2431 2105 ⁸⁷.
2480 2052 2537 2105 Si
2597 2069 2731 2123 ergo
2787 2055 2955 2109 semel
2993 2065 3046 2110 et
3103 2056 3189 2110 bis
3246 2058 3516 2127 accipere,

1927 2145 2368 2198 communionem
2412 2146 2706 2214 appellavit
2764 2147 2855 2201 lux
2903 2147 3137 2213 mundi;
3178 2163 3394 2218 semper
3426 2165 3520 2204 ac-

1927 2233 2106 2302 cipere
2137 2234 2264 2302 quis
2295 2242 2442 2288 recte
2512 2237 2758 2291 sentiens
2797 2251 2907 2291 non
2969 2236 3204 2308 refugiat
3256 2246 3518 2308 tanquam

1928 2328 2119 2382 lumini
2139 2329 2529 2382 contrarium?

1996 2419 2222 2490 Oportet
2251 2431 2436 2475 autem
2469 2422 2816 2476 sanctitatem
2859 2430 3014 2475 tuam
3039 2425 3285 2476 modeste
3306 2434 3361 2477 et
3413 2425 3519 2478 lm-

1924 2513 2128 2566 militer
2154 2513 2300 2567 Patri
2352 2514 2756 2567 admonitiones
2788 2528 3080 2582 suggerere
3122 2529 3136 2578 ;
3169 2529 3253 2577 ac,
3288 2515 3334 2569 si
3392 2517 3524 2585 qui-

1924 2607 2047 2660 dem
2090 2622 2412 2674 persuasum
2442 2609 2488 2660 ei
2512 2606 2697 2667 fuerit,
2744 2607 2938 2660 lucrati
2999 2605 3218 2660 Patrem
3267 2623 3462 2662 sumus
3499 2625 3514 2662 :

1924 2699 2009 2752 sin
2040 2699 2242 2761 minus,
2266 2699 2410 2768 quod
2442 2707 2621 2752 tutum
2649 2699 2806 2753 nobis
2840 2710 2925 2754 est
2958 2714 3068 2752 non
3131 2699 3462 2768 abjiciamus
3499 2742 3515 2757 .

1927 2790 1999 2845 De
2033 2790 2332 2844 infantibus
2362 2801 2544 2846 autem
2577 2791 2669 2861 qui
2717 2791 2786 2845 ab
2825 2792 2909 2845 his
2935 2793 3020 2846 vel
3051 2793 3120 2846 ab
3173 2793 3281 2849 illis
3339 2794 3516 2864 bapti-

1925 2887 2139 2941 zantur,
2177 2880 2446 2949 integram
2506 2877 2818 2949 epistolam,
2853 2894 3017 2947 quam
3065 2879 3132 2934 ad
3186 2895 3311 2935 eum
3337 2880 3519 2950 ipsum

1923 2973 2016 3042 qui
2059 2971 2386 3026 criminatus
2416 2981 2502 3026 est
2541 2974 2607 3027 de
2643 2975 2835 3028 eadem
2869 2988 2928 3026 re
2978 2974 3218 3038 exaravi,
3261 2975 3328 3029 ad
3362 2989 3518 3029 reve-

1924 3066 2155 3119 rentiam
2204 3074 2595 3134 quoquetuam
2622 3065 2744 3118 misi
2773 3105 2790 3132 ,
2829 3079 3302 3134 supervacaneum
3361 3076 3516 3121 ratus

1924 3157 2006 3212 bis
2043 3157 2111 3210 de
2132 3155 2320 3208 eadem
2356 3171 2412 3209 re
2443 3153 2648 3209 frustra
2694 3156 2868 3223 loqui.
2935 3155 3030 3210 Sic
3081 3156 3252 3226 igitur
3290 3157 3518 3214 humilis

1921 3263 2020 3319 ego
2045 3247 2222 3302 sentio
2250 3263 2263 3300 :
2291 3246 2372 3300 sic
2394 3247 2591 3312 sentio,
2652 3256 2707 3302 et
2730 3256 2954 3304 sanctos
2979 3250 3052 3303 ita
3078 3250 3283 3304 sentire
3308 3251 3468 3305 video
3497 3267 3514 3306 :

1922 3351 1981 3393 ut
2022 3342 2258 3409 quisque
2283 3348 2465 3394 autem
2507 3340 2726 3402 sentiet,
2759 3340 2838 3395 sic
2929 3340 3193 3395 inveniat.
3262 3340 3519 3398 Fortasse

1920 3440 2102 3485 autem
2156 3430 2356 3484 dixerit
2399 3430 2492 3498 qui
2539 3431 2808 3499 pascitur,
2840 3446 2900 3486 se
2933 3446 2962 3484 a
3002 3442 3148 3486 recte
3191 3433 3458 3487 sentiente
3495 3474 3514 3500 ,

1919 3521 2124 3591 quique
2162 3521 2540 3589 paenitentiam
2574 3523 2858 3590 suscepit,
2914 3523 3203 3590 accipere:
3255 3523 3352 3578 sed
3404 3541 3516 3581 non

1921 3615 1994 3666 ita
2029 3623 2132 3666 est.
2182 3611 2437 3677 Quandiu
2517 3626 2647 3665 vero
2713 3611 2911 3666 retinet
2958 3613 3377 3681 episcopatum,
3409 3615 3516 3669 etsi

1920 3720 2026 3757 non
2050 3704 2343 3769 sacriﬁcat,
2381 3718 2484 3757 nec
2545 3703 2719 3758 sacris
2771 3704 3083 3773 participet.
3139 3702 3274 3758 Vera
3327 3718 3515 3760 autem

1922 3794 2268 3865 pcenitentia,
2305 3795 2688 3864 episc0patum
2725 3796 3000 3859 abdicare,
3036 3806 3090 3848 et
3121 3797 3312 3864 procul
3336 3797 3513 3860 abire,

1921 3888 2066 3958 quod
2103 3888 2328 3958 quidam
2380 3887 2671 3952 fecerunt;
2707 3904 2738 3940 a
2792 3887 2996 3956 quibus
3052 3888 3302 3958 accipere
3354 3888 3515 3943 inno-

1922 3981 2068 4033 xium
2117 3991 2238 4044 est;
2284 3995 2408 4033 cum
2433 3979 2636 4048 quibus
2675 3987 2732 4032 et
2763 3979 2905 4033 vesci
2963 3977 3045 4032 fas
3075 3990 3182 4033 est.
3239 3979 3398 4032 Aliud
3429 3979 3518 4033 die

1921 4085 2043 4125 cere
2075 4086 2184 4124 non
2210 4071 2383 4123 habeo
2417 4108 2432 4134 ,
2458 4069 2561 4122 nisi
2606 4068 2812 4121 hortari
2841 4076 2892 4122 te
2935 4079 2990 4122 ut
3025 4084 3150 4122 ores
3183 4083 3283 4136 pro
3328 4069 3512 4122 humi-

1921 4164 2079 4217 litate
2111 4177 2231 4215 mea
2262 4179 2276 4226 ;
2313 4175 2420 4214 non
2453 4159 2632 4215 solum
2660 4171 2720 4212 ut
2757 4172 2903 4214 recte
2935 4161 3161 4228 loquar,
3193 4175 3383 4215 verum
3433 4169 3513 4216 et-

1855 4247 1862 4256 “
1918 4257 2025 4310 iam
2061 4257 2297 4310 ut'reete
2351 4253 2510 4306 mein
2560 4250 2872 4321 factisipsis
2911 4267 3123 4320 geram.

2226 4384 2394 4440 LXX.
2428 4411 2499 4423 —-
2534 4382 2739 4437 Niceta:
2778 4389 2952 4437 locum
2980 4389 3194 4440 tenenti.

886 4549 982 4599 Pro
1007 4548 1299 4598 muneribus
1327 4549 1386 4599 ab
1417 4548 1503 4598 illo
1529 4548 1692 4599 missis
1713 4552 1898 4612 gratias
1932 4549 2050 4614 agit,
2072 4560 2128 4597 ac
2147 4544 2334 4596 monita
2353 4543 2586 4595 salutaria
2608 4545 2863 4608 rependit.

314 4679 534 4749 Ἐπειδὴ
562 4677 976 4750 ἐδωροφόρησεν
1006 4679 1140 4748 ἡμῖν
1165 4679 1197 4748 ὴ
1230 4676 1535 4746 φιλέντολός
1581 4695 1675 4730 σου
1728 4679 1815 4730 δε-

1992 4672 2447 4743 Quandoquidem
2480 4672 2566 4726 bis
2594 4671 2703 4726 illis
2753 4672 3078 4728 muneribus
3110 4689 3232 4737 nos,
3265 4677 3509 4741 domine,

230 4772 342 4838 ξιὰ,
386 4771 548 4825 τοῦτο
574 4774 814 4835 κάκεῖνο,
861 4770 1118 4833 δέσποτα,
1151 4769 1359 4834 δέξοιτο
1406 4771 1501 4823 καὶ
1544 4771 1612 4822 τὰ.
1670 4770 1810 4839 πρὸς

228 4865 388 4936 ὴμῶν
431 4863 542 4916 τῶν
572 4861 823 4916 εύτελῶν.
877 4863 944 4916 Al.
969 4861 1262 4933 ἡμέτεραι,
1292 4861 1610 4925 ἀποστολαὶ,
1642 4875 1812 4930 προσ-

228 4957 411 5027 ευχαὶ,
462 4955 807 5028 εὐχαριστίαι
833 4997 849 5019 ,
883 4957 933 5008 εί
970 4955 1028 5007 δέ
1066 4971 1118 5006 τι
1163 4954 1254 5006 καί⁵
1301 4953 1490 5023 ἓτερον
1516 4953 1596 5005 δεῖ
1641 4968 1814 5022 προσ-

228 5051 426 5116 θεῖναι,
466 5049 768 5102 νουθεσίαι.
811 5047 925 5102 Καὶ⁷
949 5047 1093 5109 τίνες
1125 5039 1325 5112 aiatait;
1353 5045 1639 5114 φοϐεῖσθαι
1667 5045 1814 5113 ὑμᾶς

227 5145 321 5197 τὸν
369 5143 525 5208 Θεὸν,
564 5143 747 5195 πίστιν
776 5142 922 5212 ἔχειν
951 5138 1142 5211 ὀρθὴν,
1177 5137 1478 5209 ἀπέχεσθαι
1536 5136 1817 5203 σαρκικῶν

227 5234 556 5306 ἐπιθυμιῶν,
590 5233 874 5304 πορνείας,
912 5229 1181 5302 μοιχείας,
1210 5228 1574 5300 ἀκαθαρσίας,
1635 5229 1816 5297 πάσης

225 5329 394 5398 ἄλλης
421 5327 710 5396 ἀσελγείας
739 5343 755 5358 ο
797 5324 1073 5398 αἱρεῖσθαι
1129 5323 1185 5375 δὲ
1232 5321 1302 5376 τὰ
1355 5321 1478 5376 θεῖα
1528 5322 1813 5390 πράττειν,

226 5419 398 5472 ἐλεεῖν
426 5419 662 5489 πτωχὸν,
717 5415 1000 5488 φείδεσθαι
1044 5413 1268 5478 δούλων,
1305 5414 1522 5483 ὀρέγειν
1552 5415 1714 5481 χεῖρα
1734 5411 1812 5481 τῷ

1920 4771 2302 4825 mandatorum
2351 4781 2546 4821 amans
2587 4767 2808 4820 dextera
2855 4777 2946 4822 tua
2988 4767 3316 4836 cumulavit,
3361 4770 3509 4825 acci-

1920 4866 2034 4933 piat
2081 4861 2326 4916 vicissim
2382 4875 2505 4929 quae
2538 4874 2568 4913 a
2601 4859 2759 4914 nobis
2809 4860 3010 4916 vilibus
3057 4861 3508 4931 proficiscuntur.

1921 4956 2148 5010 Munera
2177 4964 2363 5008 nostra
2388 4961 2518 5010 sunt
2540 4969 2755 5022 preces,
2793 4955 3096 5024 gratiarum
3131 4956 3400 5017 actiones,
3431 4965 3508 5018 et,

1922 5052 1967 5106 si
2004 5050 2132 5120 quid
2170 5057 2430 5118 praeterea
2491 5057 2574 5102 est
2600 5047 2935 5113 addendum,
2981 5045 3408 5101 admonitiones.
3445 5049 3512 5102 Et

1921 5159 2172 5214 quaenam
2217 5141 2336 5195 hae?
2375 5140 2594 5194 Timere
2623 5156 2720 5194 vos
2750 5139 2946 5204 Deum,
2985 5139 3143 5194 fidem
3191 5152 3395 5194 reetam
3426 5147 3509 5193 te-

1921 5250 2073 5299 nere,
2103 5233 2378 5287 abstinere
2417 5247 2446 5284 a
2497 5230 2790 5285 desideriis
2820 5229 3158 5290 carnalibus,
3189 5228 3509 5282 fornicatio-

1919 5325 2026 5387 nis,
2061 5322 2334 5388 adulterii,
2378 5323 2730 5391 impuritatis,
2781 5321 2966 5376 omnis
3011 5321 3240 5374 alterius
3268 5319 3507 5388 impudi-

1916 5417 2097 5478 citize;
2151 5417 2313 5470 malle
2347 5427 2529 5470 autem
2548 5415 2733 5469 divina
2763 5412 3014 5485 exsequi,
3055 5426 3354 5482 pauperum
3402 5411 3508 5465 mi-

226 5511 477 5582 πλησίον,
510 5511 980 5580 ταπεινοφρονεῖν,
1014 5505 1447 5576 συνεσταλμένον
1495 5501 1658 5566 εἶναι,
1715 5506 1812 5558 καὶ

1925 5510 2109 5574 sereri,
2159 5509 2332 5564 servis
2369 5522 2616 5576 parcere,
2662 5522 2884 5562 manum
2934 5506 3176 5577 praebere
3234 5503 3504 5574 proximo,

294 5623 342 5657 ⁸⁸
409 5623 554 5680 Psal.
603 5639 729 5687 CXL,
801 5621 856 5675 5.
979 5620 1023 5650 ⁸⁷
1079 5617 1326 5687 Philipp.
1363 5633 1434 5684 tv,
1482 5617 1581 5681 15,
1647 5616 1727 5669 16.

1760 5727 1987 5783 ΝΟΤΛΞ.

299 5835 410 5904 (16)
443 5834 498 5887 ln
530 5835 650 5889 cod.
699 5834 831 5899 Heg.
867 5831 1002 5899 ρ>.α’.
