  <div class='ocr_page' id='page_1' title='image "/cluster/home/n/w/nwhite01/storage/ocr_20150623/99/pst.000005714063/759.png"; bbox 0 0 3964 6320; ppageno 0'>
   <div class='ocr_carea' id='block_1_1' title="bbox 445 295 589 360">
    <p class='ocr_par' dir='ltr' id='par_1_1' title="bbox 445 295 589 360">
     <span class='ocr_line' id='line_1_1' title="bbox 445 295 589 360; baseline 0.007 -3"><span class='ocrx_word' id='word_1_1' title='bbox 445 295 589 360; x_wconf 81' lang='grc'><strong>1395</strong></span> 
     </span>
    </p>
   </div>
   <div class='ocr_carea' id='block_1_2' title="bbox 441 401 2107 476">
    <p class='ocr_par' dir='ltr' id='par_1_2' title="bbox 441 401 2107 476">
     <span class='ocr_line' id='line_1_2' title="bbox 441 401 2107 476; baseline -0.009 -8"><span class='ocrx_word' id='word_1_2' title='bbox 441 411 671 468; x_wconf 85' lang='lat' dir='ltr'><strong>humilia</strong></span> <span class='ocrx_word' id='word_1_3' title='bbox 725 410 952 473; x_wconf 89' lang='lat' dir='ltr'><strong>sentire,</strong></span> <span class='ocrx_word' id='word_1_4' title='bbox 1005 406 1266 476; x_wconf 72' lang='lat' dir='ltr'><strong>colligere</strong></span> <span class='ocrx_word' id='word_1_5' title='bbox 1302 418 1383 465; x_wconf 85' lang='lat' dir='ltr'><strong>se,</strong></span> <span class='ocrx_word' id='word_1_6' title='bbox 1418 418 1518 458; x_wconf 86' lang='lat' dir='ltr'><strong>nec</strong></span> <span class='ocrx_word' id='word_1_7' title='bbox 1547 401 1784 457; x_wconf 80' lang='lat' dir='ltr'><strong>eﬂ‘usum</strong></span> <span class='ocrx_word' id='word_1_8' title='bbox 1811 415 1936 455; x_wconf 89' lang='lat' dir='ltr'><strong>esse</strong></span> <span class='ocrx_word' id='word_1_9' title='bbox 1963 401 2029 454; x_wconf 66' lang='lat' dir='ltr'><strong>lio</strong></span> <span class='ocrx_word' id='word_1_10' title='bbox 2061 407 2107 460; x_wconf 79' lang='grc' dir='ltr'><strong>Α</strong></span> 
     </span>
    </p>
   </div>
   <div class='ocr_carea' id='block_1_3' title="bbox 443 493 2030 569">
    <p class='ocr_par' dir='ltr' id='par_1_3' title="bbox 443 493 2030 569">
     <span class='ocr_line' id='line_1_3' title="bbox 443 493 2030 569; baseline -0.009 -9"><span class='ocrx_word' id='word_1_11' title='bbox 443 503 626 560; x_wconf 87' lang='lat' dir='ltr'><strong>centia</strong></span> <span class='ocrx_word' id='word_1_12' title='bbox 668 515 958 565; x_wconf 85' lang='lat' dir='ltr'><strong>sensuum,</strong></span> <span class='ocrx_word' id='word_1_13' title='bbox 998 513 1093 569; x_wconf 91' lang='lat' dir='ltr'><strong>per</strong></span> <span class='ocrx_word' id='word_1_14' title='bbox 1145 512 1288 568; x_wconf 84' lang='lat' dir='ltr'><strong>quos</strong></span> <span class='ocrx_word' id='word_1_15' title='bbox 1320 495 1530 566; x_wconf 93' lang='lat' dir='ltr'><strong>peccati</strong></span> <span class='ocrx_word' id='word_1_16' title='bbox 1567 510 1716 548; x_wconf 86' lang='lat' dir='ltr'><strong>mors</strong></span> <span class='ocrx_word' id='word_1_17' title='bbox 1748 493 2030 554; x_wconf 83' lang='lat' dir='ltr'><strong>ascendit;</strong></span> 
     </span>
    </p>
   </div>
   <div class='ocr_carea' id='block_1_4' title="bbox 444 584 2033 664">
    <p class='ocr_par' dir='ltr' id='par_1_4' title="bbox 444 584 2033 664">
     <span class='ocr_line' id='line_1_4' title="bbox 444 584 2033 664; baseline -0.008 -16"><span class='ocrx_word' id='word_1_18' title='bbox 444 595 636 664; x_wconf 86' lang='lat' dir='ltr'><strong>paucis</strong></span> <span class='ocrx_word' id='word_1_19' title='bbox 681 599 1002 647; x_wconf 91' lang='lat' dir='ltr'><strong>contentum</strong></span> <span class='ocrx_word' id='word_1_20' title='bbox 1049 604 1196 653; x_wconf 90' lang='lat' dir='ltr'><strong>esse,</strong></span> <span class='ocrx_word' id='word_1_21' title='bbox 1230 603 1333 641; x_wconf 88' lang='lat' dir='ltr'><strong>non</strong></span> <span class='ocrx_word' id='word_1_22' title='bbox 1367 585 1622 640; x_wconf 82' lang='lat' dir='ltr'><strong>inebriari</strong></span> <span class='ocrx_word' id='word_1_23' title='bbox 1647 585 1788 648; x_wconf 80' lang='lat' dir='ltr'><strong>uino,</strong></span> <span class='ocrx_word' id='word_1_24' title='bbox 1825 584 1881 636; x_wconf 85' lang='lat' dir='ltr'><strong>in</strong></span> <span class='ocrx_word' id='word_1_25' title='bbox 1911 599 2033 653; x_wconf 85' lang='lat' dir='ltr'><strong>quo,</strong></span> 
     </span>
    </p>
   </div>
   <div class='ocr_carea' id='block_1_5' title="bbox 445 677 2037 755">
    <p class='ocr_par' dir='ltr' id='par_1_5' title="bbox 445 677 2037 755">
     <span class='ocr_line' id='line_1_5' title="bbox 445 677 2037 755; baseline -0.006 -14"><span class='ocrx_word' id='word_1_26' title='bbox 445 697 506 741; x_wconf 92' lang='lat' dir='ltr'><strong>ut</strong></span> <span class='ocrx_word' id='word_1_27' title='bbox 538 685 780 755; x_wconf 89' lang='lat' dir='ltr'><strong>loquitur</strong></span> <span class='ocrx_word' id='word_1_28' title='bbox 823 682 1142 749; x_wconf 74' lang='lat' dir='ltr'><strong>Apostolus,</strong></span> <span class='ocrx_word' id='word_1_29' title='bbox 1192 691 1269 735; x_wconf 85' lang='lat' dir='ltr'><strong>est</strong></span> <span class='ocrx_word' id='word_1_30' title='bbox 1303 679 1522 732; x_wconf 72' lang='lat' dir='ltr'><strong>luxuria</strong></span> <span class='ocrx_word' id='word_1_31' title='bbox 1540 679 1584 709; x_wconf 76' lang='grc'>⁸⁸</span> <span class='ocrx_word' id='word_1_32' title='bbox 1615 696 1631 743; x_wconf 85' lang='grc'>;</span> <span class='ocrx_word' id='word_1_33' title='bbox 1663 692 1774 731; x_wconf 89' lang='lat' dir='ltr'><strong>non</strong></span> <span class='ocrx_word' id='word_1_34' title='bbox 1814 677 2037 732; x_wconf 85' lang='lat' dir='ltr'><strong>studere</strong></span> 
     </span>
    </p>
   </div>
   <div class='ocr_carea' id='block_1_6' title="bbox 445 771 2035 846">
    <p class='ocr_par' dir='ltr' id='par_1_6' title="bbox 445 771 2035 846">
     <span class='ocr_line' id='line_1_6' title="bbox 445 771 2035 846; baseline -0.004 -14"><span class='ocrx_word' id='word_1_35' title='bbox 445 777 775 842; x_wconf 69' lang='lat' dir='ltr'><strong>avaritiae&quot;,</strong></span> <span class='ocrx_word' id='word_1_36' title='bbox 836 776 894 830; x_wconf 92' lang='lat' dir='ltr'><strong>in</strong></span> <span class='ocrx_word' id='word_1_37' title='bbox 939 791 1045 846; x_wconf 89' lang='lat' dir='ltr'><strong>qua</strong></span> <span class='ocrx_word' id='word_1_38' title='bbox 1098 775 1257 829; x_wconf 85' lang='lat' dir='ltr'><strong>radix</strong></span> <span class='ocrx_word' id='word_1_39' title='bbox 1302 783 1388 828; x_wconf 85' lang='lat' dir='ltr'><strong>est</strong></span> <span class='ocrx_word' id='word_1_40' title='bbox 1430 773 1700 827; x_wconf 90' lang='lat' dir='ltr'><strong>malorum</strong></span> <span class='ocrx_word' id='word_1_41' title='bbox 1733 771 2035 832; x_wconf 72' lang='lat' dir='ltr'><strong>omnium;</strong></span> 
     </span>
    </p>
   </div>
   <div class='ocr_carea' id='block_1_7' title="bbox 447 865 2036 932">
    <p class='ocr_par' dir='ltr' id='par_1_7' title="bbox 447 865 2036 932">
     <span class='ocr_line' id='line_1_7' title="bbox 447 865 2036 932; baseline -0.004 -8"><span class='ocrx_word' id='word_1_42' title='bbox 447 870 730 925; x_wconf 84' lang='lat' dir='ltr'><strong>assiduum</strong></span> <span class='ocrx_word' id='word_1_43' title='bbox 789 883 914 925; x_wconf 91' lang='lat' dir='ltr'><strong>esse</strong></span> <span class='ocrx_word' id='word_1_44' title='bbox 965 869 1022 923; x_wconf 88' lang='lat' dir='ltr'><strong>in</strong></span> <span class='ocrx_word' id='word_1_45' title='bbox 1081 869 1447 932; x_wconf 86' lang='lat' dir='ltr'><strong>orationibus,</strong></span> <span class='ocrx_word' id='word_1_46' title='bbox 1491 867 1544 921; x_wconf 89' lang='lat' dir='ltr'><strong>in</strong></span> <span class='ocrx_word' id='word_1_47' title='bbox 1591 865 1941 928; x_wconf 87' lang='lat' dir='ltr'><strong>lectionibus,</strong></span> <span class='ocrx_word' id='word_1_48' title='bbox 1979 865 2036 918; x_wconf 92' lang='lat' dir='ltr'><strong>iu</strong></span> 
     </span>
    </p>
   </div>
   <div class='ocr_carea' id='block_1_8' title="bbox 447 959 2043 1032">
    <p class='ocr_par' dir='ltr' id='par_1_8' title="bbox 447 959 2043 1032">
     <span class='ocr_line' id='line_1_8' title="bbox 447 959 2043 1032; baseline -0.006 -14"><span class='ocrx_word' id='word_1_49' title='bbox 447 961 792 1032; x_wconf 85' lang='lat' dir='ltr'><strong>psalmodiis,</strong></span> <span class='ocrx_word' id='word_1_50' title='bbox 823 961 879 1016; x_wconf 92' lang='lat' dir='ltr'><strong>in</strong></span> <span class='ocrx_word' id='word_1_51' title='bbox 912 962 1108 1016; x_wconf 87' lang='lat' dir='ltr'><strong>mortis</strong></span> <span class='ocrx_word' id='word_1_52' title='bbox 1150 961 1527 1026; x_wconf 84' lang='lat' dir='ltr'><strong>meditatione,</strong></span> <span class='ocrx_word' id='word_1_53' title='bbox 1562 960 1615 1012; x_wconf 90' lang='lat' dir='ltr'><strong>in</strong></span> <span class='ocrx_word' id='word_1_54' title='bbox 1657 975 1764 1028; x_wconf 88' lang='lat' dir='ltr'><strong>qua</strong></span> <span class='ocrx_word' id='word_1_55' title='bbox 1797 967 1882 1013; x_wconf 89' lang='lat' dir='ltr'><strong>est</strong></span> <span class='ocrx_word' id='word_1_56' title='bbox 1915 959 2043 1011; x_wconf 87' lang='lat' dir='ltr'><strong>ani-</strong></span> 
     </span>
    </p>
   </div>
   <div class='ocr_carea' id='block_1_9' title="bbox 450 1050 2039 1123">
    <p class='ocr_par' dir='ltr' id='par_1_9' title="bbox 450 1050 2039 1123">
     <span class='ocr_line' id='line_1_9' title="bbox 450 1050 2039 1123; baseline -0.005 -16"><span class='ocrx_word' id='word_1_57' title='bbox 450 1071 552 1108; x_wconf 86' lang='lat' dir='ltr'><strong>mae</strong></span> <span class='ocrx_word' id='word_1_58' title='bbox 587 1055 942 1123; x_wconf 92' lang='lat' dir='ltr'><strong>compunetio</strong></span> <span class='ocrx_word' id='word_1_59' title='bbox 977 1069 1104 1108; x_wconf 91' lang='lat' dir='ltr'><strong>cum</strong></span> <span class='ocrx_word' id='word_1_60' title='bbox 1140 1053 1422 1122; x_wconf 87' lang='lat' dir='ltr'><strong>lacrymis.</strong></span> <span class='ocrx_word' id='word_1_61' title='bbox 1460 1050 1852 1122; x_wconf 80' lang='lat' dir='ltr'><strong>Lacrymarum</strong></span> <span class='ocrx_word' id='word_1_62' title='bbox 1896 1050 2039 1105; x_wconf 86' lang='lat' dir='ltr'><strong>enim</strong></span> 
     </span>
    </p>
   </div>
   <div class='ocr_carea' id='block_1_10' title="bbox 450 1143 2038 1216">
    <p class='ocr_par' dir='ltr' id='par_1_10' title="bbox 450 1143 2038 1216">
     <span class='ocr_line' id='line_1_10' title="bbox 450 1143 2038 1216; baseline -0.003 -16"><span class='ocrx_word' id='word_1_63' title='bbox 450 1155 536 1202; x_wconf 88' lang='lat' dir='ltr'><strong>est</strong></span> <span class='ocrx_word' id='word_1_64' title='bbox 592 1161 832 1216; x_wconf 61' lang='lat' dir='ltr'><strong>praesens</strong></span> <span class='ocrx_word' id='word_1_65' title='bbox 875 1147 1012 1212; x_wconf 88' lang='lat' dir='ltr'><strong>vita,</strong></span> <span class='ocrx_word' id='word_1_66' title='bbox 1054 1160 1088 1200; x_wconf 96' lang='lat' dir='ltr'><strong>o</strong></span> <span class='ocrx_word' id='word_1_67' title='bbox 1137 1143 1460 1206; x_wconf 87' lang='lat' dir='ltr'><strong>Christiani,</strong></span> <span class='ocrx_word' id='word_1_68' title='bbox 1522 1144 1618 1199; x_wconf 89' lang='lat' dir='ltr'><strong>sed</strong></span> <span class='ocrx_word' id='word_1_69' title='bbox 1657 1159 1762 1196; x_wconf 91' lang='lat' dir='ltr'><strong>non</strong></span> <span class='ocrx_word' id='word_1_70' title='bbox 1804 1143 2038 1197; x_wconf 91' lang='lat' dir='ltr'><strong>risuum.</strong></span> 
     </span>
    </p>
   </div>
   <div class='ocr_carea' id='block_1_11' title="bbox 449 1234 2042 1306">
    <p class='ocr_par' dir='ltr' id='par_1_11' title="bbox 449 1234 2042 1306">
     <span class='ocr_line' id='line_1_11' title="bbox 449 1234 2042 1306; baseline -0.003 -16"><span class='ocrx_word' id='word_1_71' title='bbox 449 1234 613 1291; x_wconf 82' lang='lat' dir='ltr'><strong>Nullo</strong></span> <span class='ocrx_word' id='word_1_72' title='bbox 646 1236 811 1291; x_wconf 90' lang='lat' dir='ltr'><strong>modo</strong></span> <span class='ocrx_word' id='word_1_73' title='bbox 835 1237 1046 1306; x_wconf 88' lang='lat' dir='ltr'><strong>jurare,</strong></span> <span class='ocrx_word' id='word_1_74' title='bbox 1079 1251 1184 1291; x_wconf 92' lang='lat' dir='ltr'><strong>nec</strong></span> <span class='ocrx_word' id='word_1_75' title='bbox 1208 1235 1579 1289; x_wconf 86' lang='lat' dir='ltr'><strong>venerandum</strong></span> <span class='ocrx_word' id='word_1_76' title='bbox 1618 1234 1708 1288; x_wconf 87' lang='lat' dir='ltr'><strong>Dei</strong></span> <span class='ocrx_word' id='word_1_77' title='bbox 1743 1250 1939 1290; x_wconf 88' lang='lat' dir='ltr'><strong>nomen</strong></span> <span class='ocrx_word' id='word_1_78' title='bbox 1987 1234 2042 1286; x_wconf 90' lang='lat' dir='ltr'><strong>in</strong></span> 
     </span>
    </p>
   </div>
   <div class='ocr_carea' id='block_1_12' title="bbox 450 1327 2040 1399">
    <p class='ocr_par' dir='ltr' id='par_1_12' title="bbox 450 1327 2040 1399">
     <span class='ocr_line' id='line_1_12' title="bbox 450 1327 2040 1399; baseline -0.002 -18"><span class='ocrx_word' id='word_1_79' title='bbox 450 1329 778 1399; x_wconf 85' lang='lat' dir='ltr'><strong>juramentis</strong></span> <span class='ocrx_word' id='word_1_80' title='bbox 822 1345 1138 1399; x_wconf 89' lang='lat' dir='ltr'><strong>usurpare:</strong></span> <span class='ocrx_word' id='word_1_81' title='bbox 1191 1329 1392 1382; x_wconf 88' lang='lat' dir='ltr'><strong>salvari</strong></span> <span class='ocrx_word' id='word_1_82' title='bbox 1436 1328 1582 1382; x_wconf 87' lang='lat' dir='ltr'><strong>euim</strong></span> <span class='ocrx_word' id='word_1_83' title='bbox 1621 1328 1713 1396; x_wconf 86' lang='lat' dir='ltr'><strong>qui</strong></span> <span class='ocrx_word' id='word_1_84' title='bbox 1748 1327 1901 1396; x_wconf 85' lang='lat' dir='ltr'><strong>jurat</strong></span> <span class='ocrx_word' id='word_1_85' title='bbox 1933 1340 2040 1379; x_wconf 92' lang='lat' dir='ltr'><strong>nou</strong></span> 
     </span>
    </p>
   </div>
   <div class='ocr_carea' id='block_1_13' title="bbox 455 1420 2046 1490">
    <p class='ocr_par' dir='ltr' id='par_1_13' title="bbox 455 1420 2046 1490">
     <span class='ocr_line' id='line_1_13' title="bbox 455 1420 2046 1490; baseline -0.002 -15"><span class='ocrx_word' id='word_1_86' title='bbox 455 1431 655 1490; x_wconf 88' lang='lat' dir='ltr'><strong>potest.</strong></span> <span class='ocrx_word' id='word_1_87' title='bbox 691 1421 998 1477; x_wconf 86' lang='lat' dir='ltr'><strong>Immunem</strong></span> <span class='ocrx_word' id='word_1_88' title='bbox 1028 1437 1149 1477; x_wconf 90' lang='lat' dir='ltr'><strong>esse</strong></span> <span class='ocrx_word' id='word_1_89' title='bbox 1180 1421 1248 1474; x_wconf 91' lang='lat' dir='ltr'><strong>ab</strong></span> <span class='ocrx_word' id='word_1_90' title='bbox 1272 1421 1398 1475; x_wconf 93' lang='lat' dir='ltr'><strong>odio</strong></span> <span class='ocrx_word' id='word_1_91' title='bbox 1424 1420 1715 1482; x_wconf 87' lang='lat' dir='ltr'><strong>Cainitico,</strong></span> <span class='ocrx_word' id='word_1_92' title='bbox 1748 1421 1818 1474; x_wconf 87' lang='lat' dir='ltr'><strong>ab</strong></span> <span class='ocrx_word' id='word_1_93' title='bbox 1847 1420 2046 1475; x_wconf 78' lang='lat' dir='ltr'><strong>exitio-</strong></span> 
     </span>
    </p>
   </div>
   <div class='ocr_carea' id='block_1_14' title="bbox 458 1510 2047 1580">
    <p class='ocr_par' dir='ltr' id='par_1_14' title="bbox 458 1510 2047 1580">
     <span class='ocr_line' id='line_1_14' title="bbox 458 1510 2047 1580; baseline 0.001 -16"><span class='ocrx_word' id='word_1_94' title='bbox 458 1525 518 1564; x_wconf 87' lang='lat' dir='ltr'><strong>sa</strong></span> <span class='ocrx_word' id='word_1_95' title='bbox 542 1511 900 1576; x_wconf 83' lang='lat' dir='ltr'><strong>detractione,</strong></span> <span class='ocrx_word' id='word_1_96' title='bbox 927 1511 996 1566; x_wconf 87' lang='lat' dir='ltr'><strong>ab</strong></span> <span class='ocrx_word' id='word_1_97' title='bbox 1017 1511 1141 1564; x_wconf 88' lang='lat' dir='ltr'><strong>odio</strong></span> <span class='ocrx_word' id='word_1_98' title='bbox 1168 1510 1259 1565; x_wconf 90' lang='lat' dir='ltr'><strong>Dei</strong></span> <span class='ocrx_word' id='word_1_99' title='bbox 1293 1510 1535 1575; x_wconf 88' lang='lat' dir='ltr'><strong>inimico,</strong></span> <span class='ocrx_word' id='word_1_100' title='bbox 1568 1525 1597 1564; x_wconf 86' lang='lat' dir='ltr'><strong>a</strong></span> <span class='ocrx_word' id='word_1_101' title='bbox 1625 1510 1877 1565; x_wconf 91' lang='lat' dir='ltr'><strong>convicio</strong></span> <span class='ocrx_word' id='word_1_102' title='bbox 1900 1511 2047 1580; x_wconf 90' lang='lat' dir='ltr'><strong>quod</strong></span> 
     </span>
    </p>
   </div>
   <div class='ocr_carea' id='block_1_15' title="bbox 458 1600 2050 1669">
    <p class='ocr_par' dir='ltr' id='par_1_15' title="bbox 458 1600 2050 1669">
     <span class='ocr_line' id='line_1_15' title="bbox 458 1600 2050 1669; baseline -0.002 -15"><span class='ocrx_word' id='word_1_103' title='bbox 458 1600 702 1654; x_wconf 83' lang='lat' dir='ltr'><strong>excludit</strong></span> <span class='ocrx_word' id='word_1_104' title='bbox 731 1616 762 1654; x_wconf 89' lang='lat' dir='ltr'><strong>a</strong></span> <span class='ocrx_word' id='word_1_105' title='bbox 789 1613 958 1669; x_wconf 88' lang='lat' dir='ltr'><strong>regno</strong></span> <span class='ocrx_word' id='word_1_106' title='bbox 991 1600 1260 1654; x_wconf 58' lang='lat' dir='ltr'><strong>caelorum</strong></span> <span class='ocrx_word' id='word_1_107' title='bbox 1289 1615 1302 1652; x_wconf 91' lang='lat'><strong>:</strong></span> <span class='ocrx_word' id='word_1_108' title='bbox 1341 1613 1522 1668; x_wconf 80' lang='lat' dir='ltr'><strong>regem</strong></span> <span class='ocrx_word' id='word_1_109' title='bbox 1551 1602 1824 1652; x_wconf 88' lang='lat' dir='ltr'><strong>honorare</strong></span> <span class='ocrx_word' id='word_1_110' title='bbox 1862 1613 1926 1651; x_wconf 91' lang='lat' dir='ltr'><strong>ac</strong></span> <span class='ocrx_word' id='word_1_111' title='bbox 1955 1613 2050 1667; x_wconf 84' lang='lat' dir='ltr'><strong>pa-</strong></span> 
     </span>
    </p>
   </div>
   <div class='ocr_carea' id='block_1_16' title="bbox 460 1684 2046 1758">
    <p class='ocr_par' dir='ltr' id='par_1_16' title="bbox 460 1684 2046 1758">
     <span class='ocr_line' id='line_1_16' title="bbox 460 1684 2046 1758; baseline -0.004 -15"><span class='ocrx_word' id='word_1_112' title='bbox 460 1698 643 1746; x_wconf 85' lang='lat' dir='ltr'><strong>rentes</strong></span> <span class='ocrx_word' id='word_1_113' title='bbox 670 1707 684 1743; x_wconf 91' lang='lat'>:</span> <span class='ocrx_word' id='word_1_114' title='bbox 743 1688 1032 1758; x_wconf 73' lang='lat' dir='ltr'><strong>coniugem</strong></span> <span class='ocrx_word' id='word_1_115' title='bbox 1092 1696 1153 1741; x_wconf 91' lang='lat' dir='ltr'><strong>ut</strong></span> <span class='ocrx_word' id='word_1_116' title='bbox 1180 1688 1420 1754; x_wconf 83' lang='lat' dir='ltr'><strong>seipsum</strong></span> <span class='ocrx_word' id='word_1_117' title='bbox 1473 1686 1700 1755; x_wconf 79' lang='lat' dir='ltr'><strong>diligere</strong></span> <span class='ocrx_word' id='word_1_118' title='bbox 1730 1729 1744 1752; x_wconf 94' lang='lat'><strong>,</strong></span> <span class='ocrx_word' id='word_1_119' title='bbox 1775 1700 1874 1740; x_wconf 89' lang='lat' dir='ltr'><strong>nec</strong></span> <span class='ocrx_word' id='word_1_120' title='bbox 1901 1684 2046 1738; x_wconf 91' lang='lat' dir='ltr'><strong>aliud</strong></span> 
     </span>
    </p>
   </div>
   <div class='ocr_carea' id='block_1_17' title="bbox 463 1773 2129 1848">
    <p class='ocr_par' dir='ltr' id='par_1_17' title="bbox 463 1773 2129 1848">
     <span class='ocr_line' id='line_1_17' title="bbox 463 1773 2129 1848; baseline -0.004 -15"><span class='ocrx_word' id='word_1_121' title='bbox 463 1778 824 1836; x_wconf 83' lang='lat' dir='ltr'><strong>fornicarium</strong></span> <span class='ocrx_word' id='word_1_122' title='bbox 873 1779 1020 1833; x_wconf 88' lang='lat' dir='ltr'><strong>latus</strong></span> <span class='ocrx_word' id='word_1_123' title='bbox 1073 1790 1429 1848; x_wconf 78' lang='lat' dir='ltr'><strong>cognoscere,</strong></span> <span class='ocrx_word' id='word_1_124' title='bbox 1472 1776 1526 1828; x_wconf 92' lang='lat' dir='ltr'><strong>in</strong></span> <span class='ocrx_word' id='word_1_125' title='bbox 1557 1790 1666 1842; x_wconf 90' lang='lat' dir='ltr'><strong>quo</strong></span> <span class='ocrx_word' id='word_1_126' title='bbox 1692 1775 1770 1829; x_wconf 89' lang='lat' dir='ltr'><strong>ira</strong></span> <span class='ocrx_word' id='word_1_127' title='bbox 1801 1783 1887 1829; x_wconf 93' lang='lat' dir='ltr'><strong>est</strong></span> <span class='ocrx_word' id='word_1_128' title='bbox 1916 1773 2009 1827; x_wconf 89' lang='lat' dir='ltr'><strong>Dei</strong></span> <span class='ocrx_word' id='word_1_129' title='bbox 2039 1791 2052 1827; x_wconf 93' lang='lat'>:</span> <span class='ocrx_word' id='word_1_130' title='bbox 2089 1782 2129 1837; x_wconf 81' lang='grc' dir='ltr'><strong>Β</strong></span> 
     </span>
    </p>
   </div>
   <div class='ocr_carea' id='block_1_18' title="bbox 463 1867 2050 1938">
    <p class='ocr_par' dir='ltr' id='par_1_18' title="bbox 463 1867 2050 1938">
     <span class='ocr_line' id='line_1_18' title="bbox 463 1867 2050 1938; baseline -0.003 -13"><span class='ocrx_word' id='word_1_131' title='bbox 463 1870 841 1925; x_wconf 79' lang='lat' dir='ltr'><strong>Fornicatores</strong></span> <span class='ocrx_word' id='word_1_132' title='bbox 863 1871 1073 1925; x_wconf 77' lang='lat' dir='ltr'><strong>enimet</strong></span> <span class='ocrx_word' id='word_1_133' title='bbox 1109 1869 1376 1923; x_wconf 81' lang='lat' dir='ltr'><strong>adulteros</strong></span> <span class='ocrx_word' id='word_1_134' title='bbox 1393 1868 1660 1938; x_wconf 83' lang='lat' dir='ltr'><strong>judicabit</strong></span> <span class='ocrx_word' id='word_1_135' title='bbox 1698 1869 1919 1922; x_wconf 77' lang='lat' dir='ltr'><strong>Deus”.</strong></span> <span class='ocrx_word' id='word_1_136' title='bbox 1957 1867 2050 1921; x_wconf 80' lang='lat' dir='ltr'><strong>Fi-</strong></span> 
     </span>
    </p>
   </div>
   <div class='ocr_carea' id='block_1_19' title="bbox 462 1960 2054 2030">
    <p class='ocr_par' dir='ltr' id='par_1_19' title="bbox 462 1960 2054 2030">
     <span class='ocr_line' id='line_1_19' title="bbox 462 1960 2054 2030; baseline -0.003 -13"><span class='ocrx_word' id='word_1_137' title='bbox 462 1963 568 2018; x_wconf 88' lang='lat' dir='ltr'><strong>lios</strong></span> <span class='ocrx_word' id='word_1_138' title='bbox 619 1962 928 2019; x_wconf 87' lang='lat' dir='ltr'><strong>secundum</strong></span> <span class='ocrx_word' id='word_1_139' title='bbox 988 1962 1159 2017; x_wconf 91' lang='lat' dir='ltr'><strong>Deum</strong></span> <span class='ocrx_word' id='word_1_140' title='bbox 1208 1963 1519 2026; x_wconf 88' lang='lat' dir='ltr'><strong>instituere,</strong></span> <span class='ocrx_word' id='word_1_141' title='bbox 1570 1970 1624 2015; x_wconf 92' lang='lat' dir='ltr'><strong>et</strong></span> <span class='ocrx_word' id='word_1_142' title='bbox 1651 1960 1961 2030; x_wconf 78' lang='lat' dir='ltr'><strong>exemplum</strong></span> <span class='ocrx_word' id='word_1_143' title='bbox 1996 1974 2054 2014; x_wconf 92' lang='lat' dir='ltr'><strong>se</strong></span> 
     </span>
    </p>
   </div>
   <div class='ocr_carea' id='block_1_20' title="bbox 464 2050 2052 2123">
    <p class='ocr_par' dir='ltr' id='par_1_20' title="bbox 464 2050 2052 2123">
     <span class='ocr_line' id='line_1_20' title="bbox 464 2050 2052 2123; baseline 0.001 -20"><span class='ocrx_word' id='word_1_144' title='bbox 464 2052 574 2109; x_wconf 87' lang='lat' dir='ltr'><strong>illis</strong></span> <span class='ocrx_word' id='word_1_145' title='bbox 605 2053 670 2108; x_wconf 90' lang='lat' dir='ltr'><strong>ad</strong></span> <span class='ocrx_word' id='word_1_146' title='bbox 701 2053 1047 2123; x_wconf 86' lang='lat' dir='ltr'><strong>prudentiam</strong></span> <span class='ocrx_word' id='word_1_147' title='bbox 1083 2052 1358 2122; x_wconf 63' lang='lat' dir='ltr'><strong>praebere;</strong></span> <span class='ocrx_word' id='word_1_148' title='bbox 1388 2060 1443 2105; x_wconf 91' lang='lat' dir='ltr'><strong>et</strong></span> <span class='ocrx_word' id='word_1_149' title='bbox 1481 2051 1587 2105; x_wconf 89' lang='lat' dir='ltr'><strong>alia</strong></span> <span class='ocrx_word' id='word_1_150' title='bbox 1615 2066 1955 2120; x_wconf 58' lang='lat' dir='ltr'><strong>quaecunque</strong></span> <span class='ocrx_word' id='word_1_151' title='bbox 1986 2050 2052 2104; x_wconf 92' lang='lat' dir='ltr'><strong>ad</strong></span> 
     </span>
    </p>
   </div>
   <div class='ocr_carea' id='block_1_21' title="bbox 465 2142 2052 2215">
    <p class='ocr_par' dir='ltr' id='par_1_21' title="bbox 465 2142 2052 2215">
     <span class='ocr_line' id='line_1_21' title="bbox 465 2142 2052 2215; baseline -0.002 -15"><span class='ocrx_word' id='word_1_152' title='bbox 465 2146 666 2201; x_wconf 71' lang='lat' dir='ltr'><strong>anima:</strong></span> <span class='ocrx_word' id='word_1_153' title='bbox 698 2147 933 2202; x_wconf 86' lang='lat' dir='ltr'><strong>salutem</strong></span> <span class='ocrx_word' id='word_1_154' title='bbox 967 2155 1236 2215; x_wconf 81' lang='lat' dir='ltr'><strong>praecepta</strong></span> <span class='ocrx_word' id='word_1_155' title='bbox 1266 2153 1416 2201; x_wconf 89' lang='lat' dir='ltr'><strong>sunt.</strong></span> <span class='ocrx_word' id='word_1_156' title='bbox 1457 2142 1585 2197; x_wconf 81' lang='lat' dir='ltr'><strong>Haec</strong></span> <span class='ocrx_word' id='word_1_157' title='bbox 1622 2151 1770 2206; x_wconf 86' lang='lat' dir='ltr'><strong>sunt,</strong></span> <span class='ocrx_word' id='word_1_158' title='bbox 1808 2143 2052 2208; x_wconf 87' lang='lat' dir='ltr'><strong>domine,</strong></span> 
     </span>
    </p>
   </div>
   <div class='ocr_carea' id='block_1_22' title="bbox 466 2237 2058 2311">
    <p class='ocr_par' dir='ltr' id='par_1_22' title="bbox 466 2237 2058 2311">
     <span class='ocr_line' id='line_1_22' title="bbox 466 2237 2058 2311; baseline -0.002 -18"><span class='ocrx_word' id='word_1_159' title='bbox 466 2255 589 2311; x_wconf 68' lang='lat' dir='ltr'><strong>quae</strong></span> <span class='ocrx_word' id='word_1_160' title='bbox 617 2238 849 2310; x_wconf 77' lang='lat' dir='ltr'><strong>egregiis</strong></span> <span class='ocrx_word' id='word_1_161' title='bbox 879 2239 1203 2294; x_wconf 88' lang='lat' dir='ltr'><strong>muneribus</strong></span> <span class='ocrx_word' id='word_1_162' title='bbox 1233 2239 1342 2293; x_wconf 89' lang='lat' dir='ltr'><strong>tuis</strong></span> <span class='ocrx_word' id='word_1_163' title='bbox 1369 2237 1724 2307; x_wconf 85' lang='lat' dir='ltr'><strong>rependimus</strong></span> <span class='ocrx_word' id='word_1_164' title='bbox 1766 2254 1779 2289; x_wconf 88' lang='lat'><strong>:</strong></span> <span class='ocrx_word' id='word_1_165' title='bbox 1823 2252 1945 2306; x_wconf 70' lang='lat' dir='ltr'><strong>quae</strong></span> <span class='ocrx_word' id='word_1_166' title='bbox 1987 2251 2058 2290; x_wconf 89' lang='lat' dir='ltr'><strong>ne</strong></span> 
     </span>
    </p>
   </div>
   <div class='ocr_carea' id='block_1_23' title="bbox 468 2326 2056 2401">
    <p class='ocr_par' dir='ltr' id='par_1_23' title="bbox 468 2326 2056 2401">
     <span class='ocr_line' id='line_1_23' title="bbox 468 2326 2056 2401; baseline -0.003 -15"><span class='ocrx_word' id='word_1_167' title='bbox 468 2331 766 2401; x_wconf 83' lang='lat' dir='ltr'><strong>spreveris,</strong></span> <span class='ocrx_word' id='word_1_168' title='bbox 796 2332 1017 2386; x_wconf 85' lang='lat' dir='ltr'><strong>tametsi</strong></span> <span class='ocrx_word' id='word_1_169' title='bbox 1047 2331 1114 2385; x_wconf 85' lang='lat' dir='ltr'><strong>ab</strong></span> <span class='ocrx_word' id='word_1_170' title='bbox 1144 2331 1416 2385; x_wconf 88' lang='lat' dir='ltr'><strong>inhonoro</strong></span> <span class='ocrx_word' id='word_1_171' title='bbox 1438 2329 1620 2398; x_wconf 89' lang='lat' dir='ltr'><strong>capite</strong></span> <span class='ocrx_word' id='word_1_172' title='bbox 1661 2326 1901 2399; x_wconf 81' lang='lat' dir='ltr'><strong>profecta</strong></span> <span class='ocrx_word' id='word_1_173' title='bbox 1925 2328 2056 2382; x_wconf 87' lang='lat' dir='ltr'><strong>sint.</strong></span> 
     </span>
    </p>
   </div>
   <div class='ocr_carea' id='block_1_24' title="bbox 469 2420 2062 2492">
    <p class='ocr_par' dir='ltr' id='par_1_24' title="bbox 469 2420 2062 2492">
     <span class='ocr_line' id='line_1_24' title="bbox 469 2420 2062 2492; baseline -0.003 -13"><span class='ocrx_word' id='word_1_174' title='bbox 469 2423 568 2479; x_wconf 84' lang='lat' dir='ltr'><strong>Dei</strong></span> <span class='ocrx_word' id='word_1_175' title='bbox 597 2423 744 2478; x_wconf 87' lang='lat' dir='ltr'><strong>enim</strong></span> <span class='ocrx_word' id='word_1_176' title='bbox 775 2424 1032 2478; x_wconf 88' lang='lat' dir='ltr'><strong>mandata</strong></span> <span class='ocrx_word' id='word_1_177' title='bbox 1055 2423 1230 2492; x_wconf 85' lang='lat' dir='ltr'><strong>pluris</strong></span> <span class='ocrx_word' id='word_1_178' title='bbox 1263 2420 1512 2478; x_wconf 82' lang='lat' dir='ltr'><strong>facienda</strong></span> <span class='ocrx_word' id='word_1_179' title='bbox 1541 2430 1670 2476; x_wconf 89' lang='lat' dir='ltr'><strong>sunt</strong></span> <span class='ocrx_word' id='word_1_180' title='bbox 1696 2435 1860 2491; x_wconf 87' lang='lat' dir='ltr'><strong>quam</strong></span> <span class='ocrx_word' id='word_1_181' title='bbox 1897 2433 2062 2474; x_wconf 89' lang='lat' dir='ltr'><strong>omne</strong></span> 
     </span>
    </p>
   </div>
   <div class='ocr_carea' id='block_1_25' title="bbox 470 2514 1240 2585">
    <p class='ocr_par' dir='ltr' id='par_1_25' title="bbox 470 2514 1240 2585">
     <span class='ocr_line' id='line_1_25' title="bbox 470 2514 1240 2585; baseline -0.003 -15"><span class='ocrx_word' id='word_1_182' title='bbox 470 2530 668 2571; x_wconf 76' lang='lat' dir='ltr'><strong>aurum</strong></span> <span class='ocrx_word' id='word_1_183' title='bbox 694 2523 751 2570; x_wconf 88' lang='lat' dir='ltr'><strong>et</strong></span> <span class='ocrx_word' id='word_1_184' title='bbox 778 2514 918 2585; x_wconf 83' lang='lat' dir='ltr'><strong>lapis</strong></span> <span class='ocrx_word' id='word_1_185' title='bbox 945 2515 1240 2585; x_wconf 88' lang='lat' dir='ltr'><strong>pretiosus.</strong></span> 
     </span>
    </p>
   </div>
   <div class='ocr_carea' id='block_1_26' title="bbox 541 2626 1998 2702">
    <p class='ocr_par' dir='ltr' id='par_1_26' title="bbox 541 2626 1998 2702">
     <span class='ocr_line' id='line_1_26' title="bbox 541 2626 1998 2702; baseline -0.003 -16"><span class='ocrx_word' id='word_1_186' title='bbox 541 2626 732 2686; x_wconf 78' lang='lat' dir='ltr'><strong>CXXI.</strong></span> <span class='ocrx_word' id='word_1_187' title='bbox 770 2660 843 2672; x_wconf 69' lang='grc' dir='ltr'><strong>ο-</strong></span> <span class='ocrx_word' id='word_1_188' title='bbox 875 2629 1090 2684; x_wconf 73' lang='lat' dir='ltr'><strong>Thema:</strong></span> <span class='ocrx_word' id='word_1_189' title='bbox 1123 2631 1448 2702; x_wconf 71' lang='lat' dir='ltr'><strong>patriarcha:</strong></span> <span class='ocrx_word' id='word_1_190' title='bbox 1488 2628 1998 2701; x_wconf 72' lang='lat' dir='ltr'><strong>Hierosolymitano.</strong></span> 
     </span>
    </p>
   </div>
   <div class='ocr_carea' id='block_1_27' title="bbox 1642 280 2527 342">
    <p class='ocr_par' dir='ltr' id='par_1_27' title="bbox 1642 280 2527 342">
     <span class='ocr_line' id='line_1_27' title="bbox 1642 280 2527 342; baseline -0.003 -1"><span class='ocrx_word' id='word_1_191' title='bbox 1642 283 1703 341; x_wconf 88' lang='lat' dir='ltr'><strong>S.</strong></span> <span class='ocrx_word' id='word_1_192' title='bbox 1737 280 2132 342; x_wconf 81' lang='lat' dir='ltr'><strong>THEODDRI</strong></span> <span class='ocrx_word' id='word_1_193' title='bbox 2173 282 2313 341; x_wconf 87' lang='lat' dir='ltr'><strong>STU</strong></span> <span class='ocrx_word' id='word_1_194' title='bbox 2329 280 2527 339; x_wconf 66' lang='lat' dir='ltr'><strong>DlTsh‘.</strong></span> 
     </span>
    </p>
   </div>
   <div class='ocr_carea' id='block_1_28' title="bbox 3627 282 3808 349">
    <p class='ocr_par' dir='ltr' id='par_1_28' title="bbox 3627 282 3808 349">
     <span class='ocr_line' id='line_1_28' title="bbox 3627 282 3808 349; baseline 0.017 -3"><span class='ocrx_word' id='word_1_195' title='bbox 3627 282 3808 349; x_wconf 82' lang='lat'><strong>1396</strong></span> 
     </span>
    </p>
   </div>
   <div class='ocr_carea' id='block_1_29' title="bbox 2140 393 3811 470">
    <p class='ocr_par' dir='ltr' id='par_1_29' title="bbox 2140 393 3811 470">
     <span class='ocr_line' id='line_1_29' title="bbox 2140 393 3811 470; baseline 0.006 -20"><span class='ocrx_word' id='word_1_196' title='bbox 2140 399 2213 469; x_wconf 78' lang='grc' dir='ltr'>μὴ</span> <span class='ocrx_word' id='word_1_197' title='bbox 2261 399 2656 469; x_wconf 76' lang='grc' dir='ltr'><strong>διακεχυμένον</strong></span> <span class='ocrx_word' id='word_1_198' title='bbox 2698 399 2818 463; x_wconf 83' lang='grc' dir='ltr'>ταῖς</span> <span class='ocrx_word' id='word_1_199' title='bbox 2873 398 3184 470; x_wconf 76' lang='grc' dir='ltr'>αίσθήσεσι,</span> <span class='ocrx_word' id='word_1_200' title='bbox 3233 400 3306 456; x_wconf 86' lang='grc' dir='ltr'>δι’</span> <span class='ocrx_word' id='word_1_201' title='bbox 3355 393 3439 458; x_wconf 85' lang='grc' dir='ltr'><strong>ῶν</strong></span> <span class='ocrx_word' id='word_1_202' title='bbox 3503 403 3811 470; x_wconf 75' lang='grc' dir='ltr'>θάνατος</span> 
     </span>
    </p>
   </div>
   <div class='ocr_carea' id='block_1_30' title="bbox 2136 491 3808 568">
    <p class='ocr_par' dir='ltr' id='par_1_30' title="bbox 2136 491 3808 568">
     <span class='ocr_line' id='line_1_30' title="bbox 2136 491 3808 568; baseline -0.002 -23"><span class='ocrx_word' id='word_1_203' title='bbox 2136 491 2413 562; x_wconf 83' lang='grc' dir='ltr'>ἁμαρτίας</span> <span class='ocrx_word' id='word_1_204' title='bbox 2437 492 2665 555; x_wconf 83' lang='grc' dir='ltr'><strong>ἄνεισιν,</strong></span> <span class='ocrx_word' id='word_1_205' title='bbox 2723 493 3060 563; x_wconf 82' lang='grc' dir='ltr'><strong>αὐταρκείας</strong></span> <span class='ocrx_word' id='word_1_206' title='bbox 3102 494 3347 565; x_wconf 76' lang='grc' dir='ltr'>ἔχεσθαι,</span> <span class='ocrx_word' id='word_1_207' title='bbox 3411 497 3504 568; x_wconf 76' lang='grc' dir='ltr'>μὴ</span> <span class='ocrx_word' id='word_1_208' title='bbox 3566 503 3808 568; x_wconf 56' lang='lat' dir='ltr'><strong>pagg}-</strong></span> 
     </span>
    </p>
   </div>
   <div class='ocr_carea' id='block_1_31' title="bbox 2135 578 3800 656">
    <p class='ocr_par' dir='ltr' id='par_1_31' title="bbox 2135 578 3800 656">
     <span class='ocr_line' id='line_1_31' title="bbox 2135 578 3800 656; baseline 0.003 -19"><span class='ocrx_word' id='word_1_209' title='bbox 2135 589 2391 640; x_wconf 83' lang='grc' dir='ltr'>σκεσθαι</span> <span class='ocrx_word' id='word_1_210' title='bbox 2422 583 2589 649; x_wconf 77' lang='grc' dir='ltr'>οϊνῳ,</span> <span class='ocrx_word' id='word_1_211' title='bbox 2615 585 2686 638; x_wconf 81' lang='grc' dir='ltr'><strong>ἐν</strong></span> <span class='ocrx_word' id='word_1_212' title='bbox 2739 578 2789 652; x_wconf 82' lang='grc' dir='ltr'>ᾧ</span> <span class='ocrx_word' id='word_1_213' title='bbox 2853 586 3046 651; x_wconf 82' lang='grc' dir='ltr'>ἐστιν,</span> <span class='ocrx_word' id='word_1_214' title='bbox 3092 589 3476 653; x_wconf 88' lang='grc' dir='ltr'>ἀποστολικῶς</span> <span class='ocrx_word' id='word_1_215' title='bbox 3543 594 3800 656; x_wconf 77' lang='grc' dir='ltr'>εἰπεῖν,</span> 
     </span>
    </p>
   </div>
   <div class='ocr_carea' id='block_1_32' title="bbox 2137 673 3800 752">
    <p class='ocr_par' dir='ltr' id='par_1_32' title="bbox 2137 673 3800 752">
     <span class='ocr_line' id='line_1_32' title="bbox 2137 673 3800 752; baseline 0.004 -20"><span class='ocrx_word' id='word_1_216' title='bbox 2137 678 2367 732; x_wconf 79' lang='grc' dir='ltr'><strong>ἀσωτία</strong></span> <span class='ocrx_word' id='word_1_217' title='bbox 2389 695 2404 709; x_wconf 78' lang='grc' dir='ltr'><strong>ο</strong></span> <span class='ocrx_word' id='word_1_218' title='bbox 2440 677 2514 747; x_wconf 85' lang='grc' dir='ltr'>μὴ</span> <span class='ocrx_word' id='word_1_219' title='bbox 2558 677 2944 749; x_wconf 82' lang='grc' dir='ltr'>φιλαργυρείν,</span> <span class='ocrx_word' id='word_1_220' title='bbox 2983 680 3040 732; x_wconf 82' lang='grc' dir='ltr'>ὲν</span> <span class='ocrx_word' id='word_1_221' title='bbox 3079 673 3125 748; x_wconf 79' lang='grc' dir='ltr'>ᾧ</span> <span class='ocrx_word' id='word_1_222' title='bbox 3150 682 3181 752; x_wconf 76' lang='grc' dir='ltr'>ὴ</span> <span class='ocrx_word' id='word_1_223' title='bbox 3209 681 3333 752; x_wconf 76' lang='grc' dir='ltr'>ῥίζα</span> <span class='ocrx_word' id='word_1_224' title='bbox 3359 683 3611 737; x_wconf 82' lang='grc' dir='ltr'>πάντων</span> <span class='ocrx_word' id='word_1_225' title='bbox 3656 687 3800 738; x_wconf 75' lang='grc' dir='ltr'><strong>τῶν</strong></span> 
     </span>
    </p>
   </div>
   <div class='ocr_carea' id='block_1_33' title="bbox 2139 768 3797 844">
    <p class='ocr_par' dir='ltr' id='par_1_33' title="bbox 2139 768 3797 844">
     <span class='ocr_line' id='line_1_33' title="bbox 2139 768 3797 844; baseline 0.007 -24"><span class='ocrx_word' id='word_1_226' title='bbox 2139 768 2326 821; x_wconf 83' lang='grc' dir='ltr'>κακῶν</span> <span class='ocrx_word' id='word_1_227' title='bbox 2359 770 2474 822; x_wconf 78' lang='grc' dir='ltr'>ἐστι</span> <span class='ocrx_word' id='word_1_228' title='bbox 2500 786 2514 799; x_wconf 75' lang='grc' dir='ltr'><strong>ο</strong></span> <span class='ocrx_word' id='word_1_229' title='bbox 2544 769 2828 840; x_wconf 78' lang='grc' dir='ltr'><strong>σχολάζειν</strong></span> <span class='ocrx_word' id='word_1_230' title='bbox 2853 771 2914 824; x_wconf 78' lang='grc' dir='ltr'>ἐν</span> <span class='ocrx_word' id='word_1_231' title='bbox 2942 771 3214 843; x_wconf 86' lang='grc' dir='ltr'>δεήσεσιν,</span> <span class='ocrx_word' id='word_1_232' title='bbox 3240 776 3299 828; x_wconf 85' lang='grc' dir='ltr'><strong>έν</strong></span> <span class='ocrx_word' id='word_1_233' title='bbox 3333 775 3797 844; x_wconf 71' lang='grc' dir='ltr'>ἀναγνώσετιν,</span> 
     </span>
    </p>
   </div>
   <div class='ocr_carea' id='block_1_34' title="bbox 2138 860 3801 942">
    <p class='ocr_par' dir='ltr' id='par_1_34' title="bbox 2138 860 3801 942">
     <span class='ocr_line' id='line_1_34' title="bbox 2138 860 3801 942; baseline 0.004 -27"><span class='ocrx_word' id='word_1_234' title='bbox 2138 863 2196 915; x_wconf 82' lang='grc' dir='ltr'>ὲν</span> <span class='ocrx_word' id='word_1_235' title='bbox 2227 860 2591 930; x_wconf 80' lang='grc' dir='ltr'>ψαλμῳδίαις,</span> <span class='ocrx_word' id='word_1_236' title='bbox 2624 863 2682 916; x_wconf 80' lang='grc' dir='ltr'>ὲν</span> <span class='ocrx_word' id='word_1_237' title='bbox 2712 862 2952 935; x_wconf 82' lang='grc' dir='ltr'>μερίμνῃ</span> <span class='ocrx_word' id='word_1_238' title='bbox 3001 863 3258 930; x_wconf 82' lang='grc' dir='ltr'>θανάτου,</span> <span class='ocrx_word' id='word_1_239' title='bbox 3295 862 3446 942; x_wconf 76' lang='grc' dir='ltr'><strong>ἐφ’ᾖ</strong></span> <span class='ocrx_word' id='word_1_240' title='bbox 3496 874 3801 924; x_wconf 72' lang='grc' dir='ltr'>κατάγν-</span> 
     </span>
    </p>
   </div>
   <div class='ocr_carea' id='block_1_35' title="bbox 2142 953 3796 1031">
    <p class='ocr_par' dir='ltr' id='par_1_35' title="bbox 2142 953 3796 1031">
     <span class='ocr_line' id='line_1_35' title="bbox 2142 953 3796 1031; baseline 0.007 -26"><span class='ocrx_word' id='word_1_241' title='bbox 2142 953 2222 1017; x_wconf 81' lang='grc' dir='ltr'>ξις</span> <span class='ocrx_word' id='word_1_242' title='bbox 2265 954 2442 1024; x_wconf 78' lang='grc' dir='ltr'>ψυχῆς</span> <span class='ocrx_word' id='word_1_243' title='bbox 2473 955 2568 1008; x_wconf 82' lang='grc' dir='ltr'>καὶ</span> <span class='ocrx_word' id='word_1_244' title='bbox 2594 953 2830 1027; x_wconf 79' lang='grc' dir='ltr'>δάκρυα.</span> <span class='ocrx_word' id='word_1_245' title='bbox 2865 955 3130 1027; x_wconf 83' lang='grc' dir='ltr'>Δακρύων</span> <span class='ocrx_word' id='word_1_246' title='bbox 3175 958 3284 1029; x_wconf 81' lang='grc' dir='ltr'>γὰρ</span> <span class='ocrx_word' id='word_1_247' title='bbox 3316 959 3346 1011; x_wconf 86' lang='grc' dir='ltr'><strong>ό</strong></span> <span class='ocrx_word' id='word_1_248' title='bbox 3379 962 3598 1031; x_wconf 80' lang='grc' dir='ltr'>παρὼν</span> <span class='ocrx_word' id='word_1_249' title='bbox 3623 961 3796 1030; x_wconf 77' lang='grc' dir='ltr'>βίος,</span> 
     </span>
    </p>
   </div>
   <div class='ocr_carea' id='block_1_36' title="bbox 2141 1039 3794 1121">
    <p class='ocr_par' dir='ltr' id='par_1_36' title="bbox 2141 1039 3794 1121">
     <span class='ocr_line' id='line_1_36' title="bbox 2141 1039 3794 1121; baseline 0.005 -23"><span class='ocrx_word' id='word_1_250' title='bbox 2141 1039 2185 1098; x_wconf 85' lang='grc' dir='ltr'><strong>ὧ</strong></span> <span class='ocrx_word' id='word_1_251' title='bbox 2229 1046 2567 1115; x_wconf 74' lang='grc' dir='ltr'><strong>Χριστιανοὶ,</strong></span> <span class='ocrx_word' id='word_1_252' title='bbox 2620 1046 2739 1100; x_wconf 85' lang='grc' dir='ltr'>ἀλλ’</span> <span class='ocrx_word' id='word_1_253' title='bbox 2763 1048 2822 1100; x_wconf 91' lang='grc' dir='ltr'><strong>οὐ</strong></span> <span class='ocrx_word' id='word_1_254' title='bbox 2846 1046 3124 1115; x_wconf 84' lang='grc' dir='ltr'><strong>γελώτων.</strong></span> <span class='ocrx_word' id='word_1_255' title='bbox 3148 1049 3436 1120; x_wconf 77' lang='grc' dir='ltr'><strong>Μηδαμῶς</strong></span> <span class='ocrx_word' id='word_1_256' title='bbox 3467 1053 3742 1121; x_wconf 81' lang='grc' dir='ltr'>ὀμνύειν</span> <span class='ocrx_word' id='word_1_257' title='bbox 3773 1071 3794 1084; x_wconf 76' lang='grc' dir='ltr'><strong>ο</strong></span> 
     </span>
    </p>
   </div>
   <div class='ocr_carea' id='block_1_37' title="bbox 2146 1137 3798 1212">
    <p class='ocr_par' dir='ltr' id='par_1_37' title="bbox 2146 1137 3798 1212">
     <span class='ocr_line' id='line_1_37' title="bbox 2146 1137 3798 1212; baseline 0.006 -22"><span class='ocrx_word' id='word_1_258' title='bbox 2146 1137 2281 1209; x_wconf 82' lang='grc' dir='ltr'>μηδὲ</span> <span class='ocrx_word' id='word_1_259' title='bbox 2318 1139 2503 1205; x_wconf 84' lang='grc' dir='ltr'>ὅρκιον</span> <span class='ocrx_word' id='word_1_260' title='bbox 2526 1139 2588 1192; x_wconf 81' lang='grc' dir='ltr'>τὸ</span> <span class='ocrx_word' id='word_1_261' title='bbox 2623 1139 2921 1210; x_wconf 84' lang='grc' dir='ltr'>πολύτιμον</span> <span class='ocrx_word' id='word_1_262' title='bbox 2947 1142 3130 1212; x_wconf 76' lang='grc' dir='ltr'>ὄνομα</span> <span class='ocrx_word' id='word_1_263' title='bbox 3156 1143 3251 1196; x_wconf 77' lang='grc' dir='ltr'>τοῦ</span> <span class='ocrx_word' id='word_1_264' title='bbox 3278 1144 3416 1198; x_wconf 80' lang='grc' dir='ltr'>Θεοῦ</span> <span class='ocrx_word' id='word_1_265' title='bbox 3463 1146 3569 1200; x_wconf 74' lang='grc' dir='ltr'>διὰ</span> <span class='ocrx_word' id='word_1_266' title='bbox 3639 1149 3798 1200; x_wconf 74' lang='grc' dir='ltr'>στό-</span> 
     </span>
    </p>
   </div>
   <div class='ocr_carea' id='block_1_38' title="bbox 2148 1229 3790 1307">
    <p class='ocr_par' dir='ltr' id='par_1_38' title="bbox 2148 1229 3790 1307">
     <span class='ocr_line' id='line_1_38' title="bbox 2148 1229 3790 1307; baseline 0.009 -27"><span class='ocrx_word' id='word_1_267' title='bbox 2148 1245 2316 1298; x_wconf 89' lang='grc' dir='ltr'>ματος</span> <span class='ocrx_word' id='word_1_268' title='bbox 2347 1229 2538 1298; x_wconf 84' lang='grc' dir='ltr'>φέρειν</span> <span class='ocrx_word' id='word_1_269' title='bbox 2561 1245 2578 1260; x_wconf 72' lang='grc'><strong>⁸</strong></span> <span class='ocrx_word' id='word_1_270' title='bbox 2613 1231 2674 1283; x_wconf 92' lang='grc' dir='ltr'><strong>οὐ</strong></span> <span class='ocrx_word' id='word_1_271' title='bbox 2713 1231 2822 1300; x_wconf 81' lang='grc' dir='ltr'>γὰρ</span> <span class='ocrx_word' id='word_1_272' title='bbox 2852 1229 2974 1285; x_wconf 80' lang='grc' dir='ltr'>ἐστι</span> <span class='ocrx_word' id='word_1_273' title='bbox 3001 1232 3094 1284; x_wconf 84' lang='grc' dir='ltr'>τὸν</span> <span class='ocrx_word' id='word_1_274' title='bbox 3133 1232 3402 1303; x_wconf 83' lang='grc' dir='ltr'>ὀμνύοντα</span> <span class='ocrx_word' id='word_1_275' title='bbox 3469 1237 3790 1307; x_wconf 76' lang='grc' dir='ltr'>σωθῆναι.</span> 
     </span>
    </p>
   </div>
   <div class='ocr_carea' id='block_1_39' title="bbox 2146 1316 3794 1398">
    <p class='ocr_par' dir='ltr' id='par_1_39' title="bbox 2146 1316 3794 1398">
     <span class='ocr_line' id='line_1_39' title="bbox 2146 1316 3794 1398; baseline 0.008 -30"><span class='ocrx_word' id='word_1_276' title='bbox 2146 1316 2488 1388; x_wconf 74' lang='grc' dir='ltr'>Καθαρεύετν</span> <span class='ocrx_word' id='word_1_277' title='bbox 2501 1317 2698 1386; x_wconf 81' lang='grc' dir='ltr'>φθόνου</span> <span class='ocrx_word' id='word_1_278' title='bbox 2715 1320 2812 1373; x_wconf 76' lang='grc' dir='ltr'>τοῦ</span> <span class='ocrx_word' id='word_1_279' title='bbox 2843 1321 3071 1382; x_wconf 82' lang='grc' dir='ltr'>Καῖνου,</span> <span class='ocrx_word' id='word_1_280' title='bbox 3102 1324 3436 1388; x_wconf 78' lang='grc' dir='ltr'>καταλαλιᾶς</span> <span class='ocrx_word' id='word_1_281' title='bbox 3463 1329 3576 1398; x_wconf 79' lang='grc' dir='ltr'>τῆς</span> <span class='ocrx_word' id='word_1_282' title='bbox 3641 1327 3794 1381; x_wconf 73' lang='grc' dir='ltr'>ὀλε-</span> 
     </span>
    </p>
   </div>
   <div class='ocr_carea' id='block_1_40' title="bbox 2148 1407 3793 1490">
    <p class='ocr_par' dir='ltr' id='par_1_40' title="bbox 2148 1407 3793 1490">
     <span class='ocr_line' id='line_1_40' title="bbox 2148 1407 3793 1490; baseline 0.008 -30"><span class='ocrx_word' id='word_1_283' title='bbox 2148 1407 2525 1477; x_wconf 88' lang='grc' dir='ltr'>θρίου,μίσους</span> <span class='ocrx_word' id='word_1_284' title='bbox 2540 1410 2633 1464; x_wconf 81' lang='grc' dir='ltr'>τοῦ</span> <span class='ocrx_word' id='word_1_285' title='bbox 2651 1410 3236 1485; x_wconf 85' lang='grc' dir='ltr'>ὲχθροθέου,λοιδορίας</span> <span class='ocrx_word' id='word_1_286' title='bbox 3253 1418 3352 1486; x_wconf 83' lang='grc' dir='ltr'>τῆς</span> <span class='ocrx_word' id='word_1_287' title='bbox 3372 1417 3480 1483; x_wconf 76' lang='grc' dir='ltr'><strong>ἔξω</strong></span> <span class='ocrx_word' id='word_1_288' title='bbox 3496 1419 3662 1472; x_wconf 74' lang='grc' dir='ltr'>τιθεῖ</span> <span class='ocrx_word' id='word_1_289' title='bbox 3669 1438 3745 1490; x_wconf 68' lang='lat'><strong>:1;</strong></span> <span class='ocrx_word' id='word_1_290' title='bbox 3758 1440 3793 1485; x_wconf 82' lang='grc' dir='ltr'><strong>ς</strong></span> 
     </span>
    </p>
   </div>
   <div class='ocr_carea' id='block_1_41' title="bbox 2152 1501 3792 1585">
    <p class='ocr_par' dir='ltr' id='par_1_41' title="bbox 2152 1501 3792 1585">
     <span class='ocr_line' id='line_1_41' title="bbox 2152 1501 3792 1585; baseline 0.008 -30"><span class='ocrx_word' id='word_1_291' title='bbox 2152 1501 2432 1571; x_wconf 74' lang='grc' dir='ltr'>βασιλείας</span> <span class='ocrx_word' id='word_1_292' title='bbox 2451 1503 2719 1572; x_wconf 82' lang='grc' dir='ltr'>οὐρανῶν·</span> <span class='ocrx_word' id='word_1_293' title='bbox 2751 1507 2920 1576; x_wconf 83' lang='grc' dir='ltr'>τιμᾷν</span> <span class='ocrx_word' id='word_1_294' title='bbox 2936 1506 3028 1559; x_wconf 84' lang='grc' dir='ltr'>τὸν</span> <span class='ocrx_word' id='word_1_295' title='bbox 3058 1508 3303 1577; x_wconf 79' lang='grc' dir='ltr'>βασιλέα,</span> <span class='ocrx_word' id='word_1_296' title='bbox 3327 1512 3454 1574; x_wconf 80' lang='grc' dir='ltr'>τοὺς</span> <span class='ocrx_word' id='word_1_297' title='bbox 3486 1519 3792 1585; x_wconf 75' lang='grc' dir='ltr'>γεννήτο-</span> 
     </span>
    </p>
   </div>
   <div class='ocr_carea' id='block_1_42' title="bbox 2153 1595 3790 1676">
    <p class='ocr_par' dir='ltr' id='par_1_42' title="bbox 2153 1595 3790 1676">
     <span class='ocr_line' id='line_1_42' title="bbox 2153 1595 3790 1676; baseline 0.009 -31"><span class='ocrx_word' id='word_1_298' title='bbox 2153 1611 2255 1662; x_wconf 90' lang='grc' dir='ltr'><strong>ρας</strong></span> <span class='ocrx_word' id='word_1_299' title='bbox 2280 1608 2294 1623; x_wconf 85' lang='lat'><strong><em>°</em></strong></span> <span class='ocrx_word' id='word_1_300' title='bbox 2327 1596 2549 1665; x_wconf 82' lang='grc' dir='ltr'><strong>ἀγαπᾷν</strong></span> <span class='ocrx_word' id='word_1_301' title='bbox 2583 1595 2660 1659; x_wconf 85' lang='grc' dir='ltr'>ὡς</span> <span class='ocrx_word' id='word_1_302' title='bbox 2685 1597 2879 1651; x_wconf 81' lang='grc' dir='ltr'>ἑαυτὸν</span> <span class='ocrx_word' id='word_1_303' title='bbox 2909 1598 3008 1668; x_wconf 79' lang='grc' dir='ltr'>τὴν</span> <span class='ocrx_word' id='word_1_304' title='bbox 3037 1601 3333 1670; x_wconf 76' lang='grc' dir='ltr'>όμόζυγον,</span> <span class='ocrx_word' id='word_1_305' title='bbox 3363 1604 3460 1656; x_wconf 79' lang='grc' dir='ltr'>καὶ</span> <span class='ocrx_word' id='word_1_306' title='bbox 3496 1604 3583 1676; x_wconf 79' lang='grc' dir='ltr'>μὴ</span> <span class='ocrx_word' id='word_1_307' title='bbox 3619 1623 3790 1674; x_wconf 79' lang='grc' dir='ltr'>γνω-</span> 
     </span>
    </p>
   </div>
   <div class='ocr_carea' id='block_1_43' title="bbox 2157 1679 3786 1764">
    <p class='ocr_par' dir='ltr' id='par_1_43' title="bbox 2157 1679 3786 1764">
     <span class='ocr_line' id='line_1_43' title="bbox 2157 1679 3786 1764; baseline 0.012 -34"><span class='ocrx_word' id='word_1_308' title='bbox 2157 1679 2326 1750; x_wconf 76' lang='grc' dir='ltr'>ρίζειν</span> <span class='ocrx_word' id='word_1_309' title='bbox 2355 1681 2523 1751; x_wconf 83' lang='grc' dir='ltr'>ἀλλην</span> <span class='ocrx_word' id='word_1_310' title='bbox 2553 1683 2798 1755; x_wconf 70' lang='grc' dir='ltr'>πλευρὰν</span> <span class='ocrx_word' id='word_1_311' title='bbox 2828 1687 3120 1759; x_wconf 85' lang='grc' dir='ltr'>πορνικὴν,</span> <span class='ocrx_word' id='word_1_312' title='bbox 3161 1692 3248 1759; x_wconf 74' lang='grc' dir='ltr'><strong>ἐφ’</strong></span> <span class='ocrx_word' id='word_1_313' title='bbox 3380 1694 3522 1764; x_wconf 79' lang='grc' dir='ltr'>ὀργὴ</span> <span class='ocrx_word' id='word_1_314' title='bbox 3592 1695 3786 1751; x_wconf 76' lang='grc' dir='ltr'>Θεοῦ.</span> 
     </span>
    </p>
   </div>
   <div class='ocr_carea' id='block_1_44' title="bbox 2161 1776 3790 1853">
    <p class='ocr_par' dir='ltr' id='par_1_44' title="bbox 2161 1776 3790 1853">
     <span class='ocr_line' id='line_1_44' title="bbox 2161 1776 3790 1853; baseline 0.008 -26"><span class='ocrx_word' id='word_1_315' title='bbox 2161 1778 2432 1843; x_wconf 81' lang='grc' dir='ltr'>Πόρνους</span> <span class='ocrx_word' id='word_1_316' title='bbox 2454 1776 2563 1846; x_wconf 77' lang='grc' dir='ltr'>γὰρ</span> <span class='ocrx_word' id='word_1_317' title='bbox 2590 1779 2688 1832; x_wconf 80' lang='grc' dir='ltr'>καὶ</span> <span class='ocrx_word' id='word_1_318' title='bbox 2703 1780 2956 1849; x_wconf 79' lang='grc' dir='ltr'>μοιχοὺς</span> <span class='ocrx_word' id='word_1_319' title='bbox 2982 1783 3178 1852; x_wconf 81' lang='grc' dir='ltr'>κρινεῖ</span> <span class='ocrx_word' id='word_1_320' title='bbox 3211 1788 3244 1839; x_wconf 82' lang='grc' dir='ltr'><em>δ</em></span> <span class='ocrx_word' id='word_1_321' title='bbox 3271 1788 3436 1853; x_wconf 81' lang='grc' dir='ltr'>Θεός.</span> <span class='ocrx_word' id='word_1_322' title='bbox 3459 1788 3790 1845; x_wconf 60' lang='grc' dir='ltr'>Παιᾶτέειν</span> 
     </span>
    </p>
   </div>
   <div class='ocr_carea' id='block_1_45' title="bbox 2156 1866 3790 1950">
    <p class='ocr_par' dir='ltr' id='par_1_45' title="bbox 2156 1866 3790 1950">
     <span class='ocr_line' id='line_1_45' title="bbox 2156 1866 3790 1950; baseline 0.012 -32"><span class='ocrx_word' id='word_1_323' title='bbox 2156 1866 2361 1930; x_wconf 82' lang='grc' dir='ltr'>ὲνθέως</span> <span class='ocrx_word' id='word_1_324' title='bbox 2388 1867 2457 1921; x_wconf 81' lang='grc' dir='ltr'>τὰ</span> <span class='ocrx_word' id='word_1_325' title='bbox 2484 1869 2801 1935; x_wconf 76' lang='grc' dir='ltr'>τέκνα,.καὶ</span> <span class='ocrx_word' id='word_1_326' title='bbox 2827 1873 3022 1927; x_wconf 72' lang='grc' dir='ltr'>ἑαυτὸν</span> <span class='ocrx_word' id='word_1_327' title='bbox 3070 1876 3377 1947; x_wconf 78' lang='grc' dir='ltr'>ὑπόδειγμα</span> <span class='ocrx_word' id='word_1_328' title='bbox 3402 1879 3631 1934; x_wconf 75' lang='grc' dir='ltr'>τιθέναι</span> <span class='ocrx_word' id='word_1_329' title='bbox 3667 1884 3790 1950; x_wconf 76' lang='grc' dir='ltr'>τῆς</span> 
     </span>
    </p>
   </div>
   <div class='ocr_carea' id='block_1_46' title="bbox 2157 1957 3787 2042">
    <p class='ocr_par' dir='ltr' id='par_1_46' title="bbox 2157 1957 3787 2042">
     <span class='ocr_line' id='line_1_46' title="bbox 2157 1957 3787 2042; baseline 0.012 -34"><span class='ocrx_word' id='word_1_330' title='bbox 2157 1957 2339 2010; x_wconf 91' lang='grc' dir='ltr'>αὐτῶν</span> <span class='ocrx_word' id='word_1_331' title='bbox 2389 1959 2660 2023; x_wconf 86' lang='grc' dir='ltr'>συνέσεως</span> <span class='ocrx_word' id='word_1_332' title='bbox 2683 1977 2698 1992; x_wconf 78' lang='grc'><strong><em>⁸</em></strong></span> <span class='ocrx_word' id='word_1_333' title='bbox 2738 1964 2833 2015; x_wconf 73' lang='grc' dir='ltr'>καὶ</span> <span class='ocrx_word' id='word_1_334' title='bbox 2881 1964 2982 2017; x_wconf 83' lang='grc' dir='ltr'><strong>ὅσα</strong></span> <span class='ocrx_word' id='word_1_335' title='bbox 3047 1965 3186 2021; x_wconf 78' lang='grc' dir='ltr'>ἄλλα</span> <span class='ocrx_word' id='word_1_336' title='bbox 3216 1969 3244 2020; x_wconf 91' lang='grc' dir='ltr'><strong>ό</strong></span> <span class='ocrx_word' id='word_1_337' title='bbox 3271 1969 3372 2038; x_wconf 83' lang='grc' dir='ltr'>τῆς</span> <span class='ocrx_word' id='word_1_338' title='bbox 3402 1973 3644 2042; x_wconf 80' lang='grc' dir='ltr'>ἐντολῆς</span> <span class='ocrx_word' id='word_1_339' title='bbox 3679 1975 3787 2027; x_wconf 81' lang='grc' dir='ltr'>λό-</span> 
     </span>
    </p>
   </div>
   <div class='ocr_carea' id='block_1_47' title="bbox 2157 2051 3781 2130">
    <p class='ocr_par' dir='ltr' id='par_1_47' title="bbox 2157 2051 3781 2130">
     <span class='ocr_line' id='line_1_47' title="bbox 2157 2051 3781 2130; baseline 0.012 -31"><span class='ocrx_word' id='word_1_340' title='bbox 2157 2065 2255 2116; x_wconf 86' lang='grc' dir='ltr'><strong>γος</strong></span> <span class='ocrx_word' id='word_1_341' title='bbox 2274 2051 2498 2104; x_wconf 88' lang='grc' dir='ltr'>ἀπαιτεῖ</span> <span class='ocrx_word' id='word_1_342' title='bbox 2519 2053 2600 2115; x_wconf 87' lang='grc' dir='ltr'><strong>είς</strong></span> <span class='ocrx_word' id='word_1_343' title='bbox 2633 2057 2910 2124; x_wconf 83' lang='grc' dir='ltr'>σωτηρίαν</span> <span class='ocrx_word' id='word_1_344' title='bbox 2943 2057 3144 2128; x_wconf 82' lang='grc' dir='ltr'>ψυχῆς.</span> <span class='ocrx_word' id='word_1_345' title='bbox 3182 2058 3385 2127; x_wconf 85' lang='grc' dir='ltr'>Ταῦτα,</span> <span class='ocrx_word' id='word_1_346' title='bbox 3407 2057 3454 2116; x_wconf 79' lang='grc' dir='ltr'><strong>ὦ</strong></span> <span class='ocrx_word' id='word_1_347' title='bbox 3488 2064 3781 2130; x_wconf 79' lang='grc' dir='ltr'>δέσποτα,</span> 
     </span>
    </p>
   </div>
   <div class='ocr_carea' id='block_1_48' title="bbox 2159 2142 3784 2227">
    <p class='ocr_par' dir='ltr' id='par_1_48' title="bbox 2159 2142 3784 2227">
     <span class='ocr_line' id='line_1_48' title="bbox 2159 2142 3784 2227; baseline 0.012 -34"><span class='ocrx_word' id='word_1_348' title='bbox 2159 2142 2508 2214; x_wconf 88' lang='grc' dir='ltr'>ἀμειπτήρια</span> <span class='ocrx_word' id='word_1_349' title='bbox 2538 2143 2649 2197; x_wconf 89' lang='grc' dir='ltr'><strong>τῶν</strong></span> <span class='ocrx_word' id='word_1_350' title='bbox 2679 2145 2865 2199; x_wconf 83' lang='grc' dir='ltr'>καλῶν</span> <span class='ocrx_word' id='word_1_351' title='bbox 2908 2166 3005 2201; x_wconf 89' lang='grc' dir='ltr'><strong>σου</strong></span> <span class='ocrx_word' id='word_1_352' title='bbox 3067 2153 3320 2223; x_wconf 86' lang='grc' dir='ltr'>παροχῶν</span> <span class='ocrx_word' id='word_1_353' title='bbox 3351 2170 3365 2184; x_wconf 89' lang='grc'><strong>·</strong></span> <span class='ocrx_word' id='word_1_354' title='bbox 3429 2155 3468 2210; x_wconf 76' lang='grc' dir='ltr'><strong>ἃ</strong></span> <span class='ocrx_word' id='word_1_355' title='bbox 3499 2157 3578 2227; x_wconf 80' lang='grc' dir='ltr'>μὴ</span> <span class='ocrx_word' id='word_1_356' title='bbox 3644 2160 3784 2212; x_wconf 81' lang='grc' dir='ltr'>ἀτι-</span> 
     </span>
    </p>
   </div>
   <div class='ocr_carea' id='block_1_49' title="bbox 2161 2231 3788 2321">
    <p class='ocr_par' dir='ltr' id='par_1_49' title="bbox 2161 2231 3788 2321">
     <span class='ocr_line' id='line_1_49' title="bbox 2161 2231 3788 2321; baseline 0.012 -36"><span class='ocrx_word' id='word_1_357' title='bbox 2161 2231 2381 2301; x_wconf 76' lang='grc' dir='ltr'>μάσοις,</span> <span class='ocrx_word' id='word_1_358' title='bbox 2410 2233 2513 2288; x_wconf 72' lang='grc' dir='ltr'>κᾶν</span> <span class='ocrx_word' id='word_1_359' title='bbox 2546 2234 2605 2301; x_wconf 78' lang='grc' dir='ltr'><strong>ἐξ</strong></span> <span class='ocrx_word' id='word_1_360' title='bbox 2632 2236 2832 2306; x_wconf 81' lang='grc' dir='ltr'>ἀτίμου</span> <span class='ocrx_word' id='word_1_361' title='bbox 2865 2239 3137 2309; x_wconf 90' lang='grc' dir='ltr'>στόματος</span> <span class='ocrx_word' id='word_1_362' title='bbox 3169 2231 3443 2316; x_wconf 79' lang='grc' dir='ltr'>προήχθη.</span> <span class='ocrx_word' id='word_1_363' title='bbox 3476 2247 3630 2301; x_wconf 78' lang='grc' dir='ltr'>Θεοῦ</span> <span class='ocrx_word' id='word_1_364' title='bbox 3658 2251 3788 2321; x_wconf 77' lang='grc' dir='ltr'>γὰρ</span> 
     </span>
    </p>
   </div>
   <div class='ocr_carea' id='block_1_50' title="bbox 2160 2327 3786 2468">
    <p class='ocr_par' dir='ltr' id='par_1_50' title="bbox 2160 2327 3786 2468">
     <span class='ocr_line' id='line_1_50' title="bbox 2160 2327 3786 2468; baseline 0.011 -89"><span class='ocrx_word' id='word_1_365' title='bbox 2160 2327 2375 2468; x_wconf 67' lang='grc' dir='ltr'>ὲνὲτολαὶ</span> <span class='ocrx_word' id='word_1_366' title='bbox 2395 2329 2596 2394; x_wconf 74' lang='grc' dir='ltr'>παντὸς</span> <span class='ocrx_word' id='word_1_367' title='bbox 2631 2332 2856 2402; x_wconf 90' lang='grc' dir='ltr'>χρυσίου</span> <span class='ocrx_word' id='word_1_368' title='bbox 2891 2334 2988 2386; x_wconf 78' lang='grc' dir='ltr'>καὶ</span> <span class='ocrx_word' id='word_1_369' title='bbox 3013 2334 3179 2389; x_wconf 85' lang='grc' dir='ltr'>λίθων</span> <span class='ocrx_word' id='word_1_370' title='bbox 3212 2337 3530 2410; x_wconf 77' lang='grc' dir='ltr'>πολυτίμων</span> <span class='ocrx_word' id='word_1_371' title='bbox 3557 2346 3786 2413; x_wconf 74' lang='grc' dir='ltr'>τιμαλ-</span> 
     </span>
     <span class='ocr_line' id='line_1_51' title="bbox 2163 2434 2454 2468; baseline 0 0"><span class='ocrx_word' id='word_1_372' title='bbox 2163 2435 2200 2468; x_wconf 77' lang='grc' dir='ltr'><em>ω</em></span> <span class='ocrx_word' id='word_1_373' title='bbox 2239 2434 2454 2468; x_wconf 82' lang='grc' dir='ltr'>στεοαι.</span> 
     </span>
    </p>
   </div>
   <div class='ocr_carea' id='block_1_51' title="bbox 2163 2434 2454 2489">
    <p class='ocr_par' dir='ltr' id='par_1_51' title="bbox 2163 2434 2454 2489">
     <span class='ocr_line' id='line_1_52' title="bbox 2163 2434 2454 2489; baseline 0.014 -21"><span class='ocrx_word' id='word_1_374' title='bbox 2163 2434 2454 2489; x_wconf 82' lang='grc' dir='ltr'>φεστεραι.</span> 
     </span>
    </p>
   </div>
   <div class='ocr_carea' id='block_1_52' title="bbox 2182 2627 3772 2781">
    <p class='ocr_par' dir='ltr' id='par_1_52' title="bbox 2182 2627 3772 2781">
     <span class='ocr_line' id='line_1_53' title="bbox 2182 2627 3772 2781; baseline 0.012 -102"><span class='ocrx_word' id='word_1_375' title='bbox 2182 2627 2342 2682; x_wconf 79' lang='lat' dir='ltr'><strong>PKA’</strong></span> <span class='ocrx_word' id='word_1_376' title='bbox 2401 2628 2536 2700; x_wconf 79' lang='grc'>(17).</span> <span class='ocrx_word' id='word_1_377' title='bbox 2563 2662 2630 2673; x_wconf 89' lang='grc'><strong><em>-</em></strong></span> <span class='ocrx_word' id='word_1_378' title='bbox 2664 2633 2838 2704; x_wconf 81' lang='grc' dir='ltr'>Θωμᾷ</span> <span class='ocrx_word' id='word_1_379' title='bbox 2874 2636 3233 2781; x_wconf 51' lang='grc' dir='ltr'><strong>[ἷῒὲἧιὰρχῃ</strong></span> <span class='ocrx_word' id='word_1_380' title='bbox 3300 2638 3772 2713; x_wconf 67' lang='grc' dir='ltr'>Ἱεροσολύμω.</span> 
     </span>
    </p>
   </div>
   <div class='ocr_carea' id='block_1_53' title="bbox 476 2824 3771 2960">
    <p class='ocr_par' dir='ltr' id='par_1_53' title="bbox 476 2824 3771 2960">
     <span class='ocr_line' id='line_1_54' title="bbox 476 2824 3771 2960; baseline 0.002 -69"><span class='ocrx_word' id='word_1_381' title='bbox 476 2824 670 2878; x_wconf 68' lang='grc' dir='ltr'>θητίιε</span> <span class='ocrx_word' id='word_1_382' title='bbox 692 2825 795 2891; x_wconf 68' lang='grc' dir='ltr'><strong>ἐίῑ</strong></span> <span class='ocrx_word' id='word_1_383' title='bbox 819 2838 910 2891; x_wconf 68' lang='lat' dir='ltr'><strong>Dm</strong></span> <span class='ocrx_word' id='word_1_384' title='bbox 933 2824 1154 2890; x_wconf 60' lang='lat' dir='ltr'><strong>acceptis</strong></span> <span class='ocrx_word' id='word_1_385' title='bbox 1175 2827 1234 2878; x_wconf 70' lang='lat' dir='ltr'><strong>ab</strong></span> <span class='ocrx_word' id='word_1_386' title='bbox 1257 2825 1368 2890; x_wconf 69' lang='grc' dir='ltr'>ίρθο</span> <span class='ocrx_word' id='word_1_387' title='bbox 1391 2826 1580 2877; x_wconf 63' lang='lat' dir='ltr'><strong>“lteris</strong></span> <span class='ocrx_word' id='word_1_388' title='bbox 1613 2843 1625 2876; x_wconf 73' lang='grc' dir='ltr'><strong>ε</strong></span> <span class='ocrx_word' id='word_1_389' title='bbox 1656 2832 1759 2877; x_wconf 71' lang='lat' dir='ltr'><strong>lum</strong></span> <span class='ocrx_word' id='word_1_390' title='bbox 1781 2828 1948 2878; x_wconf 67' lang='lat' dir='ltr'><strong>lalldat</strong></span> <span class='ocrx_word' id='word_1_391' title='bbox 1959 2831 2534 2960; x_wconf 50' lang='grc' dir='ltr'>ξυιξοὲἓῗιξῗξῦοἷυεεω</span> <span class='ocrx_word' id='word_1_392' title='bbox 2555 2838 2796 2889; x_wconf 85' lang='lat' dir='ltr'><strong>adversus</strong></span> <span class='ocrx_word' id='word_1_393' title='bbox 2828 2839 3181 2893; x_wconf 82' lang='lat' dir='ltr'><strong>Ieooomachos</strong></span> <span class='ocrx_word' id='word_1_394' title='bbox 3203 2843 3513 2896; x_wconf 76' lang='lat' dir='ltr'><strong>defenderit.</strong></span> <span class='ocrx_word' id='word_1_395' title='bbox 3547 2847 3771 2909; x_wconf 82' lang='lat' dir='ltr'><strong>(Baron.</strong></span> 
     </span>
    </p>
   </div>
   <div class='ocr_carea' id='block_1_54' title="bbox 548 2992 2138 3062">
    <p class='ocr_par' dir='ltr' id='par_1_54' title="bbox 548 2992 2138 3062">
     <span class='ocr_line' id='line_1_55' title="bbox 548 2992 2138 3062; baseline 0 -12"><span class='ocrx_word' id='word_1_396' title='bbox 548 2995 772 3062; x_wconf 83' lang='lat' dir='ltr'><strong>Quanto</strong></span> <span class='ocrx_word' id='word_1_397' title='bbox 810 3009 914 3050; x_wconf 86' lang='lat' dir='ltr'><strong>nos</strong></span> <span class='ocrx_word' id='word_1_398' title='bbox 963 2992 1199 3050; x_wconf 88' lang='lat' dir='ltr'><strong>humiles</strong></span> <span class='ocrx_word' id='word_1_399' title='bbox 1229 2993 1409 3050; x_wconf 74' lang='lat' dir='ltr'><strong>aﬂ‘ecti</strong></span> <span class='ocrx_word' id='word_1_400' title='bbox 1461 2993 1731 3050; x_wconf 78' lang='lat' dir='ltr'><strong>fuerimus</strong></span> <span class='ocrx_word' id='word_1_401' title='bbox 1760 2995 1963 3062; x_wconf 84' lang='lat' dir='ltr'><strong>gaudio</strong></span> <span class='ocrx_word' id='word_1_402' title='bbox 2000 3012 2066 3050; x_wconf 81' lang='lat' dir='ltr'><strong>ex</strong></span> <span class='ocrx_word' id='word_1_403' title='bbox 2095 3003 2138 3061; x_wconf 71' lang='grc' dir='ltr'><strong>(ζ</strong></span> 
     </span>
    </p>
   </div>
   <div class='ocr_carea' id='block_1_55' title="bbox 479 3088 2074 3161">
    <p class='ocr_par' dir='ltr' id='par_1_55' title="bbox 479 3088 2074 3161">
     <span class='ocr_line' id='line_1_56' title="bbox 479 3088 2074 3161; baseline -0.003 -13"><span class='ocrx_word' id='word_1_404' title='bbox 479 3088 885 3161; x_wconf 71' lang='lat' dir='ltr'><strong>sapientissime</strong></span> <span class='ocrx_word' id='word_1_405' title='bbox 933 3102 1044 3158; x_wconf 91' lang='lat' dir='ltr'><strong>qua</strong></span> <span class='ocrx_word' id='word_1_406' title='bbox 1092 3103 1194 3143; x_wconf 85' lang='lat' dir='ltr'><strong>nos</strong></span> <span class='ocrx_word' id='word_1_407' title='bbox 1234 3103 1329 3158; x_wconf 90' lang='lat' dir='ltr'><strong>per</strong></span> <span class='ocrx_word' id='word_1_408' title='bbox 1369 3089 1657 3157; x_wconf 89' lang='lat' dir='ltr'><strong>epistolam</strong></span> <span class='ocrx_word' id='word_1_409' title='bbox 1703 3088 1910 3160; x_wconf 88' lang='lat' dir='ltr'><strong>dignati</strong></span> <span class='ocrx_word' id='word_1_410' title='bbox 1943 3088 2074 3144; x_wconf 91' lang='lat' dir='ltr'><strong>estis</strong></span> 
     </span>
    </p>
   </div>
   <div class='ocr_carea' id='block_1_56' title="bbox 481 3179 2075 3250">
    <p class='ocr_par' dir='ltr' id='par_1_56' title="bbox 481 3179 2075 3250">
     <span class='ocr_line' id='line_1_57' title="bbox 481 3179 2075 3250; baseline -0.006 -8"><span class='ocrx_word' id='word_1_411' title='bbox 481 3181 847 3244; x_wconf 84' lang='lat' dir='ltr'><strong>allocutione,</strong></span> <span class='ocrx_word' id='word_1_412' title='bbox 899 3179 1212 3250; x_wconf 88' lang='lat' dir='ltr'><strong>perspicere</strong></span> <span class='ocrx_word' id='word_1_413' title='bbox 1251 3187 1435 3250; x_wconf 87' lang='lat' dir='ltr'><strong>potest</strong></span> <span class='ocrx_word' id='word_1_414' title='bbox 1478 3195 1734 3248; x_wconf 85' lang='lat' dir='ltr'><strong>suprema</strong></span> <span class='ocrx_word' id='word_1_415' title='bbox 1798 3179 2075 3233; x_wconf 85' lang='lat' dir='ltr'><strong>beatitudo</strong></span> 
     </span>
    </p>
   </div>
   <div class='ocr_carea' id='block_1_57' title="bbox 484 3271 2078 3342">
    <p class='ocr_par' dir='ltr' id='par_1_57' title="bbox 484 3271 2078 3342">
     <span class='ocr_line' id='line_1_58' title="bbox 484 3271 2078 3342; baseline -0.004 -12"><span class='ocrx_word' id='word_1_416' title='bbox 484 3285 666 3330; x_wconf 78' lang='lat' dir='ltr'><strong>vestra</strong></span> <span class='ocrx_word' id='word_1_417' title='bbox 704 3290 718 3327; x_wconf 87' lang='lat'><strong>:</strong></span> <span class='ocrx_word' id='word_1_418' title='bbox 749 3271 949 3342; x_wconf 83' lang='lat' dir='ltr'><strong>quippe</strong></span> <span class='ocrx_word' id='word_1_419' title='bbox 977 3271 1071 3340; x_wconf 91' lang='lat' dir='ltr'><strong>qui</strong></span> <span class='ocrx_word' id='word_1_420' title='bbox 1103 3272 1405 3340; x_wconf 87' lang='lat' dir='ltr'><strong>apostolico</strong></span> <span class='ocrx_word' id='word_1_421' title='bbox 1442 3271 1611 3341; x_wconf 85' lang='lat' dir='ltr'><strong>gradu</strong></span> <span class='ocrx_word' id='word_1_422' title='bbox 1659 3271 2078 3340; x_wconf 62' lang='lat' dir='ltr'><strong>supereminen.</strong></span> 
     </span>
    </p>
   </div>
   <div class='ocr_carea' id='block_1_58' title="bbox 485 3362 2075 3433">
    <p class='ocr_par' dir='ltr' id='par_1_58' title="bbox 485 3362 2075 3433">
     <span class='ocr_line' id='line_1_59' title="bbox 485 3362 2075 3433; baseline -0.004 -10"><span class='ocrx_word' id='word_1_423' title='bbox 485 3380 591 3427; x_wconf 84' lang='lat' dir='ltr'><strong>tes.</strong></span> <span class='ocrx_word' id='word_1_424' title='bbox 630 3374 686 3420; x_wconf 90' lang='lat' dir='ltr'><strong>et</strong></span> <span class='ocrx_word' id='word_1_425' title='bbox 722 3363 912 3419; x_wconf 79' lang='lat' dir='ltr'><strong>fratris</strong></span> <span class='ocrx_word' id='word_1_426' title='bbox 948 3362 1164 3417; x_wconf 89' lang='lat' dir='ltr'><strong>Domini</strong></span> <span class='ocrx_word' id='word_1_427' title='bbox 1201 3378 1298 3432; x_wconf 88' lang='lat' dir='ltr'><strong>per</strong></span> <span class='ocrx_word' id='word_1_428' title='bbox 1323 3363 1625 3433; x_wconf 88' lang='lat' dir='ltr'><strong>legitimam</strong></span> <span class='ocrx_word' id='word_1_429' title='bbox 1669 3365 2075 3418; x_wconf 83' lang='lat' dir='ltr'><strong>successionem</strong></span> 
     </span>
    </p>
   </div>
   <div class='ocr_carea' id='block_1_59' title="bbox 487 3456 2075 3529">
    <p class='ocr_par' dir='ltr' id='par_1_59' title="bbox 487 3456 2075 3529">
     <span class='ocr_line' id='line_1_60' title="bbox 487 3456 2075 3529; baseline -0.002 -15"><span class='ocrx_word' id='word_1_430' title='bbox 487 3474 777 3529; x_wconf 87' lang='lat' dir='ltr'><strong>personam</strong></span> <span class='ocrx_word' id='word_1_431' title='bbox 816 3465 1088 3528; x_wconf 86' lang='lat' dir='ltr'><strong>gerentes,</strong></span> <span class='ocrx_word' id='word_1_432' title='bbox 1139 3456 1223 3511; x_wconf 90' lang='lat' dir='ltr'><strong>vel</strong></span> <span class='ocrx_word' id='word_1_433' title='bbox 1272 3456 1390 3510; x_wconf 90' lang='lat' dir='ltr'><strong>solo</strong></span> <span class='ocrx_word' id='word_1_434' title='bbox 1437 3457 1602 3510; x_wconf 73' lang='lat' dir='ltr'><strong>aﬂ‘atu</strong></span> <span class='ocrx_word' id='word_1_435' title='bbox 1651 3458 1924 3510; x_wconf 86' lang='lat' dir='ltr'><strong>honorare</strong></span> <span class='ocrx_word' id='word_1_436' title='bbox 1975 3472 2075 3511; x_wconf 88' lang='lat' dir='ltr'><strong>nos</strong></span> 
     </span>
    </p>
   </div>
   <div class='ocr_carea' id='block_1_60' title="bbox 488 3549 2078 3623">
    <p class='ocr_par' dir='ltr' id='par_1_60' title="bbox 488 3549 2078 3623">
     <span class='ocr_line' id='line_1_61' title="bbox 488 3549 2078 3623; baseline -0.003 -16"><span class='ocrx_word' id='word_1_437' title='bbox 488 3551 754 3623; x_wconf 82' lang='lat' dir='ltr'><strong>inglorios</strong></span> <span class='ocrx_word' id='word_1_438' title='bbox 810 3550 1011 3603; x_wconf 90' lang='lat' dir='ltr'><strong>merito</strong></span> <span class='ocrx_word' id='word_1_439' title='bbox 1064 3550 1367 3618; x_wconf 84' lang='lat' dir='ltr'><strong>poteratis:</strong></span> <span class='ocrx_word' id='word_1_440' title='bbox 1406 3551 1606 3604; x_wconf 88' lang='lat' dir='ltr'><strong>nedum</strong></span> <span class='ocrx_word' id='word_1_441' title='bbox 1650 3558 1925 3603; x_wconf 89' lang='lat' dir='ltr'><strong>tantarum</strong></span> <span class='ocrx_word' id='word_1_442' title='bbox 1955 3549 2078 3602; x_wconf 88' lang='lat' dir='ltr'><strong>lau-</strong></span> 
     </span>
    </p>
   </div>
   <div class='ocr_carea' id='block_1_61' title="bbox 488 3639 2076 3710">
    <p class='ocr_par' dir='ltr' id='par_1_61' title="bbox 488 3639 2076 3710">
     <span class='ocr_line' id='line_1_62' title="bbox 488 3639 2076 3710; baseline -0.001 -15"><span class='ocrx_word' id='word_1_443' title='bbox 488 3643 619 3695; x_wconf 90' lang='lat' dir='ltr'><strong>dum</strong></span> <span class='ocrx_word' id='word_1_444' title='bbox 655 3639 916 3710; x_wconf 79' lang='lat' dir='ltr'><strong>fastigiis,</strong></span> <span class='ocrx_word' id='word_1_445' title='bbox 960 3655 988 3693; x_wconf 89' lang='lat' dir='ltr'><strong>a</strong></span> <span class='ocrx_word' id='word_1_446' title='bbox 1019 3639 1219 3709; x_wconf 90' lang='lat' dir='ltr'><strong>quibus</strong></span> <span class='ocrx_word' id='word_1_447' title='bbox 1265 3654 1366 3693; x_wconf 90' lang='lat' dir='ltr'><strong>nos</strong></span> <span class='ocrx_word' id='word_1_448' title='bbox 1415 3649 1527 3692; x_wconf 92' lang='lat' dir='ltr'><strong>tam</strong></span> <span class='ocrx_word' id='word_1_449' title='bbox 1586 3640 1744 3709; x_wconf 90' lang='lat' dir='ltr'><strong>longe</strong></span> <span class='ocrx_word' id='word_1_450' title='bbox 1786 3640 2076 3703; x_wconf 87' lang='lat' dir='ltr'><strong>absumus,</strong></span> 
     </span>
    </p>
   </div>
   <div class='ocr_carea' id='block_1_62' title="bbox 491 3728 2079 3801">
    <p class='ocr_par' dir='ltr' id='par_1_62' title="bbox 491 3728 2079 3801">
     <span class='ocr_line' id='line_1_63' title="bbox 491 3728 2079 3801; baseline -0.001 -16"><span class='ocrx_word' id='word_1_451' title='bbox 491 3740 552 3785; x_wconf 87' lang='lat' dir='ltr'><strong>ut</strong></span> <span class='ocrx_word' id='word_1_452' title='bbox 598 3745 736 3801; x_wconf 91' lang='lat' dir='ltr'><strong>pene</strong></span> <span class='ocrx_word' id='word_1_453' title='bbox 767 3729 1024 3783; x_wconf 90' lang='lat' dir='ltr'><strong>arbitrari</strong></span> <span class='ocrx_word' id='word_1_454' title='bbox 1062 3744 1171 3784; x_wconf 92' lang='lat' dir='ltr'><strong>non</strong></span> <span class='ocrx_word' id='word_1_455' title='bbox 1221 3729 1470 3783; x_wconf 90' lang='lat' dir='ltr'><strong>ausimus</strong></span> <span class='ocrx_word' id='word_1_456' title='bbox 1502 3729 1569 3782; x_wconf 85' lang='lat' dir='ltr'><strong>de</strong></span> <span class='ocrx_word' id='word_1_457' title='bbox 1602 3728 1762 3783; x_wconf 88' lang='lat' dir='ltr'><strong>nobis</strong></span> <span class='ocrx_word' id='word_1_458' title='bbox 1786 3729 1926 3783; x_wconf 85' lang='lat' dir='ltr'><strong>dicta</strong></span> <span class='ocrx_word' id='word_1_459' title='bbox 1965 3729 2079 3784; x_wconf 68' lang='lat' dir='ltr'><strong>haec</strong></span> 
     </span>
    </p>
   </div>
   <div class='ocr_carea' id='block_1_63' title="bbox 492 3821 2079 3891">
    <p class='ocr_par' dir='ltr' id='par_1_63' title="bbox 492 3821 2079 3891">
     <span class='ocr_line' id='line_1_64' title="bbox 492 3821 2079 3891; baseline -0.001 -15"><span class='ocrx_word' id='word_1_460' title='bbox 492 3841 523 3876; x_wconf 76' lang='grc' dir='ltr'><strong>ιι</strong></span> <span class='ocrx_word' id='word_1_461' title='bbox 562 3823 716 3878; x_wconf 81' lang='lat' dir='ltr'><strong>vobis</strong></span> <span class='ocrx_word' id='word_1_462' title='bbox 741 3821 912 3878; x_wconf 81' lang='lat' dir='ltr'><strong>fuisse</strong></span> <span class='ocrx_word' id='word_1_463' title='bbox 941 3838 954 3876; x_wconf 89' lang='lat'><strong>:</strong></span> <span class='ocrx_word' id='word_1_464' title='bbox 991 3837 1056 3876; x_wconf 85' lang='lat' dir='ltr'><strong>ac</strong></span> <span class='ocrx_word' id='word_1_465' title='bbox 1088 3837 1157 3877; x_wconf 91' lang='lat' dir='ltr'><strong>ne</strong></span> <span class='ocrx_word' id='word_1_466' title='bbox 1186 3822 1351 3877; x_wconf 90' lang='lat' dir='ltr'><strong>ullius</strong></span> <span class='ocrx_word' id='word_1_467' title='bbox 1390 3822 1612 3890; x_wconf 78' lang='lat' dir='ltr'><strong>quidem</strong></span> <span class='ocrx_word' id='word_1_468' title='bbox 1649 3838 1714 3876; x_wconf 83' lang='lat' dir='ltr'><strong>ex</strong></span> <span class='ocrx_word' id='word_1_469' title='bbox 1744 3822 1810 3875; x_wconf 91' lang='lat' dir='ltr'><strong>iis</strong></span> <span class='ocrx_word' id='word_1_470' title='bbox 1840 3824 1932 3891; x_wconf 93' lang='lat' dir='ltr'><strong>qui</strong></span> <span class='ocrx_word' id='word_1_471' title='bbox 1965 3822 2079 3876; x_wconf 80' lang='lat' dir='ltr'><strong>for-</strong></span> 
     </span>
    </p>
   </div>
   <div class='ocr_carea' id='block_1_64' title="bbox 493 3913 2080 3986">
    <p class='ocr_par' dir='ltr' id='par_1_64' title="bbox 493 3913 2080 3986">
     <span class='ocr_line' id='line_1_65' title="bbox 493 3913 2080 3986; baseline -0.001 -16"><span class='ocrx_word' id='word_1_472' title='bbox 493 3917 620 3970; x_wconf 90' lang='lat' dir='ltr'><strong>titer</strong></span> <span class='ocrx_word' id='word_1_473' title='bbox 658 3930 718 3971; x_wconf 85' lang='lat' dir='ltr'><strong>se</strong></span> <span class='ocrx_word' id='word_1_474' title='bbox 739 3925 1026 3986; x_wconf 87' lang='lat' dir='ltr'><strong>gesserunt</strong></span> <span class='ocrx_word' id='word_1_475' title='bbox 1055 3930 1176 3970; x_wconf 91' lang='lat' dir='ltr'><strong>esse</strong></span> <span class='ocrx_word' id='word_1_476' title='bbox 1212 3914 1326 3968; x_wconf 67' lang='lat' dir='ltr'><strong>haec</strong></span> <span class='ocrx_word' id='word_1_477' title='bbox 1369 3913 1639 3978; x_wconf 88' lang='lat' dir='ltr'><strong>encomia,</strong></span> <span class='ocrx_word' id='word_1_478' title='bbox 1676 3913 1768 3968; x_wconf 91' lang='lat' dir='ltr'><strong>sed</strong></span> <span class='ocrx_word' id='word_1_479' title='bbox 1802 3914 2080 3968; x_wconf 60' lang='lat' dir='ltr'><strong>divinissio</strong></span> 
     </span>
    </p>
   </div>
   <div class='ocr_carea' id='block_1_65' title="bbox 496 4005 2080 4075">
    <p class='ocr_par' dir='ltr' id='par_1_65' title="bbox 496 4005 2080 4075">
     <span class='ocr_line' id='line_1_66' title="bbox 496 4005 2080 4075; baseline -0.001 -14"><span class='ocrx_word' id='word_1_480' title='bbox 496 4008 566 4061; x_wconf 90' lang='lat' dir='ltr'><strong>mi</strong></span> <span class='ocrx_word' id='word_1_481' title='bbox 633 4005 893 4061; x_wconf 89' lang='lat' dir='ltr'><strong>antistitis</strong></span> <span class='ocrx_word' id='word_1_482' title='bbox 943 4008 1138 4071; x_wconf 80' lang='lat' dir='ltr'><strong>nostri,</strong></span> <span class='ocrx_word' id='word_1_483' title='bbox 1203 4005 1256 4060; x_wconf 91' lang='lat' dir='ltr'><strong>in</strong></span> <span class='ocrx_word' id='word_1_484' title='bbox 1303 4022 1466 4075; x_wconf 90' lang='lat' dir='ltr'><strong>quem</strong></span> <span class='ocrx_word' id='word_1_485' title='bbox 1529 4006 1725 4060; x_wconf 87' lang='lat' dir='ltr'><strong>merito</strong></span> <span class='ocrx_word' id='word_1_486' title='bbox 1789 4006 2080 4060; x_wconf 83' lang='lat' dir='ltr'><strong>conveniat</strong></span> 
     </span>
    </p>
   </div>
   <div class='ocr_carea' id='block_1_66' title="bbox 495 4093 2081 4169">
    <p class='ocr_par' dir='ltr' id='par_1_66' title="bbox 495 4093 2081 4169">
     <span class='ocr_line' id='line_1_67' title="bbox 495 4093 2081 4169; baseline -0.001 -16"><span class='ocrx_word' id='word_1_487' title='bbox 495 4099 751 4169; x_wconf 68' lang='lat' dir='ltr'><strong>quaelibet</strong></span> <span class='ocrx_word' id='word_1_488' title='bbox 788 4099 1171 4168; x_wconf 74' lang='lat' dir='ltr'><strong>cujuscunque</strong></span> <span class='ocrx_word' id='word_1_489' title='bbox 1219 4098 1550 4153; x_wconf 89' lang='lat' dir='ltr'><strong>laudationis</strong></span> <span class='ocrx_word' id='word_1_490' title='bbox 1584 4093 1782 4152; x_wconf 81' lang='lat' dir='ltr'><strong>oratio.</strong></span> <span class='ocrx_word' id='word_1_491' title='bbox 1833 4099 1937 4153; x_wconf 89' lang='lat' dir='ltr'><strong>Sed</strong></span> <span class='ocrx_word' id='word_1_492' title='bbox 1986 4099 2081 4168; x_wconf 91' lang='lat' dir='ltr'><strong>qui</strong></span> 
     </span>
    </p>
   </div>
   <div class='ocr_carea' id='block_1_67' title="bbox 496 4188 2083 4260">
    <p class='ocr_par' dir='ltr' id='par_1_67' title="bbox 496 4188 2083 4260">
     <span class='ocr_line' id='line_1_68' title="bbox 496 4188 2083 4260; baseline -0.002 -14"><span class='ocrx_word' id='word_1_493' title='bbox 496 4194 654 4247; x_wconf 86' lang='lat' dir='ltr'><strong>aliter</strong></span> <span class='ocrx_word' id='word_1_494' title='bbox 707 4189 975 4260; x_wconf 83' lang='lat' dir='ltr'><strong>patefacta</strong></span> <span class='ocrx_word' id='word_1_495' title='bbox 1037 4188 1233 4245; x_wconf 79' lang='lat' dir='ltr'><strong>fuisset</strong></span> <span class='ocrx_word' id='word_1_496' title='bbox 1298 4189 1610 4259; x_wconf 87' lang='lat' dir='ltr'><strong>benignitas</strong></span> <span class='ocrx_word' id='word_1_497' title='bbox 1667 4199 1846 4244; x_wconf 85' lang='lat' dir='ltr'><strong>vestra</strong></span> <span class='ocrx_word' id='word_1_498' title='bbox 1882 4189 2083 4243; x_wconf 65' lang='lat' dir='ltr'><strong>divinat</strong></span> 
     </span>
    </p>
   </div>
   <div class='ocr_carea' id='block_1_68' title="bbox 497 4281 2082 4353">
    <p class='ocr_par' dir='ltr' id='par_1_68' title="bbox 497 4281 2082 4353">
     <span class='ocr_line' id='line_1_69' title="bbox 497 4281 2082 4353; baseline -0.003 -15"><span class='ocrx_word' id='word_1_499' title='bbox 497 4284 713 4347; x_wconf 69' lang='lat' dir='ltr'><strong>aemula,</strong></span> <span class='ocrx_word' id='word_1_500' title='bbox 757 4282 861 4337; x_wconf 90' lang='lat' dir='ltr'><strong>nisi</strong></span> <span class='ocrx_word' id='word_1_501' title='bbox 894 4283 1135 4353; x_wconf 87' lang='lat' dir='ltr'><strong>paternis</strong></span> <span class='ocrx_word' id='word_1_502' title='bbox 1160 4281 1444 4336; x_wconf 68' lang='lat' dir='ltr'><strong>affectibus</strong></span> <span class='ocrx_word' id='word_1_503' title='bbox 1472 4283 1756 4351; x_wconf 83' lang='lat' dir='ltr'><strong>splendide</strong></span> <span class='ocrx_word' id='word_1_504' title='bbox 1781 4296 1926 4335; x_wconf 86' lang='lat' dir='ltr'><strong>esset</strong></span> <span class='ocrx_word' id='word_1_505' title='bbox 1957 4297 2082 4351; x_wconf 91' lang='lat' dir='ltr'><strong>pro-</strong></span> 
     </span>
    </p>
   </div>
   <div class='ocr_carea' id='block_1_69' title="bbox 499 4352 2155 4442">
    <p class='ocr_par' dir='ltr' id='par_1_69' title="bbox 499 4352 2155 4442">
     <span class='ocr_line' id='line_1_70' title="bbox 499 4352 2155 4442; baseline -0.003 -13"><span class='ocrx_word' id='word_1_506' title='bbox 499 4375 655 4429; x_wconf 87' lang='lat' dir='ltr'><strong>dita:</strong></span> <span class='ocrx_word' id='word_1_507' title='bbox 698 4375 843 4428; x_wconf 88' lang='lat' dir='ltr'><strong>sicut</strong></span> <span class='ocrx_word' id='word_1_508' title='bbox 881 4352 934 4427; x_wconf 88' lang='lat' dir='ltr'><strong>et</strong></span> <span class='ocrx_word' id='word_1_509' title='bbox 979 4374 1110 4428; x_wconf 87' lang='lat' dir='ltr'><strong>solis</strong></span> <span class='ocrx_word' id='word_1_510' title='bbox 1141 4374 1236 4426; x_wconf 76' lang='lat' dir='ltr'><strong>lux</strong></span> <span class='ocrx_word' id='word_1_511' title='bbox 1280 4389 1576 4442; x_wconf 84' lang='lat' dir='ltr'><strong>erumpens</strong></span> <span class='ocrx_word' id='word_1_512' title='bbox 1627 4374 1790 4427; x_wconf 85' lang='lat' dir='ltr'><strong>radiis</strong></span> <span class='ocrx_word' id='word_1_513' title='bbox 1819 4371 2079 4426; x_wconf 78' lang='lat' dir='ltr'><strong>dill&#39;undi—</strong></span> <span class='ocrx_word' id='word_1_514' title='bbox 2113 4352 2155 4406; x_wconf 81' lang='grc' dir='ltr'><strong>Ῑ)</strong></span> 
     </span>
    </p>
   </div>
   <div class='ocr_carea' id='block_1_70' title="bbox 501 4465 2080 4535">
    <p class='ocr_par' dir='ltr' id='par_1_70' title="bbox 501 4465 2080 4535">
     <span class='ocr_line' id='line_1_71' title="bbox 501 4465 2080 4535; baseline -0.001 -15"><span class='ocrx_word' id='word_1_515' title='bbox 501 4469 620 4521; x_wconf 89' lang='lat' dir='ltr'><strong>tur?</strong></span> <span class='ocrx_word' id='word_1_516' title='bbox 670 4467 773 4532; x_wconf 84' lang='lat' dir='ltr'><strong>Qui</strong></span> <span class='ocrx_word' id='word_1_517' title='bbox 814 4467 975 4520; x_wconf 92' lang='lat' dir='ltr'><strong>aliter</strong></span> <span class='ocrx_word' id='word_1_518' title='bbox 1021 4465 1296 4520; x_wconf 88' lang='lat' dir='ltr'><strong>unanimis</strong></span> <span class='ocrx_word' id='word_1_519' title='bbox 1331 4477 1384 4520; x_wconf 92' lang='lat' dir='ltr'><strong>et</strong></span> <span class='ocrx_word' id='word_1_520' title='bbox 1418 4468 1744 4535; x_wconf 85' lang='lat' dir='ltr'><strong>conspirans</strong></span> <span class='ocrx_word' id='word_1_521' title='bbox 1795 4466 2080 4519; x_wconf 87' lang='lat' dir='ltr'><strong>nobiscum</strong></span> 
     </span>
    </p>
   </div>
   <div class='ocr_carea' id='block_1_71' title="bbox 501 4558 2084 4628">
    <p class='ocr_par' dir='ltr' id='par_1_71' title="bbox 501 4558 2084 4628">
     <span class='ocr_line' id='line_1_72' title="bbox 501 4558 2084 4628; baseline -0.002 -13"><span class='ocrx_word' id='word_1_522' title='bbox 501 4576 697 4616; x_wconf 88' lang='lat' dir='ltr'><strong>sensus</strong></span> <span class='ocrx_word' id='word_1_523' title='bbox 729 4567 1154 4628; x_wconf 86' lang='lat' dir='ltr'><strong>agnosceretur;</strong></span> <span class='ocrx_word' id='word_1_524' title='bbox 1184 4558 1289 4612; x_wconf 88' lang='lat' dir='ltr'><strong>nisi</strong></span> <span class='ocrx_word' id='word_1_525' title='bbox 1331 4560 1399 4616; x_wconf 88' lang='lat' dir='ltr'><strong>ab</strong></span> <span class='ocrx_word' id='word_1_526' title='bbox 1444 4559 1507 4612; x_wconf 90' lang='lat' dir='ltr'><strong>iis</strong></span> <span class='ocrx_word' id='word_1_527' title='bbox 1548 4568 1947 4622; x_wconf 87' lang='lat' dir='ltr'><strong>secerneretur,</strong></span> <span class='ocrx_word' id='word_1_528' title='bbox 1989 4559 2084 4628; x_wconf 86' lang='lat' dir='ltr'><strong>qui</strong></span> 
     </span>
    </p>
   </div>
   <div class='ocr_carea' id='block_1_72' title="bbox 501 4653 2085 4730">
    <p class='ocr_par' dir='ltr' id='par_1_72' title="bbox 501 4653 2085 4730">
     <span class='ocr_line' id='line_1_73' title="bbox 501 4653 2085 4730; baseline -0.001 -19"><span class='ocrx_word' id='word_1_529' title='bbox 501 4655 572 4711; x_wconf 84' lang='lat' dir='ltr'><strong>ad</strong></span> <span class='ocrx_word' id='word_1_530' title='bbox 600 4655 968 4718; x_wconf 87' lang='lat' dir='ltr'><strong>adversarios,</strong></span> <span class='ocrx_word' id='word_1_531' title='bbox 1016 4654 1432 4730; x_wconf 85' lang='lat' dir='ltr'><strong>qualescunque</strong></span> <span class='ocrx_word' id='word_1_532' title='bbox 1466 4653 1540 4707; x_wconf 90' lang='lat' dir='ltr'><strong>illi</strong></span> <span class='ocrx_word' id='word_1_533' title='bbox 1582 4655 1713 4718; x_wconf 93' lang='lat' dir='ltr'><strong>sint,</strong></span> <span class='ocrx_word' id='word_1_534' title='bbox 1756 4665 1954 4722; x_wconf 87' lang='lat' dir='ltr'><strong>sponte</strong></span> <span class='ocrx_word' id='word_1_535' title='bbox 1989 4657 2085 4710; x_wconf 88' lang='lat' dir='ltr'><strong>de-</strong></span> 
     </span>
    </p>
   </div>
   <div class='ocr_carea' id='block_1_73' title="bbox 500 4746 2084 4815">
    <p class='ocr_par' dir='ltr' id='par_1_73' title="bbox 500 4746 2084 4815">
     <span class='ocr_line' id='line_1_74' title="bbox 500 4746 2084 4815; baseline -0.001 -13"><span class='ocrx_word' id='word_1_536' title='bbox 500 4747 789 4803; x_wconf 78' lang='lat' dir='ltr'><strong>fecerunt?</strong></span> <span class='ocrx_word' id='word_1_537' title='bbox 839 4747 917 4801; x_wconf 89' lang='lat' dir='ltr'><strong>De</strong></span> <span class='ocrx_word' id='word_1_538' title='bbox 962 4746 1185 4815; x_wconf 90' lang='lat' dir='ltr'><strong>quibus,</strong></span> <span class='ocrx_word' id='word_1_539' title='bbox 1253 4749 1354 4801; x_wconf 89' lang='lat' dir='ltr'><strong>etsi</strong></span> <span class='ocrx_word' id='word_1_540' title='bbox 1397 4747 1657 4801; x_wconf 86' lang='lat' dir='ltr'><strong>audacius</strong></span> <span class='ocrx_word' id='word_1_541' title='bbox 1699 4748 1770 4801; x_wconf 90' lang='lat' dir='ltr'><strong>sit</strong></span> <span class='ocrx_word' id='word_1_542' title='bbox 1824 4764 1852 4800; x_wconf 89' lang='lat' dir='ltr'><strong>a</strong></span> <span class='ocrx_word' id='word_1_543' title='bbox 1904 4747 2084 4813; x_wconf 88' lang='lat' dir='ltr'><strong>nobis,</strong></span> 
     </span>
    </p>
   </div>
   <div class='ocr_carea' id='block_1_74' title="bbox 501 4838 2084 4910">
    <p class='ocr_par' dir='ltr' id='par_1_74' title="bbox 501 4838 2084 4910">
     <span class='ocr_line' id='line_1_75' title="bbox 501 4838 2084 4910; baseline -0.002 -15"><span class='ocrx_word' id='word_1_544' title='bbox 501 4856 720 4910; x_wconf 71' lang='lat' dir='ltr'><strong>aequum</strong></span> <span class='ocrx_word' id='word_1_545' title='bbox 771 4848 950 4894; x_wconf 88' lang='lat' dir='ltr'><strong>tamen</strong></span> <span class='ocrx_word' id='word_1_546' title='bbox 995 4848 1078 4894; x_wconf 90' lang='lat' dir='ltr'><strong>est</strong></span> <span class='ocrx_word' id='word_1_547' title='bbox 1115 4838 1246 4901; x_wconf 91' lang='lat' dir='ltr'><strong>dici,</strong></span> <span class='ocrx_word' id='word_1_548' title='bbox 1283 4839 1412 4910; x_wconf 89' lang='lat' dir='ltr'><strong>quid</strong></span> <span class='ocrx_word' id='word_1_549' title='bbox 1461 4839 1723 4892; x_wconf 85' lang='lat' dir='ltr'><strong>tandem?</strong></span> <span class='ocrx_word' id='word_1_550' title='bbox 1755 4840 1897 4909; x_wconf 91' lang='lat' dir='ltr'><strong>quod</strong></span> <span class='ocrx_word' id='word_1_551' title='bbox 1928 4839 2084 4893; x_wconf 80' lang='lat' dir='ltr'><strong>cbul-</strong></span> 
     </span>
    </p>
   </div>
   <div class='ocr_carea' id='block_1_75' title="bbox 503 4931 2083 5003">
    <p class='ocr_par' dir='ltr' id='par_1_75' title="bbox 503 4931 2083 5003">
     <span class='ocr_line' id='line_1_76' title="bbox 503 4931 2083 5003; baseline -0.001 -16"><span class='ocrx_word' id='word_1_552' title='bbox 503 4934 668 4988; x_wconf 89' lang='lat' dir='ltr'><strong>lieute</strong></span> <span class='ocrx_word' id='word_1_553' title='bbox 700 4931 920 4986; x_wconf 67' lang='lat' dir='ltr'><strong>hazresis</strong></span> <span class='ocrx_word' id='word_1_554' title='bbox 947 4931 1332 5003; x_wconf 87' lang='lat' dir='ltr'><strong>persecutione</strong></span> <span class='ocrx_word' id='word_1_555' title='bbox 1369 4931 1733 4984; x_wconf 86' lang='lat' dir='ltr'><strong>conveniebat</strong></span> <span class='ocrx_word' id='word_1_556' title='bbox 1769 4933 2083 4986; x_wconf 89' lang='lat' dir='ltr'><strong>sublimium</strong></span> 
     </span>
    </p>
   </div>
   <div class='ocr_carea' id='block_1_76' title="bbox 504 5024 2088 5094">
    <p class='ocr_par' dir='ltr' id='par_1_76' title="bbox 504 5024 2088 5094">
     <span class='ocr_line' id='line_1_77' title="bbox 504 5024 2088 5094; baseline 0 -13"><span class='ocrx_word' id='word_1_557' title='bbox 504 5027 715 5081; x_wconf 88' lang='lat' dir='ltr'><strong>sedium</strong></span> <span class='ocrx_word' id='word_1_558' title='bbox 777 5024 1075 5091; x_wconf 84' lang='lat' dir='ltr'><strong>antistites,</strong></span> <span class='ocrx_word' id='word_1_559' title='bbox 1115 5035 1376 5094; x_wconf 87' lang='lat' dir='ltr'><strong>tanquam</strong></span> <span class='ocrx_word' id='word_1_560' title='bbox 1417 5025 1656 5091; x_wconf 89' lang='lat' dir='ltr'><strong>Spiritus</strong></span> <span class='ocrx_word' id='word_1_561' title='bbox 1690 5026 1994 5094; x_wconf 75' lang='lat' dir='ltr'><strong>adjutores,</strong></span> <span class='ocrx_word' id='word_1_562' title='bbox 2035 5036 2088 5081; x_wconf 91' lang='lat' dir='ltr'><strong>et</strong></span> 
     </span>
    </p>
   </div>
   <div class='ocr_carea' id='block_1_77' title="bbox 504 5117 2087 5194">
    <p class='ocr_par' dir='ltr' id='par_1_77' title="bbox 504 5117 2087 5194">
     <span class='ocr_line' id='line_1_78' title="bbox 504 5117 2087 5194; baseline -0.001 -19"><span class='ocrx_word' id='word_1_563' title='bbox 504 5118 818 5194; x_wconf 85' lang='lat' dir='ltr'><strong>apostolicis</strong></span> <span class='ocrx_word' id='word_1_564' title='bbox 865 5118 1308 5173; x_wconf 88' lang='lat' dir='ltr'><strong>institutionibus</strong></span> <span class='ocrx_word' id='word_1_565' title='bbox 1357 5118 1567 5187; x_wconf 89' lang='lat' dir='ltr'><strong>plenos,</strong></span> <span class='ocrx_word' id='word_1_566' title='bbox 1609 5117 1852 5173; x_wconf 82' lang='lat' dir='ltr'><strong>fraterno</strong></span> <span class='ocrx_word' id='word_1_567' title='bbox 1900 5121 2087 5174; x_wconf 89' lang='lat' dir='ltr'><strong>animo</strong></span> 
     </span>
    </p>
   </div>
   <div class='ocr_carea' id='block_1_78' title="bbox 504 5212 2089 5279">
    <p class='ocr_par' dir='ltr' id='par_1_78' title="bbox 504 5212 2089 5279">
     <span class='ocr_line' id='line_1_79' title="bbox 504 5212 2089 5279; baseline -0.002 -9"><span class='ocrx_word' id='word_1_568' title='bbox 504 5212 860 5278; x_wconf 88' lang='lat' dir='ltr'><strong>commoveri,</strong></span> <span class='ocrx_word' id='word_1_569' title='bbox 914 5228 1134 5266; x_wconf 88' lang='lat' dir='ltr'><strong>manum</strong></span> <span class='ocrx_word' id='word_1_570' title='bbox 1177 5228 1276 5279; x_wconf 86' lang='lat' dir='ltr'><strong>pro</strong></span> <span class='ocrx_word' id='word_1_571' title='bbox 1303 5215 1524 5266; x_wconf 85' lang='lat' dir='ltr'><strong>veritate</strong></span> <span class='ocrx_word' id='word_1_572' title='bbox 1567 5215 1908 5270; x_wconf 88' lang='lat' dir='ltr'><strong>certantibus</strong></span> <span class='ocrx_word' id='word_1_573' title='bbox 1936 5231 2089 5269; x_wconf 82' lang='lat' dir='ltr'><strong>com-</strong></span> 
     </span>
    </p>
   </div>
   <div class='ocr_carea' id='block_1_79' title="bbox 505 5303 2086 5377">
    <p class='ocr_par' dir='ltr' id='par_1_79' title="bbox 505 5303 2086 5377">
     <span class='ocr_line' id='line_1_80' title="bbox 505 5303 2086 5377; baseline 0.001 -18"><span class='ocrx_word' id='word_1_574' title='bbox 505 5305 762 5376; x_wconf 87' lang='lat' dir='ltr'><strong>patiendo</strong></span> <span class='ocrx_word' id='word_1_575' title='bbox 786 5305 1079 5374; x_wconf 80' lang='lat' dir='ltr'><strong>porrigere.</strong></span> <span class='ocrx_word' id='word_1_576' title='bbox 1121 5303 1178 5357; x_wconf 88' lang='lat' dir='ltr'><strong>Si</strong></span> <span class='ocrx_word' id='word_1_577' title='bbox 1210 5305 1338 5374; x_wconf 84' lang='lat' dir='ltr'><strong>quid</strong></span> <span class='ocrx_word' id='word_1_578' title='bbox 1363 5308 1522 5368; x_wconf 86' lang='lat' dir='ltr'><strong>enim,</strong></span> <span class='ocrx_word' id='word_1_579' title='bbox 1553 5307 1650 5373; x_wconf 88' lang='lat' dir='ltr'><strong>ait,</strong></span> <span class='ocrx_word' id='word_1_580' title='bbox 1681 5309 1885 5377; x_wconf 79' lang='lat' dir='ltr'><strong>patitur</strong></span> <span class='ocrx_word' id='word_1_581' title='bbox 1924 5325 2086 5361; x_wconf 87' lang='lat' dir='ltr'><strong>unum</strong></span> 
     </span>
    </p>
   </div>
   <div class='ocr_carea' id='block_1_80' title="bbox 575 5418 1048 5489">
    <p class='ocr_par' dir='ltr' id='par_1_80' title="bbox 575 5418 1048 5489">
     <span class='ocr_line' id='line_1_81' title="bbox 575 5418 1048 5489; baseline 0.002 -14"><span class='ocrx_word' id='word_1_582' title='bbox 575 5419 622 5454; x_wconf 84' lang='grc'><strong>⁶⁸</strong></span> <span class='ocrx_word' id='word_1_583' title='bbox 648 5418 844 5489; x_wconf 84' lang='lat' dir='ltr'><strong>Ephes.</strong></span> <span class='ocrx_word' id='word_1_584' title='bbox 875 5437 926 5486; x_wconf 88' lang='lat' dir='ltr'><strong>v,</strong></span> <span class='ocrx_word' id='word_1_585' title='bbox 963 5420 1048 5476; x_wconf 78' lang='grc'>18.</span> 
     </span>
    </p>
   </div>
   <div class='ocr_carea' id='block_1_81' title="bbox 2253 3000 3777 3085">
    <p class='ocr_par' dir='ltr' id='par_1_81' title="bbox 2253 3000 3777 3085">
     <span class='ocr_line' id='line_1_82' title="bbox 2253 3000 3777 3085; baseline 0.01 -32"><span class='ocrx_word' id='word_1_586' title='bbox 2253 3000 2471 3055; x_wconf 86' lang='grc' dir='ltr'>Ἦλίκον</span> <span class='ocrx_word' id='word_1_587' title='bbox 2495 3004 2748 3075; x_wconf 78' lang='grc' dir='ltr'>ἥσθημεν</span> <span class='ocrx_word' id='word_1_588' title='bbox 2772 3007 2821 3058; x_wconf 75' lang='lat' dir='ltr'><strong>oi</strong></span> <span class='ocrx_word' id='word_1_589' title='bbox 2849 3007 3100 3060; x_wconf 76' lang='grc' dir='ltr'>ταπεινοὶ</span> <span class='ocrx_word' id='word_1_590' title='bbox 3126 3008 3224 3078; x_wconf 84' lang='grc' dir='ltr'><strong>τῆς</strong></span> <span class='ocrx_word' id='word_1_591' title='bbox 3253 3009 3342 3062; x_wconf 81' lang='grc' dir='ltr'>διὰ</span> <span class='ocrx_word' id='word_1_592' title='bbox 3366 3010 3460 3063; x_wconf 77' lang='grc' dir='ltr'>τοῦ</span> <span class='ocrx_word' id='word_1_593' title='bbox 3494 3013 3777 3085; x_wconf 76' lang='grc' dir='ltr'>γράμμα-</span> 
     </span>
    </p>
   </div>
   <div class='ocr_carea' id='block_1_82' title="bbox 2173 3093 3777 3171">
    <p class='ocr_par' dir='ltr' id='par_1_82' title="bbox 2173 3093 3777 3171">
     <span class='ocr_line' id='line_1_83' title="bbox 2173 3093 3777 3171; baseline 0.01 -28"><span class='ocrx_word' id='word_1_594' title='bbox 2173 3108 2266 3154; x_wconf 89' lang='grc' dir='ltr'><strong>τος</strong></span> <span class='ocrx_word' id='word_1_595' title='bbox 2293 3093 2570 3164; x_wconf 83' lang='grc' dir='ltr'>πανσόφου</span> <span class='ocrx_word' id='word_1_596' title='bbox 2604 3096 2758 3166; x_wconf 88' lang='grc' dir='ltr'>ὐμῶν</span> <span class='ocrx_word' id='word_1_597' title='bbox 2786 3099 3227 3168; x_wconf 80' lang='grc' dir='ltr'>προσφωνήσεως</span> <span class='ocrx_word' id='word_1_598' title='bbox 3275 3100 3596 3171; x_wconf 70' lang='grc' dir='ltr'>ἠξιωμένοι,</span> <span class='ocrx_word' id='word_1_599' title='bbox 3638 3123 3777 3159; x_wconf 86' lang='grc' dir='ltr'>συν-</span> 
     </span>
    </p>
   </div>
   <div class='ocr_carea' id='block_1_83' title="bbox 2175 3187 3773 3266">
    <p class='ocr_par' dir='ltr' id='par_1_83' title="bbox 2175 3187 3773 3266">
     <span class='ocr_line' id='line_1_84' title="bbox 2175 3187 3773 3266; baseline 0.01 -30"><span class='ocrx_word' id='word_1_600' title='bbox 2175 3187 2308 3257; x_wconf 83' lang='grc' dir='ltr'>ορᾷν</span> <span class='ocrx_word' id='word_1_601' title='bbox 2370 3189 2607 3257; x_wconf 77' lang='grc' dir='ltr'>πάρεστι</span> <span class='ocrx_word' id='word_1_602' title='bbox 2642 3191 2708 3259; x_wconf 82' lang='grc' dir='ltr'>τῇ</span> <span class='ocrx_word' id='word_1_603' title='bbox 2743 3191 3017 3262; x_wconf 80' lang='grc' dir='ltr'>κορυφαίᾳ</span> <span class='ocrx_word' id='word_1_604' title='bbox 3049 3191 3206 3261; x_wconf 89' lang='grc' dir='ltr'>ὑμῶν</span> <span class='ocrx_word' id='word_1_605' title='bbox 3237 3197 3607 3266; x_wconf 75' lang='grc' dir='ltr'>μακαριότητι</span> <span class='ocrx_word' id='word_1_606' title='bbox 3629 3214 3648 3229; x_wconf 76' lang='grc' dir='ltr'><strong><em>ο</em></strong></span> <span class='ocrx_word' id='word_1_607' title='bbox 3689 3201 3773 3252; x_wconf 80' lang='grc' dir='ltr'><strong>οἶ-</strong></span> 
     </span>
    </p>
   </div>
   <div class='ocr_carea' id='block_1_84' title="bbox 2176 3278 3770 3352">
    <p class='ocr_par' dir='ltr' id='par_1_84' title="bbox 2176 3278 3770 3352">
     <span class='ocr_line' id='line_1_85' title="bbox 2176 3278 3770 3352; baseline 0.008 -21"><span class='ocrx_word' id='word_1_608' title='bbox 2176 3296 2239 3347; x_wconf 90' lang='grc' dir='ltr'><strong>γε</strong></span> <span class='ocrx_word' id='word_1_609' title='bbox 2268 3278 2344 3349; x_wconf 82' lang='grc' dir='ltr'>τῷ</span> <span class='ocrx_word' id='word_1_610' title='bbox 2377 3279 2724 3350; x_wconf 88' lang='grc' dir='ltr'>ἀποστολικῷ</span> <span class='ocrx_word' id='word_1_611' title='bbox 2761 3281 2956 3352; x_wconf 84' lang='grc' dir='ltr'>βαθμῷ</span> <span class='ocrx_word' id='word_1_612' title='bbox 3004 3283 3501 3352; x_wconf 82' lang='grc' dir='ltr'>ὐπερανεστῶτες,</span> <span class='ocrx_word' id='word_1_613' title='bbox 3546 3289 3646 3340; x_wconf 74' lang='grc' dir='ltr'>καὶ</span> <span class='ocrx_word' id='word_1_614' title='bbox 3710 3291 3770 3344; x_wconf 74' lang='grc' dir='ltr'><strong>τύ</strong></span> 
     </span>
    </p>
   </div>
   <div class='ocr_carea' id='block_1_85' title="bbox 2177 3369 3770 3449">
    <p class='ocr_par' dir='ltr' id='par_1_85' title="bbox 2177 3369 3770 3449">
     <span class='ocr_line' id='line_1_86' title="bbox 2177 3369 3770 3449; baseline 0.001 -28"><span class='ocrx_word' id='word_1_615' title='bbox 2177 3369 2271 3422; x_wconf 80' lang='grc' dir='ltr'><strong>τοῦ</strong></span> <span class='ocrx_word' id='word_1_616' title='bbox 2302 3369 2625 3438; x_wconf 77' lang='grc' dir='ltr'>ἀδελφοθέου</span> <span class='ocrx_word' id='word_1_617' title='bbox 2654 3372 2722 3424; x_wconf 88' lang='grc' dir='ltr'><strong>δι’</strong></span> <span class='ocrx_word' id='word_1_618' title='bbox 2750 3371 2974 3442; x_wconf 76' lang='grc' dir='ltr'>ἐννόμου</span> <span class='ocrx_word' id='word_1_619' title='bbox 3006 3372 3262 3443; x_wconf 84' lang='grc' dir='ltr'>διαδοχῆς</span> <span class='ocrx_word' id='word_1_620' title='bbox 3277 3375 3570 3443; x_wconf 78' lang='grc' dir='ltr'>ἐπέχοντες</span> <span class='ocrx_word' id='word_1_621' title='bbox 3591 3379 3770 3449; x_wconf 78' lang='grc' dir='ltr'>πρόσ-</span> 
     </span>
    </p>
   </div>
   <div class='ocr_carea' id='block_1_86' title="bbox 2177 3462 3767 3537">
    <p class='ocr_par' dir='ltr' id='par_1_86' title="bbox 2177 3462 3767 3537">
     <span class='ocr_line' id='line_1_87' title="bbox 2177 3462 3767 3537; baseline 0.008 -23"><span class='ocrx_word' id='word_1_622' title='bbox 2177 3477 2346 3526; x_wconf 84' lang='grc' dir='ltr'>ωπον,</span> <span class='ocrx_word' id='word_1_623' title='bbox 2407 3463 2500 3514; x_wconf 76' lang='grc' dir='ltr'>καὶ</span> <span class='ocrx_word' id='word_1_624' title='bbox 2549 3462 2677 3534; x_wconf 58' lang='grc' dir='ltr'>ψιλῇ</span> <span class='ocrx_word' id='word_1_625' title='bbox 2714 3466 3024 3536; x_wconf 86' lang='grc' dir='ltr'>προσρήσει</span> <span class='ocrx_word' id='word_1_626' title='bbox 3056 3467 3225 3536; x_wconf 83' lang='grc' dir='ltr'>τιμᾷν</span> <span class='ocrx_word' id='word_1_627' title='bbox 3256 3465 3430 3537; x_wconf 78' lang='grc' dir='ltr'>ἔχοιτε</span> <span class='ocrx_word' id='word_1_628' title='bbox 3459 3469 3589 3533; x_wconf 75' lang='grc' dir='ltr'>τοὺς</span> <span class='ocrx_word' id='word_1_629' title='bbox 3640 3473 3767 3527; x_wconf 85' lang='grc' dir='ltr'>καθ’</span> 
     </span>
    </p>
   </div>
   <div class='ocr_carea' id='block_1_87' title="bbox 2181 3555 3770 3636">
    <p class='ocr_par' dir='ltr' id='par_1_87' title="bbox 2181 3555 3770 3636">
     <span class='ocr_line' id='line_1_88' title="bbox 2181 3555 3770 3636; baseline 0.009 -30"><span class='ocrx_word' id='word_1_630' title='bbox 2181 3555 2326 3624; x_wconf 78' lang='grc' dir='ltr'>ἡμᾶς</span> <span class='ocrx_word' id='word_1_631' title='bbox 2352 3555 2710 3627; x_wconf 82' lang='grc' dir='ltr'>ἀγεράστους,</span> <span class='ocrx_word' id='word_1_632' title='bbox 2771 3559 2998 3612; x_wconf 80' lang='grc' dir='ltr'>κατὰτὸ</span> <span class='ocrx_word' id='word_1_633' title='bbox 3024 3559 3171 3622; x_wconf 85' lang='grc' dir='ltr'>είκός</span> <span class='ocrx_word' id='word_1_634' title='bbox 3198 3575 3214 3590; x_wconf 88' lang='grc'><strong>·</strong></span> <span class='ocrx_word' id='word_1_635' title='bbox 3270 3559 3346 3630; x_wconf 80' lang='grc' dir='ltr'>μὴ</span> <span class='ocrx_word' id='word_1_636' title='bbox 3403 3561 3553 3630; x_wconf 86' lang='grc' dir='ltr'>ὄτιγε</span> <span class='ocrx_word' id='word_1_637' title='bbox 3608 3565 3770 3636; x_wconf 81' lang='grc' dir='ltr'>τηλι-</span> 
     </span>
    </p>
   </div>
   <div class='ocr_carea' id='block_1_88' title="bbox 2180 3645 3764 3723">
    <p class='ocr_par' dir='ltr' id='par_1_88' title="bbox 2180 3645 3764 3723">
     <span class='ocr_line' id='line_1_89' title="bbox 2180 3645 3764 3723; baseline 0.008 -24"><span class='ocrx_word' id='word_1_638' title='bbox 2180 3648 2388 3702; x_wconf 83' lang='grc' dir='ltr'>κούτων</span> <span class='ocrx_word' id='word_1_639' title='bbox 2416 3648 2654 3702; x_wconf 78' lang='grc' dir='ltr'>ἐπαίνων</span> <span class='ocrx_word' id='word_1_640' title='bbox 2684 3649 2978 3721; x_wconf 75' lang='grc' dir='ltr'>ὐψώμασιν</span> <span class='ocrx_word' id='word_1_641' title='bbox 3008 3668 3021 3680; x_wconf 89' lang='grc'><strong>·</strong></span> <span class='ocrx_word' id='word_1_642' title='bbox 3056 3645 3132 3706; x_wconf 84' lang='grc' dir='ltr'>ὧν</span> <span class='ocrx_word' id='word_1_643' title='bbox 3162 3653 3326 3723; x_wconf 80' lang='grc' dir='ltr'>ἡμεῖς</span> <span class='ocrx_word' id='word_1_644' title='bbox 3345 3655 3600 3709; x_wconf 81' lang='grc' dir='ltr'>τοσοῦτον</span> <span class='ocrx_word' id='word_1_645' title='bbox 3623 3658 3764 3712; x_wconf 83' lang='grc' dir='ltr'>ἁπο-</span> 
     </span>
    </p>
   </div>
   <div class='ocr_carea' id='block_1_89' title="bbox 2179 3732 3766 3821">
    <p class='ocr_par' dir='ltr' id='par_1_89' title="bbox 2179 3732 3766 3821">
     <span class='ocr_line' id='line_1_90' title="bbox 2179 3732 3766 3821; baseline 0.008 -28"><span class='ocrx_word' id='word_1_646' title='bbox 2179 3741 2390 3813; x_wconf 85' lang='grc' dir='ltr'>δέομεν,</span> <span class='ocrx_word' id='word_1_647' title='bbox 2419 3743 2496 3806; x_wconf 86' lang='grc' dir='ltr'>ὼς</span> <span class='ocrx_word' id='word_1_648' title='bbox 2546 3744 2747 3814; x_wconf 78' lang='grc' dir='ltr'>μικροῦ</span> <span class='ocrx_word' id='word_1_649' title='bbox 2774 3745 2883 3797; x_wconf 87' lang='grc' dir='ltr'>δεῖν</span> <span class='ocrx_word' id='word_1_650' title='bbox 2915 3732 3070 3814; x_wconf 79' lang='grc' dir='ltr'>’μηδὲ</span> <span class='ocrx_word' id='word_1_651' title='bbox 3113 3746 3319 3817; x_wconf 78' lang='grc' dir='ltr'>τολμᾷν</span> <span class='ocrx_word' id='word_1_652' title='bbox 3373 3747 3582 3802; x_wconf 77' lang='grc' dir='ltr'>οἴεσθαι</span> <span class='ocrx_word' id='word_1_653' title='bbox 3633 3753 3766 3821; x_wconf 77' lang='grc' dir='ltr'>περὶ</span> 
     </span>
    </p>
   </div>
   <div class='ocr_carea' id='block_1_90' title="bbox 2179 3834 3764 3906">
    <p class='ocr_par' dir='ltr' id='par_1_90' title="bbox 2179 3834 3764 3906">
     <span class='ocr_line' id='line_1_91' title="bbox 2179 3834 3764 3906; baseline 0.006 -21"><span class='ocrx_word' id='word_1_654' title='bbox 2179 3836 2211 3904; x_wconf 81' lang='grc' dir='ltr'><strong>ἡ</strong></span> <span class='ocrx_word' id='word_1_655' title='bbox 2223 3835 2337 3904; x_wconf 91' lang='grc' dir='ltr'><strong>μῶν</strong></span> <span class='ocrx_word' id='word_1_656' title='bbox 2367 3835 2457 3904; x_wconf 84' lang='grc' dir='ltr'><strong>ὑφ’</strong></span> <span class='ocrx_word' id='word_1_657' title='bbox 2488 3835 2640 3906; x_wconf 84' lang='grc' dir='ltr'>ὑμῶν</span> <span class='ocrx_word' id='word_1_658' title='bbox 2665 3834 2837 3887; x_wconf 82' lang='grc' dir='ltr'>ταῦτα</span> <span class='ocrx_word' id='word_1_659' title='bbox 2865 3834 3148 3904; x_wconf 79' lang='grc' dir='ltr'>λελέχθαι·</span> <span class='ocrx_word' id='word_1_660' title='bbox 3187 3837 3302 3889; x_wconf 86' lang='grc' dir='ltr'>ἀλλ’</span> <span class='ocrx_word' id='word_1_661' title='bbox 3328 3837 3449 3890; x_wconf 83' lang='grc' dir='ltr'>οὐδέ</span> <span class='ocrx_word' id='word_1_662' title='bbox 3478 3856 3624 3903; x_wconf 79' lang='grc' dir='ltr'>τινος</span> <span class='ocrx_word' id='word_1_663' title='bbox 3656 3844 3764 3895; x_wconf 83' lang='grc' dir='ltr'><strong>τῶν</strong></span> 
     </span>
    </p>
   </div>
   <div class='ocr_carea' id='block_1_91' title="bbox 2183 3923 3763 3998">
    <p class='ocr_par' dir='ltr' id='par_1_91' title="bbox 2183 3923 3763 3998">
     <span class='ocr_line' id='line_1_92' title="bbox 2183 3923 3763 3998; baseline 0.004 -19"><span class='ocrx_word' id='word_1_664' title='bbox 2183 3926 2452 3998; x_wconf 76' lang='grc' dir='ltr'>ἀνδρικῶν</span> <span class='ocrx_word' id='word_1_665' title='bbox 2481 3923 2710 3980; x_wconf 79' lang='grc' dir='ltr'>εἶναιτὰ</span> <span class='ocrx_word' id='word_1_666' title='bbox 2741 3925 2996 3996; x_wconf 85' lang='grc' dir='ltr'>ἐγκώμια</span> <span class='ocrx_word' id='word_1_667' title='bbox 3015 3942 3027 3954; x_wconf 93' lang='grc'>·</span> <span class='ocrx_word' id='word_1_668' title='bbox 3061 3927 3230 3998; x_wconf 70' lang='grc' dir='ltr'>ἤγουν</span> <span class='ocrx_word' id='word_1_669' title='bbox 3260 3926 3354 3980; x_wconf 81' lang='grc' dir='ltr'>τοῦ</span> <span class='ocrx_word' id='word_1_670' title='bbox 3384 3928 3763 3986; x_wconf 79' lang='grc' dir='ltr'>θεσπεσιωτά-</span> 
     </span>
    </p>
   </div>
   <div class='ocr_carea' id='block_1_92' title="bbox 2182 4014 3761 4095">
    <p class='ocr_par' dir='ltr' id='par_1_92' title="bbox 2182 4014 3761 4095">
     <span class='ocr_line' id='line_1_93' title="bbox 2182 4014 3761 4095; baseline 0.004 -24"><span class='ocrx_word' id='word_1_671' title='bbox 2182 4037 2275 4072; x_wconf 83' lang='grc' dir='ltr'><strong>του</strong></span> <span class='ocrx_word' id='word_1_672' title='bbox 2308 4020 2465 4090; x_wconf 82' lang='grc' dir='ltr'>ἡμῶν</span> <span class='ocrx_word' id='word_1_673' title='bbox 2494 4019 2885 4091; x_wconf 82' lang='grc' dir='ltr'>ἀρχιποίμενος</span> <span class='ocrx_word' id='word_1_674' title='bbox 2909 4036 2921 4049; x_wconf 80' lang='grc'><em>’</em></span> <span class='ocrx_word' id='word_1_675' title='bbox 2950 4019 3034 4089; x_wconf 77' lang='grc' dir='ltr'><strong>ἐφ’</strong></span> <span class='ocrx_word' id='word_1_676' title='bbox 3062 4014 3106 4087; x_wconf 84' lang='grc' dir='ltr'>ᾦ</span> <span class='ocrx_word' id='word_1_677' title='bbox 3132 4023 3239 4084; x_wconf 81' lang='grc' dir='ltr'>πᾶς</span> <span class='ocrx_word' id='word_1_678' title='bbox 3266 4021 3360 4075; x_wconf 63' lang='grc' dir='ltr'><strong>καὶ¹</strong></span> <span class='ocrx_word' id='word_1_679' title='bbox 3378 4023 3580 4087; x_wconf 82' lang='grc' dir='ltr'>παντὸς</span> <span class='ocrx_word' id='word_1_680' title='bbox 3609 4027 3636 4076; x_wconf 87' lang='grc' dir='ltr'><strong>ό</strong></span> <span class='ocrx_word' id='word_1_681' title='bbox 3667 4027 3761 4095; x_wconf 80' lang='grc' dir='ltr'>τῆς</span> 
     </span>
    </p>
   </div>
   <div class='ocr_carea' id='block_1_93' title="bbox 2183 4109 3759 4180">
    <p class='ocr_par' dir='ltr' id='par_1_93' title="bbox 2183 4109 3759 4180">
     <span class='ocr_line' id='line_1_94' title="bbox 2183 4109 3759 4180; baseline 0.006 -20"><span class='ocrx_word' id='word_1_682' title='bbox 2183 4109 2459 4178; x_wconf 75' lang='grc' dir='ltr'>εὐφημίας</span> <span class='ocrx_word' id='word_1_683' title='bbox 2495 4111 2718 4174; x_wconf 84' lang='grc' dir='ltr'>εἰκότως</span> <span class='ocrx_word' id='word_1_684' title='bbox 2745 4110 3042 4163; x_wconf 74' lang='grc' dir='ltr'>ἀνάπτοιτο</span> <span class='ocrx_word' id='word_1_685' title='bbox 3064 4111 3243 4180; x_wconf 83' lang='grc' dir='ltr'>λόγος.</span> <span class='ocrx_word' id='word_1_686' title='bbox 3307 4113 3470 4167; x_wconf 79' lang='grc' dir='ltr'>Ἀλλά</span> <span class='ocrx_word' id='word_1_687' title='bbox 3523 4115 3639 4178; x_wconf 80' lang='grc' dir='ltr'><strong>πῶς</strong></span> <span class='ocrx_word' id='word_1_688' title='bbox 3695 4117 3759 4170; x_wconf 80' lang='grc' dir='ltr'>ἂν</span> 
     </span>
    </p>
   </div>
   <div class='ocr_carea' id='block_1_94' title="bbox 2183 4200 3759 4278">
    <p class='ocr_par' dir='ltr' id='par_1_94' title="bbox 2183 4200 3759 4278">
     <span class='ocr_line' id='line_1_95' title="bbox 2183 4200 3759 4278; baseline 0.005 -23"><span class='ocrx_word' id='word_1_689' title='bbox 2183 4200 2356 4263; x_wconf 81' lang='grc' dir='ltr'>ἄλλως</span> <span class='ocrx_word' id='word_1_690' title='bbox 2377 4200 2439 4252; x_wconf 81' lang='grc' dir='ltr'>τὸ</span> <span class='ocrx_word' id='word_1_691' title='bbox 2464 4201 2796 4272; x_wconf 86' lang='grc' dir='ltr'>Θεομίμητον</span> <span class='ocrx_word' id='word_1_692' title='bbox 2827 4203 2983 4272; x_wconf 85' lang='grc' dir='ltr'>ὑμῶν</span> <span class='ocrx_word' id='word_1_693' title='bbox 3035 4205 3127 4258; x_wconf 80' lang='grc' dir='ltr'>καὶ</span> <span class='ocrx_word' id='word_1_694' title='bbox 3179 4205 3607 4278; x_wconf 84' lang='grc' dir='ltr'>εὐσυμπάθητον</span> <span class='ocrx_word' id='word_1_695' title='bbox 3658 4211 3759 4262; x_wconf 80' lang='grc' dir='ltr'>ὐπ-</span> 
     </span>
    </p>
   </div>
   <div class='ocr_carea' id='block_1_95' title="bbox 2185 4291 3758 4368">
    <p class='ocr_par' dir='ltr' id='par_1_95' title="bbox 2185 4291 3758 4368">
     <span class='ocr_line' id='line_1_96' title="bbox 2185 4291 3758 4368; baseline 0.006 -25"><span class='ocrx_word' id='word_1_696' title='bbox 2185 4291 2400 4360; x_wconf 84' lang='grc' dir='ltr'>εδείχθη</span> <span class='ocrx_word' id='word_1_697' title='bbox 2426 4305 2441 4319; x_wconf 90' lang='grc'><strong>·</strong></span> <span class='ocrx_word' id='word_1_698' title='bbox 2479 4293 2553 4362; x_wconf 82' lang='grc' dir='ltr'>μὴ</span> <span class='ocrx_word' id='word_1_699' title='bbox 2598 4292 2720 4362; x_wconf 75' lang='grc' dir='ltr'>οὐχὶ</span> <span class='ocrx_word' id='word_1_700' title='bbox 2746 4296 2866 4356; x_wconf 83' lang='grc' dir='ltr'>ταῖς</span> <span class='ocrx_word' id='word_1_701' title='bbox 2908 4295 3212 4363; x_wconf 82' lang='grc' dir='ltr'>Πατρικαῖς</span> <span class='ocrx_word' id='word_1_702' title='bbox 3253 4296 3534 4349; x_wconf 83' lang='grc' dir='ltr'>διαθέσεσι</span> <span class='ocrx_word' id='word_1_703' title='bbox 3560 4298 3758 4368; x_wconf 85' lang='grc' dir='ltr'>θριαμ-</span> 
     </span>
    </p>
   </div>
   <div class='ocr_carea' id='block_1_96' title="bbox 2187 4383 3759 4458">
    <p class='ocr_par' dir='ltr' id='par_1_96' title="bbox 2187 4383 3759 4458">
     <span class='ocr_line' id='line_1_97' title="bbox 2187 4383 3759 4458; baseline 0.007 -23"><span class='ocrx_word' id='word_1_704' title='bbox 2187 4383 2480 4454; x_wconf 83' lang='grc' dir='ltr'>ϐευόμενον</span> <span class='ocrx_word' id='word_1_705' title='bbox 2502 4401 2515 4413; x_wconf 91' lang='grc'><strong>·</strong></span> <span class='ocrx_word' id='word_1_706' title='bbox 2552 4384 2627 4447; x_wconf 82' lang='grc' dir='ltr'>ὡς</span> <span class='ocrx_word' id='word_1_707' title='bbox 2654 4385 2747 4437; x_wconf 73' lang='grc' dir='ltr'>καὶ</span> <span class='ocrx_word' id='word_1_708' title='bbox 2778 4386 2928 4456; x_wconf 80' lang='grc' dir='ltr'>ἡλίου</span> <span class='ocrx_word' id='word_1_709' title='bbox 2957 4387 3169 4458; x_wconf 75' lang='grc' dir='ltr'>ἕξαλμα</span> <span class='ocrx_word' id='word_1_710' title='bbox 3225 4389 3412 4442; x_wconf 84' lang='grc' dir='ltr'>ἀκτῖσι</span> <span class='ocrx_word' id='word_1_711' title='bbox 3464 4406 3759 4445; x_wconf 80' lang='grc' dir='ltr'>κατασπει-</span> 
     </span>
    </p>
   </div>
   <div class='ocr_carea' id='block_1_97' title="bbox 2190 4477 3757 4552">
    <p class='ocr_par' dir='ltr' id='par_1_97' title="bbox 2190 4477 3757 4552">
     <span class='ocr_line' id='line_1_98' title="bbox 2190 4477 3757 4552; baseline 0.007 -24"><span class='ocrx_word' id='word_1_712' title='bbox 2190 4477 2451 4548; x_wconf 88' lang='grc' dir='ltr'>ρόμενον;</span> <span class='ocrx_word' id='word_1_713' title='bbox 2505 4478 2629 4541; x_wconf 87' lang='grc' dir='ltr'>Πῶς</span> <span class='ocrx_word' id='word_1_714' title='bbox 2658 4477 2704 4530; x_wconf 77' lang='grc' dir='ltr'>δ’</span> <span class='ocrx_word' id='word_1_715' title='bbox 2729 4477 2796 4531; x_wconf 82' lang='grc' dir='ltr'>ἂν</span> <span class='ocrx_word' id='word_1_716' title='bbox 2826 4480 3031 4550; x_wconf 79' lang='grc' dir='ltr'>ἑτέρως</span> <span class='ocrx_word' id='word_1_717' title='bbox 3055 4481 3116 4532; x_wconf 84' lang='grc' dir='ltr'>τὸ</span> <span class='ocrx_word' id='word_1_718' title='bbox 3147 4480 3433 4551; x_wconf 79' lang='grc' dir='ltr'>σύμψυχον</span> <span class='ocrx_word' id='word_1_719' title='bbox 3483 4483 3613 4552; x_wconf 78' lang='grc' dir='ltr'>ἡμῖν</span> <span class='ocrx_word' id='word_1_720' title='bbox 3667 4486 3757 4539; x_wconf 75' lang='grc' dir='ltr'>καὶ</span> 
     </span>
    </p>
   </div>
   <div class='ocr_carea' id='block_1_98' title="bbox 2188 4569 3756 4644">
    <p class='ocr_par' dir='ltr' id='par_1_98' title="bbox 2188 4569 3756 4644">
     <span class='ocr_line' id='line_1_99' title="bbox 2188 4569 3756 4644; baseline 0.005 -22"><span class='ocrx_word' id='word_1_721' title='bbox 2188 4569 2506 4640; x_wconf 81' lang='grc' dir='ltr'>όμόγνωμον</span> <span class='ocrx_word' id='word_1_722' title='bbox 2573 4569 2882 4642; x_wconf 81' lang='grc' dir='ltr'>ἐγνωρίσθη</span> <span class='ocrx_word' id='word_1_723' title='bbox 2915 4587 2929 4601; x_wconf 75' lang='grc' dir='ltr'><strong>ο</strong></span> <span class='ocrx_word' id='word_1_724' title='bbox 2992 4571 3067 4641; x_wconf 82' lang='grc' dir='ltr'>μὴ</span> <span class='ocrx_word' id='word_1_725' title='bbox 3118 4573 3237 4642; x_wconf 80' lang='grc' dir='ltr'>οὐχὶ</span> <span class='ocrx_word' id='word_1_726' title='bbox 3289 4573 3428 4644; x_wconf 84' lang='grc' dir='ltr'>πρὸς</span> <span class='ocrx_word' id='word_1_727' title='bbox 3482 4576 3608 4638; x_wconf 83' lang='grc' dir='ltr'>τοὺς</span> <span class='ocrx_word' id='word_1_728' title='bbox 3649 4582 3756 4641; x_wconf 87' lang='grc' dir='ltr'>τοῖς</span> 
     </span>
    </p>
   </div>
   <div class='ocr_carea' id='block_1_99' title="bbox 2189 4655 3757 4739">
    <p class='ocr_par' dir='ltr' id='par_1_99' title="bbox 2189 4655 3757 4739">
     <span class='ocr_line' id='line_1_100' title="bbox 2189 4655 3757 4739; baseline 0.006 -29"><span class='ocrx_word' id='word_1_729' title='bbox 2189 4659 2458 4722; x_wconf 81' lang='grc' dir='ltr'>ἐναντίοις</span> <span class='ocrx_word' id='word_1_730' title='bbox 2491 4658 2664 4712; x_wconf 84' lang='grc' dir='ltr'>ὁποῖοί</span> <span class='ocrx_word' id='word_1_731' title='bbox 2691 4675 2822 4712; x_wconf 87' lang='grc' dir='ltr'>ποτε</span> <span class='ocrx_word' id='word_1_732' title='bbox 2869 4655 3010 4731; x_wconf 78' lang='grc' dir='ltr'>ἦσαν</span> <span class='ocrx_word' id='word_1_733' title='bbox 3054 4661 3534 4732; x_wconf 84' lang='grc' dir='ltr'>αὐτομολήσαντας</span> <span class='ocrx_word' id='word_1_734' title='bbox 3564 4667 3757 4739; x_wconf 85' lang='grc' dir='ltr'>διακρι-</span> 
     </span>
    </p>
   </div>
   <div class='ocr_carea' id='block_1_100' title="bbox 2189 4749 3755 4829">
    <p class='ocr_par' dir='ltr' id='par_1_100' title="bbox 2189 4749 3755 4829">
     <span class='ocr_line' id='line_1_101' title="bbox 2189 4749 3755 4829; baseline 0.005 -24"><span class='ocrx_word' id='word_1_735' title='bbox 2189 4754 2414 4823; x_wconf 85' lang='grc' dir='ltr'>νόμενον</span> <span class='ocrx_word' id='word_1_736' title='bbox 2439 4772 2453 4816; x_wconf 86' lang='grc'><strong>;</strong></span> <span class='ocrx_word' id='word_1_737' title='bbox 2478 4756 2563 4822; x_wconf 79' lang='grc' dir='ltr'><strong>ἐφ’</strong></span> <span class='ocrx_word' id='word_1_738' title='bbox 2590 4749 2670 4816; x_wconf 74' lang='grc' dir='ltr'>οἷς</span> <span class='ocrx_word' id='word_1_739' title='bbox 2707 4753 2756 4807; x_wconf 84' lang='grc' dir='ltr'><strong>εί</strong></span> <span class='ocrx_word' id='word_1_740' title='bbox 2827 4755 2922 4808; x_wconf 80' lang='grc' dir='ltr'>καὶ</span> <span class='ocrx_word' id='word_1_741' title='bbox 2953 4754 3245 4825; x_wconf 76' lang='grc' dir='ltr'>τολμηρὸν,</span> <span class='ocrx_word' id='word_1_742' title='bbox 3278 4756 3417 4828; x_wconf 84' lang='grc' dir='ltr'>πρὸς</span> <span class='ocrx_word' id='word_1_743' title='bbox 3441 4758 3595 4828; x_wconf 83' lang='grc' dir='ltr'>ήμῶν</span> <span class='ocrx_word' id='word_1_744' title='bbox 3619 4761 3755 4829; x_wconf 77' lang='grc' dir='ltr'>ὅμως</span> 
     </span>
    </p>
   </div>
   <div class='ocr_carea' id='block_1_101' title="bbox 2189 4846 3755 4919">
    <p class='ocr_par' dir='ltr' id='par_1_101' title="bbox 2189 4846 3755 4919">
     <span class='ocr_line' id='line_1_102' title="bbox 2189 4846 3755 4919; baseline 0.005 -20"><span class='ocrx_word' id='word_1_745' title='bbox 2189 4846 2394 4901; x_wconf 71' lang='grc' dir='ltr'>ἔνδικόν</span> <span class='ocrx_word' id='word_1_746' title='bbox 2425 4848 2538 4899; x_wconf 79' lang='grc' dir='ltr'>ἐστι</span> <span class='ocrx_word' id='word_1_747' title='bbox 2571 4846 2772 4915; x_wconf 84' lang='grc' dir='ltr'>φάναι·</span> <span class='ocrx_word' id='word_1_748' title='bbox 2801 4847 2867 4900; x_wconf 92' lang='grc' dir='ltr'>Τί</span> <span class='ocrx_word' id='word_1_749' title='bbox 2887 4846 3083 4913; x_wconf 83' lang='grc' dir='ltr'>τοῦτο;</span> <span class='ocrx_word' id='word_1_750' title='bbox 3120 4849 3202 4900; x_wconf 85' lang='grc' dir='ltr'>ὅτι</span> <span class='ocrx_word' id='word_1_751' title='bbox 3228 4848 3328 4917; x_wconf 81' lang='grc' dir='ltr'>τῆς</span> <span class='ocrx_word' id='word_1_752' title='bbox 3358 4849 3618 4919; x_wconf 79' lang='grc' dir='ltr'>αἱρέσεως</span> <span class='ocrx_word' id='word_1_753' title='bbox 3639 4852 3755 4907; x_wconf 82' lang='grc' dir='ltr'>διω-</span> 
     </span>
    </p>
   </div>
   <div class='ocr_carea' id='block_1_102' title="bbox 2190 4939 3754 5016">
    <p class='ocr_par' dir='ltr' id='par_1_102' title="bbox 2190 4939 3754 5016">
     <span class='ocr_line' id='line_1_103' title="bbox 2190 4939 3754 5016; baseline 0.004 -24"><span class='ocrx_word' id='word_1_754' title='bbox 2190 4939 2395 5003; x_wconf 83' lang='grc' dir='ltr'>κτικῶς</span> <span class='ocrx_word' id='word_1_755' title='bbox 2421 4940 2918 5011; x_wconf 83' lang='grc' dir='ltr'>ἁναπαφλασάσης,</span> <span class='ocrx_word' id='word_1_756' title='bbox 2968 4940 3140 5011; x_wconf 83' lang='grc' dir='ltr'>ἐχρῆν</span> <span class='ocrx_word' id='word_1_757' title='bbox 3192 4943 3321 5005; x_wconf 76' lang='grc' dir='ltr'>τοὺς</span> <span class='ocrx_word' id='word_1_758' title='bbox 3378 4941 3490 4995; x_wconf 87' lang='grc' dir='ltr'><strong>τῶν</strong></span> <span class='ocrx_word' id='word_1_759' title='bbox 3553 4944 3754 5016; x_wconf 78' lang='grc' dir='ltr'>ὑψηλῶν</span> 
     </span>
    </p>
   </div>
   <div class='ocr_carea' id='block_1_103' title="bbox 2191 5032 3755 5108">
    <p class='ocr_par' dir='ltr' id='par_1_103' title="bbox 2191 5032 3755 5108">
     <span class='ocr_line' id='line_1_104' title="bbox 2191 5032 3755 5108; baseline 0.005 -23"><span class='ocrx_word' id='word_1_760' title='bbox 2191 5032 2396 5104; x_wconf 83' lang='grc' dir='ltr'>θρόνων</span> <span class='ocrx_word' id='word_1_761' title='bbox 2427 5034 2664 5103; x_wconf 79' lang='grc' dir='ltr'>ἐξόχους,</span> <span class='ocrx_word' id='word_1_762' title='bbox 2695 5034 2771 5097; x_wconf 84' lang='grc' dir='ltr'><strong>ῶς</strong></span> <span class='ocrx_word' id='word_1_763' title='bbox 2807 5032 2904 5086; x_wconf 78' lang='grc' dir='ltr'>τοῦ</span> <span class='ocrx_word' id='word_1_764' title='bbox 2929 5033 3249 5104; x_wconf 84' lang='grc' dir='ltr'>Πνεύματος</span> <span class='ocrx_word' id='word_1_765' title='bbox 3282 5036 3624 5108; x_wconf 78' lang='grc' dir='ltr'>συμμάχους,</span> <span class='ocrx_word' id='word_1_766' title='bbox 3669 5041 3755 5097; x_wconf 73' lang='grc' dir='ltr'>καὶ</span> 
     </span>
    </p>
   </div>
   <div class='ocr_carea' id='block_1_104' title="bbox 2191 5123 3753 5200">
    <p class='ocr_par' dir='ltr' id='par_1_104' title="bbox 2191 5123 3753 5200">
     <span class='ocr_line' id='line_1_105' title="bbox 2191 5123 3753 5200; baseline 0.007 -25"><span class='ocrx_word' id='word_1_767' title='bbox 2191 5123 2298 5177; x_wconf 89' lang='grc' dir='ltr'><strong>τῶν</strong></span> <span class='ocrx_word' id='word_1_768' title='bbox 2334 5125 2709 5181; x_wconf 84' lang='grc' dir='ltr'>ἀποστολικῶν</span> <span class='ocrx_word' id='word_1_769' title='bbox 2739 5125 3032 5196; x_wconf 82' lang='grc' dir='ltr'>ὑποθηκῶν</span> <span class='ocrx_word' id='word_1_770' title='bbox 3048 5127 3348 5196; x_wconf 84' lang='grc' dir='ltr'>ὲμπλέους,</span> <span class='ocrx_word' id='word_1_771' title='bbox 3379 5131 3753 5200; x_wconf 81' lang='grc' dir='ltr'>συγκινηθῆναι</span> 
     </span>
    </p>
   </div>
   <div class='ocr_carea' id='block_1_105' title="bbox 2197 5218 3755 5293">
    <p class='ocr_par' dir='ltr' id='par_1_105' title="bbox 2197 5218 3755 5293">
     <span class='ocr_line' id='line_1_106' title="bbox 2197 5218 3755 5293; baseline 0.007 -24"><span class='ocrx_word' id='word_1_772' title='bbox 2197 5218 2557 5288; x_wconf 75' lang='grc' dir='ltr'>φιλαδέλφως,</span> <span class='ocrx_word' id='word_1_773' title='bbox 2593 5222 2751 5290; x_wconf 88' lang='grc' dir='ltr'>χεῖρα</span> <span class='ocrx_word' id='word_1_774' title='bbox 2780 5219 2966 5290; x_wconf 79' lang='grc' dir='ltr'>όρέξαι</span> <span class='ocrx_word' id='word_1_775' title='bbox 3009 5222 3123 5284; x_wconf 88' lang='grc' dir='ltr'>τοῖς</span> <span class='ocrx_word' id='word_1_776' title='bbox 3182 5221 3325 5293; x_wconf 83' lang='grc' dir='ltr'>ὑπὲρ</span> <span class='ocrx_word' id='word_1_777' title='bbox 3373 5221 3628 5293; x_wconf 77' lang='grc' dir='ltr'>ἀληθείας</span> <span class='ocrx_word' id='word_1_778' title='bbox 3663 5229 3755 5280; x_wconf 73' lang='grc' dir='ltr'><strong>κὰ-</strong></span> 
     </span>
    </p>
   </div>
   <div class='ocr_carea' id='block_1_106' title="bbox 2199 5312 3750 5388">
    <p class='ocr_par' dir='ltr' id='par_1_106' title="bbox 2199 5312 3750 5388">
     <span class='ocr_line' id='line_1_107' title="bbox 2199 5312 3750 5388; baseline 0.008 -25"><span class='ocrx_word' id='word_1_779' title='bbox 2199 5327 2393 5380; x_wconf 85' lang='grc' dir='ltr'>μνουσι</span> <span class='ocrx_word' id='word_1_780' title='bbox 2432 5313 2919 5384; x_wconf 83' lang='grc' dir='ltr'>συμπαθοπρεπῶς</span> <span class='ocrx_word' id='word_1_781' title='bbox 2944 5353 2956 5367; x_wconf 95' lang='grc'><strong>.</strong></span> <span class='ocrx_word' id='word_1_782' title='bbox 2974 5312 3108 5367; x_wconf 79' lang='grc' dir='ltr'>Εἴτε</span> <span class='ocrx_word' id='word_1_783' title='bbox 3124 5312 3257 5384; x_wconf 79' lang='grc' dir='ltr'>γὰρ,</span> <span class='ocrx_word' id='word_1_784' title='bbox 3275 5315 3434 5386; x_wconf 79' lang='grc' dir='ltr'>φησὶ,</span> <span class='ocrx_word' id='word_1_785' title='bbox 3465 5315 3670 5388; x_wconf 79' lang='grc' dir='ltr'>πάσχει</span> <span class='ocrx_word' id='word_1_786' title='bbox 3695 5317 3750 5375; x_wconf 62' lang='grc' dir='ltr'>ἐν</span> 
     </span>
    </p>
   </div>
   <div class='ocr_carea' id='block_1_107' title="bbox 1152 5419 2207 5489">
    <p class='ocr_par' dir='ltr' id='par_1_107' title="bbox 1152 5419 2207 5489">
     <span class='ocr_line' id='line_1_108' title="bbox 1152 5419 2207 5489; baseline 0.001 -14"><span class='ocrx_word' id='word_1_787' title='bbox 1152 5420 1234 5475; x_wconf 71' lang='grc'><strong>⁸³1</strong></span> <span class='ocrx_word' id='word_1_788' title='bbox 1264 5420 1408 5476; x_wconf 84' lang='lat' dir='ltr'><strong>Tim.</strong></span> <span class='ocrx_word' id='word_1_789' title='bbox 1446 5438 1515 5489; x_wconf 76' lang='lat' dir='ltr'><strong>vr,</strong></span> <span class='ocrx_word' id='word_1_790' title='bbox 1551 5419 1637 5482; x_wconf 81' lang='grc'>10.</span> <span class='ocrx_word' id='word_1_791' title='bbox 1715 5425 1760 5455; x_wconf 87' lang='grc'><strong>⁷⁰</strong></span> <span class='ocrx_word' id='word_1_792' title='bbox 1794 5423 1954 5479; x_wconf 80' lang='lat' dir='ltr'><strong>Hebr.</strong></span> <span class='ocrx_word' id='word_1_793' title='bbox 1991 5441 2110 5484; x_wconf 79' lang='lat' dir='ltr'><strong>xm,</strong></span> <span class='ocrx_word' id='word_1_794' title='bbox 2156 5427 2207 5476; x_wconf 56' lang='grc' dir='ltr'>μί.</span> 
     </span>
    </p>
   </div>
   <div class='ocr_carea' id='block_1_108' title="bbox 2029 5576 2258 5634">
    <p class='ocr_par' dir='ltr' id='par_1_108' title="bbox 2029 5576 2258 5634">
     <span class='ocr_line' id='line_1_109' title="bbox 2029 5576 2258 5634; baseline 0.017 -4"><span class='ocrx_word' id='word_1_795' title='bbox 2029 5576 2258 5634; x_wconf 63' lang='lat' dir='ltr'><strong>NOTAE.</strong></span> 
     </span>
    </p>
   </div>
   <div class='ocr_carea' id='block_1_109' title="bbox 580 5734 1281 5806">
    <p class='ocr_par' dir='ltr' id='par_1_109' title="bbox 580 5734 1281 5806">
     <span class='ocr_line' id='line_1_110' title="bbox 580 5734 1281 5806; baseline 0.001 -18"><span class='ocrx_word' id='word_1_796' title='bbox 580 5734 692 5806; x_wconf 85' lang='lat' dir='ltr'><strong>(l7)</strong></span> <span class='ocrx_word' id='word_1_797' title='bbox 736 5734 790 5788; x_wconf 84' lang='grc' dir='ltr'>ιιι</span> <span class='ocrx_word' id='word_1_798' title='bbox 828 5735 951 5788; x_wconf 89' lang='lat' dir='ltr'><strong>cod.</strong></span> <span class='ocrx_word' id='word_1_799' title='bbox 990 5734 1120 5804; x_wconf 74' lang='lat' dir='ltr'><strong>Heg.</strong></span> <span class='ocrx_word' id='word_1_800' title='bbox 1151 5734 1281 5804; x_wconf 73' lang='grc' dir='ltr'>ρλβ’.</span> 
     </span>
    </p>
   </div>
  </div>
