3964 6320
167 399 318 465 1397

1371 380 1912 443 EPISTOLARUM
1971 378 2120 438 LIB.
2169 375 2253 435 ΙΙ.

3315 372 3453 438 1398

152 519 378 592 μέλος,
434 514 786 586 συμπάσχει
814 507 1013 564 πάντα
1044 506 1118 562 τὰ
1163 507 1351 576 μέλη·
1399 506 1521 558 sits
1581 502 1758 567 δοξά-

1865 498 2184 561 membrum,
2218 495 2615 565 compatiuntur
2640 493 2818 547 omnia
2873 491 3108 545 membra
3146 506 3166 545 :
3211 493 3318 546 sive
3341 492 3455 563 gla-

157 611 328 672 ζεται
373 608 443 662 ἐν
467 605 669 676 μέλος,
702 601 1014 672 συγχαίρω
1035 596 1232 652 πάντα
1257 598 1331 651 τὰ
1353 596 1514 666 μέλη
1533 612 1550 628 ο
1583 612 1750 663 κεφα-

155 704 272 774 λῆς
292 699 493 772 δηλαδὴ
518 697 686 770 οὔσης
714 693 810 749 τοῦ
867 689 1324 762 ὲκκλησιαστικοῦ
1383 689 1506 742 ὅλου
1563 686 1755 756 σώμα-

153 813 266 858 τος
350 789 592 863 Χριστοῦ
657 786 752 842 τοῦ
830 784 1089 859 ἀληθινοῦ
1175 784 1384 855 Κυρίου
1452 782 1548 836 καὶ
1618 780 1756 835 Θεοῦ

153 890 195 958 ἡ
209 885 357 957 μῶν.

241 1000 423 1067 Ὅπερ
456 995 599 1065 ὁτῆς
623 995 840 1056 Δύσεως
883 989 1240 1052 ἀποστολικὺς
1292 985 1592 1058 πεπραχὼς
1627 985 1752 1039 ὅσον

149 1089 534 1162 ὤνησε,τίδεῖ
561 1085 855 1152 καὶ’λέγειν
880 1101 895 1152 ;
928 1081 1251 1156 ἐπιρρώσας
1278 1080 1380 1148 μὲν
1409 1078 1478 1136 τά
1524 1077 1632 1131 τῶν
1667 1078 1757 1131 ὲν-

156 1183 480 1250 ισταμένων
495 1179 577 1231 ὅτι
604 1176 838 1247 μάλιστα
862 1175 1206 1245 φρονήματα.
1234 1172 1408 1240 Εἴπερ
1434 1168 1532 1222 καὶ
1548 1166 1760 1238 σμικρά

154 1273 320 1345 ῥοπὴ
343 1271 529 1333 σθένος
556 1269 808 1340 ἐμποιεῖν
837 1265 996 1318 εἴωθε
1023 1263 1104 1333 τῷ
1135 1263 1419 1332 κάμνοντι,
1453 1261 1757 1331 ἐπιρραπί-

154 1381 269 1427 σας
287 1363 346 1417 δὲ
361 1360 439 1433 τῷ
451 1357 935 1431 πνευματοκινήτῳ
963 1351 1181 1424 ὲλεγμῷ
1192 1352 1299 1407 τῶν
1324 1348 1664 1402 ἀσεϐούντων
1690 1347 1761 1401 τά

151 1457 510 1528 φρυάγματα
541 1466 556 1482 ⁸
624 1445 685 1504 οὗ
714 1449 767 1505 τί
816 1449 881 1502 ἂν
935 1446 1149 1515 γένοιτο
1196 1439 1754 1512 σωτηριωδέστερον;

152 1544 247 1611 οἷς
281 1547 342 1600 δὲ
379 1545 538 1599 τοῦτο
594 1544 771 1596 ποιεῖν
801 1540 939 1605 ἐξὸν,
991 1537 1219 1592 οὐτίπου
1271 1536 1553 1606 ποιήσασι,
1601 1532 1758 1587 τούν-

152 1641 356 1695 αντίον
383 1637 461 1702 δὲ,
515 1636 616 1690 οὐκ
637 1634 745 1704 ἔχω
797 1632 979 1701 λέγειν
1025 1630 1055 1683 ὁ
1090 1628 1281 1692 τάλας,
1314 1627 1454 1682 αἰδοῖ
1503 1623 1601 1678 τοῦ
1658 1625 1760 1695 τῆς

158 1729 582 1803 μακαριότητος
613 1725 769 1797 ήμῶν
800 1722 1059 1792 ἀγγέλου,
1097 1723 1221 1774 ὅσον
1256 1719 1323 1772 ἂν
1383 1719 1470 1788 εἴη
1517 1718 1580 1770 τὸ
1627 1734 1760 1771 κατ-

1859 591 2035 643 riatur
2092 603 2258 641 unum
2313 588 2627 653 membrum,
2685 584 3016 656 congaudent
3076 586 3257 638 omnia
3285 599 3453 638 mom-

1860 684 1957 737 bra
1982 683 2023 713 '”
2051 700 2067 748 ;
2113 681 2240 751 quia
2274 680 2535 734 nimirum
2571 688 2739 748 caput
2772 688 2857 734 est
2888 679 3057 732 totius
3088 676 3453 734 ecclesiastici

1861 774 2109 844 corporis
2159 772 2434 837 Christus,
2495 787 2660 827 verus
2713 771 2983 826 Dominus
3040 785 3106 826 ac
3157 769 3299 825 Deus
3355 785 3457 824 no-

1860 876 1993 920 ster.

1931 981 2088 1048 Quod
2148 978 2460 1036 Occidentis
2514 978 2853 1048 apostolicus
2901 994 3027 1034 cum
3076 977 3450 1048 praestitisset,

1861 1083 2125 1143 quantum
2160 1071 2448 1142 profuerit,
2474 1071 2605 1141 quid
2636 1072 2832 1126 attinet
2851 1070 3076 1125 dicere?
3102 1069 3301 1140 partim
3331 1070 3458 1139 quia

1860 1169 1983 1223 dem
2009 1166 2340 1222 certantium
2394 1176 2607 1220 mentes
2660 1178 3012 1234 summopere
3066 1164 3451 1219 confirmans:

1861 1261 2129 1331 siquidem
2174 1261 2431 1331 exiguum
2482 1268 2818 1314 momentum
2856 1260 2966 1314 vim
3001 1269 3056 1313 et
3081 1259 3253 1313 robur
3291 1256 3455 1313 fessis

1860 1363 1915 1410 et
1971 1353 2347 1408 laborantibus
2398 1352 2596 1406 addere
2655 1351 2844 1406 solet:
2899 1350 3097 1421 partim
3152 1350 3452 1418 impiorum

1865 1447 2117 1501 fremitus
2160 1461 2191 1500 a
2243 1445 2449 1515 Spiritu
2495 1443 2740 1515 profecta
2775 1443 3203 1513 reprehensione
3231 1457 3455 1512 compe-

1863 1555 2070 1594 scens:
2124 1554 2236 1608 quo
2289 1537 2423 1608 quid
2495 1537 2614 1592 ﬁeri
2673 1538 2850 1607 potuit
2877 1534 3214 1591 salutarius?
3250 1532 3451 1588 Contra

1861 1648 1992 1686 vero
2030 1633 2125 1702 qui
2151 1632 2294 1686 idem
2337 1631 2516 1686 facere
2546 1646 2670 1686 cum
2700 1639 2947 1700 possent,
2981 1628 3208 1683 minime
3233 1627 3453 1697 praesti-

1863 1733 2071 1787 terunt,
2093 1725 2274 1779 dicere
2289 1727 2458 1780 miser
2479 1739 2676 1779 vereor
2697 1732 2920 1792 pr0pter
2944 1723 3121 1794 angeli
3148 1720 3451 1778 beatitudi-

151 1825 458 1896 ηγόρημα.
505 1818 643 1873 Ἀλλ’
677 1820 861 1871 ἐκεῖνα
894 1816 994 1886 μὲν
1021 1813 1196 1884 πέρας
1230 1813 1471 1883 εἴληφεν,
1503 1805 1615 1864 οἷον
1665 1809 1758 1864 καὶ

1865 1818 1951 1871 nis
1984 1828 2178 1872 vestrae
2201 1816 2589 1882 reverentiam,
2614 1826 2818 1886 quanta
2842 1816 2951 1870 illis
2972 1816 3235 1870 debeatur
3269 1828 3454 1883 repre-

155 1919 503 1986 ὲξήκουσται
530 1912 700 1966 ἆπασι
735 1927 750 1943 ο
777 1910 872 1962 τοῦ
901 1906 1109 1976 ἀγαθοῦ
1135 1905 1270 1959 Θεοῦ
1295 1905 1359 1959 ἐκ
1396 1905 1574 1958 ποδῶν
1604 1905 1757 1974 ποιή-

155 2023 366 2068 σαντος
399 2003 491 2056 τὸν
519 2002 795 2071 ἀλιτήριον
821 1999 1114 2069 δράκοντα,
1139 1994 1232 2048 καί
1281 2011 1344 2063 γε
1369 1993 1588 2064 θανάτῳ
1608 1992 1757 2056 ἐξαι-

155 2096 267 2165 σίῳ
303 2095 402 2146 καὶ
427 2090 526 2160 τῆς
550 2087 889 2149 ἀποστασίας
918 2086 1130 2154 ὲνδίκῳ.
1165 2084 1241 2136 Οὐ
1275 2084 1383 2154 μὴν
1410 2083 1481 2137 τά
1509 2083 1758 2154 παρόντα

153 2186 358 2248 καθὼς
388 2181 702 2237 ὑπετόπασέ
732 2196 868 2241 πως.
903 2179 1027 2232 Ὀτι
1054 2178 1082 2230 ὁ
1109 2175 1207 2247 μὲν
1231 2175 1441 2248 χειμὼν
1475 2175 1651 2246 παρῆ)
1664 2173 1756 2227 θεν

152 2278 398 2334 οὑτίπου
426 2275 485 2328 δὲ
516 2273 578 2326 τὸ
600 2270 937 2342 ποθούμενον
964 2270 1065 2342 ἔαρ
1093 2289 1106 2302 ο
1138 2270 1171 2340 ἢ
1220 2270 1344 2322 ὅσον
1368 2267 1586 2337 αἰθρίαν
1629 2264 1756 2320 τινά

157 2370 515 2438 ὑπαυγάσαι,
551 2367 647 2419 καὶ
674 2364 834 2434 τήνδε
864 2362 952 2418 διά
979 2363 1041 2416 τὸ
1069 2363 1165 2417 ἀπ’
1192 2360 1322 2431 ἡοῦς
1380 2360 1563 2429 νέφος.
1630 2360 1757 2430 Ἀρ..

156 2466 284 2518 κεῖν
311 2463 430 2531 γὰρ
460 2457 707 2527 ἠγοῦμαι
742 2457 837 2508 ἐπὶ
864 2456 964 2526 τῆς
988 2454 1197 2518 εἰκόνος
1221 2455 1383 2508 ἐᾶσαι
1425 2452 1518 2505 τὸν
1570 2451 1752 2519 λόγον,

162 2556 312 2627 μήτε
343 2556 446 2622 τῆς
479 2549 634 2619 ὑμῶν
665 2545 1020 2617 μεγαλονοίας
1050 2545 1376 2616 ὲνδεομένης
1422 2544 1716 2615 μαθήσεως
1737 2558 1752 2575 ·

163 2650 295 2719 μήτ’
327 2645 402 2700 αὖ
432 2643 525 2697 τοῦ
568 2639 762 2711 καιροῦ
784 2636 1174 2708 ἐπιτρέποντος
1200 2637 1369 2706 φαίην
1395 2635 1747 2704 ἐκδηλότερα.

162 2735 242 2794 υἷ)
273 2740 443 2809 χάριν
469 2734 564 2788 καὶ
592 2733 650 2786 αἰ
681 2733 822 2802 ίεραὶ
841 2730 996 2802 ὑμῶν
1025 2731 1246 2801 κεραῖαι
1272 2728 1604 2783 ἀνεπίδοτοι.
1630 2725 1756 2789 Πῶς

160 2834 276 2902 γὰρ
301 2832 374 2884 ἂν
402 2828 498 2882 καὶ
527 2826 883 2904 ἐπεδόθησαν,
913 2822 1068 2893 ήμῶν
1093 2821 1203 2874 τῶν
1232 2820 1466 2873 εὐτελῶν
1493 2813 1595 2872 ὧδὲ
1646 2835 1754 2870 που

165 2918 516 2994 πορρωτέρω
546 2915 639 2969 τοῦ
667 2914 860 2975 ἄστεος
890 2909 1383 2984 παρερριμμένων⁴
1417 2908 1607 2977 ὥσπερ
1661 2906 1758 2960 xui.

163 2997 349 3071 ἄλλων
397 3009 608 3080 ἄλλαχῆ
653 3007 762 3061 τῶν
811 3004 1187 3075 δεδιωγμένων
1208 3021 1222 3071 ;
1247 3002 1359 3056 Καὶ
1387 3000 1517 3070 γοῦν
1541 3000 1635 3053 καὶ
1664 2999 1756 3051 λο-

164 3104 311 3176 γίαι,
350 3104 549 3173 ὥσπερ
572 3099 899 3169 ὲποθοῦμεν,
935 3095 1088 3150 οὗπω
1119 3096 1368 3165 ἐγένοντο
1392 3111 1406 3125 ·
1439 3092 1578 3163 πλὴν
1599 3093 1633 3160 ή
1663 3108 1758 3159 γε-

1860 1908 2073 1964 hensio.
2112 1908 2314 1963 Verum
2347 1910 2463 1964 hate
2491 1910 2589 1973 ita,
2614 1917 2669 1962 ut
2700 1923 2890 1963 omnes
2922 1907 3239 1971 audierunt,
3286 1905 3452 1959 linem

1857 2015 2072 2071 cepere,
2098 1999 2209 2056 Deo
2227 2001 2372 2056 bono
2396 1999 2674 2056 funestum
2698 2002 2995 2054 draconem
3018 1998 3445 2063 exterminante,

1857 2102 1912 2148 et
1963 2093 2186 2164 quidem
2245 2093 2414 2148 atroci
2463 2102 2640 2148 morte
2684 2101 2740 2147 et
2768 2091 3059 2161 apostasia:
3089 2099 3449 2160 congruente.

1857 2185 1968 2240 Nec
2022 2193 2208 2240 tamen
2258 2200 2326 2240 eo
2368 2186 2489 2240 loco
2542 2193 2671 2241 sunt
2711 2200 3109 2254 usquequaque
3157 2185 3454 2254 praesentia

1858 2292 1967 2346 quo
2003 2277 2319 2345 suspicatus
2342 2291 2420 2331 es.
2452 2276 2724 2341 Quoniam
2756 2276 2933 2330 hiems
2955 2275 3176 2344 quidem
3209 2273 3452 2339 transiit,

1857 2368 2103 2422 nondum
2141 2377 2320 2421 tamen
2359 2367 2516 2421 adest
2542 2381 2640 2419 ver
2671 2374 3012 2434 exoptatum.
3039 2364 3146 2419 nisi
3173 2373 3453 2433 quatenus

1858 2460 2126 2515 serenitas
2160 2459 2409 2528 quaedam
2441 2458 2683 2528 aifulget,
2719 2469 2776 2514 et
2807 2459 2923 2513 haec
2952 2472 3050 2527 per
3087 2455 3349 2511 nebulum
3377 2456 3447 2508 ab

1857 2567 2078 2606 aurora.
2114 2550 2324 2606 Sufﬁcit
2362 2551 2530 2613 enim,
2580 2551 2798 2620 opinor,
2848 2550 3089 2617 imagine
3127 2546 3450 2603 adumbrari

1855 2647 2204 2698 orationem:
2265 2643 2392 2713 quia
2426 2659 2527 2698 nec
2571 2643 2754 2697 doceri
2795 2655 2934 2711 opus
2963 2649 3049 2697 est
3096 2639 3451 2709 prudentiam

1856 2744 2120 2800 vestram,
2161 2750 2339 2804 neque
2360 2751 2481 2806 ego,
2515 2735 2597 2788 vel
2633 2734 2677 2789 si
2720 2743 2934 2803 tempus
2966 2733 3323 2803 permitteret,
3345 2730 3460 2786 cla-

1856 2827 2004 2882 riora
2029 2827 2290 2882 dicerem.
2319 2828 2452 2893 Que
2471 2829 2637 2882 etiam
2664 2842 2831 2883 causa
2875 2826 2978 2881 fuit
3023 2840 3126 2881 cur
3158 2825 3300 2881 sacri
3331 2826 3455 2894 api-

1857 2935 1948 2974 ces
1991 2917 2156 2973 vestri
2211 2921 2534 2990 erOgatione
2583 2919 2941 2989 pecuniarum
2991 2917 3290 2974 caruerint.
3351 2916 3454 2983 Qui

1857 3009 2006 3063 enim
2037 3010 2182 3062 illam
2213 3009 2567 3079 accepissent
2601 3026 2629 3063 a
2671 3010 2830 3064 nobis
2857 3010 3061 3065 nullius
3078 3010 3240 3080 pretii
3281 3009 3458 3063 homi-

1859 3100 2020 3154 nibus
2050 3101 2142 3169 qui
2171 3101 2225 3154 in
2263 3101 2410 3154 hunc
2453 3100 2632 3155 locum
2680 3100 2871 3170 procul
2897 3102 2966 3155 ab
3002 3101 3136 3156 urbe
3161 3098 3324 3168 ejecti
3363 3115 3461 3153 su-

165 3199 378 3270 νομένη
410 3196 486 3259 ὼς
517 3197 574 3247 ὲν
597 3192 676 3264 τῷ
726 3190 1070 3263 ὲμϐολιμαίῳ
1103 3189 1375 3259 πιττακίῳ
1422 3186 1718 3258 δεδήλωται
1738 3201 1752 3214 ·

1865 3206 2004 3254 mus,
2058 3191 2203 3244 sicut
2240 3199 2296 3244 et
2355 3192 2463 3245 alio
2516 3193 2610 3246 alii
2640 3207 2706 3245 ex
2747 3191 2816 3246 iis
2871 3190 2967 3260 qui
3018 3191 3457 3260 persecutionem

165 3290 279 3343 τῶν
309 3285 720 3350 ὲπιδωσάντων,
755 3283 1036 3353 εἰληφέναι
1073 3282 1276 3352 μᾶλλον
1304 3281 1337 3351 ἢ
1364 3279 1632 3351 προέσθαι
1663 3277 1760 3348 χά-

171 3401 255 3454 ριν
311 3377 730 3449 ὁμολογούντων
757 3391 772 3406 ⁶
822 3375 904 3427 ὅτι
968 3371 1227 3442 ἠξίωνται
1294 3369 1580 3423 κοινωνίαν
1634 3369 1758 3421 τινὰ

169 3482 319 3550 σχεῖν
341 3481 404 3532 ὲν
428 3480 543 3540 τοῖς
570 3474 896 3544 ἁγιωτάτοις
928 3470 1136 3532 τόποις,
1175 3464 1261 3534 ἐφ’
1286 3458 1368 3527 οἷς
1408 3462 1467 3515 τὸ
1493 3461 1636 3531 μέγα
1661 3460 1760 3529 τῆς

167 3570 460 3633 εὐσεϐείας
489 3565 828 3635 ἀπετελέσθη
883 3563 1207 3636 μυστήριον,
1233 3556 1367 3618 Θεὸς
1412 3556 1470 3608 ἐν
1499 3553 1577 3623 τῷ
1635 3551 1760 3606 καθ’

169 3666 320 3733 ἡμᾶς
354 3663 550 3733 ὀφθεὶς
583 3661 736 3714 εἴδει.

1860 3290 1990 3335 sunt
2023 3282 2217 3351 passi?
2247 3284 2326 3337 Ita
2352 3299 2419 3338 ne
2463 3284 2707 3339 collectae
2741 3283 2961 3353 quidem
2998 3281 3458 3354 quemadmodum

1861 3374 2217 3443 cupiebamus
2251 3376 2408 3431 factae
2430 3387 2582 3442 sunt,
2611 3387 2810 3446 praeter
2831 3392 2954 3432 eam
2981 3378 3049 3431 de
3075 3392 3182 3446 qua
3211 3377 3267 3430 in
3298 3376 3461 3430 sche-

1861 3466 1927 3521 da
1977 3469 2170 3523 litteris
2212 3471 2414 3524 inserta
2475 3470 2772 3526 indicatum
2802 3479 2886 3527 est
2921 3490 2935 3526 :
2971 3470 3040 3526 iis
3079 3469 3173 3540 qui
3203 3467 3462 3523 contule-

1865 3566 2014 3621 runt,
2046 3561 2326 3629 accepisse
2357 3563 2541 3628 potius
2574 3562 2803 3630 gratiam
2832 3578 2997 3632 quam
3039 3561 3260 3616 dedisse
3290 3558 3462 3626 proli-

1869 3651 2149 3717 tentihus;
2185 3652 2332 3723 quod
2365 3653 2512 3723 digni
2565 3652 2774 3708 fuerint
2798 3655 2893 3724 qui
2924 3652 3296 3709 sanctissimis
3325 3647 3462 3712 locis

174 3754 678 3815 communicarent,
714 3748 768 3803 in
827 3743 1030 3816 quibus
1097 3753 1354 3812 magnum
1411 3737 1630 3808 pietatis
1695 3739 2017 3809 mysterium
2051 3752 2336 3811 peractum
2368 3751 2475 3809 est,
2531 3744 2676 3800 Deus
2707 3745 2765 3799 in
2822 3745 3003 3815 specie
3038 3753 3228 3803 nostra
3281 3765 3466 3821 appa-

176 3857 325 3902 rens.

248 3986 316 4038 Ὢ
339 3983 437 4038 τοῦ
463 3983 812 4054 παναρρήτου
843 3977 1153 4050 θαύματοςί
1209 3976 1422 4046 Ὅνπερ
1451 3976 1764 4045 ἐγγεγραμ-

183 4076 344 4147 μένον
368 4076 474 4128 κάν
501 4075 568 4144 τῇ
609 4074 823 4144 Γραφῇ,
855 4068 1373 4142 πατροπαραδότως,
1407 4067 1535 4137 ήτοι
1565 4065 1764 4133 θεοκη-

181 4170 420 4242 ρύκτως,
457 4169 643 4239 ἡμεῖς,
671 4164 869 4235 μᾶλλον
906 4163 963 4216 δὲ
999 4164 1032 4232 ή
1063 4162 1154 4213 ὑπ’
1181 4158 1432 4230 οὐρανὸν,
1467 4154 1766 4226 ὁμολογοῦ-

185 4261 283 4330 μέν
334 4278 397 4314 τε
441 4259 541 4313 καὶ
583 4252 1018 4326 προσκυνοῦμεν,
1055 4251 1115 4317 ὲξ
1145 4252 1315 4320 αὐτῆς
1363 4248 1612 4320 βαλϐίδος
1664 4246 1761 4300 τοῦ

181 4370 251 4421 κη
261 4352 563 4421 ρύγματος.
589 4348 663 4403 υὺ
686 4347 795 4416 γὰρ
815 4346 879 4400 ἂν
899 4346 1071 4404 ἄλλως
1096 4343 1482 4414 ὁμολογηθεῖεν
1503 4339 1760 4412 Χριστὸς,

179 4444 254 4504 ὡς
284 4446 333 4495 οἱ
367 4441 779 4512 μακαριώτατοι
808 4439 1088 4493 διδάσκετε
1109 4478 1123 4503 ,
1147 4437 1412 4508 ήρνηνται
1435 4435 1494 4487 δὲ
1535 4434 1760 4487 ’ἰουδαΐ-

182 4534 294 4591 κῶς
321 4538 370 4588 oi
402 4536 717 4604 δυσώνυμοι
764 4531 1142 4601 Εἰκονομάχοι,
1168 4529 1244 4594 ὡς
1289 4528 1394 4581 ὑπὸ
1446 4525 1764 4597 πνεύματος

181 4628 422 4699 πονηροῦ
449 4626 857 4696 ὲνεργούμενοι.
888 4623 998 4678 Καὶ
1031 4620 1089 4674 ὃν
1121 4624 1239 4675 ταῖς
1269 4619 1567 4673 θεοκλινέσι
1597 4633 1765 4687 προσ-

1938 3969 1983 4026 O
2021 3971 2300 4027 ineﬂ‘abile
2326 3987 2563 4042 prorsus
2612 3974 2944 4029 miraculum
2971 3975 2985 4029 l
3017 3973 3192 4041 Quem
3237 3977 3460 4047 quidem

1864 4064 2029 4118 etiam
2078 4064 2291 4134 pictura
2342 4080 2692 4134 expressum,
2742 4077 2976 4136 paterna
3019 4069 3331 4136 traditione,
3361 4085 3460 4125 seu

1864 4158 2050 4227 potius
2088 4158 2276 4212 divina
2307 4173 2440 4214 voce
2463 4174 2587 4223 nos,
2621 4159 2706 4214 vel
2741 4161 2925 4228 potius
2957 4161 3111 4216 orbis
3142 4163 3458 4230 universus,

1863 4249 2194 4304 conlitemur
2267 4257 2321 4304 et
2384 4249 2686 4307 adoramus
2739 4251 2809 4305 ab
2862 4253 2980 4322 ipso
3053 4254 3460 4322 praedicationis

1866 4341 2119 4396 exordio.
2155 4341 2328 4396 Aliter
2352 4343 2499 4396 enim
2545 4358 2652 4397 non
2698 4344 3094 4400 conliteremur
3128 4347 3410 4402 Christum
3441 4365 3456 4402 :

1866 4438 2009 4492 sicut
2035 4452 2134 4492 vos
2171 4437 2476 4491 beatissimi
2506 4438 2737 4501 docetis,
2763 4447 2963 4506 negant
2988 4453 3116 4492 vero
3144 4436 3460 4495 Judaeorum

1869 4543 2024 4584 more
2078 4527 2426 4583 detestabiles
2491 4525 2865 4592 lconomachi,
2933 4538 3194 4595 tanquam
3241 4543 3272 4582 a
3311 4527 3460 4582 malo

1871 4620 2068 4688 spiritu
2117 4619 2332 4690 agitati.
2382 4619 2556 4685 Quem
2591 4618 2772 4689 ipsum
2807 4627 2863 4673 tu
2910 4618 3315 4688 acceptissimis
3343 4618 3457 4674 Deo

184 4722 370 4789 ευχαῖς
428 4719 560 4772 ἵλεω
612 4719 920 4785 ποιήσειας,
956 4709 1001 4767 ὦ
1036 4714 1156 4767 θεία
1202 4712 1298 4765 καὶ
1359 4712 1478 4782 ἰερά
1531 4709 1758 4779 κεφαλή,

1871 4712 2126 4781 precibus
2170 4710 2465 4780 propitium
2507 4709 2726 4774 reddas,
2779 4726 2812 4765 ο
2853 4710 3101 4765 divinum
3143 4719 3197 4765 et
3231 4727 3456 4766 sacrum

184 4804 450 4874 ἐκτρέψαι
476 4805 577 4875 τὴν
598 4804 902 4858 λαοπλάνον
937 4804 1171 4871 αἳρεσιν,
1209 4799 1412 4870 ἀνάψαι
1455 4797 1764 4868 ὀρθοδοξίας

183 4893 353 4963 ἥλιον·
398 4892 521 4951 εἶτα
553 4897 649 4950 καὶ
685 4897 831 4966 ἡμᾶς
863 4895 990 4958 τοὺς
1027 4897 1083 4949 ἐν
1109 4894 1319 4954 τέκνοις
1359 4909 1452 4944 σου
1477 4891 1763 4954 τελοῦντας

185 4984 503 5056 ἐλαχίστους
554 4986 1036 5059 περιποιήσασθαι,
1097 4982 1394 5053 ἑπομένους
1450 4981 1528 5052 τῷ
1583 4999 1763 5052 μακα-

190 5077 439 5150 ριωτάτῳ
498 5079 676 5148 Παιιςρὶ¹
711 5077 807 5131 καὶ
863 5077 1110 5148 ἀρχιερεῖ
1167 5074 1347 5146 ήμῶν.
1416 5071 1560 5128 Εἶεν.
1622 5071 1763 5137 Τοὺς

188 5167 731 5242 ἑξυπηρετουμὲνους
758 5171 884 5240 ὑμῖν
915 5169 1162 5237 Πατέρας
1197 5169 1291 5220 καὶ
1331 5167 1575 5229 κλεινοὺς
1606 5165 1765 5220 ἀδελ-

191 5263 321 5328 φοὺς
365 5265 547 5334 ήμῶν,
582 5261 696 5331 ἐγώ
747 5279 807 5314 τε
836 5263 932 5315 καὶ
970 5263 998 5314 ὁ
1054 5260 1186 5331 ἐμὸς
1239 5259 1490 5327 ἀδελφὸς,
1555 5257 1767 5310 Θεσσα-

1871 4814 2079 4872 caput:
2127 4813 2189 4858 ut
2236 4803 2420 4874 populi
2469 4803 2833 4858 seductricem
2882 4803 3134 4857 haeresim
3184 4802 3456 4872 proﬂiget,

1872 4896 2106 4966 ﬁdeique
2132 4897 2447 4951 orthodoxae
2491 4895 2660 4950 solem
2702 4894 2967 4950 accendat
2999 4913 3014 4949 :
3052 4894 3251 4949 deinde
3285 4903 3338 4949 et
3360 4911 3460 4949 nos

1872 4991 1964 5059 qui
2005 4988 2217 5043 minimi
2253 4989 2306 5042 in
2356 4987 2484 5043 [iliis
2518 4989 2626 5042 tuis
2660 5001 2875 5050 sumus,
2910 4985 3114 5050 foveat,
3154 4985 3459 5040 beatissimi

1873 5080 2052 5136 Patris
2101 5093 2154 5137 et
2194 5080 2444 5151 praesulis
2490 5079 2665 5133 nostri
2705 5078 2953 5145 vestigiis
2983 5078 3333 5133 inhaarentes.
3379 5076 3458 5133 Ita

1874 5172 1966 5226 sit.
1997 5172 2106 5226 Eos
2134 5172 2230 5241 qui
2293 5172 2606 5226 ministrant
2644 5170 2802 5225 vobis
2847 5179 3029 5240 patres
3055 5169 3458 5238 praeclarasque

1868 5261 2070 5317 fratres
2128 5271 2365 5326 nostros,
2409 5279 2511 5333 ego
2552 5272 2607 5318 et
2644 5263 2813 5316 frater
2846 5278 3000 5317 meus
3048 5260 3458 5316 Thessalonicae

189 5349 407 5424 λονίκης
467 5357 497 5409 ὀ
555 5353 970 5424 θεοφιλέστατος
1031 5350 1480 5424 ἀρχιεπίσκοπος,
1540 5349 1758 5403 πλεῖστα

1871 5354 2313 5426 archiepiscopus
2350 5355 2458 5409 Deo
2511 5356 2875 5410 charissimus
2927 5353 3223 5424 plurimum
3250 5353 3458 5408 saluta-

191 5449 694 5517 προσαγορεύομεν.
736 5447 862 5502 Ἐπὶ
907 5447 1014 5520 γὰρ
1047 5445 1126 5516 τῷ
1178 5447 1316 5518 ἀγίῳ
1345 5464 1440 5500 σου
1467 5443 1765 5516 προσώπῳ,

1873 5461 2014 5500 mus.
2079 5446 2277 5502 Coram
2335 5452 2523 5500 sancta
2570 5444 2714 5500 enim
2767 5445 2909 5499 facie
2954 5454 3068 5510 tua,
3137 5454 3265 5498 ante
3291 5441 3457 5512 pedes

192 5535 295 5603 πρὸ
317 5538 425 5589 τῶν
449 5541 630 5595 ποδῶν
660 5557 778 5606 σου,
817 5541 1017 5611 μᾶλλον
1051 5538 1410 5610 εὐλογηθῆναι
1453 5537 1640 5610 ἄμφω,
1673 5537 1758 5593 καί

1874 5550 2021 5604 tuos,
2068 5538 2505 5595 benedictionem
2555 5538 2803 5609 accipere
2837 5553 2938 5594 nos
2973 5535 3166 5591 ambos
3213 5545 3268 5591 et
3294 5544 3459 5605 quot-

193 5622 303 5677 ὅσοι
334 5629 443 5683 τῶν
473 5633 574 5686 σὺν
602 5633 754 5704 ήμϊν,
787 5635 961 5688 εἰπεῖν
989 5631 1459 5704 πρεπωδέστερον.

299 5828 342 5858 ⁷¹
373 5829 389 5883 ι
424 5831 554 5889 Cor.
589 5849 689 5889 xu.
710 5831 801 5888 26.

1868 5640 2002 5702 quot
2046 5632 2327 5689 nobiscum
2375 5639 2521 5698 sunt,
2571 5633 2741 5688 multo
2771 5629 3186 5688 convenientius
3219 5628 3454 5686 dicatur.
