3964 6320
520 315 660 382 1399
1717 318 1777 378 S.
1820 317 1923 376 ΤΗ
1936 315 2214 376 EODOllI
2247 316 2598 377 STUDITE
3722 311 3876 373 140-0

797 424 1007 482 CXXII.
1042 456 1110 467 —
1145 425 1415 482 Theodoro
1442 426 1819 495 Itospitalario.

2472 426 2628 479 PKB'
2653 426 2786 499 (18).
2814 458 2883 468 -
2909 426 3183 495 Θεοδώρῳ
3216 426 3794 500 ξενοδόχῳ.ίχνη”.]

1511 541 1728 603 Rogatus
1751 539 1957 603 exponit
1977 552 2088 601 qua:
2108 538 2209 589 sint
2230 538 2445 589 hominis
2464 538 2727 592 Christiani
2750 541 2930 593 oﬁicia.

584 632 662 685 En
705 630 825 691 tibi,
873 627 1121 694 domine,
1180 627 1398 682 litteras
1424 642 1562 696 quas
1614 629 1771 696 petis,
1815 637 1868 681 et
1897 626 2149 682 absolve.

2303 630 2459 691 Ἰδοὺ,
2506 629 2762 693 δέσποτα,
2791 631 2854 683 τὸ
2886 632 3122 701 γράμμα
3147 628 3504 696 ἀπαιτοῦντι,
3544 630 3659 683 καὶ
3712 631 3864 684 ἀπό-

514 741 614 781 nos
675 725 743 778 ah
803 723 1185 778 accusatione.
1238 720 1352 775 Cur
1383 737 1533 784 vero,
1567 721 1738 786 dices,
1768 737 1876 774 non
1912 721 2075 773 citius

2297 738 2376 774 τον
2407 722 2555 793 ἡμᾶς
2586 724 2686 792 τῆς
2734 723 3069 793 ἐγκλήσεως.
3099 726 3199 777 Διὰ
3250 724 3305 778 τί
3349 726 3434 787 δὲ,
3486 725 3711 793 φαίης,
3781 728 3862 794 μὴ

511 820 649 885 Quia
707 815 885 887 pudor
913 815 1073 868 nobis
1105 823 1246 877 erat,
1289 815 1376 869 vel
1419 814 1713 878 hortando,
1750 815 1831 867 vel
1858 814 2076 867 docendi

2294 831 2443 883 χιον;
2498 815 2622 867 Ὀτι
2665 816 3000 885 αἱδουμένως
3064 817 3283 885 εἴχομεν
3349 815 3723 879 νουθετικιῖμς
3789 820 3859 885 τῇ

511 909 874 966 reverentiam
934 916 1083 960 tuam
1139 906 1368 976 alloqui.
1398 908 1468 960 At
1523 907 1651 975 quia
1679 905 1981 969 desideras,
2014 921 2076 959 ac

2291 904 2486 972 tuin-cl
2516 923 2611 958 σου
2639 906 2976 977 προσφέρειν
3004 907 3099 959 τὸν
3126 908 3309 975 λόγον.
3350 908 3513 961 Ἐπεὶ
3563 907 3856 977 ποθοίης,

510 1008 649 1073 cipe,
685 1001 1088 1057 amantissime.
1117 998 1264 1053 Nihil
1293 1016 1426 1070 ergo
1455 1000 1604 1054 aliud
1631 1009 1717 1054 est
1751 1016 1913 1053 verus
1946 999 2072 1053 Chri

2289 1001 2415 1064 ξαιο,
2456 1000 2914 1069 προσφιλέστατε.
2948 1000 3115 1054 Οὐδὲν
3143 998 3235 1054 οῦν
3267 1001 3399 1056 ἄλλο
3430 1003 3591 1056 ἐστὶν
3623 1006 3662 1056 ὁ
3703 1002 3854 1073 ἀλη-

509 1098 743 1159 stiauus,
773 1110 938 1165 quam
962 1093 1369 1148 imitamentum
1397 1102 1451 1147 et
1488 1093 1831 1160 signaculum
1861 1093 2062 1146 Christi

2288 1114 2314 1158 ς
2342 1097 2687 1166 Χριστιανὸς,
2716 1097 2748 1166 ἢ
2784 1095 3023 1165 Χριστοῦ
3057 1095 3287 1165 μίμημα
3316 1099 3411 1151 καὶ
3455 1098 3852 1168 ἀποσφράγι-

510 1208 633 1245 cum
690 1190 766 1243 illi
810 1189 1094 1243 conciliari
1129 1188 1210 1242 sic
1259 1186 1477 1251 debeat,
1527 1196 1589 1242 ut
1618 1188 1862 1241 membra
1892 1188 2071 1257 singul

2286 1205 2329 1240 ,α
2377 1204 2390 1217 ·
2425 1186 2678 1240 τοσοῦτον
2729 1188 2959 1255 ὀφείλων
2987 1187 3326 1241 οἰκειοῦσθαι
3378 1189 3560 1257 αὐτῷ,
3597 1189 3691 1251 ὡς
3724 1188 3851 1257 ἔχει

510 1282 703 1351 capiti,
731 1291 786 1334 et
819 1281 1029 1347 palmes
1057 1279 1174 1333 viti.
1231 1278 1499 1334 Dominus
1524 1281 1726 1350 quippe
1763 1281 1878 1350 ipse
1917 1280 2052 1333 dixit

2288 1279 2375 1341 λος
2404 1278 2635 1332 ’ἑκαστον
2668 1278 2805 1348 πρὸς
2834 1280 3096 1349 κεφαλὴν,
3129 1280 3223 1331 καὶ
3256 1279 3446 1348 κλῆμα
3503 1280 3661 1348 πρὸς
3732 1281 3850 1348 ἆμ-

515 1374 623 1445 Ego
654 1393 771 1431 sum
795 1377 941 1439 vitis,
974 1393 1061 1429 vos
1090 1376 1335 1444 palmites
1362 1375 1505 1428 7"".
1536 1375 1600 1429 Et
1624 1390 1842 1429 rursum
1867 1374 2072 1443 Aposto

2279 1371 2399 1425 λον.
2448 1371 2621 1433 Αὐτὸς
2671 1371 2780 1442 γάρ
2813 1373 2841 1423 ὁ
2872 1372 3077 1441 Κύριος
3129 1373 3373 1441 εἴρηκεν*
3420 1372 3576 1440 Ἐγώ
3624 1374 3768 1440 ειμι
3804 1375 3844 1440 ἠ

509 1469 596 1522 lus
625 1486 637 1521 :
680 1466 779 1520 Vos
811 1470 936 1521 estis
966 1484 1158 1535 corpus
1215 1466 1438 1533 Christi,
1469 1476 1519 1520 et
1565 1467 1800 1520 membra
1844 1465 1909 1519 de
1941 1482 2073 1519 mem

2280 1468 2502 1529 ιπελος.
2556 1462 2730 1532 ὑμεῖς
2762 1462 2838 1517 τὰ
2874 1462 3170 1530 κλήματα.
3208 1463 3320 1515 Καὶ
3367 1462 3539 1515 πάλιν
3582 1464 3613 1516 ὁ
3665 1464 3845 1515 ’Λπό-

512 1562 687 1615 bro".
713 1560 975 1616 Fructum
1020 1576 1149 1631 ergo
1189 1560 1455 1628 feramus,
1488 1560 1732 1623 domine,
1766 1576 1899 1615 uvas
1928 1561 2076 1614 virtu

2277 1556 2435 1620 ολως·
2486 1555 2671 1624 Ὑμεῖς
2712 1556 2856 1610 ἐστε
2901 1555 3077 1624 σῶμα
3108 1554 3389 1623 Χριστοῦ,
3422 1555 3525 1607 καί
3546 1555 3731 1623 μέλη
3770 1555 3842 1608 ὲκ

512 1664 649 1714 tmn,
676 1664 730 1707 et
767 1669 836 1708 ne
876 1652 1205 1708 infructuosi
1252 1654 1448 1707 simus.
1481 1655 1573 1707 Ait
1619 1654 1762 1708 enim
1791 1652 2055 1708 Dominus

2275 1648 2449 1717 Epovc.
2483 1650 3014 1720 Καρποφορήσωμεν
3046 1643 3160 1714 οὖν,
3188 1643 3234 1701 ὦ
3256 1647 3518 1711 δέσποτα,
3545 1650 3689 1711 τοὺς
3720 1648 3840 1701 τῶν

513 1744 701 1800 Omnis
725 1746 927 1815 palmes
965 1749 1055 1818 qui
1086 1764 1192 1802 non
1223 1747 1355 1815 facit
1384 1747 1624 1817 fructum
1653 1747 1869 1814 bonum,
1902 1749 2077 1803 excidi

2273 1743 2426 1797 >ετῶν
2460 1743 2715 1814 βότρυας,
2748 1743 2842 1796 καὶ
2875 1741 2951 1812 μὴ
2979 1742 3223 1812 ἄκαρποι
3248 1734 3423 1811 ὦμεν.
3459 1741 3611 1810 Φησὶ
3653 1742 3782 1812 γὰρ
3808 1742 3838 1791 ὁ

512 1849 619 1901 tur,
683 1845 733 1892 et
792 1841 848 1892 in
905 1840 1075 1910 ignem
1128 1840 1455 1904 mittitur",
1518 1844 1783 1911 gehennae
1835 1841 2077 1897 videlicet

2272 1832 2421 1905 ύριος
2445 1849 2459 1864 ο
2511 1830 2645 1887 Πᾶν
2696 1830 2904 1901 κλῆμα
2929 1832 3014 1901 μὴ
3069 1832 3285 1886 ποιοῦν
3319 1832 3563 1899 καρπὸν
3594 1832 3834 1897 καλὸν,

512 1929 907 1986 Formidabiles
950 1932 1131 1987 minas
1183 1933 1690 2001 pertimescamus:
1736 1934 2075 2004 glorilicemu

2270 1928 2591 1989 ικόπτεται,
2616 1925 2715 1979 καὶ
2744 1928 2827 1988 είς
2859 1923 2981 1993 πῦρ
3008 1923 3329 1989 βάλλεται,
3356 1925 3419 1978 τὸ
3440 1924 3547 1995 τῆς
3584 1924 3835 1994 γεέννης

510 2023 759 2078 Deumin
787 2039 1018 2095 corpore
1045 2034 1237 2085 nostro
1296 2034 1350 2079 et
1381 2026 1433 2079 in
1465 2027 1657 2096 spiritu
1708 2037 1920 2081 nostro.
1959 2027 2075 2082 Pra:

2267 2020 2437 2091 γλαδή.
2474 2018 2814 2091 ὼϐηθῶμεν
2843 2019 2945 2087 τὴν
2979 2018 3217 2090 φοϐερὰν
3253 2018 3530 2089 ἀπειλήν·ς
3571 2018 3832 2084 δοξάσω-

508 2117 643 2187 cipit
678 2117 877 2173 iterum
907 2119 1248 2187 Apostolus;
1283 2119 1406 2189 ejus
1435 2121 1583 2174 enim
1614 2121 1780 2175 etiam
1818 2131 1948 2176 sunt
1981 2123 2073 2176 ista

2266 2131 2316 2166 εν
2345 2114 2438 2167 τὸν
2466 2114 2600 2167 Θεὸν
2620 2115 2680 2167 ὲν
2708 2110 2789 2183 τῷ
2838 2115 3057 2182 σώματι
3111 2111 3269 2184 ἡμῶν
3310 2110 3409 2166 καὶ
3439 2114 3498 2165 ὲν
3528 2110 3614 2182 τῷ
3648 2110 3831 2164 πνεύ-

514 2209 723 2264 'l'ollens
752 2227 875 2280 ergo
906 2214 1142 2265 membra
1171 2210 1392 2279 Christi,
1446 2213 1648 2283 faciam
1677 2218 1911 2270 membra
1943 2234 2079 2271 mere

2263 2225 2348 2261 ατι
2378 2207 2556 2279 ἡμῶν.
2581 2205 2809 2260 Κελεύει
2848 2206 3011 2259 πάλιν
3039 2207 3069 2258 ὀ
3118 2204 3461 2266 Ἀπόστολος·
3505 2204 3688 2267 αὐτὸς
3717 2204 3828 2275 γάρ

512 2302 703 2357 tricis?
751 2302 904 2356 Absit
927 2303 1016 2357 "l
1057 2302 1150 2359 Sic
1200 2306 1582 2360 observemus.
1614 2308 1874 2361 Amemus
1911 2324 2077 2365 uxore

2265 2302 2309 2353 ιλ.
2337 2301 2511 2354 ταῦτα
2528 2317 2545 2333 ⁸
2580 2302 2765 2369 Ἄρας
2793 2295 2909 2355 οὗν
2936 2298 3011 2352 τὰ
3045 2298 3201 2368 μέλη
3229 2296 3515 2365 Χριστοῦ,
3573 2297 3830 2361 ποιήσω

512 2403 731 2449 nostras
758 2395 902 2449 sicut
951 2410 1186 2465 corpora
1218 2406 1404 2452 nostra
1430 2415 1444 2461 ;
1485 2410 1542 2453 et
1569 2399 1843 2468 impudica
1874 2415 2077 2470 corpori

2263 2397 2444 2461 éprnc
2495 2392 2687 2464 μέλιπ
2734 2390 2832 2460 Μὴ
2882 2390 3116 2461 γένοιτο
3132 2391 3153 2443 .'
3182 2388 3343 2444 Οὕτω
3376 2389 3823 2460 φυλαττώμεθα.

511 2496 619 2536 non
648 2482 979 2538 amabimus.
1020 2481 1187 2549 Uxor,
1220 2485 1421 2554 inquit,
1445 2487 1620 2540 virum
1650 2488 1920 2541 timeat".
1944 2488 2076 2543 Amo

2262 2487 2557 2556 \yambpsv
2606 2485 2707 2548 τὰς
2756 2483 2966 2538 ἑαυτῶν
3024 2484 3313 2550 γυναῖκας,
3346 2481 3422 2543 ὡς
3472 2481 3545 2534 τά
3600 2482 3827 2534 ἑαυτῶν

510 2575 555 2627 ri
580 2575 730 2629 enim
772 2585 981 2631 metum
1015 2577 1278 2642 miscens,
1297 2588 1505 2634 rectam
1536 2580 1707 2635 vitam
1735 2582 1919 2637 ducet.
1948 2580 2075 2636 Fili:

2257 2576 2446 2647 ώματα
2465 2594 2479 2607 σ
2513 2578 2606 2631 καὶ
2638 2577 2739 2630 οὐκ
2773 2574 3193 2646 ὲρασθησόμεθα
3220 2570 3491 2641 ἀσελγοῦς
3528 2571 3822 2641 σώματος.

510 2665 713 2721 obedite
735 2669 1067 2738 parentibus,
1109 2677 1171 2723 ut
1203 2686 1425 2727 rursum
1454 2671 1677 2728 dicit”.
1709 2673 1932 2729 Iustum
1964 2676 2075 2727 enit

2259 2672 2289 2723 Ἰ
2321 2668 2499 2739 γυνὴ,
2546 2667 2737 2738 φησιν,
2777 2667 2879 2721 Ira
2907 2665 3163 2736 φοϐῆται
3189 2664 3299 2719 τὸν
3319 2664 3532 2731 ἄνδρα.
3567 2662 3664 2734 Τῷ
3698 2666 3824 2731 φίλ-

509 2766 592 2811 est
623 2769 877 2825 parentes
903 2758 1165 2813 honorari
1199 2769 1253 2815 et
1279 2760 1332 2814 in
1362 2762 1519 2817 senio
1553 2766 1854 2818 sustentari
1891 2778 1920 2817 a
1954 2763 2074 2818 [illis

2254 2779 2331 2833 ρῳ
2360 2762 2471 2834 γάρ
2504 2763 2599 2815 τὸν
2634 2761 2798 2831 φόϐον
2831 2760 3099 2831 κιρνῶσα,
3133 2760 3356 2829 ἄριστον
3392 2756 3622 2826 βιώσειε
3681 2757 3819 2827 βίον.

512 2847 615 2915 Ipsi
650 2848 795 2903 enim
836 2850 944 2907 illis
971 2853 1274 2907 secundum
1310 2852 1479 2908 Deum
1510 2864 1769 2910 auctores
1807 2868 1934 2911 sunt
1964 2857 2077 2911 vita

2257 2859 2298 2911 a
2347 2857 2552 2921 τέκνα,
2607 2856 2947 2911 ὑπακούετε
2999 2853 3127 2920 τοῖς
3179 2852 3489 2923 φονεῦσιν,
3545 2850 3628 2914 ὦς
3684 2869 3822 2922 φησι

514 2940 578 2994 Et
619 2960 633 2995 :
677 2941 987 2998 Benedictio
1012 2947 1185 3013 patris
1233 2946 1414 3013 ﬁrmat
1446 2948 1629 3002 domos
1660 2949 1897 3017 filiorum
1927 2968 1946 3015 ;
1996 2967 2079 3005 ma

2262 2951 2401 3005 άλιν.
2444 2950 2664 3001 Δίκαιον
2688 2948 2797 3017 γάρ
2822 2948 2949 3009 τοὺς
2981 2945 3174 3012 γονέας
3202 2942 3467 3013 τιμᾶσθαι
3514 2944 3621 2995 καὶ
3648 2960 3824 3014 γηρο-

513 3034 727 3089 ledictio
759 3047 939 3091 autent
980 3040 1177 3092 matris
1244 3040 1487 3093 eradicat
1533 3041 1967 3109 fundamenta“.
2000 3042 2069 3098 Ει

2256 3042 2509 3114 ομεϊσθαι
2533 3040 2638 3092 ὐπὸ
2678 3038 2789 3093 τῶν
2821 3038 3045 3092 παίδων.
3075 3034 3243 3091 Αὐτοὶ
3283 3036 3395 3107 γὰρ
3442 3036 3618 3089 αἴτιοι
3677 3036 3821 3107 μετὰ

512 3124 726 3187 Patres,
761 3142 959 3182 rursus
1011 3129 1107 3194 ait,
1144 3128 1306 3183 nolite
1343 3130 1412 3183 ad
1455 3132 1799 3184 iracundiam
1830 3150 2077 3201 provocat

2256 3136 2348 3189 πεὸν
2386 3132 2481 3188 τοῦ
2516 3128 2658 3186 εἶναι
2705 3131 2903 3195 αὐτοὺς
2935 3133 3017 3194 εἰς
3044 3129 3181 3198 φῶς.
3219 3128 3328 3183 Καί
3348 3145 3363 3159 ο
3401 3130 3678 3200 Εὐλοτία
3708 3144 3821 3183 za-

514 3219 658 3286 filios
695 3234 893 3275 vestros
912 3238 930 3275 :
962 3224 1054 3276 sed
1079 3221 1300 3277 educatc
1327 3223 1450 3278 illos
1501 3225 1557 3279 in
1598 3226 1885 3294 disciplina
1914 3236 1964 3281 et
1995 3244 2079 3281 cor

2254 3228 2356 3295 ρὸς
2378 3224 2638 3294 στηρίξει
2662 3225 2870 3290 οἴκους
2906 3222 3162 3278 τέκνων*
3210 3221 3442 3290 κατάρα
3486 3222 3558 3275 δὲ
3583 3223 3819 3292 μητρὸς

517 3314 748 3382 reptione
771 3313 988 3368 Domini
1004 3316 1071 3367 ⁸².
1105 3312 1297 3385 Itaque
1317 3328 1605 3385 parentum
1635 3332 1777 3387 opus
1805 3329 1890 3373 est
1918 3334 2082 3387 pacar

2254 3317 2441 3387 κριζοῖ
2463 3316 2726 3386 θεμέλια.
2752 3316 2860 3369 Καί
2878 3332 2893 3346 ο
2934 3318 2999 3370 Ol
3028 3314 3304 3383 πατέρες,
3333 3312 3502 3370 πάλιν
3542 3315 3707 3384 φησὶ,
3729 3311 3816 3381 μὴ

509 3406 676 3471 ﬁlios,
713 3405 987 3463 instruere
1014 3415 1070 3463 et
1096 3406 1340 3463 formare
1369 3408 1493 3464 illos
1523 3410 1843 3467 charactere
1866 3413 2074 3482 pietatis

2249 3408 2598 3480 rapam-[fata
2631 3409 2704 3462 τὰ
2728 3406 2909 3461 τέκνα
2934 3405 3124 3475 ὑμῶν·
3154 3406 3295 3459 ἀλλ’
3313 3402 3639 3473 ἐκτρέφετε
3661 3404 3814 3458 αὐτὰ

515 3496 656 3563 Quid
686 3499 999 3569 reliquum?
1035 3515 1228 3556 servos
1270 3501 1469 3571 subjici
1493 3501 1734 3558 dominis
1758 3518 1883 3559 cum
1919 3506 2080 3559 timor

2252 3521 2290 3557 r
2326 3502 2563 3569 παιδεία
2613 3500 2711 3554 καί
2755 3499 3045 3565 νουθεσίᾳ
3092 3498 3337 3564 Κυρίου.
3372 3496 3541 3548 Ὥστε
3577 3496 3677 3549 καὶ
3720 3514 3814 3565 γο-

514 3600 570 3644 et
611 3586 871 3656 tremore,
929 3590 1051 3647 sine
1079 3592 1231 3655 dolo.
1265 3603 1320 3648 et
1360 3594 1497 3648 forti
1522 3595 1744 3649 animo:
1809 3596 1903 3651 sed
1934 3606 1990 3652 et
2017 3598 2079 3653 da

2247 3596 2403 3649 Ιεῦσιν
2452 3595 2637 3666 ἔργον,
2678 3593 2986 3663 εἰρηνεύειν
3020 3591 3091 3643 τὰ
3136 3590 3324 3652 τέκνα,
3361 3588 3670 3659 στοιχειοῦν
3719 3590 3812 3644 καὶ

520 3679 698 3734 minos
724 3680 1061 3737 remittentes
1091 3683 1292 3749 minas,
1317 3683 1513 3753 aequali
1544 3698 1676 3738 cura
1704 3700 1897 3739 omnes
1936 3687 2085 3741 intue

2246 3690 2479 3743 πλάττειν
2512 3685 2797 3750 εὐσεϐείας
2830 3684 3161 3756 χαρακτῆρι.
3195 3682 3262 3735 Τί
3309 3681 3535 3747 λοιπόν;
3588 3682 3811 3747 δούλους

516 3773 584 3833 ri,
616 3773 853 3830 scientes
884 3790 1051 3829 unum
1087 3789 1211 3830 esse
1247 3777 1493 3831 omnium
1530 3776 1819 3833 Dominum
1852 3778 2081 3835 Deum"

2242 3779 2504 3840 ῐεσπὸταις
2552 3777 2952 3831 ὑποτάττεσθαι
2991 3773 3131 3846 μετά
3183 3772 3349 3842 φόϐου
3406 3773 3506 3827 καὶ
3562 3775 3807 3845 τρόμου.

520 3864 585 3917 Et
638 3863 728 3920 hic
782 3865 1004 3935 quidem
1037 3875 1123 3921 est
1153 3867 1415 3931 servitus,
1469 3869 1615 3923 sicut
1661 3881 1715 3923 et
1768 3871 1972 3941 nuptia:
2005 3890 2019 3927 :
2051 3874 2085 3927 it

2238 3870 2409 3933 adita);
2438 3870 2535 3923 καὶ
2566 3868 2843 3939 εὐψύχως·
2873 3867 3012 3921 ἀλλά
3035 3867 3131 3920 καὶ
3153 3867 3284 3929 τοὺς
3310 3866 3589 3930 δεσπότας
3621 3869 3803 3922 ἀνιέν·

518 3953 701 4009 futuro
733 3964 918 4009 autem
949 3955 1151 4011 saeculo
1176 3965 1408 4027 utraque
1441 3958 1738 4013 cessabunt
1765 3976 1781 4014 :
1810 3974 2083 4031 orunesqut

2244 3980 2309 4025 ας
2357 3962 2457 4025 τὰς
2487 3961 2740 4026 ἀπειλὰς,
2775 3960 3056 4032 ἰσομοιρίᾳ
3110 3960 3392 4031 φροντίδος
3435 3961 3569 4024 τοὺς
3601 3961 3805 4024 πάντας

520 4062 691 4101 unum
729 4057 912 4111 erunt,
951 4049 1095 4103 sicut
1130 4050 1329 4118 angeli.

2239 4055 2348 4125 ιρᾷν
2370 4070 2385 4084 ⁶
2423 4053 2633 4116 εἰδότας
2662 4052 2747 4105 ὅτι
2790 4047 2872 4116 εἷς
2904 4050 3113 4122 Κύριος
3138 4051 3379 4116 πάντων,
3426 4053 3456 4104 ὁ
3488 4051 3644 4116 Θεός.
3697 4053 3804 4106 Καὶ.

521 4136 621 4194 ὧδε
646 4140 746 4209 μὲν
774 4142 809 4212 ἡ
831 4141 1047 4194 δουλεία
1081 4141 1156 4205 ὡς
1192 4142 1286 4196 καὶ
1308 4142 1337 4195 ὁ
1361 4141 1560 4213 γάμος·
1591 4144 1651 4197 ὲν
1670 4144 1725 4198 δὲ
1760 4144 1837 4218 τῷ
1868 4145 2118 4217 μέλλοντι
2155 4147 2339 4216 αίῶνι,
2372 4146 2482 4200 τῶν
2520 4145 2849 4218 ἀμφοτέρων
2909 4144 3193 4217 ἀναίρεσις
3219 4159 3234 4173 ο
3306 4144 3360 4196 οἱ
3410 4143 3619 4207 πάντες
3642 4144 3698 4197 δὲ
3733 4145 3789 4197 ἓν

520 4233 708 4305 ὥσπερ
730 4234 778 4288 οἱ
811 4233 1055 4302 ἄγγελοι.

589 4326 964 4393 Quamobrem
1011 4327 1329 4397 quicunque
1356 4329 1472 4383 vult
1502 4331 1689 4386 salvus
1716 4332 1853 4399 ﬁeri,
1887 4332 2112 4405 vigilare

2289 4327 2390 4382 Διά
2416 4326 2576 4381 τοῦτο
2605 4324 2981 4397 γρηγορητέον
3008 4321 3173 4375 παντὶ
3196 4320 3276 4391 τῷ
3303 4320 3519 4375 θέλοντι
3544 4324 3778 4396 σωθῆναι

518 4420 681 4474 debet
712 4428 773 4472 ut
800 4418 959 4487 juxta
1013 4430 1343 4487 praeceptum
1375 4420 1572 4476 vivat:
1615 4439 1725 4476 non
1770 4423 1944 4492 juret,
2000 4439 2083 4477 non

2227 4423 2342 4476 κατ’
2369 4420 2591 4491 ἐντολὴν
2638 4416 2739 4490 ζῇν
2763 4433 2778 4446 ·
2832 4415 2907 4488 μὴ
2959 4414 3202 4485 ὀμνύειν,
3236 4413 3314 4483 μὴ
3350 4416 3792 4487 μετεωρίζεσθαι,

518 4512 831 4575 extollatur,
881 4524 989 4564 non
1051 4510 1244 4574 rideat,
1299 4526 1407 4565 non
1454 4512 1763 4578 delicietur,
1794 4528 1901 4567 non
1939 4513 2083 4567 ludat

2227 4515 2301 4585 μὴ
2328 4512 2513 4584 γελᾷν,
2564 4510 2640 4581 μὴ
2693 4509 2927 4581 τρυφᾷν,
2963 4506 3039 4578 μὴ
3078 4505 3321 4579 παίζειν,
3355 4506 3433 4576 μὴ
3473 4506 3792 4577 θυμοῦσθαι,

521 4620 630 4659 non
679 4602 1066 4667 excandescat,
1107 4617 1214 4657 non
1270 4602 1592 4672 fornicatur,
1627 4621 1735 4659 non
1790 4606 2086 4661 inebrietur

2227 4605 2302 4677 μὴ
2331 4603 2637 4675 πορνεύειν,
2666 4600 2743 4672 μὴ
2793 4597 3034 4670 μεθύειν,
3061 4596 3137 4670 μὴ
3172 4597 3529 4669 θησαυρίζειν
3566 4601 3757 4671 χρυσόν
3778 4617 3792 4632 ·

524 4714 631 4753 non
653 4706 945 4769 congreget
974 4712 1170 4752 aurum
1198 4713 1214 4752 :
1245 4697 1341 4752 sed
1369 4698 1537 4768 quid?
1569 4709 1709 4763 oret,
1736 4699 1939 4771 lugeat,
1958 4698 2083 4771 hym

2225 4667 2359 4751 ἀλλά
2406 4667 2504 4763 τίς
2552 4667 2979 4765 προσεύχεσθαι,
3028 4667 3407 4762 προσκλαίειν,
3460 4667 3790 4762 ὐμνολογεῖν,

524 4806 626 4845 nos
653 4798 858 4855 cantet,
896 4789 1154 4844 mandata
1188 4805 1287 4859 pro
1315 4791 1525 4846 viribus
1566 4802 1769 4856 servet,
1814 4792 2005 4861 paucis
2037 4792 2085 4846 si

2225 4790 2581 4845 ὲντολοποιεῖν
2634 4788 2778 4841 κατὰ
2814 4785 2877 4839 τὸ
2927 4786 3175 4847 δυνατὸν,
3208 4784 3646 4857 ὀλιγαρχεῖσθαι,
3700 4804 3790 4841 τα-

522 4889 834 4948 contentus,
864 4880 1096 4936 humilia
1148 4882 1348 4952 sapiat,
1393 4882 1705 4953 proximum
1750 4882 1959 4952 diligat,
1998 4896 2087 4935 non

2227 4882 2617 4952 πεινοφρονεῖν,
2665 4879 2887 4950 ἀγαπᾷν
2940 4877 3031 4931 τὸν
3074 4877 3327 4947 πλησίον,
3363 4877 3442 4948 μὴ
3480 4879 3792 4933 καταλαλείν

524 4975 785 5044 loquatttr
822 4975 1090 5029 adversus
1115 4972 1368 5041 fratrem,
1406 4992 1515 5029 non
1556 4977 1816 5041 invideat,
1854 4992 1962 5030 non
1984 4990 2089 5030 suo

2223 4974 2471 5043 ἀδελφοῦ,
2524 4974 2599 5044 μὴ
2630 4972 2869 5042 φθονεῖν,
2899 4971 2976 5042 μὴ
3006 4969 3325 5041 ὀργίζεσθαι
3360 4986 3376 5000 ·
3413 4971 3635 5043 ἕτοιμον
3662 4969 3788 5027 εῖναι

522 5072 763 5131 censeat,
791 5074 1019 5135 paratus
1049 5067 1120 5121 sit
1150 5081 1369 5136 semper
1396 5066 1461 5120 ad
1502 5067 1789 5121 subeunda
1834 5081 1933 5137 pro
1964 5078 2087 5121 recti

2225 5068 2303 5120 isi
2339 5066 2474 5137 πρὸς
2502 5067 2626 5126 τοὺς
2656 5064 2797 5135 ὑπὲρ
2822 5063 2916 5116 τοῦ
2946 5062 3154 5132 ἀγαθοῦ
3181 5063 3493 5131 κινδύνους,
3524 5068 3601 5137 μὴ
3627 5067 3790 5136 φοϐεῖ-

521 5157 845 5211 diserimina
876 5173 890 5210 :
924 5169 1128 5226 praeter
1166 5157 1373 5211 bonum
1419 5155 1615 5223 Deum,
1661 5158 1829 5212 alium
1877 5158 1930 5210 in
1965 5165 2086 5211 terr:

2225 5158 2346 5212 σθαι
2380 5159 2522 5228 πλὴν
2550 5156 2685 5210 Θεοῦ
2714 5156 2808 5210 τοῦ
2838 5154 3069 5225 ἀγαθοῦ,
3100 5156 3259 5210 ἄλλον
3288 5156 3385 5209 ἐπὶ
3420 5158 3553 5227 γῆς·
3582 5160 3790 5213 ὑποτάτ-

524 5266 633 5304 non
697 5248 955 5305 formidet
990 5267 1005 5304 :
1044 5251 1156 5319 regi
1215 5249 1499 5319 subjectus
1530 5251 1603 5304 sit
1639 5252 1691 5304 in
1721 5252 1789 5305 iis
1825 5251 1878 5305 in
1910 5250 2089 5320 quibu:

2221 5249 2409 5303 τεσθαι
2436 5248 2647 5320 βασιλεί
2670 5250 2728 5301 ὲν
2759 5242 2843 5309 οἷς
2864 5247 3053 5318 ἐντολὴ
3078 5247 3215 5301 Θεοῦ
3240 5248 3301 5301 οὐ
3322 5251 3785 5320 παραὸλάπτεται·

521 5342 617 5396 Dei
664 5343 983 5398 mandatum
1012 5358 1121 5398 non
1154 5343 1390 5398 violatur
1428 5360 1442 5397 :
1488 5344 1716 5401 honoret
1759 5345 2081 5416 magistratu

2223 5343 2388 5413 τιμᾷν
2419 5342 2687 5411 ἄρχοντας
2716 5341 2794 5405 ὡς
2843 5340 3126 5405 διακόνους
3158 5341 3419 5409 εὐταξίας
3446 5360 3462 5374 ο
3515 5345 3717 5415 χαίρειν
3741 5347 3788 5400 ὲν

524 5443 782 5503 tanquam
810 5434 1113 5506 disciplina:
1143 5434 1503 5493 administros
1535 5455 1548 5491 :
1575 5438 1811 5508 gaudeat
1838 5438 1898 5492 in
1926 5438 2089 5492 Domi!

2224 5434 2416 5504 Κυρίῳ
2448 5434 2679 5486 πάντοτε
2712 5447 2726 5461 ’
2756 5432 2861 5486 κᾶν
2896 5431 3170 5503 σύμϐασις
3191 5427 3303 5486 εἷεν
3328 5433 3621 5506 λυπηρῶν,
3648 5438 3788 5507 εὐχα-

616 5548 738 5624 ξ²ξ⁷⁵
784 5546 949 5624 Joan.
996 5549 1207 5624 xv,__5._
1276 5549 1355 5624 ηπ
1409 5549 1428 5603 1
1475 5549 1601 5624 Cor.
1646 5565 1803 5624 ⁸ιιιιιι,
1856 5550 1948 5614 32.
2062 5551 2105 5624 ’ξ’
2138 5546 2181 5602 .‘ll

2221 5548 2581 5624 _tth_._vn,l§l.
2676 5548 2724 5581 "
2755 5545 2776 5602 l
2813 5548 2942 5606 Cor.
2981 5564 3056 5613 vi,
3090 5548 3177 5604 15.
3314 5551 3361 5583 ⁷⁸
3404 5549 3617 5624 Ephes.
3649 5554 3786 5618 v.33.

523 5615 570 5649 ³⁸
594 5616 791 5688 Ephes.
822 5635 898 5683 vr,
929 5620 980 5673 1.
1086 5622 1129 5651 ⁸¹
1169 5619 1336 5676 Eccli.
1368 5636 1451 5685 ιιι,
1479 5622 1566 5676 il.
1641 5621 1687 5655 ⁸⁸
1722 5620 1923 5693 Ephes.
1958 5638 2031 5689 vr,
2055 5623 2088 5677 4

1086 5622 1129 5651 ⁸¹
1169 5619 1336 5676 Eccli.
1368 5636 1451 5685 ιιι,
1479 5622 1566 5676 il.
1641 5621 1687 5655 ⁸¹
1722 5620 1923 5693 Ephes.
1958 5638 2031 5689 vl,
2055 5623 2109 5677 4.
2186 5620 2387 5674 “ibid.
2450 5617 2567 5675 5-9.

2124 5710 2352 5769 ΝΟΤΑΞ.

589 5804 702 5873 (l8)
742 5807 797 5861 In
830 5806 949 5861 coll.
989 5806 1117 5877 Reg.
1160 5806 1293 5876 ρλγ’.
