  <div class='ocr_page' id='page_1' title='image "/cluster/home/n/w/nwhite01/storage/ocr_20150623/99/pst.000005714063/762.png"; bbox 0 0 3964 6320; ppageno 0'>
   <div class='ocr_carea' id='block_1_1' title="bbox 100 385 1696 460">
    <p class='ocr_par' dir='ltr' id='par_1_1' title="bbox 100 389 1696 460">
     <span class='ocr_line' id='line_1_1' title="bbox 100 389 1696 460; baseline -0.005 -3"><span class='ocrx_word' id='word_1_1' title='bbox 100 394 246 460; x_wconf 78' lang='grc'><strong>1401</strong></span> <span class='ocrx_word' id='word_1_2' title='bbox 1305 389 1696 453; x_wconf 81' lang='lat' dir='ltr'><strong>EPISTOLAI</strong></span> 
     </span>
    </p>
   </div>
   <div class='ocr_carea' id='block_1_2' title="bbox 1802 385 3396 460">
    <p class='ocr_par' dir='ltr' id='par_1_2' title="bbox 1802 385 3396 447">
     <span class='ocr_line' id='line_1_2' title="bbox 1802 385 3396 447; baseline -0.002 0"><span class='ocrx_word' id='word_1_3' title='bbox 1802 389 1841 447; x_wconf 72' lang='lat' dir='ltr'><strong>Vl</strong></span> <span class='ocrx_word' id='word_1_4' title='bbox 1882 389 2040 447; x_wconf 83' lang='lat' dir='ltr'><strong>LIB.</strong></span> <span class='ocrx_word' id='word_1_5' title='bbox 2077 389 2160 447; x_wconf 91' lang='grc' dir='ltr'><strong>ΙΙ.</strong></span> <span class='ocrx_word' id='word_1_6' title='bbox 3259 385 3396 445; x_wconf 69' lang='grc'><strong>1402</strong></span> 
     </span>
    </p>
   </div>
   <div class='ocr_carea' id='block_1_3' title="bbox 98 503 1696 590">
    <p class='ocr_par' dir='ltr' id='par_1_3' title="bbox 98 508 1696 590">
     <span class='ocr_line' id='line_1_3' title="bbox 98 508 1696 590; baseline -0.005 -18"><span class='ocrx_word' id='word_1_7' title='bbox 98 521 317 590; x_wconf 77' lang='grc' dir='ltr'>ριστεῖν</span> <span class='ocrx_word' id='word_1_8' title='bbox 357 515 547 586; x_wconf 84' lang='grc' dir='ltr'>Κυρίῳ</span> <span class='ocrx_word' id='word_1_9' title='bbox 575 513 659 582; x_wconf 79' lang='grc' dir='ltr'><strong>ἐφ’</strong></span> <span class='ocrx_word' id='word_1_10' title='bbox 684 508 765 579; x_wconf 69' lang='grc' dir='ltr'>οἷς</span> <span class='ocrx_word' id='word_1_11' title='bbox 803 513 870 568; x_wconf 76' lang='grc' dir='ltr'>ἂν</span> <span class='ocrx_word' id='word_1_12' title='bbox 922 513 1183 582; x_wconf 76' lang='grc' dir='ltr'>οίκονομῇ</span> <span class='ocrx_word' id='word_1_13' title='bbox 1239 511 1309 564; x_wconf 84' lang='grc' dir='ltr'><strong>τά</strong></span> <span class='ocrx_word' id='word_1_14' title='bbox 1362 510 1483 564; x_wconf 80' lang='grc' dir='ltr'>κατ’</span> <span class='ocrx_word' id='word_1_15' title='bbox 1510 511 1696 564; x_wconf 78' lang='grc' dir='ltr'>αὐτόν.</span> 
     </span>
    </p>
   </div>
   <div class='ocr_carea' id='block_1_4' title="bbox 1802 503 3395 590">
    <p class='ocr_par' dir='ltr' id='par_1_4' title="bbox 1806 503 3395 575">
     <span class='ocr_line' id='line_1_4' title="bbox 1806 503 3395 575; baseline 0 -17"><span class='ocrx_word' id='word_1_16' title='bbox 1806 519 1875 558; x_wconf 94' lang='lat' dir='ltr'><strong>no</strong></span> <span class='ocrx_word' id='word_1_17' title='bbox 1901 520 2116 574; x_wconf 84' lang='lat' dir='ltr'><strong>semper</strong></span> <span class='ocrx_word' id='word_1_18' title='bbox 2147 521 2162 558; x_wconf 90' lang='lat'><strong>:</strong></span> <span class='ocrx_word' id='word_1_19' title='bbox 2199 515 2271 569; x_wconf 87' lang='lat' dir='ltr'><strong>et,</strong></span> <span class='ocrx_word' id='word_1_20' title='bbox 2311 506 2358 560; x_wconf 87' lang='lat' dir='ltr'><strong>si</strong></span> <span class='ocrx_word' id='word_1_21' title='bbox 2403 505 2631 559; x_wconf 81' lang='lat' dir='ltr'><strong>molesta</strong></span> <span class='ocrx_word' id='word_1_22' title='bbox 2663 503 2933 575; x_wconf 79' lang='lat' dir='ltr'><strong>quaepiam</strong></span> <span class='ocrx_word' id='word_1_23' title='bbox 2967 503 3238 568; x_wconf 91' lang='lat' dir='ltr'><strong>accidant,</strong></span> <span class='ocrx_word' id='word_1_24' title='bbox 3270 521 3395 575; x_wconf 81' lang='lat' dir='ltr'><strong>gra-</strong></span> 
     </span>
    </p>
   </div>
   <div class='ocr_carea' id='block_1_5' title="bbox 96 596 1696 675">
    <p class='ocr_par' dir='ltr' id='par_1_5' title="bbox 96 604 1695 675">
     <span class='ocr_line' id='line_1_5' title="bbox 96 604 1695 675; baseline -0.005 -11"><span class='ocrx_word' id='word_1_25' title='bbox 96 611 301 664; x_wconf 83' lang='grc' dir='ltr'>Ταῦτοι</span> <span class='ocrx_word' id='word_1_26' title='bbox 337 609 413 671; x_wconf 82' lang='grc' dir='ltr'>ὡς</span> <span class='ocrx_word' id='word_1_27' title='bbox 458 612 516 661; x_wconf 82' lang='grc' dir='ltr'>ἐν</span> <span class='ocrx_word' id='word_1_28' title='bbox 551 607 754 675; x_wconf 84' lang='grc' dir='ltr'>ὀλίγοις</span> <span class='ocrx_word' id='word_1_29' title='bbox 812 605 1106 675; x_wconf 81' lang='grc' dir='ltr'><strong>ὑπέμνησα</strong></span> <span class='ocrx_word' id='word_1_30' title='bbox 1159 605 1259 675; x_wconf 82' lang='grc' dir='ltr'>τὴν</span> <span class='ocrx_word' id='word_1_31' title='bbox 1320 604 1695 674; x_wconf 83' lang='grc' dir='ltr'>εὐλογημένην</span> 
     </span>
    </p>
   </div>
   <div class='ocr_carea' id='block_1_6' title="bbox 1802 596 3399 675">
    <p class='ocr_par' dir='ltr' id='par_1_6' title="bbox 1802 596 3399 668">
     <span class='ocr_line' id='line_1_6' title="bbox 1802 596 3399 668; baseline -0.001 -18"><span class='ocrx_word' id='word_1_32' title='bbox 1802 598 1900 653; x_wconf 77' lang='lat' dir='ltr'><strong>tias</strong></span> <span class='ocrx_word' id='word_1_33' title='bbox 1923 596 2156 652; x_wconf 83' lang='lat' dir='ltr'><strong>Domino</strong></span> <span class='ocrx_word' id='word_1_34' title='bbox 2181 609 2326 668; x_wconf 85' lang='lat' dir='ltr'><strong>agat,</strong></span> <span class='ocrx_word' id='word_1_35' title='bbox 2360 613 2582 667; x_wconf 88' lang='lat' dir='ltr'><strong>quoque</strong></span> <span class='ocrx_word' id='word_1_36' title='bbox 2612 597 2776 652; x_wconf 90' lang='lat' dir='ltr'><strong>modo</strong></span> <span class='ocrx_word' id='word_1_37' title='bbox 2805 612 2892 652; x_wconf 93' lang='lat' dir='ltr'><strong>res</strong></span> <span class='ocrx_word' id='word_1_38' title='bbox 2926 597 3098 665; x_wconf 86' lang='lat' dir='ltr'><strong>ipsius</strong></span> <span class='ocrx_word' id='word_1_39' title='bbox 3120 597 3399 666; x_wconf 88' lang='lat' dir='ltr'><strong>disponat.</strong></span> 
     </span>
    </p>
   </div>
   <div class='ocr_carea' id='block_1_7' title="bbox 96 687 1696 770">
    <p class='ocr_par' dir='ltr' id='par_1_7' title="bbox 96 694 1696 770">
     <span class='ocr_line' id='line_1_7' title="bbox 96 694 1696 770; baseline -0.004 -16"><span class='ocrx_word' id='word_1_40' title='bbox 96 721 205 754; x_wconf 81' lang='grc' dir='ltr'><strong>σου</strong></span> <span class='ocrx_word' id='word_1_41' title='bbox 232 700 416 770; x_wconf 73' lang='grc' dir='ltr'>ψυχήν</span> <span class='ocrx_word' id='word_1_42' title='bbox 450 715 463 728; x_wconf 92' lang='grc'><strong>·</strong></span> <span class='ocrx_word' id='word_1_43' title='bbox 495 699 581 752; x_wconf 85' lang='grc' dir='ltr'><strong>ἴνα</strong></span> <span class='ocrx_word' id='word_1_44' title='bbox 610 696 862 765; x_wconf 81' lang='grc' dir='ltr'><strong>γνωρίσω</strong></span> <span class='ocrx_word' id='word_1_45' title='bbox 914 696 990 760; x_wconf 85' lang='grc' dir='ltr'>ὡς</span> <span class='ocrx_word' id='word_1_46' title='bbox 1043 694 1212 765; x_wconf 82' lang='grc' dir='ltr'>φιλῶν</span> <span class='ocrx_word' id='word_1_47' title='bbox 1250 698 1368 764; x_wconf 86' lang='grc' dir='ltr'>είμι</span> <span class='ocrx_word' id='word_1_48' title='bbox 1414 695 1506 747; x_wconf 78' lang='grc' dir='ltr'><strong>τὸν</strong></span> <span class='ocrx_word' id='word_1_49' title='bbox 1563 695 1696 764; x_wconf 79' lang='grc' dir='ltr'>ἐμὸν</span> 
     </span>
    </p>
   </div>
   <div class='ocr_carea' id='block_1_8' title="bbox 1802 687 3399 770">
    <p class='ocr_par' dir='ltr' id='par_1_8' title="bbox 1802 687 3399 759">
     <span class='ocr_line' id='line_1_8' title="bbox 1802 687 3399 759; baseline 0.002 -18"><span class='ocrx_word' id='word_1_50' title='bbox 1802 687 1918 743; x_wconf 73' lang='lat' dir='ltr'><strong>Haec</strong></span> <span class='ocrx_word' id='word_1_51' title='bbox 1971 690 2162 758; x_wconf 87' lang='lat' dir='ltr'><strong>paucis</strong></span> <span class='ocrx_word' id='word_1_52' title='bbox 2220 691 2470 759; x_wconf 86' lang='lat' dir='ltr'><strong>suggessi</strong></span> <span class='ocrx_word' id='word_1_53' title='bbox 2517 690 2819 745; x_wconf 62' lang='lat' dir='ltr'><strong>benedictae</strong></span> <span class='ocrx_word' id='word_1_54' title='bbox 2887 691 3087 744; x_wconf 78' lang='lat' dir='ltr'><strong>animae</strong></span> <span class='ocrx_word' id='word_1_55' title='bbox 3123 699 3278 744; x_wconf 67' lang='lat' dir='ltr'><strong>tuze:</strong></span> <span class='ocrx_word' id='word_1_56' title='bbox 3338 699 3399 745; x_wconf 89' lang='lat' dir='ltr'><strong>ut</strong></span> 
     </span>
    </p>
   </div>
   <div class='ocr_carea' id='block_1_9' title="bbox 1790 781 3399 852">
    <p class='ocr_par' dir='ltr' id='par_1_9' title="bbox 1790 781 3399 852">
     <span class='ocr_line' id='line_1_9' title="bbox 1790 781 3399 852; baseline -0.001 -16"><span class='ocrx_word' id='word_1_57' title='bbox 1790 781 2078 836; x_wconf 74' lang='lat' dir='ltr'><strong>ostendam</strong></span> <span class='ocrx_word' id='word_1_58' title='bbox 2112 797 2300 836; x_wconf 83' lang='lat' dir='ltr'><strong>amare</strong></span> <span class='ocrx_word' id='word_1_59' title='bbox 2330 799 2418 836; x_wconf 90' lang='lat' dir='ltr'><strong>me</strong></span> <span class='ocrx_word' id='word_1_60' title='bbox 2453 782 2840 852; x_wconf 82' lang='lat' dir='ltr'><strong>cognominem</strong></span> <span class='ocrx_word' id='word_1_61' title='bbox 2871 797 3054 836; x_wconf 89' lang='lat' dir='ltr'><strong>meum</strong></span> <span class='ocrx_word' id='word_1_62' title='bbox 3077 824 3092 847; x_wconf 93' lang='lat'><strong>,</strong></span> <span class='ocrx_word' id='word_1_63' title='bbox 3133 784 3399 851; x_wconf 90' lang='lat' dir='ltr'><strong>piumque</strong></span> 
     </span>
    </p>
   </div>
   <div class='ocr_carea' id='block_1_10' title="bbox 1791 862 3396 941">
    <p class='ocr_par' dir='ltr' id='par_1_10' title="bbox 1791 862 3396 941">
     <span class='ocr_line' id='line_1_10' title="bbox 1791 862 3396 941; baseline 0 -13"><span class='ocrx_word' id='word_1_64' title='bbox 1791 862 1996 941; x_wconf 81' lang='lat' dir='ltr'><strong>virum,</strong></span> <span class='ocrx_word' id='word_1_65' title='bbox 2047 886 2100 930; x_wconf 88' lang='lat' dir='ltr'><strong>et</strong></span> <span class='ocrx_word' id='word_1_66' title='bbox 2139 876 2373 929; x_wconf 85' lang='lat' dir='ltr'><strong>amicum</strong></span> <span class='ocrx_word' id='word_1_67' title='bbox 2432 874 2736 930; x_wconf 72' lang='lat' dir='ltr'><strong>ardentem.</strong></span> <span class='ocrx_word' id='word_1_68' title='bbox 2774 875 2932 941; x_wconf 85' lang='lat' dir='ltr'><strong>Quod</strong></span> <span class='ocrx_word' id='word_1_69' title='bbox 2960 876 3004 930; x_wconf 89' lang='lat' dir='ltr'><strong>si</strong></span> <span class='ocrx_word' id='word_1_70' title='bbox 3037 875 3219 930; x_wconf 91' lang='lat' dir='ltr'><strong>adhuc</strong></span> <span class='ocrx_word' id='word_1_71' title='bbox 3242 875 3396 928; x_wconf 90' lang='lat' dir='ltr'><strong>vive-</strong></span> 
     </span>
    </p>
   </div>
   <div class='ocr_carea' id='block_1_11' title="bbox 1797 966 3404 1036">
    <p class='ocr_par' dir='ltr' id='par_1_11' title="bbox 1797 966 3404 1036">
     <span class='ocr_line' id='line_1_11' title="bbox 1797 966 3404 1036; baseline 0 -16"><span class='ocrx_word' id='word_1_72' title='bbox 1797 981 1922 1021; x_wconf 90' lang='lat' dir='ltr'><strong>mus</strong></span> <span class='ocrx_word' id='word_1_73' title='bbox 1953 1005 1969 1032; x_wconf 87' lang='lat'><strong>,</strong></span> <span class='ocrx_word' id='word_1_74' title='bbox 2000 967 2182 1023; x_wconf 89' lang='lat' dir='ltr'><strong>adhuc</strong></span> <span class='ocrx_word' id='word_1_75' title='bbox 2219 969 2545 1036; x_wconf 85' lang='lat' dir='ltr'><strong>loquemur,</strong></span> <span class='ocrx_word' id='word_1_76' title='bbox 2594 967 2775 1021; x_wconf 91' lang='lat' dir='ltr'><strong>adhuc</strong></span> <span class='ocrx_word' id='word_1_77' title='bbox 2817 966 3186 1032; x_wconf 83' lang='lat' dir='ltr'><strong>hortabimur,</strong></span> <span class='ocrx_word' id='word_1_78' title='bbox 3221 966 3404 1020; x_wconf 88' lang='lat' dir='ltr'><strong>adhuc</strong></span> 
     </span>
    </p>
   </div>
   <div class='ocr_carea' id='block_1_12' title="bbox 1802 1057 3400 1123">
    <p class='ocr_par' dir='ltr' id='par_1_12' title="bbox 1802 1057 3400 1123">
     <span class='ocr_line' id='line_1_12' title="bbox 1802 1057 3400 1123; baseline -0.003 -10"><span class='ocrx_word' id='word_1_79' title='bbox 1802 1059 2181 1123; x_wconf 84' lang='lat' dir='ltr'><strong>suadebimus,</strong></span> <span class='ocrx_word' id='word_1_80' title='bbox 2216 1069 2272 1112; x_wconf 93' lang='lat' dir='ltr'><strong>ut</strong></span> <span class='ocrx_word' id='word_1_81' title='bbox 2319 1059 2502 1112; x_wconf 91' lang='lat' dir='ltr'><strong>omnia</strong></span> <span class='ocrx_word' id='word_1_82' title='bbox 2536 1059 2796 1114; x_wconf 82' lang='lat' dir='ltr'><strong>inferiora</strong></span> <span class='ocrx_word' id='word_1_83' title='bbox 2846 1060 3016 1114; x_wconf 89' lang='lat' dir='ltr'><strong>ducas</strong></span> <span class='ocrx_word' id='word_1_84' title='bbox 3066 1073 3254 1112; x_wconf 89' lang='lat' dir='ltr'><strong>amore</strong></span> <span class='ocrx_word' id='word_1_85' title='bbox 3284 1057 3400 1111; x_wconf 92' lang='lat' dir='ltr'><strong>Dei.</strong></span> 
     </span>
    </p>
   </div>
   <div class='ocr_carea' id='block_1_13' title="bbox 1804 1151 3402 1219">
    <p class='ocr_par' dir='ltr' id='par_1_13' title="bbox 1804 1151 3402 1219">
     <span class='ocr_line' id='line_1_13' title="bbox 1804 1151 3402 1219; baseline -0.001 -15"><span class='ocrx_word' id='word_1_86' title='bbox 1804 1151 1948 1218; x_wconf 80' lang='lat' dir='ltr'><strong>Quid</strong></span> <span class='ocrx_word' id='word_1_87' title='bbox 1992 1152 2133 1204; x_wconf 81' lang='lat' dir='ltr'><strong>enim</strong></span> <span class='ocrx_word' id='word_1_88' title='bbox 2180 1153 2415 1219; x_wconf 85' lang='lat' dir='ltr'><strong>proderit</strong></span> <span class='ocrx_word' id='word_1_89' title='bbox 2446 1153 2649 1205; x_wconf 80' lang='lat' dir='ltr'><strong>homini</strong></span> <span class='ocrx_word' id='word_1_90' title='bbox 2681 1155 2728 1206; x_wconf 75' lang='lat' dir='ltr'><strong>si</strong></span> <span class='ocrx_word' id='word_1_91' title='bbox 2779 1153 3083 1206; x_wconf 83' lang='lat' dir='ltr'><strong>universum</strong></span> <span class='ocrx_word' id='word_1_92' title='bbox 3141 1151 3402 1203; x_wconf 83' lang='lat' dir='ltr'><strong>mundum</strong></span> 
     </span>
    </p>
   </div>
   <div class='ocr_carea' id='block_1_14' title="bbox 1801 1243 3403 1315">
    <p class='ocr_par' dir='ltr' id='par_1_14' title="bbox 1801 1243 3403 1315">
     <span class='ocr_line' id='line_1_14' title="bbox 1801 1243 3403 1315; baseline 0 -19"><span class='ocrx_word' id='word_1_93' title='bbox 1801 1243 2056 1308; x_wconf 85' lang='lat' dir='ltr'><strong>lucretur,</strong></span> <span class='ocrx_word' id='word_1_94' title='bbox 2100 1247 2293 1299; x_wconf 72' lang='lat' dir='ltr'><strong>animo:</strong></span> <span class='ocrx_word' id='word_1_95' title='bbox 2321 1262 2438 1298; x_wconf 80' lang='lat' dir='ltr'><strong>vero</strong></span> <span class='ocrx_word' id='word_1_96' title='bbox 2468 1245 2842 1299; x_wconf 79' lang='lat' dir='ltr'><strong>detrimentum</strong></span> <span class='ocrx_word' id='word_1_97' title='bbox 2871 1244 3176 1315; x_wconf 69' lang='lat' dir='ltr'><strong>patiatur“</strong></span> <span class='ocrx_word' id='word_1_98' title='bbox 3201 1244 3225 1297; x_wconf 66' lang='grc' dir='ltr'><strong><em>Ἰ</em></strong></span> <span class='ocrx_word' id='word_1_99' title='bbox 3247 1243 3403 1309; x_wconf 86' lang='lat' dir='ltr'><strong>Quod</strong></span> 
     </span>
    </p>
   </div>
   <div class='ocr_carea' id='block_1_15' title="bbox 1799 1333 3402 1405">
    <p class='ocr_par' dir='ltr' id='par_1_15' title="bbox 1799 1333 3402 1405">
     <span class='ocr_line' id='line_1_15' title="bbox 1799 1333 3402 1405; baseline 0 -19"><span class='ocrx_word' id='word_1_100' title='bbox 1799 1333 2117 1405; x_wconf 81' lang='lat' dir='ltr'><strong>fugiamus:</strong></span> <span class='ocrx_word' id='word_1_101' title='bbox 2153 1345 2212 1389; x_wconf 90' lang='lat' dir='ltr'><strong>ut</strong></span> <span class='ocrx_word' id='word_1_102' title='bbox 2239 1336 2594 1391; x_wconf 84' lang='lat' dir='ltr'><strong>inveniamus</strong></span> <span class='ocrx_word' id='word_1_103' title='bbox 2633 1336 3065 1391; x_wconf 88' lang='lat' dir='ltr'><strong>miscricordiam</strong></span> <span class='ocrx_word' id='word_1_104' title='bbox 3105 1336 3159 1388; x_wconf 92' lang='lat' dir='ltr'><strong>in</strong></span> <span class='ocrx_word' id='word_1_105' title='bbox 3190 1336 3278 1389; x_wconf 91' lang='lat' dir='ltr'><strong>die</strong></span> <span class='ocrx_word' id='word_1_106' title='bbox 3308 1335 3402 1402; x_wconf 86' lang='lat' dir='ltr'><strong>jn-</strong></span> 
     </span>
    </p>
   </div>
   <div class='ocr_carea' id='block_1_16' title="bbox 1799 1427 3404 1498">
    <p class='ocr_par' dir='ltr' id='par_1_16' title="bbox 1799 1427 3404 1498">
     <span class='ocr_line' id='line_1_16' title="bbox 1799 1427 3404 1498; baseline -0.002 -17"><span class='ocrx_word' id='word_1_107' title='bbox 1799 1427 1951 1493; x_wconf 88' lang='lat' dir='ltr'><strong>dicii,</strong></span> <span class='ocrx_word' id='word_1_108' title='bbox 1991 1437 2199 1482; x_wconf 90' lang='lat' dir='ltr'><strong>etcum</strong></span> <span class='ocrx_word' id='word_1_109' title='bbox 2258 1427 2371 1482; x_wconf 87' lang='lat' dir='ltr'><strong>Deo</strong></span> <span class='ocrx_word' id='word_1_110' title='bbox 2406 1430 2584 1483; x_wconf 85' lang='lat' dir='ltr'><strong>simus</strong></span> <span class='ocrx_word' id='word_1_111' title='bbox 2619 1429 2676 1482; x_wconf 91' lang='lat' dir='ltr'><strong>in</strong></span> <span class='ocrx_word' id='word_1_112' title='bbox 2717 1429 2916 1498; x_wconf 85' lang='lat' dir='ltr'><strong>gaudio</strong></span> <span class='ocrx_word' id='word_1_113' title='bbox 2955 1427 3313 1482; x_wconf 80' lang='lat' dir='ltr'><strong>inenarrabili</strong></span> <span class='ocrx_word' id='word_1_114' title='bbox 3345 1427 3404 1478; x_wconf 93' lang='lat' dir='ltr'><strong>in</strong></span> 
     </span>
    </p>
   </div>
   <div class='ocr_carea' id='block_1_17' title="bbox 1803 1519 2026 1574">
    <p class='ocr_par' dir='ltr' id='par_1_17' title="bbox 1803 1519 2026 1574">
     <span class='ocr_line' id='line_1_17' title="bbox 1803 1519 2026 1574; baseline 0 0"><span class='ocrx_word' id='word_1_115' title='bbox 1803 1519 2026 1574; x_wconf 83' lang='lat' dir='ltr'><strong>saecula.</strong></span> 
     </span>
    </p>
   </div>
   <div class='ocr_carea' id='block_1_18' title="bbox 93 785 1692 865">
    <p class='ocr_par' dir='ltr' id='par_1_18' title="bbox 93 785 1692 865">
     <span class='ocr_line' id='line_1_18' title="bbox 93 785 1692 865; baseline -0.005 -18"><span class='ocrx_word' id='word_1_116' title='bbox 93 794 426 865; x_wconf 79' lang='grc' dir='ltr'>ὁμώνυμον,</span> <span class='ocrx_word' id='word_1_117' title='bbox 461 792 552 846; x_wconf 83' lang='grc' dir='ltr'>καὶ</span> <span class='ocrx_word' id='word_1_118' title='bbox 596 789 795 858; x_wconf 78' lang='grc' dir='ltr'>εύσεόἧ</span> <span class='ocrx_word' id='word_1_119' title='bbox 848 787 1038 860; x_wconf 82' lang='grc' dir='ltr'>ἄνδρα,</span> <span class='ocrx_word' id='word_1_120' title='bbox 1087 788 1182 840; x_wconf 76' lang='grc' dir='ltr'>καὶ</span> <span class='ocrx_word' id='word_1_121' title='bbox 1230 785 1383 856; x_wconf 82' lang='grc' dir='ltr'>φίλον</span> <span class='ocrx_word' id='word_1_122' title='bbox 1411 786 1692 856; x_wconf 85' lang='grc' dir='ltr'>διάπυρον.</span> 
     </span>
    </p>
   </div>
   <div class='ocr_carea' id='block_1_19' title="bbox 109 879 1695 953">
    <p class='ocr_par' dir='ltr' id='par_1_19' title="bbox 109 879 1695 953">
     <span class='ocr_line' id='line_1_19' title="bbox 109 879 1695 953; baseline -0.006 -14"><span class='ocrx_word' id='word_1_123' title='bbox 109 887 251 938; x_wconf 80' lang='grc' dir='ltr'>Ἐάν</span> <span class='ocrx_word' id='word_1_124' title='bbox 302 885 360 938; x_wconf 86' lang='grc' dir='ltr'>δὲ</span> <span class='ocrx_word' id='word_1_125' title='bbox 413 885 492 936; x_wconf 76' lang='grc' dir='ltr'><strong>ἔτι</strong></span> <span class='ocrx_word' id='word_1_126' title='bbox 546 883 754 953; x_wconf 79' lang='grc' dir='ltr'>ζῶμεν,</span> <span class='ocrx_word' id='word_1_127' title='bbox 788 883 868 934; x_wconf 79' lang='grc' dir='ltr'>ἔτι</span> <span class='ocrx_word' id='word_1_128' title='bbox 926 881 1254 952; x_wconf 80' lang='grc' dir='ltr'>λαλήσομεν,</span> <span class='ocrx_word' id='word_1_129' title='bbox 1309 879 1391 932; x_wconf 74' lang='grc' dir='ltr'>ἔτι</span> <span class='ocrx_word' id='word_1_130' title='bbox 1441 895 1695 950; x_wconf 83' lang='grc' dir='ltr'>παρακα-</span> 
     </span>
    </p>
   </div>
   <div class='ocr_carea' id='block_1_20' title="bbox 95 971 1698 1046">
    <p class='ocr_par' dir='ltr' id='par_1_20' title="bbox 95 971 1698 1046">
     <span class='ocr_line' id='line_1_20' title="bbox 95 971 1698 1046; baseline -0.007 -15"><span class='ocrx_word' id='word_1_131' title='bbox 95 979 365 1046; x_wconf 81' lang='grc' dir='ltr'>λέσομεν,</span> <span class='ocrx_word' id='word_1_132' title='bbox 402 977 482 1028; x_wconf 80' lang='grc' dir='ltr'>ἔτι</span> <span class='ocrx_word' id='word_1_133' title='bbox 513 972 1037 1044; x_wconf 76' lang='grc' dir='ltr'>συμϐουλευσόμεθα</span> <span class='ocrx_word' id='word_1_134' title='bbox 1078 973 1254 1026; x_wconf 84' lang='grc' dir='ltr'>πάντα</span> <span class='ocrx_word' id='word_1_135' title='bbox 1299 971 1527 1040; x_wconf 88' lang='grc' dir='ltr'>δεύτερα</span> <span class='ocrx_word' id='word_1_136' title='bbox 1555 971 1698 1040; x_wconf 75' lang='grc' dir='ltr'>ήγήο</span> 
     </span>
    </p>
   </div>
   <div class='ocr_carea' id='block_1_21' title="bbox 99 1063 1694 1142">
    <p class='ocr_par' dir='ltr' id='par_1_21' title="bbox 99 1063 1694 1142">
     <span class='ocr_line' id='line_1_21' title="bbox 99 1063 1694 1142; baseline -0.006 -18"><span class='ocrx_word' id='word_1_137' title='bbox 99 1072 306 1124; x_wconf 86' lang='grc' dir='ltr'>σασθαι</span> <span class='ocrx_word' id='word_1_138' title='bbox 332 1073 433 1142; x_wconf 81' lang='grc' dir='ltr'>τῆς</span> <span class='ocrx_word' id='word_1_139' title='bbox 479 1068 614 1123; x_wconf 87' lang='grc' dir='ltr'>Θεοῦ</span> <span class='ocrx_word' id='word_1_140' title='bbox 677 1070 918 1137; x_wconf 83' lang='grc' dir='ltr'>ἀγάπης,</span> <span class='ocrx_word' id='word_1_141' title='bbox 981 1067 1043 1120; x_wconf 84' lang='grc' dir='ltr'>Τί</span> <span class='ocrx_word' id='word_1_142' title='bbox 1097 1067 1206 1137; x_wconf 76' lang='grc' dir='ltr'>γὰρ</span> <span class='ocrx_word' id='word_1_143' title='bbox 1253 1063 1556 1135; x_wconf 70' lang='grc' dir='ltr'>ὠφελήσει</span> <span class='ocrx_word' id='word_1_144' title='bbox 1588 1063 1694 1116; x_wconf 75' lang='grc' dir='ltr'><strong>ἇν-</strong></span> 
     </span>
    </p>
   </div>
   <div class='ocr_carea' id='block_1_22' title="bbox 97 1157 1696 1231">
    <p class='ocr_par' dir='ltr' id='par_1_22' title="bbox 97 1157 1696 1231">
     <span class='ocr_line' id='line_1_22' title="bbox 97 1157 1696 1231; baseline -0.004 -14"><span class='ocrx_word' id='word_1_145' title='bbox 97 1169 371 1231; x_wconf 81' lang='grc' dir='ltr'>θρωπον,</span> <span class='ocrx_word' id='word_1_146' title='bbox 402 1162 510 1215; x_wconf 78' lang='grc' dir='ltr'><strong>ἐὰν</strong></span> <span class='ocrx_word' id='word_1_147' title='bbox 551 1161 702 1215; x_wconf 62' lang='grc' dir='ltr'><strong>ὅλον</strong></span> <span class='ocrx_word' id='word_1_148' title='bbox 731 1162 839 1213; x_wconf 80' lang='grc' dir='ltr'><strong>τὸν</strong></span> <span class='ocrx_word' id='word_1_149' title='bbox 890 1161 1125 1228; x_wconf 81' lang='grc' dir='ltr'>κόσμον</span> <span class='ocrx_word' id='word_1_150' title='bbox 1156 1158 1445 1228; x_wconf 78' lang='grc' dir='ltr'><strong>κερδήσῃ,</strong></span> <span class='ocrx_word' id='word_1_151' title='bbox 1479 1158 1597 1227; x_wconf 78' lang='grc' dir='ltr'><strong>τὴν</strong></span> <span class='ocrx_word' id='word_1_152' title='bbox 1626 1157 1696 1211; x_wconf 84' lang='grc' dir='ltr'>δὲ</span> 
     </span>
    </p>
   </div>
   <div class='ocr_carea' id='block_1_23' title="bbox 95 1244 1694 1323">
    <p class='ocr_par' dir='ltr' id='par_1_23' title="bbox 95 1244 1694 1323">
     <span class='ocr_line' id='line_1_23' title="bbox 95 1244 1694 1323; baseline -0.004 -15"><span class='ocrx_word' id='word_1_153' title='bbox 95 1255 325 1323; x_wconf 63' lang='grc' dir='ltr'><strong>ψυχὴν</strong></span> <span class='ocrx_word' id='word_1_154' title='bbox 371 1252 559 1309; x_wconf 85' lang='grc' dir='ltr'>αὐτοῦ</span> <span class='ocrx_word' id='word_1_155' title='bbox 595 1251 883 1322; x_wconf 78' lang='grc' dir='ltr'>ζημιω9ᾖ;</span> <span class='ocrx_word' id='word_1_156' title='bbox 933 1244 1009 1304; x_wconf 77' lang='grc' dir='ltr'>Οῦ</span> <span class='ocrx_word' id='word_1_157' title='bbox 1068 1253 1337 1321; x_wconf 79' lang='grc' dir='ltr'>φύγοιμεν</span> <span class='ocrx_word' id='word_1_158' title='bbox 1366 1267 1380 1282; x_wconf 86' lang='lat'><strong><em>°</em></strong></span> <span class='ocrx_word' id='word_1_159' title='bbox 1436 1250 1694 1322; x_wconf 78' lang='grc' dir='ltr'>εὕροιμεν</span> 
     </span>
    </p>
   </div>
   <div class='ocr_carea' id='block_1_24' title="bbox 94 1341 1693 1416">
    <p class='ocr_par' dir='ltr' id='par_1_24' title="bbox 94 1341 1693 1416">
     <span class='ocr_line' id='line_1_24' title="bbox 94 1341 1693 1416; baseline -0.004 -16"><span class='ocrx_word' id='word_1_160' title='bbox 94 1349 162 1400; x_wconf 75' lang='grc' dir='ltr'>δὲ</span> <span class='ocrx_word' id='word_1_161' title='bbox 215 1348 368 1410; x_wconf 79' lang='grc' dir='ltr'>ἕλεος</span> <span class='ocrx_word' id='word_1_162' title='bbox 425 1350 485 1398; x_wconf 81' lang='grc' dir='ltr'>ὲν</span> <span class='ocrx_word' id='word_1_163' title='bbox 535 1347 721 1416; x_wconf 76' lang='grc' dir='ltr'>ἡμέρᾳ</span> <span class='ocrx_word' id='word_1_164' title='bbox 771 1345 1043 1416; x_wconf 80' lang='grc' dir='ltr'>κρίσεως,</span> <span class='ocrx_word' id='word_1_165' title='bbox 1096 1345 1193 1396; x_wconf 73' lang='grc' dir='ltr'>καὶ</span> <span class='ocrx_word' id='word_1_166' title='bbox 1247 1343 1308 1396; x_wconf 84' lang='grc' dir='ltr'>τὺ</span> <span class='ocrx_word' id='word_1_167' title='bbox 1363 1344 1500 1412; x_wconf 86' lang='grc' dir='ltr'><strong>μετά</strong></span> <span class='ocrx_word' id='word_1_168' title='bbox 1556 1341 1693 1395; x_wconf 83' lang='grc' dir='ltr'>Θεοῦ</span> 
     </span>
    </p>
   </div>
   <div class='ocr_carea' id='block_1_25' title="bbox 94 1434 1536 1508">
    <p class='ocr_par' dir='ltr' id='par_1_25' title="bbox 94 1434 1536 1508">
     <span class='ocr_line' id='line_1_25' title="bbox 94 1434 1536 1508; baseline -0.006 -15"><span class='ocrx_word' id='word_1_169' title='bbox 94 1439 368 1508; x_wconf 85' lang='grc' dir='ltr'>γενέσθαι</span> <span class='ocrx_word' id='word_1_170' title='bbox 395 1439 454 1490; x_wconf 84' lang='grc' dir='ltr'>ἐν</span> <span class='ocrx_word' id='word_1_171' title='bbox 492 1439 639 1508; x_wconf 75' lang='grc' dir='ltr'>χαρᾷ</span> <span class='ocrx_word' id='word_1_172' title='bbox 669 1436 1021 1506; x_wconf 83' lang='grc' dir='ltr'>ἀνεκλαλήτῳ</span> <span class='ocrx_word' id='word_1_173' title='bbox 1053 1437 1134 1497; x_wconf 77' lang='grc' dir='ltr'><strong>είς</strong></span> <span class='ocrx_word' id='word_1_174' title='bbox 1160 1435 1287 1498; x_wconf 84' lang='grc' dir='ltr'>τοὺς</span> <span class='ocrx_word' id='word_1_175' title='bbox 1313 1434 1536 1496; x_wconf 86' lang='grc' dir='ltr'>αίῶνας.</span> 
     </span>
    </p>
   </div>
   <div class='ocr_carea' id='block_1_26' title="bbox 253 1657 1699 1734">
    <p class='ocr_par' dir='ltr' id='par_1_26' title="bbox 253 1657 1699 1734">
     <span class='ocr_line' id='line_1_26' title="bbox 253 1657 1699 1734; baseline -0.005 -15"><span class='ocrx_word' id='word_1_176' title='bbox 253 1661 407 1719; x_wconf 82' lang='grc' dir='ltr'><strong>ΡΚΓ¹</strong></span> <span class='ocrx_word' id='word_1_177' title='bbox 436 1663 572 1734; x_wconf 85' lang='lat' dir='ltr'><strong>(l9).</strong></span> <span class='ocrx_word' id='word_1_178' title='bbox 593 1695 663 1705; x_wconf 94' lang='lat'><strong>—</strong></span> <span class='ocrx_word' id='word_1_179' title='bbox 693 1661 1061 1732; x_wconf 69' lang='grc' dir='ltr'>Εὑρροσύνῃ</span> <span class='ocrx_word' id='word_1_180' title='bbox 1089 1659 1415 1730; x_wconf 72' lang='grc' dir='ltr'>ἡγουμένῃ.</span> <span class='ocrx_word' id='word_1_181' title='bbox 1508 1657 1699 1733; x_wconf 81' lang='grc' dir='ltr'>[χξα’.]</span> 
     </span>
    </p>
   </div>
   <div class='ocr_carea' id='block_1_27' title="bbox 2051 1661 3159 1733">
    <p class='ocr_par' dir='ltr' id='par_1_27' title="bbox 2051 1661 3159 1733">
     <span class='ocr_line' id='line_1_27' title="bbox 2051 1661 3159 1733; baseline 0 -15"><span class='ocrx_word' id='word_1_182' title='bbox 2051 1662 2286 1718; x_wconf 77' lang='lat' dir='ltr'>CXXIII.</span> <span class='ocrx_word' id='word_1_183' title='bbox 2315 1694 2386 1703; x_wconf 90' lang='lat'><strong>—</strong></span> <span class='ocrx_word' id='word_1_184' title='bbox 2421 1661 2787 1733; x_wconf 74' lang='lat' dir='ltr'><strong>Euphrosyna:</strong></span> <span class='ocrx_word' id='word_1_185' title='bbox 2839 1662 3159 1731; x_wconf 75' lang='lat' dir='ltr'><strong>prtrpositte.</strong></span> 
     </span>
    </p>
   </div>
   <div class='ocr_carea' id='block_1_28' title="bbox 710 1772 2844 1841">
    <p class='ocr_par' dir='ltr' id='par_1_28' title="bbox 710 1772 2844 1841">
     <span class='ocr_line' id='line_1_28' title="bbox 710 1772 2844 1841; baseline 0 -15"><span class='ocrx_word' id='word_1_186' title='bbox 710 1774 1011 1826; x_wconf 76' lang='lat' dir='ltr'><strong>Monasterio</strong></span> <span class='ocrx_word' id='word_1_187' title='bbox 1046 1772 1361 1838; x_wconf 70' lang='lat' dir='ltr'><strong>praepositam</strong></span> <span class='ocrx_word' id='word_1_188' title='bbox 1394 1774 1623 1825; x_wconf 87' lang='lat' dir='ltr'><strong>hortatur</strong></span> <span class='ocrx_word' id='word_1_189' title='bbox 1648 1785 1704 1826; x_wconf 88' lang='lat' dir='ltr'><strong>ut</strong></span> <span class='ocrx_word' id='word_1_190' title='bbox 1725 1790 1787 1826; x_wconf 80' lang='lat' dir='ltr'><strong>eo</strong></span> <span class='ocrx_word' id='word_1_191' title='bbox 1808 1790 2018 1827; x_wconf 88' lang='lat' dir='ltr'><strong>munere</strong></span> <span class='ocrx_word' id='word_1_192' title='bbox 2042 1784 2212 1828; x_wconf 91' lang='lat' dir='ltr'><strong>sancte</strong></span> <span class='ocrx_word' id='word_1_193' title='bbox 2250 1791 2305 1826; x_wconf 87' lang='lat' dir='ltr'><strong>ac</strong></span> <span class='ocrx_word' id='word_1_194' title='bbox 2331 1779 2569 1841; x_wconf 71' lang='lat' dir='ltr'><strong>praeclare</strong></span> <span class='ocrx_word' id='word_1_195' title='bbox 2590 1777 2844 1841; x_wconf 80' lang='lat' dir='ltr'><strong>fungatur.</strong></span> 
     </span>
    </p>
   </div>
   <div class='ocr_carea' id='block_1_29' title="bbox 190 1877 1696 1954">
    <p class='ocr_par' dir='ltr' id='par_1_29' title="bbox 190 1877 1696 1954">
     <span class='ocr_line' id='line_1_29' title="bbox 190 1877 1696 1954; baseline -0.007 -15"><span class='ocrx_word' id='word_1_196' title='bbox 190 1881 480 1954; x_wconf 78' lang='grc' dir='ltr'>’Δκηκοὼς</span> <span class='ocrx_word' id='word_1_197' title='bbox 513 1882 606 1936; x_wconf 79' lang='grc' dir='ltr'>καὶ</span> <span class='ocrx_word' id='word_1_198' title='bbox 632 1880 727 1934; x_wconf 86' lang='grc' dir='ltr'><strong>νῦν</strong></span> <span class='ocrx_word' id='word_1_199' title='bbox 755 1881 838 1934; x_wconf 85' lang='grc' dir='ltr'>ὅτι</span> <span class='ocrx_word' id='word_1_200' title='bbox 861 1877 1230 1952; x_wconf 85' lang='grc' dir='ltr'>παρεμυθήθη</span> <span class='ocrx_word' id='word_1_201' title='bbox 1261 1894 1355 1930; x_wconf 89' lang='grc' dir='ltr'><strong>σου</strong></span> <span class='ocrx_word' id='word_1_202' title='bbox 1386 1878 1419 1948; x_wconf 86' lang='grc' dir='ltr'><strong>ή</strong></span> <span class='ocrx_word' id='word_1_203' title='bbox 1447 1877 1696 1947; x_wconf 85' lang='grc' dir='ltr'>τιμιότης</span> 
     </span>
    </p>
   </div>
   <div class='ocr_carea' id='block_1_30' title="bbox 1802 1877 3409 1954">
    <p class='ocr_par' dir='ltr' id='par_1_30' title="bbox 1871 1877 3409 1948">
     <span class='ocr_line' id='line_1_30' title="bbox 1871 1877 3409 1948; baseline 0.001 -15"><span class='ocrx_word' id='word_1_204' title='bbox 1871 1877 2010 1933; x_wconf 90' lang='lat' dir='ltr'><strong>Cum</strong></span> <span class='ocrx_word' id='word_1_205' title='bbox 2045 1893 2194 1933; x_wconf 90' lang='lat' dir='ltr'><strong>nunc</strong></span> <span class='ocrx_word' id='word_1_206' title='bbox 2241 1893 2464 1948; x_wconf 90' lang='lat' dir='ltr'><strong>quoque</strong></span> <span class='ocrx_word' id='word_1_207' title='bbox 2513 1878 2698 1932; x_wconf 87' lang='lat' dir='ltr'><strong>audivi</strong></span> <span class='ocrx_word' id='word_1_208' title='bbox 2754 1878 3024 1942; x_wconf 89' lang='lat' dir='ltr'><strong>dolorem,</strong></span> <span class='ocrx_word' id='word_1_209' title='bbox 3056 1891 3219 1946; x_wconf 89' lang='lat' dir='ltr'><strong>quem</strong></span> <span class='ocrx_word' id='word_1_210' title='bbox 3253 1895 3409 1936; x_wconf 88' lang='lat' dir='ltr'><strong>reve-</strong></span> 
     </span>
    </p>
   </div>
   <div class='ocr_carea' id='block_1_31' title="bbox 95 1969 1696 2048">
    <p class='ocr_par' dir='ltr' id='par_1_31' title="bbox 95 1969 1696 2048">
     <span class='ocr_line' id='line_1_31' title="bbox 95 1969 1696 2048; baseline -0.007 -16"><span class='ocrx_word' id='word_1_211' title='bbox 95 1978 216 2032; x_wconf 82' lang='grc' dir='ltr'><strong>ἀπὸ</strong></span> <span class='ocrx_word' id='word_1_212' title='bbox 246 1978 347 2030; x_wconf 86' lang='grc' dir='ltr'><strong>τοῦ</strong></span> <span class='ocrx_word' id='word_1_213' title='bbox 377 1977 506 2048; x_wconf 79' lang='grc' dir='ltr'>περὶ</span> <span class='ocrx_word' id='word_1_214' title='bbox 534 1976 633 2047; x_wconf 83' lang='grc' dir='ltr'>τὴν</span> <span class='ocrx_word' id='word_1_215' title='bbox 667 1974 945 2047; x_wconf 82' lang='grc' dir='ltr'>μακαρίαν</span> <span class='ocrx_word' id='word_1_216' title='bbox 977 1972 1188 2043; x_wconf 87' lang='grc' dir='ltr'>μητέρα</span> <span class='ocrx_word' id='word_1_217' title='bbox 1217 1969 1446 2033; x_wconf 83' lang='grc' dir='ltr'>πάθους,</span> <span class='ocrx_word' id='word_1_218' title='bbox 1475 1970 1696 2042; x_wconf 82' lang='grc' dir='ltr'>εὐχαρί-</span> 
     </span>
    </p>
   </div>
   <div class='ocr_carea' id='block_1_32' title="bbox 98 2065 1695 2142">
    <p class='ocr_par' dir='ltr' id='par_1_32' title="bbox 98 2065 1695 2142">
     <span class='ocr_line' id='line_1_32' title="bbox 98 2065 1695 2142; baseline -0.006 -17"><span class='ocrx_word' id='word_1_219' title='bbox 98 2088 289 2142; x_wconf 83' lang='grc' dir='ltr'>στησα</span> <span class='ocrx_word' id='word_1_220' title='bbox 320 2070 397 2140; x_wconf 80' lang='grc' dir='ltr'>τῷ</span> <span class='ocrx_word' id='word_1_221' title='bbox 437 2068 626 2141; x_wconf 83' lang='grc' dir='ltr'>Κυρίῳ</span> <span class='ocrx_word' id='word_1_222' title='bbox 657 2084 671 2100; x_wconf 80' lang='grc'><strong><em>⁸</em></strong></span> <span class='ocrx_word' id='word_1_223' title='bbox 705 2069 763 2130; x_wconf 83' lang='grc' dir='ltr'>ὃς</span> <span class='ocrx_word' id='word_1_224' title='bbox 793 2066 1058 2138; x_wconf 84' lang='grc' dir='ltr'>ἐγνώρισέ</span> <span class='ocrx_word' id='word_1_225' title='bbox 1112 2084 1170 2119; x_wconf 91' lang='grc' dir='ltr'><strong>σε</strong></span> <span class='ocrx_word' id='word_1_226' title='bbox 1205 2065 1302 2119; x_wconf 74' lang='grc' dir='ltr'><strong>καὶ</strong></span> <span class='ocrx_word' id='word_1_227' title='bbox 1357 2065 1695 2135; x_wconf 80' lang='grc' dir='ltr'>φιλομήτορα</span> 
     </span>
    </p>
   </div>
   <div class='ocr_carea' id='block_1_33' title="bbox 96 2156 1695 2235">
    <p class='ocr_par' dir='ltr' id='par_1_33' title="bbox 96 2156 1695 2235">
     <span class='ocr_line' id='line_1_33' title="bbox 96 2156 1695 2235; baseline -0.006 -17"><span class='ocrx_word' id='word_1_228' title='bbox 96 2164 532 2235; x_wconf 80' lang='grc' dir='ltr'>γνησιεύουσαν,</span> <span class='ocrx_word' id='word_1_229' title='bbox 576 2163 670 2215; x_wconf 76' lang='grc' dir='ltr'>καὶ</span> <span class='ocrx_word' id='word_1_230' title='bbox 718 2161 966 2230; x_wconf 80' lang='grc' dir='ltr'>φιλόθεον</span> <span class='ocrx_word' id='word_1_231' title='bbox 1011 2157 1446 2231; x_wconf 83' lang='grc' dir='ltr'>ἀριστεύουσαν·</span> <span class='ocrx_word' id='word_1_232' title='bbox 1490 2156 1552 2209; x_wconf 82' lang='grc' dir='ltr'><strong>τὸ</strong></span> <span class='ocrx_word' id='word_1_233' title='bbox 1596 2157 1695 2227; x_wconf 81' lang='grc' dir='ltr'><strong>μὲν</strong></span> 
     </span>
    </p>
   </div>
   <div class='ocr_carea' id='block_1_34' title="bbox 93 2248 1694 2325">
    <p class='ocr_par' dir='ltr' id='par_1_34' title="bbox 93 2248 1694 2325">
     <span class='ocr_line' id='line_1_34' title="bbox 93 2248 1694 2325; baseline -0.007 -13"><span class='ocrx_word' id='word_1_234' title='bbox 93 2261 193 2312; x_wconf 76' lang='grc' dir='ltr'>διὰ</span> <span class='ocrx_word' id='word_1_235' title='bbox 223 2257 320 2311; x_wconf 81' lang='grc' dir='ltr'><strong>τοῦ</strong></span> <span class='ocrx_word' id='word_1_236' title='bbox 352 2255 701 2325; x_wconf 85' lang='grc' dir='ltr'>ἀγαπητικοῦ</span> <span class='ocrx_word' id='word_1_237' title='bbox 741 2252 1010 2323; x_wconf 84' lang='grc' dir='ltr'>λυπηροῦ·</span> <span class='ocrx_word' id='word_1_238' title='bbox 1048 2252 1108 2304; x_wconf 87' lang='grc' dir='ltr'><strong>τὸ</strong></span> <span class='ocrx_word' id='word_1_239' title='bbox 1145 2251 1202 2305; x_wconf 76' lang='grc' dir='ltr'>δὲ</span> <span class='ocrx_word' id='word_1_240' title='bbox 1231 2251 1319 2304; x_wconf 76' lang='grc' dir='ltr'>διὰ</span> <span class='ocrx_word' id='word_1_241' title='bbox 1351 2248 1442 2302; x_wconf 86' lang='grc' dir='ltr'><strong>τοῦ</strong></span> <span class='ocrx_word' id='word_1_242' title='bbox 1478 2264 1694 2318; x_wconf 86' lang='grc' dir='ltr'>συμμε-</span> 
     </span>
    </p>
   </div>
   <div class='ocr_carea' id='block_1_35' title="bbox 102 2337 1695 2421">
    <p class='ocr_par' dir='ltr' id='par_1_35' title="bbox 102 2337 1695 2421">
     <span class='ocr_line' id='line_1_35' title="bbox 102 2337 1695 2421; baseline -0.007 -18"><span class='ocrx_word' id='word_1_243' title='bbox 102 2351 463 2421; x_wconf 79' lang='grc' dir='ltr'>μετρημένου</span> <span class='ocrx_word' id='word_1_244' title='bbox 491 2346 905 2418; x_wconf 81' lang='grc' dir='ltr'>παρακλητικοῦ</span> <span class='ocrx_word' id='word_1_245' title='bbox 940 2363 953 2376; x_wconf 87' lang='grc'><strong>·</strong></span> <span class='ocrx_word' id='word_1_246' title='bbox 982 2343 1040 2411; x_wconf 77' lang='grc' dir='ltr'>ἐξ</span> <span class='ocrx_word' id='word_1_247' title='bbox 1073 2337 1148 2396; x_wconf 81' lang='grc' dir='ltr'>ὧν</span> <span class='ocrx_word' id='word_1_248' title='bbox 1182 2342 1583 2404; x_wconf 85' lang='grc' dir='ltr'>ἀποδέδεικται,</span> <span class='ocrx_word' id='word_1_249' title='bbox 1613 2341 1695 2392; x_wconf 85' lang='grc' dir='ltr'><strong>ὃτι</strong></span> 
     </span>
    </p>
   </div>
   <div class='ocr_carea' id='block_1_36' title="bbox 97 2434 1693 2510">
    <p class='ocr_par' dir='ltr' id='par_1_36' title="bbox 97 2434 1693 2510">
     <span class='ocr_line' id='line_1_36' title="bbox 97 2434 1693 2510; baseline -0.004 -19"><span class='ocrx_word' id='word_1_250' title='bbox 97 2442 203 2494; x_wconf 58' lang='grc' dir='ltr'>καὶ</span> <span class='ocrx_word' id='word_1_251' title='bbox 242 2441 459 2510; x_wconf 85' lang='grc' dir='ltr'>μητέρα</span> <span class='ocrx_word' id='word_1_252' title='bbox 492 2439 585 2491; x_wconf 78' lang='grc' dir='ltr'>καὶ</span> <span class='ocrx_word' id='word_1_253' title='bbox 619 2436 749 2489; x_wconf 81' lang='grc' dir='ltr'>Θεὸν</span> <span class='ocrx_word' id='word_1_254' title='bbox 779 2437 1090 2506; x_wconf 81' lang='grc' dir='ltr'>ἠγάπησας.</span> <span class='ocrx_word' id='word_1_255' title='bbox 1112 2436 1271 2489; x_wconf 86' lang='grc' dir='ltr'>Ἀλλά</span> <span class='ocrx_word' id='word_1_256' title='bbox 1301 2435 1479 2502; x_wconf 89' lang='grc' dir='ltr'>δεῦρο,</span> <span class='ocrx_word' id='word_1_257' title='bbox 1507 2434 1693 2504; x_wconf 84' lang='grc' dir='ltr'>κυρία,</span> 
     </span>
    </p>
   </div>
   <div class='ocr_carea' id='block_1_37' title="bbox 93 2527 1697 2603">
    <p class='ocr_par' dir='ltr' id='par_1_37' title="bbox 93 2527 1697 2603">
     <span class='ocr_line' id='line_1_37' title="bbox 93 2527 1697 2603; baseline -0.002 -19"><span class='ocrx_word' id='word_1_258' title='bbox 93 2533 376 2603; x_wconf 83' lang='grc' dir='ltr'>χαίρουσα</span> <span class='ocrx_word' id='word_1_259' title='bbox 419 2530 513 2583; x_wconf 71' lang='grc' dir='ltr'>καὶ</span> <span class='ocrx_word' id='word_1_260' title='bbox 542 2529 821 2599; x_wconf 84' lang='grc' dir='ltr'>τρέμουσα</span> <span class='ocrx_word' id='word_1_261' title='bbox 873 2527 1058 2598; x_wconf 80' lang='grc' dir='ltr'>βάδιζε</span> <span class='ocrx_word' id='word_1_262' title='bbox 1085 2528 1185 2600; x_wconf 81' lang='grc' dir='ltr'>τὴν</span> <span class='ocrx_word' id='word_1_263' title='bbox 1219 2528 1339 2582; x_wconf 83' lang='grc' dir='ltr'>ὀδόν</span> <span class='ocrx_word' id='word_1_264' title='bbox 1390 2546 1515 2581; x_wconf 86' lang='grc' dir='ltr'>σου·</span> <span class='ocrx_word' id='word_1_265' title='bbox 1573 2528 1697 2598; x_wconf 86' lang='grc' dir='ltr'>χαί-</span> 
     </span>
    </p>
   </div>
   <div class='ocr_carea' id='block_1_38' title="bbox 101 2620 1696 2694">
    <p class='ocr_par' dir='ltr' id='par_1_38' title="bbox 101 2620 1696 2694">
     <span class='ocr_line' id='line_1_38' title="bbox 101 2620 1696 2694; baseline -0.002 -18"><span class='ocrx_word' id='word_1_266' title='bbox 101 2639 280 2694; x_wconf 88' lang='grc' dir='ltr'>ρουσα</span> <span class='ocrx_word' id='word_1_267' title='bbox 329 2622 450 2693; x_wconf 83' lang='grc' dir='ltr'>μὲν,</span> <span class='ocrx_word' id='word_1_268' title='bbox 484 2622 564 2673; x_wconf 83' lang='grc' dir='ltr'>ὅτι</span> <span class='ocrx_word' id='word_1_269' title='bbox 595 2620 829 2690; x_wconf 74' lang='grc' dir='ltr'>ἠξίωσαι</span> <span class='ocrx_word' id='word_1_270' title='bbox 870 2621 1131 2690; x_wconf 81' lang='grc' dir='ltr'>τοιαύτης</span> <span class='ocrx_word' id='word_1_271' title='bbox 1187 2622 1393 2691; x_wconf 80' lang='grc' dir='ltr'>μητρὸς</span> <span class='ocrx_word' id='word_1_272' title='bbox 1447 2621 1696 2692; x_wconf 76' lang='grc' dir='ltr'>θυγάτηρ</span> 
     </span>
    </p>
   </div>
   <div class='ocr_carea' id='block_1_39' title="bbox 99 2711 1696 2786">
    <p class='ocr_par' dir='ltr' id='par_1_39' title="bbox 99 2711 1696 2786">
     <span class='ocr_line' id='line_1_39' title="bbox 99 2711 1696 2786; baseline -0.001 -19"><span class='ocrx_word' id='word_1_273' title='bbox 99 2711 494 2786; x_wconf 77' lang='grc' dir='ltr'>χρηματίσαι·</span> <span class='ocrx_word' id='word_1_274' title='bbox 551 2712 827 2782; x_wconf 78' lang='grc' dir='ltr'>τρέμουσα</span> <span class='ocrx_word' id='word_1_275' title='bbox 855 2712 934 2776; x_wconf 85' lang='grc' dir='ltr'><strong>δὲ,</strong></span> <span class='ocrx_word' id='word_1_276' title='bbox 973 2713 1054 2766; x_wconf 86' lang='grc' dir='ltr'><strong>ὃτι</strong></span> <span class='ocrx_word' id='word_1_277' title='bbox 1108 2712 1170 2766; x_wconf 83' lang='grc' dir='ltr'><strong>τὸ</strong></span> <span class='ocrx_word' id='word_1_278' title='bbox 1208 2712 1311 2782; x_wconf 75' lang='grc' dir='ltr'>τῆς</span> <span class='ocrx_word' id='word_1_279' title='bbox 1357 2712 1696 2782; x_wconf 82' lang='grc' dir='ltr'>προστασίας</span> 
     </span>
    </p>
   </div>
   <div class='ocr_carea' id='block_1_40' title="bbox 100 2798 1693 2879">
    <p class='ocr_par' dir='ltr' id='par_1_40' title="bbox 100 2798 1693 2879">
     <span class='ocr_line' id='line_1_40' title="bbox 100 2798 1693 2879; baseline -0.004 -18"><span class='ocrx_word' id='word_1_280' title='bbox 100 2807 533 2879; x_wconf 80' lang='grc' dir='ltr'>φροντιστήριόν</span> <span class='ocrx_word' id='word_1_281' title='bbox 568 2823 650 2858; x_wconf 90' lang='grc' dir='ltr'><strong>σοι</strong></span> <span class='ocrx_word' id='word_1_282' title='bbox 677 2805 946 2873; x_wconf 82' lang='grc' dir='ltr'>πάρεστιν</span> <span class='ocrx_word' id='word_1_283' title='bbox 977 2827 992 2841; x_wconf 88' lang='grc'>·</span> <span class='ocrx_word' id='word_1_284' title='bbox 1026 2798 1088 2858; x_wconf 74' lang='grc' dir='ltr'>οὗ</span> <span class='ocrx_word' id='word_1_285' title='bbox 1122 2806 1220 2875; x_wconf 77' lang='grc' dir='ltr'>οὐχ</span> <span class='ocrx_word' id='word_1_286' title='bbox 1247 2809 1275 2858; x_wconf 86' lang='grc' dir='ltr'>ὁ</span> <span class='ocrx_word' id='word_1_287' title='bbox 1307 2805 1483 2875; x_wconf 82' lang='grc' dir='ltr'>τυχὼν</span> <span class='ocrx_word' id='word_1_288' title='bbox 1521 2805 1693 2873; x_wconf 88' lang='grc' dir='ltr'>ἀγὼν,</span> 
     </span>
    </p>
   </div>
   <div class='ocr_carea' id='block_1_41' title="bbox 97 2895 1698 2968">
    <p class='ocr_par' dir='ltr' id='par_1_41' title="bbox 97 2895 1698 2968">
     <span class='ocr_line' id='line_1_41' title="bbox 97 2895 1698 2968; baseline -0.004 -13"><span class='ocrx_word' id='word_1_289' title='bbox 97 2901 230 2955; x_wconf 66' lang='grc' dir='ltr'>οὐδὲ</span> <span class='ocrx_word' id='word_1_290' title='bbox 270 2899 751 2968; x_wconf 67' lang='grc' dir='ltr'>εὐκαταφρόνητος</span> <span class='ocrx_word' id='word_1_291' title='bbox 774 2897 802 2948; x_wconf 88' lang='grc' dir='ltr'><strong>ό</strong></span> <span class='ocrx_word' id='word_1_292' title='bbox 835 2895 1023 2966; x_wconf 81' lang='grc' dir='ltr'>μισθός</span> <span class='ocrx_word' id='word_1_293' title='bbox 1045 2914 1059 2927; x_wconf 76' lang='grc'><strong><em>⁸</em></strong></span> <span class='ocrx_word' id='word_1_294' title='bbox 1092 2896 1230 2950; x_wconf 88' lang='grc' dir='ltr'><strong>ἀλλά</strong></span> <span class='ocrx_word' id='word_1_295' title='bbox 1271 2898 1366 2949; x_wconf 81' lang='grc' dir='ltr'>καὶ</span> <span class='ocrx_word' id='word_1_296' title='bbox 1413 2895 1537 2949; x_wconf 86' lang='grc' dir='ltr'>λίαν</span> <span class='ocrx_word' id='word_1_297' title='bbox 1593 2899 1698 2966; x_wconf 88' lang='grc' dir='ltr'>ἁμ-</span> 
     </span>
    </p>
   </div>
   <div class='ocr_carea' id='block_1_42' title="bbox 101 2984 1696 3060">
    <p class='ocr_par' dir='ltr' id='par_1_42' title="bbox 101 2984 1696 3060">
     <span class='ocr_line' id='line_1_42' title="bbox 101 2984 1696 3060; baseline -0.004 -17"><span class='ocrx_word' id='word_1_298' title='bbox 101 2987 427 3060; x_wconf 79' lang='grc' dir='ltr'>φοτέρωθεν</span> <span class='ocrx_word' id='word_1_299' title='bbox 476 2989 536 3041; x_wconf 84' lang='grc' dir='ltr'>τὸ</span> <span class='ocrx_word' id='word_1_300' title='bbox 580 2986 780 3057; x_wconf 74' lang='grc' dir='ltr'>ὕψωμα</span> <span class='ocrx_word' id='word_1_301' title='bbox 826 2989 940 3050; x_wconf 86' lang='grc' dir='ltr'>τοῖς</span> <span class='ocrx_word' id='word_1_302' title='bbox 971 2985 1094 3040; x_wconf 87' lang='grc' dir='ltr'>νοῦν</span> <span class='ocrx_word' id='word_1_303' title='bbox 1134 2986 1335 3056; x_wconf 79' lang='grc' dir='ltr'>ἔχουσι.</span> <span class='ocrx_word' id='word_1_304' title='bbox 1379 2987 1452 3039; x_wconf 80' lang='grc' dir='ltr'><strong>Σὺ</strong></span> <span class='ocrx_word' id='word_1_305' title='bbox 1481 2984 1574 3039; x_wconf 85' lang='grc' dir='ltr'><strong>οῦν</strong></span> <span class='ocrx_word' id='word_1_306' title='bbox 1620 2985 1696 3049; x_wconf 85' lang='grc' dir='ltr'>ὼς</span> 
     </span>
    </p>
   </div>
   <div class='ocr_carea' id='block_1_43' title="bbox 99 3076 1697 3155">
    <p class='ocr_par' dir='ltr' id='par_1_43' title="bbox 99 3076 1697 3155">
     <span class='ocr_line' id='line_1_43' title="bbox 99 3076 1697 3155; baseline -0.006 -18"><span class='ocrx_word' id='word_1_307' title='bbox 99 3085 382 3155; x_wconf 77' lang='grc' dir='ltr'>ἐχέφρων,</span> <span class='ocrx_word' id='word_1_308' title='bbox 420 3079 497 3132; x_wconf 73' lang='grc' dir='ltr'>ὡς</span> <span class='ocrx_word' id='word_1_309' title='bbox 531 3078 748 3150; x_wconf 81' lang='grc' dir='ltr'>συνετὴ,</span> <span class='ocrx_word' id='word_1_310' title='bbox 782 3079 857 3143; x_wconf 85' lang='grc' dir='ltr'>ὡς</span> <span class='ocrx_word' id='word_1_311' title='bbox 893 3077 1161 3149; x_wconf 84' lang='grc' dir='ltr'>μητρόθεν</span> <span class='ocrx_word' id='word_1_312' title='bbox 1187 3076 1405 3147; x_wconf 81' lang='grc' dir='ltr'>ἠγμένη</span> <span class='ocrx_word' id='word_1_313' title='bbox 1435 3078 1492 3129; x_wconf 82' lang='grc' dir='ltr'>ὲν</span> <span class='ocrx_word' id='word_1_314' title='bbox 1523 3076 1697 3129; x_wconf 85' lang='grc' dir='ltr'>Πνεύ-</span> 
     </span>
    </p>
   </div>
   <div class='ocr_carea' id='block_1_44' title="bbox 105 3169 1692 3249">
    <p class='ocr_par' dir='ltr' id='par_1_44' title="bbox 105 3169 1692 3249">
     <span class='ocr_line' id='line_1_44' title="bbox 105 3169 1692 3249; baseline -0.005 -20"><span class='ocrx_word' id='word_1_315' title='bbox 105 3194 268 3249; x_wconf 81' lang='grc' dir='ltr'>ματι,</span> <span class='ocrx_word' id='word_1_316' title='bbox 303 3174 530 3242; x_wconf 79' lang='grc' dir='ltr'>ἄριστον</span> <span class='ocrx_word' id='word_1_317' title='bbox 573 3172 685 3243; x_wconf 83' lang='grc' dir='ltr'>βίον</span> <span class='ocrx_word' id='word_1_318' title='bbox 741 3172 836 3225; x_wconf 59' lang='grc' dir='ltr'><strong>καὶ⁹</strong></span> <span class='ocrx_word' id='word_1_319' title='bbox 901 3170 1357 3237; x_wconf 83' lang='grc' dir='ltr'>κεκανονισμένον</span> <span class='ocrx_word' id='word_1_320' title='bbox 1406 3169 1692 3222; x_wconf 86' lang='grc' dir='ltr'>διέλασον·</span> 
     </span>
    </p>
   </div>
   <div class='ocr_carea' id='block_1_45' title="bbox 1799 1971 3403 2045">
    <p class='ocr_par' dir='ltr' id='par_1_45' title="bbox 1799 1971 3403 2045">
     <span class='ocr_line' id='line_1_45' title="bbox 1799 1971 3403 2045; baseline 0.002 -20"><span class='ocrx_word' id='word_1_321' title='bbox 1799 1973 1974 2026; x_wconf 89' lang='lat' dir='ltr'><strong>rentia</strong></span> <span class='ocrx_word' id='word_1_322' title='bbox 2011 1981 2104 2025; x_wconf 91' lang='lat' dir='ltr'><strong>tua</strong></span> <span class='ocrx_word' id='word_1_323' title='bbox 2144 1986 2209 2025; x_wconf 81' lang='lat' dir='ltr'><strong>ex</strong></span> <span class='ocrx_word' id='word_1_324' title='bbox 2264 1972 2437 2026; x_wconf 80' lang='lat' dir='ltr'><strong>beatae</strong></span> <span class='ocrx_word' id='word_1_325' title='bbox 2477 1971 2671 2025; x_wconf 84' lang='lat' dir='ltr'><strong>matris</strong></span> <span class='ocrx_word' id='word_1_326' title='bbox 2713 1972 2868 2025; x_wconf 88' lang='lat' dir='ltr'><strong>obitu</strong></span> <span class='ocrx_word' id='word_1_327' title='bbox 2899 1983 3142 2040; x_wconf 86' lang='lat' dir='ltr'><strong>ceperat,</strong></span> <span class='ocrx_word' id='word_1_328' title='bbox 3175 1973 3403 2045; x_wconf 62' lang='lat' dir='ltr'><strong>mitiga-</strong></span> 
     </span>
    </p>
   </div>
   <div class='ocr_carea' id='block_1_46' title="bbox 1802 2062 3402 2134">
    <p class='ocr_par' dir='ltr' id='par_1_46' title="bbox 1802 2062 3402 2134">
     <span class='ocr_line' id='line_1_46' title="bbox 1802 2062 3402 2134; baseline 0.003 -17"><span class='ocrx_word' id='word_1_329' title='bbox 1802 2074 1916 2117; x_wconf 92' lang='lat' dir='ltr'><strong>tum</strong></span> <span class='ocrx_word' id='word_1_330' title='bbox 1953 2078 2116 2129; x_wconf 88' lang='lat' dir='ltr'><strong>esse;</strong></span> <span class='ocrx_word' id='word_1_331' title='bbox 2149 2065 2233 2132; x_wconf 76' lang='lat' dir='ltr'><strong>egi</strong></span> <span class='ocrx_word' id='word_1_332' title='bbox 2259 2062 2496 2118; x_wconf 91' lang='lat' dir='ltr'><strong>Domino</strong></span> <span class='ocrx_word' id='word_1_333' title='bbox 2536 2064 2772 2132; x_wconf 84' lang='lat' dir='ltr'><strong>gratias,</strong></span> <span class='ocrx_word' id='word_1_334' title='bbox 2819 2065 2912 2134; x_wconf 90' lang='lat' dir='ltr'><strong>qui</strong></span> <span class='ocrx_word' id='word_1_335' title='bbox 2951 2075 3001 2118; x_wconf 91' lang='lat' dir='ltr'><strong>te</strong></span> <span class='ocrx_word' id='word_1_336' title='bbox 3031 2074 3088 2118; x_wconf 91' lang='lat' dir='ltr'><strong>et</strong></span> <span class='ocrx_word' id='word_1_337' title='bbox 3114 2067 3167 2120; x_wconf 91' lang='lat' dir='ltr'><strong>in</strong></span> <span class='ocrx_word' id='word_1_338' title='bbox 3202 2069 3402 2123; x_wconf 87' lang='lat' dir='ltr'><strong>matris</strong></span> 
     </span>
    </p>
   </div>
   <div class='ocr_carea' id='block_1_47' title="bbox 1799 2157 3400 2229">
    <p class='ocr_par' dir='ltr' id='par_1_47' title="bbox 1799 2157 3400 2229">
     <span class='ocr_line' id='line_1_47' title="bbox 1799 2157 3400 2229; baseline 0.005 -21"><span class='ocrx_word' id='word_1_339' title='bbox 1799 2167 1987 2209; x_wconf 89' lang='lat' dir='ltr'><strong>amore</strong></span> <span class='ocrx_word' id='word_1_340' title='bbox 2037 2157 2304 2211; x_wconf 89' lang='lat' dir='ltr'><strong>sinceram</strong></span> <span class='ocrx_word' id='word_1_341' title='bbox 2345 2158 2593 2226; x_wconf 83' lang='lat' dir='ltr'><strong>agnovit.</strong></span> <span class='ocrx_word' id='word_1_342' title='bbox 2641 2166 2697 2210; x_wconf 91' lang='lat' dir='ltr'><strong>et</strong></span> <span class='ocrx_word' id='word_1_343' title='bbox 2725 2158 2778 2210; x_wconf 91' lang='lat' dir='ltr'><strong>in</strong></span> <span class='ocrx_word' id='word_1_344' title='bbox 2821 2158 2914 2211; x_wconf 89' lang='lat' dir='ltr'><strong>Dei</strong></span> <span class='ocrx_word' id='word_1_345' title='bbox 2957 2173 3146 2214; x_wconf 90' lang='lat' dir='ltr'><strong>amore</strong></span> <span class='ocrx_word' id='word_1_346' title='bbox 3171 2162 3400 2229; x_wconf 69' lang='lat' dir='ltr'><strong>praecel-</strong></span> 
     </span>
    </p>
   </div>
   <div class='ocr_carea' id='block_1_48' title="bbox 1799 2246 3400 2322">
    <p class='ocr_par' dir='ltr' id='par_1_48' title="bbox 1799 2246 3400 2322">
     <span class='ocr_line' id='line_1_48' title="bbox 1799 2246 3400 2322; baseline 0.006 -23"><span class='ocrx_word' id='word_1_347' title='bbox 1799 2246 1997 2300; x_wconf 89' lang='lat' dir='ltr'><strong>lentem</strong></span> <span class='ocrx_word' id='word_1_348' title='bbox 2025 2266 2038 2300; x_wconf 90' lang='lat'><strong>:</strong></span> <span class='ocrx_word' id='word_1_349' title='bbox 2073 2247 2205 2302; x_wconf 92' lang='lat' dir='ltr'><strong>illud</strong></span> <span class='ocrx_word' id='word_1_350' title='bbox 2236 2250 2456 2319; x_wconf 81' lang='lat' dir='ltr'><strong>quidem</strong></span> <span class='ocrx_word' id='word_1_351' title='bbox 2485 2265 2581 2313; x_wconf 88' lang='lat' dir='ltr'><strong>per</strong></span> <span class='ocrx_word' id='word_1_352' title='bbox 2599 2251 2805 2305; x_wconf 89' lang='lat' dir='ltr'><strong>amoris</strong></span> <span class='ocrx_word' id='word_1_353' title='bbox 2833 2250 3052 2319; x_wconf 88' lang='lat' dir='ltr'><strong>plenam</strong></span> <span class='ocrx_word' id='word_1_354' title='bbox 3091 2253 3400 2322; x_wconf 88' lang='lat' dir='ltr'><strong>tristitiam,</strong></span> 
     </span>
    </p>
   </div>
   <div class='ocr_carea' id='block_1_49' title="bbox 1799 2339 3407 2420">
    <p class='ocr_par' dir='ltr' id='par_1_49' title="bbox 1799 2339 3407 2420">
     <span class='ocr_line' id='line_1_49' title="bbox 1799 2339 3407 2420; baseline 0.007 -28"><span class='ocrx_word' id='word_1_355' title='bbox 1799 2339 1906 2394; x_wconf 94' lang='lat' dir='ltr'><strong>hoc</strong></span> <span class='ocrx_word' id='word_1_356' title='bbox 1933 2355 2061 2394; x_wconf 89' lang='lat' dir='ltr'><strong>vero</strong></span> <span class='ocrx_word' id='word_1_357' title='bbox 2097 2357 2192 2410; x_wconf 88' lang='lat' dir='ltr'><strong>per</strong></span> <span class='ocrx_word' id='word_1_358' title='bbox 2219 2353 2614 2414; x_wconf 78' lang='lat' dir='ltr'><strong>congruentem</strong></span> <span class='ocrx_word' id='word_1_359' title='bbox 2644 2345 3093 2401; x_wconf 87' lang='lat' dir='ltr'><strong>consolationem</strong></span> <span class='ocrx_word' id='word_1_360' title='bbox 3133 2366 3146 2403; x_wconf 90' lang='lat'>:</span> <span class='ocrx_word' id='word_1_361' title='bbox 3191 2364 3256 2404; x_wconf 80' lang='lat' dir='ltr'><strong>ex</strong></span> <span class='ocrx_word' id='word_1_362' title='bbox 3283 2353 3407 2420; x_wconf 87' lang='lat' dir='ltr'><strong>qui-</strong></span> 
     </span>
    </p>
   </div>
   <div class='ocr_carea' id='block_1_50' title="bbox 1799 2431 3400 2503">
    <p class='ocr_par' dir='ltr' id='par_1_50' title="bbox 1799 2431 3400 2503">
     <span class='ocr_line' id='line_1_50' title="bbox 1799 2431 3400 2503; baseline 0.006 -18"><span class='ocrx_word' id='word_1_363' title='bbox 1799 2431 1903 2487; x_wconf 86' lang='lat' dir='ltr'><strong>bus</strong></span> <span class='ocrx_word' id='word_1_364' title='bbox 1955 2434 2135 2502; x_wconf 88' lang='lat' dir='ltr'><strong>patuit</strong></span> <span class='ocrx_word' id='word_1_365' title='bbox 2194 2436 2340 2503; x_wconf 86' lang='lat' dir='ltr'><strong>quod</strong></span> <span class='ocrx_word' id='word_1_366' title='bbox 2392 2447 2446 2490; x_wconf 90' lang='lat' dir='ltr'><strong>ct</strong></span> <span class='ocrx_word' id='word_1_367' title='bbox 2503 2445 2734 2491; x_wconf 89' lang='lat' dir='ltr'><strong>matrem</strong></span> <span class='ocrx_word' id='word_1_368' title='bbox 2769 2446 2825 2491; x_wconf 89' lang='lat' dir='ltr'><strong>et</strong></span> <span class='ocrx_word' id='word_1_369' title='bbox 2870 2436 3044 2493; x_wconf 90' lang='lat' dir='ltr'><strong>Deum</strong></span> <span class='ocrx_word' id='word_1_370' title='bbox 3101 2443 3400 2496; x_wconf 90' lang='lat' dir='ltr'><strong>amaveris.</strong></span> 
     </span>
    </p>
   </div>
   <div class='ocr_carea' id='block_1_51' title="bbox 1799 2519 3403 2592">
    <p class='ocr_par' dir='ltr' id='par_1_51' title="bbox 1799 2519 3403 2592">
     <span class='ocr_line' id='line_1_51' title="bbox 1799 2519 3403 2592; baseline 0.006 -18"><span class='ocrx_word' id='word_1_371' title='bbox 1799 2519 1901 2575; x_wconf 87' lang='lat' dir='ltr'><strong>Sed</strong></span> <span class='ocrx_word' id='word_1_372' title='bbox 1931 2537 2050 2590; x_wconf 81' lang='lat' dir='ltr'><strong>age,</strong></span> <span class='ocrx_word' id='word_1_373' title='bbox 2095 2523 2341 2587; x_wconf 90' lang='lat' dir='ltr'><strong>domina,</strong></span> <span class='ocrx_word' id='word_1_374' title='bbox 2383 2524 2626 2592; x_wconf 78' lang='lat' dir='ltr'><strong>gaudens</strong></span> <span class='ocrx_word' id='word_1_375' title='bbox 2663 2532 2720 2579; x_wconf 90' lang='lat' dir='ltr'><strong>et</strong></span> <span class='ocrx_word' id='word_1_376' title='bbox 2761 2533 3006 2582; x_wconf 90' lang='lat' dir='ltr'><strong>tremens</strong></span> <span class='ocrx_word' id='word_1_377' title='bbox 3051 2527 3197 2582; x_wconf 78' lang='lat' dir='ltr'><strong>viam</strong></span> <span class='ocrx_word' id='word_1_378' title='bbox 3248 2537 3403 2583; x_wconf 86' lang='lat' dir='ltr'><strong>tuam</strong></span> 
     </span>
    </p>
   </div>
   <div class='ocr_carea' id='block_1_52' title="bbox 1800 2614 3396 2689">
    <p class='ocr_par' dir='ltr' id='par_1_52' title="bbox 1800 2614 3396 2689">
     <span class='ocr_line' id='line_1_52' title="bbox 1800 2614 3396 2689; baseline 0.008 -24"><span class='ocrx_word' id='word_1_379' title='bbox 1800 2614 2037 2668; x_wconf 86' lang='lat' dir='ltr'><strong>insiste:</strong></span> <span class='ocrx_word' id='word_1_380' title='bbox 2089 2616 2334 2684; x_wconf 84' lang='lat' dir='ltr'><strong>gaudens</strong></span> <span class='ocrx_word' id='word_1_381' title='bbox 2395 2617 2644 2686; x_wconf 86' lang='lat' dir='ltr'><strong>quidem,</strong></span> <span class='ocrx_word' id='word_1_382' title='bbox 2694 2619 2842 2689; x_wconf 91' lang='lat' dir='ltr'><strong>quod</strong></span> <span class='ocrx_word' id='word_1_383' title='bbox 2900 2622 3024 2675; x_wconf 91' lang='lat' dir='ltr'><strong>talis</strong></span> <span class='ocrx_word' id='word_1_384' title='bbox 3071 2624 3261 2678; x_wconf 88' lang='lat' dir='ltr'><strong>matris</strong></span> <span class='ocrx_word' id='word_1_385' title='bbox 3284 2624 3396 2678; x_wconf 84' lang='lat' dir='ltr'><strong>lilia</strong></span> 
     </span>
    </p>
   </div>
   <div class='ocr_carea' id='block_1_53' title="bbox 1799 2706 3398 2783">
    <p class='ocr_par' dir='ltr' id='par_1_53' title="bbox 1799 2706 3398 2783">
     <span class='ocr_line' id='line_1_53' title="bbox 1799 2706 3398 2783; baseline 0.009 -25"><span class='ocrx_word' id='word_1_386' title='bbox 1799 2706 1908 2759; x_wconf 83' lang='lat' dir='ltr'><strong>dici</strong></span> <span class='ocrx_word' id='word_1_387' title='bbox 1948 2708 2217 2764; x_wconf 91' lang='lat' dir='ltr'><strong>merueris</strong></span> <span class='ocrx_word' id='word_1_388' title='bbox 2254 2727 2266 2762; x_wconf 92' lang='lat'>:</span> <span class='ocrx_word' id='word_1_389' title='bbox 2320 2709 2518 2766; x_wconf 93' lang='lat' dir='ltr'><strong>timens</strong></span> <span class='ocrx_word' id='word_1_390' title='bbox 2578 2727 2732 2776; x_wconf 83' lang='lat' dir='ltr'><strong>vero,</strong></span> <span class='ocrx_word' id='word_1_391' title='bbox 2785 2713 2913 2783; x_wconf 90' lang='lat' dir='ltr'><strong>quia</strong></span> <span class='ocrx_word' id='word_1_392' title='bbox 2949 2714 3043 2769; x_wconf 92' lang='lat' dir='ltr'><strong>tibi</strong></span> <span class='ocrx_word' id='word_1_393' title='bbox 3073 2719 3398 2773; x_wconf 84' lang='lat' dir='ltr'><strong>monasterii</strong></span> 
     </span>
    </p>
   </div>
   <div class='ocr_carea' id='block_1_54' title="bbox 1801 2798 3406 2876">
    <p class='ocr_par' dir='ltr' id='par_1_54' title="bbox 1801 2798 3406 2876">
     <span class='ocr_line' id='line_1_54' title="bbox 1801 2798 3406 2876; baseline 0.009 -27"><span class='ocrx_word' id='word_1_394' title='bbox 1801 2798 2132 2868; x_wconf 65' lang='lat' dir='ltr'><strong>praefectura</strong></span> <span class='ocrx_word' id='word_1_395' title='bbox 2158 2801 2447 2868; x_wconf 85' lang='lat' dir='ltr'><strong>incumbit,</strong></span> <span class='ocrx_word' id='word_1_396' title='bbox 2489 2803 2653 2873; x_wconf 87' lang='lat' dir='ltr'><strong>cujus</strong></span> <span class='ocrx_word' id='word_1_397' title='bbox 2691 2821 2801 2859; x_wconf 91' lang='lat' dir='ltr'><strong>non</strong></span> <span class='ocrx_word' id='word_1_398' title='bbox 2838 2807 2956 2862; x_wconf 88' lang='lat' dir='ltr'><strong>leve</strong></span> <span class='ocrx_word' id='word_1_399' title='bbox 2985 2820 3262 2865; x_wconf 90' lang='lat' dir='ltr'><strong>certamen</strong></span> <span class='ocrx_word' id='word_1_400' title='bbox 3296 2822 3406 2876; x_wconf 90' lang='lat' dir='ltr'><strong>est,</strong></span> 
     </span>
    </p>
   </div>
   <div class='ocr_carea' id='block_1_55' title="bbox 1800 2898 3407 2972">
    <p class='ocr_par' dir='ltr' id='par_1_55' title="bbox 1800 2898 3407 2972">
     <span class='ocr_line' id='line_1_55' title="bbox 1800 2898 3407 2972; baseline 0.009 -29"><span class='ocrx_word' id='word_1_401' title='bbox 1800 2905 1902 2944; x_wconf 90' lang='lat' dir='ltr'><strong>nec</strong></span> <span class='ocrx_word' id='word_1_402' title='bbox 1962 2907 2173 2947; x_wconf 83' lang='lat' dir='ltr'><strong>merces</strong></span> <span class='ocrx_word' id='word_1_403' title='bbox 2222 2898 2649 2960; x_wconf 90' lang='lat' dir='ltr'><strong>contemnenda,</strong></span> <span class='ocrx_word' id='word_1_404' title='bbox 2696 2898 2792 2952; x_wconf 91' lang='lat' dir='ltr'><strong>sed</strong></span> <span class='ocrx_word' id='word_1_405' title='bbox 2831 2901 3068 2956; x_wconf 87' lang='lat' dir='ltr'><strong>sublime</strong></span> <span class='ocrx_word' id='word_1_406' title='bbox 3112 2913 3407 2972; x_wconf 84' lang='lat' dir='ltr'><strong>utrumque</strong></span> 
     </span>
    </p>
   </div>
   <div class='ocr_carea' id='block_1_56' title="bbox 1799 2985 3391 3063">
    <p class='ocr_par' dir='ltr' id='par_1_56' title="bbox 1799 2985 3391 3063">
     <span class='ocr_line' id='line_1_56' title="bbox 1799 2985 3391 3063; baseline 0.008 -27"><span class='ocrx_word' id='word_1_407' title='bbox 1799 2985 1943 3053; x_wconf 87' lang='lat' dir='ltr'><strong>apud</strong></span> <span class='ocrx_word' id='word_1_408' title='bbox 1984 2999 2080 3039; x_wconf 91' lang='lat' dir='ltr'><strong>eos</strong></span> <span class='ocrx_word' id='word_1_409' title='bbox 2115 2985 2209 3055; x_wconf 93' lang='lat' dir='ltr'><strong>qui</strong></span> <span class='ocrx_word' id='word_1_410' title='bbox 2260 2995 2410 3041; x_wconf 91' lang='lat' dir='ltr'><strong>recte</strong></span> <span class='ocrx_word' id='word_1_411' title='bbox 2449 2988 2690 3057; x_wconf 90' lang='lat' dir='ltr'><strong>sapiunt.</strong></span> <span class='ocrx_word' id='word_1_412' title='bbox 2740 2988 2821 3043; x_wconf 84' lang='lat' dir='ltr'><strong>Tu</strong></span> <span class='ocrx_word' id='word_1_413' title='bbox 2857 3006 2989 3060; x_wconf 88' lang='lat' dir='ltr'><strong>ergo</strong></span> <span class='ocrx_word' id='word_1_414' title='bbox 3045 3000 3105 3047; x_wconf 91' lang='lat' dir='ltr'><strong>ut</strong></span> <span class='ocrx_word' id='word_1_415' title='bbox 3152 2995 3391 3063; x_wconf 89' lang='lat' dir='ltr'><strong>sapiens,</strong></span> 
     </span>
    </p>
   </div>
   <div class='ocr_carea' id='block_1_57' title="bbox 1798 3077 3406 3152">
    <p class='ocr_par' dir='ltr' id='par_1_57' title="bbox 1798 3077 3406 3152">
     <span class='ocr_line' id='line_1_57' title="bbox 1798 3077 3406 3152; baseline 0.007 -22"><span class='ocrx_word' id='word_1_416' title='bbox 1798 3088 1860 3130; x_wconf 84' lang='lat' dir='ltr'><strong>ut</strong></span> <span class='ocrx_word' id='word_1_417' title='bbox 1889 3077 2151 3145; x_wconf 86' lang='lat' dir='ltr'><strong>prudens,</strong></span> <span class='ocrx_word' id='word_1_418' title='bbox 2186 3085 2449 3148; x_wconf 83' lang='lat' dir='ltr'><strong>tanquam</strong></span> <span class='ocrx_word' id='word_1_419' title='bbox 2486 3095 2516 3134; x_wconf 92' lang='lat' dir='ltr'><strong>a</strong></span> <span class='ocrx_word' id='word_1_420' title='bbox 2556 3091 2732 3136; x_wconf 88' lang='lat' dir='ltr'><strong>matre</strong></span> <span class='ocrx_word' id='word_1_421' title='bbox 2760 3081 2811 3135; x_wconf 93' lang='lat' dir='ltr'><strong>in</strong></span> <span class='ocrx_word' id='word_1_422' title='bbox 2847 3083 3042 3152; x_wconf 89' lang='lat' dir='ltr'><strong>spiritu</strong></span> <span class='ocrx_word' id='word_1_423' title='bbox 3075 3085 3293 3149; x_wconf 89' lang='lat' dir='ltr'><strong>educta,</strong></span> <span class='ocrx_word' id='word_1_424' title='bbox 3322 3087 3406 3140; x_wconf 87' lang='lat' dir='ltr'><strong>vi-</strong></span> 
     </span>
    </p>
   </div>
   <div class='ocr_carea' id='block_1_58' title="bbox 1803 3169 3406 3246">
    <p class='ocr_par' dir='ltr' id='par_1_58' title="bbox 1803 3169 3406 3246">
     <span class='ocr_line' id='line_1_58' title="bbox 1803 3169 3406 3246; baseline 0.009 -26"><span class='ocrx_word' id='word_1_425' title='bbox 1803 3175 1909 3220; x_wconf 90' lang='lat' dir='ltr'><strong>tam</strong></span> <span class='ocrx_word' id='word_1_426' title='bbox 1932 3182 2030 3237; x_wconf 85' lang='lat' dir='ltr'><strong>age</strong></span> <span class='ocrx_word' id='word_1_427' title='bbox 2052 3184 2217 3237; x_wconf 92' lang='lat' dir='ltr'><strong>quam</strong></span> <span class='ocrx_word' id='word_1_428' title='bbox 2249 3169 2516 3238; x_wconf 81' lang='lat' dir='ltr'><strong>optimam</strong></span> <span class='ocrx_word' id='word_1_429' title='bbox 2539 3179 2598 3224; x_wconf 91' lang='lat' dir='ltr'><strong>et</strong></span> <span class='ocrx_word' id='word_1_430' title='bbox 2629 3173 2937 3243; x_wconf 78' lang='lat' dir='ltr'><strong>regularem</strong></span> <span class='ocrx_word' id='word_1_431' title='bbox 2972 3192 2987 3228; x_wconf 92' lang='lat'><strong>:</strong></span> <span class='ocrx_word' id='word_1_432' title='bbox 3052 3177 3281 3246; x_wconf 87' lang='lat' dir='ltr'><strong>teipsam</strong></span> <span class='ocrx_word' id='word_1_433' title='bbox 3313 3194 3406 3233; x_wconf 92' lang='lat' dir='ltr'><strong>so-</strong></span> 
     </span>
    </p>
   </div>
   <div class='ocr_carea' id='block_1_59' title="bbox 99 3240 1696 3336">
    <p class='ocr_par' dir='ltr' id='par_1_59' title="bbox 99 3240 1692 3334">
     <span class='ocr_line' id='line_1_59' title="bbox 99 3240 1692 3334; baseline -0.005 -11"><span class='ocrx_word' id='word_1_434' title='bbox 99 3240 284 3323; x_wconf 67' lang='grc' dir='ltr'>τύπον</span> <span class='ocrx_word' id='word_1_435' title='bbox 327 3240 528 3334; x_wconf 72' lang='grc' dir='ltr'>έαυτὴν</span> <span class='ocrx_word' id='word_1_436' title='bbox 558 3240 825 3333; x_wconf 78' lang='grc' dir='ltr'>προθεῖσα</span> <span class='ocrx_word' id='word_1_437' title='bbox 853 3262 1218 3332; x_wconf 84' lang='grc' dir='ltr'>ἀγαθοεργίας</span> <span class='ocrx_word' id='word_1_438' title='bbox 1264 3263 1385 3323; x_wconf 85' lang='grc' dir='ltr'>ταῖς</span> <span class='ocrx_word' id='word_1_439' title='bbox 1414 3261 1692 3329; x_wconf 78' lang='grc' dir='ltr'>ἀδελφαῖς.</span> 
     </span>
    </p>
   </div>
   <div class='ocr_carea' id='block_1_60' title="bbox 1802 3240 3395 3336">
    <p class='ocr_par' dir='ltr' id='par_1_60' title="bbox 1802 3257 3395 3336">
     <span class='ocr_line' id='line_1_60' title="bbox 1802 3257 3395 3336; baseline 0.006 -24"><span class='ocrx_word' id='word_1_440' title='bbox 1802 3257 2020 3312; x_wconf 88' lang='lat' dir='ltr'><strong>roribus</strong></span> <span class='ocrx_word' id='word_1_441' title='bbox 2050 3259 2103 3311; x_wconf 90' lang='lat' dir='ltr'><strong>in</strong></span> <span class='ocrx_word' id='word_1_442' title='bbox 2143 3260 2454 3324; x_wconf 80' lang='lat' dir='ltr'><strong>exemplum</strong></span> <span class='ocrx_word' id='word_1_443' title='bbox 2509 3269 2662 3316; x_wconf 88' lang='lat' dir='ltr'><strong>recte</strong></span> <span class='ocrx_word' id='word_1_444' title='bbox 2688 3264 2888 3333; x_wconf 88' lang='lat' dir='ltr'><strong>agendi</strong></span> <span class='ocrx_word' id='word_1_445' title='bbox 2923 3279 3260 3336; x_wconf 87' lang='lat' dir='ltr'><strong>proponens.</strong></span> <span class='ocrx_word' id='word_1_446' title='bbox 3300 3266 3395 3322; x_wconf 87' lang='lat' dir='ltr'><strong>Vi-</strong></span> 
     </span>
    </p>
   </div>
   <div class='ocr_carea' id='block_1_61' title="bbox 100 3350 1696 3430">
    <p class='ocr_par' dir='ltr' id='par_1_61' title="bbox 100 3350 1696 3430">
     <span class='ocr_line' id='line_1_61' title="bbox 100 3350 1696 3430; baseline -0.006 -18"><span class='ocrx_word' id='word_1_447' title='bbox 100 3360 201 3430; x_wconf 82' lang='grc' dir='ltr'><strong>Μὴ</strong></span> <span class='ocrx_word' id='word_1_448' title='bbox 234 3353 472 3428; x_wconf 82' lang='grc' dir='ltr'>νυστάξῃ</span> <span class='ocrx_word' id='word_1_449' title='bbox 500 3354 562 3406; x_wconf 82' lang='grc' dir='ltr'>τὸ</span> <span class='ocrx_word' id='word_1_450' title='bbox 590 3352 745 3423; x_wconf 76' lang='grc' dir='ltr'>ὄμμα</span> <span class='ocrx_word' id='word_1_451' title='bbox 777 3352 877 3421; x_wconf 80' lang='grc' dir='ltr'>τῆς</span> <span class='ocrx_word' id='word_1_452' title='bbox 904 3350 1132 3422; x_wconf 83' lang='grc' dir='ltr'>καρδίας</span> <span class='ocrx_word' id='word_1_453' title='bbox 1167 3368 1260 3404; x_wconf 88' lang='grc' dir='ltr'><strong>σου</strong></span> <span class='ocrx_word' id='word_1_454' title='bbox 1313 3351 1419 3403; x_wconf 84' lang='grc' dir='ltr'><strong>ἀπὸ</strong></span> <span class='ocrx_word' id='word_1_455' title='bbox 1447 3352 1696 3421; x_wconf 82' lang='grc' dir='ltr'>φυλακῆς</span> 
     </span>
    </p>
   </div>
   <div class='ocr_carea' id='block_1_62' title="bbox 99 3443 1698 3515">
    <p class='ocr_par' dir='ltr' id='par_1_62' title="bbox 99 3443 1698 3515">
     <span class='ocr_line' id='line_1_62' title="bbox 99 3443 1698 3515; baseline -0.009 -12"><span class='ocrx_word' id='word_1_456' title='bbox 99 3451 217 3503; x_wconf 77' lang='grc' dir='ltr'><strong>τῶν</strong></span> <span class='ocrx_word' id='word_1_457' title='bbox 246 3447 481 3501; x_wconf 74' lang='grc' dir='ltr'>ἐντολῶν</span> <span class='ocrx_word' id='word_1_458' title='bbox 512 3444 606 3497; x_wconf 87' lang='grc' dir='ltr'><strong>τοῦ</strong></span> <span class='ocrx_word' id='word_1_459' title='bbox 649 3443 808 3498; x_wconf 87' lang='grc' dir='ltr'>Θεοῦ.</span> <span class='ocrx_word' id='word_1_460' title='bbox 841 3445 932 3514; x_wconf 80' lang='grc' dir='ltr'><strong>Μὴ</strong></span> <span class='ocrx_word' id='word_1_461' title='bbox 984 3443 1154 3515; x_wconf 77' lang='grc' dir='ltr'>βύσῃς</span> <span class='ocrx_word' id='word_1_462' title='bbox 1179 3445 1239 3497; x_wconf 88' lang='grc' dir='ltr'>τὸ</span> <span class='ocrx_word' id='word_1_463' title='bbox 1266 3443 1360 3507; x_wconf 79' lang='grc' dir='ltr'><strong>οὓς</strong></span> <span class='ocrx_word' id='word_1_464' title='bbox 1387 3444 1486 3514; x_wconf 83' lang='grc' dir='ltr'>τῆς</span> <span class='ocrx_word' id='word_1_465' title='bbox 1517 3445 1698 3514; x_wconf 75' lang='grc' dir='ltr'>ψυχῆς</span> 
     </span>
    </p>
   </div>
   <div class='ocr_carea' id='block_1_63' title="bbox 102 3535 1699 3611">
    <p class='ocr_par' dir='ltr' id='par_1_63' title="bbox 102 3535 1699 3611">
     <span class='ocr_line' id='line_1_63' title="bbox 102 3535 1699 3611; baseline -0.004 -14"><span class='ocrx_word' id='word_1_466' title='bbox 102 3541 423 3597; x_wconf 72' lang='grc' dir='ltr'>εἰσακούειν</span> <span class='ocrx_word' id='word_1_467' title='bbox 477 3539 662 3608; x_wconf 79' lang='grc' dir='ltr'>φωνῆς</span> <span class='ocrx_word' id='word_1_468' title='bbox 716 3535 1106 3607; x_wconf 82' lang='grc' dir='ltr'>διδασκαλικῆς</span> <span class='ocrx_word' id='word_1_469' title='bbox 1134 3552 1162 3611; x_wconf 33' lang='grc' dir='ltr'><strong>ἰ</strong></span> <span class='ocrx_word' id='word_1_470' title='bbox 1198 3537 1562 3607; x_wconf 79' lang='grc' dir='ltr'>διδασκομένη</span> <span class='ocrx_word' id='word_1_471' title='bbox 1602 3538 1699 3591; x_wconf 71' lang='grc' dir='ltr'>καὶ</span> 
     </span>
    </p>
   </div>
   <div class='ocr_carea' id='block_1_64' title="bbox 100 3628 1694 3700">
    <p class='ocr_par' dir='ltr' id='par_1_64' title="bbox 100 3628 1694 3700">
     <span class='ocr_line' id='line_1_64' title="bbox 100 3628 1694 3700; baseline -0.004 -12"><span class='ocrx_word' id='word_1_472' title='bbox 100 3635 439 3688; x_wconf 78' lang='grc' dir='ltr'>διδάσκουσα</span> <span class='ocrx_word' id='word_1_473' title='bbox 462 3646 478 3660; x_wconf 79' lang='grc'><strong>⁸</strong></span> <span class='ocrx_word' id='word_1_474' title='bbox 510 3628 856 3700; x_wconf 76' lang='grc' dir='ltr'>φωτιζομένη</span> <span class='ocrx_word' id='word_1_475' title='bbox 888 3629 983 3681; x_wconf 74' lang='grc' dir='ltr'><strong>καὶ</strong></span> <span class='ocrx_word' id='word_1_476' title='bbox 1039 3628 1348 3696; x_wconf 75' lang='grc' dir='ltr'>φωτίζουσα</span> <span class='ocrx_word' id='word_1_477' title='bbox 1368 3645 1383 3659; x_wconf 87' lang='grc'><strong>·</strong></span> <span class='ocrx_word' id='word_1_478' title='bbox 1424 3645 1694 3698; x_wconf 84' lang='grc' dir='ltr'>χειραγω-</span> 
     </span>
    </p>
   </div>
   <div class='ocr_carea' id='block_1_65' title="bbox 103 3722 1698 3800">
    <p class='ocr_par' dir='ltr' id='par_1_65' title="bbox 103 3722 1698 3800">
     <span class='ocr_line' id='line_1_65' title="bbox 103 3722 1698 3800; baseline -0.004 -19"><span class='ocrx_word' id='word_1_479' title='bbox 103 3727 356 3800; x_wconf 86' lang='grc' dir='ltr'>γουμένη</span> <span class='ocrx_word' id='word_1_480' title='bbox 392 3725 486 3779; x_wconf 71' lang='grc' dir='ltr'>καὶ</span> <span class='ocrx_word' id='word_1_481' title='bbox 522 3722 941 3796; x_wconf 85' lang='grc' dir='ltr'>χειραγωγοῦσα</span> <span class='ocrx_word' id='word_1_482' title='bbox 966 3739 979 3754; x_wconf 75' lang='grc' dir='ltr'><strong><em>ο</em></strong></span> <span class='ocrx_word' id='word_1_483' title='bbox 1014 3722 1402 3793; x_wconf 78' lang='grc' dir='ltr'>προσαγομένη</span> <span class='ocrx_word' id='word_1_484' title='bbox 1453 3722 1574 3792; x_wconf 86' lang='grc' dir='ltr'><strong>Θεῷ</strong></span> <span class='ocrx_word' id='word_1_485' title='bbox 1604 3723 1698 3777; x_wconf 77' lang='grc' dir='ltr'><strong>καὶ</strong></span> 
     </span>
    </p>
   </div>
   <div class='ocr_carea' id='block_1_66' title="bbox 103 3815 1696 3891">
    <p class='ocr_par' dir='ltr' id='par_1_66' title="bbox 103 3815 1696 3891">
     <span class='ocr_line' id='line_1_66' title="bbox 103 3815 1696 3891; baseline -0.001 -19"><span class='ocrx_word' id='word_1_486' title='bbox 103 3820 495 3891; x_wconf 79' lang='grc' dir='ltr'>προσάγουσα.</span> <span class='ocrx_word' id='word_1_487' title='bbox 532 3815 820 3870; x_wconf 81' lang='grc' dir='ltr'>Ἀκουστὺν</span> <span class='ocrx_word' id='word_1_488' title='bbox 871 3816 957 3885; x_wconf 83' lang='grc' dir='ltr'><strong>εἴη</strong></span> <span class='ocrx_word' id='word_1_489' title='bbox 996 3816 1057 3868; x_wconf 77' lang='grc' dir='ltr'><strong>τὸ</strong></span> <span class='ocrx_word' id='word_1_490' title='bbox 1087 3815 1256 3886; x_wconf 75' lang='grc' dir='ltr'>ὄνομά</span> <span class='ocrx_word' id='word_1_491' title='bbox 1288 3833 1381 3869; x_wconf 93' lang='grc' dir='ltr'><strong>σου</strong></span> <span class='ocrx_word' id='word_1_492' title='bbox 1427 3819 1483 3870; x_wconf 83' lang='grc' dir='ltr'><strong>ὲν</strong></span> <span class='ocrx_word' id='word_1_493' title='bbox 1516 3817 1696 3888; x_wconf 84' lang='grc' dir='ltr'>ἀγαθῇ</span> 
     </span>
    </p>
   </div>
   <div class='ocr_carea' id='block_1_67' title="bbox 104 3907 1696 3982">
    <p class='ocr_par' dir='ltr' id='par_1_67' title="bbox 104 3907 1696 3982">
     <span class='ocr_line' id='line_1_67' title="bbox 104 3907 1696 3982; baseline -0.003 -15"><span class='ocrx_word' id='word_1_494' title='bbox 104 3911 383 3982; x_wconf 78' lang='grc' dir='ltr'>πολιτείᾳ·</span> <span class='ocrx_word' id='word_1_495' title='bbox 413 3910 488 3971; x_wconf 82' lang='grc' dir='ltr'><strong>ὡς</strong></span> <span class='ocrx_word' id='word_1_496' title='bbox 517 3910 584 3963; x_wconf 80' lang='grc' dir='ltr'>ἂν</span> <span class='ocrx_word' id='word_1_497' title='bbox 605 3908 895 3978; x_wconf 78' lang='grc' dir='ltr'>δοξάζηται</span> <span class='ocrx_word' id='word_1_498' title='bbox 917 3907 1047 3970; x_wconf 84' lang='grc' dir='ltr'>Θεὸς</span> <span class='ocrx_word' id='word_1_499' title='bbox 1062 3909 1128 3981; x_wconf 79' lang='grc' dir='ltr'><strong>⁸ὲν</strong></span> <span class='ocrx_word' id='word_1_500' title='bbox 1151 3911 1232 3961; x_wconf 73' lang='grc' dir='ltr'><strong>σοὶ</strong></span> <span class='ocrx_word' id='word_1_501' title='bbox 1261 3910 1356 3961; x_wconf 77' lang='grc' dir='ltr'>καὶ</span> <span class='ocrx_word' id='word_1_502' title='bbox 1385 3910 1445 3961; x_wconf 86' lang='grc' dir='ltr'>ὲν</span> <span class='ocrx_word' id='word_1_503' title='bbox 1464 3911 1530 3980; x_wconf 83' lang='grc' dir='ltr'>τῇ</span> <span class='ocrx_word' id='word_1_504' title='bbox 1562 3911 1696 3980; x_wconf 86' lang='grc' dir='ltr'>μονῇ</span> 
     </span>
    </p>
   </div>
   <div class='ocr_carea' id='block_1_68' title="bbox 106 3998 1696 4074">
    <p class='ocr_par' dir='ltr' id='par_1_68' title="bbox 106 3998 1696 4074">
     <span class='ocr_line' id='line_1_68' title="bbox 106 3998 1696 4074; baseline -0.003 -15"><span class='ocrx_word' id='word_1_505' title='bbox 106 4024 209 4060; x_wconf 88' lang='grc' dir='ltr'><strong>σου</strong></span> <span class='ocrx_word' id='word_1_506' title='bbox 241 4023 255 4037; x_wconf 78' lang='grc' dir='ltr'><strong><em>ο</em></strong></span> <span class='ocrx_word' id='word_1_507' title='bbox 293 4004 369 4074; x_wconf 84' lang='grc' dir='ltr'>μὴ</span> <span class='ocrx_word' id='word_1_508' title='bbox 400 4001 761 4072; x_wconf 81' lang='grc' dir='ltr'>χυδαιουμένη</span> <span class='ocrx_word' id='word_1_509' title='bbox 790 3999 930 4055; x_wconf 84' lang='grc' dir='ltr'>κατά</span> <span class='ocrx_word' id='word_1_510' title='bbox 973 3998 1072 4071; x_wconf 79' lang='grc' dir='ltr'>τὴν</span> <span class='ocrx_word' id='word_1_511' title='bbox 1097 4000 1206 4052; x_wconf 85' lang='grc' dir='ltr'>τῶν</span> <span class='ocrx_word' id='word_1_512' title='bbox 1236 3999 1447 4054; x_wconf 81' lang='grc' dir='ltr'>πολλῶν</span> <span class='ocrx_word' id='word_1_513' title='bbox 1477 4002 1696 4074; x_wconf 75' lang='grc' dir='ltr'><strong>χλιαρό⁴</strong></span> 
     </span>
    </p>
   </div>
   <div class='ocr_carea' id='block_1_69' title="bbox 101 4091 1697 4167">
    <p class='ocr_par' dir='ltr' id='par_1_69' title="bbox 101 4091 1697 4167">
     <span class='ocr_line' id='line_1_69' title="bbox 101 4091 1697 4167; baseline -0.001 -17"><span class='ocrx_word' id='word_1_514' title='bbox 101 4112 275 4167; x_wconf 81' lang='grc' dir='ltr'>τητα,</span> <span class='ocrx_word' id='word_1_515' title='bbox 325 4091 442 4146; x_wconf 81' lang='grc' dir='ltr'>ἀλλ’</span> <span class='ocrx_word' id='word_1_516' title='bbox 471 4091 879 4164; x_wconf 76' lang='grc' dir='ltr'>ἀκριϐαζομένη</span> <span class='ocrx_word' id='word_1_517' title='bbox 937 4093 1080 4145; x_wconf 85' lang='grc' dir='ltr'>κατά</span> <span class='ocrx_word' id='word_1_518' title='bbox 1133 4091 1234 4160; x_wconf 85' lang='grc' dir='ltr'>τὴν</span> <span class='ocrx_word' id='word_1_519' title='bbox 1282 4091 1546 4162; x_wconf 81' lang='grc' dir='ltr'>διαταγὴν</span> <span class='ocrx_word' id='word_1_520' title='bbox 1601 4094 1697 4148; x_wconf 86' lang='grc' dir='ltr'><strong>τοῦ</strong></span> 
     </span>
    </p>
   </div>
   <div class='ocr_carea' id='block_1_70' title="bbox 104 4183 1700 4257">
    <p class='ocr_par' dir='ltr' id='par_1_70' title="bbox 104 4183 1700 4257">
     <span class='ocr_line' id='line_1_70' title="bbox 104 4183 1700 4257; baseline -0.001 -18"><span class='ocrx_word' id='word_1_521' title='bbox 104 4186 459 4257; x_wconf 84' lang='grc' dir='ltr'>Πνεύματος,</span> <span class='ocrx_word' id='word_1_522' title='bbox 505 4187 563 4237; x_wconf 82' lang='grc' dir='ltr'>ὲν</span> <span class='ocrx_word' id='word_1_523' title='bbox 610 4184 690 4238; x_wconf 77' lang='grc' dir='ltr'>ἐνὶ</span> <span class='ocrx_word' id='word_1_524' title='bbox 721 4185 1053 4254; x_wconf 81' lang='grc' dir='ltr'>φρονήματι,</span> <span class='ocrx_word' id='word_1_525' title='bbox 1084 4185 1142 4236; x_wconf 87' lang='grc' dir='ltr'>ὲν</span> <span class='ocrx_word' id='word_1_526' title='bbox 1187 4184 1268 4236; x_wconf 75' lang='grc' dir='ltr'>ἑνὶ</span> <span class='ocrx_word' id='word_1_527' title='bbox 1310 4183 1599 4254; x_wconf 85' lang='grc' dir='ltr'>θελήματι,</span> <span class='ocrx_word' id='word_1_528' title='bbox 1640 4187 1700 4238; x_wconf 81' lang='grc' dir='ltr'>ἐν</span> 
     </span>
    </p>
   </div>
   <div class='ocr_carea' id='block_1_71' title="bbox 109 4275 1697 4350">
    <p class='ocr_par' dir='ltr' id='par_1_71' title="bbox 109 4275 1697 4350">
     <span class='ocr_line' id='line_1_71' title="bbox 109 4275 1697 4350; baseline -0.001 -19"><span class='ocrx_word' id='word_1_529' title='bbox 109 4280 216 4350; x_wconf 78' lang='grc' dir='ltr'>μιᾷ</span> <span class='ocrx_word' id='word_1_530' title='bbox 248 4277 452 4348; x_wconf 79' lang='grc' dir='ltr'>καρδίᾳ</span> <span class='ocrx_word' id='word_1_531' title='bbox 479 4294 538 4329; x_wconf 85' lang='grc' dir='ltr'><strong>τε</strong></span> <span class='ocrx_word' id='word_1_532' title='bbox 569 4276 663 4330; x_wconf 76' lang='grc' dir='ltr'><strong>καὶ</strong></span> <span class='ocrx_word' id='word_1_533' title='bbox 694 4276 866 4345; x_wconf 75' lang='grc' dir='ltr'>ψυχῇ,</span> <span class='ocrx_word' id='word_1_534' title='bbox 903 4276 1134 4346; x_wconf 88' lang='grc' dir='ltr'>μιμήσει</span> <span class='ocrx_word' id='word_1_535' title='bbox 1159 4275 1270 4328; x_wconf 85' lang='grc' dir='ltr'><strong>τῶν</strong></span> <span class='ocrx_word' id='word_1_536' title='bbox 1300 4278 1358 4328; x_wconf 82' lang='grc' dir='ltr'>ὲν</span> <span class='ocrx_word' id='word_1_537' title='bbox 1406 4277 1697 4331; x_wconf 84' lang='grc' dir='ltr'>ἀποστολι-</span> 
     </span>
    </p>
   </div>
   <div class='ocr_carea' id='block_1_72' title="bbox 104 4363 1694 4442">
    <p class='ocr_par' dir='ltr' id='par_1_72' title="bbox 104 4363 1694 4442">
     <span class='ocr_line' id='line_1_72' title="bbox 104 4363 1694 4442; baseline -0.004 -13"><span class='ocrx_word' id='word_1_538' title='bbox 104 4376 240 4435; x_wconf 86' lang='grc' dir='ltr'>καῖς</span> <span class='ocrx_word' id='word_1_539' title='bbox 276 4370 548 4442; x_wconf 79' lang='grc' dir='ltr'>Πράξεσιν</span> <span class='ocrx_word' id='word_1_540' title='bbox 578 4368 981 4441; x_wconf 79' lang='grc' dir='ltr'>ἱστορουμένων</span> <span class='ocrx_word' id='word_1_541' title='bbox 1013 4367 1206 4435; x_wconf 82' lang='grc' dir='ltr'>ἁγίων,</span> <span class='ocrx_word' id='word_1_542' title='bbox 1233 4363 1356 4422; x_wconf 86' lang='grc' dir='ltr'><strong>Ἦν</strong></span> <span class='ocrx_word' id='word_1_543' title='bbox 1376 4371 1505 4440; x_wconf 86' lang='grc' dir='ltr'>γὰρ,</span> <span class='ocrx_word' id='word_1_544' title='bbox 1539 4370 1694 4440; x_wconf 80' lang='grc' dir='ltr'>φησὶ,</span> 
     </span>
    </p>
   </div>
   <div class='ocr_carea' id='block_1_73' title="bbox 104 4458 1701 4531">
    <p class='ocr_par' dir='ltr' id='par_1_73' title="bbox 104 4458 1701 4531">
     <span class='ocr_line' id='line_1_73' title="bbox 104 4458 1701 4531; baseline -0.002 -13"><span class='ocrx_word' id='word_1_545' title='bbox 104 4462 362 4519; x_wconf 68' lang='grc' dir='ltr'>πάντων</span> <span class='ocrx_word' id='word_1_546' title='bbox 392 4463 501 4531; x_wconf 81' lang='grc' dir='ltr'><strong>μία</strong></span> <span class='ocrx_word' id='word_1_547' title='bbox 526 4462 696 4529; x_wconf 73' lang='grc' dir='ltr'><strong>ψυχὴ</strong></span> <span class='ocrx_word' id='word_1_548' title='bbox 738 4459 837 4514; x_wconf 76' lang='grc' dir='ltr'><strong>καὶ</strong></span> <span class='ocrx_word' id='word_1_549' title='bbox 870 4458 1084 4527; x_wconf 84' lang='grc' dir='ltr'>καρδία</span> <span class='ocrx_word' id='word_1_550' title='bbox 1103 4473 1118 4491; x_wconf 77' lang='grc' dir='ltr'><strong>ο</strong></span> <span class='ocrx_word' id='word_1_551' title='bbox 1141 4458 1238 4512; x_wconf 78' lang='grc' dir='ltr'><strong>καὶ</strong></span> <span class='ocrx_word' id='word_1_552' title='bbox 1271 4459 1475 4526; x_wconf 82' lang='grc' dir='ltr'>οὐδείς</span> <span class='ocrx_word' id='word_1_553' title='bbox 1498 4479 1552 4515; x_wconf 87' lang='grc' dir='ltr'><strong>τι</strong></span> <span class='ocrx_word' id='word_1_554' title='bbox 1582 4460 1701 4515; x_wconf 80' lang='grc' dir='ltr'><strong>τῶν</strong></span> 
     </span>
    </p>
   </div>
   <div class='ocr_carea' id='block_1_74' title="bbox 106 4547 1316 4622">
    <p class='ocr_par' dir='ltr' id='par_1_74' title="bbox 106 4547 1316 4622">
     <span class='ocr_line' id='line_1_74' title="bbox 106 4547 1316 4622; baseline -0.004 -12"><span class='ocrx_word' id='word_1_555' title='bbox 106 4553 516 4621; x_wconf 66' lang='grc' dir='ltr'>ὑπαρχόντων</span> <span class='ocrx_word' id='word_1_556' title='bbox 535 4550 695 4617; x_wconf 80' lang='grc' dir='ltr'>αὐτῷ</span> <span class='ocrx_word' id='word_1_557' title='bbox 716 4551 928 4622; x_wconf 72' lang='grc' dir='ltr'>ἔλεγεν</span> <span class='ocrx_word' id='word_1_558' title='bbox 952 4551 1110 4604; x_wconf 74' lang='grc' dir='ltr'>ἴδιον</span> <span class='ocrx_word' id='word_1_559' title='bbox 1141 4547 1316 4605; x_wconf 78' lang='grc' dir='ltr'>εἶναι.</span> 
     </span>
    </p>
   </div>
   <div class='ocr_carea' id='block_1_75' title="bbox 1803 3351 3404 3420">
    <p class='ocr_par' dir='ltr' id='par_1_75' title="bbox 1803 3351 3404 3420">
     <span class='ocr_line' id='line_1_75' title="bbox 1803 3351 3404 3420; baseline 0.007 -16"><span class='ocrx_word' id='word_1_560' title='bbox 1803 3351 1932 3420; x_wconf 85' lang='lat' dir='ltr'><strong>gilet</strong></span> <span class='ocrx_word' id='word_1_561' title='bbox 1976 3352 2158 3406; x_wconf 84' lang='lat' dir='ltr'><strong>cordis</strong></span> <span class='ocrx_word' id='word_1_562' title='bbox 2191 3352 2267 3406; x_wconf 92' lang='lat' dir='ltr'><strong>tui</strong></span> <span class='ocrx_word' id='word_1_563' title='bbox 2304 3353 2500 3408; x_wconf 90' lang='lat' dir='ltr'><strong>oculus</strong></span> <span class='ocrx_word' id='word_1_564' title='bbox 2553 3355 2620 3409; x_wconf 90' lang='lat' dir='ltr'><strong>ad</strong></span> <span class='ocrx_word' id='word_1_565' title='bbox 2664 3357 2967 3411; x_wconf 89' lang='lat' dir='ltr'><strong>custodiam</strong></span> <span class='ocrx_word' id='word_1_566' title='bbox 3020 3361 3404 3417; x_wconf 84' lang='lat' dir='ltr'><strong>mandatorum</strong></span> 
     </span>
    </p>
   </div>
   <div class='ocr_carea' id='block_1_76' title="bbox 1807 3443 3405 3518">
    <p class='ocr_par' dir='ltr' id='par_1_76' title="bbox 1807 3443 3405 3518">
     <span class='ocr_line' id='line_1_76' title="bbox 1807 3443 3405 3518; baseline 0.008 -21"><span class='ocrx_word' id='word_1_567' title='bbox 1807 3444 1920 3518; x_wconf 60' lang='lat' dir='ltr'><strong>Dei.</strong></span> <span class='ocrx_word' id='word_1_568' title='bbox 1948 3443 2025 3499; x_wconf 83' lang='lat' dir='ltr'><strong>Ne</strong></span> <span class='ocrx_word' id='word_1_569' title='bbox 2054 3445 2276 3500; x_wconf 89' lang='lat' dir='ltr'><strong>obturcs</strong></span> <span class='ocrx_word' id='word_1_570' title='bbox 2301 3461 2491 3500; x_wconf 89' lang='lat' dir='ltr'><strong>aurem</strong></span> <span class='ocrx_word' id='word_1_571' title='bbox 2516 3447 2714 3503; x_wconf 68' lang='lat' dir='ltr'><strong>animae</strong></span> <span class='ocrx_word' id='word_1_572' title='bbox 2744 3449 2813 3503; x_wconf 87' lang='lat' dir='ltr'><strong>ad</strong></span> <span class='ocrx_word' id='word_1_573' title='bbox 2843 3450 3177 3506; x_wconf 87' lang='lat' dir='ltr'><strong>audiendam</strong></span> <span class='ocrx_word' id='word_1_574' title='bbox 3214 3469 3405 3509; x_wconf 88' lang='lat' dir='ltr'><strong>vocem</strong></span> 
     </span>
    </p>
   </div>
   <div class='ocr_carea' id='block_1_77' title="bbox 1804 3535 3407 3614">
    <p class='ocr_par' dir='ltr' id='par_1_77' title="bbox 1804 3535 3407 3614">
     <span class='ocr_line' id='line_1_77' title="bbox 1804 3535 3407 3614; baseline 0.009 -26"><span class='ocrx_word' id='word_1_575' title='bbox 1804 3535 2054 3589; x_wconf 91' lang='lat' dir='ltr'><strong>docentis</strong></span> <span class='ocrx_word' id='word_1_576' title='bbox 2105 3552 2120 3589; x_wconf 90' lang='lat'><strong>:</strong></span> <span class='ocrx_word' id='word_1_577' title='bbox 2175 3536 2395 3591; x_wconf 88' lang='lat' dir='ltr'><strong>discens</strong></span> <span class='ocrx_word' id='word_1_578' title='bbox 2447 3547 2502 3592; x_wconf 89' lang='lat' dir='ltr'><strong>et</strong></span> <span class='ocrx_word' id='word_1_579' title='bbox 2545 3539 2773 3600; x_wconf 88' lang='lat' dir='ltr'><strong>docens,</strong></span> <span class='ocrx_word' id='word_1_580' title='bbox 2811 3541 2993 3597; x_wconf 90' lang='lat' dir='ltr'><strong>lumen</strong></span> <span class='ocrx_word' id='word_1_581' title='bbox 3042 3545 3318 3614; x_wconf 85' lang='lat' dir='ltr'><strong>accipiens</strong></span> <span class='ocrx_word' id='word_1_582' title='bbox 3350 3556 3407 3602; x_wconf 89' lang='lat' dir='ltr'><strong>et</strong></span> 
     </span>
    </p>
   </div>
   <div class='ocr_carea' id='block_1_78' title="bbox 1805 3627 3403 3700">
    <p class='ocr_par' dir='ltr' id='par_1_78' title="bbox 1805 3627 3403 3700">
     <span class='ocr_line' id='line_1_78' title="bbox 1805 3627 3403 3700; baseline 0.01 -20"><span class='ocrx_word' id='word_1_583' title='bbox 1805 3627 2143 3692; x_wconf 89' lang='lat' dir='ltr'><strong>illuminans,</strong></span> <span class='ocrx_word' id='word_1_584' title='bbox 2188 3630 2516 3684; x_wconf 89' lang='lat' dir='ltr'><strong>manuducta</strong></span> <span class='ocrx_word' id='word_1_585' title='bbox 2548 3643 2602 3686; x_wconf 89' lang='lat' dir='ltr'><strong>et</strong></span> <span class='ocrx_word' id='word_1_586' title='bbox 2640 3635 3040 3700; x_wconf 87' lang='lat' dir='ltr'><strong>manudueens,</strong></span> <span class='ocrx_word' id='word_1_587' title='bbox 3083 3637 3263 3692; x_wconf 87' lang='lat' dir='ltr'><strong>oblata</strong></span> <span class='ocrx_word' id='word_1_588' title='bbox 3293 3640 3403 3696; x_wconf 91' lang='lat' dir='ltr'><strong>Deo</strong></span> 
     </span>
    </p>
   </div>
   <div class='ocr_carea' id='block_1_79' title="bbox 1803 3719 3399 3788">
    <p class='ocr_par' dir='ltr' id='par_1_79' title="bbox 1803 3719 3399 3788">
     <span class='ocr_line' id='line_1_79' title="bbox 1803 3719 3399 3788; baseline 0.008 -14"><span class='ocrx_word' id='word_1_589' title='bbox 1803 3730 1860 3774; x_wconf 87' lang='lat' dir='ltr'><strong>et</strong></span> <span class='ocrx_word' id='word_1_590' title='bbox 1906 3719 2162 3775; x_wconf 75' lang='lat' dir='ltr'><strong>otlerens.</strong></span> <span class='ocrx_word' id='word_1_591' title='bbox 2213 3720 2443 3777; x_wconf 90' lang='lat' dir='ltr'><strong>Celebre</strong></span> <span class='ocrx_word' id='word_1_592' title='bbox 2491 3724 2562 3778; x_wconf 92' lang='lat' dir='ltr'><strong>sit</strong></span> <span class='ocrx_word' id='word_1_593' title='bbox 2591 3741 2787 3780; x_wconf 91' lang='lat' dir='ltr'><strong>nomen</strong></span> <span class='ocrx_word' id='word_1_594' title='bbox 2823 3739 2978 3782; x_wconf 88' lang='lat' dir='ltr'><strong>tuum</strong></span> <span class='ocrx_word' id='word_1_595' title='bbox 3015 3729 3068 3782; x_wconf 90' lang='lat' dir='ltr'><strong>in</strong></span> <span class='ocrx_word' id='word_1_596' title='bbox 3097 3729 3240 3786; x_wconf 90' lang='lat' dir='ltr'><strong>bona</strong></span> <span class='ocrx_word' id='word_1_597' title='bbox 3270 3749 3399 3788; x_wconf 87' lang='lat' dir='ltr'><strong>con-</strong></span> 
     </span>
    </p>
   </div>
   <div class='ocr_carea' id='block_1_80' title="bbox 1805 3814 3402 3882">
    <p class='ocr_par' dir='ltr' id='par_1_80' title="bbox 1805 3814 3402 3882">
     <span class='ocr_line' id='line_1_80' title="bbox 1805 3814 3402 3882; baseline 0.01 -17"><span class='ocrx_word' id='word_1_598' title='bbox 1805 3814 2134 3877; x_wconf 86' lang='lat' dir='ltr'><strong>versatione,</strong></span> <span class='ocrx_word' id='word_1_599' title='bbox 2177 3824 2238 3868; x_wconf 95' lang='lat' dir='ltr'><strong>ut</strong></span> <span class='ocrx_word' id='word_1_600' title='bbox 2287 3815 2619 3882; x_wconf 83' lang='lat' dir='ltr'><strong>gloriﬁcetur</strong></span> <span class='ocrx_word' id='word_1_601' title='bbox 2668 3817 2813 3875; x_wconf 89' lang='lat' dir='ltr'><strong>Deus</strong></span> <span class='ocrx_word' id='word_1_602' title='bbox 2851 3820 2905 3874; x_wconf 92' lang='lat' dir='ltr'><strong>in</strong></span> <span class='ocrx_word' id='word_1_603' title='bbox 2943 3830 2993 3876; x_wconf 90' lang='lat' dir='ltr'><strong>te</strong></span> <span class='ocrx_word' id='word_1_604' title='bbox 3022 3830 3077 3877; x_wconf 91' lang='lat' dir='ltr'><strong>et</strong></span> <span class='ocrx_word' id='word_1_605' title='bbox 3116 3823 3172 3877; x_wconf 91' lang='lat' dir='ltr'><strong>in</strong></span> <span class='ocrx_word' id='word_1_606' title='bbox 3203 3841 3402 3881; x_wconf 89' lang='lat' dir='ltr'><strong>mona-</strong></span> 
     </span>
    </p>
   </div>
   <div class='ocr_carea' id='block_1_81' title="bbox 1807 3905 3398 3984">
    <p class='ocr_par' dir='ltr' id='par_1_81' title="bbox 1807 3905 3398 3984">
     <span class='ocr_line' id='line_1_81' title="bbox 1807 3905 3398 3984; baseline 0.011 -27"><span class='ocrx_word' id='word_1_607' title='bbox 1807 3905 1977 3959; x_wconf 90' lang='lat' dir='ltr'><strong>sterio</strong></span> <span class='ocrx_word' id='word_1_608' title='bbox 2003 3913 2099 3959; x_wconf 90' lang='lat' dir='ltr'><strong>tuo</strong></span> <span class='ocrx_word' id='word_1_609' title='bbox 2132 3923 2146 3959; x_wconf 89' lang='lat'><strong>:</strong></span> <span class='ocrx_word' id='word_1_610' title='bbox 2194 3922 2372 3975; x_wconf 88' lang='lat' dir='ltr'><strong>neque</strong></span> <span class='ocrx_word' id='word_1_611' title='bbox 2423 3907 2559 3962; x_wconf 90' lang='lat' dir='ltr'><strong>illud</strong></span> <span class='ocrx_word' id='word_1_612' title='bbox 2605 3911 2943 3967; x_wconf 84' lang='lat' dir='ltr'><strong>dissolvatur</strong></span> <span class='ocrx_word' id='word_1_613' title='bbox 2969 3929 3066 3984; x_wconf 90' lang='lat' dir='ltr'><strong>per</strong></span> <span class='ocrx_word' id='word_1_614' title='bbox 3101 3917 3398 3974; x_wconf 89' lang='lat' dir='ltr'><strong>multarunt</strong></span> 
     </span>
    </p>
   </div>
   <div class='ocr_carea' id='block_1_82' title="bbox 1807 3995 3404 4075">
    <p class='ocr_par' dir='ltr' id='par_1_82' title="bbox 1807 3995 3404 4075">
     <span class='ocr_line' id='line_1_82' title="bbox 1807 3995 3404 4075; baseline 0.009 -27"><span class='ocrx_word' id='word_1_615' title='bbox 1807 3995 2163 4065; x_wconf 89' lang='lat' dir='ltr'><strong>tepiditatem,</strong></span> <span class='ocrx_word' id='word_1_616' title='bbox 2217 3997 2314 4050; x_wconf 88' lang='lat' dir='ltr'><strong>sed</strong></span> <span class='ocrx_word' id='word_1_617' title='bbox 2345 3997 2635 4068; x_wconf 85' lang='lat' dir='ltr'><strong>diligenter</strong></span> <span class='ocrx_word' id='word_1_618' title='bbox 2667 4002 2722 4055; x_wconf 89' lang='lat' dir='ltr'><strong>in</strong></span> <span class='ocrx_word' id='word_1_619' title='bbox 2777 4001 2959 4058; x_wconf 80' lang='lat' dir='ltr'><strong>oﬂicio</strong></span> <span class='ocrx_word' id='word_1_620' title='bbox 2998 4017 3217 4061; x_wconf 90' lang='lat' dir='ltr'><strong>maneat</strong></span> <span class='ocrx_word' id='word_1_621' title='bbox 3242 4005 3404 4075; x_wconf 77' lang='lat' dir='ltr'><strong>juxta</strong></span> 
     </span>
    </p>
   </div>
   <div class='ocr_carea' id='block_1_83' title="bbox 1805 4083 3403 4161">
    <p class='ocr_par' dir='ltr' id='par_1_83' title="bbox 1805 4083 3403 4161">
     <span class='ocr_line' id='line_1_83' title="bbox 1805 4083 3403 4161; baseline 0.011 -24"><span class='ocrx_word' id='word_1_622' title='bbox 1805 4083 2162 4140; x_wconf 89' lang='lat' dir='ltr'><strong>directionem</strong></span> <span class='ocrx_word' id='word_1_623' title='bbox 2221 4085 2477 4156; x_wconf 87' lang='lat' dir='ltr'><strong>Spiritus,</strong></span> <span class='ocrx_word' id='word_1_624' title='bbox 2520 4089 2575 4143; x_wconf 91' lang='lat' dir='ltr'><strong>in</strong></span> <span class='ocrx_word' id='word_1_625' title='bbox 2623 4106 2734 4145; x_wconf 92' lang='lat' dir='ltr'><strong>uno</strong></span> <span class='ocrx_word' id='word_1_626' title='bbox 2762 4108 2948 4161; x_wconf 84' lang='lat' dir='ltr'><strong>sensu,</strong></span> <span class='ocrx_word' id='word_1_627' title='bbox 2984 4095 3037 4148; x_wconf 92' lang='lat' dir='ltr'><strong>in</strong></span> <span class='ocrx_word' id='word_1_628' title='bbox 3067 4112 3175 4150; x_wconf 84' lang='lat' dir='ltr'><strong>una</strong></span> <span class='ocrx_word' id='word_1_629' title='bbox 3214 4100 3403 4154; x_wconf 85' lang='lat' dir='ltr'><strong>volun-</strong></span> 
     </span>
    </p>
   </div>
   <div class='ocr_carea' id='block_1_84' title="bbox 1806 4178 3403 4256">
    <p class='ocr_par' dir='ltr' id='par_1_84' title="bbox 1806 4178 3403 4256">
     <span class='ocr_line' id='line_1_84' title="bbox 1806 4178 3403 4256; baseline 0.008 -26"><span class='ocrx_word' id='word_1_630' title='bbox 1806 4187 1939 4241; x_wconf 87' lang='lat' dir='ltr'><strong>tate,</strong></span> <span class='ocrx_word' id='word_1_631' title='bbox 1972 4178 2025 4230; x_wconf 90' lang='lat' dir='ltr'><strong>in</strong></span> <span class='ocrx_word' id='word_1_632' title='bbox 2061 4190 2171 4232; x_wconf 89' lang='lat' dir='ltr'><strong>uno</strong></span> <span class='ocrx_word' id='word_1_633' title='bbox 2220 4181 2383 4235; x_wconf 90' lang='lat' dir='ltr'><strong>corde</strong></span> <span class='ocrx_word' id='word_1_634' title='bbox 2411 4192 2464 4236; x_wconf 89' lang='lat' dir='ltr'><strong>et</strong></span> <span class='ocrx_word' id='word_1_635' title='bbox 2494 4182 2700 4249; x_wconf 90' lang='lat' dir='ltr'><strong>anima,</strong></span> <span class='ocrx_word' id='word_1_636' title='bbox 2733 4184 2800 4238; x_wconf 85' lang='lat' dir='ltr'><strong>ad</strong></span> <span class='ocrx_word' id='word_1_637' title='bbox 2831 4187 3143 4256; x_wconf 80' lang='lat' dir='ltr'><strong>exemplum</strong></span> <span class='ocrx_word' id='word_1_638' title='bbox 3178 4201 3403 4246; x_wconf 84' lang='lat' dir='ltr'><strong>sancto-</strong></span> 
     </span>
    </p>
   </div>
   <div class='ocr_carea' id='block_1_85' title="bbox 1807 4269 3403 4343">
    <p class='ocr_par' dir='ltr' id='par_1_85' title="bbox 1807 4269 3403 4343">
     <span class='ocr_line' id='line_1_85' title="bbox 1807 4269 3403 4343; baseline 0.009 -22"><span class='ocrx_word' id='word_1_639' title='bbox 1807 4285 1953 4330; x_wconf 87' lang='lat' dir='ltr'><strong>rum,</strong></span> <span class='ocrx_word' id='word_1_640' title='bbox 1984 4269 2080 4339; x_wconf 86' lang='lat' dir='ltr'><strong>qui</strong></span> <span class='ocrx_word' id='word_1_641' title='bbox 2119 4271 2172 4323; x_wconf 90' lang='lat' dir='ltr'><strong>in</strong></span> <span class='ocrx_word' id='word_1_642' title='bbox 2204 4273 2436 4327; x_wconf 88' lang='lat' dir='ltr'><strong>Actibus</strong></span> <span class='ocrx_word' id='word_1_643' title='bbox 2476 4275 2800 4343; x_wconf 86' lang='lat' dir='ltr'><strong>apostolicis</strong></span> <span class='ocrx_word' id='word_1_644' title='bbox 2829 4292 3232 4334; x_wconf 86' lang='lat' dir='ltr'><strong>memorantur.</strong></span> <span class='ocrx_word' id='word_1_645' title='bbox 3261 4281 3403 4337; x_wconf 79' lang='lat' dir='ltr'><strong>Erat</strong></span> 
     </span>
    </p>
   </div>
   <div class='ocr_carea' id='block_1_86' title="bbox 1805 4361 3406 4431">
    <p class='ocr_par' dir='ltr' id='par_1_86' title="bbox 1805 4361 3406 4431">
     <span class='ocr_line' id='line_1_86' title="bbox 1805 4361 3406 4431; baseline 0.006 -15"><span class='ocrx_word' id='word_1_646' title='bbox 1805 4362 1976 4426; x_wconf 85' lang='lat' dir='ltr'><strong>enim,</strong></span> <span class='ocrx_word' id='word_1_647' title='bbox 2001 4361 2197 4431; x_wconf 91' lang='lat' dir='ltr'><strong>inquit,</strong></span> <span class='ocrx_word' id='word_1_648' title='bbox 2228 4364 2461 4416; x_wconf 85' lang='lat' dir='ltr'><strong>omnium</strong></span> <span class='ocrx_word' id='word_1_649' title='bbox 2493 4366 2675 4419; x_wconf 88' lang='lat' dir='ltr'><strong>anima</strong></span> <span class='ocrx_word' id='word_1_650' title='bbox 2703 4383 2809 4420; x_wconf 81' lang='lat' dir='ltr'><strong>una</strong></span> <span class='ocrx_word' id='word_1_651' title='bbox 2845 4377 2895 4421; x_wconf 85' lang='lat' dir='ltr'><strong>et</strong></span> <span class='ocrx_word' id='word_1_652' title='bbox 2930 4385 3021 4421; x_wconf 90' lang='lat' dir='ltr'><strong>cor</strong></span> <span class='ocrx_word' id='word_1_653' title='bbox 3050 4386 3209 4424; x_wconf 86' lang='lat' dir='ltr'><strong>unum</strong></span> <span class='ocrx_word' id='word_1_654' title='bbox 3246 4386 3265 4424; x_wconf 84' lang='lat'><strong>.&#39;</strong></span> <span class='ocrx_word' id='word_1_655' title='bbox 3310 4389 3406 4426; x_wconf 78' lang='lat' dir='ltr'><strong>nec</strong></span> 
     </span>
    </p>
   </div>
   <div class='ocr_carea' id='block_1_87' title="bbox 1804 4456 3404 4536">
    <p class='ocr_par' dir='ltr' id='par_1_87' title="bbox 1804 4456 3404 4536">
     <span class='ocr_line' id='line_1_87' title="bbox 1804 4456 3404 4536; baseline 0.011 -30"><span class='ocrx_word' id='word_1_656' title='bbox 1804 4456 2086 4525; x_wconf 78' lang='lat' dir='ltr'><strong>quisquam</strong></span> <span class='ocrx_word' id='word_1_657' title='bbox 2132 4475 2312 4512; x_wconf 86' lang='lat' dir='ltr'><strong>eorum</strong></span> <span class='ocrx_word' id='word_1_658' title='bbox 2335 4476 2453 4530; x_wconf 78' lang='lat' dir='ltr'><strong>qua:</strong></span> <span class='ocrx_word' id='word_1_659' title='bbox 2487 4461 2812 4530; x_wconf 76' lang='lat' dir='ltr'><strong>possidebat,</strong></span> <span class='ocrx_word' id='word_1_660' title='bbox 2853 4465 3057 4536; x_wconf 85' lang='lat' dir='ltr'><strong>aliquid</strong></span> <span class='ocrx_word' id='word_1_661' title='bbox 3106 4483 3264 4521; x_wconf 83' lang='lat' dir='ltr'><strong>suum</strong></span> <span class='ocrx_word' id='word_1_662' title='bbox 3294 4486 3404 4524; x_wconf 75' lang='lat' dir='ltr'><strong>esse</strong></span> 
     </span>
    </p>
   </div>
   <div class='ocr_carea' id='block_1_88' title="bbox 1805 4547 2075 4601">
    <p class='ocr_par' dir='ltr' id='par_1_88' title="bbox 1805 4547 2075 4601">
     <span class='ocr_line' id='line_1_88' title="bbox 1805 4547 2075 4601; baseline 0.015 -3"><span class='ocrx_word' id='word_1_663' title='bbox 1805 4547 2014 4601; x_wconf 83' lang='lat' dir='ltr'><strong>dicebat</strong></span> <span class='ocrx_word' id='word_1_664' title='bbox 2030 4549 2075 4580; x_wconf 82' lang='grc'><strong>⁸⁵</strong></span> 
     </span>
    </p>
   </div>
   <div class='ocr_carea' id='block_1_89' title="bbox 187 4614 1696 4716">
    <p class='ocr_par' dir='ltr' id='par_1_89' title="bbox 187 4614 1690 4714">
     <span class='ocr_line' id='line_1_89' title="bbox 187 4614 1690 4714; baseline 0.001 -18"><span class='ocrx_word' id='word_1_665' title='bbox 377 4643 492 4711; x_wconf 76' lang='grc' dir='ltr'><strong>ζωὴ</strong></span> <span class='ocrx_word' id='word_1_666' title='bbox 513 4614 713 4711; x_wconf 73' lang='grc' dir='ltr'>ἀγαθή,</span> <span class='ocrx_word' id='word_1_667' title='bbox 745 4614 883 4712; x_wconf 75' lang='grc' dir='ltr'>αὕτη</span> <span class='ocrx_word' id='word_1_668' title='bbox 919 4644 1079 4714; x_wconf 79' lang='grc' dir='ltr'>μερὶς</span> <span class='ocrx_word' id='word_1_669' title='bbox 1119 4644 1325 4714; x_wconf 84' lang='grc' dir='ltr'>Κυρίου</span> <span class='ocrx_word' id='word_1_670' title='bbox 1355 4660 1370 4674; x_wconf 77' lang='grc' dir='ltr'><strong><em>ο</em></strong></span> <span class='ocrx_word' id='word_1_671' title='bbox 1403 4645 1560 4698; x_wconf 81' lang='grc' dir='ltr'>τοῦτο</span> <span class='ocrx_word' id='word_1_672' title='bbox 1585 4662 1690 4698; x_wconf 84' lang='grc' dir='ltr'>κοι-</span> 
     </span>
    </p>
   </div>
   <div class='ocr_carea' id='block_1_90' title="bbox 1802 4614 3400 4716">
    <p class='ocr_par' dir='ltr' id='par_1_90' title="bbox 1882 4638 3400 4716">
     <span class='ocr_line' id='line_1_90' title="bbox 1882 4638 3400 4716; baseline 0.011 -22"><span class='ocrx_word' id='word_1_673' title='bbox 1882 4638 2007 4696; x_wconf 69' lang='lat' dir='ltr'><strong>Haec</strong></span> <span class='ocrx_word' id='word_1_674' title='bbox 2030 4642 2171 4696; x_wconf 90' lang='lat' dir='ltr'><strong>bona</strong></span> <span class='ocrx_word' id='word_1_675' title='bbox 2191 4651 2275 4697; x_wconf 90' lang='lat' dir='ltr'><strong>est</strong></span> <span class='ocrx_word' id='word_1_676' title='bbox 2308 4645 2440 4710; x_wconf 90' lang='lat' dir='ltr'><strong>vita,</strong></span> <span class='ocrx_word' id='word_1_677' title='bbox 2467 4644 2582 4700; x_wconf 70' lang='lat' dir='ltr'><strong>haec</strong></span> <span class='ocrx_word' id='word_1_678' title='bbox 2607 4646 2784 4716; x_wconf 91' lang='lat' dir='ltr'><strong>portio</strong></span> <span class='ocrx_word' id='word_1_679' title='bbox 2807 4648 3048 4711; x_wconf 87' lang='lat' dir='ltr'><strong>Domini,</strong></span> <span class='ocrx_word' id='word_1_680' title='bbox 3078 4651 3182 4707; x_wconf 91' lang='lat' dir='ltr'><strong>hoc</strong></span> <span class='ocrx_word' id='word_1_681' title='bbox 3208 4669 3400 4710; x_wconf 78' lang='lat' dir='ltr'><strong>verum</strong></span> 
     </span>
    </p>
   </div>
   <div class='ocr_carea' id='block_1_91' title="bbox 107 4727 1680 4806">
    <p class='ocr_par' dir='ltr' id='par_1_91' title="bbox 107 4727 1680 4806">
     <span class='ocr_line' id='line_1_91' title="bbox 107 4727 1680 4806; baseline -0.001 -15"><span class='ocrx_word' id='word_1_682' title='bbox 107 4737 296 4792; x_wconf 81' lang='grc' dir='ltr'>νόὸιον</span> <span class='ocrx_word' id='word_1_683' title='bbox 319 4733 595 4804; x_wconf 84' lang='grc' dir='ltr'>ἀληθινόν.</span> <span class='ocrx_word' id='word_1_684' title='bbox 615 4727 689 4787; x_wconf 64' lang='lat' dir='ltr'><strong>Ob</strong></span> <span class='ocrx_word' id='word_1_685' title='bbox 717 4734 774 4787; x_wconf 85' lang='grc' dir='ltr'>δὲ</span> <span class='ocrx_word' id='word_1_686' title='bbox 797 4738 857 4788; x_wconf 85' lang='grc' dir='ltr'>οὐ</span> <span class='ocrx_word' id='word_1_687' title='bbox 880 4734 1075 4802; x_wconf 85' lang='grc' dir='ltr'>ταῦτα,</span> <span class='ocrx_word' id='word_1_688' title='bbox 1098 4735 1408 4788; x_wconf 72' lang='grc' dir='ltr'>τούναντίον</span> <span class='ocrx_word' id='word_1_689' title='bbox 1436 4737 1680 4806; x_wconf 82' lang='grc' dir='ltr'>δηλονότι</span> 
     </span>
    </p>
   </div>
   <div class='ocr_carea' id='block_1_92' title="bbox 125 4827 1705 4900">
    <p class='ocr_par' dir='ltr' id='par_1_92' title="bbox 125 4827 1705 4900">
     <span class='ocr_line' id='line_1_92' title="bbox 125 4827 1705 4900; baseline 0.001 -18"><span class='ocrx_word' id='word_1_690' title='bbox 125 4828 326 4898; x_wconf 84' lang='grc' dir='ltr'>Ἦλίκη</span> <span class='ocrx_word' id='word_1_691' title='bbox 354 4844 436 4880; x_wconf 89' lang='grc' dir='ltr'><strong>σοι</strong></span> <span class='ocrx_word' id='word_1_692' title='bbox 463 4827 608 4897; x_wconf 84' lang='grc' dir='ltr'>χαρά</span> <span class='ocrx_word' id='word_1_693' title='bbox 631 4828 724 4881; x_wconf 73' lang='grc' dir='ltr'>καὶ</span> <span class='ocrx_word' id='word_1_694' title='bbox 756 4828 904 4895; x_wconf 80' lang='grc' dir='ltr'>δόξα,</span> <span class='ocrx_word' id='word_1_695' title='bbox 938 4829 1242 4898; x_wconf 84' lang='grc' dir='ltr'>τιμιωτάτη</span> <span class='ocrx_word' id='word_1_696' title='bbox 1264 4868 1280 4892; x_wconf 94' lang='grc'><strong>,</strong></span> <span class='ocrx_word' id='word_1_697' title='bbox 1311 4829 1448 4882; x_wconf 82' lang='grc' dir='ltr'>ἀλλὰ</span> <span class='ocrx_word' id='word_1_698' title='bbox 1477 4833 1584 4900; x_wconf 83' lang='grc' dir='ltr'><strong>γάρ</strong></span> <span class='ocrx_word' id='word_1_699' title='bbox 1609 4831 1705 4884; x_wconf 80' lang='grc' dir='ltr'>καὶ</span> 
     </span>
    </p>
   </div>
   <div class='ocr_carea' id='block_1_93' title="bbox 107 4920 1703 4995">
    <p class='ocr_par' dir='ltr' id='par_1_93' title="bbox 107 4920 1703 4995">
     <span class='ocr_line' id='line_1_93' title="bbox 107 4920 1703 4995; baseline 0.001 -18"><span class='ocrx_word' id='word_1_700' title='bbox 107 4925 232 4986; x_wconf 82' lang='grc' dir='ltr'>τοῖς</span> <span class='ocrx_word' id='word_1_701' title='bbox 262 4927 477 4984; x_wconf 85' lang='grc' dir='ltr'>τέκνοις</span> <span class='ocrx_word' id='word_1_702' title='bbox 508 4936 622 4987; x_wconf 86' lang='grc' dir='ltr'>σου,</span> <span class='ocrx_word' id='word_1_703' title='bbox 650 4920 1024 4985; x_wconf 86' lang='grc' dir='ltr'>ἀποστολικῶς</span> <span class='ocrx_word' id='word_1_704' title='bbox 1052 4920 1462 4976; x_wconf 79' lang='grc' dir='ltr'>πολιτεύεσθαι·</span> <span class='ocrx_word' id='word_1_705' title='bbox 1493 4939 1703 4995; x_wconf 82' lang='grc' dir='ltr'>πατρο-</span> 
     </span>
    </p>
   </div>
   <div class='ocr_carea' id='block_1_94' title="bbox 108 5012 1705 5087">
    <p class='ocr_par' dir='ltr' id='par_1_94' title="bbox 108 5012 1705 5087">
     <span class='ocr_line' id='line_1_94' title="bbox 108 5012 1705 5087; baseline -0.001 -18"><span class='ocrx_word' id='word_1_706' title='bbox 108 5013 465 5085; x_wconf 82' lang='grc' dir='ltr'>παραδότως,</span> <span class='ocrx_word' id='word_1_707' title='bbox 497 5012 724 5081; x_wconf 80' lang='grc' dir='ltr'>ἄγεσθαι</span> <span class='ocrx_word' id='word_1_708' title='bbox 772 5013 1226 5083; x_wconf 78' lang='grc' dir='ltr'>εὐγενοπρεπῶςῑ</span> <span class='ocrx_word' id='word_1_709' title='bbox 1254 5014 1414 5068; x_wconf 88' lang='grc' dir='ltr'>τοῦτο</span> <span class='ocrx_word' id='word_1_710' title='bbox 1453 5014 1563 5087; x_wconf 86' lang='grc' dir='ltr'><strong>γάρ</strong></span> <span class='ocrx_word' id='word_1_711' title='bbox 1614 5016 1705 5068; x_wconf 84' lang='grc' dir='ltr'>εὑ-</span> 
     </span>
    </p>
   </div>
   <div class='ocr_carea' id='block_1_95' title="bbox 108 5104 1700 5180">
    <p class='ocr_par' dir='ltr' id='par_1_95' title="bbox 108 5104 1700 5180">
     <span class='ocr_line' id='line_1_95' title="bbox 108 5104 1700 5180; baseline -0.002 -17"><span class='ocrx_word' id='word_1_712' title='bbox 108 5110 329 5180; x_wconf 87' lang='grc' dir='ltr'>γένεια,</span> <span class='ocrx_word' id='word_1_713' title='bbox 377 5105 683 5175; x_wconf 78' lang='grc' dir='ltr'>θεαρέστως</span> <span class='ocrx_word' id='word_1_714' title='bbox 735 5104 857 5176; x_wconf 79' lang='grc' dir='ltr'>ζῇν,</span> <span class='ocrx_word' id='word_1_715' title='bbox 903 5107 1256 5173; x_wconf 86' lang='grc' dir='ltr'>ἀγιοπρεπῶς</span> <span class='ocrx_word' id='word_1_716' title='bbox 1300 5107 1700 5172; x_wconf 80' lang='grc' dir='ltr'>πολιτεύεσθαι,</span> 
     </span>
    </p>
   </div>
   <div class='ocr_carea' id='block_1_96' title="bbox 105 5198 1701 5272">
    <p class='ocr_par' dir='ltr' id='par_1_96' title="bbox 105 5198 1701 5272">
     <span class='ocr_line' id='line_1_96' title="bbox 105 5198 1701 5272; baseline -0.004 -15"><span class='ocrx_word' id='word_1_717' title='bbox 105 5205 277 5272; x_wconf 86' lang='grc' dir='ltr'>γένος</span> <span class='ocrx_word' id='word_1_718' title='bbox 308 5199 455 5268; x_wconf 78' lang='grc' dir='ltr'>ὑμᾶς</span> <span class='ocrx_word' id='word_1_719' title='bbox 485 5198 845 5268; x_wconf 82' lang='grc' dir='ltr'>χρηματίζειν</span> <span class='ocrx_word' id='word_1_720' title='bbox 896 5198 1174 5263; x_wconf 72' lang='grc' dir='ltr'>ἐκλεκτὸν,</span> <span class='ocrx_word' id='word_1_721' title='bbox 1204 5199 1428 5271; x_wconf 87' lang='grc' dir='ltr'>σπέρμα</span> <span class='ocrx_word' id='word_1_722' title='bbox 1463 5200 1701 5268; x_wconf 79' lang='grc' dir='ltr'>ἔντιμον,</span> 
     </span>
    </p>
   </div>
   <div class='ocr_carea' id='block_1_97' title="bbox 105 5291 1705 5364">
    <p class='ocr_par' dir='ltr' id='par_1_97' title="bbox 105 5291 1705 5364">
     <span class='ocr_line' id='line_1_97' title="bbox 105 5291 1705 5364; baseline -0.003 -14"><span class='ocrx_word' id='word_1_723' title='bbox 105 5297 299 5356; x_wconf 74' lang='grc' dir='ltr'>τίνοςς</span> <span class='ocrx_word' id='word_1_724' title='bbox 333 5291 541 5361; x_wconf 84' lang='grc' dir='ltr'>Θέκλης</span> <span class='ocrx_word' id='word_1_725' title='bbox 578 5292 789 5363; x_wconf 85' lang='grc' dir='ltr'>ἐκείνης</span> <span class='ocrx_word' id='word_1_726' title='bbox 823 5293 922 5360; x_wconf 85' lang='grc' dir='ltr'>τῆς</span> <span class='ocrx_word' id='word_1_727' title='bbox 956 5294 1448 5364; x_wconf 87' lang='grc' dir='ltr'>πρωτομάρτυρος,</span> <span class='ocrx_word' id='word_1_728' title='bbox 1483 5294 1705 5363; x_wconf 82' lang='grc' dir='ltr'>Φεῦρω-</span> 
     </span>
    </p>
   </div>
   <div class='ocr_carea' id='block_1_98' title="bbox 107 5381 1703 5452">
    <p class='ocr_par' dir='ltr' id='par_1_98' title="bbox 107 5381 1703 5452">
     <span class='ocr_line' id='line_1_98' title="bbox 107 5381 1703 5452; baseline -0.005 -11"><span class='ocrx_word' id='word_1_729' title='bbox 107 5387 260 5448; x_wconf 82' lang='grc' dir='ltr'>νίας,</span> <span class='ocrx_word' id='word_1_730' title='bbox 290 5381 626 5452; x_wconf 78' lang='grc' dir='ltr'>Εύπραξίας,</span> <span class='ocrx_word' id='word_1_731' title='bbox 657 5382 749 5434; x_wconf 78' lang='grc' dir='ltr'><strong>τοῦ</strong></span> <span class='ocrx_word' id='word_1_732' title='bbox 774 5386 889 5435; x_wconf 81' lang='grc' dir='ltr'>κατ’</span> <span class='ocrx_word' id='word_1_733' title='bbox 921 5382 1092 5444; x_wconf 81' lang='grc' dir='ltr'>αὐτὰς</span> <span class='ocrx_word' id='word_1_734' title='bbox 1124 5382 1269 5452; x_wconf 78' lang='grc' dir='ltr'>ἱεροῦ</span> <span class='ocrx_word' id='word_1_735' title='bbox 1298 5387 1391 5435; x_wconf 78' lang='grc' dir='ltr'><strong>καὶ</strong></span> <span class='ocrx_word' id='word_1_736' title='bbox 1429 5383 1703 5452; x_wconf 85' lang='grc' dir='ltr'>μακαρίου</span> 
     </span>
    </p>
   </div>
   <div class='ocr_carea' id='block_1_99' title="bbox 107 5469 1706 5543">
    <p class='ocr_par' dir='ltr' id='par_1_99' title="bbox 107 5469 1706 5543">
     <span class='ocr_line' id='line_1_99' title="bbox 107 5469 1706 5543; baseline -0.001 -18"><span class='ocrx_word' id='word_1_737' title='bbox 107 5469 450 5538; x_wconf 76' lang='grc' dir='ltr'>καταλόγου.</span> <span class='ocrx_word' id='word_1_738' title='bbox 499 5470 563 5526; x_wconf 86' lang='grc' dir='ltr'><strong>Εἰ</strong></span> <span class='ocrx_word' id='word_1_739' title='bbox 609 5471 731 5542; x_wconf 78' lang='grc' dir='ltr'>γὰρ,</span> <span class='ocrx_word' id='word_1_740' title='bbox 769 5472 975 5543; x_wconf 87' lang='grc' dir='ltr'>κόσμον</span> <span class='ocrx_word' id='word_1_741' title='bbox 1026 5471 1380 5536; x_wconf 85' lang='grc' dir='ltr'>κατελίπατε,</span> <span class='ocrx_word' id='word_1_742' title='bbox 1428 5473 1477 5525; x_wconf 82' lang='grc' dir='ltr'><strong>εί</strong></span> <span class='ocrx_word' id='word_1_743' title='bbox 1528 5472 1706 5540; x_wconf 81' lang='grc' dir='ltr'>γονεῖς</span> 
     </span>
    </p>
   </div>
   <div class='ocr_carea' id='block_1_100' title="bbox 183 5627 1255 5698">
    <p class='ocr_par' dir='ltr' id='par_1_100' title="bbox 183 5627 1255 5698">
     <span class='ocr_line' id='line_1_100' title="bbox 183 5627 1255 5698; baseline 0.004 -15"><span class='ocrx_word' id='word_1_744' title='bbox 183 5629 238 5664; x_wconf 70' lang='grc'><strong><em>⁸⁵</em></strong></span> <span class='ocrx_word' id='word_1_745' title='bbox 275 5627 470 5684; x_wconf 80' lang='lat' dir='ltr'><strong>Matth.</strong></span> <span class='ocrx_word' id='word_1_746' title='bbox 499 5643 611 5695; x_wconf 77' lang='lat' dir='ltr'><strong>xvr,</strong></span> <span class='ocrx_word' id='word_1_747' title='bbox 650 5629 740 5685; x_wconf 74' lang='lat'><strong>26.</strong></span> <span class='ocrx_word' id='word_1_748' title='bbox 837 5628 883 5662; x_wconf 78' lang='lat'><strong>”&#39;</strong></span> <span class='ocrx_word' id='word_1_749' title='bbox 910 5631 1034 5686; x_wconf 84' lang='lat' dir='ltr'><strong>Aet.</strong></span> <span class='ocrx_word' id='word_1_750' title='bbox 1061 5645 1135 5698; x_wconf 83' lang='lat' dir='ltr'><strong>tv,</strong></span> <span class='ocrx_word' id='word_1_751' title='bbox 1166 5629 1255 5687; x_wconf 73' lang='grc'><strong>52.</strong></span> 
     </span>
    </p>
   </div>
   <div class='ocr_carea' id='block_1_101' title="bbox 1811 4732 3400 4807">
    <p class='ocr_par' dir='ltr' id='par_1_101' title="bbox 1811 4732 3400 4807">
     <span class='ocr_line' id='line_1_101' title="bbox 1811 4732 3400 4807; baseline 0.009 -21"><span class='ocrx_word' id='word_1_752' title='bbox 1811 4732 2142 4787; x_wconf 60' lang='lat' dir='ltr'><strong>coenobium.</strong></span> <span class='ocrx_word' id='word_1_753' title='bbox 2207 4732 2308 4788; x_wconf 87' lang='lat' dir='ltr'><strong>Ubi</strong></span> <span class='ocrx_word' id='word_1_754' title='bbox 2355 4751 2483 4790; x_wconf 90' lang='lat' dir='ltr'><strong>vero</strong></span> <span class='ocrx_word' id='word_1_755' title='bbox 2541 4737 2655 4792; x_wconf 65' lang='lat' dir='ltr'><strong>haec</strong></span> <span class='ocrx_word' id='word_1_756' title='bbox 2704 4755 2810 4792; x_wconf 91' lang='lat' dir='ltr'><strong>non</strong></span> <span class='ocrx_word' id='word_1_757' title='bbox 2865 4749 3016 4807; x_wconf 90' lang='lat' dir='ltr'><strong>sunt,</strong></span> <span class='ocrx_word' id='word_1_758' title='bbox 3050 4747 3400 4800; x_wconf 90' lang='lat' dir='ltr'><strong>contrarium</strong></span> 
     </span>
    </p>
   </div>
   <div class='ocr_carea' id='block_1_102' title="bbox 1811 4824 3403 4897">
    <p class='ocr_par' dir='ltr' id='par_1_102' title="bbox 1811 4824 3403 4897">
     <span class='ocr_line' id='line_1_102' title="bbox 1811 4824 3403 4897; baseline 0.008 -19"><span class='ocrx_word' id='word_1_759' title='bbox 1811 4825 2019 4894; x_wconf 89' lang='lat' dir='ltr'><strong>utique.</strong></span> <span class='ocrx_word' id='word_1_760' title='bbox 2061 4824 2277 4890; x_wconf 86' lang='lat' dir='ltr'><strong>Quanta</strong></span> <span class='ocrx_word' id='word_1_761' title='bbox 2321 4827 2506 4881; x_wconf 75' lang='lat' dir='ltr'><strong>hetitia</strong></span> <span class='ocrx_word' id='word_1_762' title='bbox 2537 4835 2590 4881; x_wconf 91' lang='lat' dir='ltr'><strong>et</strong></span> <span class='ocrx_word' id='word_1_763' title='bbox 2630 4829 2805 4897; x_wconf 90' lang='lat' dir='ltr'><strong>gloria</strong></span> <span class='ocrx_word' id='word_1_764' title='bbox 2845 4831 2965 4896; x_wconf 88' lang='lat' dir='ltr'><strong>tibi,</strong></span> <span class='ocrx_word' id='word_1_765' title='bbox 3010 4836 3403 4891; x_wconf 88' lang='lat' dir='ltr'><strong>reverendissi-</strong></span> 
     </span>
    </p>
   </div>
   <div class='ocr_carea' id='block_1_103' title="bbox 1811 4917 3399 4990">
    <p class='ocr_par' dir='ltr' id='par_1_103' title="bbox 1811 4917 3399 4990">
     <span class='ocr_line' id='line_1_103' title="bbox 1811 4917 3399 4990; baseline 0.008 -17"><span class='ocrx_word' id='word_1_766' title='bbox 1811 4933 1920 4984; x_wconf 91' lang='lat' dir='ltr'><strong>ma,</strong></span> <span class='ocrx_word' id='word_1_767' title='bbox 1953 4928 2008 4973; x_wconf 91' lang='lat' dir='ltr'><strong>et</strong></span> <span class='ocrx_word' id='word_1_768' title='bbox 2042 4917 2258 4973; x_wconf 79' lang='lat' dir='ltr'><strong>ﬁliabus</strong></span> <span class='ocrx_word' id='word_1_769' title='bbox 2307 4920 2437 4986; x_wconf 88' lang='lat' dir='ltr'><strong>tuis,</strong></span> <span class='ocrx_word' id='word_1_770' title='bbox 2470 4921 2768 4990; x_wconf 87' lang='lat' dir='ltr'><strong>apostolice</strong></span> <span class='ocrx_word' id='word_1_771' title='bbox 2810 4925 3016 4989; x_wconf 81' lang='lat' dir='ltr'><strong>vivere,</strong></span> <span class='ocrx_word' id='word_1_772' title='bbox 3053 4927 3399 4985; x_wconf 90' lang='lat' dir='ltr'><strong>traditionem</strong></span> 
     </span>
    </p>
   </div>
   <div class='ocr_carea' id='block_1_104' title="bbox 1810 5012 3402 5087">
    <p class='ocr_par' dir='ltr' id='par_1_104' title="bbox 1810 5012 3402 5087">
     <span class='ocr_line' id='line_1_104' title="bbox 1810 5012 3402 5087; baseline 0.008 -22"><span class='ocrx_word' id='word_1_773' title='bbox 1810 5012 2067 5082; x_wconf 88' lang='lat' dir='ltr'><strong>patritam</strong></span> <span class='ocrx_word' id='word_1_774' title='bbox 2115 5013 2399 5067; x_wconf 86' lang='lat' dir='ltr'><strong>retinendo</strong></span> <span class='ocrx_word' id='word_1_775' title='bbox 2440 5014 2693 5070; x_wconf 89' lang='lat' dir='ltr'><strong>nobiliter</strong></span> <span class='ocrx_word' id='word_1_776' title='bbox 2737 5017 2940 5087; x_wconf 87' lang='lat' dir='ltr'><strong>agere?</strong></span> <span class='ocrx_word' id='word_1_777' title='bbox 2986 5017 3108 5074; x_wconf 59' lang='lat' dir='ltr'><strong>Haec</strong></span> <span class='ocrx_word' id='word_1_778' title='bbox 3137 5022 3280 5075; x_wconf 90' lang='lat' dir='ltr'><strong>enim</strong></span> <span class='ocrx_word' id='word_1_779' title='bbox 3315 5032 3402 5077; x_wconf 89' lang='lat' dir='ltr'><strong>est</strong></span> 
     </span>
    </p>
   </div>
   <div class='ocr_carea' id='block_1_105' title="bbox 1808 5103 3399 5174">
    <p class='ocr_par' dir='ltr' id='par_1_105' title="bbox 1808 5103 3399 5174">
     <span class='ocr_line' id='line_1_105' title="bbox 1808 5103 3399 5174; baseline 0.008 -18"><span class='ocrx_word' id='word_1_780' title='bbox 1808 5103 2085 5167; x_wconf 87' lang='lat' dir='ltr'><strong>nobilitas,</strong></span> <span class='ocrx_word' id='word_1_781' title='bbox 2134 5115 2412 5171; x_wconf 88' lang='lat' dir='ltr'><strong>acceptam</strong></span> <span class='ocrx_word' id='word_1_782' title='bbox 2465 5104 2574 5159; x_wconf 87' lang='lat' dir='ltr'><strong>Deo</strong></span> <span class='ocrx_word' id='word_1_783' title='bbox 2621 5107 2788 5160; x_wconf 87' lang='lat' dir='ltr'><strong>vitam</strong></span> <span class='ocrx_word' id='word_1_784' title='bbox 2825 5110 3048 5174; x_wconf 83' lang='lat' dir='ltr'><strong>ducere,</strong></span> <span class='ocrx_word' id='word_1_785' title='bbox 3081 5115 3399 5169; x_wconf 83' lang='lat' dir='ltr'><strong>conversari</strong></span> 
     </span>
    </p>
   </div>
   <div class='ocr_carea' id='block_1_106' title="bbox 1806 5195 3390 5272">
    <p class='ocr_par' dir='ltr' id='par_1_106' title="bbox 1806 5195 3390 5272">
     <span class='ocr_line' id='line_1_106' title="bbox 1806 5195 3390 5272; baseline 0.008 -24"><span class='ocrx_word' id='word_1_786' title='bbox 1806 5203 1867 5248; x_wconf 90' lang='lat' dir='ltr'><strong>ut</strong></span> <span class='ocrx_word' id='word_1_787' title='bbox 1895 5204 2115 5250; x_wconf 91' lang='lat' dir='ltr'><strong>sanctos</strong></span> <span class='ocrx_word' id='word_1_788' title='bbox 2142 5195 2318 5261; x_wconf 84' lang='lat' dir='ltr'><strong>decet,</strong></span> <span class='ocrx_word' id='word_1_789' title='bbox 2355 5211 2531 5266; x_wconf 85' lang='lat' dir='ltr'><strong>genus</strong></span> <span class='ocrx_word' id='word_1_790' title='bbox 2571 5199 2806 5252; x_wconf 89' lang='lat' dir='ltr'><strong>electum</strong></span> <span class='ocrx_word' id='word_1_791' title='bbox 2842 5217 2940 5256; x_wconf 90' lang='lat' dir='ltr'><strong>vos</strong></span> <span class='ocrx_word' id='word_1_792' title='bbox 2968 5204 3256 5272; x_wconf 89' lang='lat' dir='ltr'><strong>appellari,</strong></span> <span class='ocrx_word' id='word_1_793' title='bbox 3298 5221 3390 5260; x_wconf 91' lang='lat' dir='ltr'><strong>se-</strong></span> 
     </span>
    </p>
   </div>
   <div class='ocr_carea' id='block_1_107' title="bbox 1808 5287 3398 5365">
    <p class='ocr_par' dir='ltr' id='par_1_107' title="bbox 1808 5287 3398 5365">
     <span class='ocr_line' id='line_1_107' title="bbox 1808 5287 3398 5365; baseline 0.007 -26"><span class='ocrx_word' id='word_1_794' title='bbox 1808 5300 1933 5339; x_wconf 91' lang='lat' dir='ltr'><strong>men</strong></span> <span class='ocrx_word' id='word_1_795' title='bbox 1996 5287 2332 5352; x_wconf 89' lang='lat' dir='ltr'><strong>honorabile,</strong></span> <span class='ocrx_word' id='word_1_796' title='bbox 2389 5289 2723 5357; x_wconf 85' lang='lat' dir='ltr'><strong>cujusnam?</strong></span> <span class='ocrx_word' id='word_1_797' title='bbox 2771 5290 2984 5348; x_wconf 79' lang='lat' dir='ltr'><strong>Theche</strong></span> <span class='ocrx_word' id='word_1_798' title='bbox 3036 5296 3176 5349; x_wconf 86' lang='lat' dir='ltr'><strong>illius</strong></span> <span class='ocrx_word' id='word_1_799' title='bbox 3209 5309 3398 5365; x_wconf 89' lang='lat' dir='ltr'><strong>proto-</strong></span> 
     </span>
    </p>
   </div>
   <div class='ocr_carea' id='block_1_108' title="bbox 1808 5377 3399 5456">
    <p class='ocr_par' dir='ltr' id='par_1_108' title="bbox 1808 5377 3399 5456">
     <span class='ocr_line' id='line_1_108' title="bbox 1808 5377 3399 5456; baseline 0.009 -25"><span class='ocrx_word' id='word_1_800' title='bbox 1808 5379 2082 5449; x_wconf 80' lang='lat' dir='ltr'><strong>martyris,</strong></span> <span class='ocrx_word' id='word_1_801' title='bbox 2108 5377 2410 5445; x_wconf 71' lang='lat' dir='ltr'><strong>Febroniaz,</strong></span> <span class='ocrx_word' id='word_1_802' title='bbox 2447 5381 2750 5451; x_wconf 68' lang='lat' dir='ltr'><strong>Eupraxiae,</strong></span> <span class='ocrx_word' id='word_1_803' title='bbox 2781 5395 2837 5440; x_wconf 89' lang='lat' dir='ltr'><strong>et</strong></span> <span class='ocrx_word' id='word_1_804' title='bbox 2867 5385 3065 5456; x_wconf 86' lang='lat' dir='ltr'><strong>reliqui</strong></span> <span class='ocrx_word' id='word_1_805' title='bbox 3091 5388 3399 5445; x_wconf 86' lang='lat' dir='ltr'><strong>secundum</strong></span> 
     </span>
    </p>
   </div>
   <div class='ocr_carea' id='block_1_109' title="bbox 1808 5472 3397 5548">
    <p class='ocr_par' dir='ltr' id='par_1_109' title="bbox 1808 5472 3397 5548">
     <span class='ocr_line' id='line_1_109' title="bbox 1808 5472 3397 5548; baseline 0.008 -22"><span class='ocrx_word' id='word_1_806' title='bbox 1808 5472 1930 5528; x_wconf 90' lang='lat' dir='ltr'><strong>illas</strong></span> <span class='ocrx_word' id='word_1_807' title='bbox 1986 5473 2130 5529; x_wconf 89' lang='lat' dir='ltr'><strong>sacri</strong></span> <span class='ocrx_word' id='word_1_808' title='bbox 2176 5489 2241 5529; x_wconf 93' lang='lat' dir='ltr'><strong>ac</strong></span> <span class='ocrx_word' id='word_1_809' title='bbox 2285 5475 2431 5531; x_wconf 89' lang='lat' dir='ltr'><strong>beati</strong></span> <span class='ocrx_word' id='word_1_810' title='bbox 2487 5478 2738 5548; x_wconf 86' lang='lat' dir='ltr'><strong>eatalogi.</strong></span> <span class='ocrx_word' id='word_1_811' title='bbox 2789 5479 3002 5537; x_wconf 83' lang='lat' dir='ltr'><strong>Etenim</strong></span> <span class='ocrx_word' id='word_1_812' title='bbox 3047 5483 3094 5540; x_wconf 90' lang='lat' dir='ltr'><strong>si</strong></span> <span class='ocrx_word' id='word_1_813' title='bbox 3131 5484 3397 5539; x_wconf 90' lang='lat' dir='ltr'><strong>mundum</strong></span> 
     </span>
    </p>
   </div>
   <div class='ocr_carea' id='block_1_110' title="bbox 1661 5749 1888 5811">
    <p class='ocr_par' dir='ltr' id='par_1_110' title="bbox 1661 5749 1888 5811">
     <span class='ocr_line' id='line_1_110' title="bbox 1661 5749 1888 5811; baseline 0.009 -4"><span class='ocrx_word' id='word_1_814' title='bbox 1661 5749 1888 5811; x_wconf 71' lang='lat' dir='ltr'><strong>NOT/E.</strong></span> 
     </span>
    </p>
   </div>
   <div class='ocr_carea' id='block_1_111' title="bbox 204 5861 921 5934">
    <p class='ocr_par' dir='ltr' id='par_1_111' title="bbox 204 5861 921 5934">
     <span class='ocr_line' id='line_1_111' title="bbox 204 5861 921 5934; baseline 0.003 -19"><span class='ocrx_word' id='word_1_815' title='bbox 204 5863 320 5934; x_wconf 87' lang='lat' dir='ltr'><strong>(t9)</strong></span> <span class='ocrx_word' id='word_1_816' title='bbox 357 5862 416 5919; x_wconf 90' lang='lat' dir='ltr'><strong>In</strong></span> <span class='ocrx_word' id='word_1_817' title='bbox 452 5861 576 5918; x_wconf 89' lang='lat' dir='ltr'><strong>cod.</strong></span> <span class='ocrx_word' id='word_1_818' title='bbox 610 5861 743 5934; x_wconf 80' lang='lat' dir='ltr'><strong>Reg.</strong></span> <span class='ocrx_word' id='word_1_819' title='bbox 792 5862 921 5932; x_wconf 83' lang='grc' dir='ltr'>ρλε’.</span> 
     </span>
    </p>
   </div>
  </div>
