3964 6320
617 367 752 436 1403

1803 377 1862 434 S.
1907 376 2302 437 THEODORI
2342 377 2689 439 STUDlTA!

3805 379 3826 439 ἶ
3837 385 3920 447 illi

611 485 928 554 reliquistis,
977 485 1022 540 si
1085 498 1339 557 parentes
1387 489 1722 560 abnegastis,
1750 491 1794 544 si
1831 494 2192 561 virginitatem

2304 491 2632 562 ἠρνήσασθε,
2661 494 2709 545 εί
2737 491 3038 561 παρθενίαν
3081 489 3316 554 εἵλεσθε,
3350 492 3404 543 ει
3457 491 3718 562 Χριστῷ
3773 495 3922 560 ἐγεμ-

606 579 866 648 elegistis,
900 578 944 632 si
975 577 1198 635 Christo
1222 582 1509 650 desponsae
1552 583 1703 647 estis,
1733 583 1778 636 si
1815 599 2038 652 regnum
2077 600 2191 640 ca:—

608 671 782 724 lorum
808 673 1132 735 adamastis,
1171 689 1269 727 cur
1294 688 1402 726 non
1429 674 1666 728 studium
1695 684 1934 728 vestrum
1967 692 2191 730 curam-

605 777 717 830 que
773 778 991 817 omnem
1052 765 1118 818 ad
1182 765 1285 819 hoc
1329 766 1672 820 conferatis?
1708 769 2008 836 gaudentes
2048 771 2234 838 quod-

607 856 700 908 tali
737 872 962 911 munere
987 866 1041 911 et
1073 857 1181 911 Deo
1226 858 1460 928 dignata:
1505 863 1660 922 estis,
1689 861 1952 929 dignitate
1981 861 2192 914 incom-

606 949 836 1016 parabili
879 964 892 1000 :
954 965 1063 1003 non
1109 950 1232 1004 dico
1282 952 1582 1004 secundum
1640 953 1876 1006 humana
1927 971 1939 1004 :
1997 954 2191 1007 umbra

605 1039 750 1091 enim
775 1039 888 1094 haec
913 1051 1041 1095 sunt
1083 1053 1137 1096 et
1168 1044 1379 1096 somnia
1404 1083 1419 1105 ,
1462 1059 1584 1109 qua:
1620 1060 1745 1098 cum
1796 1047 2047 1113 praesenti
2085 1062 2192 1100 sa:-

605 1132 730 1186 culo
759 1133 1060 1188 interibunt
1091 1151 1105 1188 :
1140 1136 1236 1189 sed
1289 1137 1589 1191 secundum
1624 1138 1930 1206 spiritualia
1968 1157 1980 1191 :
2012 1139 2189 1208 siqui-

604 1221 726 1274 dem
779 1221 1061 1290 virginitas
1117 1234 1171 1277 et
1228 1235 1518 1294 paupertas
1577 1228 1718 1281 inter
1762 1229 1997 1282 maxima
2046 1231 2191 1284 dona

606 1314 962 1382 praecipuum.
997 1315 1152 1380 Quod
1178 1317 1224 1370 si
1258 1332 1365 1370 non
1396 1320 1738 1373 exsatiautur
1767 1322 1860 1389 qui
1899 1321 1951 1374 iu
1985 1323 2192 1376 mundo

605 1412 754 1465 sunt,
796 1415 844 1456 et
873 1407 1168 1472 acquirunt
1205 1406 1389 1460 inania
1413 1417 1466 1460 et
1495 1411 1735 1477 peritura
1771 1426 1784 1462 :
1835 1427 2000 1479 quam
2038 1414 2188 1465 insa-

607 1495 867 1550 turabiles
895 1513 994 1550 nos
1023 1513 1143 1550 esse
1181 1499 1444 1552 debemus
1479 1500 1529 1551 iu
1573 1503 1850 1569 perpetuis
1877 1513 1931 1556 et
1962 1503 2191 1558 inenar-

604 1589 871 1642 rabilibus
922 1589 1108 1644 bonis?
1151 1591 1351 1660 Utique
1405 1591 1612 1653 hortor.
1673 1594 1860 1663 utique
1911 1596 2184 1650 obsecro:

602 1681 872 1750 acquirite
908 1685 1179 1744 cmlestia,
1223 1686 1344 1739 tiliae
1381 1684 1472 1738 Dei
1505 1696 1696 1750 estote,
1734 1688 1935 1756 regina:
1967 1689 2020 1740 in
2047 1690 2188 1743 caelo

605 1776 874 1842 gloriosae,
905 1791 1118 1845 sponsa:
1146 1777 1370 1841 Christi,
1397 1776 1600 1832 Christi
1643 1778 1978 1838 COIIIBI'CtleS.
2015 1780 2104 1834 lux
2133 1782 2186 1834 in

2297 585 2556 656 φεύθητε,
2607 587 2656 638 εί
2712 585 2992 655 βασιλείαν
3028 585 3274 656 οὐρανῶν
3307 587 3696 655 ἡγαπήσατε,
3750 591 3805 640 τί
3861 609 3918 655 ξ.-

2296 679 2476 730 πᾶσαν
2506 676 2660 747 ὑμῶν
2705 677 2806 748 τὴν
2837 677 3070 738 σπουδὴν
3103 678 3197 731 καὶ
3223 678 3516 747 μὲμμναν
3584 681 3744 750 πρὸς
3774 683 3918 734 τείτε

2296 768 2493 837 ἔχοιτε,
2527 769 2816 839 χαίρουσαι
2838 769 3181 822 ὅτιτοιούτου
3206 770 3501 824 θεοσδότου
3538 772 3742 843 δώρου
3776 775 3916 840 i5;-

2297 862 2446 930 θητε,
2472 860 2782 931 ἀξιώματος
2813 859 3222 930 ἀνυπερϐλήτου
3252 874 3268 888 ⁹
3327 862 3390 914 ού
3443 862 3605 929 λέγω
3670 868 3828 917 κατὰ
3861 882 3914 914 τα

2294 951 2614 1021 ἀνθρώπινα
2656 950 2809 1020 (σκιά
2840 951 2950 1020 γὰρ
2992 950 3167 1004 ταῦτα
3209 951 3302 1004 καὶ
3337 951 3636 1022 ὀνείρατα,
3687 957 3794 1006 καὶ
3851 955 3915 1005 τί.-

2294 1045 2522 1112 παρόντι
2576 1043 2732 1096 αἰῶνι
2768 1043 3299 1113 συγηταλυόμενα),
3346 1044 3489 1096 ἀλλὰ
3521 1049 3624 1096 καὶ
3659 1048 3818 1096 κατὰ
3857 1065 3912 1096 τα

2294 1135 2645 1204 πνευματικά
2676 1153 2690 1166 ο
2726 1135 2885 1205 εἴπερ
2917 1135 3186 1204 παρθενξα.
3235 1135 3330 1187 καὶ
3377 1137 3770 1204 ἀκτημοσύνη
3813 1139 3910 1187 τί..

2297 1228 2569 1296 μεγίστων
2601 1225 2821 1296 δωρεῶν
2864 1225 2926 1278 τὸ
2964 1225 3276 1295 ὲξαὶρετον;
3307 1228 3403 1278 καῖΙ
3439 1229 3488 1278 εί
3522 1228 3910 1295 halare-$2.-

2291 1335 2380 1370 ται
2405 1319 2452 1369 ol
2479 1317 2622 1370 κατὰ
2653 1317 2858 1386 κόσμον
2883 1318 3174 1385 μετασχεῖν
3195 1317 3303 1368 τῶν
3331 1318 3592 1384 ματαίων
3616 1319 3724 1369 καὶ
3749 1319 3910 1369 ἁπταὶ.

2291 1410 2564 1481 λυμὲνων·
2602 1410 2656 1462 τί
2690 1411 2785 1464 καὶ
2833 1410 2997 1462 πόσον
3027 1412 3188 1480 ἡμεῖς
3240 1409 3542 1479 όφεῦρμεν
3576 1412 3908 1479 ἁκορέστιςς

2291 1506 2434 1575 ἔχειν
2465 1507 2526 1557 ὲν
2550 1507 2663 1566 τοῖς
2709 1503 3014 1575 ἀμηρύτοις
3067 1504 3162 1556 καὶ
3199 1502 3596 1571 ἀνεκλαλήτοις
3633 1502 3899 1568 ἀγαθάς

2291 1597 2421 1663 Ναὶ,
2482 1596 2804 1667 παρακαλῶο
2865 1597 2973 1661 ναὶ,
3037 1595 3322 1660 ἀντιϐολῶ,
3361 1595 3813 1664 κατακτήσασθε
3843 1599 3904 1649 τα

2291 1689 2517 1757 οὐράνια
2539 1705 2552 1716 ·
2595 1687 2840 1755 γένοισθε
2870 1686 3006 1740 Θεοῦ
3038 1687 3364 1756 θυγατέρες,
3398 1687 3690 1756 βασιλίδες
3737 1689 3900 1757 οὖρα-

2293 1781 2593 1851 νοτίμητοι,
2613 1781 2855 1850 Χριστοῦ
2887 1779 3122 1850 νύμφαι,
3156 1778 3395 1848 Χριστοῦ
3425 1779 3898 1849 συγχληᾳνόμοι,

605 1869 833 1932 mundo,
883 1885 1063 1923 sermo
1101 1882 1347 1934 sanctus,
1392 1873 1738 1925 conversatio
1775 1872 1932 1926 laude
1978 1872 2185 1943 digna:

2300 1872 2410 1939 φῶς
2447 1873 2505 1923 ἐν
2534 1871 2745 1941 κόσμῳ,
2769 1871 2985 1940 λάλημα
3008 1869 3184 1937 ἅγιον,
3207 1869 3511 1938 πολίτευμα
3547 1871 3896 1934 ἀξιέπαινον.

605 1970 662 2016 ιιι
692 1963 934 2031 quidem,
981 1963 1203 2017 domina
1248 1964 1474 2018 antistes
1522 1976 1574 2018 et
1626 1966 1684 2018 in
1729 1965 1948 2019 Christo
1998 1967 2192 2034 praesi-

2300 1963 2363 2015 Σύ
2394 1980 2454 2015 τε
2477 1965 2508 2033 ὴ
2538 1964 2702 2033 κυρία
2729 1961 3142 2032 καθηγουμένη,
3169 1962 3262 2015 καὶ
3285 1961 3345 2012 ἐν
3365 1960 3596 2029 Χριστῷ
3623 1962 3896 2030 ἄρχουσα,

603 2053 758 2113 deus,
790 2064 842 2107 et
875 2069 970 2108 vos
992 2056 1205 2123 egregia
1240 2057 1489 2124 pignora,
1525 2056 1647 2110 tilia:
1678 2071 1931 2125 supernae
1957 2055 2188 2111 Jerusa-

2300 2054 2449 2123 3p.e‘t';
2479 2071 2538 2106 τε
2570 2055 2627 2106 αἱ
2669 2053 3010 2106 καλλίτεκνοι
3046 2051 3346 2120 θυγατέρες
3384 2050 3636 2118 τῆςᾶνω
3695 2050 3894 2118 1595-.-

603 2140 734 2206 lem,
765 2144 820 2195 in
851 2143 1072 2198 Christo
1101 2142 1231 2199 Jesu
1265 2145 1496 2200 Domino
1548 2156 1756 2210 nostro,
1788 2148 1874 2200 cui
1907 2146 2080 2216 gloria
2133 2147 2190 2200 in

2300 2147 2492 2217 σαλὴμ,
2520 2149 2578 2198 ὲν
2616 2146 2841 2216 Χριστῷ
2879 2146 3055 2217 ’ἱησοῦ
3080 2147 3157 2218 τῷ
3187 2147 3378 2218 Κυρίῳ
3401 2143 3592 2215 ἡμῶν,
3619 2142 3671 2214 ᾧ
3711 2148 3748 2217 ἡ
3774 2145 3897 2209 δόξα

603 2237 820 2292 sacula.
849 2237 1044 2292 Amen.
2287 2241 2368 2301 εἰς
2393 2238 2522 2300 τοὺς
2547 2239 2773 2301 αἰῶνας.
2825 2238 3019 2308 Ἀμήν.

776 2350 1012 2407 CXXIV.
1046 2383 1110 2396 —-
1133 2352 1434 2409 Catechesis
1457 2354 1528 2409 ad
1550 2355 1837 2424 discipulos
1862 2373 2008 2411 suos.

2296 2350 2448 2404 PKA'
2484 2351 2618 2421 (20).
2655 2382 2720 2391 —
2755 2351 3102 2420 Κατήχησις
3131 2352 3300 2423 ,πρὸς
3336 2350 3484 2418 τοὺς
3521 2351 3766 2408 ἑαυτοῦ
3787 2370 3893 2423 μα·

2862 2424 3066 2489 θητάς-
3129 2421 3309 2496 [χξξκ]

1558 2530 1745 2582 Horum
1769 2534 2120 2584 contentiones
2139 2535 2273 2585 inter
2293 2547 2371 2594 se,
2393 2541 2447 2584 et
2464 2537 2686 2597 quaedam
2710 2535 2806 2585 alia
2826 2535 3051 2600 castigat.

676 2645 1069 2700 Catechesihus
1098 2661 1200 2716 ego
1238 2647 1466 2702 humilis
1494 2662 1716 2716 operam
1745 2650 1838 2711 do,
1871 2664 1976 2703 non
2003 2660 2190 2704 osten-

607 2736 826 2790 tationis
854 2737 1057 2801 studio,
1094 2754 1274 2806 neque
1308 2754 1374 2794 ex
1426 2740 1663 2794 absurda
1697 2741 1897 2794 mentis
1932 2741 2184 2809 elatione,

607 2832 700 2884 sed
731 2846 798 2883 ex
839 2844 984 2884 metu
1027 2847 1090 2886 ac
1134 2842 1391 2897 tremore,
1449 2847 1517 2886 ex
1554 2833 1721 2887 corde
1779 2835 1944 2888 anxio
1978 2845 2032 2890 et
2063 2837 2191 2891 cha-

605 2925 788 2989 ritate,
817 2923 1014 2978 fratres
1049 2933 1361 2995 patresque.
1394 2924 1649 2982 Amantis
1678 2927 1946 2998 siquidem
1972 2931 2186 2999 signum

2370 2627 2572 2718 ’Ἔργον
2618 2649 2730 2715 ἐγὼ
2763 2650 2790 2701 ὁ
2824 2648 3075 2710 ταπεινὸς
3108 2646 3414 2717 ἐργάζομαι
3467 2648 3528 2701 ἑν
3589 2651 3721 2712 ταῖς
3772 2667 3892 2702 κατ-

2295 2745 2579 2813 ηχήσεσιν,
2621 2744 2722 2797 οὐκ
2745 2745 2802 2811 ἐξ
2835 2743 3266 2814 ἐπιτηδεύματος
3300 2744 3722 2814 φανητιασμοῦ,
3779 2745 3888 2796 οὐδὲ

2291 2834 2399 2886 ἀπὸ
2434 2835 2820 2905 συνεπὰρσεως
2848 2834 3086 2898 διανοίας
3119 2835 3436 2888 ἀλλοκότουο
3479 2837 3604 2889 ἀλλ’
3632 2839 3703 2888 ὲκ
3729 2836 3888 2904 φόϐου

2291 2928 2386 2979 καὶ
2412 2927 2642 2997 τρόμου,
2680 2928 2739 2992 ἐξ
2767 2928 3028 2980 ἐπιπόνου
3068 2929 3294 2998 καρδίας
3328 2930 3425 2981 καὶ
3452 2930 3711 3000 ἀγάπης,
3747 2931 3890 2982 αδελ-

603 3030 683 3072 est
723 3018 954 3072 sollicite
982 3019 1199 3072 docere.
1244 3018 1438 3085 Argue,
1486 3019 1686 3088 inquit,
1732 3022 1965 3088 increpa,
1998 3037 2190 3090 oppor-

2300 3019 2386 3085 φοὶ
2437 3021 2529 3072 καὶ
2563 3019 2826 3088 Ιιατέρες.
2856 3018 3028 3088 Εἴπερ
3058 3019 3381 3086 ἀγαπῶντος
3413 3019 3624 3088 δεῖγμα.
3657 3022 3723 3073 τὸ
3770 3025 3888 3074 ἐπι-

605 3122 748 3176 tune,
799 3115 1095 3177 importune
1115 3114 1182 3164 ⁸⁸.
1226 3112 1304 3165 Ad
1366 3113 1499 3178 haec,
1553 3114 1790 3176 hortare,
1842 3115 2088 3178 instrue.
2136 3124 2190 3171 et

603 3221 943 3275 quaecunque
995 3205 1098 3258 alia
1159 3205 1319 3259 habet
1378 3205 1462 3259 lex
1513 3204 1605 3259 Dei
1660 3222 1724 3260 ac
1751 3209 2016 3277 praecipit.
2050 3207 2192 3275 Quid

603 3312 734 3366 ergo
762 3296 1070 3363 signiﬁcare
1100 3296 1353 3350 volumus
1387 3295 1471 3348 his
1501 3297 1726 3352 verbis?
1758 3298 1830 3352 De
1862 3302 2189 3368 petulantia;

603 3389 750 3460 quod
818 3389 886 3443 ad
945 3390 1306 3459 psalmodiam
1341 3406 1368 3442 a
1403 3390 1506 3459 piis
1564 3399 1618 3444 et
1669 3392 1940 3460 religiosis
1991 3395 2189 3460 vocati,

604 3498 715 3536 non
745 3481 888 3537 sicut
932 3483 1087 3536 decet
1117 3481 1420 3536 convenitis
1467 3492 1521 3536 et
1548 3490 1759 3538 noctem
1803 3484 2003 3539 ducitis
2042 3502 2056 3538 :
2095 3485 2191 3539 sed

603 3575 657 3628 in
708 3576 998 3628 verborum
1045 3574 1515 3640 contentiOuibus,
1562 3576 1866 3645 primisque
1900 3577 2180 3631 consessi-

603 3668 727 3722 bus.
760 3667 1084 3736 Anticipasti
1113 3677 1193 3733 tu,
1246 3669 1443 3738 inquit,
1471 3677 1526 3722 et
1556 3684 1641 3722 me
1682 3683 1790 3721 non
1839 3669 2192 3736 exspectasti.

605 3762 888 3832 Propriam
941 3779 1154 3819 ccenam
1185 3764 1492 3833 sumpsisti,
1535 3773 1590 3818 et
1624 3777 1711 3817 me
1743 3779 1851 3817 non
1885 3763 2189 3819 advocasti.

603 3855 718 3925 Ego
756 3855 984 3910 chorum
1019 3855 1365 3921 moderabor,
1398 3864 1452 3909 et
1491 3869 1599 3910 non
1655 3865 1734 3918 tu,
1771 3855 1968 3919 inquit.
2013 3857 2192 3926 Atque

603 3947 800 4001 hacin
859 3945 1103 4001 Ecclesia
1137 3963 1151 4000 :
1185 3953 1348 4014 atque
1396 3945 1512 3999 haec
1566 3945 1919 4000 audientibus
1962 3944 2069 4001 illis
2097 3945 2194 4015 qui

604 4041 909 4095 invitarunt
946 4059 960 4094 :
1009 4054 1077 4094 ex
1117 4039 1317 4109 quibus
1347 4038 1424 4091 ira
1459 4038 1682 4108 quidem
1713 4038 1897 4092 divina
1939 4038 2195 4093 invisibi-

604 4119 697 4196 lis,
723 4132 878 4186 dolor
914 4146 1040 4185 vero
1078 4141 1131 4185 et
1184 4129 1413 4185 oﬂensio
1455 4141 1644 4199 aperta
1692 4130 2065 4184 invitantium.
2109 4130 2195 4185 An

604 4234 924 4296 potestatem
977 4239 1088 4277 non
1138 4224 1375 4288 habetis,
1413 4223 1460 4278 si
1498 4224 1630 4293 quid
1672 4224 1936 4279 molestia:
1962 4223 2196 4288 incidat,

604 4319 858 4388 privatim
891 4316 1187 4372 accusandi
1235 4326 1450 4381 mutuo,
1483 4326 1536 4370 et
1565 4331 1690 4386 qum
1733 4329 2032 4376 occurrunt
2063 4332 2198 4371 con-

2298 3108 2474 3177 μελῶς
2524 3102 2822 3162 παιδεύείν.
2882 3109 3200 3176 Ἕλεγξον,
3249 3111 3433 3180 φησὶν,
3494 3110 3887 3181 ἐπιτίμησον.

2292 3202 2604 3266 εὐκαίρως,
2641 3201 2921 3268 ἀκαίρως.
2963 3201 3117 3254 Ἐπεὶ
3169 3204 3264 3254 καὶ
3317 3203 3741 3273 παρακάλεσον,
3777 3223 3890 3258 νου-

2294 3289 2538 3358 ϐἐτησον,
2591 3291 2691 3342 ὅσα
2732 3290 2867 3344 ἄλλα
2917 3293 2945 3345 ό
2976 3293 3070 3346 τοῦ
3103 3292 3240 3346 Θεοῦ
3265 3294 3426 3363 νόμος
3480 3295 3599 3362 ἔχει
3641 3300 3743 3348 καὶ
3779 3297 3889 3348 δια-

2295 3383 2596 3436 κελεύεται.
2630 3384 2697 3436 Τί
2731 3384 2795 3455 δὴ
2822 3381 2916 3439 οῦν
2945 3386 3192 3456 βούλεταί
3235 3404 3325 3458 μοι
3351 3391 3378 3440 ὁ
3403 3388 3566 3455 λόγος
3610 3391 3890 3459 ﬁrmarit;-

2297 3490 2387 3526 σαι
2413 3491 2426 3537 ;
2453 3474 2588 3546 Περὶ
2621 3475 2870 3540 ἀταξίας·
2902 3479 2984 3529 ὅτι
3011 3477 3481 3548 προσκαλούμενοι
3510 3480 3620 3531 ὑπὸ
3651 3482 3888 3533 εύσεεῶι

2294 3566 2374 3628 είς
2407 3565 2745 3636 ψαλμῳδίας,
2786 3569 2849 3621 οὐ
2884 3569 3026 3620 κατὰ
3051 3568 3111 3621 τὸ
3140 3569 3424 3638 πρεπῶδες
3462 3571 3886 3642 συναθῳίζεσθε

2296 3660 2391 3712 καὶ
2422 3663 2779 3732 παννυχίζετε
2802 3704 2816 3727 ,
2847 3662 2960 3715 ἀλλ’
3023 3665 3081 3715 ὲν
3135 3663 3491 3734 λογομαχίαις
3529 3669 3631 3719 καὶ
3672 3685 3884 3737 πρωτο-

2297 3755 2553 3817 κλισίαις.
2580 3755 2898 3825 Προῦλαὸες
2924 3758 3013 3821 σὺ,
3045 3758 3202 3827 φησὶ,
3243 3758 3386 3828 κάμὲ
3415 3760 3519 3811 ούκ
3570 3759 3882 3828 ἀνέμειναε.

2296 3848 2371 3900 Τὸ
2422 3848 2551 3901 ῐδιον
2597 3848 2814 3901 δεῖπνον
2876 3847 3101 3918 ἔφαγες,
3164 3849 3305 3919 κάμὲ
3368 3849 3431 3903 ού
3492 3852 3882 3912 συνεκάλεσας.

2309 3937 2451 4007 Ἐγὼ
2483 3941 2977 4011 κανοναρχήσαιμι,
3011 3940 3128 3994 ἀλλ’
3165 3942 3226 3994 οῦ
3257 3941 3343 4005 σὺ,
3375 3943 3530 4012 φησί.
3565 3943 3682 3996 Καὶ
3717 3941 3882 3998 ταῦτα

2298 4029 2356 4081 ὲν
2398 4029 2686 4102 ὲκκλησέαο
2728 4031 2822 4084 καὶ
2845 4031 3016 4084 ταῦτα
3045 4033 3351 4086 ἀκουόντων
3375 4033 3485 4085 τῶν
3511 4034 3876 4103 κεκληκότων·

2298 4122 2382 4191 ἐφ’
2411 4118 2491 4184 οἷς
2518 4122 2656 4195 ὀργὴ
2689 4124 2789 4193 μὲν
2817 4123 2952 4177 Θεοῦ
2980 4125 3226 4196 ἀοράτως
3254 4141 3268 4155 °
3314 4125 3460 4195 λύπη
3498 4125 3556 4178 δὲ
3589 4131 3685 4179 καὶ
3718 4127 3878 4196 βλὲξη

2299 4215 2708 4286 ὁμολογουμένη
2741 4215 2851 4268 τῶν
2880 4216 3248 4285 κεκληκότων.
3283 4217 3372 4287 Μὴ
3405 4217 3515 4287 γὰρ
3573 4220 3763 4288 χώραν
3790 4222 3877 4272 οἰκ

2303 4307 2484 4377 ἔχητε,
2520 4309 2568 4359 εί
2606 4307 2700 4360 καί
2731 4325 2782 4360 τι
2815 4308 3022 4374 γίνοιτο
3045 4306 3348 4371 θλιπτικὸν,
3381 4309 3461 4370 είς
3485 4308 3546 4359 τὸ
3586 4309 3698 4379 ἰδία
3731 4311 3878 4378 ἐγκα-

604 4408 826 4464 ciliandi
851 4422 945 4476 per
1007 4406 1436 4462 satisfactionem
1487 4415 1542 4460 et
1589 4421 1888 4476 congruam
1924 4408 2203 4462 humilita-

2307 4399 2420 4450 λεῖν
2441 4397 2711 4468 ἀλλήλοις,
2745 4400 2837 4451 καὶ
2862 4398 2931 4450 τὰ
2959 4398 3344 4467 συμπίπτοντα
3384 4399 3793 4455 καταλλάσσειν
3820 4402 3876 4455 δι’

605 4502 750 4555 tem?
810 4500 912 4553 Sed
972 4498 1142 4552 frater
1205 4515 1327 4554 cum
1359 4499 1528 4553 fratre
1579 4501 1884 4561 contendit,
1915 4501 2194 4567 irascitur,

606 4595 803 4663 injuria
833 4591 1018 4657 allicit,
1046 4592 1360 4647 indecenter
1381 4608 1440 4648 se
1470 4593 1608 4663 gerit
1635 4593 1686 4647 in
1712 4593 1888 4649 oculis
1916 4594 2191 4648 omnium.

607 4686 651 4742 Ο
701 4684 1101 4757 petulantiam?
1135 4699 1168 4738 ο
1215 4683 1457 4738 alienum
1507 4699 1538 4738 a
1578 4685 1865 4739 monachis
1908 4693 2199 4755 spectacu-

605 4778 718 4832 lum
754 4776 768 4830 ι
798 4791 831 4831 o
861 4776 1170 4831 divinarum
1197 4773 1378 4845 legum
1407 4775 1816 4845 contemptum!

680 4951 886 5006 Deinde
943 4967 1107 5006 causa
1152 4953 1445 5023 praeposito
1485 4954 1826 5008 attribuitur.
1875 4952 2056 5021 Talis,
2107 4953 2194 5007 in-

607 5045 828 5114 quiunt,
881 5042 1127 5113 magistri
1161 5043 1294 5098 tales
1341 5053 1396 5098 et
1423 5044 1696 5112 discipuli.
1730 5043 1928 5096 Annon
1963 5057 2192 5096 exosum

609 5151 697 5189 me
727 5135 793 5187 iis
840 5136 1003 5188 etiam
1041 5134 1136 5205 qui
1178 5135 1230 5191 in
1265 5136 1398 5189 urbe
1427 5145 1557 5188 sunt
1599 5133 1954 5187 reddidistis?
1989 5135 2190 5187 Annon

609 5225 936 5294 praclarum
1004 5240 1243 5288 nomen,
1297 5225 1441 5294 quod
1493 5225 1544 5277 in
1607 5231 1794 5278 sancta
1852 5223 2199 5278 fraternitate

611 5329 798 5372 nostra
836 5318 1169 5373 celebratum
1198 5317 1319 5383 fuit,
1353 5319 1408 5372 in
1446 5319 1784 5372 contrarium
1816 5317 2204 5372 convertitur?

614 5409 878 5480 Pugnatis
921 5422 975 5465 et
1009 5411 1344 5483 helligeratis
1374 5429 1387 5464 :
1443 5410 1731 5468 comeditis
1765 5419 1820 5467 et
1850 5410 2056 5477 bibitis,
2089 5425 2196 5464 non

707 5525 751 5555 “
784 5522 828 5577 ll
872 5522 1014 5579 Tim.
1047 5540 1123 5589 tv,
1162 5523 1216 5578 ‘2.

2301 4489 2598 4556 ἀπολογίας
2626 4491 2720 4542 καὶ
2749 4489 2847 4559 τῆς
2867 4489 3097 4560 δεούσης
3123 4490 3542 4558 ταπεινώσεως;
3579 4493 3877 4547 Ἀλλ’ἀδελ-

2303 4580 2401 4650 φὺς
2436 4579 2554 4649 μετ’
2583 4580 2810 4649 ἀδελφοῦ
2841 4582 3098 4652 μάχεται,
3129 4582 3428 4653 ὀργίζεται,
3450 4583 3690 4654 ὑϐρίζει,
3717 4587 3876 4656 ἀσχη-

2303 4673 2474 4742 μονεῖ,
2523 4672 2618 4724 ἐπὶ
2656 4671 2949 4743 προσώπου
2987 4675 3227 4728 πάντων.
3264 4677 3328 4730 Ὦ
3374 4675 3475 4746 τῆς
3519 4677 3794 4744 ἀταξίαςι
3839 4679 3876 4732 ὦ

2299 4763 2398 4832 τῆς
2447 4762 2722 4833 ἀμονάχου
2760 4763 3028 4837 θεωρίαςῑ
3061 4765 3106 4818 ῶ
3136 4765 3237 4837 τῆς
3286 4768 3759 4839 καταφρονήσεως
3784 4773 3876 4824 τῶν

2305 4854 2468 4907 θείων
2496 4855 2678 4926 νόμων
2703 4858 2716 4911 l

2375 4943 2508 5000 Εἶτα
2554 4947 2588 5018 ἡ
2631 4947 2778 5001 αἰτία
2817 4947 2911 5002 ἐπὶ
2961 4948 3054 5001 τὸν
3113 4948 3554 5018 καθηγούμενον.
3612 4952 3868 5012 τοιούτοιι

2306 5039 2461 5110 φησὶ,
2494 5039 2813 5094 διδασκάλου
2843 5041 3152 5111 τηλικοῦτοι
3183 5042 3280 5094 καὶ
3320 5042 3588 5113 μαθηταί.
3616 5034 3745 5113 Ἆρ’
3778 5045 3869 5106 0ὖῂ

2309 5131 2536 5200 μισητόν
2565 5148 2632 5201 με
2663 5131 3001 5202 πεποιήκατε
3032 5132 3127 5184 καὶ
3164 5135 3274 5195 τοῖς
3301 5135 3360 5185 ὲν
3393 5135 3550 5188 ἄστει
3579 5152 3595 5201 ;
3622 5131 3748 5205 Ἆρ’
3778 5137 3870 5203 0-3;;

2302 5223 2363 5275 τὸ
2394 5222 2558 5275 καλὸν
2584 5223 2754 5293 ὄνομα
2777 5223 2836 5275 τὸ
2865 5223 3162 5294 ἐπικληθὲν
3189 5226 3284 5278 ἐπὶ
3313 5229 3380 5296 τῇ
3413 5228 3542 5296 ὁσία
3572 5227 3876 5296 ἀδελφότητι

2305 5314 2484 5385 ἡμῶν,
2525 5315 2603 5378 είς
2642 5315 2952 5368 τούναντίον
3002 5319 3442 5388 περιτρέπεταις
3507 5319 3766 5389 Μαχεσθε
3801 5321 3878 5372 καὶ

2307 5406 2592 5478 πολεμεῖτε
2621 5424 2634 5436 ·
2688 5407 2931 5479 τρῶγετε
2974 5415 3070 5464 καὶ
3113 5410 3296 5463 πίνετε
3322 5426 3335 5441 ·
3369 5412 3476 5465 οὐκ
3504 5413 3768 5481 εὐλαϐῶς,
3798 5411 3878 5480 οὐκ

2135 5697 2364 5754 ΝΟΤΛΞ.

697 5817 808 5887 ('20)
836 5817 894 5874 lu
934 5819 1054 5874 cod.
1085 5817 1218 5887 Reg.
1273 5814 1415 5887 ρλτ’.
