3964 6320
90 377 237 444 1405

1283 385 1816 448 EPISTULARUM
1857 388 2003 447 LIB.
2045 388 2128 449 II.

3212 378 3348 442 1406

84 493 335 565 ἡσύχως,
373 492 489 548 ἀλλ’
512 491 767 565 άσέμνως
789 535 806 562 ,
851 497 969 551 ἀλλ’
997 499 1306 572 ἅμονάχως.
1360 503 1499 558 Εἴτε
1552 499 1666 560 οὖν

1789 513 2082 558 ἐνετεηιει-
2130 510 2185 558 et
2251 501 2496 570 paciﬂce,
2534 497 2628 555 sed
2663 497 2970 560 inhoneste,
3032 496 3128 551 sed
3157 505 3352 551 contra

83 585 347 648 ἐσθίετε,
399 585 521 640 alte
573 588 800 652 πίνετε,
839 589 960 644 εἶτε
1014 592 1077 644 τι
1130 593 1371 658 ποιεῖτε,
1421 596 1588 666 φησὶν
1639 598 1668 650 ὁ

95 672 448 741 Ἀπόστολος,
480 674 680 729 πάντα
701 677 791 743 εὶς
817 677 1005 742 δόξαν
1033 681 1182 735 Θεοῦ
1214 683 1454 737 ποιεῖτε.
1479 684 1669 754 Ὑμεῖς

83 763 148 816 δὲ
182 765 282 835 οὐχ
314 765 508 833 οὕτως,
542 768 638 820 καὶ
667 769 1057 839 καταισχύνετε
1109 771 1169 824 τὸ
1229 773 1383 842 ἆγιον
1442 775 1628 846 σχῆμα
1649 790 1667 808 ⁸

85 855 478 920 σκανδαλίζετε
522 860 648 922 τοὺς
670 861 940 928 εὐλαὸεῖς,
997 863 1198 932 μᾶλλον
1235 863 1293 918 δέ
1321 865 1418 919 καὶ
1445 867 1672 920 ἀνευλα-

84 945 230 1005 ὗεῖς.
306 946 432 999 Εἴθε
508 950 740 1018 ἠκούετο
807 953 937 1024 περὶ
993 953 1112 1019 ἐνὸς
1191 956 1423 1030 ἐκάστιλυ
1491 958 1667 1028 ὑμῶν.

98 1037 322 1092 Ὀποῖον
346 1039 570 1105 εὐλαϐὲς
591 1042 881 1113 πρόσωπον
911 1044 1065 1116 φέρει
1087 1048 1116 1102 ὁ
1132 1047 1312 1102 δεῖναῐ
1342 1050 1456 1103 0ὑὰ
1481 1049 1671 1120 ἡλίκον

84 1129 153 1181 τὸ
212 1131 488 1219 σιωπηλὸν
545 1132 642 1186 τοῦ
685 1133 866 1190 δεῖναί
927 1133 1057 1205 εὖγε
1114 1138 1176 1192 τὸ
1224 1140 1673 1212 ἀπαρρησίαστον

87 1221 331 1274 ἐκείνου·
363 1220 458 1275 τοῦ
496 1223 553 1276 δὲ
589 1224 650 1276 τὸ
679 1226 958 1280 τακτικόνο
997 1227 1161 1281 ἄλλου
1187 1229 1250 1282 τὸ
1282 1230 1672 1299 σεμνόψαλτον’

87 1311 289 1383 ἐτέρου
329 1314 390 1366 τὸ
437 1315 843 1387 εὐαπάντητονι
896 1318 1085 1374 Ταῦτα
1135 1321 1230 1376 καὶ
1278 1323 1403 1387 τοὺς
1450 1323 1676 1394 ἔχοντας

92 1406 375 1471 καλλύνει,
426 1410 520 1462 καὶ
545 1412 672 1472 τοὺς
705 1410 1045 1482 θεωροῦντας
1076 1414 1306 1484 ὀνίνησι,
1330 1415 1423 1468 τόν
1450 1432 1512 1469 τε
1539 1416 1674 1470 Θεὸν

90 1498 402 1567 εὐφραίνει,
442 1502 587 1571 κάμὲ
637 1501 728 1556 τὸν
787 1505 1111 1574 ἁμαρτωλὸν
1159 1507 1432 1577 σεμνύνει.
1470 1505 1587 1560 Νῦν
1618 1508 1676 1561 δὲ

93 1588 245 1640 κατὰ
273 1589 372 1651 τὰς
412 1591 686 1662 ἁμαρτίας
723 1611 825 1663 μου
857 1595 1210 1666 ἀντίστροφα.
1238 1599 1348 1653 Καὶ
1375 1598 1436 1651 οὑ
1459 1598 1676 1653 πάντων

93 1677 473 1749 καθάπτομαιο
515 1684 638 1736 ἐπεὶ
676 1685 862 1740 πολλοὶ
895 1687 1077 1758 χάριτι
1103 1688 1259 1756 Θεοῦ,
1282 1690 1424 1753 οἵους
1457 1692 1612 1762 ζητεῖ
1646 1691 1677 1744 6

93 1768 280 1835 λόγος’
312 1769 428 1823 ἀλλ’
457 1771 681 1827 ἐκείνων
705 1773 814 1827 τῶν
863 1776 1237 1846 ἐνισχημένων
1264 1782 1330 1850 τῇ
1353 1779 1674 1851 ἀπροσεξίᾳ.

1771 610 1976 650 morem
2014 593 2426 648 monasticum:
2481 578 2602 647 Sive
2661 606 2787 659 ergo
2825 589 3186 652 manducatis,
3247 590 3354 644 sive

1772 687 1974 752 bibitis,
2010 687 2115 741 sive
2144 685 2272 756 quid
2295 685 2444 738 aliud
2468 685 2668 754 facitis,
2694 683 2771 737 ait
2816 681 3134 751 Apostolus,
3171 682 3353 734 omnia

1768 780 1826 832 in
1849 778 2074 849 gloriam
2103 777 2200 831 Dei
2223 777 2384 846 facite
2400 776 2466 829 ⁸⁷.
2492 775 2602 830 Vos
2629 789 2759 828 vero
2809 789 2916 827 non
2959 773 3037 826 sic
3066 789 3080 824 :
3115 780 3169 826 et
3199 771 3358 841 igno-

1772 871 1941 925 minia
1971 869 2184 926 aﬂicitis
2217 885 2433 925 sncrum
2484 869 2729 922 habitum
2775 883 2788 920 :
2820 863 3149 919 verecundis
3185 863 3360 917 offen-

1771 963 1953 1017 diculo
2002 963 2154 1027 estis,
2220 962 2328 1015 imo
2358 961 2540 1030 potius
2583 957 2994 1013 inverecundis.
3035 953 3258 1010 Utinam
3292 955 3361 1010 de

1775 1069 2107 1124 unoquoque
2138 1064 2384 1124 vestrum
2412 1052 2669 1107 audiatur
2698 1068 2712 1103 :
2747 1049 3022 1116 Quantam
3066 1048 3218 1102 vultu
3245 1062 3362 1100 mo-

1773 1115 2260 1216 destiam-prafert
2297 1115 2416 1200 ille!
2466 1143 2512 1200 Ο
2542 1153 2809 1214 quantum
2872 1140 3074 1196 silentii
3119 1139 3360 1194 studium

1774 1248 1858 1294 est
1890 1238 2001 1293 illi!
2037 1252 2245 1307 quanta
2299 1235 2566 1291 modestia
2615 1245 2701 1289 est
2737 1233 2920 1300 istius,
2973 1230 3184 1285 ordinis
3228 1244 3364 1282 cura

1777 1329 1832 1384 in
1867 1331 1990 1397 hoc,
2041 1329 2094 1383 in
2127 1329 2234 1383 alio
2286 1327 2526 1398 gravitas
2572 1333 2788 1386 cantus.
2831 1325 2886 1379 in
2936 1324 3046 1377 alio
3091 1321 3361 1376 comitas!

1779 1418 1905 1475 Haec
1957 1427 2013 1474 et
2063 1419 2185 1472 illos
2229 1418 2322 1485 qui
2367 1417 2452 1472 bis
2490 1416 2702 1486 praediti
2759 1424 2886 1469 sunt
2914 1419 3133 1473 ornant,
3158 1419 3213 1464 et
3240 1425 3366 1478 spe-

1779 1520 1988 1567 ctantes
2015 1510 2232 1580 juvant.
2274 1508 2555 1576 Deumque
2597 1505 2925 1564 exhilarant.
2957 1511 3013 1556 et
3053 1517 3138 1554 me
3173 1515 3368 1567 pecca-

1779 1612 1951 1658 torem
2002 1603 2317 1656 honestant.
2348 1599 2503 1654 Nunc
2554 1613 2705 1663 vero,
2753 1596 2902 1666 quod
2935 1593 3174 1664 peccatis
3227 1592 3368 1645 meis

1782 1695 2030 1758 debetur,
2071 1695 2254 1749 omnia
2310 1691 2613 1747 contraria.
2663 1687 2776 1743 Nec
2806 1698 2992 1742 tamen
3025 1699 3217 1739 omnes
3241 1698 3369 1752 per-

1781 1788 1988 1857 stringo
2028 1805 2042 1841 :
2103 1786 2230 1856 quia
2270 1800 2368 1855 per
2397 1783 2491 1838 Dei
2531 1781 2760 1853 gratiam
2804 1778 2960 1833 multi
3005 1784 3134 1831 sunt
3175 1775 3368 1845 quales

92 1862 416 1951 Παρακαλῶ
471 1861 566 1918 οὖν
621 1868 785 1934 ὑμᾶς,
827 1869 1030 1937 μᾶλλον
1056 1869 1111 1922 δὲ
1140 1870 1478 1941 ἐντέλλομαι,
1510 1873 1677 1928 ἀλλά-

1789 1882 1944 1951 exigit
1972 1880 2114 1936 ratio
2139 1898 2152 1935 :
2184 1879 2277 1934 sed
2300 1879 2424 1932 illos
2445 1877 2538 1946 qui
2567 1875 2896 1946 negligentia
2921 1870 3184 1940 implicati
3211 1876 3365 1924 sunt.

93 1950 231 2017 ξατε
254 1954 322 2005 τά
346 1955 559 2024 πονηρὰ
586 1955 690 2025 ἦθη
721 1957 816 2010 καὶ
845 1957 962 2028 ἔθη,
995 1960 1122 2023 τοὺς
1153 1961 1392 2031 τρόπους
1431 1962 1525 2016 καὶ
1551 1965 1679 2026 τοὺς

94 2041 317 2112 λόγους·
344 2046 410 2097 τὰ
441 2047 541 2115 σχή
552 2064 697 2115 ματα
724 2049 819 2100 καὶ
847 2048 914 2100 τὰ
944 2052 1206 2120 στόματα.
1234 2052 1389 2105 Ἐπεὶ
1408 2052 1492 2116 τίς
1519 2053 1678 2123 χρεία

92 2135 224 2188 ἀντὶ
255 2135 463 2204 ἀγαθοῦ
496 2138 760 2209 πονηρίαν
813 2139 1184 2195 ὑποδεικνύειν
1231 2145 1344 2205 τοῖς
1396 2142 1676 2214 κλήτορσι,

91 2227 235 2280 Θεόν
276 2244 339 2279 τε
383 2227 593 2294 λυπεῖν,
643 2230 790 2299 κάμὲ
827 2231 920 2287 τὸν
972 2233 1204 2288 ἐλεεινὸν
1258 2237 1676 2306 καταισχύνειν;

107 2320 555 2393 Ἀκουσθήσομαι
583 2364 598 2390 ,
655 2323 872 2394 ἀδελφοί
939 2343 1040 2396 μου
1068 2367 1083 2392 ,
1122 2328 1244 2380 ἐπεὶ
1310 2329 1492 2400 βοήσω
1541 2330 1680 2400 πρὸς

93 2411 309 2483 Κύριον
345 2414 375 2466 ὁ
426 2414 664 2480 ἀνάξιος.
705 2417 936 2470 Ἔπειτα
991 2419 1085 2473 καὶ
1133 2419 1518 2490 διαστελοῦμαι
1573 2422 1680 2474 ἀπὸ

92 2502 196 2555 τοῦ
233 2502 614 2569 ἀπειθοῦντος.
653 2506 864 2570 Ἀπλῶς
907 2509 963 2560 δὲ
1017 2509 1160 2578 λέγω
1198 2510 1359 2579 τυχὸν
1391 2512 1484 2564 καὶ
1526 2511 1679 2565 ἀδια-

95 2595 289 2663 φόρως
320 2597 560 2668 φέρομαι
588 2615 602 2630 ο
657 2600 732 2669 μὴ
785 2599 1107 2654 διαστέλλων
1131 2600 1220 2654 τὸν
1245 2603 1392 2655 ὅσιον
1439 2601 1546 2656 ἀπὸ
1583 2599 1679 2655 τοῦ

94 2691 343 2745 ἀνοσίου.
389 2690 580 2761 ’Υμεῖς
634 2695 768 2748 Θεὸν
817 2697 878 2748 οὐ
931 2695 1216 2764 φοϐεῖσθε;
1274 2697 1409 2766 Οὐχὶ
1464 2696 1522 2749 δὲ
1552 2697 1681 2767 περὶ

92 2781 277 2851 ἀργοῦ
333 2785 578 2855 ῥήματος
639 2785 884 2856 δώσομεν
938 2788 1130 2856 λόγον,
1200 2789 1262 2842 '0
1314 2788 1460 2854 Θεὸς
1510 2786 1681 2857 ἡμῶν

95 2874 227 2941 πῦρ
268 2878 744 2943 καταναλίσκον,
800 2879 1042 2948 ἀδελφοί.
1106 2883 1204 2935 Ὃν
1255 2880 1607 2951 φοϐηθῶμεν,
1637 2877 1682 2949 ᾧ

97 2965 216 3018 ἀπὸ
266 2965 359 3018 τοῦ
423 2966 583 3038 δευρο
632 2969 1006 3040 δουλεύσωμεν
1069 2973 1273 3034 ὁσίως·
1331 2973 1420 3026 ἵνα
1482 2973 1682 3036 κακίας

99 3056 328 3127 ἁπάσης
377 3058 542 3131 μέχρι
582 3061 678 3113 καὶ
732 3061 1055 3132 ἀργολογίας
1080 3064 1428 3132 ἀπεχόμενοι,
1481 3066 1682 3134 ἀρετῆς

95 3147 165 3202 δὲ
218 3149 467 3220 ἐχόμενοι
501 3191 516 3217 ,
588 3153 915 3224 κληρονόμοι
976 3154 1271 3224 γενοίμεθα
1337 3155 1483 3227 ζωῆς
1537 3159 1683 3210 αίω-

98 3240 244 3294 νίουο
279 3243 542 3310 φυγόντες
564 3244 632 3298 τὰ
655 3244 994 3316 ἡπειλημένα
1016 3247 1349 3319 κολαστήρια
1374 3251 1485 3312 τοῖς
1515 3266 1685 3304 καταο

103 3335 408 3404 φρονηταῖς
440 3373 455 3398 ,
495 3337 553 3388 ἐν
594 3336 818 3407 Χριστῷ
860 3337 1034 3409 Ἰησοῦ
1083 3338 1163 3409 τῷ
1205 3339 1399 3411 Κυρίῳ
1438 3341 1616 3412 ἡμῶν,
1643 3335 1688 3409 ᾧ

101 3429 140 3496 ἡ
176 3426 308 3491 δόξα
357 3428 451 3480 καὶ
483 3429 543 3480 τὸ
593 3431 795 3498 κράτος
848 3431 942 3484 σὺν
975 3429 1055 3500 τῷ
1092 3431 1268 3503 Πατρὶ
1315 3433 1409 3485 καὶ
1434 3433 1514 3502 τῷ
1544 3434 1689 3504 ἁγίῳ

103 3517 412 3587 Πνεύματι,
469 3517 565 3571 νῦν
611 3519 707 3573 καὶ
754 3519 862 3582 ἀεὶ,
894 3520 988 3574 καῖ⁵
1038 3523 1119 3584 είς
1167 3522 1296 3585 τοὺς
1342 3521 1545 3588 αἰῶνας
1581 3525 1690 3580 τῶν

103 3613 346 3667 αἰώνων.
376 3613 568 3682 ’Δμήν.

218 3731 376 3786 ΡΚΕ⁹
411 3732 548 3804 (21).
587 3763 658 3775 —
706 3733 1071 3802 Κανονικαῖς
1117 3738 1446 3806 «pare/10v
1505 3735 1690 3809 [χξθ’.]

1779 1974 1980 2029 Hortor
2011 1988 2140 2042 ergo
2167 1987 2282 2035 vos,
2316 1979 2412 2025 aut
2437 1969 2622 2040 potius
2647 1965 2906 2036 praecipio
2946 1982 2960 2018 :
2997 1971 3203 2017 mutate
3237 1975 3364 2028 per-

1778 2079 1969 2119 versos
2023 2076 2203 2116 mores
2235 2069 2290 2114 et
2319 2054 2764 2118 consuetudines,
2811 2052 3031 2106 modum
3073 2045 3267 2117 agendi
3314 2053 3367 2097 et

1778 2155 2055 2226 loquendi,
2088 2162 2274 2223 gestus
2313 2159 2477 2218 atque
2508 2147 2623 2201 oris
2657 2145 2931 2199 habitum.
2973 2140 3186 2194 Etenim
3234 2134 3368 2205 quid

1775 2249 1929 2319 juvat
1987 2246 2112 2301 boni
2163 2245 2288 2299 loco
2342 2241 2609 2297 malitiam
2653 2236 2946 2293 ostendere
2991 2229 3367 2291 vocatoribus,

1780 2340 2060 2410 Deumque
2112 2338 2460 2400 contristare,
2492 2342 2548 2388 et
2578 2347 2664 2386 me
2692 2329 2956 2385 miserum
2990 2325 3200 2395 pudore
3241 2321 3366 2376 alli-

1778 2431 2244 2497 cerc?Exaudiar,
2279 2429 2480 2484 fratres
2505 2425 2635 2487 mei,
2669 2438 2794 2478 cum
2823 2419 3075 2474 clamabo
3105 2417 3368 2485 indignus

1779 2525 1846 2578 ad
1881 2523 2192 2577 Dominum.
2224 2519 2430 2574 Deinde
2452 2516 2752 2572 subducam
2783 2527 2870 2565 me
2901 2510 2970 2564 ab
2996 2507 3366 2562 inobediente.

1780 2615 2034 2670 Fortasse
2088 2621 2271 2665 autem
2321 2609 2502 2663 minus
2539 2605 2837 2676 prudenter
2890 2601 3104 2669 loquor,
3168 2605 3223 2652 et
3282 2597 3369 2650 in-

1779 2703 2196 2759 discriminatim
2218 2700 2380 2762 feror,
2415 2696 2563 2767 pium
2587 2695 2656 2750 ab
2682 2693 2851 2762 impio
2874 2705 2980 2745 non
3001 2689 3370 2758 distinguens.

1780 2796 1891 2851 Vos
1932 2794 2100 2848 Deum
2153 2807 2264 2847 non
2307 2788 2566 2844 timetis?
2618 2787 2818 2840 Annon
2856 2784 2924 2837 de
2964 2782 3144 2836 otioso
3202 2783 3374 2835 verbo

1780 2889 2045 2944 rationem
2079 2885 2372 2940 reddemus
2392 2882 2476 2936 ⁸⁸2
2530 2879 2668 2933 Deus
2749 2887 2930 2929 noster
2982 2874 3120 2944 ignis
3184 2889 3379 2926 consu-

1782 2995 1927 3032 mens
1949 2977 2104 3040 est”,
2145 2974 2367 3028 fratres.
2399 2971 2555 3026 Illum
2586 2967 2900 3030 timeamus,
2931 2963 3005 3018 illi
3032 2974 3222 3018 sancte
3253 2977 3372 3015 ser-

1783 3071 1996 3124 viamus
2054 3067 2107 3120 in
2164 3074 2465 3135 posterum,
2509 3071 2569 3116 ut
2624 3076 2656 3115 a
2704 3059 2848 3112 malo
2891 3057 3041 3111 omni
3086 3070 3263 3123 usque
3307 3053 3376 3108 ad

1790 3162 2016 3218 verbum
2046 3159 2282 3214 otiosum
2308 3155 2667 3219 abstinentes,
2701 3149 3002 3218 virtutique
3033 3146 3373 3207 insistentes,

1792 3253 2035 3309 haeredes
2063 3252 2257 3304 fiamus
2286 3248 2410 3302 vita:
2453 3258 2689 3306 aeternae,
2722 3242 2990 3296 intentata
3024 3244 3378 3304 contempto-

1793 3347 1945 3402 ribus
1971 3342 2234 3414 supplicia
2271 3340 2632 3410 effugientes;
2678 3336 2732 3390 in
2768 3333 2989 3389 Christo
3018 3330 3146 3386 Jesu
3195 3327 3382 3383 Domi-

1795 3454 1868 3493 no
1925 3447 2134 3501 nostro,
2187 3435 2276 3490 cui
2323 3431 2490 3503 gloria
2519 3441 2573 3486 et
2603 3428 2895 3500 imperium
2947 3442 3074 3481 cum
3121 3423 3282 3478 Patre
3328 3429 3385 3474 et

1797 3537 1987 3586 sancto
2017 3526 2246 3597 Spiritu,
2282 3540 2428 3580 nunc
2455 3532 2509 3579 et
2539 3537 2774 3592 semper,
2806 3528 2861 3575 et
2889 3519 2946 3574 in
2973 3517 3174 3574 saecula
3213 3527 3388 3570 saecu-

1797 3624 1997 3679 lorum.
2025 3623 2224 3676 Amen.

2017 3736 2226 3792 CXXV.
2254 3764 2325 3777 -—
2353 3735 2436 3789 Ad
2467 3733 2747 3788 canonicos
2788 3730 3168 3802 principenses.

854 3847 1037 3897 Harum
1076 3847 1288 3899 virtutes
1311 3849 1492 3908 laudat,
1517 3857 1569 3899 et
1598 3851 1656 3898 ad
1678 3851 1947 3914 perfectam
1980 3848 2354 3901 sanctimoniam
2383 3848 2630 3897 hortatur.

182 3955 330 4017 Χθές
389 3952 512 4007 ἰδὼν
561 3953 707 4025 ὑμᾶς
740 3955 841 4017 τὰς
899 3957 956 4008 ἐν
1006 3956 1196 4027 Κυρίῳ
1245 3956 1518 4027 ἀδελφὰς,
1571 3958 1697 4010 ἐπεὶ

108 4049 447 4115 κατεπεῖγον
471 4041 540 4116 ἦν
563 4046 651 4100 διὰ
672 4047 774 4116 τὴν
815 4044 912 4100 τοῦ
961 4048 1382 4118 θεοφιλεστάτου
1437 4051 1697 4121 ἀρχιεπι-

110 4140 328 4192 σκόπου
387 4137 710 4202 ἀσθένειαν,
764 4138 1052 4210 ἐκωλύθην
1102 4140 1235 4211 ὑμῖν
1284 4140 1517 4212 λαλῆσαι
1572 4143 1698 4195 ὅσον

108 4231 312 4301 ἐχρῆν.
381 4230 518 4283 Νυνὶ
569 4231 625 4284 δὲ
674 4230 764 4284 διὰ
836 4230 930 4284 τοῦ
985 4231 1317 4303 γράμματος
1365 4234 1427 4286 τὸ
1479 4233 1698 4298 ἐλλιπὲς

108 4321 513 4392 ἀναπληρῶσαι
548 4322 729 4386 καλῶς
770 4321 915 4391 ἔχειν
949 4322 1200 4392 ἐνόμισα.
1230 4319 1383 4377 Εἶδον
1425 4323 1580 4394 ὑμῶν
1605 4324 1704 4395 τὴν

111 4413 462 4482 ἀδελφότητα
507 4415 606 4483 ὅση
654 4413 748 4467 καὶ
789 4413 975 4484 ἡλίκη,
1028 4414 1112 4467 ὃτι
1140 4431 1200 4466 τε
1230 4415 1426 4485 πλήθει
1455 4416 1706 4485 ηὐξημέ-

113 4525 208 4575 νη,
247 4508 344 4559 καὶ
379 4507 590 4559 συνέσει
619 4505 992 4575 διαφέρουσα’
1041 4505 1138 4560 καὶ
1178 4505 1407 4570 ἐδόξασα
1439 4507 1527 4559 τὸν
1562 4509 1702 4575 ἀγα-

113 4599 212 4651 θὸν
242 4597 379 4650 Θεὸν
406 4596 598 4666 ἡμῶν·
635 4597 694 4661 ὃς
744 4599 1054 4669 συνήγαγεν
1089 4598 1234 4666 ὑμᾶς
1279 4596 1536 4650 τοσοῦτον
1568 4599 1704 4668 πλῆ-

1875 3960 2009 4015 Cum
2044 3973 2142 4011 vos
2175 3957 2423 4010 hesterna
2467 3954 2555 4008 die
2594 3953 2648 4006 in
2695 3950 2931 4005 Domino
2978 3961 3203 4003 sorores
3237 3945 3375 4014 vidi,

1805 4052 1932 4122 quia
1967 4058 2188 4121 propter
2227 4045 2576 4101 dilectissimi
2608 4045 2715 4098 Deo
2747 4038 3148 4110 archiepiscopi
3178 4038 3388 4093 valetu-

1805 4143 1986 4198 dinem
2039 4156 2127 4195 res
2167 4138 2416 4208 urgebat,
2449 4135 2763 4205 prohibitus
2813 4146 2935 4186 sum
2977 4145 3079 4184 vos
3114 4138 3385 4199 quantum

1805 4251 1942 4306 opus
1976 4243 2092 4289 erat
2117 4229 2343 4300 alloqui.
2372 4226 2529 4282 Nunc
2565 4242 2694 4280 vero
2723 4239 3036 4294 congruum
3067 4223 3386 4279 existimavi

1805 4343 1902 4396 per
1941 4325 2149 4380 litteras
2183 4321 2437 4390 supplere
2464 4318 2607 4385 quod
2636 4317 2829 4372 defuit.
2864 4313 2986 4370 Vidi
3015 4331 3257 4384 namque
3293 4330 3383 4369 so-

1806 4417 2056 4472 cietatem
2102 4423 2363 4476 vestram,
2412 4417 2616 4479 quanta
2654 4407 2946 4477 qualisque
2993 4408 3086 4473 sit,
3137 4406 3284 4475 quod
3333 4415 3390 4462 et

1808 4523 2037 4565 numero
2069 4505 2268 4574 ampla,
2309 4512 2366 4559 et
2403 4501 2691 4572 prudentia
2728 4509 2994 4568 praestans
3025 4517 3038 4553 :
3069 4499 3387 4567 bonumque

1808 4599 1976 4653 Deum
2007 4603 2257 4649 nostrum
2301 4591 2625 4663 glorificavi,
2670 4591 2763 4660 qui
2801 4599 2952 4644 tanta
2990 4603 3087 4643 vos
3133 4589 3386 4644 multitu-

115 4693 211 4756 θος
245 4692 342 4744 ἐπὶ
387 4691 450 4744 τὸ
498 4692 650 4758 αὐτὸ,
706 4691 787 4762 τῷ
837 4693 1195 4763 σταυροφόρῳ
1254 4691 1354 4763 βίῳ
1425 4691 1687 4745 δουλεύειι

1806 4689 1931 4744 dine
1963 4688 2017 4740 in
2049 4701 2218 4739 unum
2239 4682 2606 4752 congregavit,
2634 4689 2694 4734 ut
2723 4680 2827 4734 sub
2849 4694 3013 4733 cruce
3036 4679 3300 4746 viventes,
3330 4681 3388 4734 in

111 4785 270 4854 αὐτῴ
318 4786 376 4835 ἐν
412 4784 651 4854 ὁσιότητι
704 4784 800 4838 καὶ
859 4785 1200 4856 δικαιοσύνῃ.
1234 4784 1369 4837 Τίνα
1421 4779 1515 4835 οὖν
1552 4786 1708 4836 ἐπαι-

1808 4779 2101 4835 sanctitate
2156 4785 2210 4829 et
2253 4775 2468 4844 justitia
2520 4773 2781 4828 serviatis
2834 4772 2932 4825 illi.
2995 4771 3168 4836 Quam
3215 4772 3385 4842 igitur

114 4878 296 4942 νὲσω;
339 4877 439 4946 τὴν
478 4876 903 4948 καθηγουμένην
959 4877 1142 4942 πλέον,
1178 4877 1212 4947 ἢ
1260 4877 1406 4947 ὑμᾶς
1444 4877 1542 4940 τὰς
1581 4878 1687 4928 ἐπο-

1808 4867 2087 4925 laudaho?
2137 4866 2418 4921 Ducemne
2461 4873 2703 4920 vestram
2747 4863 2952 4932 potius,
3005 4878 3074 4916 an
3122 4879 3223 4918 vos
3261 4878 3387 4933 quas

119 4973 292 5042 μένας
326 4970 422 5023 καὶ
474 4971 964 5040 ὑποτασσομένας;
1024 4969 1358 5039 Ἀμφότεραι
1412 4969 1704 5038 ἐγκωμίων

116 5065 378 5134 πλήρεις,
404 5064 568 5116 αῐνων
600 5064 696 5117 καὶ
728 5063 987 5118 ἐπαίνων.
1042 5064 1152 5116 Καὶ
1178 5064 1238 5116 οὐ
1278 5062 1437 5132 μόνον
1471 5062 1613 5116 κατὰ
1644 5060 1707 5114 τὸ

118 5156 362 5224 συναφὲς
407 5155 505 5224 τῆς
541 5155 920 5226 πνευματικῆς
954 5155 1102 5224 ζωῆς
1124 5195 1139 5219 ,
1173 5153 1289 5208 ἀλλ’
1322 5154 1404 5207 ὅτι
1450 5153 1545 5206 καὶ
1602 5151 1702 5223 βίῳ

114 5248 516 5322 ήκριὸωμένῳ,
584 5249 726 5303 κατά
780 5264 841 5301 τε
879 5247 1246 5317 ἐγκράτειαν,
1300 5247 1394 5298 και)⁹
1454 5244 1554 5312 τὴν
1617 5244 1704 5313 ἐφ’

1807 4961 2097 5033 sequimini
2131 4969 2186 5013 et
2230 4957 2462 5012 subdita:
2508 4956 2679 5012 estis?
2709 4955 2899 5010 Ambae
2931 4955 3077 5010 enim
3119 4954 3386 5009 encomiis

1806 5054 2117 5113 cumulataz,
2152 5051 2404 5105 laudibus
2434 5059 2488 5105 et
2513 5049 2828 5120 prmconiis.
2865 5046 2983 5101 Nec
3010 5047 3131 5101 ideo
3174 5055 3385 5100 tantum

1811 5149 1957 5220 quod
1983 5144 2283 5215 spiritualis
2310 5144 2434 5198 vitae
2468 5159 2609 5198 nexu
2633 5141 2904 5210 copulata:
2934 5141 3089 5202 estis,
3126 5138 3220 5192 sed
3242 5136 3388 5205 quod

1811 5249 2003 5298 exacta
2030 5237 2320 5305 disciplina
2349 5245 2403 5290 et
2440 5236 2833 5290 continentiam
2862 5234 2918 5289 et
2961 5243 3211 5286 mutuum
3247 5233 3389 5285 inter

117 5343 345 5404 ἑαυταῖς
383 5341 632 5394 δουλείαν
665 5339 762 5394 καὶ
806 5342 986 5393 πᾶσαν
1009 5339 1309 5402 διακονίαν,
1341 5335 1484 5390 καθὰ
1524 5335 1687 5407 μεμὰι

1814 5350 1913 5390 vos
1964 5331 2286 5387 famulatum
2337 5343 2404 5382 ac
2447 5328 2813 5384 ministerium
2865 5325 3269 5397 quodcunque,
3329 5333 3392 5377 ut

119 5438 270 5510 θηκα
299 5476 315 5500 ,
350 5434 723 5505 διατηρεῖσθε.
775 5434 1159 5504 Εὑλογημέναι
1185 5432 1344 5502 ὑμεῖς
1381 5431 1440 5483 ἐν
1475 5428 1668 5500 Κυρίῳ
1690 5444 1705 5459 ο

1816 5425 2005 5488 didici,
2031 5421 2354 5479 observatis.
2393 5419 2700 5476 Benedicta}
2729 5436 2830 5476 vos
2859 5419 2914 5474 in
2949 5416 3182 5471 Domino
3209 5431 3224 5468 :
3261 5414 3392 5468 bea-

123 5533 402 5603 μακαριον
430 5528 492 5582 τὸ
519 5527 811 5599 σύνταγμα
846 5527 1000 5598 ὑμῶν
1020 5542 1033 5559 ⁸
1060 5524 1274 5579 αἰνετδν
1306 5523 1368 5579 τὸ
1406 5521 1687 5592 πολίτευμι

1817 5531 1906 5574 tus
1952 5526 2125 5573 cmtus
2172 5524 2352 5570 vester
2386 5533 2400 5569 :
2437 5513 2731 5569 laudabilis
2781 5509 3131 5569 conversatio
3161 5515 3338 5564 vestra
3370 5522 3390 5562 :

213 5648 259 5681 ⁸⁷
290 5647 309 5701 Ι
341 5644 472 5701 Cor.
515 5661 571 5709 x,
601 5643 689 5698 51.
769 5642 815 5674 ⁸⁸
837 5641 1027 5699 Matth.
1063 5657 1161 5708 xu,
1188 5636 1279 5695 36.
1355 5637 1400 5670 °’
1427 5635 1584 5694 Deut.
1620 5649 1693 5698 Iv,
1722 5632 1814 5687 9.4.

1674 5728 1910 5786 NOTIE.

203 5836 315 5906 (21)
342 5836 397 5891 In
427 5833 550 5890 cod.
591 5831 724 5901 Reg.
764 5828 890 5898 p).;'.
