3964 6320
621 362 750 423 1407

1811 365 1870 424 S.
1911 365 2308 429 THEODORI
2349 365 2699 428 STUDITE
3812 359 3908 418 lui.

617 491 809 529 omnes
849 491 1071 544 sponsa:
1100 474 1305 531 Christi
1337 495 1350 530 :
1381 478 1534 547 virgo
1567 493 1931 550 unaquaeque,
1971 492 2034 537 ut
2058 482 2206 536 Can-

2320 483 2502 551 Bpi-‘iv'
2543 481 2717 533 πᾶσαι
2769 477 2978 546 νύμφαι
3024 473 3299 543 Χριστοῦ·
3349 473 3581 541 ἑκάστη
3642 471 3904 537 παρῡέβρς,

617 569 850 622 ticorum
883 570 1063 622 verbis
1091 568 1286 638 loquar
1321 569 1502 623 hortus
1533 571 1836 634 conclusus,
1870 573 1990 639 fons
2024 575 2206 644 signa-

619 672 700 712 ms
722 661 792 725 ’°,
821 677 947 714 rosa
978 662 1104 715 boni
1147 662 1334 716 odoris
1363 661 1496 727 Deo,
1533 663 1707 716 lilium
1751 665 2200 734 incorruptiouis.

621 751 662 803 0
694 751 980 818 pulchrum
1019 750 1368 819 paradisum!
1411 767 1444 805 ο
1476 761 1716 820 pratum,
1755 767 1865 821 quo
1899 753 2207 808 delectatur

619 841 764 897 Deus
837 842 1090 898 Christus
1119 845 1173 898 in
1204 844 1386 898 medio
1416 857 1686 906 vestrum,
1721 846 1814 914 qui
1857 845 2072 918 lignum
2121 855 2208 902 est

618 939 764 990 vitae.

692 1029 797 1084 Sed
832 1032 1094 1101 quoniam
1131 1031 1198 1086 ad
1239 1031 1677 1102 experimentum
1715 1031 2208 1102 probationemque

621 1119 845 1174 virtutis
891 1132 976 1176 est
1020 1121 1187 1175 etiam
1232 1122 1399 1174 arbor
1459 1122 1643 1184 vetita,
1696 1138 1818 1191 quae
1862 1123 2090 1190 pulchra
2138 1123 2208 1178 ad

622 1214 1128 1281 contemplandum,
1174 1229 1279 1268 nec
1331 1224 1414 1269 est
1471 1229 1602 1269 sane
1649 1215 1702 1269 id
1761 1215 1908 1284 quod
1955 1215 2204 1281 videtur;

623 1303 736 1358 imo
781 1319 966 1358 amara
1015 1315 1068 1360 et
1119 1305 1406 1360 mortifera
1453 1306 1498 1360 si
1545 1307 1780 1360 edatur:
1815 1316 1870 1359 et
1912 1305 2046 1375 quid
2105 1306 2208 1360 hoc

623 1397 769 1449 aliud
819 1409 901 1452 est
943 1414 1110 1466 quam
1151 1399 1427 1468 voluptas,
1459 1415 1567 1468 qua
1622 1398 1731 1452 Eva
1779 1399 1952 1467 prima
2005 1413 2206 1468 parens

623 1499 780 1557 capta
821 1489 938 1543 est?
970 1490 1397 1546 Comlnouemus
1437 1507 1538 1546 vos
1572 1501 1625 1546 et
1655 1491 1960 1554 hortamur,
2004 1507 2073 1545 ne
2104 1507 2208 1544 un-

623 1594 788 1648 quam
827 1579 1084 1636 lethalem
1130 1581 1370 1636 fructum
1411 1584 1716 1655 attingatis,
1749 1583 1844 1638 sed
1885 1583 2205 1638 mandatum

621 1671 906 1741 arripiatis
950 1673 1186 1741 speciosi
1217 1674 1582 1743 undequaque
1609 1690 1674 1728 ac
1706 1674 1818 1728 veri
1867 1674 2044 1742 reipsa
2088 1675 2207 1728 fru-

621 1772 766 1826 ctus,
801 1763 1171 1818 obedientiam
1204 1774 1259 1818 et
1285 1764 1648 1818 humilitatem
1683 1763 2023 1827 excolcntes,
2068 1765 2204 1819 cha-

2320 574 2670 647 ’ᾼσματικῶς
2715 572 2927 632 εἰπεῖν,
2981 567 3179 635 κῆπος
3241 566 3742 633 κεκλεισμένος,
3776 580 3882 628 πηγ-

2303 664 2778 737 ἐσφραγισμένη,
2817 663 2967 733 ῥόδον
2991 661 3257 730 εὐοσμίας
3287 657 3460 721 Θεοῦ,
3493 659 3703 726 κρῖνον
3725 659 3901 724 ἀκρατ-

2304 762 2460 822 τίαςί
2513 759 2576 810 Ὢ
2624 757 2791 811 καλοῦ
2842 753 3214 824 παραδείσουῑ
3249 753 3314 804 Ὢ
3357 751 3670 821 λειμῶνος
3720 749 3899 816 656:2;-

2306 851 2464 915 ποῦς.
2499 851 2735 922 Χριστὸς
2772 851 2831 902 tv
2868 849 3019 919 μέσῳ
3066 845 3243 916 ὑμῶν,
3272 845 3333 908 ὃς
3365 846 3501 897 ἐστι
3535 843 3609 896 τὸ
3642 841 3806 908 ξύλον
3829 846 3897 908 τῆς

2306 947 2472 1015 ζωῆς.

2390 1036 2734 1108 Ἀλλ’ὲπειδὴ
2766 1034 2904 1104 πρὸς
2923 1035 3122 1099 πεῖραν
3153 1031 3248 1084 καὶ
3276 1029 3533 1100 δοκιμὴν
3557 1028 3779 1098 ἀρετῆς
3805 1029 3890 1080 ἐστι

2306 1131 2399 1183 καὶ
2421 1129 2483 1182 τὺ
2511 1129 2679 1197 φυτὸν
2697 1127 2759 1180 τὸ
2775 1125 3154 1196 ἀπειρημένον
3173 1139 3187 1153 ·
3219 1123 3360 1194 ὅπερ
3388 1121 3617 1191 ὡραῖον
3646 1121 3730 1182 είς
3752 1137 3891 1170 κατι-

2308 1224 2522 1293 νόησιν·
2549 1223 2612 1276 οὺ
2637 1221 2744 1293 μὴν
2770 1222 2906 1290 ὅπερ
2921 1217 3168 1288 φαίνοιτό
3195 1215 3372 1280 ἐστιν,
3399 1214 3553 1267 ἀλλὰ
3582 1214 3791 1282 πικρὸν
3823 1212 3890 1261 zz".

2307 1314 2608 1382 θανάσιμον
2656 1317 2724 1384 τῇ
2765 1310 3090 1381 μεταλήψει·
3111 1310 3206 1362 καὶ
3223 1309 3278 1360 τί
3298 1306 3491 1370 τοῦτο,
3516 1304 3740 1377 ἀλλ’[ἦ]
3764 1305 3888 1372 ﬁrm,

2308 1406 2397 1474 ὑφ’
2425 1401 2494 1476 ἦς
2520 1405 2664 1457 ἑάλω
2695 1401 2809 1455 Εῠα
2836 1404 2870 1472 ἡ
2896 1400 3239 1472 προμήτωρς
3267 1397 3796 1467 ὑπομιμνήσκομεν
3821 1397 3888 1443 καὶ

2309 1494 2704 1567 παραινοῦμεν,
2737 1497 2952 1563 μήποτε
2975 1489 3215 1559 ἅψασθαι
3261 1489 3408 1558 ὑμᾶς
3451 1485 3558 1538 τοῦ
3614 1485 3886 1553 θανασίμου

2309 1583 2556 1653 καρποῦο
2588 1581 2727 1635 ἀλλά
2754 1579 3202 1651 μεταλαμσάνειν
3227 1577 3329 1646 τῆς
3362 1576 3606 1646 ἐντολῆς
3650 1575 3749 1628 τοῦ
3781 1592 3890 1626 :12-

2308 1675 2512 1746 ωραίου
2567 1677 2664 1728 καὶ
2715 1671 2975 1742 ἀληθινοῦ
3013 1671 3088 1734 ὼς
3129 1669 3348 1739 ἀληθῶς
3383 1668 3662 1737 καρποῦ·
3706 1669 3884 1732 ὑπακεῇ

2309 1767 2405 1820 καὶ
2458 1763 2936 1836 ταπεινοφροσύνῃ
2987 1761 3377 1832 κεκρημένας·
3438 1761 3657 1833 ἀγάπῃ
3716 1763 3779 1829 τῇ
3829 1762 3886 1819 εἰς

625 1855 843 1909 ritatem
877 1857 947 1910 ad
979 1857 1212 1911 invicem
1259 1866 1314 1910 et
1350 1872 1579 1912 vacuam
1612 1857 1816 1910 invidia
1865 1858 2203 1924 aequitatem,

2320 1858 2550 1929 ἀλλήλας
2574 1860 2665 1912 καὶ
2693 1854 2945 1926 ἀφθονίᾳ,
2982 1851 3344 1924 ἀκτημοσύνῃ
3373 1853 3478 1905 καὶ
3530 1853 3886 1922 εἰρηνοποιίᾳ.

624 1958 1048 2020 paupertatem,
1106 1950 1370 2019 pacisque
1423 1965 1615 2004 curam
1680 1963 1734 2006 et
1784 1954 2050 2008 studium.
2115 1953 2207 2008 Sic

626 2038 774 2092 enim
811 2040 1060 2095 viventes
1101 2039 1487 2109 glorilicabitis
1525 2040 1695 2096 Deum
1742 2043 1797 2097 in
1839 2061 2073 2113 corpore
2116 2060 2208 2099 ve-

624 2139 742 2184 stro
775 2139 830 2185 et
860 2131 915 2185 in
954 2132 1176 2200 spiritu,
1211 2133 1355 2186 sicut
1397 2142 1624 2188 sanctus
1667 2137 1926 2203 praedicat
1969 2139 2206 2206 Apostno

624 2224 712 2278 lus
735 2224 802 2278 ".
880 2221 972 2278 Sic
1021 2233 1077 2278 et
1129 2225 1366 2293 amplius
1430 2227 1932 2296 multiplicabimini
1974 2231 2102 2283 :sic
2154 2237 2209 2282 et

625 2316 941 2370 sanctitatis
998 2332 1199 2371 nomen
1248 2317 1304 2372 in
1358 2318 1462 2372 hac
1508 2319 1618 2372 vita
1662 2319 2005 2379 obtinebilis,
2047 2330 2100 2374 et
2153 2322 2206 2374 in

627 2406 813 2460 futuro
865 2407 1067 2461 sa'culo
1126 2407 1302 2475 gloria
1363 2409 1526 2462 simul
1585 2408 1868 2463 fruemiui.
1923 2411 2205 2478 Scriptum

625 2510 708 2555 est
743 2519 757 2554 :
787 2498 848 2554 Si
877 2501 1254 2569 compatimur,
1281 2510 1329 2554 et
1353 2501 1958 2571 congloriﬁcabimur".
1986 2503 2053 2556 Et
2076 2503 2205 2572 quid

623 2591 845 2646 tandem
921 2591 1080 2647 vobis
1133 2591 1396 2646 decorum
1459 2593 1672 2662 magis?
1734 2595 1865 2663 quid
1921 2595 2210 2664 augustius

625 2697 792 2750 quam
828 2682 920 2736 Dei
949 2683 1088 2738 tilias
1111 2683 1240 2744 dici,
1273 2699 1429 2738 sacra
1457 2684 1708 2748 donaria,
1746 2687 1946 2754 templa
1977 2687 2209 2756 virgini-

624 2773 797 2827 tatis?
823 2773 958 2827 Cum
989 2788 1119 2843 ergo
1155 2773 1271 2828 haec
1310 2775 1381 2828 ila
1429 2776 1560 2839 siut,
1595 2777 1848 2846 gaudete,
1893 2791 2114 2832 sorores
2152 2778 2209 2830 in

625 2863 870 2928 Christo,
925 2866 1180 2934 gaudete,
1244 2867 1374 2921 odio
1426 2868 1694 2922 habentes
1769 2867 2024 2922 aﬂ‘ectum
2080 2885 2209 2942 erga

627 2974 795 3013 carne
828 2959 1070 3028 junclos,
1109 2958 1238 3012 odio
1269 2959 1533 3012 habentes
1561 2967 1764 3014 sortem
1808 2959 1862 3013 in
1907 2968 2051 3013 terra
2082 2976 2211 3028 pos-

629 3053 834 3118 sidere,
889 3051 1019 3107 odio
1079 3051 1344 3106 habentes
1404 3051 1587 3106 omnia
1649 3067 1770 3122 quae
1828 3051 2095 3120 optabilia
2154 3053 2209 3106 in

2310 1950 2470 2004 Οὕτω
2495 1950 2606 2020 γὰρ
2630 1948 2844 2020 βιοῦσαι
2875 1947 3152 2014 δοξάσοιτε
3183 1947 3278 2000 τὸν
3303 1945 3440 1998 Θεὸν
3477 1947 3542 1998 tv
3575 1945 3663 2015 τῷ
3701 1947 3888 2012 σώματι

2310 2043 2467 2114 ὑμῶν
2500 2044 2595 2095 καὶ
2631 2045 2690 2095 tv
2723 2041 2802 2112 τῷ
2823 2040 3129 2110 πνεύματι·
3162 2039 3306 2092 καθά
3482 2039 3516 2090 6
3548 2039 3709 2108 ἱερὸς
3751 2039 3888 2091 ’Δτὸο

2311 2133 2497 2195 στολος
2516 2131 2688 2186 ὀὕτω
2719 2134 2813 2186 καὶ
2841 2132 3042 2202 μᾶλλον
3067 2129 3526 2200 πληθυνθήσεσθε
3549 2147 3564 2160 ·
3593 2130 3747 2182 οῦτω
3775 2131 3883 2182 κὰν-

2309 2227 2486 2279 ταῦθα
2519 2225 2965 2296 ὀνομασθήσεσθε
2997 2226 3223 2294 ὀνόματι
3249 2224 3566 2292 ὁσιότητος,
3621 2224 3721 2275 καὶ
3754 2225 3801 2274 tv
3827 2222 3886 2288 τῷ

2313 2317 2562 2385 μέλλοντι
2597 2317 2754 2369 αίῶνι
2803 2314 3330 2384 συνδοξασθήσεσθε.
3369 2316 3565 2383 Εἶπερ
3601 2317 3720 2386 γὰρ
3763 2331 3887 2381 συμ-

2311 2410 2647 2478 πάσχομεν,
2695 2409 2793 2462 καὶ
2841 2408 3502 2476 συνδοξασθησόμεθα,
3565 2410 3884 2479 γέγραπται.

2312 2502 2422 2552 Καὶ
2448 2500 2500 2551 τί
2531 2499 2718 2552 λοιπὸν
2741 2499 3074 2571 ὡραιότερον
3107 2498 3298 2566 ὐμῶν;
3343 2498 3396 2550 τί
3428 2497 3489 2550 δὲ
3525 2499 3889 2568 σεὸασμιώτε-

2313 2607 2445 2661 ρον;
2479 2591 2789 2662 θυγατέρας
2827 2591 2962 2644 Θεοῦ
3007 2590 3317 2654 καλεῖσθαι,
3357 2590 3539 2659 ἁναθή
3553 2610 3731 2660 ματα,
3768 2597 3888 2662 ιερὰ,

2314 2687 2475 2748 ναοὺς
2506 2686 2830 2756 παρθενίας.
2885 2683 3040 2738 Ἐπεὶ
3079 2679 3171 2738 οὖν
3191 2681 3402 2756 ταῦτα,
3437 2686 3703 2754 χαίρετε,
3755 2687 3888 2738 ἀδελ-

2311 2776 2413 2843 φαὶ
2444 2778 2502 2828 ὲν
2556 2774 2767 2845 Κυρίῳ,
2819 2776 3065 2846 χαίρετε,
3114 2772 3374 2845 μισοῦσαι
3414 2774 3517 2841 τὴν
3574 2775 3760 2844 χαρὰν
3812 2773 3892 2826 τοῦ

2313 2871 2550 2939 κόσμου·
2601 2868 2856 2938 μισοῦσαι
2877 2868 2937 2920 τὸ
2972 2869 3108 2939 πρὸς
3156 2868 3285 2930 τοῦς
3337 2865 3482 2917 κατά
3519 2868 3709 2934 σάρκα
3743 2867 3890 2926 ἰδίοις

2311 2961 2662 3033 προσπαθὲς’
2709 2959 2966 3032 μισοῦσαι
3030 2960 3090 3012 τὸ
3145 2958 3349 3030 κλῆρον
3390 2958 3543 3027 ἔχειν
3602 2962 3706 3012 ἐπὶ
3769 2962 3892 3030 γῆς·

2316 3054 2570 3126 μισοῦσαι
2596 3055 2664 3107 τὰ
2697 3055 2839 3108 κατά
2860 3053 3066 3123 κόσμον
3103 3051 3310 3122 ὲραστά
3338 3051 3588 3106 ἅπαντα.
3646 3053 3894 3121 Ἐπείπερ

631 3147 838 3200 mundo
877 3155 1006 3200 sunt
1035 3163 1047 3198 :
1079 3145 1340 3214 quoniam
1378 3146 1725 3198 conversatio
1750 3157 1932 3200 vestra
1969 3146 2024 3199 in
2056 3145 2210 3200 ccelis

2320 3148 2469 3218 ὑμῶν
2514 3147 2576 3200 τὸ
2603 3147 2903 3215 πολίτευμα
2947 3147 3006 3196 tv
3049 3145 3322 3214 οὐρανοῖς,
3369 3145 3469 3196 καὶ
3525 3145 3894 3216 κληρουχίαή

630 3245 748 3299 est,
801 3245 856 3289 et
909 3236 1198 3290 haereditas
1246 3251 1474 3304 regnum
1527 3237 1818 3300 cwlorum,
1867 3246 1920 3290 et
1973 3252 2212 3307 sponsus

633 3328 890 3382 Christus
917 3329 1054 3397 ipse,
1089 3328 1182 3396 qui
1215 3343 1312 3382 vos
1337 3329 1555 3382 vocavit
1589 3337 1646 3382 ut
1668 3329 1844 3397 ipsum
1871 3331 2209 3399 sequamini:

630 3421 727 3490 qui
778 3432 833 3474 et
885 3436 982 3475 vos
1046 3437 1142 3490 per
1209 3424 1766 3487 consummationem,
1831 3423 1886 3477 in
1933 3425 2213 3480 caelestem

634 3514 938 3566 thalamum
967 3527 1090 3566 cum
1135 3512 1494 3582 prudentibus
1525 3515 1833 3585 virginibus
1883 3516 2211 3572 introducet.

636 3604 766 3660 Haec
795 3622 897 3674 ego
933 3605 1144 3673 paucis,
1183 3613 1244 3658 ut
1278 3606 1594 3675 agnoscatis
1626 3622 1712 3660 me
1752 3607 1805 3660 in
1837 3605 2044 3677 Spiritu
2088 3624 2218 3664 sau-

637 3711 726 3751 cto
753 3706 1010 3765 lauquam
1039 3710 1257 3751 sorores
1281 3711 1374 3751 vos
1405 3697 1686 3761 habuisse,
1712 3697 1977 3768 vobisque
2009 3699 2218 3770 optima

638 3792 822 3845 omnia
853 3799 1141 3859 exoptare.

919 3907 1158 3969 CXXVI.
1189 3938 1258 3949 —
1286 3908 1564 3965 Monac/iis
1595 3909 1926 3964 Photinudii.

2322 3239 2570 3309 βασιλεία
2598 3237 2706 3290 τῶν
2730 3237 3007 3309 οὐρανῶνο
3045 3238 3142 3289 καὶ
3168 3236 3401 3306 νυμφίος
3433 3237 3606 3301 αὐτὸς
3646 3240 3895 3310 Χριστὸς.

2318 3335 2346 3386 6
2374 3331 2659 3402 κεκληκὼς
2683 3333 2827 3401 ὑμᾶς
2851 3329 3028 3384 ὀπίσω
3049 3327 3214 3383 αὑτοῦ
3259 3329 3583 3385 ἀκολουθεῖν
3607 3347 3622 3362 ·
3669 3334 3766 3384 καὶ
3783 3336 3896 3408 ἐίσ-

2319 3421 2466 3487 ἀξων
2499 3422 2589 3475 διὰ
2618 3421 2954 3484 τελειώσεως
2993 3421 3074 3484 είς
3100 3421 3193 3473 τὸν
3236 3419 3572 3490 ἐπουράνιον
3605 3422 3887 3491 νυμφώνα,

2323 3517 2464 3588 μετὰ
2519 3515 2627 3568 τῶν
2701 3516 2986 3586 φρονίμων
3047 3511 3358 3584 παρθένων.
3438 3511 3637 3566 Ταῦτα
3707 3513 3763 3566 δὲ
3819 3510 3898 3565 ἐπ’

2319 3608 2535 3676 ὀλίγον,
2579 3607 2656 3670 ὡς
2718 3608 2784 3660 ἂν
2835 3606 3013 3674 γνῶτε
3050 3607 3133 3659 ὅτι
3195 3607 3254 3659 tv
3314 3602 3606 3672 Πνεῦματι
3647 3607 3790 3676 ἁγίῳ
3833 3607 3898 3665 ὡς

2319 3701 2556 3770 ἀδελφὰς
2609 3700 2755 3770 ὑμᾶς
2817 3697 3205 3769 λελογίσμεθα,
3260 3696 3359 3751 καὶ
3425 3697 3784 3765 ὲπευχόμεθα
3840 3699 3898 3748 τὰ

2319 3793 2628 3864 κρείττονα.

2318 3914 2491 3980 ΡΚΕῖ¹
2520 3911 2656 3982 (22).
2716 3940 2788 3952 -
2874 3910 3022 4033 Τοῖὲί
3064 3907 3355 4052 pars???
3427 3903 3542 3960 τοῦ
3591 3909 3899 3961 Φωτεινοιι-

3023 3998 3115 4034 ου.
3166 4002 3196 4050 χ
3249 4020 3262 4033 .

3023 3998 3115 4034 ου.
3141 3998 3262 4050 [χεν.

700 4091 775 4141 De
799 4095 957 4139 morte
981 4086 1188 4146 abbatis,
1210 4097 1354 4147 quam
1377 4084 1541 4134 laudat
1567 4098 1578 4131 :
1603 4089 1710 4132 tum
1735 4083 1799 4133 de
1821 4098 2135 4149 successore,
2169 4103 2318 4153 quem
2337 4091 2562 4142 hortatur
2587 4099 2641 4143 nt
2661 4093 2794 4142 bene
2827 4091 3016 4155 praesit,
3040 4104 3096 4140 ae
3131 4093 3417 4151 monachos,
3443 4099 3502 4140 nt
3534 4091 3586 4140 ei
3631 4099 3846 4155 pareant.

715 4198 982 4252 La’titiam
1042 4193 1261 4263 quidem
1326 4191 1484 4246 vobis
1540 4189 1736 4252 aﬂert,
1792 4189 2023 4258 fratres,
2073 4196 2220 4263 quod

643 4294 846 4355 scribo,
898 4290 992 4346 sed
1033 4303 1305 4344 summam
1347 4287 1628 4341 tristitiam
1661 4297 2046 4358 argumentum
2083 4291 2220 4344 scri-

642 4387 846 4459 ptionis
879 4403 890 4438 :
918 4384 1046 4454 quia
1077 4380 1373 4450 dereliquit
1400 4396 1496 4435 vos
1520 4391 1707 4450 pastor
1734 4383 1931 4445 bonus,
1963 4382 2128 4438 Pater
2161 4386 2217 4439 in

646 4478 894 4542 Domino,
923 4475 1029 4534 via,
1055 4476 1164 4528 dux
1205 4483 1258 4526 et
1286 4474 1494 4538 lumen,
1528 4475 1622 4542 qui
1664 4474 1850 4528 multis
1885 4476 2045 4530 annis
2077 4479 2217 4531 mul-

645 4582 729 4625 tas
754 4585 885 4624 oves
917 4570 1081 4638 pavit,
1111 4577 1164 4622 et
1196 4566 1407 4621 caulam
1437 4569 1679 4622 alumnis
1716 4567 1930 4636 plenam
1973 4571 2218 4641 reliquit.

645 4661 836 4731 viginti
872 4669 1254 4713 numerantem
1283 4673 1448 4728 supra
1485 4659 1754 4714 ducentos
1791 4676 1804 4711 :
1836 4660 1917 4713 vir
1958 4676 2222 4717 veneran-

645 4755 771 4815 dus,
801 4763 854 4807 et
881 4753 1078 4807 divina:
1101 4752 1293 4820 gratiae
1323 4765 1552 4821 compos
1584 4768 1599 4806 :
1629 4749 1900 4805 candidus
1927 4752 2222 4809 admodum

644 4846 878 4917 capillis,
903 4857 956 4900 et
982 4843 1276 4899 candidum
1317 4843 1484 4899 simul
1525 4859 1622 4898 cor
1653 4858 1880 4914 gerens;
1914 4845 2067 4900 dives
2093 4848 2224 4903 cha-

646 4940 846 5001 ritate,
905 4937 1181 5006 ditiorque
1233 4936 1614 4991 misericordia
1667 4953 1680 4990 :
1730 4920 1980 5005 plurimis
2035 4953 2224 4994 revera

650 5031 946 5087 virtutibus
976 5038 1231 5095 ornatus,
1264 5045 1334 5085 ne
1364 5030 1610 5099 singulas
1633 5029 1970 5084 recensendo
2009 5031 2224 5102 longio-

648 5141 763 5180 rem
813 5124 1008 5178 faciam
1059 5123 1389 5178 orationem.
1455 5121 1638 5176 Eheu!
1695 5121 1870 5175 eheu!
1915 5137 2025 5192 quo
2060 5131 2223 5192 pacto

647 5217 831 5286 gravia
865 5216 981 5270 haec
1014 5231 1124 5270 non
1163 5216 1312 5269 sint?
1343 5229 1453 5284 quo
1485 5223 1644 5284 pacto
1672 5229 1779 5269 non
1809 5215 2101 5270 luctuosa?
2128 5226 2222 5270 aut

647 5310 774 5377 quis
804 5307 1112 5363 desolatum
1143 5307 1377 5377 posthac
1399 5322 1616 5376 gregem
1651 5323 1756 5360 nou
1790 5309 1990 5371 videat,
2025 5308 2068 5361 si
2101 5309 2225 5377 quis

647 5417 711 5456 ea
744 5408 955 5471 spectet
999 5415 1121 5468 qua:
1167 5398 1522 5454 acciderunt?
1556 5396 1750 5453 Verum
1797 5399 1928 5468 quid
1967 5401 2224 5454 tandem?

653 5489 846 5548 Utrum
895 5492 948 5545 in
984 5493 1132 5545 luctu
1161 5490 1560 5560 persistemus?
1595 5505 1663 5544 an
1721 5506 1958 5546 maerore
1994 5493 2222 5562 dejicie-

2400 4198 2598 4268 Χαρᾶς
2629 4195 2731 4266 μὲν
2767 4197 2800 4265 ἠ
2833 4198 3128 4268 προγραφὴ
3163 4199 3312 4267 ὑμῖν,
3343 4198 3607 4266 ἀδελφοί·
3649 4199 3825 4270 λύπς
3850 4199 3897 4250 δὲ

2326 4288 2410 4340 ὅτι
2435 4289 2671 4357 μάλιστα
2701 4289 2734 4357 ὴ
2765 4288 2858 4339 ἐπὶ
2884 4287 2947 4340 τὸ
2973 4289 3209 4358 γράφειν
3259 4288 3520 4352 ὑπόθεσις
3541 4307 3556 4320 °
3593 4293 3682 4344 ὅτι
3727 4294 3896 4345 ἀπολέ-

2325 4381 2512 4433 λοιπεν
2541 4383 2683 4450 ὑμᾶς
2705 4382 2734 4433 6
2765 4381 2973 4451 ποιμὴν
3009 4383 3037 4434 6
3070 4379 3255 4444 καλὸς,
3292 4383 3322 4434 6
3368 4383 3426 4434 tv
3468 4383 3671 4453 Κυρίῳ
3701 4385 3894 4452 Πατὴρ,

2322 4475 2350 4525 6
2377 4474 2572 4543 ὀδηγὸς
2607 4476 2702 4528 καὶ
2739 4476 2989 4545 φωστὴρ,
3028 4474 3058 4525 6
3111 4472 3331 4538 πολλοῖς
3380 4473 3535 4526 ἔτεσι
3590 4479 3693 4529 καὶ
3743 4481 3895 4531 πολλα

2323 4565 2574 4635 πρόϐατα
2632 4566 2928 4636 ποιμάνας,
2989 4565 3084 4619 καὶΙ
3135 4566 3236 4637 τὴν
3269 4565 3422 4619 λείαν
3491 4568 3671 4632 ὲάσας
3735 4572 3896 4639 πλήρη

2323 4658 2681 4729 θρεμμάτων.
2748 4658 2925 4731 Εἴπερ
3005 4661 3064 4714 tv
3123 4659 3420 4724 διακοσίοις
3483 4663 3645 4734 παρά
3714 4669 3898 4719 εῐκοςιν

2323 4751 2710 4821 ἡριθμημένην
2732 4767 2744 4780 ·
2785 4753 2814 4804 6
2841 4751 3126 4821 αἰδέσιμος
3156 4750 3295 4822 ἀνὴρ
3327 4753 3427 4804 καὶ
3471 4754 3711 4824 χάριτος
3771 4757 3898 4814 θείας

2329 4843 2590 4912 μέτοχος
2627 4846 2654 4896 ὁ
2684 4843 2878 4906 λευκὸς
2902 4843 3044 4912 ἄγαν
3075 4842 3176 4912 τὴν
3215 4845 3398 4916 τρίχα,
3448 4847 3546 4900 καὶ
3597 4847 3684 4901 ἔτι
3735 4850 3895 4902 λελευ-

2327 4936 2600 5004 κασμένος
2619 4936 2719 5007 τὴν
2740 4937 2968 5008 καρδίαν
2987 4954 3001 4968 ·
3046 4939 3075 4992 6
3105 4937 3364 5001 πλούσιος
3393 4937 3496 5009 τὴν
3529 4940 3789 5012 ἀγάπην,
3829 4945 3899 4992 ut

2330 5027 2730 5100 πλουσιώτερος
2759 5030 2860 5100 τὴν
2890 5028 3298 5101 ἐλεημοσύνηνο
3349 5031 3379 5084 6
3404 5031 3663 5085 πλείοσιν
3701 5035 3898 5104 ἀρεταῖς

2328 5121 2406 5184 ὡς
2435 5120 2651 5192 ἀληθῶς
2677 5122 3244 5193 κατακεκοσμημένος
3266 5138 3280 5151 ·
3310 5124 3400 5176 ἵνα
3461 5125 3538 5194 μὴ
3591 5126 3652 5178 ἓν
3703 5129 3824 5181 καθ’
3855 5127 3898 5176 ἐν

2328 5213 2812 5284 ἁπαριθμούμενος
2862 5215 3074 5284 μακρὸν
3118 5216 3330 5286 εὑρεθῶ
3375 5217 3695 5274 ἀποτείνων
3747 5223 3895 5286 λόγον.

2337 5306 2437 5357 Ὠῐ
2471 5305 2552 5358 ὧι
2591 5305 2708 5369 πῶς
2738 5307 2798 5359 οὺ
2845 5305 3018 5358 ταῦτα
3053 5305 3351 5372 θλιπτικά;
3398 5309 3517 5372 πῶς
3545 5310 3608 5364 δὲ
3639 5312 3746 5365 οῦκ
3766 5313 3895 5376 66a?-

2331 5398 2494 5464 τικὰ;
2531 5397 2647 5462 πῶς
2692 5399 2751 5451 δὲ
2795 5399 2896 5452 οὐκ
2925 5399 3014 5452 ἐπ’
3061 5400 3302 5471 ἐρημίας
3337 5403 3371 5471 ἡ
3425 5403 3641 5474 θεωρία
3671 5407 3772 5473 τῆς
3803 5401 3896 5457 ποί-

2333 5507 2473 5561 μνης
2501 5493 2627 5545 ὅσον
2652 5490 2797 5546 κατά
2851 5491 2921 5546 τά
2951 5491 3275 5561 φθάσαντας
3317 5493 3484 5550 Ἀλλά
3512 5497 3568 5550 τί
3601 5497 3718 5570 ἄρα
3744 5518 3759 5560 ;
3802 5501 3895 5552 ἔτι·

718 5633 768 5666 ”
789 5631 947 5688 Cant.
983 5647 1056 5694 Iv,
1090 5629 1177 5684 12.
1257 5628 1343 5681 "l
1379 5629 1506 5683 Cor.
1547 5645 1621 5692 νι,
1649 5628 1738 5684 20.
1817 5631 1860 5662 ³⁸
1889 5630 2046 5684 Rom.
2080 5646 2198 5695 νιιι,
2230 5633 2319 5685 l7.

2164 5724 2388 5784 NOTAE.

734 5818 845 5887 (9.9.)
875 5818 932 5873 lu
972 5818 1094 5873 cod.
1133 5819 1263 5886 Reg.
1295 5817 1429 5886 ρλῃῖ
