3964 6320
111 337 260 399 1409

1320 339 1864 404 EPISTOLARUM
1914 343 2059 403 LIB.
2119 343 2202 402 Il.

3267 337 3402 404 1410

108 453 410 523 μείνωμεν
463 451 540 519 τῷ
600 450 825 518 πένθει;
871 454 1306 525 κατηφιάσωμεν
1375 457 1712 527 δυσθυμότε-

1820 476 1939 516 mus
1986 459 2271 514 animum?
2318 473 2386 512 an
2443 457 2622 512 dolori
2675 456 3138 513 succumbemus?
3185 455 3402 526 Nequa-

108 556 248 610 ρον,
299 537 658 607 ἑναφεθῶμεν
706 537 783 607 τῷ
832 539 1036 605 πάθει;
1097 541 1402 611 Οὐμενοῦν,
1443 540 1489 598 ῶ
1556 545 1713 598 ἁδελ-

103 631 245 702 φοί·
277 630 396 686 ἀλλ’
436 629 638 694 είδότες
675 631 760 684 ὅτι
793 630 974 703 δόγμα
1022 633 1157 687 Θεοῦ
1193 636 1359 688 πᾶσιν
1405 637 1716 708 ἀνθρώποις

101 728 199 790 εἰς
236 725 454 794 γένεσιν
482 723 734 779 ἐλθοῦσιν
762 720 923 789 αὖθις
948 726 1226 790 ἀναλύειν,
1261 728 1359 781 καὶ
1393 729 1493 800 τὴν
1526 730 1712 801 κρείτ-

102 837 251 872 τονα
284 816 378 869 καὶ
409 817 671 888 ἀπήμονα
700 817 1143 888 μεταλαμϐάνειν
1176 819 1346 892 ζωὴν.
1377 815 1446 892 ἧς
1490 821 1716 893 ἀπαρχὴ

103 908 358 980 Χριστὸς
374 910 401 961 ὁ
425 909 559 972 Θεὸς
584 912 617 980 ἡ
627 908 765 980 μῶν,
787 911 815 963 ὁ
834 910 937 980 τῆς
962 910 1106 981 ζωῆς
1128 911 1391 983 ἀρχηγός·
1423 913 1715 982 παρακλη-

103 1003 309 1070 θῶμεν
349 1000 695 1072 παρακλήσει
727 1002 887 1066 Θεοῦ,
923 1004 1003 1066 είς
1031 1005 1260 1067 ἑαυτοὺς
1286 1003 1578 1074 γενώμεθα
1600 1021 1613 1035 ·
1638 1005 1718 1058 εί-

102 1110 321 1163 σπωμεν
339 1111 352 1124 ·
388 1094 450 1147 '0
475 1095 694 1163 Κύριος
724 1094 971 1161 ἔδωκεν,
996 1098 1030 1150 ό
1046 1097 1265 1164 Κύριος
1292 1097 1596 1165 ἀφείλετο,
1623 1097 1716 1150 τὸν

101 1190 289 1242 καλὸν
319 1189 804 1257 διδάσκαλον,,τδν
849 1193 996 1263 ἱερὸν
1034 1192 1416 1262 καθηγεμόνα.
1478 1194 1572 1257 Τίς
1604 1194 1715 1265 γάρ

102 1281 297 1335 ἐστιν
318 1281 634 1351 ἅνθρωπος
663 1282 732 1349 ὃς
753 1282 1016 1353 ζήσεται,
1036 1285 1137 1339 καὶ
1158 1288 1270 1341 οὐκ
1290 1287 1503 1356 ὄψεται
1527 1287 1714 1345 θάνα-

105 1390 270 1438 tor;
303 1374 389 1429 ἶνα
419 1375 515 1430 τοῦ
570 1375 845 1448 ἡμετέρου
878 1377 1096 1448 Πατρὸς
1122 1377 1441 1443 ξενοπαθεῖν
1475 1380 1712 1452 ἔχωμεν.

108 1465 622 1542 Εὐχαριστ[ητ]έον
662 1469 744 1522 ὅτι
771 1469 1016 1524 τοιούτου
1045 1470 1344 1544 ἡξιῶμεθα·
1371 1475 1467 1527 καὶ
1497 1475 1580 1528 ὅτι
1611 1473 1717 1539 ἕως

107 1561 190 1630 γή
201 1578 334 1631 ρους
358 1562 452 1615 καὶ
482 1560 777 1632 πρεσϐείου
815 1563 849 1634 ἠ
871 1564 1100 1634 χρονικὴ
1124 1565 1433 1636 παράτασις
1459 1583 1474 1598 ο
1511 1566 1604 1620 καὶ
1632 1567 1715 1620 ὅτι

108 1669 183 1719 γε
220 1652 605 1720 ἐγκατέλιπεν,
637 1653 738 1706 οὐκ
775 1655 1418 1724 ἀπροστατεύτους,οὐδὲ
1446 1659 1712 1729 ἐρήμους·

106 1745 266 1797 ἀλλὰ
290 1746 386 1798 καὶ
411 1745 711 1816 εὐλόγησεν
763 1746 963 1813 ὲξόδια,
1014 1750 1111 1802 καὶ
1140 1749 1418 1820 ἐπηύξατο
1441 1750 1710 1822 ἁρμόδια·

1818 569 2008 624 quam,
2054 552 2291 607 fratres?
2338 552 2431 606 sed
2462 567 2588 606 cum
2631 554 2872 606 sciamus
2903 557 3168 606 statutum
3217 564 3338 603 esse
3368 563 3401 602 a

1816 646 1930 701 Deo
1971 647 2322 700 omnibusin
2380 645 2556 700 lucem
2609 644 3009 714 prodeuntibus
3063 642 3400 706 hominibus,

1816 755 2038 794 rursum
2083 739 2354 807 dissti,
2402 753 2456 795 et
2503 739 2783 794 meliorem
2840 738 3081 806 malique
3121 745 3399 805 expertem

1815 833 1983 886 vitam
2030 833 2308 902 recipere,
2365 832 2527 900 cujus
2576 831 2834 901 primitiae
2889 830 3214 886 Christus"
3257 830 3403 883 Deus

1818 936 2007 981 noster
2063 927 2159 996 qui
2211 927 2472 996 princeps
2524 933 2609 978 est
2664 925 2827 990 vita);
2889 923 3241 978 consolemur
3300 935 3403 975 nos

1818 1019 2197 1075 consolatione
2230 1019 2345 1085 Dei,
2372 1017 2439 1072 ad
2469 1034 2567 1074 nos
2593 1017 2743 1088 ipsos
2767 1017 3082 1081 redeamus,
3114 1014 3365 1068 dicamus
3386 1027 3401 1038 ·

1817 1108 2078 1164 Dominus
2117 1109 2282 1175 dedit,
2337 1108 2597 1163 Dominus
2646 1107 2939 1162 abstulit“
2977 1107 3185 1161 bonum
3228 1104 3405 1173 magi-

1819 1210 2020 1265 strum,
2067 1215 2284 1254 sacrum
2340 1199 2733 1254 institutorem.
2771 1197 2902 1263 Quis
2949 1197 3097 1253 enim
3139 1207 3216 1249 est
3245 1196 3403 1246 homo

1819 1295 1910 1364 qui
1941 1294 2070 1348 vivet
2097 1303 2148 1347 et
2198 1309 2301 1347 non
2326 1293 2521 1346 videbit
2559 1303 2786 1346 mortem
2807 1284 2894 1343 ἐἳ
2925 1300 2985 1344 ιιι
3012 1288 3193 1344 Patris
3229 1288 3404 1343 nostri

1818 1384 2154 1440 desiderium
2183 1383 2326 1440 ferre
2347 1399 2755 1440 assuescamus.
2787 1381 3025 1452 Agendae
3061 1391 3191 1437 sunt
3215 1380 3404 1450 gratia:

1819 1477 1968 1547 quod
2005 1478 2168 1531 talem
2200 1477 2383 1547 adepti
2419 1475 2650 1541 fuimus,
2693 1484 2748 1529 et
2791 1474 2940 1542 quod
2987 1473 3055 1528 ad
3085 1481 3400 1543 provectam

1821 1585 1996 1640 usque
2023 1579 2242 1625 aetatem
2280 1569 2612 1638 seniumque
2640 1568 2967 1638 perductum
3002 1574 3086 1620 est
3119 1568 3242 1634 ejus
3278 1565 3406 1618 vitae

1818 1669 2059 1727 tempus,
2086 1667 2141 1714 et
2173 1658 2321 1729 quod
2353 1659 2472 1714 sine
2503 1665 2716 1713 rectore
2759 1671 2860 1712 nos
2893 1671 2998 1711 non
3030 1655 3273 1725 reliquit,
3304 1670 3405 1710 nec

1820 1754 2141 1819 solitarios;
2175 1752 2268 1806 sed
2303 1760 2358 1806 et
2397 1753 2588 1807 abiens
2628 1750 2932 1816 benedixit,
2967 1759 3022 1804 et
3043 1749 3402 1820 congruentia

108 1840 218 1891 καὶ
251 1838 350 1893 ἕνα
379 1838 491 1894 τῶν
524 1840 622 1894 σὺν
644 1841 774 1912 ὑμῖν
798 1843 1142 1914 κατέστησεν
1175 1845 1264 1914 ἐφ’
1292 1846 1440 1916 ὑμᾶς
1467 1864 1711 1918 προστα-

1822 1855 2074 1917 precatus
2106 1853 2211 1904 est.
2253 1853 2307 1898 et
2345 1858 2516 1898 unum
2549 1857 2580 1898 e
2608 1842 2770 1898 vobis
2807 1842 3096 1897 constituit
3118 1842 3212 1912 qui
3245 1840 3404 1895 vobis

106 1931 429 1987 τεύσοντα’
488 1935 550 1988 ὃν
607 1936 990 2006 παραινοῦμεν
1044 1937 1329 2002 ζώσασθαι
1383 1941 1460 2005 ὡς
1506 1941 1714 1996 τέλειον

110 2027 295 2098 ἄνδρα
323 2027 425 2100 τὴν
451 2028 646 2098 ὀσφῦν,
671 2030 769 2083 καὶ
792 2032 1230 2105 Χριστομιμήτῳ
1258 2032 1588 2089 ταπεινώσει
1613 2037 1714 2107 τῆς

110 2120 591 2193 ὲμπιστευθείσης
627 2121 780 2193 αὐτῷ
807 2123 1086 2188 διακονίας
1124 2124 1380 2196 ἔχεσθαι·
1403 2127 1590 2182 κανόνι
1619 2128 1716 2182 καὶ

113 2213 266 2282 ἴχνει
302 2213 400 2266 τοῦ
459 2214 736 2285 μακαρίου
779 2215 993 2270 ἐκείνου
1045 2216 1424 2288 πορευόμενον
1457 2216 1536 2289 τῷ
1585 2218 1712 2273 κατ’

113 2304 350 2376 ἐντολὴν
373 2304 511 2358 Θεοῦ
552 2305 719 2377 λόγῳ.

195 2395 637 2468 Παρακαλοῦμεν
666 2397 723 2451 δὲ
749 2398 1014 2464 ὡσαύτως
1056 2403 1152 2456 καὶ
1186 2402 1353 2474 ὑμᾶς,
1394 2404 1496 2476 τὴν
1539 2404 1714 2477 καλὴν

113 2487 487 2559 ἀδελφότητα,
529 2489 844 2562 ὁμογνώμῳ
897 2493 1082 2547 πίστει
1140 2513 1200 2548 τε
1249 2498 1344 2552 καὶ
1399 2499 1590 2574 ἀγάπῃ
1631 2499 1712 2570 τῷ

117 2589 424 2652 νεοκτίστῳ
449 2583 791 2653 καθηγεμόνι
813 2585 1061 2639 ὑπείκειν
1089 2588 1147 2642 ὲν
1170 2589 1363 2661 Κυρίῳ
1385 2606 1400 2620 ·
1420 2589 1514 2644 καὶ
1543 2590 1713 2656 δεῖξαι

118 2675 206 2727 ὃτι
232 2673 405 2737 ὅντως
434 2676 464 2728 ὁ
495 2675 630 2739 Θεὸς
660 2677 718 2729 ὲν
749 2677 876 2746 ὑμῖν
913 2681 1064 2741 εστι·
1108 2680 1204 2734 καὶ
1241 2684 1269 2734 ὁ
1326 2682 1474 2745 ὅσιος
1520 2682 1712 2755 Πατὴρ

120 2765 584 2838 προθυμούμενος
610 2767 707 2822 καὶ
760 2768 996 2822 συνδέων
1045 2771 1281 2836 πάντας,
1348 2772 1429 2836 είς
1458 2773 1714 2843 ὁμόνοιάν

120 2877 185 2913 τε
217 2859 312 2913 καὶ
347 2859 678 2930 σύμπνοιαν.
707 2861 839 2928 Ναὶ,
868 2862 1092 2932 ἀδελφοὶ
1130 2863 1456 2936 ἐπιπόθητοι
1476 2881 1492 2896 ·
1537 2865 1714 2932 οὕτως

123 2953 340 3018 ἔσεσθε,
423 2951 568 3007 οὕτω
636 2953 995 3025 παγιώθητε’
1063 2956 1169 3010 κᾶν
1208 2958 1360 3011 πᾶσα
1414 2958 1560 3030 ἁρχὴ
1611 2960 1714 3013 οὐκ

122 3043 434 3115 εὐμάρειαν
476 3044 630 3116 έχοι·
684 3046 864 3118 χρόνῳ
890 3047 948 3100 δὲ
992 3047 1281 3119 προϊοῦσα,
1321 3052 1403 3113 είς
1433 3048 1548 3116 ἕξιν
1588 3052 1712 3104 5m-

123 3135 464 3208 στημονικὴν
521 3137 888 3192 καθίσταταιο
944 3141 1081 3211 μηδὲ
1131 3142 1436 3212 ὁμοιωθῆτε
1477 3146 1594 3206 τοῖς
1646 3145 1710 3198 ὲκ

1815 1937 2004 2007 praesit
2037 1954 2051 1990 :
2084 1952 2248 2008 quem
2293 1939 2581 1991 hortamur
2614 1943 2677 1989 ut
2709 1943 2972 2004 tanquam
3006 1935 3089 1987 vir
3128 1933 3406 2004 perfectus

1817 2031 2034 2085 lumbos
2065 2030 2336 2099 accingat,
2369 2036 2422 2083 et
2465 2027 2671 2083 Christi
2703 2027 2902 2082 aemula
2940 2027 3254 2081 humilitate
3297 2026 3404 2079 im-

1816 2122 2056 2192 positum
2088 2120 2192 2176 sibi
2240 2120 2607 2175 ministerium
2648 2119 3032 2189 amplectatur,
3065 2118 3211 2173 beati
3254 2118 3404 2172 illius

1815 2215 2020 2285 regulae
2051 2221 2106 2268 et
2141 2213 2385 2283 vestigiis
2413 2213 2696 2280 incedens,
2733 2212 2840 2268 hoc
2876 2221 2981 2276 est,
3022 2209 3117 2266 Dei
3153 2212 3319 2267 verbo
3347 2221 3403 2266 et

1815 2306 2099 2364 mandato.

1888 2397 2186 2454 Hortamur
2212 2405 2394 2454 autem
2425 2407 2481 2454 et
2509 2413 2610 2453 vos
2652 2402 2885 2468 pariter.
2933 2398 3252 2467 praeclaram
3289 2399 3404 2454 fra—

1815 2494 2154 2558 ternitatem,
2192 2501 2253 2546 ut
2283 2491 2528 2546 unanimi
2564 2490 2668 2545 fide
2716 2500 2770 2546 et
2813 2490 3079 2546 charitate
3125 2507 3268 2545 novo
3314 2507 3404 2545 re-

1817 2588 1957 2643 ctori
1987 2587 2384 2655 obtemperetis
2414 2585 2467 2638 in
2494 2584 2766 2640 Domino:
2791 2584 3205 2652 ostendatisqne
3233 2585 3398 2638 Deum

1816 2695 2006 2735 revera
2059 2679 2203 2732 inter
2254 2693 2352 2733 vos
2405 2693 2550 2742 esse,
2610 2687 2977 2746 sanctumque
3027 2674 3268 2741 Patrem,
3305 2677 3398 2745 qui

1815 2785 2010 2826 omnes
2045 2769 2334 2832 accendat,
2384 2779 2788 2841 connectatque
2831 2771 2900 2825 ad
2949 2769 3303 2826 concordiam
3347 2780 3403 2825 et

1815 2877 2172 2919 consensum.
2202 2860 2426 2932 Utique,
2455 2861 2651 2919 fratres
2682 2862 3070 2923 amantissimi.
3095 2863 3177 2917 sic
3201 2872 3397 2928 estote,

1815 2956 1897 3012 sic
1936 2955 2320 3011 stabiliamini.
2379 2955 2641 3022 Quamvis
2688 2955 3022 3026 principium
3074 2970 3239 3009 omne
3288 2971 3396 3009 non

1815 3050 2002 3105 statim
2032 3047 2350 3103 facilitatem
2381 3047 2579 3100 habeat
2608 3065 2620 3100 :
2654 3061 2951 3117 progressu
2980 3057 3158 3101 tamen
3189 3058 3403 3116 tenipo-

1816 3141 1897 3194 ris
1933 3156 2093 3196 usum
2124 3150 2178 3195 et
2204 3123 2492 3195 scientiam
2540 3139 2883 3207 adipiscitur.
2923 3137 3031 3193 Nec
3070 3140 3281 3193 similes
3317 3139 3400 3192 eis

123 3201 432 3296 569'bc(sicj
461 3229 756 3302 φιλαρχίας
795 3201 1054 3298 ἀστάτοις
1099 3201 1195 3288 καλ
1248 3201 1706 3307 ἀνεπιστήμοσιν.

1820 3231 2055 3295 fueritis,
2091 3232 2185 3302 qui
2219 3247 2284 3285 ex
2317 3230 2640 3285 dominandi
2683 3230 2868 3285 studio
2905 3232 3137 3300 inquieti
3191 3243 3322 3286 sunt
3347 3241 3402 3284 et

136 3321 360 3388 Ἐπειδὴ
382 3321 440 3374 δὲ
472 3324 567 3376 ἐπὶ
620 3323 783 3393 ξυροῦ
817 3325 878 3378 τὸ
921 3324 1015 3379 τοῦ
1062 3326 1309 3399 διωγμοῦ
1340 3330 1599 3400 πρᾶγμα,
1634 3330 1712 3402 μὴ

126 3413 399 3483 προδῶτε,
433 3414 588 3485 ὐμῶν
624 3415 838 3486 δέομαι,
865 3417 966 3487 τὴν
1001 3417 1207 3478 πίστιν.
1251 3419 1387 3488 μηδὲ
1423 3421 1522 3489 τὴν
1561 3421 1714 3472 εὐσέ-

125 3509 311 3559 ϋειαν·
339 3506 457 3559 ἀλλ’
500 3509 551 3561 εί
607 3508 727 3578 ἥξει
780 3509 1048 3581 μηδαμῶς
1078 3515 1196 3571 τοῖς
1245 3515 1552 3582 αἱρετικοῖς
1585 3513 1713 3568 καθ’

125 3593 240 3651 οἷον
269 3599 470 3670 δήποτε
502 3600 706 3671 τρόπον
728 3603 1165 3672 συνυπαχθῆναι.
1197 3604 1269 3655 «at
1283 3621 1426 3673 ροιτε
1446 3605 1712 3673 γενναίως

129 3692 312 3744 πάντα
364 3692 596 3764 δεύτερα
640 3694 958 3764 ἡγούμενοι,
1021 3694 1094 3766 μὴ
1138 3696 1300 3766 μόνον
1336 3699 1713 3769 μοναστήρια,

129 3783 226 3834 καὶ
283 3782 349 3834 τὰ
404 3784 464 3835 ὲν
520 3785 906 3854 μοναστηρίοις
969 3784 1206 3848 ἅπαντα,
1259 3786 1364 3839 κᾶν
1403 3783 1514 3840 εἷεν
1574 3786 1715 3856 ὑπὲρ

128 3877 248 3927 λίαν
282 3875 484 3946 ἄπειρα
505 3894 518 3907 ν
550 3877 687 3932 ἀλλὰ
715 3879 826 3948 γὰρ
855 3879 952 3932 καὶ
977 3879 1047 3933 τὰ
1071 3879 1284 3933 ἑαυτῶν
1317 3879 1575 3950 σώματα·
1609 3880 1710 3951 τὴν

129 3968 303 4038 καλὴν
360 3970 658 4038 φυγαδείαν
724 3973 994 4043 ἑλόμενοι,
1067 3974 1293 4027 καὶ-τὸν
1340 3973 1434 4027 τοῦ
1470 3973 1714 4047 διωγμοῦ

133 4064 488 4132 μακαρισμὸν
539 4065 976 4136 στεφανούμενοι
1052 4066 1144 4120 τὸν
1204 4067 1564 4138 ὐπερένδοξον
1619 4067 1716 4121 καὶ¹

130 4155 594 4225 ὐπερθαύμαστον
615 4172 631 4187 ·
658 4157 802 4210 καθὰ
841 4158 937 4211 καὶ
966 4158 1282 4212 ἐντέταλται
1315 4159 1444 4229 ὑμῖν
1472 4161 1501 4212 ὁ
1531 4159 1712 4229 μακά-

134 4265 268 4318 ριος.
332 4248 395 4301 Et
449 4248 508 4301 δὲ
558 4249 643 4302 ὅτι
701 4249 844 4304 ἑάλω
880 4252 1120 4313 ἐκεῖνος·
1163 4251 1253 4304 ναὶ
1308 4252 1402 4302 καὶ
1460 4250 1564 4319 φεῦ
1615 4251 1715 4319 τῆς

129 4341 329 4410 ἥττηςῑ
365 4341 506 4413 πλὴν
540 4341 622 4394 ὅτι
644 4341 1053 4412 ἀνακέκληταν
1097 4341 1236 4413 πλὴν
1269 4342 1351 4396 ὅτι
1390 4341 1713 4412 ἐπιτετίμη-

129 4451 240 4498 ται,
302 4435 399 4487 καὶ
460 4436 599 4505 μετὰ
652 4434 761 4488 τῶν
825 4435 1068 4489 εὐσεϐῶν
1125 4437 1432 4505 συνῆπται,
1470 4437 1566 4489 καὶ
1626 4429 1713 4497 εἷς

1816 3323 2166 3394 impatientes
2183 3323 2509 3392 disciplinae.
2534 3320 2804 3376 Caeterum
2826 3322 3085 3390 quoniam
3107 3323 3160 3375 in
3183 3338 3402 3376 summo

1815 3417 2140 3473 discrimine
2166 3415 2567 3485 persecutionis
2601 3429 2912 3477 versamur,
2949 3415 3109 3468 fidem
3136 3425 3398 3480 vestram,

1816 3511 2070 3574 obsecro,
2106 3509 2475 3578 pietatemque
2510 3522 2580 3563 ne
2621 3507 2870 3577 prodatis
2900 3524 2915 3561 :
2949 3507 3044 3562 sed
3080 3508 3122 3562 si
3155 3507 3394 3572 ingruat,

1817 3602 2044 3656 minime
2102 3616 2227 3655 cum
2289 3601 2563 3655 lnereticis
2620 3616 2953 3671 quocunque
3009 3613 3168 3671 pacto
3221 3601 3399 3655 abdu-

1816 3696 2042 3751 camini.
2089 3692 2240 3749 Forti
2274 3694 2459 3747 animo
2503 3694 2791 3758 sustinete,
2829 3694 3018 3748 omnia
3063 3693 3401 3762 posthaben-

1818 3798 1924 3851 tes,
1956 3803 2066 3841 non
2105 3787 2283 3842 solum
2315 3785 2675 3852 monasteria,
2716 3794 2771 3840 et
2799 3801 3140 3856 quaecunque
3180 3790 3237 3840 in
3283 3802 3401 3840 mo-

1816 3880 2074 3935 nasteriis
2117 3887 2272 3947 sunt,
2319 3878 2626 3948 quamlibet
2671 3894 2836 3949 supra
2882 3879 3104 3933 modum
3145 3879 3258 3934 sint
3303 3894 3402 3934 co-

1816 3973 1993 4043 piosa,
2028 3972 2123 4027 sed
2160 3973 2380 4043 propria
2413 3973 2578 4026 etiam
2609 3987 2837 4042 corpora
2863 3973 3185 4042 :pulchram
3217 3971 3396 4041 fugam

1815 4065 2104 4135 eligentes,
2165 4074 2218 4119 et
2273 4065 2672 4134 persecutionis
2732 4065 3073 4120 beatitudine
3127 4065 3401 4131 coronati,

1816 4173 1938 4228 quae
1985 4157 2213 4227 gloriam
2256 4157 2633 4212 incredibilem
2681 4166 2737 4211 et
2767 4157 3149 4212 admirabilem
3191 4158 3397 4212 habet:

1816 4251 2283 4319 quemadmodum
2330 4251 2523 4306 beatus
2572 4251 2738 4304 etiam
2778 4250 2871 4306 ille
2910 4250 3066 4305 vobis
3117 4253 3396 4320 praecpit.

1817 4344 1972 4410 Quod
2022 4345 2070 4400 si
2117 4344 2242 4413 quis
2290 4345 2499 4398 victum
2552 4344 2707 4398 illum
2767 4342 2941 4398 fuisse
2983 4344 3154 4408 dicat,
3209 4343 3399 4413 utique

1816 4445 1871 4491 et
1903 4436 2239 4507 deploranda
2282 4437 2468 4492 clades
2506 4452 2520 4489 :
2555 4445 2612 4490 at
2654 4446 2951 4491 revocatus
2982 4445 3087 4501 est,
3137 4446 3193 4489 at
3227 4435 3404 4506 ptBlli-

129 4527 245 4578 ἐστι
288 4525 398 4578 τῶν
424 4526 671 4595 ἀδελφῶν
720 4528 815 4580 καὶ
855 4528 1120 4599 Πατέρων
1148 4528 1308 4598 ἡμῶν
1331 4545 1343 4557 ³
1376 4529 1568 4582 καθότι
1621 4527 1714 4579 καὶ

1821 4530 2048 4584 tentiam
2097 4530 2227 4596 egit,
2268 4539 2324 4582 at
2357 4530 2462 4599 piis
2498 4542 2830 4600 aggregatus
2876 4541 2982 4597 est,
3017 4545 3274 4599 unusque
3319 4538 3404 4583 est

130 4618 469 4671 εἰσδέδεκται
502 4619 639 4690 πρὸς
696 4621 790 4674 τοῦ
816 4621 1185 4691 ίεροτελεστοῦ
1238 4620 1398 4691 ἡμῶν
1425 4638 1714 4691 μακαριω-

1820 4622 2046 4675 fratrum
2077 4619 2415 4689 Petrumque
2444 4628 2785 4675 nostrorum.
2814 4621 3004 4692 itaque
3033 4629 3285 4689 receptus
3318 4628 3405 4672 est

127 4710 292 4764 τάτου
359 4712 729 4782 πατριάρχου.
787 4710 977 4766 Ταῦτα
1053 4707 1145 4764 οὖν
1209 4711 1434 4777 εἰδότες,
1470 4712 1714 4780 ἀδελφοὶ,

127 4802 497 4873 εὐψυχήσατε,
527 4804 924 4874 εὐτακτήσατε,
972 4799 1033 4857 εὖ
1075 4805 1361 4875 πράξοιτε,
1395 4806 1454 4857 ὲν
1483 4804 1708 4875 Χριστῷ

141 4896 319 4966 Ἰησοῦ
381 4894 458 4966 τῷ
503 4897 696 4967 Κυρίῳ
738 4898 920 4968 ἡμῶν,
972 4896 1031 4961 ὃς
1070 4900 1326 4952 κάκεῖνον
1373 4898 1717 4951 ἀναπαύσειε

133 4991 273 5062 μετὰ
323 4989 570 5054 δικαίων,
630 4991 727 5042 καὶ
778 4991 924 5060 ὑμᾶς
982 4991 1370 5062 καταρτίσειεν
1431 4993 1490 5044 ὲν
1543 4993 1714 5045 πᾶσιν

128 5083 378 5154 ἀγαθοῖς,
403 5084 758 5155 ἠγαπημένοι
786 5083 946 5154 ἡμῶν
974 5084 1213 5155 ἀδελφοί.

412 5274 562 5330 PKZ'
581 5277 717 5347 (‘23).
751 5275 953 5345 Πέτρῳ
979 5277 1251 5343 Νικαίας.
1290 5278 1412 5346 [χοα
1431 5276 1474 5348 .]

1814 4710 1979 4764 etiam
2029 4708 2098 4762 ab
2151 4709 2406 4763 antistite
2457 4719 2671 4775 nostro,
2706 4711 3029 4766 beatissimo
3065 4708 3400 4779 patriarcha.

1817 4799 1944 4855 Her
1967 4799 2137 4869 igitur
2170 4814 2297 4854 cum
2328 4799 2484 4854 vobis
2517 4812 2802 4870 comperta
2835 4801 2970 4866 sint,
3005 4800 3224 4861 fratres,
3256 4799 3404 4851 bono

1819 4891 2013 4944 animo
2064 4899 2263 4953 estote,
2295 4891 2649 4960 disciplinam
2684 4902 2920 4959 servate,
2960 4895 3097 4948 bene
3134 4891 3305 4945 valete
3349 4891 3403 4943 in

1824 4982 2044 5037 Christo
2074 4981 2203 5037 Jesu
2249 4983 2483 5038 Domino
2533 4992 2750 5050 nostro,
2799 4986 2896 5054 qui
2954 4997 3008 5039 et
3058 4983 3133 5037 illi
3164 4984 3401 5052 quietem

1827 5076 2031 5130 tribuat
2070 5090 2195 5130 cum
2222 5076 2412 5145 justis,
2449 5088 2507 5132 et
2534 5093 2632 5133 vos
2670 5079 2724 5131 in
2760 5079 2922 5132 bonis
2955 5076 3208 5133 omnibus
3235 5075 3405 5144 perli-

1825 5169 1953 5233 ciat,
1990 5167 2176 5223 dilecti
2203 5167 2402 5223 fratres
2433 5169 2630 5223 nostri.

2205 5279 2466 5335 CXXVII.
2491 5311 2562 5320 -—
2595 5279 2746 5336 Petro
2796 5281 3016 5340 Nicarte.

913 5411 1238 5474 Apologetica
1258 5410 1496 5459 adversus
1527 5410 1928 5463 calumniatores.
1955 5414 2156 5478 (Baron.
2182 5430 2266 5470 an.
2289 5417 2401 5479 825,
2428 5432 2481 5468 n.
2519 5417 2620 5481 19.)

201 5523 317 5582 Νῦν
389 5523 726 5595 εὐοδούμεθα
797 5521 1102 5575 ἐπιστεῖλαι
1162 5524 1230 5592 τῇ
1305 5525 1550 5593 πατρικῇ
1615 5540 1709 5575 σου

201 5645 248 5680 ⁸³
275 5645 289 5696 Ι
315 5624 443 5698 Cor.
469 5658 557 5706 xv,
591 5642 660 5696 20
760 5638 931 5695 "Job
963 5656 999 5708 ι,
1033 5639 1124 5693 2|.
1201 5641 1247 5671 ⁸⁵
1276 5636 1422 5691 Psal.
1463 5655 1620 5706 xvm,
1656 5639 1745 5694 49.

1645 5732 1878 5790 NOTAE.

1895 5526 2053 5582 Nunc
2105 5535 2414 5600 opportuna
2481 5529 2756 5585 scribendi
2815 5541 3063 5600 paterna:
3128 5522 3411 5582 sanctitati

205 5832 314 5902 (9.5)
340 5830 401 5888 In
432 5830 553 5885 cod.
581 5829 714 5901 Reg.
777 5825 909 5898 ρλϐ’.
