3964 6320
580 296 714 364 illi

1773 307 1834 367 S.
1874 306 2268 369 THEODORI
2306 305 2657 369 STUDiT/E

3787 300 3908 364 14ίέ

577 424 688 470 tua:
731 413 895 469 datur
942 413 1190 479 occasio,
1233 424 1527 486 postquam
1579 416 1654 472 ab
1708 421 1904 477 exsilio
1955 422 2159 478 reversi

2269 421 2576 491 ἁγιωσύνηο
2630 419 2872 490 ὁπηνίκα
2940 417 3486 488 ἀνθυπεστρέψαμεν
3533 413 3662 484 τῆς
3732 435 3905 484 φυγα-

576 523 792 563 sumus.
853 508 1140 576 Siquidem
1197 508 1455 563 incursus
1494 509 1736 564 Arabum
1794 527 1896 567 nos
1943 529 2164 584 quoque

579 601 815 655 humiles
861 617 986 655 cum
1036 601 1161 656 aliis
1189 602 1478 671 permultis
1518 603 1747 672 ejiciens
1785 605 1854 658 ab
1896 605 2160 676 hospitio,

579 694 632 746 in
675 695 980 763 principem
1024 695 1258 748 insulam
1314 705 1440 748 ante
1489 696 1680 749 urbem
1717 698 1918 767 abegit.
1963 697 2018 752 In
2054 717 2162 768 qua

578 788 781 857 quibus
812 790 1076 842 aerumnis
1099 787 1278 841 affecti
1307 786 1574 842 fuerimus
1603 791 1802 858 partim
1834 807 1862 845 a
1896 790 2163 861 profugo-

581 897 702 934 rum
738 891 962 950 urgente
990 894 1089 934 nos
1118 881 1298 944 turba,
1325 880 1524 948 partim
1550 882 1618 933 ab
1649 895 1785 935 aestu
1818 893 1871 937 et
1900 885 2060 952 aquis
2095 883 2162 935 ad

582 984 771 1042 potum
841 973 1069 1026 minime
1122 973 1358 1036 idoneis,
1422 973 1555 1042 quid
1613 989 1753 1043 opus
1807 986 1892 1032 est
1941 975 2165 1030 dicere?

581 1063 774 1118 Postea
823 1079 975 1128 vero,
1033 1073 1093 1117 ut
1138 1065 1262 1118 inde
1299 1065 1574 1134 progressi
1621 1081 1816 1122 sumus
1868 1066 1936 1121 ad
1986 1067 2161 1120 vicina

580 1155 917 1211 Chalcedoni
959 1157 1099 1220 loca,
1145 1157 1210 1209 ad
1247 1157 1348 1209 ista
1382 1158 1492 1209 duo
1530 1157 1784 1222 accessit,
1835 1168 1890 1213 et
1937 1159 2042 1213 hoc
2084 1157 2166 1210 al-

584 1256 785 1312 terum,
823 1249 969 1316 quod
1021 1248 1074 1300 in
1127 1248 1513 1317 gravissimum
1565 1248 1861 1304 incidimus
1914 1251 2163 1304 morbum

582 1341 676 1409 qui
726 1340 990 1394 miserum
1047 1355 1251 1408 corpus
1308 1349 1557 1394 nostrum
1617 1349 1762 1396 totos
1807 1353 2015 1412 septem
2046 1343 2165 1398 dies

584 1447 767 1484 rerum
812 1430 1096 1486 doloribus
1136 1430 1328 1486 afﬂixit
1362 1454 1374 1485 :
1410 1443 1574 1502 atque
1628 1444 1689 1486 ut
1744 1434 1912 1488 semel
1963 1435 2161 1499 dicam,

583 1523 743 1591 plane
776 1523 1118 1578 laboriosum
1157 1525 1259 1576 iter
1303 1533 1551 1577 nostrum
1593 1522 1716 1577 fuit.
1761 1525 2017 1580 Attamen
2062 1526 2164 1579 tria

583 1612 699 1665 hac
729 1613 917 1665 divino
959 1628 1184 1666 munere
1231 1612 1390 1666 nobis
1426 1613 1748 1682 obtigerunt
1781 1632 1794 1667 :
1825 1616 2064 1683 primum
2109 1623 2168 1669 ut

583 1703 960 1756 beatissimum
996 1703 1307 1772 pontilicem
1354 1713 1605 1758 nostrum
1637 1703 2028 1769 salutaremus,
2079 1721 2167 1759 sa-

2265 514 2448 578 δείαςο
2486 511 2722 582 ἐπείπερ
2777 513 2810 582 ἠ
2863 511 2970 564 τῶν
3029 510 3317 582 Ἀρῤάὸων
3352 509 3570 579 ἔφοδος
3620 508 3739 559 σὺν

2265 607 2374 669 λοῖς
2410 606 2591 668 ἄλλοις
2641 607 2736 659 καὶ
2769 607 2916 675 ἡμᾶς
2962 606 3086 667 τοὺς
3131 604 3432 664 ταπεινοὺς
3476 601 3754 672 μεθεῖσα
3817 607 3900 667 cf;

2267 699 2470 765 ξενίας,
2499 699 2760 767 ἀπήγαγε
2811 696 2918 767 πρὸ
2952 696 3046 748 τοῦ
3073 697 3265 758 ἀστεος
3322 695 3382 746 ἐν
3445 697 3520 764 τῇ
3585 695 3896 763 [lg-{7.5:}

2268 795 2435 860 νήσῳ.
2498 784 2651 864 Ἑνῇ
2699 790 2822 842 ὅσον
2878 789 3449 858 ἐταλαιπωρήσαμεν,
3511 788 3647 840 ἀπό
3707 805 3776 840 τε
3813 787 3895 838 τεὶ-

2267 882 2582 952 συνέχοντος
2614 882 2762 950 ἡμᾶς
2811 879 3211 949 φυγαδευτικοῦ
3256 877 3390 930 λαοῦ
3427 891 3443 904 °
3495 875 3608 928 τοῦ
3648 896 3716 930 τε
3776 877 3897 930 κειέ-

2270 991 2464 1040 σωνος,
2494 972 2729 1026 καὶτῶν
2787 971 3070 1024 δυσπότων
3120 970 3353 1031 ὑδάτων,
3392 968 3450 1020 τί
3503 969 3603 1020 δεῖ
3659 971 3768 1022 καὶ
3819 970 3896 1019 li-

2266 1084 2417 1136 γειν;
2454 1063 2589 1120 Εἶτα
2619 1066 2811 1136 ἐπειδὴ
2847 1064 3172 1136 προῦϐημεν
3229 1061 3528 1132 ἐγγυτέρω
3589 1065 3756 1115 κατὰ
3807 1067 3896 1130 τὴν

2265 1160 2605 1230 Χαλκηδόνα,
2645 1160 2761 1212 ἐκεῖ
2810 1161 2925 1210 τοῖν
2970 1158 3116 1210 δυοῖν
3157 1156 3415 1226 θάτερον·
3475 1157 3892 1223 κατεπέσαμεν

2267 1255 2325 1306 ἐν
2357 1253 2612 1324 ἀσθενείᾳ
2639 1253 2905 1322 δυσοίστῳ
2933 1253 3266 1322 νεφριτικοῖς
3303 1250 3499 1312 πόνοις
3522 1249 3890 1322 student.an

2267 1345 2423 1416 ἡμῶν
2448 1348 2544 1415 τὴν
2578 1343 2814 1410 ἐλεεινὴν
2848 1345 3027 1414 σάρκα
3062 1345 3257 1412 μέχρις
3285 1341 3713 1410 ἑϐδοματιαίου
3749 1347 3885 1410 χρέ-

2266 1455 2387 1491 νουο
2415 1438 2513 1490 καὶ⁵
2547 1436 2741 1500 ἁπλῶς
2787 1438 2988 1498 εἰπεῖν,
3021 1434 3414 1504 ἀργαλεωτέρα
3448 1431 3629 1502 ἡμῶν
3680 1435 3716 1502 ἠ
3777 1435 3885 1496 (2",;

2268 1530 2533 1598 ἐγεγόνει.
2569 1529 2765 1598 Ὅμως
2802 1528 2931 1598 τρία
2984 1527 3159 1580 ταῦτα
3188 1526 3418 1593 γέγονεν
3467 1526 3616 1593 ἡμῖν
3667 1525 3884 1578 ἔπιτε-,ὶ-

2267 1640 2457 1693 γματα
2483 1622 2626 1674 Θεοῦ
2666 1622 2854 1692 χάριτι
2872 1636 2887 1650 ο
2921 1620 3013 1673 τόν
3039 1636 3098 1674 τε
3129 1617 3561 1689 μακαριώτατον
3595 1617 3773 1688 ἡμῶν
3795 1623 3883 1690 ἀρ-

2269 1715 2455 1786 χιερέα
2501 1717 2881 1785 προσκυνῆσαι
2924 1710 3317 1782 κομισαμένοις
3359 1711 3467 1773 τὰς
3509 1710 3687 1778 ἱερὰς
3723 1728 3883 1780 πρετ-

583 1794 695 1845 cris
729 1793 849 1860 ejus
889 1793 1149 1860 precibus
1177 1793 1458 1858 fruentes;
1487 1794 1684 1848 deinde
1711 1796 1812 1848 ltos
1838 1809 2001 1866 atque
2041 1795 2161 1851 illos

2269 1807 2429 1876 ευχάς
2457 1807 2651 1859 αὐτοῦ’
2714 1805 2911 1858 ἔπειτα
2945 1801 3134 1856 τούσδε
3171 1801 3267 1855 καὶ
3305 1801 3502 1855 τούσδε
3544 1801 3674 1853 τῶν
3721 1804 3878 1870 ἱερῶν

582 1901 771 1940 sacros
799 1886 989 1940 Patres
1024 1903 1089 1941 ac
1116 1886 1349 1953 fratres;
1398 1903 1462 1941 ac
1495 1889 1677 1952 tertio,
1723 1896 1781 1940 ut
1819 1890 2159 1959 objectiones

580 1991 636 2035 ct
701 1981 1127 2035 criminationes
1194 1980 1290 2035 Dei
1349 1981 1728 2035 misericordia
1786 1981 2159 2049 diluerentur,

579 2089 720 2143 quas
761 2080 954 2126 contra
1005 2087 1129 2134 nos,
1177 2073 1368 2127 nescio
1420 2073 1588 2134 unde,
1634 2072 1980 2127 suscitaruut
2012 2074 2162 2144 pacis

581 2166 831 2236 Opilices.
886 2165 1282 2220 Schismaticos
1340 2181 1442 2219 nos
1490 2175 1648 2219 antea
1699 2165 2090 2234 depinxerunt,
2131 2181 2162 2222 a

579 2259 748 2312 divini
781 2258 1062 2326 pontificis
1095 2259 1267 2311 nostri
1317 2258 1599 2312 consortio
1643 2273 1869 2313 aversos
1902 2275 1916 2313 :
1951 2260 2162 2328 privata

580 2352 906 2406 auctoritate
962 2365 1092 2405 usos
1122 2348 1294 2404 fuisse
1338 2349 1680 2404 allirmarunt
1721 2351 1778 2403 in
1810 2365 2000 2405 eorum
2046 2364 2164 2419 pae-

579 2444 707 2505 nis,
767 2441 860 2512 qui
909 2442 1182 2494 haeretica:
1244 2441 1622 2494 communioni
1681 2441 2166 2494 adhaeserunt:et

578 2537 686 2591 alia
726 2537 894 2589 multa
925 2550 1045 2603 qua:
1090 2535 1318 2603 epistola
1351 2535 1633 2589 includere
1662 2534 1938 2589 diﬂicilius
1976 2542 2081 2588 est.

655 2628 859 2683 Verum
897 2629 963 2681 ad
1008 2626 1248 2696 singula,
1297 2634 1356 2680 ut
1384 2626 1645 2688 diximus,
1685 2627 1890 2680 auxilio
1931 2640 2159 2695 precum

582 2733 804 2776 tuarum
841 2719 1091 2789 apposite
1134 2718 1551 2786 respondentes.
1575 2727 1629 2771 et
1661 2733 1786 2771 cum
1826 2732 1989 2773 sacro
2025 2732 2163 2788 pon-

584 2815 729 2869 tifice
765 2827 954 2870 nostro
988 2814 1401 2868 communicare
1429 2828 1530 2867 nos
1559 2813 1926 2878 ostendimus,
1966 2813 2062 2882 qui
2106 2821 2161 2868 et

581 2922 799 2961 summa
832 2907 1177 2960 humanitate
1205 2920 1307 2959 nos
1330 2903 1566 2974 excepit,
1599 2914 1653 2958 et
1682 2914 1931 2958 amanter
1959 2913 2165 2958 tracta-

585 3003 660 3053 vit
697 3007 752 3052 et
789 2998 1021 3061 dimisit,
1072 2997 1222 3050 nulla
1267 2997 1546 3049 mentione
1595 2996 1738 3051 facta
1786 3012 2002 3058 eorum,
2043 3013 2166 3066 qua:

586 3107 686 3160 per
711 3092 896 3145 dolum
928 3091 1162 3145 conficta
1191 3088 1428 3143 fuerant.
1462 3088 1774 3154 Quinetiam
1801 3105 1924 3143 cum
1957 3089 2163 3142 mentio
2188 3126 2232 3188 Ο

581 3183 737 3238 ﬁeret
789 3185 855 3237 de
905 3181 1138 3236 Domino
1182 3182 1344 3238 beato
1394 3180 1626 3237 Tarasio
1674 3184 1823 3251 (nam
1879 3190 1932 3235 ct
1975 3181 2044 3234 ab
2098 3195 2165 3235 eo

586 3278 865 3341 dixerant,
899 3273 1120 3328 Patrum
1147 3274 1356 3328 scilicet
1381 3282 1677 3338 amatores,
1710 3288 1809 3327 nos
1842 3271 2163 3337 descivisse,

583 3379 640 3422 et
675 3369 976 3423 secundam
1020 3365 1074 3420 in
1115 3363 1293 3420 Niczea
1324 3378 1576 3420 sanctam
1611 3365 1905 3436 synodum,
1938 3364 2163 3419 localem

584 3462 902 3529 appellare),
933 3474 1034 3514 nos
1055 3474 1191 3515 vero
1220 3458 1580 3530 probavimus
1600 3469 1654 3512 et
1684 3457 1834 3510 illum
1870 3458 1923 3511 in
1958 3458 2165 3512 sanctis

583 3555 846 3610 Patr-ibus
899 3553 1126 3617 habere,
1172 3563 1228 3607 ct
1278 3553 1547 3623 synodum
1595 3551 1779 3605 verbis
1833 3551 2167 3620 scriptisque

584 3646 984 3700 aecumenicam
1017 3645 1264 3700 conliteri
1298 3665 1313 3700 :
1351 3646 1477 3700 licet
1525 3643 1736 3713 uspiam
1775 3643 2071 3713 aliquando
2112 3651 2170 3697 et

583 3739 770 3807 aliquo
812 3740 974 3792 modo
1015 3748 1071 3792 et
1097 3736 1430 3808 quibusdam
1483 3737 1643 3791 aliter
1693 3737 2162 3806 responderimus.

585 3831 720 3898 Quae
752 3831 974 3900 quidem
1021 3844 1131 3885 non
1178 3839 1418 3901 oportet,
1467 3830 1613 3884 sicut
1643 3845 1746 3884 nec
1797 3846 1860 3884 ea
1887 3845 2008 3900 quae
2049 3841 2164 3885 tum

587 3925 748 3979 aliter
778 3931 898 3978 acta
927 3922 1175 3989 fuerunt,
1208 3938 1358 3978 nunc
1387 3923 1666 3991 inquirere
1693 3932 1747 3978 et
1783 3923 2064 3978 refricare.
2109 3920 2167 3977 id

584 4019 734 4072 enim
773 4017 1047 4072 tumultus
1080 4032 1304 4072 causam
1346 4016 1571 4086 praebet,
1604 4030 1705 4070 nec
1733 4015 2162 4071 emolumentum

589 4109 759 4162 ullum
795 4107 972 4168 affert.
1007 4108 1101 4163 sed
1138 4108 1526 4162 altercationes
1555 4107 1739 4177 potius
1774 4117 1827 4161 et
1857 4108 2166 4163 offendicu-

587 4203 701 4256 ium
735 4201 1000 4256 Ecclesiae
1032 4202 1146 4256 Dei.
1185 4200 1302 4256 Hoc
1328 4213 1383 4257 et
1411 4203 1507 4256 illo
1547 4202 1709 4256 modo
1746 4201 1801 4256 lii
1841 4211 1896 4257 et
1920 4202 1998 4256 illi
2029 4202 2168 4257 scri-

587 4307 819 4366 pserunt
874 4309 938 4349 ac
982 4304 1262 4364 egerunt:
1295 4295 1497 4365 singuli
1549 4310 1606 4348 se
1652 4293 1935 4348 veritatem
1982 4304 2168 4350 tenere

586 4386 938 4439 arbitrantes.
984 4384 1166 4439 Multis
1213 4387 1397 4450 annis,
1437 4394 1496 4438 ut
1548 4385 1717 4450 nosti,
1765 4387 2163 4451 amantissime,

2266 1901 2524 1970 Πατέρων
2547 1899 2643 1953 καὶ⁸
2667 1898 2910 1968 ἀδελφῶν
2937 1913 2952 1928 ⁶
2979 1897 3076 1951 καὶ
3104 1897 3307 1966 τρίτον,
3333 1896 3396 1949 τὸ
3427 1895 3713 1950 διαλῦσαι
3743 1897 3876 1950 ἐλέει

2263 1993 2398 2046 Θεοῦ
2423 1994 2520 2057 τὰς
2556 1996 2842 2055 ἐνστάσεις
2894 1990 2990 2044 καὶ
3032 1989 3568 2061 ἀντιπαραστάσεις,
3632 1988 3708 2052 ἃς
3760 1991 3876 2043 καθ’

2263 2086 2424 2157 ήμῶν
2453 2087 2552 2138 οὐκ
2578 2079 2676 2138 οἵδ’
2704 2084 2828 2138 ὅθεν
2872 2082 3089 2154 ἀνῆψαν
3119 2085 3166 2137 οί
3191 2083 3292 2152 τῆς
3312 2083 3553 2153 εἰρήνης
3600 2081 3873 2153 δημιουρ-

2265 2178 2352 2246 γοί
2371 2194 2385 2208 ·
2412 2175 2807 2246 σχισματικοὺς
2838 2175 2990 2244 ήμᾶς
3018 2173 3625 2244 προανεζωγράφησαν
3661 2175 3766 2244 τῆς
3790 2175 3872 2226 τοῦ

2267 2269 2554 2324 Θεσπεσίου
2601 2269 2760 2339 ήμῶν
2805 2269 3113 2340 ἀρχιερέως
3155 2267 3490 2336 συναφείαςο
3562 2267 3872 2338 ίδιονὸμους

2263 2364 2612 2434 ἀπεφήναντο
2636 2363 2696 2414 ἐν
2735 2363 2857 2424 ταῖς
2903 2363 3214 2435 ἐπιτιμίαις
3268 2360 3379 2414 τῶν
3430 2360 3786 2416 ἑαλωκότων
3813 2366 3867 2430 τῇ

2264 2455 2517 2525 αἱρετικῇ
2552 2454 2828 2524 κοινωνίᾳ.

2341 2631 2514 2686 Ἀλλα
2565 2631 2701 2686 ἄττα
2758 2629 3160 2703 ἐργωδέστερον
3207 2629 3285 2700 τῷ
3318 2631 3628 2700 γράμματι
3682 2636 3866 2686 ἐπικυ-

2264 2724 2434 2780 κλεῖν.
2496 2722 2663 2794 Πλὴν,
2705 2723 2780 2788 ὡς
2835 2723 3186 2793 προείρηται,
3234 2723 3425 2792 εὐχαῖς
3477 2741 3580 2777 σου
3635 2726 3778 2795 πρὸς
3815 2723 3866 2774 ἓν

2265 2817 2496 2871 ἕκαστον
2553 2817 2967 2886 ἀπαντήσαντες
3023 2814 3364 2878 εύθυϐόλως,
3415 2816 3520 2869 καὶ
3570 2817 3676 2870 τοῦ
3722 2814 3862 2884 ἱεροῦ

2264 2911 2297 2978 ἡ
2310 2907 2425 2978 μῶν
2443 2907 2782 2976 πατριάρχου
2813 2906 3120 2958 κοινωνικοὶ
3141 2901 3281 2959 εἶναι
3305 2907 3778 2977 ἀποδεδείχαμεν·
3810 2907 3862 2971 ὃς

2266 3001 2362 3053 καὶ
2389 2999 2526 3068 μετὰ
2556 2996 3006 3067 ὑπερϐαλλούσης
3036 2996 3508 3066 συγκαταὸάσεως
3532 2999 3637 3051 καὶ
3676 2997 3864 3063 ἐδέξαο

2264 3108 2326 3144 το
2360 3092 2455 3144 καὶ
2495 3088 2984 3161 ἐφιλοφρονήσατο,
3033 3089 3129 3142 καὶ
3177 3088 3502 3141 ἀπέστειλεν
3550 3091 3745 3157 ἡμᾶς·
3793 3091 3858 3158 μή

2270 3201 2417 3244 τινος
2438 3183 2599 3251 λόγου
2632 3182 2738 3235 τῶν
2773 3181 3230 3251 σκαιωρηθέντων
3256 3183 3462 3250 ἐπιμνη
3474 3182 3856 3250 ι.ι.ατισθσιειστος⁸

2271 3274 2331 3327 ού
2357 3275 2464 3343 μὴν
2488 3273 2624 3326 ἀλλά
2644 3273 2740 3327 καὶ¹
2765 3273 2860 3327 τοῦ
2903 3272 3096 3344 κυρίου
3125 3272 3401 3343 Ταρασίου
3442 3274 3544 3326 καὶ
3585 3275 3648 3325 ἐν
3690 3276 3857 3341 ἁγίοις

2275 3366 2783 3439 μνημονευομένου·
2822 3365 3030 3434 ἔφασαν
3058 3364 3166 3435 γὰρ
3203 3366 3252 3417 οί
3283 3362 3448 3433 δῆθεν
3489 3363 3857 3434 φιλοπάτορες

2271 3461 2367 3514 καὶ
2394 3458 2586 3512 τούτου
2606 3459 2756 3528 ἡμᾶς
2769 3457 3092 3527 διεσχῐσθαι,
3123 3457 3219 3510 καὶ
3249 3457 3352 3526 τήν
3382 3472 3445 3523 γε
3474 3457 3538 3509 ἐν
3569 3458 3785 3528 Νικαίᾳ
3803 3459 3856 3510 τὸ

2271 3553 2519 3623 δεύτερον
2541 3553 2704 3621 ἁγίαν
2738 3550 2954 3605 σύνοδον
2977 3550 3212 3619 τοπικὴν
3228 3547 3529 3602 ἀποκαλεῖν
3554 3566 3572 3582 ο
3604 3551 3773 3620 ἡμεῖς
3803 3550 3851 3603 δέ

2274 3644 2722 3716 συνεστησάμεθα
2740 3645 2990 3707 ἑαυτοὺς,
3004 3641 3099 3696 καὶ
3117 3641 3278 3694 αὑτὸν
3295 3642 3352 3694 ἐν
3377 3641 3669 3713 Πατράσιν
3687 3643 3852 3709 ἁγίοις

2271 3738 2453 3808 ἔχειν’
2479 3737 2573 3790 καὶ
2600 3736 2699 3804 τήν
2753 3751 2817 3802 γε
2856 3733 3078 3786 σύνοδον
3118 3732 3512 3802 οἱκουμενικὴν
3566 3733 3847 3802 ὁμολογεῖν

2273 3829 2561 3899 ἐγγράφως
2588 3845 2647 3880 τε
2665 3829 2758 3880 καὶ
2780 3827 3042 3896 ἀγράφως
3061 3843 3074 3856 ·
3105 3825 3154 3877 εἰ
3183 3822 3278 3876 καί
3306 3840 3432 3887 που,
3464 3824 3561 3876 καί
3594 3842 3749 3888 ποτε,
3767 3825 3847 3878 καί

2271 3939 2390 3985 πως
2411 3921 2503 3973 καί
2530 3937 2669 3972 τισιν
2703 3918 3084 3988 ἀπεκρίθημεν
3107 3914 3332 3985 ἑτέρως.
3371 3916 3440 3968 Ἀ
3469 3915 3534 3967 οὐ
3567 3915 3653 3968 δεῖ
3673 3916 3846 3987 ὥσπερ

2272 4015 2367 4069 καὶ
2402 4015 2472 4067 τά
2503 4010 2808 4084 τηνικαῦτα
2861 4009 3066 4078 ἑτέρως
3107 4007 3480 4079 πεπραγμένα
3513 4007 3613 4060 νῦν
3660 4009 3844 4076 ἀναζη.

2271 4110 2384 4162 τεῖν
2414 4107 2511 4161 καὶ
2548 4105 2890 4172 ἀναξαίνειν·
2930 4101 3049 4155 ἔστι
3087 4101 3195 4173 γὰρ
3243 4103 3490 4169 ταραχῆς
3523 4100 3723 4162 αἴτιον,
3762 4099 3844 4151 καὶ

2272 4198 2422 4252 οὐδὲν
2447 4197 2631 4264 ὄνησιν
2678 4194 2842 4265 φέρον
2861 4207 2874 4220 ⁶
2902 4191 2935 4263 ἢ
2971 4190 3170 4261 μᾶλλον
3194 4188 3531 4258 λογομαχίαν
3577 4191 3674 4242 καὶ
3697 4206 3842 4258 7:903-

2274 4289 2452 4358 κοπὴν
2493 4291 2560 4358 τῇ
2599 4282 2899 4354 Ἐκκλησία
2953 4282 3048 4334 τοῦ
3101 4281 3274 4334 Θεοῦ’
3313 4280 3488 4344 οὔτως
3529 4282 3630 4334 καὶ
3664 4283 3839 4345 οὕτως,

2272 4381 2380 4434 οἵδε
2404 4381 2496 4433 καὶ
2529 4378 2660 4443 οἵδε,
2687 4375 2954 4447 ἔγραψαν,
2987 4374 3246 4444 ἔδρασαν,
3297 4373 3524 4426 ἕκαστοι
3560 4375 3622 4426 τὸ
3660 4373 3839 4444 ἀληθὲς

585 4486 873 4547 peractum
915 4476 1039 4541 fuit,
1090 4475 1237 4546 quod
1293 4475 1344 4530 in
1404 4491 1501 4531 ore
1553 4491 1702 4531 nunc
1759 4486 1844 4531 est
1895 4479 2161 4545 omnium,

2272 4472 2415 4541 ἔχειν
2449 4471 2705 4538 οἰόμενοι.
2729 4468 2974 4536 Μακροῖς
2996 4466 3197 4530 ἔτεσιν,
3215 4464 3289 4528 ὡς
3328 4461 3506 4527 οἶσθα,
3536 4466 3836 4536 τριπόθητε,

584 4571 844 4638 quodque
877 4569 1081 4623 Orienti
1110 4579 1274 4638 atque
1296 4567 1580 4624 Occideuti
1610 4569 1848 4624 innotuit
1870 4585 1990 4639 quae
2016 4580 2168 4639 gesta

583 4669 640 4716 et
670 4663 878 4731 scripta
927 4669 1057 4715 sunt
1087 4671 1338 4715 evertere
1366 4670 1560 4714 neutra
1601 4676 1728 4730 pars
1769 4673 1968 4732 potest.
2014 4662 2170 4719 Nunc

584 4765 804 4822 tempus
836 4762 922 4806 est
956 4753 1290 4816 concordiae,
1319 4767 1469 4807 nunc
1519 4761 1737 4823 tempus
1784 4755 1834 4807 in
1874 4769 2169 4810 commune

587 4846 926 4901 decertandi.
960 4847 1160 4900 Eorum
1183 4845 1276 4916 qui
1307 4845 1440 4916 quid
1463 4846 1758 4915 scripsere,
1783 4857 2162 4913 monumenta,

586 4941 633 4994 si
667 4941 890 5008 quidem
931 4948 1075 4994 recte
1104 4941 1308 4994 habere
1337 4939 1573 5009 posteris
1597 4939 1950 5007 videbuntur,
1997 4952 2164 4996 erunt

584 5031 749 5085 laude
779 5031 941 5101 digna
978 5049 992 5085 :
1027 5032 1112 5086 sin
1142 5031 1346 5098 minus,
1381 5047 1563 5086 secus.
1596 5030 1798 5087 Fidelis
1827 5048 2027 5099 sermo,
2060 5049 2164 5089 nec

583 5122 734 5176 aliud
765 5123 868 5178 hac
897 5123 964 5178 de
982 5139 1040 5178 re
1064 5124 1248 5178 dicere
1279 5124 1427 5186 libet,
1458 5138 1637 5193 neque
1665 5123 1720 5177 in
1754 5139 2020 5193 praesens,
2060 5141 2159 5181 ue-

580 5229 692 5284 que
721 5214 774 5268 in
810 5222 1113 5283 posterum.
1145 5216 1212 5268 Et
1243 5215 1515 5280 ostendet,
1561 5215 1758 5285 inquit,
1797 5216 1916 5273 dies
1953 5218 2164 5272 revela-

581 5306 776 5370 tionis,
823 5316 877 5361 et
924 5307 1265 5361 novissimus
1311 5307 1454 5376 ignis
1499 5321 1611 5376 quo
1650 5307 1974 5377 iudicantur
2018 5307 2160 5364 facta

582 5407 774 5453 nostra
819 5409 874 5453 et
909 5400 1300 5469 purgantur“.
1341 5398 1467 5454 Hac
1501 5400 1702 5468 partim
1747 5400 1990 5468 quidem,
2035 5410 2157 5454 tan-

584 5505 746 5560 quam
771 5489 1036 5544 unanimo
1059 5491 1198 5558 patri
1229 5499 1282 5544 et
1303 5491 1455 5555 pacis
1481 5493 1732 5562 auctori;
1765 5491 1965 5559 partim
1987 5493 2153 5546 etiam

582 5583 712 5652 quia
766 5581 975 5637 doloris
1025 5582 1474 5638 commemoratio
1526 5583 1784 5640 solatium
1839 5584 2158 5638 dolentibus

580 5674 778 5729 aﬂ‘erre
816 5674 1119 5739 consuevit,
1177 5677 1490 5732 necessario
1542 5691 1572 5730 a
1622 5690 1706 5734 me
1746 5675 1952 5746 scripta
2006 5686 2155 5732 sunt.

655 5789 701 5821 "
733 5785 774 5840 ll
796 5785 988 5844 Thess.
1028 5804 1066 5850 ι,
1101 5787 1151 5851 7,
1189 5789 1242 5844 8.

2268 4565 2330 4618 τὸ
2363 4561 2761 4634 θρυλλούμενον
2816 4558 3217 4629 κατεπράχθη,
3261 4559 3525 4629 ’Δνατολῇ
3567 4561 3662 4614 καὶ
3694 4561 3833 4613 Δύσει

2265 4655 2543 4726 γνώριμον
2571 4653 2866 4723 γενόμενον
2894 4668 2906 4680 ·
2949 4651 3019 4704 τὰ
3049 4650 3418 4721 πεπραγμένα
3470 4653 3568 4704 καὶ
3603 4670 3833 4723 γεγραμ-

2269 4749 2426 4820 μένα,
2461 4746 2576 4799 οὔθ’
2613 4747 2801 4816 ἓτερον
2836 4743 3009 4815 μέρος
3056 4743 3387 4812 ἀνατρέπειν
3435 4736 3556 4796 οἷόν
3599 4762 3658 4797 τε
3707 4749 3826 4798 ἐστι.

2264 4839 2378 4893 Νῦν
2414 4838 2606 4908 καιρὸς
2635 4834 2910 4904 ὁμονοίας,
2962 4832 3056 4885 νῦν
3111 4833 3302 4902 καιρὸς
3335 4833 3749 4904 συναθλήσεως·
3775 4836 3829 4885 τὰ

2271 4928 2754 4998 ἐγκαταλείμματα
2766 4925 2858 4978 τοῦ
2878 4925 3240 4996 γεγραφότος,
3262 4928 3310 4978 εξ
3337 4926 3438 4997 μὲν
3462 4927 3525 4980 εὖ
3543 4927 3686 4992 ἕξειν
3709 4929 3830 4980 δοκεῖ

2269 5025 2382 5086 τοῖς
2422 5021 2721 5091 μετέπειτα
2744 5017 2970 5071 ἐπαίνου
2988 5017 3172 5071 ἔνδικα
3192 5034 3206 5048 ⁸
3231 5017 3280 5069 el
3296 5016 3356 5069 δὲ
3390 5018 3492 5090 μὴ.
3516 5020 3823 5072 τούναντίον.

2267 5117 2465 5180 Πιστὸς
2489 5117 2518 5167 ὁ
2552 5114 2727 5182 λόγος,
2758 5113 2853 5165 καὶ
2883 5111 3013 5182 περὶ
3039 5111 3233 5164 τούτου
3254 5111 3442 5180 λέγειν
3479 5112 3612 5167 ἄλλο
3635 5116 3694 5166 ού
3715 5113 3821 5184 50-J-

2265 5209 2470 5280 λόμεθα
2488 5224 2501 5240 ’
2533 5205 2657 5258 οὔτε
2682 5203 2798 5269 νῦν,
2825 5201 2950 5256 οὔτε
2976 5203 3114 5274 πρὸς
3143 5202 3204 5256 τὸ
3244 5202 3395 5274 ἑξῆς.
3430 5204 3547 5258 Καὶ
3581 5205 3819 5274 δηλώσει.

2265 5301 2451 5370 φησὶν,
2489 5300 2522 5368 ἡ
2549 5297 2650 5368 τῆς
2690 5294 3088 5364 ἀποκαλύψεως
3131 5295 3352 5366 ἡμέρα,
3401 5297 3502 5348 καὶ
3556 5298 3617 5350 τὸ
3663 5298 3822 5349 τελευ-

2261 5397 2411 5447 ταῖον
2438 5391 2569 5462 πῦρ,
2593 5384 2636 5457 ᾧ
2660 5389 2901 5461 κρίνεται
2932 5389 3028 5440 καὶ
3066 5387 3392 5457 καθαίρεται
3450 5388 3522 5442 τὰ
3583 5391 3817 5460 ἡμέτερα.

2268 5485 2454 5539 Ταῦτα
2473 5482 2608 5553 ὁμοῦ
2639 5484 2738 5553 μὲν
2768 5481 2843 5544 ὡς
2871 5481 3043 5551 Πατρὶ
3077 5480 3352 5551 συμψύχῳ
3377 5483 3479 5536 καὶ
3514 5483 3815 5555 είρηνάρχῳ’

2265 5576 2402 5648 ὁμοῦ
2431 5577 2489 5629 δὲ
2523 5575 2618 5630 καὶ
2664 5574 2744 5636 είς
2779 5574 2840 5627 τὸ
2885 5573 3120 5637 ἐξειπεῖν
3162 5574 3233 5627 τά
3270 5574 3526 5647 λυπηρὰ,
3565 5576 3815 5648 ῥᾳστώνην

2265 5670 2373 5728 οῐδε
2428 5672 2616 5744 φέρειν
2654 5671 2713 5724 ἐν
2769 5670 2883 5734 τοῖς
2936 5668 3340 5738 ὀδυνωμένοις,
3393 5671 3705 5740 ἀναγκαίως
3742 5670 3811 5738 γέ·
