3964 6320
80 323 255 388 1-113
1318 328 1726 389 EPISTOLAB

1832 329 1856 387 Ι
1918 326 2066 386 LIB.
2119 327 2198 388 II.
3249 318 3388 382 1414

69 454 392 506 γραπται.
443 436 507 489 EI
542 435 597 489 δὲ
639 436 1031 509 παρακληθεὶς
1068 437 1242 510 ὀφθῇς
1279 442 1412 510 ἡμῖν
1456 445 1573 504 τοῖς
1613 461 1708 496 τα·

1832 442 1969 510 )uod
2010 442 2057 497 si
2091 442 2501 496 consolatorem
2528 449 2582 497 te
2613 444 2776 496 nobis
2810 440 3109 495 humilibus
3142 440 3391 510 praebue-

75 529 352 591 πεινοῖς,
401 524 571 577 κόπον
632 525 856 593 ἀγάπης
905 525 1455 596 ἀναλαμϐανόμενος,
1485 529 1710 591 πάντως

1832 537 1917 601 ·ἱε,
1957 534 2244 590 charitatis
2292 534 2539 589 laborem
2595 534 2942 604 suscipiens;
2983 533 3212 589 omnino
3263 543 3390 588 tuos

79 621 282 681 ἰδίους
339 619 485 689 ήμάς
534 619 823 688 ποιήσειας
875 617 1005 689 περὶ
1050 619 1250 673 πάντα.
1302 620 1364 672 Οί
1417 620 1514 672 σὺν
1574 621 1711 690 ἡμῖν

1832 643 1919 683 ιοε
1951 627 2150 683 reddes
2184 628 2238 682 in
2290 629 2574 684 omnibus.
2607 627 2713 695 Qui
2761 628 3054 682 nobiscum
3104 635 3234 682 sunt
3261 642 3392 682 san-

78 710 597 783 προσαγορεύουσι
629 711 859 762 πλεῖστα
891 708 990 780 τὴν
1041 709 1359 781 ἁγιωσύνην
1409 728 1525 765 σου.
1563 711 1710 774 Τοὺς

1832 721 2061 775 :titatem
2094 729 2244 774 tuam
2285 720 2584 790 plurimum
2621 721 2862 775 salutant
2895 738 2916 776 ι
2941 735 3037 774 eos
3079 722 3171 789 qui
3212 729 3391 775 tecum

79 808 200 857 σὺν
233 804 334 855 σοὶ
359 803 458 856 καὶ
489 804 650 874 ἡμεῖς
683 800 914 854 πλεῖστα
954 802 1482 874 προσφθεγγόμεθα,
1531 820 1708 856 πανα-

1832 820 1950 866 sunt
1975 811 2281 868 salutamus
2312 820 2368 867 et
2395 827 2499 868 nos
2530 812 2856 882 plurimum,
2891 811 3258 867 sanctissime.

76 911 382 964 γιωτατε.

376 1010 534 1066 PKH'
557 1010 691 1083 (24).
722 1011 917 1081 Μαρίᾳ
945 1011 1429 1079 παρθενευούσῃ.
1507 1008 1699 1085 [χοςἎ]

1981 1011 2268 1068 CXXVIII.
2293 1043 2364 1054 —
2397 1012 2588 1069 Maria:
2619 1014 2976 1082 virginitatem
3015 1011 3225 1068 colenti.

1420 1127 1498 1178 De
1525 1127 1756 1180 laudibus
1781 1127 2100 1194 virginitatis.

186 1232 438 1305 Ἐπειδὴ
483 1232 580 1286 καὶ
630 1233 780 1297 ἅπαξ
833 1233 928 1287 καὶ
974 1233 1056 1298 δὶς
1109 1235 1414 1300 ἀποστολὰς
1477 1235 1716 1304 ἐφθάσα-

96 1345 216 1398 μεν
256 1325 423 1397 παρά
451 1325 549 1396 τῆς
572 1324 896 1394 τιμιότητός
932 1342 1027 1378 σου
1076 1325 1362 1393 δέξασθαι,
1411 1327 1715 1393 ἀναγκαῖον

93 1420 432 1492 ἐκρίναμεν
469 1417 544 1489 μὴ
577 1418 740 1487 μόνον
785 1417 916 1490 ψιλῇ
960 1421 1288 1491 προσρήσει,
1322 1420 1461 1474 ἀλλὰ
1489 1421 1585 1473 κα)⁸
1628 1419 1718 1473 διὰ

96 1514 470 1584 γράμματος
503 1509 948 1581 προσαγορεῦσαι
976 1509 1079 1582 τὴν
1116 1510 1560 1582 σεμνοπρέπειάν
1595 1525 1712 1563 σου·

97 1608 208 1660 καὶ
241 1605 314 1658 οὐ
350 1602 607 1658 τοσοῦτον
662 1603 752 1657 διὰ
790 1604 892 1668 τὰς
923 1603 1263 1669 ἀποστολὰς,
1310 1605 1436 1657 ὅσον
1478 1602 1568 1656 διὰ
1616 1599 1717 1672 τὴν

103 1695 451 1767 σεμνότητά
481 1711 597 1749 σου.
633 1693 1002 1764 Μανθάνομεν
1031 1694 1142 1766 γὰρ
1175 1695 1257 1748 ὅτι
1287 1694 1380 1748 τὸν
1426 1696 1484 1747 ὲν
1513 1691 1722 1762 παρθε-

100 1788 204 1862 νίᾳ
234 1787 368 1860 βίον
419 1787 650 1858 ἑλομένη
701 1785 974 1840 δουλεύειν
999 1786 1076 1858 τῷ
1126 1785 1319 1857 Κυρίῳ
1367 1783 1722 1849 κατεδέξωὲν

1832 1789 2006 1842 :titate
2043 1788 2328 1855 etjustitia
2383 1790 2596 1843 servire
2644 1790 3026 1844 constituisse.
3077 1788 3220 1855 Quid
3252 1789 3399 1844 enim

101 1884 381 1954 ὁσιότητι
424 1885 520 1936 καὶ
578 1881 916 1954 δικαιοσύνῃ.
959 1881 1027 1936 Τί
1078 1881 1186 1953 γάρ
1221 1883 1475 1952 κρεῖττον
1515 1879 1723 1948 παρθε-

1832 1880 2173 1948 praestantius
2219 1879 2562 1949 virginitate,
2615 1881 2776 1949 cujus
2824 1895 2958 1934 cura
3000 1889 3086 1935 est
3124 1881 3404 1951 quomodo

105 1977 235 2041 νίας
267 1992 286 2043 ;
359 1969 429 2048 ἧς
490 1976 524 2046 ὴ
582 1975 829 2046 μέριμνα
882 1973 1000 2036 πῶς
1032 1972 1222 2043 ἀρέσει
1255 1972 1332 2041 τῷ
1362 1970 1576 2042 Κυρίῳ,
1603 1969 1722 2032 πῶς

1832 1973 2034 2043 placeat
2076 1971 2397 2040 Domino",
2441 1972 2723 2044 quomodo
2775 1972 2964 2028 futura
3011 1974 3155 2029 bona
3209 1990 3402 2030 conse-

104 2041 488 2134 ὲπιτεύξεται
660 2041 968 2139 μελλόντων
999 2041 1224 2135 ἀγαθῶν
1250 2079 1265 2094 ⁸
1316 2064 1433 2128 πῶς
1457 2041 1716 2134 δυνηθείη

1832 2041 2044 2137 quatur,
2078 2067 2360 2136 quomodo
2392 2041 2723 2136 multiplices
2752 2073 2920 2135 queat
2944 2067 3151 2121 diaboli
3184 2065 3406 2123 fraudes

101 2159 425 2231 διαδράσαι
456 2158 555 2221 τὰς
582 2155 958 2219 πολυπλόκους
986 2154 1270 2225 μεθοδείας
1315 2152 1410 2208 τοῦ
1443 2153 1714 2207 διαϐόλου.

1832 2157 2120 2212 declinare.
2174 2154 2310 2222 Quae
2361 2171 2494 2212 vero
2537 2157 2891 2211 matrimonio
2943 2158 3167 2228 alligata
3220 2166 3326 2224 est,
3373 2174 3406 2213 e

115 2253 187 2307 Ἡ
209 2253 273 2306 δὲ
301 2251 416 2304 ὑπὸ
439 2250 615 2320 γάμον
632 2246 888 2312 τελοῦσα,
911 2247 1251 2310 τούναντίον,
1277 2246 1398 2308 πῶς
1419 2245 1610 2316 ἀρέσει
1641 2244 1719 2315 τῷ

1832 2250 2124 2310 contrario,
2167 2249 2446 2318 quomodo
2481 2249 2691 2319 placeat
2720 2251 2840 2304 viro
2861 2250 2929 2316 ⁸⁸,
2971 2250 3250 2320 quomodo
3284 2266 3406 2319 qum

105 2343 305 2413 ἀνδρὶ,
329 2339 455 2402 πῶς
482 2339 583 2402 τάς
615 2336 710 2391 τοῦ
737 2337 948 2407 κόσμου
971 2333 1030 2390 εὖ
1059 2334 1294 2406 διαθείηο
1322 2336 1356 2405 ἡ
1393 2333 1721 2404 περικλυζο-

1832 2341 2012 2394 mundi
2059 2350 2186 2396 sunt
2232 2350 2380 2396 recte
2421 2351 2698 2410 procuret,
2747 2344 2954 2398 amaris
2985 2344 3114 2397 vita:
3143 2343 3404 2398 ﬂuctibus

107 2435 261 2505 μένη
286 2435 410 2497 τοῖς
430 2432 695 2504 ἁλμυροῖς
713 2429 779 2483 κύ
790 2447 925 2501 μασι
944 2429 1040 2482 τοῦ
1067 2428 1210 2499 βίου,
1230 2429 1288 2481 ὲν
1308 2427 1385 2498 τῷ
1408 2424 1721 2498 φροντίζειν

1832 2446 2088 2501 estuans,
2137 2436 2267 2490 dum
2300 2435 2537 2491 sollicita
2568 2445 2652 2490 est
2686 2436 2753 2490 de
2781 2437 2991 2500 liberis,
3029 2437 3316 2507 servisque
3353 2447 3407 2492 et

111 2529 251 2602 ’περὶ
278 2527 501 2581 τέκνων
523 2543 585 2579 τε
611 2526 709 2578 καὶ
738 2522 943 2577 δούλων
976 2523 1071 2576 καὶ
1092 2520 1347 2576 δουλίδων
1367 2539 1382 2554 ο
1413 2520 1510 2572 καὶ
1524 2519 1630 2590 πρό
1654 2535 1719 2586 γε

1832 2529 2119 2591 ancillulis.
2159 2539 2213 2583 et
2261 2545 2376 2599 pra:
2422 2530 2509 2584 his
2558 2529 2843 2594 omnibus,
2888 2545 3093 2585 curans
3128 2546 3252 2600 quae
3286 2532 3406 2586 viro

110 2621 366 2688 τούτων,
402 2620 474 2672 τὰ
497 2619 628 2690 περὶ
655 2616 956 2688 ἀρέσκειαν
980 2614 1075 2668 τοῦ
1111 2612 1304 2684 ἀνδρός
1325 2628 1341 2644 °
1372 2612 1527 2666 οῦπω
1557 2613 1718 2664 δυνα-

1832 2631 1974 2691 grata
2011 2622 2122 2676 siut
2160 2640 2172 2676 :
2201 2625 2444 2676 nondum
2483 2622 2668 2677 valens
2699 2624 2886 2677 mundi
2919 2626 3192 2680 versutias
3219 2637 3406 2680 trans-

118 2713 270 2785 μένη
312 2710 766 2782 ὑπερανεστάναι
789 2708 898 2761 τῶν
940 2707 1191 2778 στροφῶν
1220 2706 1318 2758 τοῦ
1360 2705 1594 2774 κόσμου,
1624 2702 1721 2756 καὶ

1832 2711 2076 2774 cendere,
2117 2720 2172 2765 et
2200 2712 2397 2766 mentis
2439 2712 2544 2767 alis
2585 2712 2804 2767 evolare
2851 2712 2917 2767 ad
2953 2711 3273 2770 Dominum.
3323 2713 3403 2768 Tu

112 2806 198 2877 τῷ
230 2806 339 2874 τῆς
366 2805 611 2868 διανοίας
635 2802 822 2874 πτερῷ
857 2799 1212 2870 κουφίζεσθαι
1236 2799 1377 2869 πρὸς
1398 2797 1624 2868 Κύριον.
1649 2796 1722 2849 Σὺ

1832 2816 1974 2870 ergo,
2026 2801 2356 2855 feminarum
2406 2799 2886 2871 praestantissima,
2929 2800 3087 2855 beata
3132 2817 3320 2855 revera
3352 2812 3407 2855 et

119 2896 240 2965 οὖν,
269 2893 318 2952 ὦ
340 2896 612 2968 καλλίστη
648 2895 948 2965 γυναικῶν,
978 2890 1225 2964 μακαρία
1254 2891 1328 2953 ὠς
1350 2888 1592 2956 άληθῶς,
1626 2889 1723 2942 καὶ⁹

1832 2905 1909 2952 ter
1939 2897 2119 2954 beata.
2161 2896 2291 2964 quia
2316 2895 2584 2965 optimam
2615 2901 2824 2962 partem
2853 2891 3088 2962 elegisti,
3126 2901 3249 2962 post
3286 2893 3405 2946 Ma-

117 2989 549 3060 τρισμακαρία,
579 2989 663 3041 ὅτι
690 2988 791 3057 τὴν
821 2985 1036 3056 ἀγαθὴν
1070 2982 1265 3055 μερίδα
1293 2981 1544 3047 ἐξελέξω,
1580 2981 1722 3051 μετά

1832 2989 1964 3043 riam
2025 2987 2171 3041 illam
2229 2985 2686 3051 celeberrimam,
2755 2985 2950 3040 sedens
3005 2985 3406 3056 quodammodo

120 3083 357 3152 Μαρίαν
421 3080 641 3150 ἐκείνην
698 3080 797 3150 τὴν
844 3077 1113 3147 ἀοίδιμον,
1176 3075 1343 3128 οἱονεὶ
1398 3074 1722 3147 παρακαθε-

1832 3096 1988 3135 secus
2027 3080 2195 3148 pedes
2220 3078 2349 3132 Jesu
2377 3079 2424 3108 "
2461 3095 2476 3132 :
2505 3087 2558 3130 et
2594 3092 2691 3147 per
2722 3077 3049 3146 quietiorem
3082 3077 3250 3130 vitam
3289 3092 3409 3130 ver-

123 3171 340 3242 ζομένη
387 3169 543 3241 παρά
564 3171 692 3231 τοὺς
720 3168 886 3229 πόδας
912 3165 1006 3218 τοῦ
1055 3165 1232 3236 Ἰησοῦ
1258 3206 1273 3230 ,
1321 3163 1419 3217 καὶ
1446 3162 1724 3216 ἀκούουσα

1832 3176 1954 3230 bum
2001 3175 2147 3229 illius
2195 3173 2449 3236 audiens,
2481 3170 2848 3227 Sanctificasti
2919 3171 3173 3240 teipsam,
3237 3171 3404 3224 vitam

122 3263 192 3316 δι’
225 3261 772 3337 ἀπραγμονεστέρου
816 3259 934 3329 βίου
979 3257 1262 3324 τὸνλόγον
1299 3254 1468 3308 αὐτοῦ
1490 3271 1504 3284 ·
1554 3255 1722 3325 ἡγία-

1832 3275 1978 3322 tuam
2021 3265 2131 3320 Deo
2179 3264 2233 3319 in
2275 3279 2479 3317 munus
2517 3260 2774 3317 olI‘erens.
2817 3260 3130 3315 Nobilitasti
3181 3260 3408 3330 sangui-

128 3373 230 3420 σας
265 3355 484 3425 ἑαυτὴν
512 3353 588 3417 ὡς
617 3350 904 3422 κειμήλιον
930 3348 1051 3419 Θεῷ
1099 3347 1408 3419 ἀναθεμένη
1449 3347 1548 3418 τὴν
1577 3347 1724 3416 ζωήν

1832 3375 1952 3416 nem
1995 3368 2152 3412 tuum
2178 3356 2232 3410 in
2267 3355 2475 3425 Spiritu
2506 3363 2720 3418 sancto,
2754 3352 3184 3424 pulcherrimum
3218 3366 3407 3406 exem-

131 3466 250 3503 σου.
310 3446 700 3514 Ἐξευγὲνισας
726 3444 788 3497 τὸ
811 3438 952 3512 αἷμά
993 3458 1087 3494 σου
1119 3444 1178 3494 ὲν
1235 3441 1516 3510 Πνεύματι
1560 3439 1724 3510 ἁγίῳ,

1832 3452 1978 3524 plum
2023 3451 2077 3505 in
2117 3462 2168 3504 te
2203 3449 2321 3518 ipsa
2363 3461 2695 3517 proponens.
2733 3444 2875 3511 Quid
2906 3445 3052 3499 enim
3089 3443 3227 3498 lucri
3269 3442 3409 3496 refe-

130 3543 303 3596 καλδν
359 3540 670 3609 ὑπόδειγμα
717 3537 920 3605 ἑαυτὴν
972 3533 1313 3605 προθεμένη.
1369 3534 1434 3585 Τί
1487 3533 1595 3604 γὰρ
1633 3534 1726 3587 καὶ

1832 3555 1951 3601 rent
1997 3558 2119 3614 quae
2167 3541 2269 3597 sub
2314 3538 2448 3610 jugo
2503 3545 2654 3602 sunt,
2711 3537 2818 3591 nisi
2865 3546 2920 3590 et
2984 3538 3116 3606 ipsae
3162 3547 3409 3603 quarunt

1895 1233 2166 1302 Quoniam
2209 1236 2380 1291 semel
2408 1236 2718 1308 iterumque
2740 1258 2776 1313 ει,
2799 1237 3104 1291 reverentia
3136 1245 3229 1290 tua
3261 1251 3400 1289 nun-

1817 1326 1925 1383 tias
1972 1329 2310 1399 accepimus,
2361 1331 2736 1384 necessarium
2777 1329 3036 1385 duximus
3079 1345 3188 1383 non
3235 1329 3400 1382 nudis

1819 1419 2000 1474 solum
2039 1421 2247 1485 verbis,
2297 1420 2394 1475 sed
2423 1421 2586 1475 etiam
2636 1421 2838 1475 litteris
2873 1420 3028 1474 aﬂ‘ari
3074 1421 3398 1489 gravitatem

1818 1520 1970 1566 tuam
2006 1529 2020 1566 :
2055 1527 2233 1580 neque
2263 1512 2371 1567 hoc
2404 1521 2510 1566 tam
2543 1522 2767 1583 pr0pter
2789 1514 3038 1578 nuntias,
3070 1527 3236 1582 quam
3270 1527 3401 1581 pro-

1818 1613 1940 1673 pter
1988 1603 2467 1658 honorilicentiam
2523 1613 2694 1659 tuam.
2747 1605 3076 1660 Audivimus
3125 1605 3272 1659 enim
3323 1615 3400 1670 te,

1818 1704 2072 1765 suscepta
2100 1695 2437 1764 virginitatis
2477 1696 2849 1765 professione,
2902 1695 3137 1751 Domino
3167 1695 3223 1749 in
3272 1712 3402 1750 san-

131 3631 510 3702 κερδήσουσιν
558 3631 613 3682 αἱ
661 3626 768 3680 ὑπὸ
808 3624 971 3693 ζυγόν
997 3627 1078 3689 ;εί
1142 3626 1215 3696 μή
1247 3641 1302 3676 τι
1350 3623 1459 3694 ἀρα
1498 3625 1731 3694 ἐκζητή-

136 3742 282 3778 σοιεν
337 3723 440 3776 καὶ
482 3722 864 3792 ψηλαφήσοιεν
921 3721 1017 3773 καὶ
1055 3717 1218 3770 αὐταὶ
1285 3718 1377 3770 τὸν
1432 3718 1566 3771 Θεὸν
1605 3717 1729 3772 καθ’

133 3822 260 3872 ὅσον
290 3811 408 3870 οἶόν
463 3831 545 3868 τε.
601 3813 740 3883 Ούχὶ
792 3812 965 3866 πᾶσαι
998 3809 1254 3878 συζυγίαι
1292 3808 1730 3879 ἀποζεύγνυνται

135 3912 228 3965 διὰ
286 3909 562 3974 θανάτου;
611 3905 709 3975 οὐχ
752 3904 828 3968 ὡς
883 3905 1018 3976 ὄναρ
1065 3903 1134 3956 τὰ
1205 3903 1383 3974 ὡραῖα
1450 3903 1547 3957 τοῦ
1601 3904 1730 3976 τῇδε

138 4005 256 4074 βίου
308 4002 691 4071 ἀπέρχονται;
741 3997 882 4051 Ὅσα
911 3996 970 4049 δὲ
1007 3996 1136 4066 περὶ
1160 3997 1252 4048 τὸν
1281 3996 1460 4065 γάμον
1491 3996 1728 4051 ἐλεεινάί

136 4099 185 4149 οἱ
241 4096 347 4166 μὲν
425 4091 681 4154 ἄπαιδες,
735 4090 784 4143 οἱ
834 4087 892 4141 δὲ
962 4086 1317 4149 κακόπαιδες.
1381 4087 1595 4152 Πενίαι,
1636 4088 1734 4141 καὶ

137 4189 404 4242 πλοῦτοιο
445 4187 502 4239 αί
555 4185 655 4255 μὲν
679 4181 993 4246 πιέζουσαι,
1041 4181 1136 4233 καὶ
1179 4182 1344 4233 οἱονεὶ
1400 4181 1733 4252 ἀποτηγανί-

141 4283 360 4345 ζουσαιο
423 4281 472 4333 οἱ
545 4277 601 4330 δὲ
667 4273 1204 4346 μεταῤῥιπτούμενοι
1279 4274 1354 4337 ῶς
1423 4277 1481 4327 ὲν
1544 4274 1732 4339 κύϐοις

140 4380 206 4431 ὲκ
236 4377 408 4430 τῶνδε
454 4377 538 4436 είς
583 4373 770 4425 τόνδε⁶
822 4367 1099 4432 παστάδες
1147 4369 1498 4439 ἐγειρόμεναι
1527 4384 1538 4398 ⁵
1595 4368 1734 4422 ἀλλά

144 4471 236 4522 καὶ
281 4470 426 4539 μετὰ
469 4469 705 4539 θρήνους
758 4463 1206 4534 καταλυόμεναι⁹
1250 4461 1442 4534 θρῆνοι
1487 4463 1584 4516 καὶ
1636 4480 1732 4516 κο-

143 4564 296 4617 πετοί
322 4583 337 4596 ·
422 4558 823 4627 ἀλλεπάλληλοι
869 4553 1187 4627 συμφοραί⁶
1261 4549 1337 4610 ὧν
1419 4555 1634 4627 πλήρης
1703 4557 1733 4609 ό

143 4651 277 4720 βίος,
306 4653 404 4706 καὶ⁹
433 4651 507 4705 τά
534 4648 960 4721 παραδείγματα
989 4645 1095 4716 πρὸ
1127 4643 1448 4715 ὀφθαλμῶν.

1830 3647 1886 3691 et
1935 3640 2230 3688 attrectent
2290 3628 2462 3684 Deum
2517 3637 2786 3698 quantum
2839 3628 3159 3697 possunt‘?
3211 3630 3408 3680 Annon

1831 3725 2089 3795 conjugia
2135 3722 2320 3776 omnia
2371 3727 2550 3775 morte
2594 3719 3010 3774 dissolvuntur?
3040 3720 3236 3772 Annon
3289 3733 3410 3784 Spe-

1832 3820 1983 3874 ciosa
2039 3818 2205 3886 hujus
2261 3817 2388 3869 vita:
2449 3815 2653 3867 abeunt
2708 3812 2886 3865 instar
2946 3809 3187 3865 somnii?
3233 3807 3410 3875 Quam

1833 3912 2006 3967 multa
2034 3925 2164 3963 vero
2191 3910 2244 3962 in
2269 3905 2476 3977 nuptiis
2500 3903 2850 3958 miseranda?
2879 3902 2969 3956 alii
2996 3902 3182 3957 liberis
3201 3911 3390 3956 carent

1834 4007 1925 4060 alii
1959 4005 2228 4076 pessimos
2271 4003 2496 4056 habent.
2529 3998 2781 4070 Egestas,
2812 4006 2867 4052 et
2900 3997 3104 4051 divitize
3137 4013 3151 4049 :
3184 3996 3276 4050 illa
3309 4013 3412 4049 an-

1833 4115 1990 4170 gens,
2049 4105 2103 4150 et
2158 4093 2565 4165 quodammodo
2621 4104 2940 4159 excoquens
2986 4105 3001 4155 ;
3054 4089 3137 4142 ha:
3184 4089 3250 4142 ab
3309 4089 3414 4143 isto

1834 4189 1903 4244 ad
1958 4188 2144 4250 illum,
2205 4185 2444 4239 talorum
2504 4183 2698 4245 instar,
2747 4180 3104 4248 emigrantes.
3162 4175 3412 4232 Thalami

1835 4277 2106 4348 nuptiales
2148 4273 2436 4336 exstructi,
2463 4272 2559 4326 sed
2611 4278 2666 4324 et
2716 4285 2843 4324 cum
2886 4269 3035 4323 luctu
3091 4266 3359 4322 destructi
3397 4286 3410 4322 :

1834 4369 2072 4424 lamenta
2120 4376 2175 4421 et
2210 4366 2484 4435 planctus.
2538 4369 2592 4415 et
2625 4360 2849 4414 alternae
2888 4357 3256 4423 calamitates,
3287 4359 3415 4428 qui-

1834 4459 1938 4515 bus
1967 4459 2170 4514 relerta
2199 4465 2282 4511 est
2309 4456 2441 4520 vita,
2469 4463 2525 4510 et
2547 4468 2784 4525 quorum
2810 4452 3063 4523 exempla
3095 4454 3167 4506 ob
3198 4451 3412 4508 oculos.

210 4745 284 4797 Σὺ
315 4744 373 4797 δὲ
423 4742 634 4797 τούτων
677 4741 898 4794 πάντων
925 4739 1243 4807 ἀπέφυγες,
1301 4737 1726 4808 καλλιπάρθενε,

1904 4733 1986 4786 Tu
2018 4745 2147 4785 vero
2163 4730 2277 4784 haec
2297 4728 2482 4782 omnia
2499 4725 2740 4791 evasisti,
2765 4725 2916 4796 virgo
2932 4725 3412 4797 praestantissima,

143 4838 484 4891 κατοικοῦσα
527 4834 879 4906 μονοτρόπως
917 4834 974 4886 ὲν
1013 4831 1181 4903 οἴκῳ·
1220 4831 1602 4903 φυλαττομένη
1651 4832 1727 4895 ὡς

147 4929 294 4996 ῥόδον
328 4930 562 4991 εὐωδίας
594 4925 781 4996 Κυρίῳ
810 4927 878 4995 τῇ
916 4923 1213 4994 παρθενίᾳο
1235 4923 1437 4994 ἔχουσα
1462 4923 1728 4994 μενοῦνγε

149 5019 363 5084 πάντως
410 5021 511 5074 καὶ
559 5017 818 5070 θλιπτικά
868 5015 931 5067 ἐκ
987 5033 1048 5068 τε
1100 5016 1314 5085 ὁρατῶν
1348 5017 1443 5068 καὶ
1477 5015 1728 5087 ἀοράτων

146 5113 376 5182 ἐχθρῶν.
405 5113 632 5181 Ἐπειδὴ
657 5112 789 5165 ὅπου
811 5110 1074 5181 ἀνάθημα
1095 5108 1307 5179 Κυρίῳ,
1329 5110 1446 5161 ἐκεῖ
1473 5112 1500 5161 ὁ
1527 5108 1729 5181 λῃστὴς

1835 4826 2066 4882 seorsim
2119 4820 2266 4877 domi
2319 4819 2592 4881 habitans,
2642 4827 2702 4871 ut
2757 4819 3081 4872 suaveolens
3137 4832 3258 4872 rasa
3321 4835 3415 4888 per

1834 4917 2196 4988 virginitatem
2217 4908 2731 4965 Dominocustodita
2761 4926 2774 4962 :
2803 4907 3010 4962 habens
3034 4917 3087 4961 et
3109 4907 3225 4976 ipsa
3259 4923 3414 4976 pror-

1836 5025 1932 5066 sus
1958 5007 2339 5064 tribulationes
2364 5019 2395 5058 a
2413 5002 2725 5057 visibilibus
2750 5011 2806 5055 et
2830 5001 3202 5056 invisibilibus
3225 5001 3414 5054 inimi-

1836 5106 1916 5162 cis
1950 5123 1963 5158 :
1997 5105 2198 5174 quippe
2226 5101 2317 5154 ubi
2345 5098 2634 5154 donarium
2665 5105 2750 5151 est
2779 5094 3032 5160 Domino,
3063 5094 3134 5148 ibi
3166 5094 3253 5148 fur
3280 5096 3409 5149 insi-

149 5206 427 5275 ἱφεδρεύει
457 5206 662 5274 κλέψαι
686 5205 780 5258 καὶ⁴
810 5203 1045 5274 συλῆσαι
1074 5201 1134 5254 τὸ
1158 5201 1322 5270 ἱερόν.
1356 5200 1520 5255 Ἀλλὰ
1540 5201 1726 5270 θάρσει

1832 5200 2034 5260 diatur,
2079 5206 2138 5250 ut
2183 5193 2328 5264 quod
2358 5209 2576 5248 sacrum
2622 5201 2706 5246 est
2741 5191 2990 5262 rapiatet
3026 5191 3362 5257 deprmdetnr
3394 5209 3406 5243 :

149 5296 204 5347 ὲν
253 5299 467 5370 Κυρίῳ,
507 5300 566 5352 ὲν
599 5292 643 5367 ᾧ
673 5297 961 5361 πέποιθας,
988 5297 1047 5348 ὲν
1099 5287 1144 5362 ᾧ
1174 5294 1425 5363 στέργεις
1469 5295 1597 5356 τοὺς
1642 5291 1735 5345 κός

1831 5291 1926 5346 sed
1957 5291 2172 5345 conlide
2203 5289 2256 5342 in
2289 5286 2542 5353 Domino,
2581 5286 2635 5340 in
2675 5302 2785 5355 quo
2836 5301 2987 5356 spem
3021 5283 3319 5346 collocasti,
3353 5284 3408 5336 in

151 5406 316 5452 πους’
349 5395 432 5448 ὅτι
483 5393 652 5458 αὐτὸς
695 5391 871 5463 φύλαξ
914 5391 1018 5461 τῆς
1051 5388 1201 5459 ζωῆς
1263 5404 1392 5441 σουο
1441 5388 1726 5458 ἐπίκουρος

1832 5399 1942 5453 quo
1973 5399 2250 5438 aerumnas
2282 5382 2661 5452 amplecteris:
2687 5382 2952 5452 quoniam
2981 5381 3096 5452 ipse
3117 5387 3299 5434 custos
3329 5387 3412 5432 est

221 5551 306 5606 ’τι
337 5555 467 5614 Cor.
509 5574 611 5623 vn,
642 5557 733 5613 32.
810 5558 856 5589 "'
888 5555 1020 5611 ibid.
1063 5554 1154 5610 34.
1230 5554 1274 5587 ⁹⁹
1306 5552 1438 5610 Luc.
1471 5570 1521 5620 x,
1559 5555 1646 5618 4⁸2.
1725 5558 1726 5565 “

1832 5555 1894 5602 3t.
1934 5563 2069 5614 xvii,
2105 5546 2195 5600 27.

1672 5661 1902 5720 ΝΟΤᾸΞ.

227 5777 338 5834 (alii
363 5781 421 5835 Iu
459 5786 578 5839 eod.
614 5786 744 5852 Reg.
777 5791 925 5851 9314'.
