3964 6320
603 343 746 412 1415

1793 347 1853 404 S.
1887 344 2281 406 THEODORI
2321 344 2669 406 STUDITE

3765 325 3885 385 1416

590 460 718 514 vita
766 467 890 521 tuas,
928 457 1147 527 adjutor
1182 465 1236 512 et
1261 457 1555 512 auxiliator
1586 457 1640 511 in
1673 456 2173 513 tribulationibus:

2283 459 2380 512 καὶ
2414 457 2610 527 βοηθὸς
2641 456 2700 507 ἐν
2733 454 2854 514 ταῖς
2885 450 3134 518 θλίψεσιν
3168 448 3228 508 ὃς
3257 445 3353 500 καὶ
3392 441 3641 497 τελειῶν
3681 457 3785 494 σου
3808 445 3882 490 τὴν

591 551 687 621 qui
717 566 943 604 cursum
988 559 1140 602 tuum
1174 563 1585 612 consummans,
1619 549 1824 603 caelesti
1867 564 2034 618 regno
2071 563 2173 604 suo

597 650 648 694 te
694 641 916 709 dignam
969 637 1185 692 eﬂiciet.
1216 638 1340 693 Haec
1366 653 1394 692 a
1427 639 1586 693 nobis
1618 639 1998 705 peccatoribus
2047 653 2174 707 pro-

592 732 700 785 lata
752 741 898 789 sunt.
941 740 1000 785 ut
1027 731 1172 784 scias
1205 739 1256 783 te
1287 728 1493 784 Domini
1529 729 1786 783 famulam
1842 745 1941 783 nos
1981 730 2168 794 etiam,

593 822 682 890 qui
718 821 952 876 Domino
1006 822 1213 875 servire
1260 820 1568 882 studemus,
1603 819 1806 874 habere
1844 821 1938 874 tibi
1977 819 2172 874 fratres

593 914 647 966 in
684 911 912 981 Spiritu,
941 914 1084 966 sicut
1123 922 1178 966 et
1207 923 1405 967 natura
1465 927 1758 966 conservos
1799 930 1813 966 :
1853 913 1946 982 qui
1991 921 2045 966 et
2077 927 2173 980 pro

594 1006 896 1060 reverentia
932 1015 1022 1060 tua
1051 1020 1294 1059 oramus.

934 1201 1173 1258 CXXIX.
1204 1232 1277 1244 -
1302 1202 1464 1258 Leoni
1501 1205 1802 1258 sacellario.

2277 549 2502 616 δρόμον,
2561 548 2721 612 ἀξίαν
2751 561 2811 597 σε
2857 545 3075 611 ποιήσει
3127 539 3231 608 τῆς
3275 536 3546 607 οὐρανίου
3603 534 3884 603 βασιλείας

2280 639 2468 694 αὑτοῦ.
2527 639 2714 692 Ταῦτά
2773 653 2856 688 σοι
2915 635 3048 701 παρ’
3130 631 3289 700 ἡμῶν
3342 631 3453 682 τῶν
3526 628 3883 697 ἁμαρτωλῶν

2278 723 2768 798 προσπεφώνηταιέ
2793 724 2880 775 ἴνα
2903 721 3100 790 εἰδείης
3131 722 3215 773 ὄτι
3242 722 3274 788 ἡ
3315 719 3414 771 τοῦ
3455 718 3694 787 Κυρίου
3729 717 3880 782 δῡιζὶ.η

2277 821 2371 876 καὶ
2420 821 2570 890 ἡμᾶς
2627 819 2756 880 τοὺς
2813 815 3144 874 σπεύδοντας
3191 810 3468 864 δουλεύειν
3526 807 3615 876 τῷ
3669 809 3882 875 Κυρὶῳ,

2278 913 2424 982 ἔχεις
2461 911 2604 964 κατὰ
2651 908 2867 976 πνεῦμα
2911 905 3173 973 ἀδελφούς
3203 921 3318 966 σου,
3350 902 3555 971 ὥσπερ
3596 902 3710 952 καὶ
3767 902 3884 966 ὀμο-

2281 1003 2500 1065 δούλους
2548 1000 2689 1054 κατά
2736 997 2924 1068 φύσιν,
2978 995 3461 1067 ὑπερευχομένους
3510 1009 3617 1044 σου
3660 991 3766 1060 τῆς
3816 1007 3884 1040 τι·

2286 1095 2560 1164 μιόεητος.

2411 1204 2566 1257 ΡΚΘ¹
2605 1202 2740 1273 (25).
2780 1233 2850 1245 —
2873 1199 3085 1254 Λέοντι
3120 1196 3526 1263 σακελλαρίῳ.
3569 1191 3747 1266 [κτα]

1024 1319 1443 1383 Disceptationem
1469 1321 1531 1372 de
1558 1321 1853 1385 imaginibus
1878 1334 2038 1371 coram
2074 1309 2377 1385 imperatore
2413 1319 2524 1370 ﬁeri
2552 1334 2650 1368 non
2671 1318 3063 1368 debere.Baron.
3086 1327 3165 1362 an.
3192 1313 3270 1373 8’2,
3289 1327 3338 1362 n.
3361 1311 3414 1360 9.

663 1429 868 1499 Ingenti
899 1431 1192 1499 gratiarum
1217 1439 1271 1483 et
1299 1433 1711 1499 responsionum
1729 1448 1866 1501 quas
1880 1434 2164 1496 debemus,

595 1521 816 1573 nomine
839 1521 1110 1582 obstricti,
1138 1536 1359 1588 parvam
1391 1523 1687 1591 quamdam
1743 1523 1910 1577 debiti
1955 1535 2163 1592 partem

591 1612 818 1666 reddere
845 1629 944 1667 nos
974 1628 1262 1668 censemus
1281 1629 1375 1684 per
1396 1615 1604 1670 litteras
1635 1616 1700 1669 ad
1736 1617 2166 1670 laudatissimam

592 1720 657 1758 ac
684 1703 1213 1758 desideratissimam
1253 1707 1629 1761 excellentiam
1667 1716 1812 1761 tuam
1847 1710 1914 1762 ab
1946 1708 2169 1762 humili-

591 1805 703 1848 tate
723 1807 907 1849 nostra
926 1807 1194 1849 exaratas.
1217 1795 1349 1850 Nam
1374 1810 1426 1852 et
1445 1815 1588 1852 nunc
1607 1799 1811 1853 Silvani
1836 1799 2020 1855 fratris
2041 1817 2171 1855 cau-

592 1902 652 1940 sa
670 1885 800 1955 quid
827 1886 1322 1953 respondebimus?
1352 1887 1592 1943 Primum
1607 1892 1848 1960 quidem,
1875 1894 2021 1961 quod
2044 1909 2166 1948 cum

590 1993 715 2032 eum
742 1979 795 2031 in
830 1991 1182 2049 conspectum
1205 1997 1364 2034 suum
1401 1981 1686 2036 admiserit
1725 1982 1838 2038 Deo
1863 1984 2028 2037 chara
2048 1985 2170 2038 ani-

592 2082 680 2120 ma
709 2077 824 2132 tua,
854 2069 1012 2136 quasi
1049 2084 1215 2122 unum
1241 2085 1305 2122 ex
1333 2067 2164 2136 familiaribusmielleaaffabili-

595 2165 723 2221 tate,
759 2157 1028 2228 hilarique
1060 2159 1212 2212 vultu
1256 2175 1378 2213 cum
1411 2160 1634 2214 homine
1667 2164 1816 2215 tenui
1850 2163 2172 2233 colloquens

593 2265 659 2305 ac
689 2259 950 2306 tractans.
971 2250 1175 2306 Deinde
1213 2253 1357 2321 quod
1382 2251 1450 2306 de
1475 2253 1642 2306 rebus
1669 2254 1893 2320 nostris,
1926 2256 2020 2324 qui
2048 2271 2173 2325 pec.

595 2351 811 2396 calores
863 2357 1077 2407 sumus,
1107 2352 1159 2395 et
1203 2343 1269 2396 de
1321 2343 1608 2412 utriusque
1655 2353 1901 2398 nostrum
1953 2345 2172 2398 humilis

595 2433 843 2503 corporis
869 2433 1182 2488 inﬁrmitate
1209 2433 1484 2490 sciscitata
1509 2435 1596 2497 sit,
1629 2443 1684 2489 et
1708 2435 1832 2488 aliis
1856 2435 2034 2491 modis
2061 2451 2175 2490 sua:

594 2525 650 2578 in
685 2538 786 2577 nos
815 2523 1100 2578 charitatis
1132 2523 1380 2579 affectum
1414 2523 1734 2590 ostenderit,
1769 2526 1906 2580 adeo
1933 2534 1989 2579 ut
2025 2525 2174 2580 dice-

593 2625 719 2669 ret:
753 2612 866 2684 Ego
903 2615 958 2668 in
1008 2617 1374 2683 suSpieionem
1419 2618 1561 2685 apud
1613 2631 1708 2670 eos
1763 2616 1854 2686 qui
1901 2630 2029 2686 erga
2078 2631 2176 2672 vos

593 2707 737 2761 male
785 2706 963 2762 aﬂ‘ecti
995 2715 1125 2761 sunt
1157 2710 1337 2772 venio,
1378 2707 1524 2776 quod
1554 2706 1766 2760 Studita
1799 2708 1901 2761 sim
1949 2724 1964 2760 :
1998 2716 2053 2763 et
2077 2708 2173 2762 de-

597 2808 935 2866 precaretur,
989 2815 1057 2852 ne
1109 2799 1244 2853 tanti
1300 2798 1505 2852 amoris
1566 2798 1880 2867 coniunctio
1925 2812 2172 2868 unquam

594 2891 971 2946 labefactetur.
1003 2890 1128 2946 Haec
1164 2908 1261 2946 nos
1294 2891 1484 2944 omnia
1519 2891 1883 2946 devinxerunt
1910 2900 1966 2946 et
2005 2891 2176 2960 magis

596 2985 881 3056 magisque
908 2985 962 3038 in
989 2984 1200 3038 sincera
1223 2983 1513 3036 dilectione
1543 2981 1940 3038 confirmarunt
1971 2989 2032 3036 ut
2063 2982 2178 3037 haec

593 3075 762 3128 verba
809 3088 1203 3142 usurparemus
1242 3091 1254 3126 :
1285 3071 1596 3140 Nunquam,
1636 3087 1668 3126 ο
1697 3071 1924 3126 Domine
1953 3073 2175 3126 univer-

599 3179 809 3230 sorum,
833 3164 1083 3219 oblivisci
1111 3180 1209 3217 nos
1245 3164 1394 3217 sinas
1417 3163 1622 3232 egregii
1658 3163 2041 3229 benefactoris,
2061 3165 2172 3230 fidi,
2203 3198 2244 3254 ο

597 3258 895 3322 unanimis,
950 3257 1168 3326 probati
1221 3258 1500 3321 amatoris,
1556 3257 1700 3310 sacri
1757 3257 2018 3320 hominis,
2075 3273 2170 3327 per

595 3350 781 3404 omnia
811 3359 864 3402 et
896 3349 950 3402 in
982 3350 1240 3403 omnibus
1271 3351 1466 3403 tutoris
1496 3366 1558 3405 ac
1587 3351 1824 3419 patroni,
1853 3349 2092 3419 Herique
2119 3359 2171 3405 et

597 3442 816 3498 Domini
869 3443 1044 3497 nostri
1082 3460 1094 3494 :
1129 3443 1223 3496 sed
1259 3442 1460 3496 haereat
1495 3443 1546 3496 in
1575 3444 1730 3498 nobis
1763 3443 1966 3497 inﬁxus
2016 3457 2174 3497 amor

598 3533 762 3586 etiam
798 3545 916 3602 post
946 3543 1196 3600 mortem,
1232 3551 1448 3602 unaque
1479 3535 1531 3587 in
1561 3533 1745 3588 futuro
1773 3535 1973 3590 saeculo
2002 3535 2175 3589 comi-

601 3635 768 3689 tetur,
793 3626 1013 3694 quando
1042 3641 1141 3678 uos
1172 3626 1403 3679 invicem
1436 3629 1752 3695 cognituros
1784 3641 2090 3696 speramus,
2121 3636 2174 3680 et

599 3720 1080 3789 congratulaturos
1109 3720 1160 3771 in
1187 3720 1294 3772 Deo
1322 3720 1386 3774 iis
1420 3720 1511 3787 qui
1543 3719 1780 3789 Spiritus
1812 3721 2047 3788 impulsu
2075 3736 2174 3774 nos

599 3813 857 3865 amarint.
896 3810 1093 3865 Verum
1129 3813 1255 3866 hinc
1286 3814 1570 3882 egrediens
1601 3813 1798 3874 oratio,
1845 3812 1896 3864 in
1944 3813 2169 3881 duplici,

598 3903 646 3959 8i
688 3902 868 3972 jubes,
903 3911 1226 3971 argumento
1267 3902 1591 3956 versabitur.
1625 3902 1684 3954 In
1736 3902 1912 3970 priore
1958 3903 2176 3971 itaque,

598 3997 692 4065 qui
721 4012 916 4049 sensus
944 4007 1070 4048 tuus
1109 3993 1292 4056 fuerit,
1323 3995 1543 4047 domine
1575 3995 1670 4059 mi,
1711 3994 1850 4047 idem
1887 4004 1942 4048 et
1991 4006 2176 4048 noster

600 4088 726 4141 erit.
761 4085 852 4139 Sic
896 4086 1063 4155 igitur
1096 4085 1396 4139 ordiamur.

2349 1431 2554 1485 Πολλοῦ
2591 1431 2787 1500 χρέους
2819 1424 3181 1497 εὐχαριστιῶν
3215 1424 3311 1476 καὶ
3347 1423 3682 1489 ἀπολογιῶν
3718 1423 3852 1474 ὑπεὶ

2279 1526 2425 1579 θυνοι
2490 1524 2665 1585 ὄντες,
2752 1521 2955 1590 μικράν
2998 1532 3123 1571 τινα
3179 1515 3478 1586 νομίζομεν
3560 1514 3874 1566 ἀποδιδόναι

2277 1617 2500 1687 ὀφειλὴν
2533 1617 2590 1667 ἐν
2627 1617 2750 1678 ταῖς
2786 1613 2922 1684 πρὸς
2952 1611 3052 1680 τὴν
3105 1609 3464 1677 πανεύφημον
3517 1608 3620 1660 καὶ
3655 1608 3875 1674 παμπό-

2279 1709 2442 1779 Θητόν
2475 1725 2568 1760 σου
2621 1705 2900 1775 ὑπεροχὴν
2957 1702 3063 1754 ὑπὸ
3115 1702 3214 1770 τῆς
3261 1698 3666 1761 ταπεινώσεως
3725 1699 3873 1768 ἡμῶν

2279 1799 2783 1870 ἐγχαραττομέναις
2814 1795 3148 1857 ἐπιστολαῖς.
3199 1793 3350 1845 Ἐπεὶ
3381 1792 3477 1844 καὶ
3510 1791 3612 1844 νῦν
3663 1793 3764 1843 ἐπὶ
3805 1791 3872 1859 τῷ

2273 1890 2488 1960 ἀδελφῷ
2526 1887 2820 1958 Σιλουανῷ,
2854 1887 2907 1939 τί
2958 1888 3054 1940 καὶ
3090 1883 3594 1953 ἀπολογησόμεϐας
3657 1885 3872 1954 πρῶτοί

2278 1984 2376 2054 μὲν
2426 1984 2507 2036 ὅτι
2549 1980 2721 2043 οὕτως
2768 1961 2932 2033 αὐτὸν
2971 1983 3286 2050 προσήκατο
3324 1975 3451 2028 ἰδεῖν
3508 1976 3545 2044 ή
3617 1974 3873 2042 θεοφιλής

2276 2090 2370 2126 σου
2401 2071 2549 2141 ψυχή
2578 2087 2590 2100 ·
2626 2071 2701 2132 ὡς
2745 2071 2843 2122 ἕνα
2887 2071 3009 2122 τινὰ
3057 2068 3166 2120 τῶν
3225 2065 3472 2135 συνήθων
3504 2079 3519 2093 ·
3582 2064 3867 2136 μειλιχίῳ.

2273 2164 2397 2235 Ιἤθει
2446 2163 2542 2215 καὶ
2604 2162 2911 2231 εὐπροσίτῳ
2970 2159 3252 2230 προσώπῳ
3318 2158 3728 2226 συλλαλήσασα
3788 2160 3872 2209 καὶ

2276 2255 2752 2326 συνανακραθεῖσα
2804 2257 2942 2323 μετά
3012 2252 3108 2304 τοῦ
3177 2249 3451 2313 εὐτελοῦς.
3514 2251 3766 2303 Ἔπειτα
3813 2251 3871 2299 τὰ

2277 2349 2406 2418 περὶ
2444 2347 2602 2417 ήμῶν
2659 2346 2768 2399 τῶν
2825 2343 3166 2414 ἁμαρτωλῶν
3217 2343 3390 2405 οὕτως
3444 2346 3866 2412 συνανακρίναι,

2276 2443 2375 2510 τήν
2428 2457 2487 2493 τε
2543 2439 2634 2494 τοῦ
2691 2439 3022 2510 ἀμφοτέρων
3079 2437 3238 2506 ἡμῶν
3287 2435 3555 2488 ταπεινοῦ
3617 2437 3869 2505 σώματος

2275 2532 2593 2592 ἀσθένειαν,
2640 2532 2735 2583 καὶ
2788 2531 2885 2598 τὴν
2949 2528 3115 2595 ἀλλην
3165 2526 3448 2594 ὑποφῆναι
3506 2528 3865 2595 ἀγαπητικὴι

2279 2624 2648 2677 συνδιάθεσινο
2708 2621 2784 2683 ὡς
2826 2619 3082 2674 τοσοῦτον
3130 2621 3334 2672 εἰπεῖν’
3390 2619 3473 2670 ὅτι
3523 2621 3627 2671 καὶ
3709 2620 3865 2671 Stoa-

2275 2714 2476 2783 διώτης
2543 2711 2922 2778 ὑποπτεύομαι
2967 2712 3104 2780 πρός
3161 2726 3324 2761 τινων
3376 2707 3487 2759 τῶν
3568 2709 3862 2768 ἀντιθέτως

2280 2805 2415 2874 πρὸς
2469 2806 2612 2872 ὑμᾶς
2647 2805 2917 2873 ἐχόντων·
2955 2805 3051 2858 καὶ
3103 2803 3165 2856 τὸ
3211 2800 3563 2864 ἁπεύξασθαι
3602 2805 3683 2871 μή
3745 2819 3863 2854 ποτε

2287 2895 2544 2963 γενέσθαι
2597 2897 2717 2948 τινά
2781 2895 2989 2964 τρῶσιν
3044 2896 3145 2965 τῆς
3216 2893 3566 2963 τηλικαύτης
3650 2893 3864 2961 φιλικῆς

2279 2988 2653 3058 ἀνακράσεως.
2704 2987 2876 3042 Τοῦτο
2913 2987 3034 3040 ὅλον
3057 2988 3294 3051 ἐξένισεν
3356 2988 3532 3055 ἡμᾶς,
3592 2988 3698 3038 καὶ
3747 3003 3864 3038 συν-

2281 3080 2547 3151 ερῤίζωσε
2613 3079 2814 3150 μᾶλλον
2885 3079 2979 3132 καὶ
3043 3079 3244 3149 μᾶλλον
3301 3079 3359 3130 ὲν
3417 3081 3484 3147 τῇ
3577 3078 3866 3147 εἰλικρινεῖ

2280 3167 2451 3240 αὐτῆς
2482 3173 2757 3242 ἀγαπήσει
2785 3171 2856 3224 τά
2885 3173 3023 3224 αὑτά
3063 3171 3336 3237 λέγοντες·
3375 3171 3469 3235 Μή
3509 3187 3677 3233 ποτε,
3719 3165 3762 3224 ᾧ
3792 3171 3864 3220 δέ-

2280 3281 2474 3329 σποτα,
2523 3264 2632 3317 τῶν
2696 3264 2958 3318 ἁπάντων
3001 3262 3143 3332 δῲης
3189 3265 3323 3332 ἡμῖν
3375 3261 3748 3314 ἐπιλαθέσθαι
3779 3261 3864 3312 τοῦ

2278 3355 2442 3408 καλοῦ
2483 3357 2770 3424 εὐεργέτου
2795 3396 2808 3418 ,
2828 3355 2922 3408 τοῦ
2948 3357 3158 3408 πιστοῦ·
3177 3353 3487 3422 συμὺύχου,
3513 3352 3615 3404 τοῦ
3643 3354 3862 3420 δοκίμου

2278 3447 2532 3518 ἐραστοῦ,
2561 3449 2656 3500 τοῦ
2714 3448 2862 3514 ἱεροῦ
2900 3447 3213 3518 ἀνθρώπου,
3257 3445 3351 3498 τοῦ
3407 3447 3558 3498 κατὰ
3598 3446 3784 3498 πάντα
3816 3447 3865 3495 ἐν

2279 3540 2413 3590 πᾶσι
2467 3538 2562 3590 καὶ
2618 3540 2919 3608 προστάτου
2970 3538 3065 3590 καὶ
3121 3536 3440 3604 κηδεμόνος,
3497 3538 3600 3588 καὶ
3661 3538 3863 3607 Κυρίου

2285 3627 2444 3697 ἡμῶν
2483 3629 2579 3679 καὶ
2606 3628 2878 3680 Δεσπότου
2903 3645 2916 3660 ·
2963 3627 3078 3680 ἀλλ’
3110 3627 3196 3696 εἴη
3227 3626 3286 3678 τὸ
3316 3625 3546 3695 φίλτρον
3602 3628 3702 3679 καὶ
3739 3629 3864 3695 μετα

2280 3721 2488 3787 πότμον
2515 3718 2759 3782 ἐνιζάνον
2801 3721 2858 3772 ἐν
2884 3721 3018 3789 ἡμῖν
3041 3735 3055 3749 '
3096 3718 3295 3788 μᾶλλον
3335 3718 3392 3770 δὲ
3423 3720 3520 3770 καὶ
3556 3735 3867 3788 συμμετερ-

2279 3810 2504 3878 χόμενον
2554 3811 2613 3862 ἐν
2650 3811 2729 3880 τῷ
2793 3811 3039 3879 μέλλοντι
3085 3811 3264 3873 αἰῶνι,
3320 3812 3379 3861 ἐν
3430 3803 3476 3877 ᾧ
3532 3812 3864 3878 πιστειὲομεν

2280 3902 2570 3971 γνωρίζειν
2615 3902 2884 3972 ἀλλήλους
2913 3919 2928 3934 ο
2977 3903 3071 3955 καὶ
3116 3902 3440 3972 συγχαίρειν
3483 3904 3544 3954 ἐν
3588 3903 3714 3972 Θεῷ
3747 3905 3864 3965 τοὺς

2279 3991 2617 4062 φιλήσαντας
2655 3993 2882 4056 ἑαυτοὺς
2913 3995 3453 4063 πνευματοκινήτως.
3507 3993 3656 4045 Ἀλλ’
3690 3994 3862 4046 ἐντεῦ-

2277 4084 2368 4136 θεν
2421 4087 2449 4138 ὁ
2499 4085 2656 4152 λόγος
2689 4084 2963 4155 μετελθὼν
3006 4087 3064 4137 ἐν
3104 4087 3222 4146 ταῖς
3282 4084 3438 4136 δυσὶν
3499 4086 3860 4168 ὑποθέσεσιν⁹

600 4179 964 4248 ἐνδιατρίψειε
997 4177 1136 4230 κατά
1175 4176 1274 4245 τὴν
1313 4176 1594 4227 κέλευσιν·
1631 4173 1723 4226 ἐπὶ
1778 4174 1877 4242 μὲν
1917 4168 2009 4226 05v
2068 4173 2166 4243 τῆς
2204 4173 2446 4244 πρώτης,
2513 4175 2588 4236 ὡς
2632 4175 2798 4244 ἔχεις,
2828 4178 2856 4227 ὁ
2887 4175 3076 4244 κύριος
3144 4175 3324 4244 ἡμῶν,
3361 4174 3544 4240 οὕτως
3580 4183 3681 4232 καὶ
3711 4183 3860 4251 ἡμεῖς

597 4267 976 4337 διατιθέμεθα.
1018 4266 1442 4335 Προδιαιτείσοω
1469 4266 1522 4318 δὲ
1553 4270 1580 4318 ὁ
1613 4265 1768 4332 λόγος
1799 4265 1993 4326 οὕτως·

673 4363 956 4418 Homicida
985 4371 1270 4430 postquam
1305 4361 1480 4414 victus
1523 4360 1704 4421 fuerit,
1729 4359 1936 4413 debitas
1964 4359 2176 4428 legibus

599 4470 793 4527 pmnas
819 4454 990 4506 dabit.
1015 4451 1169 4506 Nunc
1193 4462 1372 4506 autent
1409 4453 1566 4506 civile
1592 4452 1789 4504 bellum
1819 4453 1990 4515 adest,
2011 4451 2174 4514 quod,

603 4547 747 4601 sicut
790 4544 893 4597 alia
929 4543 1023 4595 irae
1054 4542 1252 4596 divinae
1280 4543 1453 4612 signa,
1486 4552 1645 4595 terra?
1680 4549 1862 4593 motus
1891 4549 1944 4592 et
1985 4539 2175 4605 fames,

602 4637 884 4690 eluviones
930 4637 1096 4688 maris
1139 4644 1300 4701 atque
1347 4635 1632 4698 inCCllllia;
1681 4637 1745 4686 ad
1779 4633 2176 4702 correptionem

2345 4353 2602 4413 Φονίσκος
2642 4351 2731 4404 ἐπ’
2760 4350 2826 4403 ἂν
2855 4352 3124 4422 κρατηθῇ,
3152 4351 3380 4414 δικαίως
3427 4354 3695 4408 ἀποτίσει
3738 4356 3859 4425 πρὲς

2275 4443 2368 4497 τοῦ
2398 4447 2563 4512 νόμου
2597 4441 2694 4510 τὴν
2719 4443 3122 4511 ἀντισηκοῦσαν
3159 4445 3375 4512 ποινήν.
3411 4445 3558 4497 Νυνὶ
3590 4447 3649 4498 δὲ
3696 4449 3858 4517 ἐμ.φὺ-

2277 4537 2391 4600 λιος
2423 4537 2660 4605 πόλεμος
2702 4535 3028 4604 πρόκειται·
3061 4533 3118 4597 ὃς
3148 4533 3336 4605 ὥσπερ
3374 4536 3434 4587 αἱ
3463 4536 3631 4589 ἄλλαι
3669 4540 3857 4609 Θεομη-

2279 4627 2425 4679 νίαι·
2486 4624 2696 4692 σεισμοί
2752 4640 2811 4674 τε
2873 4624 2966 4674 καὶ⁵
3019 4623 3199 4692 λιμοὶ,
3257 4631 3713 4697 καταποντισμοὶ
3776 4631 3855 4681 καὶ

604 4741 848 4784 nostram
900 4743 931 4782 a
981 4726 1090 4779 Deo
1138 4737 1221 4782 est
1249 4728 1396 4792 justo
1424 4726 1632 4794 judicio
1656 4726 1969 4786 excitatum,
2002 4735 2054 4776 et
2084 4739 2173 4791 po-

2285 4718 2589 4785 ὲμπρήσεις
2675 4715 2826 4783 παρά
2874 4714 3007 4765 θεοῦ
3059 4715 3194 4782 πρὸς
3238 4722 3636 4786 σωφρονισμὸν
3696 4721 3854 4791 ﬁgis»,

603 4815 716 4886 puli
768 4816 875 4867 vim
935 4823 1164 4875 tantam,
1204 4824 1405 4881 quanta
1445 4813 1620 4878 periit,
1657 4812 1977 4880 absumpsit.
2019 4812 2176 4865 Post-

605 4921 766 4976 quam
812 4919 940 4973 ergo
996 4904 1253 4958 misertus
1318 4904 1578 4957 Dominus
1635 4904 1844 4971 plagam
1898 4905 2176 4969 repressit,

608 4995 837 5048 minime
860 4995 972 5047 vult
993 4993 1313 5062 superstites
1347 4993 1556 5060 perire;
1595 4992 1798 5060 alioqui
1832 5007 2179 5044 communem

608 5085 854 5138 omnium
899 5087 1132 5146 clauem,
1180 5082 1642 5150 quemadmodum
1676 5081 1862 5133 diluvii
1914 5089 2177 5147 tempore,

607 5177 927 5230 induxisset.
973 5172 1115 5238 Quid
1171 5175 1374 5244 igitur?
1425 5172 1646 5225 Servari
1700 5173 1813 5224 vult
1844 5187 1937 5224 eos
1969 5173 2060 5239 qui
2094 5188 2180 5223 re-

610 5267 724 5322 licti
757 5276 904 5328 sunt,
931 5275 985 5319 et.
1013 5264 1167 5318 venia
1199 5267 1395 5331 dignos
1429 5265 1565 5318 fieri.
1595 5263 1683 5316 Ait
1729 5265 1871 5316 enim
1905 5263 1956 5316 in
1993 5262 2172 5314 Evan-

609 5358 797 5428 geliis'
826 5377 840 5412 :
867 5357 1154 5417 Dimittite,
1177 5366 1224 5408 et
1253 5357 1548 5409 dimittetur
1572 5356 1730 5408 vobis.
1762 5353 1828 5406 Et
1857 5353 1994 5408 beati
2024 5353 2177 5406 Pauli

609 5464 786 5507 voce:
825 5447 907 5503 Ne
942 5448 1057 5518 quis
1103 5448 1300 5500 malum
1335 5464 1428 5515 pro
1459 5448 1599 5501 malo
1632 5447 1792 5500 alicui
1833 5446 2054 5506 reddat,
2095 5447 2184 5500 sed

681 5587 703 5619 '
730 5587 921 5643 Matth.
965 5602 1038 5643 vi.
1073 5584 1160 5638 14.

2281 4809 2462 4877 δικαία
2477 4806 2653 4874 κρίσει
2673 4805 3062 4876 ἁνερριπίσθη,
3081 4804 3240 4857 ὀλέσα
3252 4822 3319 4857 σα
3334 4808 3605 4861 τοσοῦτον
3619 4813 3854 4882 ἁριϐμὲν,

2279 4901 2398 4961 ὅσος
2425 4899 2519 4950 καὶ
2548 4897 2754 4948 ὤλλυτο
2775 4915 2787 4927 ο
2832 4899 2953 4948 ἐπεὶ
2991 4892 3085 4947 οὖν
3122 4896 3561 4965 σπλαγχνισθεὶς
3593 4907 3854 4953 κεκότεακε

2277 4991 2376 5057 τὴν
2397 4989 2625 5059 Θραῦσιν
2660 4990 2880 5058 Κύριος,
2911 4989 2970 5038 οὐ
3002 4986 3249 5056 βούλεται
3275 4991 3404 5050 τοὺς
3430 4992 3853 5062 ὑπολειφθέντας

2278 5083 2554 5134 ὃλλυσθαι.
2606 5081 2761 5133 Ἐπεὶ
2800 5083 3014 5144 πάντως
3051 5081 3418 5150 πανολεθρίαν
3452 5088 3853 5154 εἰργάσατο,ὼ;

2280 5174 2372 5226 ἐπὶ
2413 5174 2506 5226 τοῦ
2563 5172 2974 5240 κατακλυσμοῦ.
3013 5173 3171 5224 Ἀλλά
3217 5173 3302 5237 τί;
3368 5174 3434 5227 τὸ
3507 5179 3852 5232 διασεαῶεθαι

2280 5268 2408 5330 τοὺς
2439 5266 2718 5330 ἐαθέντας,
2752 5269 2845 5318 καὶ
2894 5266 3109 5334 φειδοῦς
3158 5266 3422 5332 γενέσθαι
3470 5271 3701 5337 ἀξίους’
3743 5276 3852 5340 φηςι

2284 5360 2392 5429 γὰρ
2438 5361 2494 5410 ἐν
2525 5361 2635 5422 τοῖς
2680 5359 3050 5426 Εὖαγγελίοις·
3099 5359 3318 5425 Ἅφετε
3366 5364 3474 5414 καί
3504 5366 3850 5434 ἀφεθήσεται

2291 5451 2451 5519 ὑμῖν.
2479 5454 2587 5505 Καὶ
2633 5451 2718 5506 διὰ
2753 5450 2845 5504 τοῦ
2881 5451 3152 5520 μακαρίου
3194 5450 3450 5505 Παύλουο
3493 5460 3596 5525 Μή
3651 5462 3732 5522 τίς
3762 5477 3850 5511 rm

2106 5675 2338 5730 ΝΟΤᾸΞ.

691 5770 803 5838 (‘25)
838 5769 898 5821 ιιι
932 5769 1052 5820 cod.
1085 5767 1216 5830 Reg.
1254 5771 1397 5832 ρμγ¹.
