3964 6320
153 369 274 436 1417

151 494 324 544 ποκ’-ν
350 491 484 545 ἀντὶ
530 495 722 549 κακοῦ
754 497 1086 552 ἀποδιδότω
1106 517 1119 530 ο
1162 501 1326 557 ἀλλὰ
1368 505 1625 558 πάντοτε
1656 506 1718 558 τὸ
1747 519 1792 578 Α

60 601 62 604 ·
151 582 364 653 ἀγαθὸν
413 584 674 652 διώκετε,
709 588 808 642 καὶ
836 593 923 656 εἰς
957 592 1295 660 ἀλλήλους,
1323 595 1417 648 καὶ
1446 599 1535 660 εἱς
1569 597 1718 649 πάν-

60 695 64 700 ·
152 694 270 743 τας.
302 679 378 731 Οὑ
417 680 526 750 μὴν
575 682 1008 756 ἀνεπιτιμήτως.
1073 689 1227 744 Ἐπεὶ⁵
1265 672 1364 744 καὶ·
1411 693 1552 746 Κὰῖν
1622 712 1718 763 φο-

151 769 338 833 νεύσας
406 771 501 823 τὸν
545 773 775 842 ἀδελφὸν
802 816 816 840 ,
877 776 938 829 τὸ
981 777 1259 843 πολυειδὲς
1307 783 1403 834 κα)⁸
1462 783 1720 853 ᾀδόμενον

152 860 416 929 ἐπιτίμιον
471 864 695 927 εἰκότως
771 868 1014 937 εἴληφεν.
1101 871 1520 945 Ἐπιτετίμηται
1582 879 1719 948 πρὸς

152 952 335 1004 ἑαυτοῦ
413 958 504 1007 καὶ
579 957 810 1028 Λάμεχ,
867 963 960 1012 καὶ
1017 963 1419 1038 Ἀϐεσσαλὼμ,
1490 971 1719 1038 ἀδελφὸν

163 1042 368 1111 ’Δμνὼν
402 1047 643 1111 κτείνας,
665 1049 800 1120 ὲάθη
835 1051 940 1103 ὑπὸ
965 1053 1060 1105 τοῦ
1092 1058 1323 1121 πατρὸς,
1359 1061 1500 1112 κατὰ
1529 1063 1590 1115 τὸ
1615 1063 1720 1116 ὑπὸ

151 1135 245 1205 τῆς
287 1137 646 1209 Θεοκοήτιδος
712 1144 1007 1216 πρόϐλημα
1061 1147 1366 1214 ἄκταντος·
1409 1156 1504 1207 καὶ
1557 1157 1720 1219 αὑτὸς

151 1227 306 1281 Δαυῒδ
333 1230 433 1283 οὑκ
463 1232 716 1287 ἐϐούλετο
744 1236 835 1288 τὸν
872 1239 1251 1310 Ἀὄεσσαλὼμ,
1276 1244 1367 1298 τὸν
1395 1247 1720 1317 πατρολῴαν

152 1321 446 1376 κτενέσθαι.
488 1324 626 1377 Ἀλλ’
653 1328 774 1380 οὑδὲ
796 1331 925 1393 τοὺς
948 1337 1535 1406 συναποστατήσαντας
1571 1339 1720 1410 αὑτῷ

153 1415 285 1481 μετὰ
318 1415 418 1486 τὴν
443 1416 647 1469 παῦσιν
677 1419 772 1472 τοῦ
797 1422 1041 1492 πολέμου
1073 1425 1386 1496 γέγραπται
1414 1431 1718 1498 προστάξαι

161 1506 508 1574 φονεύεσθαι’
538 1511 776 1564 τοσαῦτα
815 1514 890 1576 ὡς
929 1519 1046 1568 κατ’
1079 1519 1349 1590 ἐπιτομὴν
1382 1523 1514 1591 περὶ
1539 1523 1719 1577 τοῦδε.

160 1595 438 1668 Ἐλεήμων
490 1602 598 1672 γὰρ
648 1601 777 1658 ἃ)νὸ
829 1606 981 1670 Θεὸς,
1027 1608 1172 1662 θέλει
1224 1610 1293 1663 δι’
1345 1614 1720 1684 ἐπιτιμήσεων

151 1689 313 1758 ἤγουν
339 1693 587 1762 ὲξοριῶν,
617 1695 898 1761 φυλακῶν,
919 1701 1094 1753 ἄλλων
1125 1702 1288 1755 τινῶν
1312 1703 1629 1760 ὑποθέσεων
1660 1709 1721 1762 τὸ

144 1780 241 1850 τῆς
277 1785 573 1849 μετανοίας
606 1789 792 1854 αὑτοῖς
822 1793 911 1844 διὰ
939 1791 1083 1862 ζωῆς
1116 1796 1522 1865 συντηρεῖσθαι.

226 1877 350 1930 Ἐπὶ
379 1879 437 1931 δὲ
469 1883 535 1950 τῇ
561 1882 724 1954 ἑτέρᾳ
749 1885 1028 1948 ὑποθέσει,
1052 1887 1104 1940 τί
1130 1893 1224 1942 καὶ
1258 1891 1484 1962 φῶμενς
1518 1895 1719 1960 εἰδότος
1757 1876 1796 1930 Β

145 1985 236 2022 σου
270 1970 365 2023 τοῦ
411 1974 710 2044 ἐχέφρονος
755 1979 849 2029 καὶ
902 1979 1358 2052 δραστηρίουνοῢ
1406 1986 1476 2038 τὰ
1515 1988 1714 2041 πάντα.

147 2061 236 2125 Εἰς
269 2066 404 2118 αὑτὸ
423 2066 584 2120 τοῦτο
605 2069 637 2137 ἡ
657 2068 749 2121 τοῦ
775 2071 1151 2141 προάρξαντος
1178 2075 1409 2138 Λέοντος
1438 2077 1716 2146 ἔνστασις,

145 2156 377 2225 συνᾶραι
415 2160 564 2227 ἡμᾶς
597 2159 754 2226 λόγον
786 2161 924 2228 μετὰ
965 2163 1073 2214 τῶν
1109 2166 1434 2237 ἑτεροδόξων
1465 2185 1478 2199 ο
1505 2169 1720 2222 ἀντιθε-

142 2247 306 2310 τικῶς
351 2249 536 2318 κρίσιν
591 2251 937 2318 ἅποίσοντος,
988 2255 1064 2319 ὡς
1090 2257 1366 2328 ἐνόμιζεν.
1425 2259 1586 2314 Ἀλλὰ
1624 2263 1720 2315 καὶ

141 2337 306 2393 αὑτοῦ
331 2341 431 2410 ἥδη
461 2343 555 2394 τοῦ
582 2342 964 2413 βασιλεύοντος
986 2350 1024 2418 νὴ
1045 2350 1182 2421 αὑτὴ
1209 2350 1458 2417 ἔνστασις
1483 2354 1720 2422 ὁπηνίκα

145 2431 287 2482 κατὰ
316 2433 616 2501 πρόσωπον
643 2436 750 2506 πρὸ
781 2439 951 2508 τριῶν
983 2441 1120 2494 ἐτῶν
1146 2443 1394 2516 διελέχθη
1429 2448 1559 2517 ἡμῖν
1578 2465 1592 2478 ·
1621 2450 1721 2501 οὑκ

140 2520 304 2572 αὑτοῦ
327 2521 583 2591 λέγοντος
605 2528 813 2595 κρίνειν
854 2530 955 2600 τὴν
982 2533 1346 2602 διαδικασίαν,
1370 2537 1505 2591 ἀλλὰ
1534 2540 1722 2593 τοῦτον

141 2613 399 2668 κάκεῖνον
439 2616 548 2670 τῶν
594 2619 753 2691 δῆθεν
801 2624 1124 2693 ὁμοφρόνων
1176 2627 1329 2697 ἡμῖν.
1405 2629 1545 2681 Ἀλλ’
1597 2631 1721 2684 οὔτε

138 2706 300 2775 ἡμεῖς
340 2709 391 2761 οἱ
441 2712 710 2781 παρόντες
759 2715 901 2767 κατὰ
950 2718 1272 2788 πρόσωπον·
1303 2719 1427 2773 οὔτε
1452 2724 1479 2775 ὁ
1514 2722 1722 2787 κλεινὸς

142 2797 300 2865 ἡμῶν
329 2801 627 2870 ἀρχιερεὺς
650 2804 932 2875 ἠνέσχετο,
963 2809 1038 2871 ῶς
1068 2810 1338 2881 ἔκθεσμον
1359 2815 1454 2867 καὶ
1477 2815 1683 2869 ὀθνεῖον
1703 2835 1718 2849 ο

136 2887 275 2958 ὅπερ
309 2891 408 2943 καὶ
457 2893 679 2960 ἀληθὲς,
732 2898 1059 2972 παμπόθῃτε
1091 2901 1249 2971 ἡμῶν
1290 2903 1564 2958 δέσποτα·
1600 2909 1722 2961 οὑδὲ

115 2977 245 3048 ’γὰρ
281 2982 416 3052 περὶ
448 2981 720 3050 βιωτικῶν
745 2989 840 3038 καὶ
872 2991 1154 3058 σαρκικῶν
1183 2995 1210 3044 ὀ
1241 2993 1427 3060 λόγος·
1459 2989 1534 3048 ὧν
1563 2997 1722 3066 βασι-

133 3067 259 3131 λεὺς
284 3071 348 3122 τὸ
379 3071 583 3139 κράτους
613 3070 725 3141 ἔχει
775 3075 870 3127 τοῦ
925 3078 1151 3146 κρίνειν,
1202 3083 1296 3133 καὶ
1345 3082 1406 3134 τὸ
1473 3083 1722 3152 βιωτικὸν

132 3163 427 3230 κριτήριον
449 3179 464 3191 θ
497 3162 634 3216 ἀλλὰ
654 3167 783 3237 περὶ
812 3166 970 3219 θείων
995 3170 1088 3220 καὶ
1105 3170 1375 3235 οὐρανίων
1402 3172 1718 3243 δογμάτων,

129 3249 157 3301 ὃ
198 3251 386 3317 ἄλλοις
435 3255 537 3306 οὑκ
567 3257 1054 3330 ἐπιτέτραπται,ἢ
1106 3263 1374 3329 ἐκείνοις,
1427 3261 1508 3330 οἷς
1553 3285 1720 3337 φησιν

129 3343 296 3403 αὐτὸς
327 3347 357 3397 ὁ
382 3345 520 3410 Θεὸς
548 3350 719 3417 Λόγος
741 3367 754 3380 .
784 3352 941 3406 Ὅσα
967 3353 1045 3407 ἂν
1065 3354 1292 3424 δήσητε
1315 3358 1413 3411 ἐπὶ
1448 3360 1557 3426 τῆς
1583 3360 1717 3430 γῆς.

128 3433 303 3489 ἔσται
331 3436 627 3508 δεδεμένα
677 3444 746 3495 ἐν
792 3445 873 3508 τῷ
907 3448 1168 3514 οὐρανῷ,
1211 3452 1308 3504 καὶ
1340 3451 1455 3505 ὅσα
1480 3451 1557 3506 ἣν
1609 3455 1718 3508 λῦ-

125 3543 280 3594 σητε
311 3530 416 3583 ἐπὶ
472 3531 586 3599 τῆς
640 3535 774 3603 γῆς,
828 3537 999 3590 ἔσται
1045 3543 1355 3609 λελυμένα
1397 3544 1466 3596 ἐν
1503 3543 1583 3609 τῷ
1622 3549 1721 3598 οὺ-

120 3619 317 3684 ρανῴ.
353 3622 518 3685 Τίνες
553 3624 611 3676 δὲ
651 3620 797 3678 οὑτοι
831 3630 880 3679 οἱ
918 3629 1332 3699 ἐντεταλμένοις
1380 3635 1716 3699 Ἀπόστολοι,

126 3713 221 3764 καὶ
250 3715 301 3765 οἱ
338 3715 552 3768 τούτων
590 3716 846 3788 διάδοχοι.
873 3721 1033 3782 Τίνες
1065 3722 1108 3774 δ’
1134 3721 1231 3775 οὖν
1249 3729 1296 3777 οί
1351 3727 1620 3796 διάδοχοι;
1663 3729 1720 3782 Ὀ

123 3803 228 3874 τῆς
263 3806 570 3878 Ῥωμαίων
601 3811 718 3862 νυνὶ
751 3814 1149 3884 πρωτόθρονος,
1184 3819 1212 3869 ὀ
1242 3819 1342 3886 τῆς
1371 3821 1720 3874 Κωνσταντι-

123 3901 449 3965 νουπόλεως
471 3902 824 3972 δευτερεύων,
865 3907 1275 3978 Ἀλεξανδρείας
1298 3927 1355 3961 τε
1386 3911 1478 3962 καὶ
1518 3912 1720 3964 Ἀντιο-

117 3994 303 4060 χείας.
330 3996 433 4050 καῖ
457 3996 487 4047 ὁ
543 3995 951 4069 Ἱεροσολύμων.
995 4000 1166 4053 Τοῦτο
1201 4002 1262 4054 τὸ
1309 4003 1720 4074 πεντακόρυφον

121 4088 332 4156 κράτος
359 4089 470 4158 τῆς
514 4089 864 4160 Ἐκκλησίας.
908 4093 1068 4163 Παρὰ
1101 4093 1315 4156 τούτοις
1340 4095 1400 4146 τὸ
1425 4094 1532 4147 τῶν
1559 4097 1719 4149 θείων

117 4175 429 4247 δογμάτων
456 4181 768 4251 κριτήριον.
799 4183 1076 4236 Βασιλέων
1111 4183 1164 4236 δὲ
1208 4186 1304 4238 καὶ
1327 4185 1632 4256 ἡγεμόνιον,
1659 4188 1720 4238 τὸ

119 4275 565 4342 συνεπικουρεῖν
603 4275 696 4326 καὶ
745 4277 1265 4346 συνεπισφραγίζειν
1289 4277 1360 4330 τὰ
1389 4277 1717 4349 δεδογμένα·

118 4361 219 4413 καὶ
261 4362 623 4417 διαλλάττειν
675 4365 744 4419 τὰ
804 4369 1087 4438 σαρκικῶς
1128 4368 1556 4439 διαφορούμενα.
1606 4371 1722 4423 Οὑκ

115 4452 251 4508 ἄλλο
280 4473 335 4509 τι
381 4457 446 4508 ἐν
489 4460 604 4520 τοῖς
646 4458 811 4523 θείοις
850 4462 1137 4530 δόγμασιν,
1186 4463 1310 4516 οὑτε
1342 4463 1553 4517 δέδοται
1584 4464 1722 4535 πρὸς

113 4546 280 4610 Θεοῦ,
326 4547 465 4601 οὒτε
499 4551 868 4622 γενησόμενον
895 4555 1174 4622 στήσεται.
1202 4555 1300 4607 Διὰ
1333 4554 1491 4606 τοῦτο
1527 4557 1723 4608 ἀπεδο-
1757 4587 1797 4638 D

115 4640 377 4710 κιμὰσθη
417 4642 516 4692 ἐπὶ
556 4641 650 4692 τοῦ
716 4641 984 4713 δόγματος
1025 4643 1134 4696 τῶν
1182 4644 1352 4698 θείων
1400 4646 1622 4699 εἰκόνων
1657 4647 1724 4698 τὰ

112 4733 210 4785 ἐπὶ
253 4732 354 4786 τοῦ
391 4731 571 4786 πάλαι
603 4735 1022 4788 Κωνσταντίνου
1073 4737 1168 4787 καὶ
1199 4738 1428 4799 Λέοντος
1458 4736 1723 4807 βασιλικῷ

110 4822 318 4894 κράτει
364 4825 470 4876 καὶ
524 4821 716 4892 θράσει
750 4824 1205 4894 συνεδριασθέντα
1239 4843 1299 4878 τε
1337 4828 1430 4880 καὶ
1477 4827 1726 4898 βατταρί-

113 4916 322 4970 σθέντα
343 4932 359 4947 °
390 4916 486 4983 ἐφ’
514 4912 596 4976 οἷς
615 4917 828 4987 ἐτμήθη
854 4921 885 4987 ἡ
907 4919 1038 4989 τῇδε
1063 4919 1358 4988 Ἐκκλησία
1386 4919 1494 4972 τῶν
1521 4921 1722 4990 ἐτέρων

109 5011 408 5082 τεττάρων
464 5007 932 5078 ἀναθεματισμοῖς
983 5009 1401 5080 ὑποϐαλλομένη
1439 5013 1720 5074 αίωνίοις,

109 5103 388 5173 σφραγῖδι
453 5101 552 5153 τοῦ
601 5100 759 5167 ἁγίου
807 5104 1144 5173 Πνεὺματος.
1208 5103 1341 5157 Εἶτα
1408 5105 1543 5173 ἐλέῳ
1589 5105 1723 5157 Θεοῦ

105 5197 328 5268 ἠγέρθη
365 5193 548 5262 κέρας
571 5192 880 5261 ὀρθοδοξῐας
910 5195 1003 5246 ἐπὶ
1033 5194 1267 5263 Εἰρήνης
1317 5196 1414 5262 τῆς
1458 5197 1600 5248 πάνυ
1628 5197 1724 5247 σὺν

102 5289 186 5358 τῷ
237 5289 428 5356 αὑτῆς
468 5284 731 5354 ραδάμνῳ
757 5303 768 5314 ·
804 5287 889 5352 ἐφ’
924 5282 991 5357 ἧς
1048 5287 1298 5355 συνήᾳθη
1334 5288 1402 5338 τὰ
1459 5287 1724 5338 διεστῶτα

108 5383 322 5454 μέχρις
349 5382 598 5440 Λέοντος
617 5377 712 5429 τοῦ
732 5378 1041 5448 προσεχοῦς
1066 5396 1078 5407 ·
1108 5380 1193 5446 ég’
1214 5374 1258 5446 ᾧ
1282 5376 1436 5439 αὖθις
1459 5379 1723 5448 διετμήθη

101 5480 142 5549 ή’
168 5477 306 5546 τῇδε
352 5470 691 5540 Ἐκκλησία,
728 5471 1243 5542 ἀναθεματιζομείνη
1292 5473 1397 5524 ὑπὸ
1442 5471 1551 5523 τῶν
1585 5489 1721 5541 προ-

103 5569 283 5640 τέρων
327 5563 676 5638 ίσοῤῥὸπως-

1325 386 1863 448 EPISTOLARUM
1921 387 2066 448 LIB.
2088 460 2093 466 ⁸
2123 389 2201 449 lI.

3263 395 3404 459 1418

1821 505 1963 575 quod
1996 506 2188 559 bonum
2218 515 2293 558 est
2324 508 2602 560 sectamini
2638 509 2690 560 in
2727 511 2970 575 invicem,
2998 523 3047 564 et
3080 516 3135 564 in
3159 528 3334 566 omnes
3359 515 3399 576 -‘,

1821 599 1890 652 At
1918 612 2025 650 non
2060 597 2178 650 sine
2204 598 2396 650 multa.
2431 595 2566 650 Nam
2595 609 2646 652 et
2674 598 2809 654 Cain
2837 617 2960 654 cuin
3001 602 3224 657 fratrem
3253 605 3401 660 occi-

1819 691 2010 752 disset,
2044 688 2432 743 multiformem
2472 700 2524 744 et
2553 692 2880 746 celebratam
2934 708 3153 763 poenam
3189 698 3388 750 merito

1822 783 2011 836 subiit.
2061 783 2284 836 Poenam
2317 797 2534 851 quoque
2564 799 2593 836 a
2658 785 2838 849 seipso
2870 789 3085 854 repetiit
3113 787 3350 843 Lamech
3384 829 3402 852 ,

1820 884 1874 928 et
1905 874 2169 936 Absalon,
2201 875 2294 942 qui
2329 873 2550 926 fratrem
2579 876 2798 929 Amnon
2841 888 3084 943 necarat,
3129 895 3157 933 a
3204 890 3359 949 patre
3386 923 3400 938 .

1817 966 1972 1033 juxta
2005 963 2345 1019 Thccuitidis
2378 966 2682 1035 problema,
2709 983 3050 1038 nequaquam
3079 986 3256 1026 caesus
3284 980 3402 1036 est;

1821 1071 1926 1112 nec
1960 1058 2197 1111 Absalon
2247 1059 2580 1128 parricidam
2612 1075 2772 1115 suum
2809 1062 2983 1138 occidi
3022 1062 3242 1117 volebat
3289 1066 3407 1134 ipse

1821 1145 2012 1211 David,
2045 1149 2137 1203 sed
2172 1165 2349 1218 neque
2379 1167 2475 1205 eos
2511 1152 2604 1220 qui
2645 1158 2772 1206 cum
2817 1153 3010 1207 eodem
3057 1155 3402 1221 defecerant,

1821 1251 1945 1309 post
1971 1240 2095 1295 belli
2126 1243 2289 1296 tinem
2315 1245 2508 1312 perimi
2531 1245 2768 1313 jussisse
2798 1247 3075 1314 proditum
3095 1261 3200 1304 est.
3230 1249 3308 1304 Ac
3337 1251 3405 1305 de

1823 1328 1909 1382 his
1963 1329 2228 1386 hactenus
2273 1332 2443 1386 veluti
2494 1335 2842 1402 compendio.
2896 1334 3209 1392 Misericors
3258 1339 3401 1392 enim

1823 1421 1968 1477 Deus
1996 1437 2094 1492 per
2127 1424 2526 1494 castigationes
2550 1465 2565 1490 ,
2613 1426 2667 1479 id
2701 1435 2784 1480 est
2811 1468 2826 1490 ,
2863 1429 3079 1493 exsilia,
3110 1443 3361 1484 carceres
3387 1470 3403 1494 ,

1823 1523 1876 1568 et
1901 1514 2124 1579 similia,
2155 1517 2536 1586 paenitentiam
2563 1518 2633 1573 ab
2662 1519 2774 1575 illis
2806 1528 2917 1578 tota
2943 1521 3052 1576 vita
3085 1523 3201 1576 vult
3223 1524 3410 1579 obser-

1822 1622 1960 1661 Val‘I.

1894 1876 1970 1931 De
1997 1876 2171 1932 altero
2207 1889 2388 1933 autem
2416 1879 2596 1948 capite
2635 1881 2766 1950 quid
2799 1882 3075 1949 dicemus,
3131 1900 3256 1940 cum
3287 1902 3413 1956 pero

1821 1978 2006 2035 specta
2048 1969 2159 2022 sint
2194 1969 2378 2022 omnia
2415 1971 2666 2037 prudenti
2713 1987 2777 2026 ac
2806 1973 2993 2028 solerti
3035 1977 3207 2029 menti
3257 1977 3411 2031 tum?

1821 2057 2024 2114 Eodem
2065 2061 2328 2115 nimirum
2371 2062 2629 2117 tendebat
2660 2063 2862 2120 Leonis
2899 2081 3076 2134 nuper
3110 2069 3410 2137 imperato-

1822 2149 1899 2204 ris
1933 2160 2201 2213 conatus,
2239 2161 2298 2205 ut
2349 2167 2449 2207 nos
2502 2168 2628 2208 eum
2689 2153 3044 2213 heterodoxis
3095 2175 3406 2215 sermonem

1821 2242 2202 2298 conferremus
2236 2244 2581 2315 disceptante
2619 2248 2712 2302 illo
2737 2267 2749 2303 :
2777 2258 2838 2304 ut
2883 2252 3219 2306 contrariam
3248 2255 3407 2308 nobis

1824 2336 2150 2389 sententiam
2194 2332 2383 2402 ferret,
2424 2338 2569 2392 sicut
2609 2341 2856 2408 putabat.
2883 2341 3027 2408 Quin
3067 2351 3120 2396 et
3148 2344 3269 2413 ejus
3312 2348 3406 2414 qui

1825 2441 1971 2480 nunc
2005 2426 2270 2494 imperat,
2324 2443 2480 2484 mens
2515 2431 2704 2485 eadem
2735 2415 2893 2497 .fuit,
2950 2449 3073 2487 cum
3128 2444 3254 2490 ante
3298 2445 3408 2490 tres

1823 2532 1999 2572 annos
2049 2519 2335 2574 nobiscum
2393 2535 2580 2574 coram
2621 2522 2752 2592 egit,
2801 2523 2874 2576 ita
2911 2532 3087 2578 tamen
3116 2535 3176 2580 ut
3200 2541 3410 2596 nequa-

1824 2626 1988 2680 quam
2021 2612 2262 2681 judiccm
2297 2629 2356 2668 se
2386 2613 2634 2668 futurum
2669 2615 2904 2677 diceret,
2943 2618 3036 2672 sed
3065 2619 3212 2673 hunc
3245 2630 3409 2689 atque

1825 2702 1976 2755 illum
2030 2703 2242 2757 scilicet
2288 2718 2355 2757 ex
2395 2705 2462 2758 iis
2513 2705 2608 2774 qui
2640 2705 2936 2761 nobiscum
2967 2708 3157 2763 eadem
3200 2712 3408 2765 sentic-

1824 2794 1976 2848 bant.
2012 2793 2117 2848 Sed
2148 2811 2326 2864 neque
2358 2811 2460 2850 nos
2493 2797 2589 2865 qui
2627 2808 2924 2865 praesentes
2951 2799 3268 2868 aderamus,
3306 2819 3409 2858 nc-

1824 2903 1932 2957 que
1962 2888 2199 2959 inclytus
2237 2889 2480 2957 pontifex
2519 2899 2708 2945 noster
2760 2891 2813 2945 id
2866 2893 3010 2954 tulit,
3048 2894 3251 2963 quippe
3302 2894 3409 2949 ini-

1825 2997 1994 3049 quum
2041 2993 2100 3035 et
2146 2981 2412 3048 alienum,
2447 2982 2595 3051 quod
2628 2998 2763 3037 sane
2795 2996 2983 3037 verum
3016 2995 3099 3038 est
3122 3025 3138 3047 ,
3186 2986 3410 3042 domine

1825 3073 1900 3126 mi
1925 3074 2413 3130 desideratissime.
2442 3074 2559 3128 Non
2591 3076 2739 3130 enim
2774 3075 2842 3131 de
2870 3076 3033 3131 rebus
3070 3079 3258 3132 saeculi
3285 3095 3410 3133 car-

1829 3167 2027 3236 nisque
2056 3181 2243 3222 sermo
2273 3176 2376 3234 est,
2400 3168 2466 3222 de
2496 3170 2699 3237 quibus
2733 3170 3015 3239 judicandi
3045 3186 3208 3240 penes
3238 3171 3410 3241 impe-

1828 3269 2065 3312 ratorem
2100 3267 2336 3328 potestas
2363 3269 2466 3324 est,
2492 3269 2547 3314 et
2577 3261 2846 3329 judicium
2882 3262 3143 3316 sazculare
3171 3279 3184 3315 :
3212 3264 3305 3318 sed
3343 3265 3410 3318 de

1828 3351 2030 3404 divinis
2067 3340 2130 3406 ac
2158 3351 2475 3407 caelestibus
2515 3352 2882 3422 dogmatibus,
2931 3368 3054 3421 qua:
3103 3354 3227 3408 aliis
3259 3370 3412 3410 com—

1831 3443 1994 3498 missa
2024 3458 2129 3496 non
2163 3455 2293 3498 sunt
2326 3459 2490 3513 quam
2520 3444 2585 3497 iis
2613 3445 2815 3513 quibus
2851 3444 2991 3498 Deus
3029 3445 3144 3514 ipse
3165 3444 3408 3500 Verbum

1829 3536 2002 3589 dixit:
2038 3535 2375 3604 Quaecunque
2431 3535 2721 3605 ligaveritis
2802 3552 2956 3604 super
3007 3546 3200 3588 terram
3252 3551 3407 3591 erunt

1827 3625 1995 3696 ligata
2051 3637 2100 3679 et
2148 3628 2202 3679 in
2251 3627 2376 3679 cazlo
2407 3642 2424 3679 :
2457 3637 2506 3680 et
2548 3643 2865 3696 qtta’cunque
2923 3627 3182 3681 solveritis
3253 3645 3412 3696 super

1831 3731 2049 3780 terram,
2084 3728 2236 3771 erunt
2269 3720 2444 3771 soluta
2471 3731 2518 3772 et
2551 3723 2605 3771 in
2632 3719 2758 3772 c0310
2784 3721 2825 3773 δ.
2869 3719 3100 3785 Quinam
3141 3731 3319 3776 autem
3353 3724 3408 3778 hi

1831 3821 1959 3864 sunt
1991 3811 2193 3879 quibus
2240 3812 2342 3863 hoc
2379 3811 2596 3878 jussum
2636 3811 2770 3872 fuit?
2818 3813 3063 3881 Apostoli
3112 3821 3164 3866 et
3216 3831 3406 3869 eorum

1830 3917 2196 3956 successores.
2234 3902 2465 3966 Quinam
2513 3917 2676 3970 porro
2726 3912 2854 3955 sunt
2889 3905 3278 3958 successores?
3307 3907 3408 3970 Qui

1831 3994 2132 4048 Romanam
2187 4010 2334 4047 nunc
2377 3996 2608 4064 primam
2659 3997 2840 4050 sedem
2873 4005 3057 4049 tenet:
3120 3999 3211 4066 qui
3261 3996 3407 4053 Cou-

1832 4087 2371 4154 8tantiuopolitanam
2406 4088 2739 4153 secundam;
2813 4105 2904 4157 qui
2940 4089 3362 4144 Alexandrinam
3392 4135 3406 4156 ,

1829 4189 1882 4231 et
1943 4177 2380 4239 Antiochenam,
2431 4185 2483 4229 et
2533 4177 2625 4244 qui
2663 4176 3235 4249 Hierosolymitanam,
3288 4179 3412 4233 llaec

1830 4269 2172 4338 quinivertex
2224 4275 2464 4337 potestas
2520 4267 2777 4322 Ecclesiae
2823 4287 2836 4322 :
2885 4285 3051 4338 penes
3115 4269 3218 4325 hos
3272 4272 3413 4325 divi-

1830 4375 2024 4413 norum
2079 4359 2392 4427 degmatum
2446 4357 2742 4423 judicium.
2819 4359 3213 4427 lmperatorum
3283 4377 3412 4416 vero

1830 4463 1883 4507 et
1916 4452 2208 4522 praesidum
2240 4460 2325 4505 est
2359 4466 2515 4518 opem
2571 4448 2730 4515 ferre,
2788 4460 2841 4504 et
2888 4454 3246 4522 comprobare
3290 4471 3412 4525 qua:

1831 4546 2049 4599 decreta
2098 4551 2264 4605 sunt,
2324 4552 2378 4595 et
2432 4543 2786 4596 reconciliare
2817 4544 2909 4612 qui
2959 4546 3256 4599 carnaliter
3296 4549 3410 4600 dis-

1827 4639 2004 4691 sident
2051 4652 2114 4690 ac
2162 4635 2497 4704 discrepant.
2557 4634 2710 4688 Haud
2787 4636 2931 4689 aliud
2988 4637 3282 4706 quidquam
3346 4640 3412 4694 de

1824 4731 2026 4784 divinis
2054 4729 2431 4795 dogmatibus,
2463 4743 2640 4797 neque
2674 4744 2703 4780 a
2738 4727 2849 4781 Deo
2878 4730 3137 4782 traditum
3172 4742 3276 4793 est,
3313 4747 3411 4785 nec

1826 4825 1872 4878 si
1905 4824 2016 4887 liat,
2047 4821 2232 4874 stabit.
2283 4821 2578 4890 Propterea
2610 4823 2840 4889 explosa
2866 4832 2918 4875 ct
2944 4822 3144 4891 rejecta
3183 4821 3409 4877 fuerunt

1827 4917 1971 4970 circa
2019 4915 2328 4968 divinarum
2390 4914 2690 4981 imaginum
2728 4915 2920 4980 dogma
2952 4954 2966 4976 ,
3022 4929 3084 4966 ea
3131 4930 3253 4983 qua:
3310 4918 3410 4969 sub

1827 5007 2190 5062 Constantino
2220 5005 2454 5074 quodam
2487 5014 2539 5057 et
2571 5004 2753 5057 Leone
2789 5005 2938 5073 regia
2972 5010 3212 5073 potentia
3237 5015 3407 5076 atque.

1827 5099 2056 5152 audacia
2111 5097 2165 5149 in
2213 5095 2580 5149 conciliabulo
2637 5103 2753 5147 acta
2806 5104 2859 5148 et
2928 5110 3208 5162 perperam
3264 5098 3410 5151 dicta

1829 5199 1975 5243 sunt.
2010 5189 2256 5254 Quorum
2300 5203 2466 5240 causa
2514 5186 2691 5239 divisa
2745 5186 2861 5240 haec
2922 5200 3108 5241 nostra
3169 5186 3408 5242 Ecclesia

1828 5281 1929 5336 fuit
1979 5298 2009 5336 a
2039 5281 2246 5336 caeteris
2268 5292 2524 5350 quatuor,
2580 5279 3054 5335 anatlicmatismis
3089 5279 3281 5334 affecta
3315 5297 3411 5350 pc-

1829 5378 2093 5431 rcnnibus
2126 5415 2140 5439 ,
2184 5375 2519 5443 approbante
2549 5371 2754 5443 Spiritu
2801 5384 3013 5427 sancto.
3067 5373 3195 5427 Post
3255 5376 3410 5438 lucc,

1829 5467 1938 5522 Deo
1972 5468 2286 5527 miserante.
2309 5476 2552 5519 erectum
2586 5473 2670 5517 est
2707 5478 2880 5517 cornu
2909 5465 3033 5518 lidei
3063 5466 3408 5533 orthodoxze,

1827 5577 2026 5632 magna
2059 5559 2212 5614 lrene
2248 5559 2537 5636 imperium
2570 5557 2852 5610 obtinente
2883 5571 3007 5609 cum
3038 5559 3262 5612 surculo
3288 5576 3410 5622 suo,

101 5680 219 5736 quo
267 5671 537 5728 tempore
570 5670 695 5724 qua:
735 5654 948 5711 divulsa
1001 5665 1158 5710 erant
1197 5658 1524 5712 coaluerunt
1580 5673 1755 5726 usque
1795 5656 1861 5709 ad
1913 5653 2224 5724 proximum
2277 5651 2512 5707 Leonem
2550 5671 2564 5705 :
2599 5649 2700 5704 sub
2729 5663 2837 5718 quo
2891 5649 3091 5704 iterum
3138 5650 3410 5725 discerpta

103 5767 192 5814 cst
220 5751 493 5810 Ecclesia
520 5757 804 5810 nostra,et
831 5751 899 5803 ab
925 5750 1120 5802 iisdem
1151 5753 1353 5818 pariter
1375 5753 1728 5806 anathemate
1766 5750 2022 5805 damnata

208 5857 229 5887 ι
267 5854 285 5907 ι
327 5849 558 5906 Thess.
607 5860 670 5904 ν.
707 5845 795 5900 15.
900 5846 1149 5901 “Matth.
1196 5867 1304 5913 xu,
1345 5848 1430 5903 l9.

416 5942 706 6000 ΡΑτιιοι..
751 5941 864 5998 Gn.
899 5940 1114 6000 XCIX.

2971 5936 3048 5996 45
