3964 6320
593 372 728 438 1419
1781 380 1839 438 S.
1871 376 2268 438 THEODORI
2308 377 2654 438 STUDlTAS
3753 379 3885 440 1490

653 475 805 535 I‘ieri
840 496 973 550 ergo
1009 479 1159 535 nulla
1207 480 1419 536 ratione
1453 489 1657 552 potest,
1698 482 1951 547 domine,
1982 494 2041 537 ut
2067 498 2165 537 sae-

2354 484 2661 554 ’Δμήχανον
2690 477 2785 536 οὖν
2828 483 2997 549 ἐστιν,
3032 478 3077 537 ὦ
3125 484 3389 549 δέσποτα,
3440 486 3717 558 βιωτικῷ
3762 506 3879 557 κρι-

589 575 764 629 culari
794 574 1004 643 judicio
1055 574 1300 628 divinum
1347 573 1622 644 judicium
1661 584 2034 645 comparetur,
2070 583 2167 629 aut

2277 575 2437 646 τηρίῳ
2459 574 2905 646 παραϐάλλεσθαι
2934 576 2995 628 τὸ
3010 574 3153 628 θεῖον
3168 577 3491 646 κριτήριον,
3518 577 3553 647 ἦ
3579 578 3878 645 συναφθῆ-

593 677 654 721 nt
697 667 972 730 coalescat
1028 665 1147 721 haec
1204 666 1451 721 Ecclesia
1511 680 1620 720 non
1692 666 2166 721 consentientibus

2277 685 2354 720 ναι
2385 668 2545 739 τήνδε
2577 668 2679 738 τὴν
2721 667 3071 738 Ἐκκλησίαν,
3103 668 3178 739 μὴ
3201 670 3324 739 οὐχὶ
3348 670 3757 737 ὁμονοούντων
3778 672 3878 723 τῶν

587 760 833 829 quinque
877 757 1231 828 patriarcltis.
1265 757 1421 825 Quod
1450 759 1495 815 si
1534 769 1688 830 roget
1713 759 2021 830 quispiam,
2053 774 2166 828 quo

589 865 749 922 pacto
792 855 849 909 id
898 855 1017 909 ﬁeri
1063 855 1280 925 possit?
1334 852 1393 909 Si
1431 856 1720 919 excedant,
1753 854 2019 925 inquam,
2071 852 2167 908 Dei

590 947 850 1002 Ecclesiis
884 947 1204 1002 heterodoxi
1231 988 1246 1011 ,
1298 955 1355 1000 et
1403 946 1679 1017 propriam
1710 945 1899 1001 sedem
1939 946 2170 1015 recipiat

588 1037 866 1106 quondam
896 1036 1238 1105 Nic-ephorus
1273 1052 1427 1091 sacer
1458 1039 1791 1108 patriarcha.
1826 1038 1951 1105 Qui,
1978 1049 2171 1095 coacto

588 1145 779 1185 eorum
824 1139 1099 1184 conventu
1159 1144 1285 1184 cum
1331 1130 1535 1199 quibus
1577 1140 1859 1186 certamen
1909 1132 2172 1187 sustinuit

593 1223 661 1279 (si
690 1221 805 1276 ﬂeri
852 1237 959 1277 non
1001 1224 1181 1291 possit
1214 1232 1271 1276 ut
1312 1222 1381 1276 ab
1421 1223 1546 1279 aliis
1601 1222 1943 1293 patriarchis
1989 1224 2173 1279 adsint

592 1312 818 1375 vicarii,
850 1313 997 1382 quod
1031 1323 1179 1368 certe
1207 1313 1325 1369 ﬁeri
1360 1322 1577 1383 p0test,
1616 1315 1829 1386 sivclit
1872 1316 2170 1389 imperator

592 1403 998 1459 Occidentalcm
1036 1404 1327 1471 interesse,
1361 1406 1449 1461 cui
1479 1416 1529 1462 et
1561 1416 1807 1476 potestas
1839 1422 2054 1462 summa
2076 1407 2171 1462 de-

594 1495 966 1565 fertursynodi
991 1496 1390 1566 mcumenicae),
1420 1505 1657 1550 attamen
1700 1511 1886 1566 pacem
1917 1497 2174 1552 conficiat

590 1595 645 1639 et
674 1586 1120 1654 conjunctionem
1149 1626 1164 1647 .
1215 1588 1502 1658 synodicas
1535 1604 1665 1643 suas
1697 1588 1767 1643 ad
1801 1589 1995 1658 prima:
2023 1590 2171 1645 sedis

589 1678 879 1746 praesulem
945 1678 1233 1733 mittendo.
1295 1678 1452 1745 Quod
1496 1681 1545 1736 si
1588 1681 1695 1736 hoc
1746 1682 1976 1736 minime
2038 1697 2171 1752 pro—

590 1768 684 1825 bet
735 1771 1070 1842 imperator,
1112 1772 1482 1843 deﬂexitque,
1533 1783 1593 1828 ut
1662 1774 1779 1844 ipse
1831 1775 1945 1842 ait,
1994 1790 2026 1828 a
2075 1790 2170 1829 re-

2268 761 2432 812 πέντε
2481 760 2863 831 πατριαρχῶν.
2916 761 2979 813 Εἰ
3042 762 3101 815 δέ
3136 778 3221 824 τις
3271 762 3520 831 ἐρωτοίη
3593 764 3707 817 καὶ
3764 764 3877 825 πῶς

2268 851 2541 922 ἐνδέχεται
2566 850 2726 905 τοῦτο
2755 852 3048 922 γενέσθαιο
3083 853 3161 924 τῷ
3201 856 3465 926 ἐκστῆναι
3513 857 3659 920 τοὺς
3692 859 3876 926 ἑτερο-

2269 944 2455 1010 δόξους
2497 946 2608 999 τῶν
2654 945 2750 1000 τοῦ
2805 946 2938 1000 Θεοῦ
2986 947 3354 1019 Ἐκκλησιῶν·
3409 950 3513 1002 καὶ
3561 949 3875 1003 ἀπολαϐεῖν

2272 1036 2366 1086 τὸν
2397 1036 2597 1089 οἰκεῖον
2624 1035 2815 1106 θρόνον
2836 1036 3151 1108 Νικηφόρον
3171 1037 3263 1091 τὸν
3301 1038 3449 1108 ἱερὸν
3478 1041 3873 1109 πατριάρχην*

2270 1123 2330 1187 ὃς
2381 1125 2742 1195 συνεδρεύσας
2804 1126 2922 1196 μεθ’
2972 1120 3048 1180 ὧν
3080 1128 3417 1197 συνήθλησεν
3447 1130 3530 1199 (εί
3581 1131 3697 1182 οὐκ
3730 1131 3873 1182 ἑνδέ-

2272 1234 2429 1288 χεται
2448 1219 2514 1270 ἐκ
2541 1218 2651 1271 τῶν
2673 1218 2848 1273 ἄλλων
2870 1221 3228 1291 πατριαρχῶν
3253 1225 3525 1291 παρεῖναι
3550 1223 3873 1293 ἀντιπροσ-

2271 1310 2475 1375 ώπους.
2513 1312 2690 1382 Ὅπερ
2739 1311 2965 1367 δυνατόν
2997 1314 3169 1379 ἐστιν,
3201 1315 3248 1367 εί
3291 1313 3438 1367 Θέλοι
3468 1314 3751 1384 βασιλεὺς
3787 1316 3873 1369 τὸν

2272 1403 2334 1454 ἐκ
2362 1402 2579 1466 Adesto;
2612 1405 2913 1474 napai‘vat.‘
2948 1396 2993 1470 ᾧ
3036 1404 3135 1456 καὶ
3166 1403 3226 1457 τὸ
3271 1404 3480 1474 κράτος
3521 1405 3872 1475 ἀναφέρεται

2271 1495 2370 1564 τῆς
2400 1496 2792 1567 οἰκουμενικῆς
2828 1494 3099 1567 συνόδου),
3154 1497 3498 1566 ἀποπεράνοι
3550 1498 3626 1551 ἂν
3687 1498 3754 1551 τὸ
3779 1498 3872 1567 τῆς

2272 1590 2520 1661 εἰρήνης,
2549 1589 2725 1643 καὶτὸ
2746 1588 2849 1659 τῆς
2869 1589 3169 1658 συναφείας
3199 1589 3642 1661 βραδευτήριον,
3678 1592 3869 1661 δηλον-

2272 1684 2354 1735 ότι
2395 1682 2464 1736 δι’
2512 1681 2732 1736 οἰκείων
2765 1682 3060 1737 συναδικῶν
3084 1682 3577 1752 ἁποστελλομένων
3606 1683 3697 1752 τῷ
3720 1701 3869 1751 πρω-

2273 1776 2533 1847 τοθρόνῳ.
2569 1777 2633 1830 Εἰ
2680 1776 2739 1830 δὲ
2791 1776 2853 1829 οὐ
2885 1776 3045 1830 τοῦτο
3085 1776 3449 1830 καταδεκτέον
3487 1776 3573 1846 τῷ
3632 1777 3867 1847 βασιλεῖ,

590 1864 755 1918 ritate
780 1862 1128 1932 Nicephorus
1158 1864 1470 1934 patriarcha
1497 1882 1512 1919 :
1545 1866 1811 1921 mittenda
1844 1878 1928 1922 est
1959 1868 2027 1921 ad
2060 1866 2170 1921 llo-

2277 1869 2373 1920 καὶ
2425 1867 2500 1931 ῶς
2530 1884 2666 1938 φησι
2716 1869 3048 1940 παρετράπη
3101 1868 3201 1921 σὺν
3253 1870 3389 1938 ἡμῖν
3442 1870 3549 1939 τῆς
3602 1869 3868 1941 ἀληθείας

592 1973 821 2012 manum
856 1975 921 2012 ex
962 1970 1195 2028 utraque
1229 1969 1384 2027 parte
1411 1960 1611 2030 legatio
1636 2002 1651 2025 ,
1695 1971 1745 2015 et
1775 1962 1898 2015 inde
1928 1962 2054 2032 fidei
2083 1979 2174 2017 ac-

591 2052 835 2120 cipienda
877 2053 1160 2107 certitudo.
1200 2051 1415 2107 Etenim
1467 2054 1547 2108 sic
1596 2069 1682 2108 res
1730 2053 1938 2119 habet,
1976 2065 2073 2122 ut,
2126 2055 2171 2111 si

591 2145 807 2201 aberret
841 2163 985 2201 unus
1016 2162 1046 2201 e
1076 2147 1433 2215 patriarcliis,
1471 2162 1501 2200 a
1543 2146 1757 2202 caeteris
1795 2146 2045 2217 ejusdem
2081 2162 2174 2201 or-

590 2237 769 2301 dinis,
824 2239 1287 2306 quemadmodum
1339 2239 1565 2293 divinus
1620 2236 1917 2310 Dionysius
1967 2239 2172 2306 tradit,

589 2328 995 2383 correctionem
1022 2328 1299 2393 admittat,
1337 2343 1446 2382 non
1486 2328 1555 2383 ab
1588 2328 2009 2397 imperatoribus
2033 2331 2176 2399 judi-

591 2429 1114 2489 cctur:exsurgant
1169 2420 1298 2475 licet
1348 2435 1539 2475 omnes
1591 2429 1864 2490 quotquot
1927 2437 2171 2490 unquam

591 2512 819 2567 fuerunt
886 2514 1250 2579 imperatores
1296 2512 1608 2567 orthodoxi.
1664 2512 1840 2581 Atque
1891 2513 1995 2567 hoc
2039 2528 2173 2569 sane

591 2613 760 2673 caput
801 2603 1086 2673 despicere
1138 2603 1366 2657 minime
1409 2602 1573 2656 debet
1618 2603 1915 2672 imperator
1966 2613 2171 2673 noster,

592 2694 689 2749 sed
737 2704 865 2749 ante
896 2693 1079 2747 omnia
1115 2694 1298 2764 magni
1347 2692 1532 2747 facere
1607 2693 1663 2747 in
1711 2709 1821 2764 quo
1869 2704 1923 2749 et
1961 2695 2173 2765 imperii

592 2785 849 2851 felicitas,
899 2795 953 2839 ct
994 2786 1145 2855 jnste
1192 2785 1459 2855 regnandi
1514 2801 1717 2841 munus
1771 2787 2011 2855 positum
2064 2794 2171 2842 est.

593 2878 757 2932 Aliud
796 2878 932 2931 nihil
965 2879 1235 2932 sentimus
1264 2891 1367 2933 nos
1398 2877 1635 2932 humiles
1667 2886 1723 2933 et
1752 2878 1979 2948 indigni,
2012 2895 2177 2934 oran-

598 2979 682 3024 tes
728 2984 830 3039 pro
882 2970 1144 3039 optabilis
1179 2970 1303 3024 vitae
1351 2978 1458 3023 tuae
1497 2969 1878 3039 prosperitate.
1931 2969 1987 3025 Si
2045 2973 2174 3041 quid

596 3061 835 3132 denique
866 3062 995 3118 huic
1027 3061 1276 3131 epistolae
1303 3060 1489 3127 deest,
1541 3061 1610 3116 de
1636 3076 1704 3116 eo
1737 3063 2173 3118 venerandorum

593 3150 954 3221 vestigiorum
1014 3159 1235 3204 tuorum
1282 3148 1540 3203 adorator
1583 3149 1903 3206 tabellarius
1948 3167 2175 3224 respon-

597 3241 767 3299 debit.

844 3352 1059 3409 CXXX.
1085 3384 1155 3395 --
1178 3352 1553 3409 Cizarensium
1586 3355 1933 3419 fraternitati.

2273 1958 2590 2029 Νικηφόρος
2642 1961 2670 2012 ὁ
2701 1960 2989 2030 πρόεδρος,
3038 1959 3100 2024 ἐξ
3143 1961 3405 2030 ἐκατέρου
3458 1962 3680 2031 μέρους
3736 1963 3867 2015 ἁπο-

2273 2050 2529 2103 στα).τέον
2563 2050 2703 2120 πρὸς
2742 2050 2832 2103 τὸν
2879 2051 3125 2120 Ῥώμης.
3164 2051 3451 2105 Κάκεῖθεν
3481 2051 3770 2121 δεχέσθω
3805 2051 3866 2105 τὸ

2272 2143 2555 2213 ἀσφαλὲς
2590 2142 2700 2212 τῆς
2731 2135 3014 2210 πίστεως.
3049 2144 3164 2197 Καὶ
3221 2144 3330 2213 γὰρ
3376 2144 3557 2207 οὕτως
3605 2146 3770 2215 ἔχει·
3820 2148 3863 2197 εί

2276 2238 2613 2308 παρατραπῇ
2646 2228 2730 2299 εἷς
2758 2236 2824 2289 ἐκ
2854 2236 2965 2289 τῶν
2994 2234 3356 2306 πατριαρχῶν
3375 2234 3487 2288 ὑπὸ
3512 2235 3631 2288 τῶν
3664 2237 3861 2303 ὁμοτα-

2272 2329 2406 2398 γῶν,
2440 2328 2582 2383 καθά
2606 2331 2815 2401 φησινό
2840 2330 2982 2392 θεῖος
3018 2329 3319 2391 Διονύσιος,
3339 2329 3441 2400 τὴν
3473 2330 3861 2401 ἐπανόρθωσιν

2273 2421 2566 2493 λήψεσθαι,
2594 2424 2693 2493 οὐχ
2719 2422 2827 2475 ὑπὸ
2860 2422 3126 2493 βασιλέων
3157 2422 3471 2495 κρίνεσθαι·
3516 2424 3634 2477 κᾶν
3673 2425 3862 2489 ἐξανα-

2276 2500 2457 2566 στῶσι
2473 2513 2677 2577 πάντες
2696 2514 2747 2566 οἱ
2763 2513 3223 2585 ὀρθοδοξήσαντες
3242 2513 3485 2585 βασιλεῖς
3508 2532 3524 2545 ·
3554 2516 3659 2568 καὶ⁸
3675 2514 3859 2567 τούτου

2272 2606 2368 2661 τοῦ
2424 2607 2723 2676 κεφαλαίου
2765 2608 2865 2660 οὐκ
2912 2607 3120 2675 ὀφείλει
3168 2607 3459 2675 ἀφειδῆσαι
3518 2608 3550 2660 ὁ
3606 2608 3860 2678 βασιλεὺς

2273 2698 2451 2767 ήμῶν.
2495 2698 2656 2752 Ἀλλὰ
2708 2699 2803 2753 καὶ
2838 2698 2948 2770 πρὸ
2997 2699 3216 2753 πάντων
3247 2716 3312 2768 γε
3348 2700 3651 2769 φροντίσαι
3676 2716 3696 2733 ο
3741 2700 3797 2753 ἓν
3820 2693 3859 2767 ᾧ

2273 2792 2371 2845 καὶ
2399 2792 2460 2845 τὸ
2491 2791 2767 2860 βασίλειον
2809 2792 3085 2863 μακάριον
3110 2809 3123 2822 ο
3156 2793 3250 2844 καὶ
3275 2791 3339 2844 τὸ
3372 2790 3697 2860 βασιλεύειν
3721 2792 3856 2844 ἐννό-

2278 2898 2393 2950 μως
2421 2880 2746 2951 δεδώρηται.
2785 2880 2949 2934 Ἀλλο
2978 2896 3032 2932 τι
3079 2880 3140 2933 οὐ
3188 2879 3500 2952 φρονοῦμεν
3536 2882 3588 2933 οἱ
3618 2884 3859 2935 ταπεινοὶ

2275 2973 2372 3025 καὶ
2431 2972 2671 3037 ἀνάξιοι·
2731 2973 3157 3044 ὑπερευχόμενοι
3208 2972 3306 3043 τῆς
3368 2972 3722 3025 πολυεύκτου
3776 2989 3859 3024 σου

2277 3064 2529 3128 εὐζωτας.
2583 3064 2647 3117 Εἰ
2699 3064 2754 3118 δέ
2808 3082 2861 3118 τι
2896 3065 3113 3129 ἐλλιπὲς
3150 3065 3209 3115 ἐν
3260 3066 3375 3127 τοῖς
3431 3066 3793 3135 γράμμασιν,
3836 3065 3861 3115 ὁ

2276 3157 2673 3228 προσκυνητὴς
2711 3156 2821 3211 τῶν
2858 3157 3060 3228 τιμίων
3097 3174 3193 3210 σου
3227 3157 3389 3227 ἰχνῶν
3437 3157 3543 3210 καὶ
3571 3157 3861 3227 ἒπιστολη-

2204 3230 2247 3290 C
2280 3248 2443 3320 φόρος
2476 3249 2897 3321 ἀπολογήσεται.

2454 3362 2556 3416 ΡΝ
2592 3362 2726 3433 (26).
2756 3393 2828 3403 —-
2856 3361 2937 3431 Τῆ
2958 3362 3321 3432 ἀδελφότητι
3344 3361 3637 3431 Κιζάρων.
3674 3360 3856 3434 [χπδ.]

1614 3468 1693 3546 De
1723 3468 1861 3519 obitu
1888 3470 2097 3534 abbatis,
2122 3487 2272 3536 quem
2318 3490 2619 3541 magnOpere
2652 3478 2834 3526 laudat.

668 3581 904 3644 Nuntius
919 3581 1266 3636 dormitionis
1282 3581 1584 3651 spiritualis
1605 3581 1782 3639 Patris
1806 3585 1979 3639 nostri
2007 3601 2070 3640 ac
2097 3602 2181 3642 ve-

597 3676 718 3743 stri,
742 3676 1085 3731 dilectissimi
1110 3675 1328 3740 fratres,
1348 3677 1588 3730 animam
1607 3687 1846 3731 nostram
1861 3688 2178 3733 consterna-

600 3770 700 3835 vit,
734 3778 793 3824 ut
821 3785 918 3839 par
941 3778 1077 3833 erat,
1102 3769 1472 3839 acerbumque
1503 3769 1765 3840 gemitum
1817 3772 2041 3836 elicuit,
2070 3788 2179 3827 non

597 3862 803 3915 mortui
837 3877 1038 3927 causa;
1078 3862 1270 3918 beatus
1298 3864 1446 3918 enim
1480 3862 1593 3927 ille,
1626 3864 1721 3932 qui
1749 3862 1967 3917 beatam
2003 3865 2191 3920 vitam

597 3956 1005 4009 consummavit
1035 3954 1520 4024 :quandoquidem
1568 3965 1622 4007 et
1672 3954 1875 4022 probus
1907 3953 2010 4008 fuit
2057 3970 2177 4009 mo-

597 4046 813 4101 nacltus
847 4056 901 4101 et
936 4047 1197 4116 praeclare
1227 4061 1285 4101 se
1314 4046 1562 4101 exercuit
1594 4062 1766 4116 usque
1810 4048 1878 4101 ad
1915 4048 2127 4101 senium
2159 4088 2175 4113 ,

595 4139 852 4209 quodque
883 4149 1049 4209 caput
1081 4147 1186 4205 est,
1228 4139 1589 4195 orthodoxam
1629 4138 1789 4193 ﬁdem
1837 4155 2176 4197 conservans

596 4234 741 4289 inter
768 4232 1181 4302 persecutiones
1200 4244 1254 4287 et
1288 4243 1572 4303 susceptas
1598 4248 1698 4303 pro
1720 4241 1869 4288 recto
1899 4249 2176 4289 aerumnas

601 4325 839 4381 excessit
902 4340 933 4380 e
987 4327 1100 4380 vita
1137 4365 1153 4391 ,
1210 4327 1439 4397 justitiae
1496 4326 1902 4396 quodammodo
1957 4337 2179 4397 propter

595 4415 798 4472 Christi
826 4415 1234 4473 confessionem
1263 4433 1467 4472 corona
1504 4418 1792 4471 redimitus
1818 4435 1832 4471 :
1861 4416 1957 4473 sed
1996 4420 2173 4473 nostri

594 4522 795 4574 causa,
845 4516 941 4563 aut
989 4508 1160 4563 vestri
1236 4509 1481 4578 ipsorum
1520 4509 1734 4577 potius,
1771 4510 1864 4578 qui
1920 4509 2169 4564 derelicti

595 4601 764 4665 estis,
818 4601 961 4655 velut
1007 4615 1137 4670 grex
1178 4600 1307 4655 boni
1358 4602 1596 4672 pastoris
1640 4603 1793 4657 obitu
1856 4605 2169 4661 destitutus.

596 4689 892 4746 Enimvero
969 4693 1508 4748 commiserationem
1576 4693 1931 4762 doloremque
1991 4696 2173 4751 cordis

595 4792 861 4853 provocat
912 4784 1165 4853 praesulis
1195 4786 1503 4840 recordatio
1530 4824 1546 4850 ,
1592 4784 1990 4859 dutn‘animum
2028 4788 2173 4841 subit

2364 3591 2431 3645 Ἦ
2493 3590 2719 3659 ἀγγελία
2776 3592 2876 3661 τῆς
2953 3591 3265 3661 κοιμήσεως
3322 3587 3420 3639 τοῦ
3485 3586 3857 3657 πνευματικιῦ

2282 3683 2441 3756 ήμῶν
2499 3687 2591 3736 καὶ
2653 3682 2808 3753 ὑμῶν
2880 3683 3130 3753 Πατρὸς,
3195 3680 3584 3750 ἠγαπημένοι
3622 3680 3856 3745 ἀδελφοὶ,

2283 3778 2545 3849 ὲθρόησεν
2595 3777 2753 3846 ἡμῶν
2790 3775 2890 3845 τὴν
2943 3775 3143 3846 ψυχὴν,
3189 3774 3266 3837 ὡς
3303 3774 3364 3826 τὸ
3410 3774 3587 3839 εἰκὸς,
3638 3776 3737 3827 καὶ
3788 3775 3859 3834 εἰς

2284 3867 2586 3938 στεναγμὸν
2618 3869 2794 3938 ήγαγε
2820 3868 3130 3921 θλιπτικόν·
3155 3867 3215 3919 οὐ
3249 3865 3340 3919 διὰ
3363 3865 3457 3918 τὸν
3482 3866 3853 3937 κοιμηθένταο

2284 3962 2552 4031 μακάριος
2605 3964 2715 4029 γὰρ
2775 3962 2985 4023 ἐκεῖνος
3048 3959 3304 4031 μακαρίῳ
3357 3958 3467 4028 βίῳ
3528 3958 3854 4017 τελειωθεᾶ.

2280 4053 2469 4122 ἐπειδὴ
2506 4052 2600 4106 καὶ
2646 4054 2895 4122 μονάζων
2943 4052 3202 4123 δόκιμος’
3232 4052 3327 4105 καὶ
3369 4051 3478 4114 ἕως
3520 4053 3737 4122 γήρους
3778 4051 3853 4113 ἐξ·

2278 4144 2539 4216 ησκηκὼς
2559 4145 2900 4218 ἄριστα,νκαὶ
2919 4144 2979 4197 τὸ
2996 4145 3318 4213 κεφάλαιον,
3342 4142 3760 4217 πεφυλαγμένη
3776 4147 3852 4196 καὶ

2278 4237 2545 4309 ὀρθοδόξῳ
2597 4239 2778 4292 πίστει
2810 4239 2951 4308 μετὰ
2999 4238 3256 4308 διωγμῶν
3284 4239 3381 4291 καὶ
3427 4237 3543 4290 τῶν
3596 4237 3743 4308 ὑπὲρ
3772 4236 3850 4290 τοῦ

2278 4329 2446 4383 καλοῦ
2480 4330 2864 4403 ταλαιπωριῶν
2915 4329 3252 4400 ἐξεληλυθὼς
3300 4329 3411 4382 τῶν
3468 4317 3717 4398 ἐνθένδε,
3772 4330 3851 4382 καὶ

2276 4427 2443 4481 οἱονεὶ
2486 4424 2938 4495 ἐστεφανωμένος
2969 4426 3069 4495 τῆς
3104 4425 3246 4494 ὑπὲρ
3281 4423 3532 4494 Χριστοῦ
3569 4425 3851 4494 ὁμολογίας

2275 4515 2594 4587 δικαιοσύνῃ
2616 4530 2629 4545 ·
2660 4514 2798 4568 ἀλλὰ
2831 4514 2900 4567 δι’
2951 4515 3121 4585 ἡμᾶς,
3157 4512 3365 4584 μᾶλλον
3412 4512 3471 4565 δὲ
3496 4514 3653 4583 ὑμᾶς
3674 4515 3849 4575 αὐτοὺς

2277 4607 2417 4681 [εοιλ.
2482 4608 2611 4680 Reg.
2664 4608 2759 4662 καὶ
2825 4605 2975 4677 τοὺς]
3028 4605 3395 4675 ὲναφεθέντας
3457 4604 3538 4668 ὡς
3617 4607 3847 4676 ποίμνιον

2272 4697 2624 4767 ἠπορημένον
2670 4699 2735 4767 τῇ
2787 4695 2881 4748 τοῦ
2939 4694 3107 4748 καλοῦ
3165 4696 3430 4764 ποιμένος
3501 4697 3844 4763 μεταστάσει.

2281 4790 2389 4841 Καὶ
2421 4789 2529 4859 γὰρ
2566 4787 2715 4842 ἕλκει
2750 4787 2886 4859 πρὸς
2916 4783 3099 4840 οἶκτον
3125 4787 3220 4840 καὶ
3252 4788 3603 4857 συντριμμὸν
3638 4789 3845 4859 καρδίας

597 4874 907 4944 cujusmodi
940 4875 1104 4931 fuerit
1135 4878 1253 4947 ejus
1294 4879 1347 4932 in
1397 4879 1629 4932 Domino
1671 4879 1995 4948 gubernatio
2024 4902 2033 4933 :
2064 4897 2173 4949 quo

2278 4884 2311 4951 ἡ
2369 4879 2460 4932 τοῦ
2506 4880 2851 4949 προεστῶτος
2910 4880 3124 4951 μνήμη,
3188 4879 3665 4952 ἀναθεωρουμένη
3727 4884 3845 4935 κατά

598 4977 757 5033 pacto
805 4966 954 5021 ltunc
1004 4967 1225 5037 quidem
1272 4970 1572 5037 collapsum
1627 4970 1906 5024 solabatnr
1938 5010 1953 5036 ,
2021 4970 2173 5023 illum

596 5074 728 5113 vero
758 5059 1101 5129 pervicacem
1162 5060 1527 5131 objurgabat:
1571 5061 1738 5115 alium
1791 5059 1949 5115 frena
1998 5065 2178 5115 dett-e—

599 5159 839 5205 ctantem
875 5152 1217 5213 hortabatur,
1249 5155 1414 5206 alium
1467 5163 1865 5223 torpescentcm
1884 5153 2175 5219 excitabat,

599 5244 1019 5299 mansuetudine
1054 5255 1108 5299 et
1133 5247 1388 5314 aequitate
1424 5261 1620 5314 regens
1652 5246 1719 5299 ad
1764 5246 1934 5314 ipsius
1965 5245 2175 5299 Domini

600 5335 937 5403 exemplum,
970 5335 1062 5405 qui
1094 5337 1233 5391 dixit
1262 5353 1278 5391 ε
1312 5336 1513 5391 Discite
1545 5353 1576 5387 a
1608 5352 1688 5389 me
1725 5338 1849 5406 quia
1877 5337 2020 5390 mitis
2055 5353 2173 5390 sum

598 5434 648 5477 et
682 5424 898 5479 Immitis
938 5428 1132 5481 σοι-(18⁵
1162 5446 1177 5483 :
1213 5438 1375 5498 atque
1403 5427 1456 5481 in
1489 5428 1741 5482 omnibus
1775 5429 2015 5494 demunt,
2048 5430 2172 5496 qui-

600 5514 704 5569 bus
742 5515 797 5569 in
843 5517 1025 5573 medio
1060 5527 1301 5573 vestrum
1337 5516 1483 5573 velut
1514 5517 1671 5573 stella
1703 5520 1969 5573 matutina
2007 5518 2169 5574 reful-

675 5630 696 5661 ⁸
726 5628 916 5687 Matth.
950 5648 1029 5698 χι,
1060 5631 1151 5687 29.

2277 4969 2438 5021 τόπον
2472 4971 2564 5021 καὶ
2595 4969 2793 5039 τρόπον
2836 4968 2938 5039 τῆς
2992 4971 3049 5020 ἐν
3096 4970 3286 5040 Κυρίῳ
3324 4972 3717 5042 ἁφηγήσεωςι
3747 4973 3844 5031 πῶς

2276 5061 2335 5113 ὃν
2373 5061 2469 5131 μὲν
2531 5060 2837 5131 παρεκάλει
2895 5061 3313 5128 συμπίπτοντα·
3348 5063 3410 5116 ὃν
3464 5065 3524 5116 δὲ
3554 5066 3840 5134 ἐπέπληττε

2277 5149 2717 5218 θρασυνόμενον·
2779 5148 2966 5217 ἓτερον
3016 5150 3420 5219 προσεκαλεῖτο
3470 5154 3840 5223 ἀφηνιάζοντα,

2278 5242 2373 5294 καὶ
2432 5240 2588 5293 ἄλλον
2652 5240 2896 5303 διύπνιξε
2951 5240 3380 5311 νωορευόμενον,
3442 5247 3722 5316 πραότητι
3770 5248 3843 5297 καὶ

2280 5333 2551 5399 ἐπιεικείᾳ
2579 5332 2797 5397 διέπων,
2824 5330 2968 5384 κατὰ
3004 5332 3239 5401 μίμησιν
3269 5334 3443 5388 αὑτοῦ
3482 5338 3583 5391 τοῦ
3623 5338 3841 5395 εἰπόντος

2281 5426 2557 5478 Δεσπὸτου
2586 5442 2601 5457 ο
2634 5423 2863 5479 Μάθετε
2900 5424 3001 5478 ἀπ’
3036 5423 3184 5492 ἐμοῦ
3225 5425 3319 5479 ὅτι
3366 5427 3571 5497 πρᾶός
3613 5434 3727 5500 εἰμι
3763 5431 3837 5481 καὶ

2278 5518 2561 5585 ταπεινὸς
2587 5517 2660 5587 τῇ
2708 5516 2916 5587 καρδίᾳ
2938 5535 2958 5584 ;
3002 5520 3094 5572 καὶ
3121 5517 3312 5584 ἁπλῶς
3361 5523 3423 5576 ὲν
3459 5527 3631 5579 πᾶσιν
3682 5519 3752 5588 οἷς
3775 5522 3838 5576 δι-

2123 5725 2355 5781 NOTAE.

594 5876 607 5883 ,,
676 5815 786 5883 (96)
812 5817 868 5869 In
902 5818 1021 5871 cod.
1056 5818 1186 5886 Reg.
1214 5822 1350 5887 ρμέ.
