3964 6320
140 395 266 460 1421

1313 383 1847 446 EPISTULARUM
1901 382 2048 445 LIB.
2100 382 2180 440 ΙΙ.

3231 382 3366 445 1422

130 513 366 578 ἐπρεπεν
396 508 454 560 ἐν
495 511 645 577 μέσῳ
674 506 826 577 ὑμῶν
848 503 922 567 ὡς
961 502 1180 565 ἑωθινὸς
1212 502 1388 574 ἀστήρ
1413 518 1427 532 ο
1458 502 1695 554 ἄλλωστε

1813 501 1873 554 sit
1901 517 1913 550 :
1943 515 2070 554 cum
2114 498 2412 567 praesertim
2457 513 2524 551 ex
2567 496 2824 553 diuturna
2863 501 3026 554 etiam
3069 514 3368 556 consuetu-

131 603 226 655 καὶ
258 600 335 670 τῷ
374 599 709 669 πολυχρονίῳ
732 599 842 651 ἔθει
863 637 878 661 ,
915 595 1166 666 βαρύνειν
1195 594 1354 647 εἴωθε
1387 595 1487 664 τὴν
1515 593 1694 663 ψυχὴν

137 690 342 760 σφόδρα.
365 690 393 741 ὁ
431 690 525 740 τοῦ
553 688 769 758 [ἰατρὸς
800 686 1100 757 χωρισμός.
1649 703 1656 710 -

210 781 373 833 Ἀλλά
402 780 454 832 τί
497 782 823 850 ποιήσομεν,
865 777 1105 845 ἀδελφοὶ,
1135 777 1282 846 πρὸς·
1325 776 1491 846 νόμον
1553 772 1691 827 Θεοῦ

130 873 271 924 οὕτω
303 872 593 924 κελεύοντα
616 889 630 900 ·
666 870 756 938 Γῆ
785 866 857 932 εἷ,
895 869 995 922 καὶ
1061 871 1148 934 εὶς
1180 867 1296 937 γῆν
1347 867 1694 932 dwelt-213071;

136 965 337 1034 μᾶλλον
362 964 418 1017 δὲ
452 963 686 1034 ἐκδημία
743 961 878 1031 πρὸς
914 961 1139 1030 Κύριον,
1173 963 1205 1028 ἠ
1227 959 1521 1024 διάζευξις.
1566 958 1698 1009 Ἐπ-

133 1054 346 1124 ετράπη
382 1055 480 1124 τὴν
537 1054 893 1123 μετάστασιν,
952 1051 1044 1103 καὶ
1075 1049 1265 1119 ἐξῆλθε
1295 1049 1388 1101 τοῦ
1422 1047 1692 1116 σώματος.

143 1144 446 1214 Ἐχωρίσοη
496 1145 589 1211 ἀφ’
643 1142 816 1211 ὑμῶν,
874 1141 969 1207 καὶ
1019 1139 1323 1210 προσετέθη
1382 1137 1522 1206 πρὸς
1571 1135 1699 1196 τοὺς

134 1238 376 1304 πατέρας
422 1235 610 1288 αὐτοῦ.
642 1234 820 1287 Καλὸν
875 1233 1182 1301 ὑπόδειγμα
1217 1231 1307 1283 τὸν
1359 1227 1553 1281 ἑαυτοῦ
1586 1226 1699 1296 βίον

132 1329 229 1396 τῆς
259 1327 462 1396 ἀρετῆς
506 1325 760 1395 ὁμοίωσιν
814 1320 1290 1392 ἐγκαταλελοιπὼς
1338 1320 1488 1387 ύμῖν.
1517 1317 1580 1371 Τί
1606 1317 1698 1369 οῦν

132 1420 319 1473 λοιπόν
351 1421 470 1471 ἐστι
502 1419 560 1470 τὸ
593 1418 961 1487 ζητούμενον;
992 1415 1087 1476 Εἰς
1125 1414 1352 1474 ἑαυτοὺς
1379 1413 1520 1480 ὑμᾶς
1543 1409 1697 1478 γενέ-

135 1511 279 1577 σθαι,
316 1512 412 1563 καὶ
460 1507 1122 1581 παρακαλέσαιάλλήλους
1148 1509 1205 1558 ὲν
1236 1505 1512 1574 Πνεύματι
1536 1503 1694 1572 ἁγίῳ.

133 1606 244 1656 Καὶ
271 1604 454 1664 καθὼς
486 1605 612 1671 ὑμῖν
643 1604 794 1654 εἴασε
826 1602 918 1653 τὸν
958 1600 1148 1669 κύριον
1212 1597 1493 1650 ’Λντώνιον
1560 1594 1696 1648 καθ·

133 1693 466 1762 ηγούμενον,
496 1691 574 1760 τῷ
610 1689 758 1760 αὐτῷ
795 1687 983 1742 κανόνι
1018 1687 1249 1748 καὶτοῖς
1297 1685 1480 1744 αὐτοῖς
1528 1683 1700 1749 ἴχνεσι

132 1786 230 1854 τῆς
295 1783 577 1844 εὐσεϐείας
645 1779 995 1850 ἀπάρξασθαι
1071 1778 1214 1847 ὑμᾶς
1295 1771 1697 1832 πολιτεύεσθαι,

1795 593 1922 646 dine
1955 607 2183 662 gravare
2226 591 2468 644 animum
2518 593 2866 646 vehementer
2917 593 3092 648 soleat
3141 603 3368 663 paterna

1796 685 2092 754 separatio.
2820 702 2826 705 ·

1871 773 1978 826 Sed
2027 772 2156 842 quid
2213 787 2465 840 agemus,
2519 770 2736 837 fratres,
2785 774 3045 829 adversus
3083 773 3176 828 Dei
3199 774 3366 843 legem

1797 865 1879 920 sic
1935 865 2336 934 praecipientem
2366 885 2379 920 :
2433 866 2600 921 Terra
2637 882 2712 930 es,
2745 878 2796 919 et
2823 869 2880 920 in
2913 878 3111 921 terram
3143 877 3368 920 reverte-

1799 951 1875 1006 ris
1905 952 1976 1004 ⁸ιῖ
2002 951 2144 1016 Quin
2177 954 2357 1022 potius
2401 954 2663 1024 profectio
2687 964 2772 1011 est
2796 956 2865 1009 ad
2906 955 3218 1018 Dominum,
3257 958 3373 1011 haec

1798 1044 2112 1110 disjunctio.
2142 1043 2332 1099 Jussus
2361 1056 2445 1101 est
2475 1049 2730 1116 migrare,
2772 1057 2827 1102 et
2865 1049 3000 1102 abiit
3026 1063 3092 1102 ex
3118 1063 3367 1118 corpore.

1800 1137 2094 1205 Separatus
2145 1147 2227 1192 est
2253 1153 2282 1192 a
2337 1140 2510 1206 vobis,
2553 1150 2613 1213 et.
2641 1142 2924 1212 appositus
2977 1151 3060 1195 est
3093 1143 3158 1196 ad
3189 1156 3371 1212 patres

1800 1244 1950 1292 suos,
2033 1231 2354 1298 praclarum
2414 1234 2692 1302 exemplar
2748 1250 2906 1289 suam
2967 1235 3140 1303 ipsius
3205 1238 3371 1289 vitam

1800 1319 2016 1373 virtutis
2058 1320 2283 1390 efﬁgiem
2331 1323 2484 1378 vobis
2509 1325 2839 1394 relinquens.
2873 1325 3014 1391 Quid
3053 1341 3182 1398 ergo
3207 1337 3376 1381 restat

1801 1411 2185 1481 inquirendum
2219 1415 2242 1467 ?
2271 1415 2339 1470 Ut
2362 1416 2430 1470 ad
2458 1431 2557 1470 vos
2590 1418 2736 1486 ipsos
2765 1420 3020 1484 redeatis,
3052 1431 3107 1474 et
3137 1421 3372 1475 invicem

1801 1519 1898 1558 vos
1953 1507 2312 1560 consolemini
2355 1511 2407 1562 iu
2457 1507 2662 1577 Spiritu
2702 1521 2913 1564 sancto.
2951 1512 3014 1565 Et
3045 1516 3174 1581 quia
3200 1513 3376 1567 domi-

1801 1609 1932 1648 num
1986 1598 2282 1653 Antonium
2342 1609 2609 1654 rectorem
2667 1603 2822 1656 vobis
2897 1603 3155 1666 instituit,
3184 1606 3376 1659 eadem

1801 1702 2039 1750 nurma,.
2068 1689 2372 1756 iisdemque
2411 1691 2632 1759 pietatis
2681 1693 2926 1764 vestigiis
2952 1695 3112 1748 fidem
3144 1709 3374 1749 conser-

1803 1791 2013 1845 vantes,
2042 1789 2096 1833 et
2124 1796 2222 1849 pro
2251 1797 2315 1835 eo
2341 1783 2451 1850 pati
2483 1785 2655 1852 parati
2702 1786 2785 1838 vel
2823 1801 2994 1855 usque
3019 1789 3085 1839 ad
3126 1796 3376 1853 mortem,

135 1872 510 1944 φρουροῦντας
539 1872 637 1940 τὴν
666 1871 873 1933 πίστιν,
908 1869 1004 1922 καὶ
1055 1868 1197 1936 ὑπὲρ
1230 1866 1402 1934 αὐτῆς
1447 1877 1699 1916 κακοπα-

1813 1873 1848 1925 si
1871 1889 2009 1941 opus
2038 1874 2129 1938 sit,
2153 1874 2308 1943 juxta
2334 1888 2654 1944 przesentcm
2691 1879 3144 1946 persecutionem.
3172 1877 3381 1933 Verita-

136 1969 269 2030 Οεῖν,
325 1967 374 2017 εἰ
410 1965 542 2028 δέοι,
610 1963 772 2032 μέχρι
810 1961 1066 2021 θανάτου,
1109 1975 1252 2034 κατ-α
1298 1957 1390 2008 τὸν
1460 1953 1707 2044 παρόντα

135 2058 380 2128 διωγμόν
413 2074 426 2087 '
466 2057 561 2109 καὶ
628 2054 897 2126 μηδαμῶς
936 2052 1228 2122 προδοῦναι
1285 2049 1382 2117 τὴν
1424 2047 1703 2117 ἀλήθειαν,

134 2154 236 2219 τήν
264 2166 325 2201 τε
359 2148 583 2215 ἀγάπην
613 2147 763 2214 -πρὸς
804 2144 1092 2213 ἀλλήλους,
1146 2141 1240 2197 καὶ¹
1292 2139 1390 2209 τὴν
1430 2138 1567 2208 πρὸς
1613 2136 1707 2190 τὸν

135 2241 554 2313 καθηγούμενον
617 2238 864 2307 ὑπακοὴν
903 2236 1068 2288 παντὶ
1117 2234 1292 2286 σθένει
1333 2228 1706 2293 ἀσπάσασθαι,

136 2337 310 2389 Τοῦτο
351 2335 461 2405 γὰρ
485 2335 620 2404 πρὸς
654 2333 751 2393 τὴν
783 2330 936 2399 ὑμῶν
974 2327 1275 2399 σωτηρίαν·
1318 2326 1474 2377 τοῦτο
1498 2322 1707 2394 καύχη-

138 2445 216 2496 μα
241 2427 338 2479 καὶ
383 2427 462 2494 τῷ
497 2423 752 2493 μακαρίῳ
803 2422 998 2486 ἐκείνῳ
1048 2422 1128 2480 εἰς
1172 2418 1390 2486 ἡμέραν
1425 2415 1662 2484 Χριστοῦ
1690 2428 1704 2442 °

134 2517 292 2570 τοῦτο
327 2516 422 2567 καὶ
451 2517 585 2584 ἡμῖν
616 2517 727 2575 τοῖς
764 2512 937 2580 φίλοις
962 2513 1055 2562 καὶ
1095 2509 1345 2576 ἀδελφοῖς
1395 2506 1550 2574 ὑμῶν
1579 2505 1709 2574 ἐρα-

137 2605 470 2675 σμιώτατον.
537 2600 692 2655 Οὕτω
748 2603 855 2669 γὰρ
923 2597 1353 2669 περιπατοῦντες
1424 2594 1706 2657 κάλλιστα,

126 2697 284 2759 ’ἕξετε
342 2695 492 2765 ἡμᾶς
517 2693 918 2761 συνεπομένους
949 2691 1099 2759 ὑμῖν,
1128 2688 1250 2741 ὅσον
1284 2682 1396 2740 οἷόν
1420 2701 1501 2749 τε,
1526 2685 1606 2746 εἰς
1637 2682 1706 2735 τὰ

135 2789 280 2858 πρὸς
327 2788 556 2856 Κύριον,
598 2783 817 2851 ἀδελφοὶ
843 2781 1184 2851 τιμιώτατοι.

136 2893 906 2970 ΡΛΑ’.(27).--Κατηχητικὴ
928 2891 1075 2962 πρὸς
1091 2891 1233 2956 τοὺς
1243 2890 1460 2944 ἑαυτοῦ
1469 2888 1759 2958 μαθητάς.

1805 1972 1911 2015 tem
1980 1963 2167 2031 utique
2216 1979 2562 2034 nequaquam
2636 1966 2898 2033 prodatis,
2945 1967 3380 2036 charitatemquc

1806 2053 1946 2106 inter
1988 2068 2085 2108 vos
2137 2064 2406 2112 mutuam.
2436 2064 2490 2108 et
2531 2056 2895 2110 obedientiam
2951 2073 3076 2128 erga
3107 2069 3376 2114 rectorem

1805 2159 1904 2216 pro
1944 2145 2152 2200 viribus
2194 2147 2446 2200 omnibus
2493 2146 2912 2215 amplectamini.
2966 2149 3079 2204 Hoc
3137 2152 3280 2204 enim
3311 2152 3381 2204 ad

1809 2234 2038 2288 salutem
2073 2247 2304 2289 vestram
2343 2253 2355 2289 :
2391 2235 2506 2289 haec
2532 2236 2691 2290 beato
2731 2237 2808 2289 illi
2841 2237 2895 2290 in
2932 2240 3016 2292 die
3044 2239 3264 2294 Domini
3297 2243 3383 2296 fu-

1807 2332 1928 2377 tura
1969 2325 2216 2393 gloriatio
2249 2341 2264 2380 :
2324 2325 2427 2379 hoc
2457 2342 2674 2396 quoque
2727 2329 2909 2395 nobis,
2942 2319 3137 2386 ainicis
3187 2344 3240 2387 et
3271 2335 3384 2388 fra-

1809 2416 1983 2471 tribus
2007 2418 2223 2480 vestris,
2274 2419 2700 2488 optatissimum.
2756 2422 2847 2476 Sic
2891 2424 3034 2478 enim
3080 2427 3385 2481 rectissime

1807 2508 2172 2573 ambulantes,
2223 2524 2324 2563 nos
2364 2511 2566 2579 pariter
2607 2521 2878 2568 sectantes
2928 2516 2981 2568 in
3031 2516 3114 2570 via
3145 2517 3382 2582 Domini,

1807 2610 2072 2669 quantum
2103 2601 2186 2656 fas
2212 2604 2338 2667 erit,
2369 2603 2662 2670 habebitis,
2696 2604 2893 2661 fratres
2924 2609 3383 2664 reverendissimi.

1958 2885 2192 2942 CXXXI.
2223 2917 2292 2927 ——
2315 2887 2642 2944 Catechetica
2670 2891 2737 2944 ad
2781 2906 2902 2945 suos
2938 2894 3242 2962 discipulos.

1285 3006 1406 3054 Vita:
1427 3005 1708 3054 monasticae
1731 3003 1887 3054 ofﬁcia
1917 3006 2243 3055 commendat.

207 3120 511 3186 Θεόδωρος
568 3116 887 3185 ἐλάχιστος
925 3113 1330 3181 πρεσϐύτερος
1383 3112 1480 3164 καὶ
1506 3172 1510 3177 ,
1538 3112 1707 3181 ἡγού-

1888 3109 2190 3163 Theodorus
2225 3111 2473 3164 minimus
2527 3111 2796 3180 presbyter
2834 3108 3010 3164 Studii
3049 3112 3383 3179 prcepositus,

134 3229 319 3279 μενος
346 3208 468 3262 τῶν
491 3206 802 3270 Στουδίου,
829 3202 1237 3271 ἠγαπημένοις
1282 3200 1567 3268 ἀδελφοῖς
1586 3219 1708 3269 μου

138 3302 237 3356 καὶ
301 3297 732 3368 πνευματικοῖς
769 3296 952 3359 υἱέσι,
1005 3293 1127 3358 τοῖς
1175 3291 1274 3345 διὰ
1314 3293 1534 3359 Κύριον
1593 3286 1711 3343 ὦδε

136 3394 389 3449 κάκεῖσε
421 3389 902 3459 διεσπαρμένοις.
1518 3379 1710 3452 [χπε’.]

209 3508 393 3575 Χάρις
437 3503 568 3570 ὑμῖν
611 3502 704 3553 καὶ
769 3501 960 3569 εἰρήνη
1019 3495 1125 3549 ἀπὸ
1169 3493 1305 3544 Θεοῦ
1350 3493 1565 3562 Πατρὺς
1616 3492 1712 3544 καὶ

135 3598 345 3671 Κυρίου
401 3593 577 3662 Ἰησοῦ
629 3594 864 3664 Χριστοῦ
911 3587 1009 3642 τοῦ
1043 3588 1414 3658 χαρισαμένου
1448 3587 1577 3655 ὑμῖν
1620 3585 1711 3637 τὸν

137 3693 281 3761 ὑπὲρ
303 3689 403 3742 τοῦ
433 3687 697 3756 ὀνόματος
727 3682 891 3736 αὐτοῦ
917 3681 1177 3751 διωγμόν.
1212 3682 1306 3742 Ὃς
1334 3680 1429 3732 καὶ
1463 3681 1512 3731 εί
1542 3677 1710 3747 λυπη·

139 3785 232 3855 ρὸς
291 3781 441 3834 κατά
502 3780 702 3847 σάρκα,
754 3774 892 3828 ἀλλά
938 3772 1233 3843 χαροποιὸς
1288 3770 1431 3823 κατά
1462 3769 1708 3839 πνεῦμα·

140 3869 522 3948 μακαρισμῶν
568 3868 676 3939 γὰρ
723 3866 1022 3918 θεολέκτων
1063 3862 1256 3927 αἴτιος,
1290 3863 1384 3914 καὶ
1433 3861 1713 3929 στεφάνων

137 3965 379 4020 αἰωνίων
415 3961 696 4032 πρόξενος.
740 3952 814 4011 Ob
857 3957 1019 4027 χάριν
1053 3953 1208 4021 κάγὼ
1245 3956 1272 4006 ὁ
1314 3952 1537 4021 εὐτελὴς
1571 3953 1714 4021 χαρᾷ

137 4056 316 4128 χαίρω
342 4054 441 4107 καὶ
473 4049 792 4118 ἀγαλλιάσει
820 4045 1191 4115 ἀγαλλιῶμαι,
1219 4046 1301 4097 ὅτι
1325 4044 1565 4112 ἡξίωμαι
1586 4044 1713 4104 τοὺς

136 4148 309 4218 ἐμοὺς
334 4141 654 4212 ἀγαπητοὺς
684 4139 809 4190 ἰδεῖν
842 4140 899 4189 ὲν
915 4135 1138 4205 τοιαύτῃ
1174 4138 1447 4205 προκοπῇ,
1481 4137 1539 4186 ἐν
1559 4135 1710 4204 τηλι-

136 4238 318 4307 κοῦτῳ
338 4233 538 4306 βαθμῷ
553 4235 651 4303 τῆς
668 4229 838 4299 καλῆς
851 4227 1166 4298 ὁμολογίας,
1189 4226 1255 4295 ἢν
1274 4225 1712 4295 ὡμολογήσαμεν

136 4328 372 4383 ἐνώπιον
417 4323 554 4378 Θεοῦ
614 4323 706 4375 καὶ
756 4318 1080 4389 ἀνθρώπων,
1119 4319 1446 4386 προσκυνεῖν
1479 4316 1712 4386 Χριστὸν

134 4415 598 4488 ἐγγεγραμμένον
621 4415 785 4483 ἤγουν
811 4407 1269 4474 ὲξεικονισμένον,
1300 4404 1482 4468 καθὼς
1512 4407 1712 4467 πάντες

134 4514 183 4565 οἱ
208 4513 362 4580 ἆγιοι
385 4506 632 4574 Πατέρες
661 4503 840 4582 ἡμῶν.
859 4501 1035 4554 Μόνον
1059 4497 1361 4569 παρακαλῶ
1388 4497 1484 4549 καὶ
1511 4497 1712 4566 ὑπομι-

137 4606 393 4675 μνήσκω;
413 4599 580 4665 ἀξίως
595 4596 688 4648 τοῦ
709 4593 1054 4662 ιΕύαγγελίου
1074 4591 1166 4643 τοῦ
1189 4590 1430 4659 Χριστοῦ
1451 4591 1592 4658 ὑμᾶς
1613 4607 1712 4642 πο-

132 4693 477 4749 λιτεύεσθαι.
496 4688 608 4758 Τὴν
628 4681 1163 4756 ’ἀναστροφὴνλὺμῶν
1192 4681 1417 4749 ἔχοντας
1440 4681 1633 4750 καλὴν,
1658 4681 1716 4731 ἐν

132 4785 214 4851 οἷς
230 4781 549 4854 διατρίῦετε
578 4778 673 4830 καὶ
686 4778 870 4838 τόποις
891 4775 986 4828 καὶ
1011 4772 1324 4843 προσώποις
1345 4788 1356 4801 ·
1373 4773 1632 4840 τὸνλόγον
1661 4775 1716 4825 ὲν

134 4879 323 4950 χάριτι
380 4873 546 4927 ἅλατι
579 4869 918 4939 ἡρτυμένονο
954 4865 1051 4934 τὴν
1079 4865 1191 4929 ἕξιν
1251 4864 1508 4934 εὐλαϐείᾳ
1541 4883 1713 4934 μεμε-

136 4969 453 5038 στωμένην.
507 4960 620 5030 Τὴν
658 4958 860 5028 βρῶσιν
896 4958 992 5008 καὶ
1050 4956 1149 5022 τὴν
1196 4954 1356 5006 πόσιν
1416 4955 1716 5026 αὐταρκείᾳ

132 5057 525 5132 τετηρημένην
547 5068 560 5080 ·
584 5049 645 5103 τὸ
671 5051 876 5118 ἔνδυμα
901 5049 997 5100 καὶ
1022 5047 1256 5115 βάδισμα
1288 5048 1500 5099 συνέσει
1517 5047 1715 5099 τεθεω-

135 5151 411 5219 ρημένον·
447 5145 524 5206 ὼς
573 5142 639 5194 ἂν
690 5139 967 5207 φωτισμός
997 5139 1121 5188 ἐστε
1175 5137 1284 5212 τῶν
1327 5136 1549 5201 λαῖκῶν,
1581 5137 1716 5191 ἀλλὰ

137 5241 213 5310 μὴ
268 5235 632 5292 τούναντίον·
703 5233 961 5293 ὑπόθεσις
1027 5230 1181 5290 θείας
1247 5229 1713 5299 ἐξομολογήσεως,

133 5328 274 5381 ἀλλά
305 5330 386 5398 μὴ
426 5323 763 5378 τούναντίον.
820 5322 1125 5382 ’Ἕκαστος
1175 5317 1367 5381 καθὼς
1405 5318 1582 5370 ἔλαϐε
1604 5317 1713 5386 χὰ-

128 5435 354 5489 ρισμα,
408 5419 498 5483 εὶς
529 5414 781 5479 ἑαυτοὺς
825 5410 972 5465 αὐτὸ
1013 5408 1400 5473 διοικοῦντες,
1431 5409 1509 5474 ὼς
1541 5411 1713 5464 καλοὶ

204 5597 227 5628 ⁸
258 5598 403 5653 Gen.
456 5613 541 5652 ιιι.
576 5590 664 5652 f9.

1810 3203 2014 3256 dilectis
2059 3203 2314 3272 fratribus
2362 3205 2511 3267 meis,
2545 3214 2594 3257 et
2645 3205 2771 3272 ﬁliis
2793 3204 3159 3271 spiritualibus
3198 3205 3298 3258 [mc
3338 3215 3386 3258 et

1812 3294 1940 3346 illuc
1965 3303 2178 3363 propter
2220 3295 2504 3348 Dominum
2547 3294 2821 3363 dispersis.

1884 3477 2066 3531 Gratia
2101 3479 2253 3533 vobis
2280 3490 2332 3534 et
2363 3496 2464 3550 pax
2505 3498 2535 3535 a
2566 3482 2677 3537 Deo
2720 3483 2882 3540 Patre
2912 3496 2968 3542 et
2994 3485 3223 3543 Domino
3259 3487 3387 3545 Jesu

1813 3566 2052 3632 Christo,
2087 3570 2175 3638 qui
2205 3571 2353 3624 dedit
2384 3573 2537 3628 vobis
2555 3590 2652 3643 pro
2684 3576 2854 3645 ipsius
2884 3580 3103 3633 nomine
3130 3595 3387 3647 persecu-

1817 3659 2014 3712 tionem
2055 3661 2166 3727 pati
2196 3678 2357 3731 ;-qu:e
2387 3667 2489 3718 etsi
2517 3667 2684 3721 tristis
2710 3679 2792 3722 est
2815 3671 3113 3724 secundum
3143 3687 3386 3736 carnem,

1814 3762 1871 3806 at
1920 3753 2120 3808 laetitia;
2164 3756 2320 3825 plena
2369 3761 2666 3814 secundum
2698 3762 2969 3831 spiritum.
3000 3762 3135 3818 Nam
3166 3777 3219 3820 et
3255 3749 3387 3822 bea-

1817 3843 2108 3898 titudinum
2156 3847 2466 3904 divinarum
2515 3868 2680 3908 causa
2727 3867 2829 3921 est,
2855 3867 2909 3910 et
2944 3868 3268 3913 teternarum
3299 3877 3392 3915 e0-

1815 3949 2075 3990 ronarum
2122 3941 2483 3996 conciliatrix.
2529 3943 2872 4016 Quapropter
2916 3959 2969 4003 et
2995 3966 3093 4019 ego
3143 3951 3388 4021 abjectus

1814 4028 2010 4096 gaudio
2035 4032 2243 4099 gaudeo
2272 4042 2326 4086 et
2352 4038 2712 4092 exsultatione
2744 4041 2984 4105 exsulto,
3023 4044 3169 4112 quod
3192 4045 3388 4116 dignus

1815 4118 2031 4174 habitus
2060 4123 2161 4174 sim
2189 4124 2282 4192 qui
2317 4125 2540 4183 dilectos
2586 4145 2736 4185 meos
2766 4133 3004 4187 viderem
3038 4136 3171 4190 adeo
3205 4139 3388 4207 profe-

1814 4213 1976 4277 cisse,
2005 4229 2067 4266 ac
2096 4217 2411 4283 pervenisse
2439 4223 2504 4272 ad
2536 4222 2821 4277 sublimem
2856 4227 3082 4295 gradum
3114 4234 3389 4300 praeclarae

1814 4305 2195 4372 cettl'essionis,
2246 4324 2406 4377 quam
2443 4325 2626 4366 coram
2679 4313 2804 4369 'Dco
2834 4327 2887 4371 et
2913 4317 3226 4377 hominibus
3261 4341 3388 4394 pro—

1817 4394 1946 4452 fessi
1978 4413 2188 4462 smnus,
2227 4401 2293 4454 de
2327 4402 2605 4459 adorando
2631 4405 2848 4462 Christo
2877 4412 3083 4479 pictura
3107 4414 3222 4468 sive
3247 4417 3389 4470 ima-

1817 4488 1940 4555 gine
1969 4505 2248 4557 expresso,
2281 4492 2434 4560 juxta
2464 4510 2653 4550 omnes
2674 4509 2891 4553 sanctos
2931 4500 3116 4557 Patres
3148 4516 3386 4571 nostros,

1815 4576 1994 4632 Unum
2049 4581 2237 4634 hortor
2280 4591 2333 4636 et
2384 4600 2580 4640 moneo
2628 4603 2745 4653 vos,
2795 4600 2855 4643 ut
2901 4596 3187 4650 ambuletis
3226 4599 3390 4668 digne

1814 4670 2108 4739 Evangelio
2158 4673 2383 4740 Christi,
2423 4679 2619 4730 bonam
2659 4681 2977 4737 exhibentes
3017 4691 3388 4742 conversatio—

1816 4781 1938 4820 nem
1967 4774 2225 4832 vestram,
2250 4768 2450 4835 quibus
2481 4770 2533 4823 in
2562 4771 2694 4824 locis
2715 4779 2768 4825 et
2791 4775 3115 4842 quibuscum
3139 4785 3390 4846 personis

1819 4859 2014 4929 degitis
2049 4878 2063 4925 ;
2091 4876 2397 4917 sermonem
2431 4863 2482 4915 in
2509 4864 2694 4932 gratia:
2734 4866 2846 4919 sale
2871 4871 3147 4923 conditum
3183 4890 3198 4937 ;
3236 4883 3388 4931 teno-

1824 4965 1936 5002 rem
1955 4951 2118 5003 animi
2150 4952 2636 5021 circumspectione
2657 4957 2897 5026 plenum,
2919 4961 3097 5014 cibum
3120 4973 3173 5016 et
3197 4949 3389 5032 potum

1823 5037 2151 5110 frugalitate,
2183 5045 2432 5097 vestitum
2483 5055 2536 5099 et
2590 5047 2863 5103 incessum
2919 5055 3202 5120 prudentia
3251 5067 3389 5111 tem-

1823 5144 2092 5199 peratum,
2133 5142 2193 5185 ut
2229 5134 2379 5187 laicis
2428 5135 2519 5188 lux
2563 5137 2703 5203 sitis,
2745 5155 2851 5193 non
2896 5153 3082 5196 contra
3122 5164 3134 5197 :
3193 5147 3390 5204 divinae

1823 5226 2183 5278 confessionis
2231 5239 2631 5292 argumentum,
2671 5243 2776 5281 non
2820 5239 3004 5284 contra
3043 5250 3056 5286 :
3100 5233 3391 5306 Unusquis-

1824 5330 1920 5382 que
1945 5315 2080 5369 sicut
2113 5319 2309 5384 accepit
2335 5323 2562 5386 gratiam
2591 5321 2645 5374 in
2675 5321 2986 5376 alterutrum
3016 5326 3167 5378 illam
3216 5330 3392 5383 admi-

1827 5407 2134 5471 nistrautes,
2170 5417 2423 5477 tanquam
2453 5412 2572 5465 boni
2620 5412 3004 5481 dispensatores
3046 5417 3390 5488 multiformis

1689 5717 1924 5776 NOTAE.

202 5811 318 5884 (27)
356 5810 420 5865 In
451 5807 580 5866 cod.
607 5808 743 5881 Reg.
783 5816 936 5883 ρμςδ.
