  <div class='ocr_page' id='page_1' title='image "/cluster/home/n/w/nwhite01/storage/ocr_20150623/99/pst.000005714063/773.png"; bbox 0 0 3964 6320; ppageno 0'>
   <div class='ocr_carea' id='block_1_1' title="bbox 610 376 746 441">
    <p class='ocr_par' dir='ltr' id='par_1_1' title="bbox 610 376 746 441">
     <span class='ocr_line' id='line_1_1' title="bbox 610 376 746 441; baseline -0.029 0"><span class='ocrx_word' id='word_1_1' title='bbox 610 376 746 441; x_wconf 75' lang='grc'><strong><em>1423</em></strong></span> 
     </span>
    </p>
   </div>
   <div class='ocr_carea' id='block_1_2' title="bbox 1789 370 2666 431">
    <p class='ocr_par' dir='ltr' id='par_1_2' title="bbox 1789 370 2666 431">
     <span class='ocr_line' id='line_1_2' title="bbox 1789 370 2666 431; baseline 0 -2"><span class='ocrx_word' id='word_1_2' title='bbox 1789 371 1848 430; x_wconf 90' lang='lat' dir='ltr'><strong><em>S.</em></strong></span> <span class='ocrx_word' id='word_1_3' title='bbox 1888 370 2277 429; x_wconf 76' lang='lat' dir='ltr'><strong><em>THEODOIiI</em></strong></span> <span class='ocrx_word' id='word_1_4' title='bbox 2322 370 2666 431; x_wconf 61' lang='lat' dir='ltr'><strong><em>STUDITAB</em></strong></span> 
     </span>
    </p>
   </div>
   <div class='ocr_carea' id='block_1_3' title="bbox 3756 373 3886 436">
    <p class='ocr_par' dir='ltr' id='par_1_3' title="bbox 3756 373 3886 436">
     <span class='ocr_line' id='line_1_3' title="bbox 3756 373 3886 436; baseline 0 -1"><span class='ocrx_word' id='word_1_5' title='bbox 3756 373 3778 435; x_wconf 85' lang='lat'><strong>1</strong></span> <span class='ocrx_word' id='word_1_6' title='bbox 3794 374 3886 436; x_wconf 70' lang='grc'><strong><em>424</em></strong></span> 
     </span>
    </p>
   </div>
   <div class='ocr_carea' id='block_1_4' title="bbox 606 476 2177 561">
    <p class='ocr_par' dir='ltr' id='par_1_4' title="bbox 606 476 2175 561">
     <span class='ocr_line' id='line_1_4' title="bbox 606 476 2175 561; baseline -0.003 -18"><span class='ocrx_word' id='word_1_7' title='bbox 606 492 795 561; x_wconf 80' lang='lat' dir='ltr'><strong><em>gratia:</em></strong></span> <span class='ocrx_word' id='word_1_8' title='bbox 822 488 939 551; x_wconf 77' lang='lat' dir='ltr'><strong><em>Dei,</em></strong></span> <span class='ocrx_word' id='word_1_9' title='bbox 980 486 1126 541; x_wconf 76' lang='lat' dir='ltr'><strong><em>sicut</em></strong></span> <span class='ocrx_word' id='word_1_10' title='bbox 1186 476 1449 554; x_wconf 73' lang='lat' dir='ltr'><strong><em>scripturn</em></strong></span> <span class='ocrx_word' id='word_1_11' title='bbox 1513 494 1614 539; x_wconf 75' lang='lat' dir='ltr'><strong><em>est.</em></strong></span> <span class='ocrx_word' id='word_1_12' title='bbox 1670 485 1728 539; x_wconf 81' lang='lat' dir='ltr'><strong><em>Si</em></strong></span> <span class='ocrx_word' id='word_1_13' title='bbox 1769 486 1886 555; x_wconf 77' lang='lat' dir='ltr'><strong><em>quis</em></strong></span> <span class='ocrx_word' id='word_1_14' title='bbox 1922 488 2175 555; x_wconf 75' lang='lat' dir='ltr'><strong><em>loquitur,</em></strong></span> 
     </span>
    </p>
   </div>
   <div class='ocr_carea' id='block_1_5' title="bbox 2280 476 3888 561">
    <p class='ocr_par' dir='ltr' id='par_1_5' title="bbox 2282 485 3888 557">
     <span class='ocr_line' id='line_1_5' title="bbox 2282 485 3888 557; baseline -0.001 -18"><span class='ocrx_word' id='word_1_15' title='bbox 2282 489 2580 555; x_wconf 72' lang='grc' dir='ltr'>οἰκονόμοι</span> <span class='ocrx_word' id='word_1_16' title='bbox 2632 487 2919 553; x_wconf 70' lang='grc' dir='ltr'>ποικίλης</span> <span class='ocrx_word' id='word_1_17' title='bbox 2952 485 3191 554; x_wconf 78' lang='grc' dir='ltr'>χάριτος</span> <span class='ocrx_word' id='word_1_18' title='bbox 3231 486 3404 548; x_wconf 84' lang='grc' dir='ltr'>Θεοῦ,</span> <span class='ocrx_word' id='word_1_19' title='bbox 3444 486 3648 549; x_wconf 81' lang='grc' dir='ltr'>καθὼς</span> <span class='ocrx_word' id='word_1_20' title='bbox 3679 490 3888 557; x_wconf 76' lang='grc' dir='ltr'>γέγρα-</span> 
     </span>
    </p>
   </div>
   <div class='ocr_carea' id='block_1_6' title="bbox 604 579 2179 651">
    <p class='ocr_par' dir='ltr' id='par_1_6' title="bbox 604 579 2179 651">
     <span class='ocr_line' id='line_1_6' title="bbox 604 579 2179 651; baseline -0.002 -17"><span class='ocrx_word' id='word_1_21' title='bbox 604 596 855 651; x_wconf 78' lang='lat' dir='ltr'><strong><em>tanquam</em></strong></span> <span class='ocrx_word' id='word_1_22' title='bbox 884 596 1149 634; x_wconf 79' lang='lat' dir='ltr'><strong><em>sermones</em></strong></span> <span class='ocrx_word' id='word_1_23' title='bbox 1180 579 1296 641; x_wconf 82' lang='lat' dir='ltr'><strong><em>Dei,</em></strong></span> <span class='ocrx_word' id='word_1_24' title='bbox 1330 594 1435 631; x_wconf 90' lang='lat' dir='ltr'><strong><em>non</em></strong></span> <span class='ocrx_word' id='word_1_25' title='bbox 1489 579 1778 632; x_wconf 83' lang='lat' dir='ltr'><strong><em>inanitates</em></strong></span> <span class='ocrx_word' id='word_1_26' title='bbox 1809 597 1823 632; x_wconf 88' lang='lat'><strong>:</strong></span> <span class='ocrx_word' id='word_1_27' title='bbox 1861 581 1908 632; x_wconf 74' lang='lat' dir='ltr'><strong><em>si</em></strong></span> <span class='ocrx_word' id='word_1_28' title='bbox 1931 583 2045 647; x_wconf 76' lang='lat' dir='ltr'><strong><em>quis</em></strong></span> <span class='ocrx_word' id='word_1_29' title='bbox 2078 581 2179 632; x_wconf 87' lang='lat' dir='ltr'><strong><em>mi-</em></strong></span> 
     </span>
    </p>
   </div>
   <div class='ocr_carea' id='block_1_7' title="bbox 605 672 2177 744">
    <p class='ocr_par' dir='ltr' id='par_1_7' title="bbox 605 672 2177 744">
     <span class='ocr_line' id='line_1_7' title="bbox 605 672 2177 744; baseline -0.002 -16"><span class='ocrx_word' id='word_1_30' title='bbox 605 678 818 742; x_wconf 77' lang='lat' dir='ltr'><strong><em>nistrat,</em></strong></span> <span class='ocrx_word' id='word_1_31' title='bbox 856 683 1103 744; x_wconf 83' lang='lat' dir='ltr'><strong><em>tanquam</em></strong></span> <span class='ocrx_word' id='word_1_32' title='bbox 1144 689 1209 725; x_wconf 81' lang='lat' dir='ltr'><strong><em>ca:</em></strong></span> <span class='ocrx_word' id='word_1_33' title='bbox 1242 672 1493 736; x_wconf 84' lang='lat' dir='ltr'><strong><em>virtute&quot;,</em></strong></span> <span class='ocrx_word' id='word_1_34' title='bbox 1534 686 1641 724; x_wconf 85' lang='lat' dir='ltr'><strong><em>non</em></strong></span> <span class='ocrx_word' id='word_1_35' title='bbox 1679 686 1775 741; x_wconf 85' lang='lat' dir='ltr'><strong><em>per</em></strong></span> <span class='ocrx_word' id='word_1_36' title='bbox 1827 674 2177 740; x_wconf 77' lang='lat' dir='ltr'><strong><em>Superbiam:</em></strong></span> 
     </span>
    </p>
   </div>
   <div class='ocr_carea' id='block_1_8' title="bbox 605 760 2178 835">
    <p class='ocr_par' dir='ltr' id='par_1_8' title="bbox 605 760 2178 835">
     <span class='ocr_line' id='line_1_8' title="bbox 605 760 2178 835; baseline -0.006 -15"><span class='ocrx_word' id='word_1_37' title='bbox 605 767 653 820; x_wconf 75' lang='lat' dir='ltr'><strong><em>si</em></strong></span> <span class='ocrx_word' id='word_1_38' title='bbox 698 769 820 835; x_wconf 85' lang='lat' dir='ltr'><strong><em>quis</em></strong></span> <span class='ocrx_word' id='word_1_39' title='bbox 881 765 1092 818; x_wconf 77' lang='lat' dir='ltr'><strong><em>laborat</em></strong></span> <span class='ocrx_word' id='word_1_40' title='bbox 1133 761 1367 831; x_wconf 79' lang='lat' dir='ltr'><strong><em>propriis</em></strong></span> <span class='ocrx_word' id='word_1_41' title='bbox 1407 760 1681 821; x_wconf 89' lang='lat' dir='ltr'><strong><em>manibus,</em></strong></span> <span class='ocrx_word' id='word_1_42' title='bbox 1746 775 1815 813; x_wconf 87' lang='lat' dir='ltr'><strong><em>ne</em></strong></span> <span class='ocrx_word' id='word_1_43' title='bbox 1872 761 2055 828; x_wconf 88' lang='lat' dir='ltr'><strong><em>gravis</em></strong></span> <span class='ocrx_word' id='word_1_44' title='bbox 2085 760 2178 822; x_wconf 85' lang='lat' dir='ltr'><strong><em>sit,</em></strong></span> 
     </span>
    </p>
   </div>
   <div class='ocr_carea' id='block_1_9' title="bbox 607 850 2178 921">
    <p class='ocr_par' dir='ltr' id='par_1_9' title="bbox 607 850 2178 921">
     <span class='ocr_line' id='line_1_9' title="bbox 607 850 2178 921; baseline -0.005 -11"><span class='ocrx_word' id='word_1_45' title='bbox 607 872 715 910; x_wconf 92' lang='lat' dir='ltr'><strong><em>non</em></strong></span> <span class='ocrx_word' id='word_1_46' title='bbox 753 866 932 910; x_wconf 85' lang='lat' dir='ltr'><strong><em>autem</em></strong></span> <span class='ocrx_word' id='word_1_47' title='bbox 968 870 1034 909; x_wconf 90' lang='lat' dir='ltr'><strong><em>ne</em></strong></span> <span class='ocrx_word' id='word_1_48' title='bbox 1089 864 1345 921; x_wconf 85' lang='lat' dir='ltr'><strong><em>tanquam</em></strong></span> <span class='ocrx_word' id='word_1_49' title='bbox 1378 851 1587 905; x_wconf 89' lang='lat' dir='ltr'><strong><em>otiosus</em></strong></span> <span class='ocrx_word' id='word_1_50' title='bbox 1633 850 1921 903; x_wconf 80' lang='lat' dir='ltr'><strong><em>damnetur</em></strong></span> <span class='ocrx_word' id='word_1_51' title='bbox 1966 858 2021 902; x_wconf 90' lang='lat' dir='ltr'><strong><em>et</em></strong></span> <span class='ocrx_word' id='word_1_52' title='bbox 2072 864 2178 902; x_wconf 88' lang='lat' dir='ltr'><strong><em>non</em></strong></span> 
     </span>
    </p>
   </div>
   <div class='ocr_carea' id='block_1_10' title="bbox 607 939 2181 1011">
    <p class='ocr_par' dir='ltr' id='par_1_10' title="bbox 607 939 2181 1011">
     <span class='ocr_line' id='line_1_10' title="bbox 607 939 2181 1011; baseline -0.005 -12"><span class='ocrx_word' id='word_1_53' title='bbox 607 947 916 999; x_wconf 81' lang='lat' dir='ltr'><strong><em>manducet.</em></strong></span> <span class='ocrx_word' id='word_1_54' title='bbox 953 942 1007 997; x_wconf 90' lang='lat' dir='ltr'><strong><em>Si</em></strong></span> <span class='ocrx_word' id='word_1_55' title='bbox 1035 944 1157 1011; x_wconf 79' lang='lat' dir='ltr'><strong><em>qais</em></strong></span> <span class='ocrx_word' id='word_1_56' title='bbox 1192 944 1244 995; x_wconf 94' lang='lat' dir='ltr'><strong><em>in</em></strong></span> <span class='ocrx_word' id='word_1_57' title='bbox 1291 941 1547 995; x_wconf 87' lang='lat' dir='ltr'><strong><em>omnibus</em></strong></span> <span class='ocrx_word' id='word_1_58' title='bbox 1582 940 1899 993; x_wconf 88' lang='lat' dir='ltr'><strong><em>mandatum</em></strong></span> <span class='ocrx_word' id='word_1_59' title='bbox 1928 939 2181 1007; x_wconf 76' lang='lat' dir='ltr'><strong><em>exsequi-</em></strong></span> 
     </span>
    </p>
   </div>
   <div class='ocr_carea' id='block_1_11' title="bbox 605 1033 2182 1106">
    <p class='ocr_par' dir='ltr' id='par_1_11' title="bbox 605 1033 2182 1106">
     <span class='ocr_line' id='line_1_11' title="bbox 605 1033 2182 1106; baseline -0.003 -15"><span class='ocrx_word' id='word_1_60' title='bbox 605 1048 717 1104; x_wconf 88' lang='lat' dir='ltr'><strong><em>tur,</em></strong></span> <span class='ocrx_word' id='word_1_61' title='bbox 752 1047 811 1091; x_wconf 93' lang='lat' dir='ltr'><strong><em>ut</em></strong></span> <span class='ocrx_word' id='word_1_62' title='bbox 848 1038 1130 1106; x_wconf 82' lang='lat' dir='ltr'><strong><em>Operarius</em></strong></span> <span class='ocrx_word' id='word_1_63' title='bbox 1166 1035 1279 1099; x_wconf 81' lang='lat' dir='ltr'><strong><em>Dei,</em></strong></span> <span class='ocrx_word' id='word_1_64' title='bbox 1312 1050 1418 1088; x_wconf 92' lang='lat' dir='ltr'><strong><em>non</em></strong></span> <span class='ocrx_word' id='word_1_65' title='bbox 1452 1044 1632 1087; x_wconf 90' lang='lat' dir='ltr'><strong><em>autem</em></strong></span> <span class='ocrx_word' id='word_1_66' title='bbox 1663 1048 1730 1086; x_wconf 90' lang='lat' dir='ltr'><strong><em>ne</em></strong></span> <span class='ocrx_word' id='word_1_67' title='bbox 1770 1033 2085 1087; x_wconf 81' lang='lat' dir='ltr'><strong><em>scandalum</em></strong></span> <span class='ocrx_word' id='word_1_68' title='bbox 2111 1033 2182 1087; x_wconf 91' lang='lat' dir='ltr'><strong><em>sit</em></strong></span> 
     </span>
    </p>
   </div>
   <div class='ocr_carea' id='block_1_12' title="bbox 605 1124 2183 1200">
    <p class='ocr_par' dir='ltr' id='par_1_12' title="bbox 605 1124 2183 1200">
     <span class='ocr_line' id='line_1_12' title="bbox 605 1124 2183 1200; baseline -0.003 -17"><span class='ocrx_word' id='word_1_69' title='bbox 605 1133 899 1200; x_wconf 71' lang='lat' dir='ltr'><strong><em>proximo;</em></strong></span> <span class='ocrx_word' id='word_1_70' title='bbox 939 1138 993 1182; x_wconf 88' lang='lat' dir='ltr'><strong><em>ct</em></strong></span> <span class='ocrx_word' id='word_1_71' title='bbox 1041 1138 1098 1181; x_wconf 92' lang='lat' dir='ltr'><strong><em>ut</em></strong></span> <span class='ocrx_word' id='word_1_72' title='bbox 1153 1128 1204 1180; x_wconf 94' lang='lat' dir='ltr'><strong><em>in</em></strong></span> <span class='ocrx_word' id='word_1_73' title='bbox 1248 1126 1507 1181; x_wconf 91' lang='lat' dir='ltr'><strong><em>omnibus</em></strong></span> <span class='ocrx_word' id='word_1_74' title='bbox 1551 1126 1882 1197; x_wconf 82' lang='lat' dir='ltr'><strong><em>gloriﬁcetur</em></strong></span> <span class='ocrx_word' id='word_1_75' title='bbox 1915 1124 2081 1189; x_wconf 88' lang='lat' dir='ltr'><strong><em>Deus,</em></strong></span> <span class='ocrx_word' id='word_1_76' title='bbox 2128 1133 2183 1179; x_wconf 88' lang='lat' dir='ltr'><strong><em>et</em></strong></span> 
     </span>
    </p>
   </div>
   <div class='ocr_carea' id='block_1_13' title="bbox 607 1219 1875 1291">
    <p class='ocr_par' dir='ltr' id='par_1_13' title="bbox 607 1219 1875 1291">
     <span class='ocr_line' id='line_1_13' title="bbox 607 1219 1875 1291; baseline -0.002 -17"><span class='ocrx_word' id='word_1_77' title='bbox 607 1236 706 1291; x_wconf 80' lang='lat' dir='ltr'><strong><em>ego</em></strong></span> <span class='ocrx_word' id='word_1_78' title='bbox 728 1222 895 1274; x_wconf 83' lang='lat' dir='ltr'><strong><em>miser</em></strong></span> <span class='ocrx_word' id='word_1_79' title='bbox 916 1220 1163 1285; x_wconf 81' lang='lat' dir='ltr'><strong><em>audiens,</em></strong></span> <span class='ocrx_word' id='word_1_80' title='bbox 1187 1220 1459 1273; x_wconf 79' lang='lat' dir='ltr'><strong><em>exhilarer</em></strong></span> <span class='ocrx_word' id='word_1_81' title='bbox 1488 1228 1543 1273; x_wconf 91' lang='lat' dir='ltr'><strong><em>et</em></strong></span> <span class='ocrx_word' id='word_1_82' title='bbox 1586 1219 1875 1289; x_wconf 80' lang='lat' dir='ltr'><strong><em>gaudeam.</em></strong></span> 
     </span>
    </p>
   </div>
   <div class='ocr_carea' id='block_1_14' title="bbox 676 1419 2184 1491">
    <p class='ocr_par' dir='ltr' id='par_1_14' title="bbox 676 1419 2184 1491">
     <span class='ocr_line' id='line_1_14' title="bbox 676 1419 2184 1491; baseline -0.001 -16"><span class='ocrx_word' id='word_1_83' title='bbox 676 1421 895 1477; x_wconf 88' lang='lat' dir='ltr'><strong><em>Cernite</em></strong></span> <span class='ocrx_word' id='word_1_84' title='bbox 917 1436 1205 1491; x_wconf 84' lang='lat' dir='ltr'><strong><em>perversas</em></strong></span> <span class='ocrx_word' id='word_1_85' title='bbox 1236 1421 1671 1490; x_wconf 83' lang='lat' dir='ltr'><strong><em>conspirationes</em></strong></span> <span class='ocrx_word' id='word_1_86' title='bbox 1706 1438 1719 1472; x_wconf 90' lang='lat'><strong>:</strong></span> <span class='ocrx_word' id='word_1_87' title='bbox 1762 1419 1965 1475; x_wconf 89' lang='lat' dir='ltr'><strong><em>cernite</em></strong></span> <span class='ocrx_word' id='word_1_88' title='bbox 1986 1419 2184 1489; x_wconf 87' lang='lat' dir='ltr'><strong><em>perni—</em></strong></span> 
     </span>
    </p>
   </div>
   <div class='ocr_carea' id='block_1_15' title="bbox 608 1511 2183 1569">
    <p class='ocr_par' dir='ltr' id='par_1_15' title="bbox 608 1511 2183 1569">
     <span class='ocr_line' id='line_1_15' title="bbox 608 1511 2183 1569; baseline -0.003 0"><span class='ocrx_word' id='word_1_89' title='bbox 608 1515 811 1569; x_wconf 89' lang='lat' dir='ltr'><strong><em>ciosam</em></strong></span> <span class='ocrx_word' id='word_1_90' title='bbox 872 1514 1215 1569; x_wconf 85' lang='lat' dir='ltr'><strong><em>libertatem:</em></strong></span> <span class='ocrx_word' id='word_1_91' title='bbox 1266 1514 1469 1567; x_wconf 87' lang='lat' dir='ltr'><strong><em>cernite</em></strong></span> <span class='ocrx_word' id='word_1_92' title='bbox 1509 1511 1901 1566; x_wconf 84' lang='lat' dir='ltr'><strong><em>adulteriorum</em></strong></span> <span class='ocrx_word' id='word_1_93' title='bbox 1953 1521 2183 1565; x_wconf 79' lang='lat' dir='ltr'><strong><em>matrem</em></strong></span> 
     </span>
    </p>
   </div>
   <div class='ocr_carea' id='block_1_16' title="bbox 607 1602 2185 1672">
    <p class='ocr_par' dir='ltr' id='par_1_16' title="bbox 607 1602 2185 1672">
     <span class='ocr_line' id='line_1_16' title="bbox 607 1602 2185 1672; baseline -0.002 -12"><span class='ocrx_word' id='word_1_94' title='bbox 607 1605 951 1660; x_wconf 82' lang='lat' dir='ltr'><strong><em>edacitatem.</em></strong></span> <span class='ocrx_word' id='word_1_95' title='bbox 989 1604 1180 1661; x_wconf 80' lang='lat' dir='ltr'><strong><em>Nullus</em></strong></span> <span class='ocrx_word' id='word_1_96' title='bbox 1230 1619 1354 1659; x_wconf 90' lang='lat' dir='ltr'><strong><em>cum</em></strong></span> <span class='ocrx_word' id='word_1_97' title='bbox 1403 1604 1631 1658; x_wconf 86' lang='lat' dir='ltr'><strong><em>muliere</em></strong></span> <span class='ocrx_word' id='word_1_98' title='bbox 1672 1602 2017 1672; x_wconf 83' lang='lat' dir='ltr'><strong><em>colloquatur</em></strong></span> <span class='ocrx_word' id='word_1_99' title='bbox 2067 1603 2185 1657; x_wconf 86' lang='lat' dir='ltr'><strong><em>sine</em></strong></span> 
     </span>
    </p>
   </div>
   <div class='ocr_carea' id='block_1_17' title="bbox 609 1694 2185 1752">
    <p class='ocr_par' dir='ltr' id='par_1_17' title="bbox 609 1694 2185 1752">
     <span class='ocr_line' id='line_1_17' title="bbox 609 1694 2185 1752; baseline 0.001 -4"><span class='ocrx_word' id='word_1_100' title='bbox 609 1696 975 1752; x_wconf 79' lang='lat' dir='ltr'><strong><em>necessitate:</em></strong></span> <span class='ocrx_word' id='word_1_101' title='bbox 1025 1696 1210 1749; x_wconf 89' lang='lat' dir='ltr'><strong><em>nullus</em></strong></span> <span class='ocrx_word' id='word_1_102' title='bbox 1252 1694 1439 1749; x_wconf 86' lang='lat' dir='ltr'><strong><em>sedeat</em></strong></span> <span class='ocrx_word' id='word_1_103' title='bbox 1476 1695 1755 1750; x_wconf 85' lang='lat' dir='ltr'><strong><em>solitarius</em></strong></span> <span class='ocrx_word' id='word_1_104' title='bbox 1787 1714 1798 1748; x_wconf 92' lang='lat'><strong>:</strong></span> <span class='ocrx_word' id='word_1_105' title='bbox 1832 1695 2012 1751; x_wconf 91' lang='lat' dir='ltr'><strong><em>nullus</em></strong></span> <span class='ocrx_word' id='word_1_106' title='bbox 2059 1710 2185 1749; x_wconf 88' lang='lat' dir='ltr'><strong><em>ava-</em></strong></span> 
     </span>
    </p>
   </div>
   <div class='ocr_carea' id='block_1_18' title="bbox 612 1785 2181 1856">
    <p class='ocr_par' dir='ltr' id='par_1_18' title="bbox 612 1785 2181 1856">
     <span class='ocr_line' id='line_1_18' title="bbox 612 1785 2181 1856; baseline 0 -17"><span class='ocrx_word' id='word_1_107' title='bbox 612 1788 748 1841; x_wconf 70' lang='lat' dir='ltr'><strong><em>ritiae</em></strong></span> <span class='ocrx_word' id='word_1_108' title='bbox 796 1786 1032 1851; x_wconf 79' lang='lat' dir='ltr'><strong><em>studeat,</em></strong></span> <span class='ocrx_word' id='word_1_109' title='bbox 1074 1786 1227 1840; x_wconf 91' lang='lat' dir='ltr'><strong><em>lucro</em></strong></span> <span class='ocrx_word' id='word_1_110' title='bbox 1270 1785 1481 1840; x_wconf 90' lang='lat' dir='ltr'><strong><em>lucrum</em></strong></span> <span class='ocrx_word' id='word_1_111' title='bbox 1543 1786 1826 1856; x_wconf 83' lang='lat' dir='ltr'><strong><em>adjiciens,</em></strong></span> <span class='ocrx_word' id='word_1_112' title='bbox 1881 1796 1935 1841; x_wconf 91' lang='lat' dir='ltr'><strong><em>et</em></strong></span> <span class='ocrx_word' id='word_1_113' title='bbox 1988 1802 2181 1840; x_wconf 88' lang='lat' dir='ltr'><strong><em>aurum</em></strong></span> 
     </span>
    </p>
   </div>
   <div class='ocr_carea' id='block_1_19' title="bbox 609 1877 2179 1949">
    <p class='ocr_par' dir='ltr' id='par_1_19' title="bbox 609 1877 2179 1949">
     <span class='ocr_line' id='line_1_19' title="bbox 609 1877 2179 1949; baseline 0.001 -19"><span class='ocrx_word' id='word_1_114' title='bbox 609 1894 842 1947; x_wconf 85' lang='lat' dir='ltr'><strong><em>augens,</em></strong></span> <span class='ocrx_word' id='word_1_115' title='bbox 883 1880 935 1932; x_wconf 90' lang='lat' dir='ltr'><strong><em>in</em></strong></span> <span class='ocrx_word' id='word_1_116' title='bbox 966 1896 1074 1949; x_wconf 90' lang='lat' dir='ltr'><strong><em>quo</em></strong></span> <span class='ocrx_word' id='word_1_117' title='bbox 1099 1880 1251 1933; x_wconf 77' lang='lat' dir='ltr'><strong><em>radix</em></strong></span> <span class='ocrx_word' id='word_1_118' title='bbox 1286 1886 1373 1935; x_wconf 86' lang='lat' dir='ltr'><strong><em>est</em></strong></span> <span class='ocrx_word' id='word_1_119' title='bbox 1401 1879 1629 1948; x_wconf 81' lang='lat' dir='ltr'><strong><em>peccati,</em></strong></span> <span class='ocrx_word' id='word_1_120' title='bbox 1670 1887 1723 1933; x_wconf 93' lang='lat' dir='ltr'><strong><em>et</em></strong></span> <span class='ocrx_word' id='word_1_121' title='bbox 1757 1877 1907 1933; x_wconf 74' lang='lat' dir='ltr'><strong><em>Judze</em></strong></span> <span class='ocrx_word' id='word_1_122' title='bbox 1937 1878 2115 1947; x_wconf 91' lang='lat' dir='ltr'><strong><em>portio</em></strong></span> <span class='ocrx_word' id='word_1_123' title='bbox 2137 1878 2179 1932; x_wconf 82' lang='grc'><strong><em>⁸.</em></strong></span> 
     </span>
    </p>
   </div>
   <div class='ocr_carea' id='block_1_20' title="bbox 606 1964 2185 2039">
    <p class='ocr_par' dir='ltr' id='par_1_20' title="bbox 606 1964 2185 2039">
     <span class='ocr_line' id='line_1_20' title="bbox 606 1964 2185 2039; baseline 0.001 -17"><span class='ocrx_word' id='word_1_124' title='bbox 606 1964 797 2025; x_wconf 74' lang='lat' dir='ltr'><strong><em>Nullus</em></strong></span> <span class='ocrx_word' id='word_1_125' title='bbox 826 1980 1121 2039; x_wconf 81' lang='lat' dir='ltr'><strong><em>comparet,</em></strong></span> <span class='ocrx_word' id='word_1_126' title='bbox 1163 1986 1288 2025; x_wconf 91' lang='lat' dir='ltr'><strong><em>cum</em></strong></span> <span class='ocrx_word' id='word_1_127' title='bbox 1324 1971 1681 2024; x_wconf 85' lang='lat' dir='ltr'><strong><em>monasticam</em></strong></span> <span class='ocrx_word' id='word_1_128' title='bbox 1736 1970 2037 2023; x_wconf 87' lang='lat' dir='ltr'><strong><em>libertatem</em></strong></span> <span class='ocrx_word' id='word_1_129' title='bbox 2063 1984 2185 2038; x_wconf 86' lang='lat' dir='ltr'><strong><em>pos—</em></strong></span> 
     </span>
    </p>
   </div>
   <div class='ocr_carea' id='block_1_21' title="bbox 608 2062 2183 2131">
    <p class='ocr_par' dir='ltr' id='par_1_21' title="bbox 608 2062 2183 2131">
     <span class='ocr_line' id='line_1_21' title="bbox 608 2062 2183 2131; baseline 0.001 -17"><span class='ocrx_word' id='word_1_130' title='bbox 608 2062 799 2126; x_wconf 87' lang='lat' dir='ltr'><strong><em>sideat,</em></strong></span> <span class='ocrx_word' id='word_1_131' title='bbox 827 2063 1130 2131; x_wconf 88' lang='lat' dir='ltr'><strong><em>emptitium</em></strong></span> <span class='ocrx_word' id='word_1_132' title='bbox 1160 2078 1401 2117; x_wconf 86' lang='lat' dir='ltr'><strong><em>servum.</em></strong></span> <span class='ocrx_word' id='word_1_133' title='bbox 1428 2064 1506 2117; x_wconf 85' lang='lat' dir='ltr'><strong><em>Eo</em></strong></span> <span class='ocrx_word' id='word_1_134' title='bbox 1523 2078 1697 2131; x_wconf 87' lang='lat' dir='ltr'><strong><em>usque</em></strong></span> <span class='ocrx_word' id='word_1_135' title='bbox 1719 2062 1865 2117; x_wconf 88' lang='lat' dir='ltr'><strong><em>enim</em></strong></span> <span class='ocrx_word' id='word_1_136' title='bbox 1895 2076 2183 2131; x_wconf 83' lang='lat' dir='ltr'><strong><em>progressa</em></strong></span> 
     </span>
    </p>
   </div>
   <div class='ocr_carea' id='block_1_22' title="bbox 606 2152 2185 2223">
    <p class='ocr_par' dir='ltr' id='par_1_22' title="bbox 606 2152 2185 2223">
     <span class='ocr_line' id='line_1_22' title="bbox 606 2152 2185 2223; baseline 0.001 -16"><span class='ocrx_word' id='word_1_137' title='bbox 606 2161 693 2207; x_wconf 86' lang='lat' dir='ltr'><strong><em>est</em></strong></span> <span class='ocrx_word' id='word_1_138' title='bbox 727 2153 1094 2223; x_wconf 87' lang='lat' dir='ltr'><strong><em>&#39;quorumdam</em></strong></span> <span class='ocrx_word' id='word_1_139' title='bbox 1126 2154 1387 2222; x_wconf 79' lang='lat' dir='ltr'><strong><em>nequitia,</em></strong></span> <span class='ocrx_word' id='word_1_140' title='bbox 1420 2154 1512 2223; x_wconf 94' lang='lat' dir='ltr'><strong><em>qui</em></strong></span> <span class='ocrx_word' id='word_1_141' title='bbox 1560 2154 1776 2208; x_wconf 75' lang='lat' dir='ltr'><strong><em>vitiosis</em></strong></span> <span class='ocrx_word' id='word_1_142' title='bbox 1812 2152 2092 2207; x_wconf 79' lang='lat' dir='ltr'><strong><em>aﬂ‘ectibus</em></strong></span> <span class='ocrx_word' id='word_1_143' title='bbox 2126 2168 2185 2209; x_wconf 89' lang='lat' dir='ltr'><strong><em>se</em></strong></span> 
     </span>
    </p>
   </div>
   <div class='ocr_carea' id='block_1_23' title="bbox 609 2245 2184 2317">
    <p class='ocr_par' dir='ltr' id='par_1_23' title="bbox 609 2245 2184 2317">
     <span class='ocr_line' id='line_1_23' title="bbox 609 2245 2184 2317; baseline -0.001 -17"><span class='ocrx_word' id='word_1_144' title='bbox 609 2247 1008 2313; x_wconf 87' lang='lat' dir='ltr'><strong><em>manciparunt,</em></strong></span> <span class='ocrx_word' id='word_1_145' title='bbox 1039 2257 1091 2300; x_wconf 83' lang='lat' dir='ltr'><strong><em>et</em></strong></span> <span class='ocrx_word' id='word_1_146' title='bbox 1112 2248 1429 2301; x_wconf 81' lang='lat' dir='ltr'><strong><em>monastica:</em></strong></span> <span class='ocrx_word' id='word_1_147' title='bbox 1450 2248 1727 2317; x_wconf 78' lang='lat' dir='ltr'><strong><em>dignitatis</em></strong></span> <span class='ocrx_word' id='word_1_148' title='bbox 1749 2247 2018 2315; x_wconf 73' lang='lat' dir='ltr'><strong><em>iacturam</em></strong></span> <span class='ocrx_word' id='word_1_149' title='bbox 2044 2245 2184 2299; x_wconf 84' lang='lat' dir='ltr'><strong><em>l’cce-</em></strong></span> 
     </span>
    </p>
   </div>
   <div class='ocr_carea' id='block_1_24' title="bbox 608 2336 2179 2409">
    <p class='ocr_par' dir='ltr' id='par_1_24' title="bbox 608 2336 2179 2409">
     <span class='ocr_line' id='line_1_24' title="bbox 608 2336 2179 2409; baseline 0.001 -17"><span class='ocrx_word' id='word_1_150' title='bbox 608 2351 755 2392; x_wconf 87' lang='lat' dir='ltr'><strong><em>runt.</em></strong></span> <span class='ocrx_word' id='word_1_151' title='bbox 788 2336 977 2393; x_wconf 81' lang='lat' dir='ltr'><strong><em>Nullus</em></strong></span> <span class='ocrx_word' id='word_1_152' title='bbox 1007 2340 1133 2393; x_wconf 84' lang='lat' dir='ltr'><strong><em>vino</em></strong></span> <span class='ocrx_word' id='word_1_153' title='bbox 1156 2356 1213 2393; x_wconf 85' lang='lat' dir='ltr'><strong><em>se</em></strong></span> <span class='ocrx_word' id='word_1_154' title='bbox 1241 2339 1553 2409; x_wconf 82' lang='lat' dir='ltr'><strong><em>ingurgitet,</em></strong></span> <span class='ocrx_word' id='word_1_155' title='bbox 1573 2340 1892 2408; x_wconf 82' lang='lat' dir='ltr'><strong><em>Apostolum</em></strong></span> <span class='ocrx_word' id='word_1_156' title='bbox 1914 2338 2179 2393; x_wconf 88' lang='lat' dir='ltr'><strong><em>audiens:</em></strong></span> 
     </span>
    </p>
   </div>
   <div class='ocr_carea' id='block_1_25' title="bbox 608 2429 2181 2499">
    <p class='ocr_par' dir='ltr' id='par_1_25' title="bbox 608 2429 2181 2499">
     <span class='ocr_line' id='line_1_25' title="bbox 608 2429 2181 2499; baseline 0 -16"><span class='ocrx_word' id='word_1_157' title='bbox 608 2429 820 2483; x_wconf 76' lang='lat' dir='ltr'><strong><em>Modico</em></strong></span> <span class='ocrx_word' id='word_1_158' title='bbox 845 2432 964 2482; x_wconf 81' lang='lat' dir='ltr'><strong><em>vino</em></strong></span> <span class='ocrx_word' id='word_1_159' title='bbox 997 2440 1161 2495; x_wconf 85' lang='lat' dir='ltr'><strong><em>utere,</em></strong></span> <span class='ocrx_word' id='word_1_160' title='bbox 1196 2442 1408 2499; x_wconf 83' lang='lat' dir='ltr'><strong><em>propter</em></strong></span> <span class='ocrx_word' id='word_1_161' title='bbox 1434 2432 1761 2483; x_wconf 76' lang='lat' dir='ltr'><strong><em>stomachum</em></strong></span> <span class='ocrx_word' id='word_1_162' title='bbox 1796 2440 1939 2483; x_wconf 83' lang='lat' dir='ltr'><strong><em>tuum</em></strong></span> <span class='ocrx_word' id='word_1_163' title='bbox 1991 2440 2040 2484; x_wconf 88' lang='lat' dir='ltr'><strong><em>et</em></strong></span> <span class='ocrx_word' id='word_1_164' title='bbox 2069 2446 2181 2483; x_wconf 87' lang='lat' dir='ltr'><strong><em>cre-</em></strong></span> 
     </span>
    </p>
   </div>
   <div class='ocr_carea' id='block_1_26' title="bbox 610 2522 2181 2592">
    <p class='ocr_par' dir='ltr' id='par_1_26' title="bbox 610 2522 2181 2592">
     <span class='ocr_line' id='line_1_26' title="bbox 610 2522 2181 2592; baseline 0.001 -19"><span class='ocrx_word' id='word_1_165' title='bbox 610 2522 730 2574; x_wconf 76' lang='lat' dir='ltr'><strong><em>bras</em></strong></span> <span class='ocrx_word' id='word_1_166' title='bbox 777 2522 1116 2591; x_wconf 77' lang='lat' dir='ltr'><strong><em>inﬁrmitates</em></strong></span> <span class='ocrx_word' id='word_1_167' title='bbox 1161 2534 1282 2577; x_wconf 78' lang='lat' dir='ltr'><strong><em>tuas</em></strong></span> <span class='ocrx_word' id='word_1_168' title='bbox 1316 2524 1358 2577; x_wconf 80' lang='lat'><strong><em>’.</em></strong></span> <span class='ocrx_word' id='word_1_169' title='bbox 1418 2522 1495 2575; x_wconf 79' lang='lat' dir='ltr'><strong><em>Ex</em></strong></span> <span class='ocrx_word' id='word_1_170' title='bbox 1538 2523 1735 2592; x_wconf 86' lang='lat' dir='ltr'><strong><em>quibus</em></strong></span> <span class='ocrx_word' id='word_1_171' title='bbox 1782 2522 1947 2576; x_wconf 85' lang='lat' dir='ltr'><strong><em>rebus</em></strong></span> <span class='ocrx_word' id='word_1_172' title='bbox 1992 2523 2181 2577; x_wconf 87' lang='lat' dir='ltr'><strong><em>incen-</em></strong></span> 
     </span>
    </p>
   </div>
   <div class='ocr_carea' id='block_1_27' title="bbox 609 2610 2182 2675">
    <p class='ocr_par' dir='ltr' id='par_1_27' title="bbox 609 2610 2182 2675">
     <span class='ocr_line' id='line_1_27' title="bbox 609 2610 2182 2675; baseline 0.001 -11"><span class='ocrx_word' id='word_1_173' title='bbox 609 2610 814 2664; x_wconf 91' lang='lat' dir='ltr'><strong><em>duntur</em></strong></span> <span class='ocrx_word' id='word_1_174' title='bbox 863 2612 1124 2667; x_wconf 87' lang='lat' dir='ltr'><strong><em>adversus</em></strong></span> <span class='ocrx_word' id='word_1_175' title='bbox 1186 2614 1424 2666; x_wconf 89' lang='lat' dir='ltr'><strong><em>animam</em></strong></span> <span class='ocrx_word' id='word_1_176' title='bbox 1487 2614 1725 2667; x_wconf 84' lang='lat' dir='ltr'><strong><em>carnalia</em></strong></span> <span class='ocrx_word' id='word_1_177' title='bbox 1790 2612 2081 2675; x_wconf 87' lang='lat' dir='ltr'><strong><em>desideria,</em></strong></span> <span class='ocrx_word' id='word_1_178' title='bbox 2128 2621 2182 2666; x_wconf 91' lang='lat' dir='ltr'><strong><em>et</em></strong></span> 
     </span>
    </p>
   </div>
   <div class='ocr_carea' id='block_1_28' title="bbox 607 2703 2177 2776">
    <p class='ocr_par' dir='ltr' id='par_1_28' title="bbox 607 2703 2177 2776">
     <span class='ocr_line' id='line_1_28' title="bbox 607 2703 2177 2776; baseline -0.001 -19"><span class='ocrx_word' id='word_1_179' title='bbox 607 2703 858 2758; x_wconf 77' lang='lat' dir='ltr'><strong><em>exuritur</em></strong></span> <span class='ocrx_word' id='word_1_180' title='bbox 906 2704 1101 2759; x_wconf 87' lang='lat' dir='ltr'><strong><em>domus</em></strong></span> <span class='ocrx_word' id='word_1_181' title='bbox 1141 2705 1255 2770; x_wconf 88' lang='lat' dir='ltr'><strong><em>Dei,</em></strong></span> <span class='ocrx_word' id='word_1_182' title='bbox 1284 2706 1376 2776; x_wconf 90' lang='lat' dir='ltr'><strong><em>qui</em></strong></span> <span class='ocrx_word' id='word_1_183' title='bbox 1413 2706 1636 2760; x_wconf 84' lang='lat' dir='ltr'><strong><em>interior</em></strong></span> <span class='ocrx_word' id='word_1_184' title='bbox 1669 2706 1832 2761; x_wconf 92' lang='lat' dir='ltr'><strong><em>homo</em></strong></span> <span class='ocrx_word' id='word_1_185' title='bbox 1862 2716 2046 2759; x_wconf 90' lang='lat' dir='ltr'><strong><em>noster</em></strong></span> <span class='ocrx_word' id='word_1_186' title='bbox 2077 2714 2177 2759; x_wconf 90' lang='lat' dir='ltr'><strong><em>est.</em></strong></span> 
     </span>
    </p>
   </div>
   <div class='ocr_carea' id='block_1_29' title="bbox 610 2794 2179 2869">
    <p class='ocr_par' dir='ltr' id='par_1_29' title="bbox 610 2794 2179 2869">
     <span class='ocr_line' id='line_1_29' title="bbox 610 2794 2179 2869; baseline 0.001 -20"><span class='ocrx_word' id='word_1_187' title='bbox 610 2794 716 2851; x_wconf 91' lang='lat' dir='ltr'><strong><em>Sed</em></strong></span> <span class='ocrx_word' id='word_1_188' title='bbox 762 2804 1021 2865; x_wconf 85' lang='lat' dir='ltr'><strong><em>tanquam</em></strong></span> <span class='ocrx_word' id='word_1_189' title='bbox 1068 2797 1313 2867; x_wconf 84' lang='lat' dir='ltr'><strong><em>hospites</em></strong></span> <span class='ocrx_word' id='word_1_190' title='bbox 1349 2807 1401 2852; x_wconf 89' lang='lat' dir='ltr'><strong><em>et</em></strong></span> <span class='ocrx_word' id='word_1_191' title='bbox 1427 2799 1696 2869; x_wconf 89' lang='lat' dir='ltr'><strong><em>peregrini</em></strong></span> <span class='ocrx_word' id='word_1_192' title='bbox 1747 2798 1939 2863; x_wconf 86' lang='lat' dir='ltr'><strong><em>simus,</em></strong></span> <span class='ocrx_word' id='word_1_193' title='bbox 1980 2799 2179 2868; x_wconf 77' lang='lat' dir='ltr'><strong><em>singuli</em></strong></span> 
     </span>
    </p>
   </div>
   <div class='ocr_carea' id='block_1_30' title="bbox 606 2887 2177 2959">
    <p class='ocr_par' dir='ltr' id='par_1_30' title="bbox 606 2887 2177 2959">
     <span class='ocr_line' id='line_1_30' title="bbox 606 2887 2177 2959; baseline 0.001 -18"><span class='ocrx_word' id='word_1_194' title='bbox 606 2897 871 2954; x_wconf 75' lang='lat' dir='ltr'><strong><em>vestrum,</em></strong></span> <span class='ocrx_word' id='word_1_195' title='bbox 900 2887 1116 2956; x_wconf 83' lang='lat' dir='ltr'><strong><em>fratres,</em></strong></span> <span class='ocrx_word' id='word_1_196' title='bbox 1152 2891 1204 2943; x_wconf 92' lang='lat' dir='ltr'><strong><em>in</em></strong></span> <span class='ocrx_word' id='word_1_197' title='bbox 1241 2890 1339 2943; x_wconf 87' lang='lat' dir='ltr'><strong><em>hac</em></strong></span> <span class='ocrx_word' id='word_1_198' title='bbox 1367 2890 1744 2959; x_wconf 79' lang='lat' dir='ltr'><strong><em>persecutione</em></strong></span> <span class='ocrx_word' id='word_1_199' title='bbox 1766 2890 1921 2959; x_wconf 77' lang='lat' dir='ltr'><strong><em>quasi</em></strong></span> <span class='ocrx_word' id='word_1_200' title='bbox 1950 2892 2177 2943; x_wconf 84' lang='lat' dir='ltr'><strong><em>morien-</em></strong></span> 
     </span>
    </p>
   </div>
   <div class='ocr_carea' id='block_1_31' title="bbox 609 2982 2180 3052">
    <p class='ocr_par' dir='ltr' id='par_1_31' title="bbox 609 2982 2180 3052">
     <span class='ocr_line' id='line_1_31' title="bbox 609 2982 2180 3052; baseline 0.003 -20"><span class='ocrx_word' id='word_1_201' title='bbox 609 2990 705 3043; x_wconf 75' lang='lat' dir='ltr'><strong><em>tes,</em></strong></span> <span class='ocrx_word' id='word_1_202' title='bbox 730 2990 779 3034; x_wconf 88' lang='lat' dir='ltr'><strong><em>et</em></strong></span> <span class='ocrx_word' id='word_1_203' title='bbox 804 2996 917 3034; x_wconf 84' lang='lat' dir='ltr'><strong><em>ecce</em></strong></span> <span class='ocrx_word' id='word_1_204' title='bbox 944 2983 1160 3036; x_wconf 77' lang='lat' dir='ltr'><strong><em>vivimus</em></strong></span> <span class='ocrx_word' id='word_1_205' title='bbox 1192 2996 1211 3034; x_wconf 82' lang='lat'><strong><em>.&#39;</em></strong></span> <span class='ocrx_word' id='word_1_206' title='bbox 1248 2990 1305 3035; x_wconf 87' lang='lat' dir='ltr'><strong><em>ut</em></strong></span> <span class='ocrx_word' id='word_1_207' title='bbox 1337 2982 1587 3052; x_wconf 72' lang='lat' dir='ltr'><strong><em>castigati</em></strong></span> <span class='ocrx_word' id='word_1_208' title='bbox 1610 2990 1659 3035; x_wconf 86' lang='lat' dir='ltr'><strong><em>et</em></strong></span> <span class='ocrx_word' id='word_1_209' title='bbox 1696 2997 1797 3035; x_wconf 86' lang='lat' dir='ltr'><strong><em>non</em></strong></span> <span class='ocrx_word' id='word_1_210' title='bbox 1821 2983 2129 3050; x_wconf 71' lang='lat' dir='ltr'><strong><em>morti/irati</em></strong></span> <span class='ocrx_word' id='word_1_211' title='bbox 2162 2999 2180 3037; x_wconf 91' lang='lat'><strong><em>:</em></strong></span> 
     </span>
    </p>
   </div>
   <div class='ocr_carea' id='block_1_32' title="bbox 606 3072 2176 3142">
    <p class='ocr_par' dir='ltr' id='par_1_32' title="bbox 606 3072 2176 3142">
     <span class='ocr_line' id='line_1_32' title="bbox 606 3072 2176 3142; baseline 0.003 -20"><span class='ocrx_word' id='word_1_212' title='bbox 606 3072 759 3140; x_wconf 80' lang='lat' dir='ltr'><strong><em>quasi</em></strong></span> <span class='ocrx_word' id='word_1_213' title='bbox 790 3072 985 3136; x_wconf 75' lang='lat' dir='ltr'><strong><em>tristes,</em></strong></span> <span class='ocrx_word' id='word_1_214' title='bbox 1010 3089 1211 3142; x_wconf 75' lang='lat' dir='ltr'><strong><em>semper</em></strong></span> <span class='ocrx_word' id='word_1_215' title='bbox 1238 3084 1411 3127; x_wconf 87' lang='lat' dir='ltr'><strong><em>autem</em></strong></span> <span class='ocrx_word' id='word_1_216' title='bbox 1437 3074 1720 3142; x_wconf 73' lang='lat' dir='ltr'><strong><em>gaudentes</em></strong></span> <span class='ocrx_word' id='word_1_217' title='bbox 1744 3088 1763 3125; x_wconf 91' lang='lat'><strong><em>:</em></strong></span> <span class='ocrx_word' id='word_1_218' title='bbox 1796 3073 1930 3126; x_wconf 78' lang='lat' dir='ltr'><strong><em>sicut</em></strong></span> <span class='ocrx_word' id='word_1_219' title='bbox 1952 3084 2176 3142; x_wconf 79' lang='lat' dir='ltr'><strong><em>egentes,</em></strong></span> 
     </span>
    </p>
   </div>
   <div class='ocr_carea' id='block_1_33' title="bbox 2283 578 3888 650">
    <p class='ocr_par' dir='ltr' id='par_1_33' title="bbox 2283 578 3888 650">
     <span class='ocr_line' id='line_1_33' title="bbox 2283 578 3888 650; baseline 0.001 -19"><span class='ocrx_word' id='word_1_220' title='bbox 2283 595 2434 631; x_wconf 85' lang='grc' dir='ltr'>πται·</span> <span class='ocrx_word' id='word_1_221' title='bbox 2462 578 2535 631; x_wconf 74' lang='grc' dir='ltr'><strong><em>ΕΖ</em></strong></span> <span class='ocrx_word' id='word_1_222' title='bbox 2556 596 2647 642; x_wconf 83' lang='grc' dir='ltr'><strong><em>τις</em></strong></span> <span class='ocrx_word' id='word_1_223' title='bbox 2661 579 2843 632; x_wconf 67' lang='grc' dir='ltr'><strong><em>λαλεῖ</em></strong></span> <span class='ocrx_word' id='word_1_224' title='bbox 2857 580 2940 644; x_wconf 85' lang='grc' dir='ltr'>ὡς</span> <span class='ocrx_word' id='word_1_225' title='bbox 2962 580 3138 648; x_wconf 76' lang='grc' dir='ltr'>λόγια</span> <span class='ocrx_word' id='word_1_226' title='bbox 3155 578 3323 641; x_wconf 83' lang='grc' dir='ltr'><strong><em>Θεοῦ,</em></strong></span> <span class='ocrx_word' id='word_1_227' title='bbox 3350 578 3497 631; x_wconf 77' lang='grc' dir='ltr'>ἀλλὰ</span> <span class='ocrx_word' id='word_1_228' title='bbox 3530 581 3613 650; x_wconf 80' lang='grc' dir='ltr'><strong><em>μὴ</em></strong></span> <span class='ocrx_word' id='word_1_229' title='bbox 3656 598 3888 648; x_wconf 78' lang='grc' dir='ltr'>ματαιο-</span> 
     </span>
    </p>
   </div>
   <div class='ocr_carea' id='block_1_34' title="bbox 2280 670 3884 741">
    <p class='ocr_par' dir='ltr' id='par_1_34' title="bbox 2280 670 3884 741">
     <span class='ocr_line' id='line_1_34' title="bbox 2280 670 3884 741; baseline 0.001 -19"><span class='ocrx_word' id='word_1_230' title='bbox 2280 672 2468 737; x_wconf 79' lang='grc' dir='ltr'>λογίας</span> <span class='ocrx_word' id='word_1_231' title='bbox 2497 687 2510 701; x_wconf 90' lang='grc'><strong>·</strong></span> <span class='ocrx_word' id='word_1_232' title='bbox 2546 672 2602 723; x_wconf 76' lang='lat' dir='ltr'><strong><em>et</em></strong></span> <span class='ocrx_word' id='word_1_233' title='bbox 2636 689 2725 737; x_wconf 81' lang='grc' dir='ltr'><strong><em>τις</em></strong></span> <span class='ocrx_word' id='word_1_234' title='bbox 2766 670 3060 733; x_wconf 80' lang='grc' dir='ltr'>διακονεῖ,</span> <span class='ocrx_word' id='word_1_235' title='bbox 3108 671 3189 736; x_wconf 85' lang='grc' dir='ltr'>ὠς</span> <span class='ocrx_word' id='word_1_236' title='bbox 3235 670 3306 733; x_wconf 79' lang='grc' dir='ltr'><strong><em>ἐξ</em></strong></span> <span class='ocrx_word' id='word_1_237' title='bbox 3338 672 3590 738; x_wconf 71' lang='grc' dir='ltr'><strong><em>ἰσχύος,</em></strong></span> <span class='ocrx_word' id='word_1_238' title='bbox 3630 673 3783 725; x_wconf 81' lang='grc' dir='ltr'><strong><em>ἀλλά</em></strong></span> <span class='ocrx_word' id='word_1_239' title='bbox 3816 673 3884 741; x_wconf 72' lang='grc' dir='ltr'>μὴ</span> 
     </span>
    </p>
   </div>
   <div class='ocr_carea' id='block_1_35' title="bbox 2281 760 3884 833">
    <p class='ocr_par' dir='ltr' id='par_1_35' title="bbox 2281 760 3884 833">
     <span class='ocr_line' id='line_1_35' title="bbox 2281 760 3884 833; baseline -0.002 -17"><span class='ocrx_word' id='word_1_240' title='bbox 2281 763 2403 816; x_wconf 84' lang='grc' dir='ltr'>καθ’</span> <span class='ocrx_word' id='word_1_241' title='bbox 2474 764 2883 833; x_wconf 70' lang='grc' dir='ltr'><strong><em>ὑπερηφανίαν·</em></strong></span> <span class='ocrx_word' id='word_1_242' title='bbox 2920 764 3093 825; x_wconf 80' lang='grc' dir='ltr'>εἴτις</span> <span class='ocrx_word' id='word_1_243' title='bbox 3158 760 3457 832; x_wconf 74' lang='grc' dir='ltr'>ἐργάζεται</span> <span class='ocrx_word' id='word_1_244' title='bbox 3526 767 3665 825; x_wconf 74' lang='grc' dir='ltr'>ταῖς</span> <span class='ocrx_word' id='word_1_245' title='bbox 3728 764 3884 824; x_wconf 76' lang='grc' dir='ltr'>ἰδίαις</span> 
     </span>
    </p>
   </div>
   <div class='ocr_carea' id='block_1_36' title="bbox 2281 849 3882 925">
    <p class='ocr_par' dir='ltr' id='par_1_36' title="bbox 2281 849 3882 925">
     <span class='ocr_line' id='line_1_36' title="bbox 2281 849 3882 925; baseline -0.002 -18"><span class='ocrx_word' id='word_1_246' title='bbox 2281 855 2460 925; x_wconf 73' lang='grc' dir='ltr'>χερσὶ,</span> <span class='ocrx_word' id='word_1_247' title='bbox 2502 855 2639 924; x_wconf 71' lang='grc' dir='ltr'>πρὸς</span> <span class='ocrx_word' id='word_1_248' title='bbox 2701 856 2762 907; x_wconf 79' lang='grc' dir='ltr'>τὸ</span> <span class='ocrx_word' id='word_1_249' title='bbox 2805 853 2880 924; x_wconf 82' lang='grc' dir='ltr'>μὴ</span> <span class='ocrx_word' id='word_1_250' title='bbox 2923 853 3193 922; x_wconf 72' lang='grc' dir='ltr'>ἐπιϐαρὴς</span> <span class='ocrx_word' id='word_1_251' title='bbox 3248 849 3410 915; x_wconf 76' lang='grc' dir='ltr'>εἶναι,</span> <span class='ocrx_word' id='word_1_252' title='bbox 3467 854 3620 905; x_wconf 75' lang='grc' dir='ltr'>ἀλλὰ</span> <span class='ocrx_word' id='word_1_253' title='bbox 3696 856 3775 923; x_wconf 69' lang='grc' dir='ltr'>μὴ</span> <span class='ocrx_word' id='word_1_254' title='bbox 3814 857 3882 912; x_wconf 66' lang='grc' dir='ltr'>ὡς</span> 
     </span>
    </p>
   </div>
   <div class='ocr_carea' id='block_1_37' title="bbox 2281 944 3881 1017">
    <p class='ocr_par' dir='ltr' id='par_1_37' title="bbox 2281 944 3881 1017">
     <span class='ocr_line' id='line_1_37' title="bbox 2281 944 3881 1017; baseline -0.002 -18"><span class='ocrx_word' id='word_1_255' title='bbox 2281 947 2451 1017; x_wconf 78' lang='grc' dir='ltr'>ἀργὸς</span> <span class='ocrx_word' id='word_1_256' title='bbox 2512 947 2981 1016; x_wconf 75' lang='grc' dir='ltr'>κατακρινὸμενος</span> <span class='ocrx_word' id='word_1_257' title='bbox 3044 945 3268 999; x_wconf 75' lang='grc' dir='ltr'>καὶτοῦ</span> <span class='ocrx_word' id='word_1_258' title='bbox 3319 944 3557 1000; x_wconf 82' lang='grc' dir='ltr'>ἐσθίειν.</span> <span class='ocrx_word' id='word_1_259' title='bbox 3604 946 3685 999; x_wconf 80' lang='grc' dir='ltr'>Εἴ</span> <span class='ocrx_word' id='word_1_260' title='bbox 3722 965 3810 1008; x_wconf 82' lang='grc' dir='ltr'><strong><em>τις</em></strong></span> <span class='ocrx_word' id='word_1_261' title='bbox 3832 958 3881 999; x_wconf 77' lang='grc' dir='ltr'>εν</span> 
     </span>
    </p>
   </div>
   <div class='ocr_carea' id='block_1_38' title="bbox 2283 1037 3881 1110">
    <p class='ocr_par' dir='ltr' id='par_1_38' title="bbox 2283 1037 3881 1110">
     <span class='ocr_line' id='line_1_38' title="bbox 2283 1037 3881 1110; baseline 0.001 -19"><span class='ocrx_word' id='word_1_262' title='bbox 2283 1042 2417 1092; x_wconf 69' lang='grc' dir='ltr'>πᾶσι</span> <span class='ocrx_word' id='word_1_263' title='bbox 2442 1039 2562 1092; x_wconf 88' lang='grc' dir='ltr'>κατ’</span> <span class='ocrx_word' id='word_1_264' title='bbox 2610 1037 2831 1107; x_wconf 80' lang='grc' dir='ltr'>ἐντολὴν</span> <span class='ocrx_word' id='word_1_265' title='bbox 2856 1040 3112 1110; x_wconf 83' lang='grc' dir='ltr'>πράσσει,</span> <span class='ocrx_word' id='word_1_266' title='bbox 3139 1038 3215 1099; x_wconf 85' lang='grc' dir='ltr'>ὼς</span> <span class='ocrx_word' id='word_1_267' title='bbox 3253 1039 3503 1107; x_wconf 75' lang='grc' dir='ltr'><strong><em>ἐργάτης</em></strong></span> <span class='ocrx_word' id='word_1_268' title='bbox 3531 1038 3709 1101; x_wconf 74' lang='grc' dir='ltr'>Θεοῦ,</span> 
     </span>
    </p>
   </div>
   <div class='ocr_carea' id='block_1_39' title="bbox 2287 1129 3877 1201">
    <p class='ocr_par' dir='ltr' id='par_1_39' title="bbox 2287 1129 3877 1201">
     <span class='ocr_line' id='line_1_39' title="bbox 2287 1129 3877 1201; baseline -0.001 -18"><span class='ocrx_word' id='word_1_269' title='bbox 2287 1132 2361 1201; x_wconf 83' lang='grc' dir='ltr'>μὴ</span> <span class='ocrx_word' id='word_1_270' title='bbox 2388 1131 2530 1183; x_wconf 73' lang='grc' dir='ltr'>κατὰ</span> <span class='ocrx_word' id='word_1_271' title='bbox 2572 1130 2868 1183; x_wconf 74' lang='grc' dir='ltr'>σκάνδαλον</span> <span class='ocrx_word' id='word_1_272' title='bbox 2930 1130 3254 1199; x_wconf 81' lang='grc' dir='ltr'>γιγνόμενος</span> <span class='ocrx_word' id='word_1_273' title='bbox 3302 1129 3396 1181; x_wconf 68' lang='grc' dir='ltr'>τοῦ</span> <span class='ocrx_word' id='word_1_274' title='bbox 3435 1129 3625 1193; x_wconf 76' lang='grc' dir='ltr'>πέλας</span> <span class='ocrx_word' id='word_1_275' title='bbox 3650 1150 3667 1162; x_wconf 79' lang='grc' dir='ltr'><strong><em>ο</em></strong></span> <span class='ocrx_word' id='word_1_276' title='bbox 3706 1133 3796 1184; x_wconf 77' lang='grc' dir='ltr'>ἵνα</span> <span class='ocrx_word' id='word_1_277' title='bbox 3829 1136 3877 1184; x_wconf 80' lang='grc' dir='ltr'>ἐν</span> 
     </span>
    </p>
   </div>
   <div class='ocr_carea' id='block_1_40' title="bbox 2287 1222 3877 1291">
    <p class='ocr_par' dir='ltr' id='par_1_40' title="bbox 2287 1222 3877 1291">
     <span class='ocr_line' id='line_1_40' title="bbox 2287 1222 3877 1291; baseline 0 -17"><span class='ocrx_word' id='word_1_278' title='bbox 2287 1224 2418 1274; x_wconf 78' lang='grc' dir='ltr'>πᾶσι</span> <span class='ocrx_word' id='word_1_279' title='bbox 2472 1222 2761 1291; x_wconf 75' lang='grc' dir='ltr'><strong><em>δοξάζηται</em></strong></span> <span class='ocrx_word' id='word_1_280' title='bbox 2818 1225 2847 1274; x_wconf 87' lang='grc' dir='ltr'><strong><em>ὁ</em></strong></span> <span class='ocrx_word' id='word_1_281' title='bbox 2887 1222 3057 1285; x_wconf 85' lang='grc' dir='ltr'>Θεός·</span> <span class='ocrx_word' id='word_1_282' title='bbox 3116 1222 3273 1289; x_wconf 80' lang='grc' dir='ltr'><strong><em>κάγὼ</em></strong></span> <span class='ocrx_word' id='word_1_283' title='bbox 3332 1224 3361 1275; x_wconf 82' lang='grc' dir='ltr'><strong><em>ὁ</em></strong></span> <span class='ocrx_word' id='word_1_284' title='bbox 3408 1222 3589 1285; x_wconf 78' lang='grc' dir='ltr'>τάλας</span> <span class='ocrx_word' id='word_1_285' title='bbox 3634 1224 3877 1286; x_wconf 68' lang='grc' dir='ltr'>ἁκούων,</span> 
     </span>
    </p>
   </div>
   <div class='ocr_carea' id='block_1_41' title="bbox 2284 1314 2855 1385">
    <p class='ocr_par' dir='ltr' id='par_1_41' title="bbox 2284 1314 2855 1385">
     <span class='ocr_line' id='line_1_41' title="bbox 2284 1314 2855 1385; baseline 0.005 -20"><span class='ocrx_word' id='word_1_286' title='bbox 2284 1314 2507 1383; x_wconf 78' lang='grc' dir='ltr'>εὐθυμῶ</span> <span class='ocrx_word' id='word_1_287' title='bbox 2539 1317 2634 1367; x_wconf 79' lang='grc' dir='ltr'>καὶ</span> <span class='ocrx_word' id='word_1_288' title='bbox 2660 1314 2855 1385; x_wconf 84' lang='grc' dir='ltr'><strong><em>χαίρω.</em></strong></span> 
     </span>
    </p>
   </div>
   <div class='ocr_carea' id='block_1_42' title="bbox 2354 1425 3875 1499">
    <p class='ocr_par' dir='ltr' id='par_1_42' title="bbox 2354 1425 3875 1499">
     <span class='ocr_line' id='line_1_42' title="bbox 2354 1425 3875 1499; baseline 0.001 -22"><span class='ocrx_word' id='word_1_289' title='bbox 2354 1425 2586 1478; x_wconf 83' lang='grc' dir='ltr'><strong>Βλέπετε</strong></span> <span class='ocrx_word' id='word_1_290' title='bbox 2612 1426 2737 1489; x_wconf 72' lang='grc' dir='ltr'>τοὺς</span> <span class='ocrx_word' id='word_1_291' title='bbox 2787 1428 2992 1489; x_wconf 72' lang='grc' dir='ltr'>κακοὺς</span> <span class='ocrx_word' id='word_1_292' title='bbox 3039 1426 3452 1495; x_wconf 74' lang='grc' dir='ltr'>συνδυασμούς’</span> <span class='ocrx_word' id='word_1_293' title='bbox 3502 1426 3750 1495; x_wconf 79' lang='grc' dir='ltr'><strong><em>βλέπετε</em></strong></span> <span class='ocrx_word' id='word_1_294' title='bbox 3785 1430 3875 1499; x_wconf 65' lang='grc' dir='ltr'>τὴν</span> 
     </span>
    </p>
   </div>
   <div class='ocr_carea' id='block_1_43' title="bbox 2285 1517 3874 1590">
    <p class='ocr_par' dir='ltr' id='par_1_43' title="bbox 2285 1517 3874 1590">
     <span class='ocr_line' id='line_1_43' title="bbox 2285 1517 3874 1590; baseline 0.002 -22"><span class='ocrx_word' id='word_1_295' title='bbox 2285 1517 2535 1587; x_wconf 76' lang='grc' dir='ltr'>ὀλεθρίαν</span> <span class='ocrx_word' id='word_1_296' title='bbox 2558 1518 2873 1589; x_wconf 63' lang='grc' dir='ltr'>παρρησίαν</span> <span class='ocrx_word' id='word_1_297' title='bbox 2898 1534 2913 1549; x_wconf 75' lang='grc' dir='ltr'><strong>ο</strong></span> <span class='ocrx_word' id='word_1_298' title='bbox 2943 1518 3168 1589; x_wconf 75' lang='grc' dir='ltr'><strong><em>βλέπετε</em></strong></span> <span class='ocrx_word' id='word_1_299' title='bbox 3217 1519 3317 1589; x_wconf 80' lang='grc' dir='ltr'>τὴν</span> <span class='ocrx_word' id='word_1_300' title='bbox 3366 1520 3721 1589; x_wconf 78' lang='grc' dir='ltr'>πορνοποιδν</span> <span class='ocrx_word' id='word_1_301' title='bbox 3748 1522 3874 1590; x_wconf 65' lang='grc' dir='ltr'><strong><em>ἁδη-</em></strong></span> 
     </span>
    </p>
   </div>
   <div class='ocr_carea' id='block_1_44' title="bbox 2287 1608 3871 1680">
    <p class='ocr_par' dir='ltr' id='par_1_44' title="bbox 2287 1608 3871 1680">
     <span class='ocr_line' id='line_1_44' title="bbox 2287 1608 3871 1680; baseline -0.01 -3"><span class='ocrx_word' id='word_1_302' title='bbox 2287 1610 2523 1678; x_wconf 69' lang='grc' dir='ltr'>φαγέειν·</span> <span class='ocrx_word' id='word_1_303' title='bbox 2566 1612 2727 1680; x_wconf 80' lang='grc' dir='ltr'>μήτις</span> <span class='ocrx_word' id='word_1_304' title='bbox 2771 1608 2907 1679; x_wconf 75' lang='grc' dir='ltr'>μετὰ</span> <span class='ocrx_word' id='word_1_305' title='bbox 2938 1610 3197 1677; x_wconf 79' lang='grc' dir='ltr'>γυναικὸς</span> <span class='ocrx_word' id='word_1_306' title='bbox 3232 1610 3495 1678; x_wconf 81' lang='grc' dir='ltr'>ὁμιλεέτω</span> <span class='ocrx_word' id='word_1_307' title='bbox 3527 1611 3668 1663; x_wconf 79' lang='grc' dir='ltr'>ἄνευ</span> <span class='ocrx_word' id='word_1_308' title='bbox 3702 1613 3871 1677; x_wconf 71' lang='grc' dir='ltr'>ἀνάτ-</span> 
     </span>
    </p>
   </div>
   <div class='ocr_carea' id='block_1_45' title="bbox 2287 1700 3869 1772">
    <p class='ocr_par' dir='ltr' id='par_1_45' title="bbox 2287 1700 3869 1772">
     <span class='ocr_line' id='line_1_45' title="bbox 2287 1700 3869 1772; baseline 0 -18"><span class='ocrx_word' id='word_1_309' title='bbox 2287 1718 2416 1770; x_wconf 81' lang='grc' dir='ltr'>κης·</span> <span class='ocrx_word' id='word_1_310' title='bbox 2456 1702 2616 1772; x_wconf 86' lang='grc' dir='ltr'>μήτις</span> <span class='ocrx_word' id='word_1_311' title='bbox 2654 1702 3059 1769; x_wconf 81' lang='grc' dir='ltr'>μεμονωμὲνως</span> <span class='ocrx_word' id='word_1_312' title='bbox 3088 1700 3403 1763; x_wconf 76' lang='grc' dir='ltr'>καθεζὲσθω</span> <span class='ocrx_word' id='word_1_313' title='bbox 3424 1718 3438 1731; x_wconf 93' lang='grc'><strong>·</strong></span> <span class='ocrx_word' id='word_1_314' title='bbox 3467 1704 3646 1771; x_wconf 81' lang='grc' dir='ltr'>μήτις</span> <span class='ocrx_word' id='word_1_315' title='bbox 3674 1703 3869 1770; x_wconf 61' lang='grc' dir='ltr'>φιλ-,τρ-</span> 
     </span>
    </p>
   </div>
   <div class='ocr_carea' id='block_1_46' title="bbox 2288 1791 3440 1863">
    <p class='ocr_par' dir='ltr' id='par_1_46' title="bbox 2288 1791 3440 1863">
     <span class='ocr_line' id='line_1_46' title="bbox 2288 1791 3440 1863; baseline 0.003 -21"><span class='ocrx_word' id='word_1_316' title='bbox 2288 1791 2527 1860; x_wconf 80' lang='grc' dir='ltr'>γυρείτω</span> <span class='ocrx_word' id='word_1_317' title='bbox 2576 1792 2813 1861; x_wconf 82' lang='grc' dir='ltr'>κέρματι</span> <span class='ocrx_word' id='word_1_318' title='bbox 2866 1792 3047 1862; x_wconf 83' lang='grc' dir='ltr'>κέρμα</span> <span class='ocrx_word' id='word_1_319' title='bbox 3098 1793 3440 1863; x_wconf 75' lang='grc' dir='ltr'>προστιθεὶς,</span> 
     </span>
    </p>
   </div>
   <div class='ocr_carea' id='block_1_47' title="bbox 2286 1878 3869 1956">
    <p class='ocr_par' dir='ltr' id='par_1_47' title="bbox 2286 1878 3869 1956">
     <span class='ocr_line' id='line_1_47' title="bbox 2286 1878 3869 1956; baseline 0.001 -21"><span class='ocrx_word' id='word_1_320' title='bbox 2286 1884 2530 1955; x_wconf 72' lang='grc' dir='ltr'>χρυσίον,</span> <span class='ocrx_word' id='word_1_321' title='bbox 2563 1885 2622 1937; x_wconf 78' lang='grc' dir='ltr'>ὲν</span> <span class='ocrx_word' id='word_1_322' title='bbox 2655 1878 2697 1951; x_wconf 82' lang='grc' dir='ltr'>ᾧ</span> <span class='ocrx_word' id='word_1_323' title='bbox 2728 1884 2973 1954; x_wconf 77' lang='grc' dir='ltr'>ριζοῦται</span> <span class='ocrx_word' id='word_1_324' title='bbox 3006 1887 3038 1955; x_wconf 83' lang='grc' dir='ltr'><strong>ή</strong></span> <span class='ocrx_word' id='word_1_325' title='bbox 3072 1886 3335 1955; x_wconf 83' lang='grc' dir='ltr'>ἁμαρτία,</span> <span class='ocrx_word' id='word_1_326' title='bbox 3370 1886 3465 1939; x_wconf 75' lang='grc' dir='ltr'>καὶ</span> <span class='ocrx_word' id='word_1_327' title='bbox 3502 1888 3537 1956; x_wconf 79' lang='grc' dir='ltr'>ἡ</span> <span class='ocrx_word' id='word_1_328' title='bbox 3585 1887 3756 1955; x_wconf 75' lang='grc' dir='ltr'>μερὶς</span> <span class='ocrx_word' id='word_1_329' title='bbox 3786 1887 3869 1938; x_wconf 74' lang='grc' dir='ltr'>τοῦ</span> 
     </span>
    </p>
   </div>
   <div class='ocr_carea' id='block_1_48' title="bbox 2300 1972 3869 2047">
    <p class='ocr_par' dir='ltr' id='par_1_48' title="bbox 2300 1972 3869 2047">
     <span class='ocr_line' id='line_1_48' title="bbox 2300 1972 3869 2047; baseline 0.003 -23"><span class='ocrx_word' id='word_1_330' title='bbox 2300 1972 2488 2026; x_wconf 80' lang='grc' dir='ltr'>Ἰούδα.</span> <span class='ocrx_word' id='word_1_331' title='bbox 2521 1976 2699 2045; x_wconf 71' lang='grc' dir='ltr'>Μῆτις</span> <span class='ocrx_word' id='word_1_332' title='bbox 2724 1974 3134 2045; x_wconf 82' lang='grc' dir='ltr'>άπεμπολείτω,</span> <span class='ocrx_word' id='word_1_333' title='bbox 3174 1975 3275 2045; x_wconf 79' lang='grc' dir='ltr'>τὴν</span> <span class='ocrx_word' id='word_1_334' title='bbox 3303 1976 3619 2047; x_wconf 75' lang='grc' dir='ltr'>μοναχικὴν</span> <span class='ocrx_word' id='word_1_335' title='bbox 3650 1978 3869 2029; x_wconf 78' lang='grc' dir='ltr'><strong><em>ἐλευθε-</em></strong></span> 
     </span>
    </p>
   </div>
   <div class='ocr_carea' id='block_1_49' title="bbox 2288 2064 3868 2138">
    <p class='ocr_par' dir='ltr' id='par_1_49' title="bbox 2288 2064 3868 2138">
     <span class='ocr_line' id='line_1_49' title="bbox 2288 2064 3868 2138; baseline 0.004 -25"><span class='ocrx_word' id='word_1_336' title='bbox 2288 2064 2411 2132; x_wconf 83' lang='grc' dir='ltr'>ρίαν</span> <span class='ocrx_word' id='word_1_337' title='bbox 2462 2064 2760 2134; x_wconf 79' lang='grc' dir='ltr'><strong><em>κτώμενος,</em></strong></span> <span class='ocrx_word' id='word_1_338' title='bbox 2831 2064 3220 2136; x_wconf 78' lang='grc' dir='ltr'>άργυρώνητον</span> <span class='ocrx_word' id='word_1_339' title='bbox 3260 2066 3468 2120; x_wconf 76' lang='grc' dir='ltr'>δοῦλον.</span> <span class='ocrx_word' id='word_1_340' title='bbox 3521 2069 3716 2138; x_wconf 74' lang='grc' dir='ltr'>Μέχρι</span> <span class='ocrx_word' id='word_1_341' title='bbox 3770 2068 3868 2136; x_wconf 73' lang='grc' dir='ltr'>γάρ</span> 
     </span>
    </p>
   </div>
   <div class='ocr_carea' id='block_1_50' title="bbox 2282 2156 3864 2229">
    <p class='ocr_par' dir='ltr' id='par_1_50' title="bbox 2282 2156 3864 2229">
     <span class='ocr_line' id='line_1_50' title="bbox 2282 2156 3864 2229; baseline 0.004 -23"><span class='ocrx_word' id='word_1_342' title='bbox 2282 2156 2435 2207; x_wconf 76' lang='grc' dir='ltr'>τοῦδε</span> <span class='ocrx_word' id='word_1_343' title='bbox 2474 2156 2708 2226; x_wconf 70' lang='grc' dir='ltr'>ἔφθασεν</span> <span class='ocrx_word' id='word_1_344' title='bbox 2752 2159 2787 2228; x_wconf 80' lang='grc' dir='ltr'>ἦ</span> <span class='ocrx_word' id='word_1_345' title='bbox 2834 2176 2999 2211; x_wconf 86' lang='grc' dir='ltr'>τινων</span> <span class='ocrx_word' id='word_1_346' title='bbox 3056 2160 3310 2229; x_wconf 70' lang='grc' dir='ltr'>πονηρία,</span> <span class='ocrx_word' id='word_1_347' title='bbox 3365 2159 3766 2213; x_wconf 76' lang='grc' dir='ltr'>δουλωθέντων</span> <span class='ocrx_word' id='word_1_348' title='bbox 3810 2166 3864 2229; x_wconf 65' lang='grc' dir='ltr'><strong><em>τῇ</em></strong></span> 
     </span>
    </p>
   </div>
   <div class='ocr_carea' id='block_1_51' title="bbox 2284 2246 3865 2329">
    <p class='ocr_par' dir='ltr' id='par_1_51' title="bbox 2284 2246 3865 2329">
     <span class='ocr_line' id='line_1_51' title="bbox 2284 2246 3865 2329; baseline 0.004 -32"><span class='ocrx_word' id='word_1_349' title='bbox 2284 2246 2647 2319; x_wconf 75' lang='grc' dir='ltr'>προσπαθείᾳ,</span> <span class='ocrx_word' id='word_1_350' title='bbox 2681 2250 2773 2301; x_wconf 74' lang='grc' dir='ltr'>καὶ</span> <span class='ocrx_word' id='word_1_351' title='bbox 2815 2248 3239 2302; x_wconf 77' lang='grc' dir='ltr'><strong><em>ἀπολωλεκότων</em></strong></span> <span class='ocrx_word' id='word_1_352' title='bbox 3268 2249 3331 2302; x_wconf 77' lang='grc' dir='ltr'><strong><em>τὸ</em></strong></span> <span class='ocrx_word' id='word_1_353' title='bbox 3364 2252 3678 2329; x_wconf 65' lang='grc' dir='ltr'>μοναχικόν</span> <span class='ocrx_word' id='word_1_354' title='bbox 3708 2253 3865 2317; x_wconf 77' lang='grc' dir='ltr'><strong><em>ὰξῖω-</em></strong></span> 
     </span>
    </p>
   </div>
   <div class='ocr_carea' id='block_1_52' title="bbox 2286 2336 3861 2405">
    <p class='ocr_par' dir='ltr' id='par_1_52' title="bbox 2286 2336 3861 2405">
     <span class='ocr_line' id='line_1_52' title="bbox 2286 2336 3861 2405; baseline 0.007 -21"><span class='ocrx_word' id='word_1_355' title='bbox 2286 2350 2383 2401; x_wconf 88' lang='grc' dir='ltr'>μα.</span> <span class='ocrx_word' id='word_1_356' title='bbox 2408 2336 2589 2405; x_wconf 77' lang='grc' dir='ltr'>Μῆτις</span> <span class='ocrx_word' id='word_1_357' title='bbox 2625 2336 3035 2404; x_wconf 68' lang='grc' dir='ltr'>οἰνοφλυγείτω,</span> <span class='ocrx_word' id='word_1_358' title='bbox 3072 2338 3287 2391; x_wconf 75' lang='grc' dir='ltr'>ἀκούων</span> <span class='ocrx_word' id='word_1_359' title='bbox 3336 2339 3434 2391; x_wconf 78' lang='grc' dir='ltr'><strong><em>τοῦ</em></strong></span> <span class='ocrx_word' id='word_1_360' title='bbox 3487 2341 3827 2395; x_wconf 74' lang='grc' dir='ltr'>Ἀποστόλου</span> <span class='ocrx_word' id='word_1_361' title='bbox 3849 2359 3861 2372; x_wconf 90' lang='grc'>·</span> 
     </span>
    </p>
   </div>
   <div class='ocr_carea' id='block_1_53' title="bbox 2294 2424 3863 2496">
    <p class='ocr_par' dir='ltr' id='par_1_53' title="bbox 2294 2424 3863 2496">
     <span class='ocr_line' id='line_1_53' title="bbox 2294 2424 3863 2496; baseline 0.005 -22"><span class='ocrx_word' id='word_1_362' title='bbox 2294 2424 2506 2492; x_wconf 75' lang='grc' dir='ltr'><strong><em>Ὀλίγῳ</em></strong></span> <span class='ocrx_word' id='word_1_363' title='bbox 2542 2426 2685 2489; x_wconf 80' lang='grc' dir='ltr'><strong><em>οἴνῳ</em></strong></span> <span class='ocrx_word' id='word_1_364' title='bbox 2726 2426 2870 2493; x_wconf 85' lang='grc' dir='ltr'>χρῶ,</span> <span class='ocrx_word' id='word_1_365' title='bbox 2900 2426 2999 2479; x_wconf 79' lang='grc' dir='ltr'>διὰ</span> <span class='ocrx_word' id='word_1_366' title='bbox 3056 2429 3164 2481; x_wconf 77' lang='grc' dir='ltr'><strong><em>τὸν</em></strong></span> <span class='ocrx_word' id='word_1_367' title='bbox 3218 2429 3539 2496; x_wconf 79' lang='grc' dir='ltr'>στόμαχόν</span> <span class='ocrx_word' id='word_1_368' title='bbox 3582 2446 3713 2484; x_wconf 82' lang='grc' dir='ltr'><strong><em>σου</em></strong></span> <span class='ocrx_word' id='word_1_369' title='bbox 3776 2432 3863 2484; x_wconf 77' lang='grc' dir='ltr'><strong><em>καί</em></strong></span> 
     </span>
    </p>
   </div>
   <div class='ocr_carea' id='block_1_54' title="bbox 2282 2511 3859 2586">
    <p class='ocr_par' dir='ltr' id='par_1_54' title="bbox 2282 2511 3859 2586">
     <span class='ocr_line' id='line_1_54' title="bbox 2282 2511 3859 2586; baseline 0.006 -24"><span class='ocrx_word' id='word_1_370' title='bbox 2282 2512 2387 2576; x_wconf 77' lang='grc' dir='ltr'>τὰς</span> <span class='ocrx_word' id='word_1_371' title='bbox 2416 2514 2650 2579; x_wconf 84' lang='grc' dir='ltr'>πυκνάς</span> <span class='ocrx_word' id='word_1_372' title='bbox 2694 2529 2813 2567; x_wconf 87' lang='grc' dir='ltr'><strong><em>σου</em></strong></span> <span class='ocrx_word' id='word_1_373' title='bbox 2860 2515 3199 2583; x_wconf 79' lang='grc' dir='ltr'><strong><em>ἀσθενείας.</em></strong></span> <span class='ocrx_word' id='word_1_374' title='bbox 3249 2518 3368 2586; x_wconf 81' lang='grc' dir='ltr'><strong><em>Ἀφ’</em></strong></span> <span class='ocrx_word' id='word_1_375' title='bbox 3418 2511 3496 2570; x_wconf 83' lang='grc' dir='ltr'>ὧν</span> <span class='ocrx_word' id='word_1_376' title='bbox 3522 2520 3859 2573; x_wconf 80' lang='grc' dir='ltr'>ἀνάπτονται</span> 
     </span>
    </p>
   </div>
   <div class='ocr_carea' id='block_1_55' title="bbox 2282 2605 3863 2682">
    <p class='ocr_par' dir='ltr' id='par_1_55' title="bbox 2282 2605 3863 2682">
     <span class='ocr_line' id='line_1_55' title="bbox 2282 2605 3863 2682; baseline 0.004 -23"><span class='ocrx_word' id='word_1_377' title='bbox 2282 2605 2425 2659; x_wconf 82' lang='grc' dir='ltr'>κατὰ</span> <span class='ocrx_word' id='word_1_378' title='bbox 2447 2606 2545 2675; x_wconf 74' lang='grc' dir='ltr'>τῆς</span> <span class='ocrx_word' id='word_1_379' title='bbox 2568 2606 2748 2677; x_wconf 71' lang='grc' dir='ltr'>ψυχῆς</span> <span class='ocrx_word' id='word_1_380' title='bbox 2789 2610 2844 2660; x_wconf 87' lang='grc' dir='ltr'><strong><em>αί</em></strong></span> <span class='ocrx_word' id='word_1_381' title='bbox 2901 2611 3163 2679; x_wconf 71' lang='grc' dir='ltr'>σαρκικαὶ</span> <span class='ocrx_word' id='word_1_382' title='bbox 3204 2610 3521 2681; x_wconf 75' lang='grc' dir='ltr'>ἐπιθυμίαι,</span> <span class='ocrx_word' id='word_1_383' title='bbox 3565 2614 3668 2665; x_wconf 73' lang='grc' dir='ltr'>καὶ</span> <span class='ocrx_word' id='word_1_384' title='bbox 3698 2614 3863 2682; x_wconf 61' lang='grc' dir='ltr'>εμπ-δι</span> 
     </span>
    </p>
   </div>
   <div class='ocr_carea' id='block_1_56' title="bbox 2284 2696 3859 2775">
    <p class='ocr_par' dir='ltr' id='par_1_56' title="bbox 2284 2696 3859 2775">
     <span class='ocr_line' id='line_1_56' title="bbox 2284 2696 3859 2775; baseline 0.006 -27"><span class='ocrx_word' id='word_1_385' title='bbox 2284 2698 2497 2766; x_wconf 78' lang='grc' dir='ltr'>ρίζεται</span> <span class='ocrx_word' id='word_1_386' title='bbox 2547 2699 2575 2749; x_wconf 91' lang='grc' dir='ltr'><strong><em>ὁ</em></strong></span> <span class='ocrx_word' id='word_1_387' title='bbox 2632 2696 2781 2762; x_wconf 72' lang='grc' dir='ltr'>οἶκος</span> <span class='ocrx_word' id='word_1_388' title='bbox 2834 2700 2927 2753; x_wconf 78' lang='grc' dir='ltr'><strong><em>τοῦ</em></strong></span> <span class='ocrx_word' id='word_1_389' title='bbox 2984 2702 3142 2767; x_wconf 83' lang='grc' dir='ltr'>Θεοῦ,</span> <span class='ocrx_word' id='word_1_390' title='bbox 3193 2704 3254 2765; x_wconf 84' lang='grc' dir='ltr'>ὅς</span> <span class='ocrx_word' id='word_1_391' title='bbox 3298 2704 3499 2756; x_wconf 77' lang='grc' dir='ltr'>ἐστινὸ</span> <span class='ocrx_word' id='word_1_392' title='bbox 3535 2705 3652 2758; x_wconf 79' lang='grc' dir='ltr'><strong><em>ἔσω</em></strong></span> <span class='ocrx_word' id='word_1_393' title='bbox 3716 2707 3859 2775; x_wconf 55' lang='grc' dir='ltr'>ἡμῶν</span> 
     </span>
    </p>
   </div>
   <div class='ocr_carea' id='block_1_57' title="bbox 2281 2788 3856 2865">
    <p class='ocr_par' dir='ltr' id='par_1_57' title="bbox 2281 2788 3856 2865">
     <span class='ocr_line' id='line_1_57' title="bbox 2281 2788 3856 2865; baseline 0.003 -24"><span class='ocrx_word' id='word_1_394' title='bbox 2281 2789 2569 2859; x_wconf 79' lang='grc' dir='ltr'>ἄνθρωπος</span> <span class='ocrx_word' id='word_1_395' title='bbox 2651 2788 2791 2843; x_wconf 78' lang='grc' dir='ltr'>’Λλλ’</span> <span class='ocrx_word' id='word_1_396' title='bbox 2821 2791 2898 2853; x_wconf 79' lang='grc' dir='ltr'>ὠς</span> <span class='ocrx_word' id='word_1_397' title='bbox 2944 2790 3086 2857; x_wconf 79' lang='grc' dir='ltr'>ξένοι</span> <span class='ocrx_word' id='word_1_398' title='bbox 3129 2794 3222 2845; x_wconf 74' lang='grc' dir='ltr'>καὶ</span> <span class='ocrx_word' id='word_1_399' title='bbox 3260 2793 3650 2863; x_wconf 84' lang='grc' dir='ltr'>παρεπίδημοι</span> <span class='ocrx_word' id='word_1_400' title='bbox 3695 2790 3856 2865; x_wconf 80' lang='grc' dir='ltr'>ὦμεν,</span> 
     </span>
    </p>
   </div>
   <div class='ocr_carea' id='block_1_58' title="bbox 2281 2876 3860 2957">
    <p class='ocr_par' dir='ltr' id='par_1_58' title="bbox 2281 2876 3860 2957">
     <span class='ocr_line' id='line_1_58' title="bbox 2281 2876 3860 2957; baseline 0.004 -24"><span class='ocrx_word' id='word_1_401' title='bbox 2281 2876 2326 2934; x_wconf 78' lang='grc' dir='ltr'>ὧ</span> <span class='ocrx_word' id='word_1_402' title='bbox 2354 2884 2593 2952; x_wconf 67' lang='grc' dir='ltr'>ἀδελφοὶ,</span> <span class='ocrx_word' id='word_1_403' title='bbox 2622 2885 2855 2948; x_wconf 78' lang='grc' dir='ltr'>ἕκαστος</span> <span class='ocrx_word' id='word_1_404' title='bbox 2880 2886 3037 2954; x_wconf 78' lang='grc' dir='ltr'>ὑμῶν</span> <span class='ocrx_word' id='word_1_405' title='bbox 3091 2887 3149 2937; x_wconf 83' lang='grc' dir='ltr'>ὲν</span> <span class='ocrx_word' id='word_1_406' title='bbox 3177 2886 3313 2955; x_wconf 82' lang='grc' dir='ltr'>τῷδε</span> <span class='ocrx_word' id='word_1_407' title='bbox 3355 2885 3435 2955; x_wconf 82' lang='grc' dir='ltr'>τῷ</span> <span class='ocrx_word' id='word_1_408' title='bbox 3480 2887 3744 2957; x_wconf 74' lang='grc' dir='ltr'>διωγμῷ,</span> <span class='ocrx_word' id='word_1_409' title='bbox 3788 2891 3860 2953; x_wconf 80' lang='grc' dir='ltr'>ὡς</span> 
     </span>
    </p>
   </div>
   <div class='ocr_carea' id='block_1_59' title="bbox 2280 2974 3853 3047">
    <p class='ocr_par' dir='ltr' id='par_1_59' title="bbox 2280 2974 3853 3047">
     <span class='ocr_line' id='line_1_59' title="bbox 2280 2974 3853 3047; baseline 0.003 -20"><span class='ocrx_word' id='word_1_410' title='bbox 2280 2974 2798 3040; x_wconf 76' lang='grc' dir='ltr'><strong><em>ἀποθνήσκοντες,</em></strong></span> <span class='ocrx_word' id='word_1_411' title='bbox 2831 2976 2929 3027; x_wconf 79' lang='grc' dir='ltr'>καὶ</span> <span class='ocrx_word' id='word_1_412' title='bbox 2967 2975 3094 3027; x_wconf 81' lang='grc' dir='ltr'><strong><em>ἰδοὺ</em></strong></span> <span class='ocrx_word' id='word_1_413' title='bbox 3127 2976 3312 3045; x_wconf 73' lang='grc' dir='ltr'>ζῶμεν</span> <span class='ocrx_word' id='word_1_414' title='bbox 3334 2993 3349 3006; x_wconf 80' lang='grc'><em>’</em></span> <span class='ocrx_word' id='word_1_415' title='bbox 3394 2977 3477 3041; x_wconf 82' lang='grc' dir='ltr'>ὡς</span> <span class='ocrx_word' id='word_1_416' title='bbox 3502 2979 3853 3047; x_wconf 68' lang='grc' dir='ltr'>παιδευίμε·</span> 
     </span>
    </p>
   </div>
   <div class='ocr_carea' id='block_1_60' title="bbox 2280 3066 3859 3137">
    <p class='ocr_par' dir='ltr' id='par_1_60' title="bbox 2280 3066 3859 3137">
     <span class='ocr_line' id='line_1_60' title="bbox 2280 3066 3859 3137; baseline 0.003 -17"><span class='ocrx_word' id='word_1_417' title='bbox 2280 3084 2391 3130; x_wconf 76' lang='lat' dir='ltr'><strong><em>rat,</em></strong></span> <span class='ocrx_word' id='word_1_418' title='bbox 2424 3066 2521 3119; x_wconf 77' lang='grc' dir='ltr'><strong><em>καί</em></strong></span> <span class='ocrx_word' id='word_1_419' title='bbox 2545 3066 2631 3134; x_wconf 81' lang='grc' dir='ltr'>μὴ</span> <span class='ocrx_word' id='word_1_420' title='bbox 2654 3068 3104 3135; x_wconf 79' lang='grc' dir='ltr'><strong><em>θανατούμενοι’</em></strong></span> <span class='ocrx_word' id='word_1_421' title='bbox 3136 3068 3218 3132; x_wconf 86' lang='grc' dir='ltr'>ὡς</span> <span class='ocrx_word' id='word_1_422' title='bbox 3241 3071 3647 3137; x_wconf 74' lang='grc' dir='ltr'>λυπούμενοι,</span> <span class='ocrx_word' id='word_1_423' title='bbox 3683 3073 3773 3126; x_wconf 77' lang='grc' dir='ltr'><strong><em>ἀεί</em></strong></span> <span class='ocrx_word' id='word_1_424' title='bbox 3800 3074 3859 3125; x_wconf 69' lang='grc' dir='ltr'>δὲ</span> 
     </span>
    </p>
   </div>
   <div class='ocr_carea' id='block_1_61' title="bbox 3522 1794 3872 1860">
    <p class='ocr_par' dir='ltr' id='par_1_61' title="bbox 3522 1794 3872 1860">
     <span class='ocr_line' id='line_1_61' title="bbox 3522 1794 3872 1860; baseline -0.003 -14"><span class='ocrx_word' id='word_1_425' title='bbox 3522 1796 3627 1846; x_wconf 82' lang='grc' dir='ltr'>καὶ</span> <span class='ocrx_word' id='word_1_426' title='bbox 3699 1794 3872 1860; x_wconf 63' lang='grc' dir='ltr'>αὔξων</span> 
     </span>
    </p>
   </div>
   <div class='ocr_carea' id='block_1_62' title="bbox 607 3158 2177 3235">
    <p class='ocr_par' dir='ltr' id='par_1_62' title="bbox 607 3163 2177 3235">
     <span class='ocr_line' id='line_1_62' title="bbox 607 3163 2177 3235; baseline 0.001 -19"><span class='ocrx_word' id='word_1_427' title='bbox 607 3164 803 3218; x_wconf 69' lang='lat' dir='ltr'><strong><em>multo:</em></strong></span> <span class='ocrx_word' id='word_1_428' title='bbox 841 3174 1017 3219; x_wconf 86' lang='lat' dir='ltr'><strong><em>autem</em></strong></span> <span class='ocrx_word' id='word_1_429' title='bbox 1060 3165 1412 3235; x_wconf 85' lang='lat' dir='ltr'><strong><em>spiritualiter</em></strong></span> <span class='ocrx_word' id='word_1_430' title='bbox 1454 3163 1880 3231; x_wconf 75' lang='lat' dir='ltr'><strong><em>locupletantes;</em></strong></span> <span class='ocrx_word' id='word_1_431' title='bbox 1928 3174 2177 3233; x_wconf 86' lang='lat' dir='ltr'><strong><em>tanquam</em></strong></span> 
     </span>
    </p>
   </div>
   <div class='ocr_carea' id='block_1_63' title="bbox 2280 3158 3857 3235">
    <p class='ocr_par' dir='ltr' id='par_1_63' title="bbox 2282 3158 3857 3232">
     <span class='ocr_line' id='line_1_63' title="bbox 2282 3158 3857 3232; baseline 0.006 -23"><span class='ocrx_word' id='word_1_432' title='bbox 2282 3160 2593 3226; x_wconf 79' lang='grc' dir='ltr'>χαίροντες</span> <span class='ocrx_word' id='word_1_433' title='bbox 2623 3174 2635 3187; x_wconf 80' lang='lat'><strong><em>°</em></strong></span> <span class='ocrx_word' id='word_1_434' title='bbox 2671 3158 2753 3225; x_wconf 83' lang='grc' dir='ltr'>ὡς</span> <span class='ocrx_word' id='word_1_435' title='bbox 2774 3159 3015 3228; x_wconf 76' lang='grc' dir='ltr'>πτωχοί,</span> <span class='ocrx_word' id='word_1_436' title='bbox 3072 3160 3305 3214; x_wconf 73' lang='grc' dir='ltr'><strong><em>πολλοῦ</em></strong></span> <span class='ocrx_word' id='word_1_437' title='bbox 3357 3160 3429 3213; x_wconf 80' lang='grc' dir='ltr'>δὲ</span> <span class='ocrx_word' id='word_1_438' title='bbox 3470 3166 3857 3232; x_wconf 72' lang='grc' dir='ltr'><strong><em>πνευματικῶς</em></strong></span> 
     </span>
    </p>
   </div>
   <div class='ocr_carea' id='block_1_64' title="bbox 609 3256 2178 3328">
    <p class='ocr_par' dir='ltr' id='par_1_64' title="bbox 609 3256 2178 3328">
     <span class='ocr_line' id='line_1_64' title="bbox 609 3256 2178 3328; baseline 0.003 -21"><span class='ocrx_word' id='word_1_439' title='bbox 609 3256 742 3308; x_wconf 82' lang='lat' dir='ltr'><strong><em>nihil</em></strong></span> <span class='ocrx_word' id='word_1_440' title='bbox 763 3258 1029 3319; x_wconf 74' lang='lat' dir='ltr'><strong><em>habentes,</em></strong></span> <span class='ocrx_word' id='word_1_441' title='bbox 1068 3268 1114 3311; x_wconf 89' lang='lat' dir='ltr'><strong><em>et</em></strong></span> <span class='ocrx_word' id='word_1_442' title='bbox 1139 3258 1315 3310; x_wconf 87' lang='lat' dir='ltr'><strong><em>omnia</em></strong></span> <span class='ocrx_word' id='word_1_443' title='bbox 1350 3258 1675 3324; x_wconf 73' lang='lat' dir='ltr'><strong><em>possidentes</em></strong></span> <span class='ocrx_word' id='word_1_444' title='bbox 1701 3258 1769 3322; x_wconf 82' lang='grc'><strong><em>¹⁹,</em></strong></span> <span class='ocrx_word' id='word_1_445' title='bbox 1822 3265 1883 3312; x_wconf 85' lang='lat' dir='ltr'><strong><em>ut</em></strong></span> <span class='ocrx_word' id='word_1_446' title='bbox 1920 3258 2178 3328; x_wconf 84' lang='lat' dir='ltr'><strong><em>apostoli-</em></strong></span> 
     </span>
    </p>
   </div>
   <div class='ocr_carea' id='block_1_65' title="bbox 608 3346 2182 3420">
    <p class='ocr_par' dir='ltr' id='par_1_65' title="bbox 608 3346 2182 3420">
     <span class='ocr_line' id='line_1_65' title="bbox 608 3346 2182 3420; baseline 0.006 -23"><span class='ocrx_word' id='word_1_447' title='bbox 608 3347 689 3400; x_wconf 75' lang='lat' dir='ltr'><strong><em>cis</em></strong></span> <span class='ocrx_word' id='word_1_448' title='bbox 711 3349 894 3403; x_wconf 81' lang='lat' dir='ltr'><strong><em>verbis</em></strong></span> <span class='ocrx_word' id='word_1_449' title='bbox 942 3358 1179 3402; x_wconf 84' lang='lat' dir='ltr'><strong><em>utamur.</em></strong></span> <span class='ocrx_word' id='word_1_450' title='bbox 1204 3346 1355 3403; x_wconf 91' lang='lat' dir='ltr'><strong><em>Oculi</em></strong></span> <span class='ocrx_word' id='word_1_451' title='bbox 1406 3349 1511 3403; x_wconf 91' lang='lat' dir='ltr'><strong><em>mei</em></strong></span> <span class='ocrx_word' id='word_1_452' title='bbox 1561 3365 1776 3419; x_wconf 85' lang='lat' dir='ltr'><strong><em>semper</em></strong></span> <span class='ocrx_word' id='word_1_453' title='bbox 1811 3351 1877 3404; x_wconf 91' lang='lat' dir='ltr'><strong><em>ad</em></strong></span> <span class='ocrx_word' id='word_1_454' title='bbox 1916 3367 2015 3405; x_wconf 89' lang='lat' dir='ltr'><strong><em>vos</em></strong></span> <span class='ocrx_word' id='word_1_455' title='bbox 2044 3366 2182 3420; x_wconf 91' lang='lat' dir='ltr'><strong><em>quos</em></strong></span> 
     </span>
    </p>
   </div>
   <div class='ocr_carea' id='block_1_66' title="bbox 607 3439 2177 3498">
    <p class='ocr_par' dir='ltr' id='par_1_66' title="bbox 607 3439 2177 3498">
     <span class='ocr_line' id='line_1_66' title="bbox 607 3439 2177 3498; baseline 0.002 -5"><span class='ocrx_word' id='word_1_456' title='bbox 607 3439 897 3494; x_wconf 85' lang='lat' dir='ltr'><strong><em>desidero:</em></strong></span> <span class='ocrx_word' id='word_1_457' title='bbox 926 3455 1034 3495; x_wconf 58' lang='lat' dir='ltr'><strong><em>.cor</em></strong></span> <span class='ocrx_word' id='word_1_458' title='bbox 1088 3455 1267 3495; x_wconf 90' lang='lat' dir='ltr'><strong><em>meum</em></strong></span> <span class='ocrx_word' id='word_1_459' title='bbox 1312 3440 1366 3495; x_wconf 92' lang='lat' dir='ltr'><strong><em>in</em></strong></span> <span class='ocrx_word' id='word_1_460' title='bbox 1404 3440 1557 3495; x_wconf 88' lang='lat' dir='ltr'><strong><em>vobis</em></strong></span> <span class='ocrx_word' id='word_1_461' title='bbox 1592 3441 1747 3496; x_wconf 87' lang='lat' dir='ltr'><strong><em>ardet</em></strong></span> <span class='ocrx_word' id='word_1_462' title='bbox 1802 3442 1856 3496; x_wconf 92' lang='lat' dir='ltr'><strong><em>in</em></strong></span> <span class='ocrx_word' id='word_1_463' title='bbox 1908 3442 2177 3498; x_wconf 88' lang='lat' dir='ltr'><strong><em>Domino:</em></strong></span> 
     </span>
    </p>
   </div>
   <div class='ocr_carea' id='block_1_67' title="bbox 608 3530 2178 3603">
    <p class='ocr_par' dir='ltr' id='par_1_67' title="bbox 608 3530 2178 3603">
     <span class='ocr_line' id='line_1_67' title="bbox 608 3530 2178 3603; baseline 0.002 -19"><span class='ocrx_word' id='word_1_464' title='bbox 608 3545 805 3585; x_wconf 88' lang='lat' dir='ltr'><strong><em>sensus</em></strong></span> <span class='ocrx_word' id='word_1_465' title='bbox 857 3530 961 3585; x_wconf 83' lang='lat' dir='ltr'><strong><em>mei</em></strong></span> <span class='ocrx_word' id='word_1_466' title='bbox 1001 3532 1393 3600; x_wconf 85' lang='lat' dir='ltr'><strong><em>percelluntur,</em></strong></span> <span class='ocrx_word' id='word_1_467' title='bbox 1421 3547 1544 3587; x_wconf 92' lang='lat' dir='ltr'><strong><em>cum</em></strong></span> <span class='ocrx_word' id='word_1_468' title='bbox 1586 3533 1871 3587; x_wconf 90' lang='lat' dir='ltr'><strong><em>sinistrum</em></strong></span> <span class='ocrx_word' id='word_1_469' title='bbox 1896 3534 2178 3603; x_wconf 84' lang='lat' dir='ltr'><strong><em>quidpiam</em></strong></span> 
     </span>
    </p>
   </div>
   <div class='ocr_carea' id='block_1_68' title="bbox 607 3608 2180 3693">
    <p class='ocr_par' dir='ltr' id='par_1_68' title="bbox 607 3608 2180 3693">
     <span class='ocr_line' id='line_1_68' title="bbox 607 3608 2180 3693; baseline 0.003 -19"><span class='ocrx_word' id='word_1_470' title='bbox 607 3622 771 3676; x_wconf 86' lang='lat' dir='ltr'><strong><em>audio</em></strong></span> <span class='ocrx_word' id='word_1_471' title='bbox 805 3623 869 3676; x_wconf 93' lang='lat' dir='ltr'><strong><em>de</em></strong></span> <span class='ocrx_word' id='word_1_472' title='bbox 898 3608 1116 3691; x_wconf 87' lang='lat' dir='ltr'><strong><em>aliquo:</em></strong></span> <span class='ocrx_word' id='word_1_473' title='bbox 1148 3638 1273 3677; x_wconf 90' lang='lat' dir='ltr'><strong><em>cum</em></strong></span> <span class='ocrx_word' id='word_1_474' title='bbox 1302 3622 1511 3693; x_wconf 87' lang='lat' dir='ltr'><strong><em>accipio</em></strong></span> <span class='ocrx_word' id='word_1_475' title='bbox 1548 3626 1887 3679; x_wconf 87' lang='lat' dir='ltr'><strong><em>aversionem</em></strong></span> <span class='ocrx_word' id='word_1_476' title='bbox 1914 3625 2024 3679; x_wconf 91' lang='lat' dir='ltr'><strong><em>Deo</em></strong></span> <span class='ocrx_word' id='word_1_477' title='bbox 2050 3641 2180 3679; x_wconf 78' lang='lat' dir='ltr'><strong><em>exo-</em></strong></span> 
     </span>
    </p>
   </div>
   <div class='ocr_carea' id='block_1_69' title="bbox 604 3713 2179 3787">
    <p class='ocr_par' dir='ltr' id='par_1_69' title="bbox 604 3713 2179 3787">
     <span class='ocr_line' id='line_1_69' title="bbox 604 3713 2179 3787; baseline 0.004 -20"><span class='ocrx_word' id='word_1_478' title='bbox 604 3729 744 3781; x_wconf 78' lang='lat' dir='ltr'><strong><em>sam,</em></strong></span> <span class='ocrx_word' id='word_1_479' title='bbox 778 3714 1043 3787; x_wconf 85' lang='lat' dir='ltr'><strong><em>lacrymas</em></strong></span> <span class='ocrx_word' id='word_1_480' title='bbox 1065 3713 1476 3770; x_wconf 82' lang='lat' dir='ltr'><strong><em>iunduntoculi.</em></strong></span> <span class='ocrx_word' id='word_1_481' title='bbox 1500 3715 2006 3772; x_wconf 88' lang='lat' dir='ltr'><strong><em>Conterituranima</em></strong></span> <span class='ocrx_word' id='word_1_482' title='bbox 2037 3734 2179 3784; x_wconf 87' lang='lat' dir='ltr'><strong><em>mea,</em></strong></span> 
     </span>
    </p>
   </div>
   <div class='ocr_carea' id='block_1_70' title="bbox 606 3805 2181 3875">
    <p class='ocr_par' dir='ltr' id='par_1_70' title="bbox 606 3805 2181 3875">
     <span class='ocr_line' id='line_1_70' title="bbox 606 3805 2181 3875; baseline 0.003 -15"><span class='ocrx_word' id='word_1_483' title='bbox 606 3805 653 3860; x_wconf 87' lang='lat' dir='ltr'><strong><em>si</em></strong></span> <span class='ocrx_word' id='word_1_484' title='bbox 682 3806 899 3875; x_wconf 79' lang='lat' dir='ltr'><strong><em>quando</em></strong></span> <span class='ocrx_word' id='word_1_485' title='bbox 932 3816 1124 3861; x_wconf 88' lang='lat' dir='ltr'><strong><em>contra</em></strong></span> <span class='ocrx_word' id='word_1_486' title='bbox 1169 3807 1512 3861; x_wconf 87' lang='lat' dir='ltr'><strong><em>traditionem</em></strong></span> <span class='ocrx_word' id='word_1_487' title='bbox 1539 3816 1593 3861; x_wconf 88' lang='lat' dir='ltr'><strong><em>et</em></strong></span> <span class='ocrx_word' id='word_1_488' title='bbox 1619 3810 2089 3873; x_wconf 85' lang='lat' dir='ltr'><strong><em>constitutionem,</em></strong></span> <span class='ocrx_word' id='word_1_489' title='bbox 2126 3819 2181 3865; x_wconf 90' lang='lat' dir='ltr'><strong><em>et</em></strong></span> 
     </span>
    </p>
   </div>
   <div class='ocr_carea' id='block_1_71' title="bbox 606 3898 2179 3969">
    <p class='ocr_par' dir='ltr' id='par_1_71' title="bbox 606 3898 2179 3969">
     <span class='ocr_line' id='line_1_71' title="bbox 606 3898 2179 3969; baseline 0.006 -19"><span class='ocrx_word' id='word_1_490' title='bbox 606 3912 796 3951; x_wconf 83' lang='lat' dir='ltr'><strong><em>eorum</em></strong></span> <span class='ocrx_word' id='word_1_491' title='bbox 824 3913 947 3969; x_wconf 70' lang='lat' dir='ltr'><strong><em>quae</em></strong></span> <span class='ocrx_word' id='word_1_492' title='bbox 963 3910 1089 3953; x_wconf 89' lang='lat' dir='ltr'><strong><em>ante</em></strong></span> <span class='ocrx_word' id='word_1_493' title='bbox 1115 3898 1258 3954; x_wconf 87' lang='lat' dir='ltr'><strong><em>dicta</em></strong></span> <span class='ocrx_word' id='word_1_494' title='bbox 1286 3910 1413 3955; x_wconf 90' lang='lat' dir='ltr'><strong><em>sunt</em></strong></span> <span class='ocrx_word' id='word_1_495' title='bbox 1435 3902 1956 3957; x_wconf 84' lang='lat' dir='ltr'><strong><em>demonstrationem</em></strong></span> <span class='ocrx_word' id='word_1_496' title='bbox 1982 3906 2179 3959; x_wconf 80' lang='lat' dir='ltr'><strong><em>ambu—</em></strong></span> 
     </span>
    </p>
   </div>
   <div class='ocr_carea' id='block_1_72' title="bbox 612 3989 2180 4063">
    <p class='ocr_par' dir='ltr' id='par_1_72' title="bbox 612 3989 2180 4063">
     <span class='ocr_line' id='line_1_72' title="bbox 612 3989 2180 4063; baseline 0.004 -20"><span class='ocrx_word' id='word_1_497' title='bbox 612 3991 683 4043; x_wconf 86' lang='lat' dir='ltr'><strong><em>lct</em></strong></span> <span class='ocrx_word' id='word_1_498' title='bbox 716 3991 841 4059; x_wconf 92' lang='lat' dir='ltr'><strong><em>quis</em></strong></span> <span class='ocrx_word' id='word_1_499' title='bbox 871 3989 1041 4044; x_wconf 90' lang='lat' dir='ltr'><strong><em>Deum</em></strong></span> <span class='ocrx_word' id='word_1_500' title='bbox 1075 4006 1180 4044; x_wconf 91' lang='lat' dir='ltr'><strong><em>non</em></strong></span> <span class='ocrx_word' id='word_1_501' title='bbox 1205 4007 1418 4047; x_wconf 90' lang='lat' dir='ltr'><strong><em>amans.</em></strong></span> <span class='ocrx_word' id='word_1_502' title='bbox 1453 3993 1700 4057; x_wconf 80' lang='lat' dir='ltr'><strong><em>Exiistis,</em></strong></span> <span class='ocrx_word' id='word_1_503' title='bbox 1730 4004 1937 4063; x_wconf 87' lang='lat' dir='ltr'><strong><em>patres,</em></strong></span> <span class='ocrx_word' id='word_1_504' title='bbox 1963 4011 2029 4049; x_wconf 84' lang='lat' dir='ltr'><strong><em>ex</em></strong></span> <span class='ocrx_word' id='word_1_505' title='bbox 2062 4011 2180 4049; x_wconf 91' lang='lat' dir='ltr'><strong><em>mo-</em></strong></span> 
     </span>
    </p>
   </div>
   <div class='ocr_carea' id='block_1_73' title="bbox 613 4081 2178 4156">
    <p class='ocr_par' dir='ltr' id='par_1_73' title="bbox 613 4081 2178 4156">
     <span class='ocr_line' id='line_1_73' title="bbox 613 4081 2178 4156; baseline 0.005 -22"><span class='ocrx_word' id='word_1_506' title='bbox 613 4081 850 4137; x_wconf 85' lang='lat' dir='ltr'><strong><em>nasterio</em></strong></span> <span class='ocrx_word' id='word_1_507' title='bbox 884 4082 948 4135; x_wconf 90' lang='lat' dir='ltr'><strong><em>ad</em></strong></span> <span class='ocrx_word' id='word_1_508' title='bbox 982 4082 1229 4136; x_wconf 87' lang='lat' dir='ltr'><strong><em>altiorem</em></strong></span> <span class='ocrx_word' id='word_1_509' title='bbox 1262 4083 1443 4145; x_wconf 88' lang='lat' dir='ltr'><strong><em>lucem</em></strong></span> <span class='ocrx_word' id='word_1_510' title='bbox 1475 4086 1891 4153; x_wconf 87' lang='lat' dir='ltr'><strong><em>persecutionis.</em></strong></span> <span class='ocrx_word' id='word_1_511' title='bbox 1923 4086 2178 4156; x_wconf 83' lang='lat' dir='ltr'><strong><em>Nunquid</em></strong></span> 
     </span>
    </p>
   </div>
   <div class='ocr_carea' id='block_1_74' title="bbox 605 4172 2177 4245">
    <p class='ocr_par' dir='ltr' id='par_1_74' title="bbox 605 4172 2177 4245">
     <span class='ocr_line' id='line_1_74' title="bbox 605 4172 2177 4245; baseline 0.004 -18"><span class='ocrx_word' id='word_1_512' title='bbox 605 4174 747 4227; x_wconf 90' lang='lat' dir='ltr'><strong><em>enim</em></strong></span> <span class='ocrx_word' id='word_1_513' title='bbox 779 4173 847 4229; x_wconf 88' lang='lat' dir='ltr'><strong><em>ad</em></strong></span> <span class='ocrx_word' id='word_1_514' title='bbox 882 4173 1155 4239; x_wconf 89' lang='lat' dir='ltr'><strong><em>tenebras,</em></strong></span> <span class='ocrx_word' id='word_1_515' title='bbox 1192 4172 1425 4244; x_wconf 90' lang='lat' dir='ltr'><strong><em>Spiritus</em></strong></span> <span class='ocrx_word' id='word_1_516' title='bbox 1457 4175 1717 4245; x_wconf 88' lang='lat' dir='ltr'><strong><em>impulsu,</em></strong></span> <span class='ocrx_word' id='word_1_517' title='bbox 1753 4178 1974 4233; x_wconf 89' lang='lat' dir='ltr'><strong><em>discreti</em></strong></span> <span class='ocrx_word' id='word_1_518' title='bbox 2002 4179 2177 4234; x_wconf 82' lang='lat' dir='ltr'><strong><em>ab&#39;in-</em></strong></span> 
     </span>
    </p>
   </div>
   <div class='ocr_carea' id='block_1_75' title="bbox 604 4262 2178 4336">
    <p class='ocr_par' dir='ltr' id='par_1_75' title="bbox 604 4262 2178 4336">
     <span class='ocr_line' id='line_1_75' title="bbox 604 4262 2178 4336; baseline 0.007 -24"><span class='ocrx_word' id='word_1_519' title='bbox 604 4262 777 4316; x_wconf 87' lang='lat' dir='ltr'><strong><em>vicem</em></strong></span> <span class='ocrx_word' id='word_1_520' title='bbox 826 4263 1062 4317; x_wconf 86' lang='lat' dir='ltr'><strong><em>sumus?</em></strong></span> <span class='ocrx_word' id='word_1_521' title='bbox 1110 4263 1364 4332; x_wconf 86' lang='lat' dir='ltr'><strong><em>Nunquid</em></strong></span> <span class='ocrx_word' id='word_1_522' title='bbox 1406 4272 1464 4318; x_wconf 92' lang='lat' dir='ltr'><strong><em>ut</em></strong></span> <span class='ocrx_word' id='word_1_523' title='bbox 1516 4266 1837 4336; x_wconf 78' lang='lat' dir='ltr'><strong><em>voluptuose</em></strong></span> <span class='ocrx_word' id='word_1_524' title='bbox 1873 4268 2178 4323; x_wconf 79' lang='lat' dir='ltr'><strong><em>vivamus?</em></strong></span> 
     </span>
    </p>
   </div>
   <div class='ocr_carea' id='block_1_76' title="bbox 604 4351 2174 4426">
    <p class='ocr_par' dir='ltr' id='par_1_76' title="bbox 604 4351 2174 4426">
     <span class='ocr_line' id='line_1_76' title="bbox 604 4351 2174 4426; baseline 0.006 -21"><span class='ocrx_word' id='word_1_525' title='bbox 604 4351 860 4423; x_wconf 78' lang='lat' dir='ltr'><strong><em>Nunquid</em></strong></span> <span class='ocrx_word' id='word_1_526' title='bbox 911 4353 1053 4409; x_wconf 90' lang='lat' dir='ltr'><strong><em>Deus</em></strong></span> <span class='ocrx_word' id='word_1_527' title='bbox 1083 4370 1190 4409; x_wconf 90' lang='lat' dir='ltr'><strong><em>non</em></strong></span> <span class='ocrx_word' id='word_1_528' title='bbox 1237 4356 1425 4410; x_wconf 84' lang='lat' dir='ltr'><strong><em>videt!</em></strong></span> <span class='ocrx_word' id='word_1_529' title='bbox 1473 4356 1727 4426; x_wconf 83' lang='lat' dir='ltr'><strong><em>Nunquid</em></strong></span> <span class='ocrx_word' id='word_1_530' title='bbox 1778 4358 1843 4411; x_wconf 89' lang='lat' dir='ltr'><strong><em>ad</em></strong></span> <span class='ocrx_word' id='word_1_531' title='bbox 1892 4358 2174 4413; x_wconf 91' lang='lat' dir='ltr'><strong><em>hominum</em></strong></span> 
     </span>
    </p>
   </div>
   <div class='ocr_carea' id='block_1_77' title="bbox 606 4445 2172 4518">
    <p class='ocr_par' dir='ltr' id='par_1_77' title="bbox 606 4445 2172 4518">
     <span class='ocr_line' id='line_1_77' title="bbox 606 4445 2172 4518; baseline 0.006 -22"><span class='ocrx_word' id='word_1_532' title='bbox 606 4460 768 4499; x_wconf 82' lang='lat' dir='ltr'><strong><em>aures</em></strong></span> <span class='ocrx_word' id='word_1_533' title='bbox 820 4460 960 4515; x_wconf 85' lang='lat' dir='ltr'><strong><em>opus</em></strong></span> <span class='ocrx_word' id='word_1_534' title='bbox 998 4445 1425 4517; x_wconf 87' lang='lat' dir='ltr'><strong><em>uniuscujusque</em></strong></span> <span class='ocrx_word' id='word_1_535' title='bbox 1456 4462 1563 4502; x_wconf 92' lang='lat' dir='ltr'><strong><em>non</em></strong></span> <span class='ocrx_word' id='word_1_536' title='bbox 1595 4449 1857 4517; x_wconf 90' lang='lat' dir='ltr'><strong><em>pervenit,</em></strong></span> <span class='ocrx_word' id='word_1_537' title='bbox 1882 4464 1991 4518; x_wconf 91' lang='lat' dir='ltr'><strong><em>quo</em></strong></span> <span class='ocrx_word' id='word_1_538' title='bbox 2015 4450 2172 4505; x_wconf 85' lang='lat' dir='ltr'><strong><em>modo</em></strong></span> 
     </span>
    </p>
   </div>
   <div class='ocr_carea' id='block_1_78' title="bbox 604 4535 1050 4589">
    <p class='ocr_par' dir='ltr' id='par_1_78' title="bbox 604 4535 1050 4589">
     <span class='ocr_line' id='line_1_78' title="bbox 604 4535 1050 4589; baseline 0 -2"><span class='ocrx_word' id='word_1_539' title='bbox 604 4535 1001 4589; x_wconf 88' lang='lat' dir='ltr'><strong><em>conversemini</em></strong></span> <span class='ocrx_word' id='word_1_540' title='bbox 1027 4536 1050 4587; x_wconf 87' lang='lat'><strong>?</strong></span> 
     </span>
    </p>
   </div>
   <div class='ocr_carea' id='block_1_79' title="bbox 671 4737 2168 4810">
    <p class='ocr_par' dir='ltr' id='par_1_79' title="bbox 671 4737 2168 4810">
     <span class='ocr_line' id='line_1_79' title="bbox 671 4737 2168 4810; baseline 0.004 -18"><span class='ocrx_word' id='word_1_541' title='bbox 671 4738 819 4801; x_wconf 76' lang='lat' dir='ltr'><strong><em>Ilaec,</em></strong></span> <span class='ocrx_word' id='word_1_542' title='bbox 843 4738 936 4807; x_wconf 88' lang='lat' dir='ltr'><strong><em>qui</em></strong></span> <span class='ocrx_word' id='word_1_543' title='bbox 954 4753 1141 4793; x_wconf 87' lang='lat' dir='ltr'><strong><em>servos</em></strong></span> <span class='ocrx_word' id='word_1_544' title='bbox 1156 4738 1385 4803; x_wconf 76' lang='lat' dir='ltr'><strong><em>habetis,</em></strong></span> <span class='ocrx_word' id='word_1_545' title='bbox 1413 4737 1595 4793; x_wconf 89' lang='lat' dir='ltr'><strong><em>audite</em></strong></span> <span class='ocrx_word' id='word_1_546' title='bbox 1618 4754 1633 4803; x_wconf 89' lang='lat'><strong>;</strong></span> <span class='ocrx_word' id='word_1_547' title='bbox 1654 4739 1745 4810; x_wconf 91' lang='lat' dir='ltr'><strong><em>qui</em></strong></span> <span class='ocrx_word' id='word_1_548' title='bbox 1771 4739 1872 4794; x_wconf 90' lang='lat' dir='ltr'><strong><em>soli</em></strong></span> <span class='ocrx_word' id='word_1_549' title='bbox 1894 4740 2168 4809; x_wconf 79' lang='lat' dir='ltr'><strong><em>habitatis,</em></strong></span> 
     </span>
    </p>
   </div>
   <div class='ocr_carea' id='block_1_80' title="bbox 604 4829 2167 4900">
    <p class='ocr_par' dir='ltr' id='par_1_80' title="bbox 604 4829 2167 4900">
     <span class='ocr_line' id='line_1_80' title="bbox 604 4829 2167 4900; baseline 0.004 -18"><span class='ocrx_word' id='word_1_550' title='bbox 604 4830 697 4900; x_wconf 89' lang='lat' dir='ltr'><strong><em>qui</em></strong></span> <span class='ocrx_word' id='word_1_551' title='bbox 738 4831 994 4884; x_wconf 89' lang='lat' dir='ltr'><strong><em>mulieres</em></strong></span> <span class='ocrx_word' id='word_1_552' title='bbox 1032 4829 1339 4893; x_wconf 89' lang='lat' dir='ltr'><strong><em>sectamini,</em></strong></span> <span class='ocrx_word' id='word_1_553' title='bbox 1372 4845 1441 4883; x_wconf 88' lang='lat' dir='ltr'><strong><em>ne</em></strong></span> <span class='ocrx_word' id='word_1_554' title='bbox 1488 4830 1616 4899; x_wconf 91' lang='lat' dir='ltr'><strong><em>quid</em></strong></span> <span class='ocrx_word' id='word_1_555' title='bbox 1672 4833 1909 4899; x_wconf 83' lang='lat' dir='ltr'><strong><em>amplius</em></strong></span> <span class='ocrx_word' id='word_1_556' title='bbox 1941 4833 2117 4886; x_wconf 86' lang='lat' dir='ltr'><strong><em>dicam</em></strong></span> <span class='ocrx_word' id='word_1_557' title='bbox 2152 4852 2167 4888; x_wconf 85' lang='lat'><strong>:</strong></span> 
     </span>
    </p>
   </div>
   <div class='ocr_carea' id='block_1_81' title="bbox 606 4920 2167 4992">
    <p class='ocr_par' dir='ltr' id='par_1_81' title="bbox 606 4920 2167 4992">
     <span class='ocr_line' id='line_1_81' title="bbox 606 4920 2167 4992; baseline 0.003 -17"><span class='ocrx_word' id='word_1_558' title='bbox 606 4921 779 4988; x_wconf 81' lang='lat' dir='ltr'><strong><em>avari,</em></strong></span> <span class='ocrx_word' id='word_1_559' title='bbox 831 4922 1105 4992; x_wconf 80' lang='lat' dir='ltr'><strong><em>gyrovagi.</em></strong></span> <span class='ocrx_word' id='word_1_560' title='bbox 1154 4920 1273 4974; x_wconf 85' lang='lat' dir='ltr'><strong><em>Non</em></strong></span> <span class='ocrx_word' id='word_1_561' title='bbox 1332 4920 1507 4975; x_wconf 87' lang='lat' dir='ltr'><strong><em>libens</em></strong></span> <span class='ocrx_word' id='word_1_562' title='bbox 1554 4920 1823 4989; x_wconf 85' lang='lat' dir='ltr'><strong><em>vitupero,</em></strong></span> <span class='ocrx_word' id='word_1_563' title='bbox 1866 4922 2167 4990; x_wconf 84' lang='lat' dir='ltr'><strong><em>ignoscite:</em></strong></span> 
     </span>
    </p>
   </div>
   <div class='ocr_carea' id='block_1_82' title="bbox 604 5010 2172 5081">
    <p class='ocr_par' dir='ltr' id='par_1_82' title="bbox 604 5010 2172 5081">
     <span class='ocr_line' id='line_1_82' title="bbox 604 5010 2172 5081; baseline -0.001 -14"><span class='ocrx_word' id='word_1_564' title='bbox 604 5013 698 5067; x_wconf 86' lang='lat' dir='ltr'><strong><em>sed</em></strong></span> <span class='ocrx_word' id='word_1_565' title='bbox 728 5027 873 5081; x_wconf 64' lang='lat' dir='ltr'><strong><em>aegre</em></strong></span> <span class='ocrx_word' id='word_1_566' title='bbox 903 5026 1121 5075; x_wconf 86' lang='lat' dir='ltr'><strong><em>accuso,</em></strong></span> <span class='ocrx_word' id='word_1_567' title='bbox 1153 5018 1412 5081; x_wconf 87' lang='lat' dir='ltr'><strong><em>tanquam</em></strong></span> <span class='ocrx_word' id='word_1_568' title='bbox 1437 5012 1502 5064; x_wconf 89' lang='lat' dir='ltr'><strong><em>ad</em></strong></span> <span class='ocrx_word' id='word_1_569' title='bbox 1530 5010 1631 5065; x_wconf 92' lang='lat' dir='ltr'><strong><em>hoc</em></strong></span> <span class='ocrx_word' id='word_1_570' title='bbox 1650 5013 1983 5067; x_wconf 81' lang='lat' dir='ltr'><strong><em>constitutus</em></strong></span> <span class='ocrx_word' id='word_1_571' title='bbox 2014 5032 2027 5066; x_wconf 89' lang='lat'>:</span> <span class='ocrx_word' id='word_1_572' title='bbox 2057 5012 2172 5066; x_wconf 89' lang='lat' dir='ltr'><strong><em>Im-</em></strong></span> 
     </span>
    </p>
   </div>
   <div class='ocr_carea' id='block_1_83' title="bbox 604 5103 2175 5173">
    <p class='ocr_par' dir='ltr' id='par_1_83' title="bbox 604 5103 2175 5173">
     <span class='ocr_line' id='line_1_83' title="bbox 604 5103 2175 5173; baseline 0.001 -16"><span class='ocrx_word' id='word_1_573' title='bbox 604 5103 737 5173; x_wconf 84' lang='lat' dir='ltr'><strong><em>plete</em></strong></span> <span class='ocrx_word' id='word_1_574' title='bbox 776 5104 1027 5173; x_wconf 83' lang='lat' dir='ltr'><strong><em>gaudium</em></strong></span> <span class='ocrx_word' id='word_1_575' title='bbox 1065 5119 1256 5167; x_wconf 87' lang='lat' dir='ltr'><strong><em>meum,</em></strong></span> <span class='ocrx_word' id='word_1_576' title='bbox 1300 5103 1442 5170; x_wconf 83' lang='lat' dir='ltr'><strong><em>ﬁlii,</em></strong></span> <span class='ocrx_word' id='word_1_577' title='bbox 1476 5111 1534 5154; x_wconf 88' lang='lat' dir='ltr'><strong><em>ut</em></strong></span> <span class='ocrx_word' id='word_1_578' title='bbox 1579 5103 1717 5155; x_wconf 87' lang='lat' dir='ltr'><strong><em>idem</em></strong></span> <span class='ocrx_word' id='word_1_579' title='bbox 1746 5105 2055 5173; x_wconf 79' lang='lat' dir='ltr'><strong><em>sapiatis“,</em></strong></span> <span class='ocrx_word' id='word_1_580' title='bbox 2086 5120 2175 5158; x_wconf 86' lang='lat' dir='ltr'><strong><em>ca-</em></strong></span> 
     </span>
    </p>
   </div>
   <div class='ocr_carea' id='block_1_84' title="bbox 603 5194 2171 5263">
    <p class='ocr_par' dir='ltr' id='par_1_84' title="bbox 603 5194 2171 5263">
     <span class='ocr_line' id='line_1_84' title="bbox 603 5194 2171 5263; baseline 0 -14"><span class='ocrx_word' id='word_1_581' title='bbox 603 5195 725 5250; x_wconf 90' lang='lat' dir='ltr'><strong><em>dem</em></strong></span> <span class='ocrx_word' id='word_1_582' title='bbox 754 5210 942 5249; x_wconf 88' lang='lat' dir='ltr'><strong><em>norma</em></strong></span> <span class='ocrx_word' id='word_1_583' title='bbox 968 5194 1275 5257; x_wconf 86' lang='lat' dir='ltr'><strong><em>ambulatis,</em></strong></span> <span class='ocrx_word' id='word_1_584' title='bbox 1315 5194 1455 5247; x_wconf 84' lang='lat' dir='ltr'><strong><em>bona</em></strong></span> <span class='ocrx_word' id='word_1_585' title='bbox 1478 5194 1722 5263; x_wconf 80' lang='lat' dir='ltr'><strong><em>exempla</em></strong></span> <span class='ocrx_word' id='word_1_586' title='bbox 1756 5205 1809 5248; x_wconf 87' lang='lat' dir='ltr'><strong><em>et</em></strong></span> <span class='ocrx_word' id='word_1_587' title='bbox 1846 5197 2171 5249; x_wconf 90' lang='lat' dir='ltr'><strong><em>documenta</em></strong></span> 
     </span>
    </p>
   </div>
   <div class='ocr_carea' id='block_1_85' title="bbox 603 5285 2170 5355">
    <p class='ocr_par' dir='ltr' id='par_1_85' title="bbox 603 5285 2170 5355">
     <span class='ocr_line' id='line_1_85' title="bbox 603 5285 2170 5355; baseline 0 -16"><span class='ocrx_word' id='word_1_588' title='bbox 603 5288 658 5340; x_wconf 91' lang='lat' dir='ltr'><strong><em>in</em></strong></span> <span class='ocrx_word' id='word_1_589' title='bbox 686 5287 900 5341; x_wconf 87' lang='lat' dir='ltr'><strong><em>animas</em></strong></span> <span class='ocrx_word' id='word_1_590' title='bbox 930 5286 1257 5340; x_wconf 91' lang='lat' dir='ltr'><strong><em>intuentium</em></strong></span> <span class='ocrx_word' id='word_1_591' title='bbox 1296 5285 1668 5351; x_wconf 88' lang='lat' dir='ltr'><strong><em>imprimentcs</em></strong></span> <span class='ocrx_word' id='word_1_592' title='bbox 1699 5287 1765 5339; x_wconf 90' lang='lat' dir='ltr'><strong><em>ad</em></strong></span> <span class='ocrx_word' id='word_1_593' title='bbox 1792 5287 2019 5355; x_wconf 80' lang='lat' dir='ltr'><strong><em>gloriam</em></strong></span> <span class='ocrx_word' id='word_1_594' title='bbox 2052 5285 2170 5355; x_wconf 87' lang='lat' dir='ltr'><strong><em>Dei,</em></strong></span> 
     </span>
    </p>
   </div>
   <div class='ocr_carea' id='block_1_86' title="bbox 602 5376 2167 5447">
    <p class='ocr_par' dir='ltr' id='par_1_86' title="bbox 602 5376 2167 5447">
     <span class='ocr_line' id='line_1_86' title="bbox 602 5376 2167 5447; baseline 0 -15"><span class='ocrx_word' id='word_1_595' title='bbox 602 5377 667 5432; x_wconf 88' lang='lat' dir='ltr'><strong><em>ad</em></strong></span> <span class='ocrx_word' id='word_1_596' title='bbox 689 5377 854 5433; x_wconf 89' lang='lat' dir='ltr'><strong><em>decus</em></strong></span> <span class='ocrx_word' id='word_1_597' title='bbox 890 5386 1131 5431; x_wconf 88' lang='lat' dir='ltr'><strong><em>vestrum</em></strong></span> <span class='ocrx_word' id='word_1_598' title='bbox 1181 5376 1507 5439; x_wconf 88' lang='lat' dir='ltr'><strong><em>immortale,</em></strong></span> <span class='ocrx_word' id='word_1_599' title='bbox 1560 5376 1626 5429; x_wconf 88' lang='lat' dir='ltr'><strong><em>ad</em></strong></span> <span class='ocrx_word' id='word_1_600' title='bbox 1656 5377 1897 5430; x_wconf 69' lang='lat' dir='ltr'><strong><em>laetitiam</em></strong></span> <span class='ocrx_word' id='word_1_601' title='bbox 1947 5394 2167 5447; x_wconf 85' lang='lat' dir='ltr'><strong><em>quoque</em></strong></span> 
     </span>
    </p>
   </div>
   <div class='ocr_carea' id='block_1_87' title="bbox 604 5467 2169 5538">
    <p class='ocr_par' dir='ltr' id='par_1_87' title="bbox 604 5467 2169 5538">
     <span class='ocr_line' id='line_1_87' title="bbox 604 5467 2169 5538; baseline 0.001 -16"><span class='ocrx_word' id='word_1_602' title='bbox 604 5483 777 5522; x_wconf 88' lang='lat' dir='ltr'><strong><em>meam</em></strong></span> <span class='ocrx_word' id='word_1_603' title='bbox 831 5468 922 5538; x_wconf 89' lang='lat' dir='ltr'><strong><em>qui</em></strong></span> <span class='ocrx_word' id='word_1_604' title='bbox 958 5475 1210 5536; x_wconf 89' lang='lat' dir='ltr'><strong><em>peccator</em></strong></span> <span class='ocrx_word' id='word_1_605' title='bbox 1249 5483 1390 5530; x_wconf 92' lang='lat' dir='ltr'><strong><em>sum,</em></strong></span> <span class='ocrx_word' id='word_1_606' title='bbox 1442 5467 1507 5520; x_wconf 91' lang='lat' dir='ltr'><strong><em>ad</em></strong></span> <span class='ocrx_word' id='word_1_607' title='bbox 1548 5467 1763 5522; x_wconf 89' lang='lat' dir='ltr'><strong><em>laudem</em></strong></span> <span class='ocrx_word' id='word_1_608' title='bbox 1814 5468 2169 5523; x_wconf 80' lang='lat' dir='ltr'><strong><em>fraternitatis</em></strong></span> 
     </span>
    </p>
   </div>
   <div class='ocr_carea' id='block_1_88' title="bbox 603 5556 2161 5629">
    <p class='ocr_par' dir='ltr' id='par_1_88' title="bbox 603 5556 2161 5629">
     <span class='ocr_line' id='line_1_88' title="bbox 603 5556 2161 5629; baseline 0.001 -18"><span class='ocrx_word' id='word_1_609' title='bbox 603 5568 794 5615; x_wconf 64' lang='lat' dir='ltr'><strong><em>vestrm</em></strong></span> <span class='ocrx_word' id='word_1_610' title='bbox 818 5559 873 5613; x_wconf 92' lang='lat' dir='ltr'><strong><em>in</em></strong></span> <span class='ocrx_word' id='word_1_611' title='bbox 923 5558 1141 5613; x_wconf 84' lang='lat' dir='ltr'><strong><em>Christo</em></strong></span> <span class='ocrx_word' id='word_1_612' title='bbox 1172 5556 1298 5613; x_wconf 82' lang='lat' dir='ltr'><strong><em>Jesu</em></strong></span> <span class='ocrx_word' id='word_1_613' title='bbox 1335 5556 1561 5610; x_wconf 84' lang='lat' dir='ltr'><strong><em>Domino</em></strong></span> <span class='ocrx_word' id='word_1_614' title='bbox 1607 5568 1830 5619; x_wconf 71' lang='lat' dir='ltr'><strong><em>ucstra;</em></strong></span> <span class='ocrx_word' id='word_1_615' title='bbox 1870 5559 1955 5611; x_wconf 90' lang='lat' dir='ltr'><strong><em>cui</em></strong></span> <span class='ocrx_word' id='word_1_616' title='bbox 1993 5559 2161 5629; x_wconf 90' lang='lat' dir='ltr'><strong><em>gloria</em></strong></span> 
     </span>
    </p>
   </div>
   <div class='ocr_carea' id='block_1_89' title="bbox 2284 3249 3852 3321">
    <p class='ocr_par' dir='ltr' id='par_1_89' title="bbox 2284 3249 3852 3321">
     <span class='ocr_line' id='line_1_89' title="bbox 2284 3249 3852 3321; baseline 0.006 -20"><span class='ocrx_word' id='word_1_617' title='bbox 2284 3249 2707 3314; x_wconf 79' lang='grc' dir='ltr'><strong><em>πλουτίζοντες</em></strong></span> <span class='ocrx_word' id='word_1_618' title='bbox 2733 3267 2749 3282; x_wconf 93' lang='grc'><strong>·</strong></span> <span class='ocrx_word' id='word_1_619' title='bbox 2785 3251 2865 3317; x_wconf 88' lang='grc' dir='ltr'>ὡς</span> <span class='ocrx_word' id='word_1_620' title='bbox 2894 3252 3087 3321; x_wconf 80' lang='grc' dir='ltr'>μηδὲν</span> <span class='ocrx_word' id='word_1_621' title='bbox 3114 3252 3385 3321; x_wconf 77' lang='grc' dir='ltr'>ἔχοντες,</span> <span class='ocrx_word' id='word_1_622' title='bbox 3419 3254 3521 3311; x_wconf 78' lang='grc' dir='ltr'><strong><em>καί</em></strong></span> <span class='ocrx_word' id='word_1_623' title='bbox 3556 3257 3633 3309; x_wconf 87' lang='grc' dir='ltr'>τὰ</span> <span class='ocrx_word' id='word_1_624' title='bbox 3665 3258 3852 3310; x_wconf 71' lang='grc' dir='ltr'>πάντα</span> 
     </span>
    </p>
   </div>
   <div class='ocr_carea' id='block_1_90' title="bbox 2282 3339 3852 3421">
    <p class='ocr_par' dir='ltr' id='par_1_90' title="bbox 2282 3339 3852 3421">
     <span class='ocr_line' id='line_1_90' title="bbox 2282 3339 3852 3421; baseline 0.006 -29"><span class='ocrx_word' id='word_1_625' title='bbox 2282 3339 2659 3409; x_wconf 81' lang='grc' dir='ltr'>κατέχοντες,</span> <span class='ocrx_word' id='word_1_626' title='bbox 2692 3343 3069 3408; x_wconf 85' lang='grc' dir='ltr'>ἀποστολικῶς</span> <span class='ocrx_word' id='word_1_627' title='bbox 3096 3346 3293 3401; x_wconf 79' lang='grc' dir='ltr'>εἰπεῖν.</span> <span class='ocrx_word' id='word_1_628' title='bbox 3336 3347 3399 3399; x_wconf 78' lang='lat' dir='ltr'><strong><em>Oi</em></strong></span> <span class='ocrx_word' id='word_1_629' title='bbox 3429 3347 3716 3417; x_wconf 69' lang='grc' dir='ltr'>ὀφθαλμοί</span> <span class='ocrx_word' id='word_1_630' title='bbox 3761 3368 3852 3421; x_wconf 69' lang='grc' dir='ltr'><strong><em>μου</em></strong></span> 
     </span>
    </p>
   </div>
   <div class='ocr_carea' id='block_1_91' title="bbox 2280 3432 3854 3511">
    <p class='ocr_par' dir='ltr' id='par_1_91' title="bbox 2280 3432 3854 3511">
     <span class='ocr_line' id='line_1_91' title="bbox 2280 3432 3854 3511; baseline 0.007 -27"><span class='ocrx_word' id='word_1_631' title='bbox 2280 3432 2368 3485; x_wconf 80' lang='grc' dir='ltr'><strong><em>διὰ</em></strong></span> <span class='ocrx_word' id='word_1_632' title='bbox 2397 3433 2597 3497; x_wconf 67' lang='grc' dir='ltr'>παντὸς</span> <span class='ocrx_word' id='word_1_633' title='bbox 2622 3434 2760 3500; x_wconf 80' lang='grc' dir='ltr'>πρὸς</span> <span class='ocrx_word' id='word_1_634' title='bbox 2801 3435 2947 3505; x_wconf 81' lang='grc' dir='ltr'>ὑμᾶς</span> <span class='ocrx_word' id='word_1_635' title='bbox 2973 3437 3098 3500; x_wconf 75' lang='grc' dir='ltr'>τοὺς</span> <span class='ocrx_word' id='word_1_636' title='bbox 3126 3437 3402 3506; x_wconf 82' lang='grc' dir='ltr'>ποθητούς</span> <span class='ocrx_word' id='word_1_637' title='bbox 3450 3457 3558 3506; x_wconf 84' lang='grc' dir='ltr'><strong><em>μου</em></strong></span> <span class='ocrx_word' id='word_1_638' title='bbox 3581 3457 3595 3470; x_wconf 88' lang='grc'><strong>·</strong></span> <span class='ocrx_word' id='word_1_639' title='bbox 3649 3442 3684 3510; x_wconf 84' lang='grc' dir='ltr'>ὴ</span> <span class='ocrx_word' id='word_1_640' title='bbox 3732 3459 3854 3511; x_wconf 81' lang='grc' dir='ltr'>καρ-</span> 
     </span>
    </p>
   </div>
   <div class='ocr_carea' id='block_1_92' title="bbox 2280 3520 3853 3601">
    <p class='ocr_par' dir='ltr' id='par_1_92' title="bbox 2280 3520 3853 3601">
     <span class='ocr_line' id='line_1_92' title="bbox 2280 3520 3853 3601; baseline 0.004 -28"><span class='ocrx_word' id='word_1_641' title='bbox 2280 3520 2366 3574; x_wconf 86' lang='grc' dir='ltr'><strong><em>δία</em></strong></span> <span class='ocrx_word' id='word_1_642' title='bbox 2402 3540 2504 3592; x_wconf 85' lang='grc' dir='ltr'><strong><em>μου</em></strong></span> <span class='ocrx_word' id='word_1_643' title='bbox 2538 3524 2805 3596; x_wconf 81' lang='grc' dir='ltr'>καιομένη</span> <span class='ocrx_word' id='word_1_644' title='bbox 2831 3528 2889 3577; x_wconf 84' lang='grc' dir='ltr'>ἐν</span> <span class='ocrx_word' id='word_1_645' title='bbox 2920 3526 3049 3596; x_wconf 80' lang='grc' dir='ltr'>ὑμῖν</span> <span class='ocrx_word' id='word_1_646' title='bbox 3079 3528 3136 3579; x_wconf 81' lang='grc' dir='ltr'>ἐν</span> <span class='ocrx_word' id='word_1_647' title='bbox 3160 3528 3351 3598; x_wconf 80' lang='grc' dir='ltr'>Κυρίῳ</span> <span class='ocrx_word' id='word_1_648' title='bbox 3378 3545 3392 3557; x_wconf 92' lang='grc'><strong>·</strong></span> <span class='ocrx_word' id='word_1_649' title='bbox 3438 3528 3512 3580; x_wconf 72' lang='grc' dir='ltr'>τὰ</span> <span class='ocrx_word' id='word_1_650' title='bbox 3530 3530 3853 3601; x_wconf 50' lang='grc' dir='ltr'>αἰσθητήριά</span> 
     </span>
    </p>
   </div>
   <div class='ocr_carea' id='block_1_93' title="bbox 2285 3616 3852 3691">
    <p class='ocr_par' dir='ltr' id='par_1_93' title="bbox 2285 3616 3852 3691">
     <span class='ocr_line' id='line_1_93' title="bbox 2285 3616 3852 3691; baseline 0.004 -24"><span class='ocrx_word' id='word_1_651' title='bbox 2285 3632 2386 3684; x_wconf 91' lang='grc' dir='ltr'><strong><em>μου</em></strong></span> <span class='ocrx_word' id='word_1_652' title='bbox 2418 3616 2725 3686; x_wconf 82' lang='grc' dir='ltr'>μαιμάσσει</span> <span class='ocrx_word' id='word_1_653' title='bbox 2776 3634 2865 3687; x_wconf 88' lang='grc' dir='ltr'><strong><em>με,</em></strong></span> <span class='ocrx_word' id='word_1_654' title='bbox 2910 3618 3073 3686; x_wconf 78' lang='grc' dir='ltr'>ἡνίκα</span> <span class='ocrx_word' id='word_1_655' title='bbox 3100 3618 3322 3670; x_wconf 78' lang='grc' dir='ltr'>ἀκούσω</span> <span class='ocrx_word' id='word_1_656' title='bbox 3368 3621 3667 3691; x_wconf 73' lang='grc' dir='ltr'><strong><em>ἀπευκτὴν</em></strong></span> <span class='ocrx_word' id='word_1_657' title='bbox 3698 3623 3852 3689; x_wconf 61' lang='grc' dir='ltr'>ἀκοὴ)</span> 
     </span>
    </p>
   </div>
   <div class='ocr_carea' id='block_1_94' title="bbox 2281 3707 3849 3779">
    <p class='ocr_par' dir='ltr' id='par_1_94' title="bbox 2281 3707 3849 3779">
     <span class='ocr_line' id='line_1_94' title="bbox 2281 3707 3849 3779; baseline 0.002 -18"><span class='ocrx_word' id='word_1_658' title='bbox 2281 3707 2374 3761; x_wconf 77' lang='grc' dir='ltr'>ἐπί</span> <span class='ocrx_word' id='word_1_659' title='bbox 2426 3724 2564 3760; x_wconf 77' lang='grc' dir='ltr'>τινι’</span> <span class='ocrx_word' id='word_1_660' title='bbox 2598 3708 2686 3760; x_wconf 73' lang='grc' dir='ltr'><strong><em>ἐπ’</em></strong></span> <span class='ocrx_word' id='word_1_661' title='bbox 2736 3708 2802 3761; x_wconf 76' lang='grc' dir='ltr'>ἂν</span> <span class='ocrx_word' id='word_1_662' title='bbox 2861 3708 3018 3777; x_wconf 83' lang='grc' dir='ltr'>μάθω</span> <span class='ocrx_word' id='word_1_663' title='bbox 3078 3708 3352 3778; x_wconf 78' lang='grc' dir='ltr'>ἐκτροπὴν</span> <span class='ocrx_word' id='word_1_664' title='bbox 3406 3709 3777 3779; x_wconf 75' lang='grc' dir='ltr'>θεομίσητον·</span> <span class='ocrx_word' id='word_1_665' title='bbox 3808 3715 3849 3764; x_wconf 72' lang='grc' dir='ltr'><strong><em>οἱ</em></strong></span> 
     </span>
    </p>
   </div>
   <div class='ocr_carea' id='block_1_95' title="bbox 2280 3798 3847 3875">
    <p class='ocr_par' dir='ltr' id='par_1_95' title="bbox 2280 3798 3847 3875">
     <span class='ocr_line' id='line_1_95' title="bbox 2280 3798 3847 3875; baseline 0.004 -26"><span class='ocrx_word' id='word_1_666' title='bbox 2280 3798 2550 3868; x_wconf 83' lang='grc' dir='ltr'>ὀφθαλμοί</span> <span class='ocrx_word' id='word_1_667' title='bbox 2604 3815 2705 3867; x_wconf 90' lang='grc' dir='ltr'><strong><em>μου</em></strong></span> <span class='ocrx_word' id='word_1_668' title='bbox 2765 3800 3065 3866; x_wconf 76' lang='grc' dir='ltr'>κατάγουσι</span> <span class='ocrx_word' id='word_1_669' title='bbox 3098 3800 3334 3868; x_wconf 85' lang='grc' dir='ltr'>δάκρυα.</span> <span class='ocrx_word' id='word_1_670' title='bbox 3414 3799 3480 3853; x_wconf 84' lang='grc' dir='ltr'><strong><em>Ἦ</em></strong></span> <span class='ocrx_word' id='word_1_671' title='bbox 3541 3802 3693 3873; x_wconf 73' lang='grc' dir='ltr'>ψυχή</span> <span class='ocrx_word' id='word_1_672' title='bbox 3759 3822 3847 3875; x_wconf 67' lang='grc' dir='ltr'><strong><em>μιν</em></strong></span> 
     </span>
    </p>
   </div>
   <div class='ocr_carea' id='block_1_96' title="bbox 2282 3888 3847 3960">
    <p class='ocr_par' dir='ltr' id='par_1_96' title="bbox 2282 3888 3847 3960">
     <span class='ocr_line' id='line_1_96' title="bbox 2282 3888 3847 3960; baseline 0.005 -19"><span class='ocrx_word' id='word_1_673' title='bbox 2282 3888 2647 3958; x_wconf 79' lang='grc' dir='ltr'>συντρίϐεται,</span> <span class='ocrx_word' id='word_1_674' title='bbox 2691 3888 2893 3941; x_wconf 83' lang='grc' dir='ltr'>ὁπόταν</span> <span class='ocrx_word' id='word_1_675' title='bbox 2941 3889 3091 3960; x_wconf 72' lang='grc' dir='ltr'>παρὰ</span> <span class='ocrx_word' id='word_1_676' title='bbox 3142 3890 3240 3960; x_wconf 77' lang='grc' dir='ltr'>τὴν</span> <span class='ocrx_word' id='word_1_677' title='bbox 3299 3892 3611 3960; x_wconf 77' lang='grc' dir='ltr'>παράδοσιν</span> <span class='ocrx_word' id='word_1_678' title='bbox 3645 3896 3740 3948; x_wconf 73' lang='grc' dir='ltr'>καὶ</span> <span class='ocrx_word' id='word_1_679' title='bbox 3762 3913 3847 3948; x_wconf 81' lang='grc' dir='ltr'>κα-</span> 
     </span>
    </p>
   </div>
   <div class='ocr_carea' id='block_1_97' title="bbox 2278 3981 3845 4059">
    <p class='ocr_par' dir='ltr' id='par_1_97' title="bbox 2278 3981 3845 4059">
     <span class='ocr_line' id='line_1_97' title="bbox 2278 3981 3845 4059; baseline 0.004 -27"><span class='ocrx_word' id='word_1_680' title='bbox 2278 3981 2541 4033; x_wconf 83' lang='grc' dir='ltr'>τάστασιν</span> <span class='ocrx_word' id='word_1_681' title='bbox 2566 3982 2660 4034; x_wconf 71' lang='grc' dir='ltr'>καὶ</span> <span class='ocrx_word' id='word_1_682' title='bbox 2699 3982 2797 4051; x_wconf 79' lang='grc' dir='ltr'>τὴν</span> <span class='ocrx_word' id='word_1_683' title='bbox 2823 3981 2931 4034; x_wconf 84' lang='grc' dir='ltr'><strong><em>τῶν</em></strong></span> <span class='ocrx_word' id='word_1_684' title='bbox 2961 3983 3375 4053; x_wconf 81' lang='grc' dir='ltr'>προειρημένων</span> <span class='ocrx_word' id='word_1_685' title='bbox 3397 3984 3675 4052; x_wconf 69' lang='grc' dir='ltr'>ἕκφανσιν</span> <span class='ocrx_word' id='word_1_686' title='bbox 3705 4006 3845 4059; x_wconf 77' lang='grc' dir='ltr'>περι-</span> 
     </span>
    </p>
   </div>
   <div class='ocr_carea' id='block_1_98' title="bbox 2279 4072 3841 4152">
    <p class='ocr_par' dir='ltr' id='par_1_98' title="bbox 2279 4072 3841 4152">
     <span class='ocr_line' id='line_1_98' title="bbox 2279 4072 3841 4152; baseline 0.004 -27"><span class='ocrx_word' id='word_1_687' title='bbox 2279 4080 2441 4126; x_wconf 84' lang='grc' dir='ltr'>πατεῖ</span> <span class='ocrx_word' id='word_1_688' title='bbox 2484 4076 2511 4127; x_wconf 93' lang='grc' dir='ltr'><strong><em>ὁ</em></strong></span> <span class='ocrx_word' id='word_1_689' title='bbox 2546 4074 2851 4143; x_wconf 80' lang='grc' dir='ltr'>ἀφιλόθεος.</span> <span class='ocrx_word' id='word_1_690' title='bbox 2904 4076 3315 4148; x_wconf 76' lang='grc' dir='ltr'>Ἐξεληλύοατε,</span> <span class='ocrx_word' id='word_1_691' title='bbox 3348 4072 3394 4131; x_wconf 80' lang='grc' dir='ltr'>ὦ</span> <span class='ocrx_word' id='word_1_692' title='bbox 3448 4082 3841 4152; x_wconf 67' lang='grc' dir='ltr'>Πατέρες,ἀπδ</span> 
     </span>
    </p>
   </div>
   <div class='ocr_carea' id='block_1_99' title="bbox 2275 4163 3833 4239">
    <p class='ocr_par' dir='ltr' id='par_1_99' title="bbox 2275 4163 3833 4239">
     <span class='ocr_line' id='line_1_99' title="bbox 2275 4163 3833 4239; baseline 0.004 -24"><span class='ocrx_word' id='word_1_693' title='bbox 2275 4163 2369 4216; x_wconf 79' lang='grc' dir='ltr'><strong><em>τοῦ</em></strong></span> <span class='ocrx_word' id='word_1_694' title='bbox 2404 4166 2769 4235; x_wconf 80' lang='grc' dir='ltr'>μοναστηρίου</span> <span class='ocrx_word' id='word_1_695' title='bbox 2801 4168 2879 4227; x_wconf 85' lang='grc' dir='ltr'><strong><em>είς</em></strong></span> <span class='ocrx_word' id='word_1_696' title='bbox 2921 4165 3255 4238; x_wconf 68' lang='grc' dir='ltr'>ὑψηλότερον</span> <span class='ocrx_word' id='word_1_697' title='bbox 3289 4167 3425 4235; x_wconf 77' lang='grc' dir='ltr'>φάος</span> <span class='ocrx_word' id='word_1_698' title='bbox 3460 4169 3561 4222; x_wconf 78' lang='grc' dir='ltr'>τοῦ</span> <span class='ocrx_word' id='word_1_699' title='bbox 3585 4170 3833 4239; x_wconf 72' lang='grc' dir='ltr'>διωγμοῦ.</span> 
     </span>
    </p>
   </div>
   <div class='ocr_carea' id='block_1_100' title="bbox 2276 4255 3836 4330">
    <p class='ocr_par' dir='ltr' id='par_1_100' title="bbox 2276 4255 3836 4330">
     <span class='ocr_line' id='line_1_100' title="bbox 2276 4255 3836 4330; baseline 0 -21"><span class='ocrx_word' id='word_1_700' title='bbox 2276 4255 2369 4325; x_wconf 84' lang='grc' dir='ltr'><strong><em>Μὴ</em></strong></span> <span class='ocrx_word' id='word_1_701' title='bbox 2411 4255 2519 4326; x_wconf 74' lang='grc' dir='ltr'>γὰρ</span> <span class='ocrx_word' id='word_1_702' title='bbox 2550 4256 2631 4319; x_wconf 81' lang='grc' dir='ltr'><strong><em>είς</em></strong></span> <span class='ocrx_word' id='word_1_703' title='bbox 2680 4257 3042 4310; x_wconf 77' lang='grc' dir='ltr'>ὲπισκὸτωσιν</span> <span class='ocrx_word' id='word_1_704' title='bbox 3076 4258 3410 4329; x_wconf 77' lang='grc' dir='ltr'>διῃρέθημεν</span> <span class='ocrx_word' id='word_1_705' title='bbox 3457 4262 3558 4313; x_wconf 78' lang='grc' dir='ltr'><strong><em>ἀπ’</em></strong></span> <span class='ocrx_word' id='word_1_706' title='bbox 3608 4262 3836 4330; x_wconf 71' lang='grc' dir='ltr'>ἀλλήλων</span> 
     </span>
    </p>
   </div>
   <div class='ocr_carea' id='block_1_101' title="bbox 2276 4348 3834 4421">
    <p class='ocr_par' dir='ltr' id='par_1_101' title="bbox 2276 4348 3834 4421">
     <span class='ocr_line' id='line_1_101' title="bbox 2276 4348 3834 4421; baseline 0.002 -23"><span class='ocrx_word' id='word_1_707' title='bbox 2276 4348 2839 4417; x_wconf 77' lang='grc' dir='ltr'>πνευματοκινήτωςς</span> <span class='ocrx_word' id='word_1_708' title='bbox 2885 4349 2959 4418; x_wconf 83' lang='grc' dir='ltr'>μὴ</span> <span class='ocrx_word' id='word_1_709' title='bbox 3014 4350 3121 4417; x_wconf 76' lang='grc' dir='ltr'>γάρ</span> <span class='ocrx_word' id='word_1_710' title='bbox 3169 4350 3256 4401; x_wconf 82' lang='grc' dir='ltr'>ἵνα</span> <span class='ocrx_word' id='word_1_711' title='bbox 3299 4352 3633 4421; x_wconf 72' lang='grc' dir='ltr'>περιπαθῶς</span> <span class='ocrx_word' id='word_1_712' title='bbox 3676 4351 3834 4419; x_wconf 67' lang='grc' dir='ltr'><strong><em>ζήτω-</em></strong></span> 
     </span>
    </p>
   </div>
   <div class='ocr_carea' id='block_1_102' title="bbox 2279 4437 3833 4513">
    <p class='ocr_par' dir='ltr' id='par_1_102' title="bbox 2279 4437 3833 4513">
     <span class='ocr_line' id='line_1_102' title="bbox 2279 4437 3833 4513; baseline 0.003 -24"><span class='ocrx_word' id='word_1_713' title='bbox 2279 4455 2414 4507; x_wconf 89' lang='grc' dir='ltr'>μεν;</span> <span class='ocrx_word' id='word_1_714' title='bbox 2447 4437 2522 4507; x_wconf 83' lang='grc' dir='ltr'>μὴ</span> <span class='ocrx_word' id='word_1_715' title='bbox 2563 4438 2672 4508; x_wconf 75' lang='grc' dir='ltr'>γὰρ</span> <span class='ocrx_word' id='word_1_716' title='bbox 2699 4440 2727 4491; x_wconf 92' lang='grc' dir='ltr'><strong><em>ὁ</em></strong></span> <span class='ocrx_word' id='word_1_717' title='bbox 2769 4438 2899 4502; x_wconf 82' lang='grc' dir='ltr'><strong><em>Θεὸς</em></strong></span> <span class='ocrx_word' id='word_1_718' title='bbox 2928 4440 3025 4509; x_wconf 76' lang='grc' dir='ltr'><strong><em>οὐχ</em></strong></span> <span class='ocrx_word' id='word_1_719' title='bbox 3054 4441 3192 4510; x_wconf 73' lang='grc' dir='ltr'>ὁρᾷς</span> <span class='ocrx_word' id='word_1_720' title='bbox 3247 4441 3324 4512; x_wconf 81' lang='grc' dir='ltr'>μὴ</span> <span class='ocrx_word' id='word_1_721' title='bbox 3383 4442 3497 4513; x_wconf 78' lang='grc' dir='ltr'>γὰρ</span> <span class='ocrx_word' id='word_1_722' title='bbox 3540 4444 3646 4497; x_wconf 77' lang='grc' dir='ltr'>οὐκ</span> <span class='ocrx_word' id='word_1_723' title='bbox 3689 4446 3833 4496; x_wconf 73' lang='grc' dir='ltr'>άκουο</span> 
     </span>
    </p>
   </div>
   <div class='ocr_carea' id='block_1_103' title="bbox 2194 4503 3832 4606">
    <p class='ocr_par' dir='ltr' id='par_1_103' title="bbox 2194 4503 3832 4606">
     <span class='ocr_line' id='line_1_103' title="bbox 2194 4503 3832 4606; baseline 0.005 -26"><span class='ocrx_word' id='word_1_724' title='bbox 2194 4503 2249 4563; x_wconf 78' lang='lat' dir='ltr'><strong><em>D</em></strong></span> <span class='ocrx_word' id='word_1_725' title='bbox 2276 4503 2400 4583; x_wconf 73' lang='grc' dir='ltr'>στὸν</span> <span class='ocrx_word' id='word_1_726' title='bbox 2430 4503 2680 4599; x_wconf 32' lang='lat' dir='ltr'><strong><em>virve—1a.:</em></strong></span> <span class='ocrx_word' id='word_1_727' title='bbox 2742 4531 2971 4584; x_wconf 77' lang='grc' dir='ltr'>ἑκάστου</span> <span class='ocrx_word' id='word_1_728' title='bbox 2995 4503 3097 4583; x_wconf 28' lang='grc' dir='ltr'>’.τὺΙ</span> <span class='ocrx_word' id='word_1_729' title='bbox 3131 4503 3329 4601; x_wconf 45' lang='grc' dir='ltr'>ἔργον,</span> <span class='ocrx_word' id='word_1_730' title='bbox 3387 4503 3545 4599; x_wconf 68' lang='grc' dir='ltr'>δπιυς</span> <span class='ocrx_word' id='word_1_731' title='bbox 3584 4536 3832 4606; x_wconf 82' lang='grc' dir='ltr'>ἀναστρέ-</span> 
     </span>
    </p>
   </div>
   <div class='ocr_carea' id='block_1_104' title="bbox 2275 4622 2501 4691">
    <p class='ocr_par' dir='ltr' id='par_1_104' title="bbox 2275 4622 2501 4691">
     <span class='ocr_line' id='line_1_104' title="bbox 2275 4622 2501 4691; baseline 0.004 -17"><span class='ocrx_word' id='word_1_732' title='bbox 2275 4622 2463 4691; x_wconf 80' lang='grc' dir='ltr'>φοισθε</span> <span class='ocrx_word' id='word_1_733' title='bbox 2486 4641 2501 4687; x_wconf 90' lang='lat'><strong>;</strong></span> 
     </span>
    </p>
   </div>
   <div class='ocr_carea' id='block_1_105' title="bbox 2342 4735 3827 4810">
    <p class='ocr_par' dir='ltr' id='par_1_105' title="bbox 2342 4735 3827 4810">
     <span class='ocr_line' id='line_1_105' title="bbox 2342 4735 3827 4810; baseline 0 -19"><span class='ocrx_word' id='word_1_734' title='bbox 2342 4738 2408 4792; x_wconf 84' lang='grc' dir='ltr'><strong>Οἱ</strong></span> <span class='ocrx_word' id='word_1_735' title='bbox 2438 4737 2561 4800; x_wconf 79' lang='grc' dir='ltr'>τοὺς</span> <span class='ocrx_word' id='word_1_736' title='bbox 2590 4736 2809 4800; x_wconf 76' lang='grc' dir='ltr'>δούλους</span> <span class='ocrx_word' id='word_1_737' title='bbox 2836 4736 3069 4807; x_wconf 73' lang='grc' dir='ltr'>ἔχοντες,</span> <span class='ocrx_word' id='word_1_738' title='bbox 3098 4735 3272 4790; x_wconf 77' lang='grc' dir='ltr'>ταῦτα</span> <span class='ocrx_word' id='word_1_739' title='bbox 3305 4737 3541 4791; x_wconf 73' lang='grc' dir='ltr'>ἀκούετε</span> <span class='ocrx_word' id='word_1_740' title='bbox 3565 4757 3579 4769; x_wconf 87' lang='grc'><strong>·</strong></span> <span class='ocrx_word' id='word_1_741' title='bbox 3614 4741 3665 4793; x_wconf 81' lang='lat' dir='ltr'><strong><em>oi</em></strong></span> <span class='ocrx_word' id='word_1_742' title='bbox 3689 4756 3827 4810; x_wconf 76' lang='grc' dir='ltr'>μονο-</span> 
     </span>
    </p>
   </div>
   <div class='ocr_carea' id='block_1_106' title="bbox 2272 4820 3826 4901">
    <p class='ocr_par' dir='ltr' id='par_1_106' title="bbox 2272 4820 3826 4901">
     <span class='ocr_line' id='line_1_106' title="bbox 2272 4820 3826 4901; baseline 0 -16"><span class='ocrx_word' id='word_1_743' title='bbox 2272 4831 2541 4893; x_wconf 81' lang='grc' dir='ltr'>κάθιστοι,</span> <span class='ocrx_word' id='word_1_744' title='bbox 2573 4832 2622 4885; x_wconf 80' lang='grc' dir='ltr'>οἱ</span> <span class='ocrx_word' id='word_1_745' title='bbox 2674 4830 3130 4900; x_wconf 73' lang='grc' dir='ltr'>γυναικιζόμενοι,</span> <span class='ocrx_word' id='word_1_746' title='bbox 3174 4820 3261 4883; x_wconf 74' lang='grc' dir='ltr'>ἵνα</span> <span class='ocrx_word' id='word_1_747' title='bbox 3308 4832 3448 4901; x_wconf 75' lang='grc' dir='ltr'>μήτι</span> <span class='ocrx_word' id='word_1_748' title='bbox 3483 4832 3650 4886; x_wconf 82' lang='grc' dir='ltr'>πλέον</span> <span class='ocrx_word' id='word_1_749' title='bbox 3678 4835 3826 4900; x_wconf 70' lang='grc' dir='ltr'>λέγω·</span> 
     </span>
    </p>
   </div>
   <div class='ocr_carea' id='block_1_107' title="bbox 2272 4921 3823 4993">
    <p class='ocr_par' dir='ltr' id='par_1_107' title="bbox 2272 4921 3823 4993">
     <span class='ocr_line' id='line_1_107' title="bbox 2272 4921 3823 4993; baseline -0.002 -16"><span class='ocrx_word' id='word_1_750' title='bbox 2272 4926 2320 4977; x_wconf 80' lang='grc' dir='ltr'>οἱ</span> <span class='ocrx_word' id='word_1_751' title='bbox 2356 4924 2701 4993; x_wconf 80' lang='grc' dir='ltr'>φιλάργυροι,</span> <span class='ocrx_word' id='word_1_752' title='bbox 2755 4923 2803 4974; x_wconf 82' lang='lat' dir='ltr'><strong><em>oi</em></strong></span> <span class='ocrx_word' id='word_1_753' title='bbox 2848 4921 3149 4993; x_wconf 79' lang='grc' dir='ltr'>φιλόγυροι.</span> <span class='ocrx_word' id='word_1_754' title='bbox 3200 4923 3313 4990; x_wconf 74' lang='grc' dir='ltr'><strong><em>Οὐχ</em></strong></span> <span class='ocrx_word' id='word_1_755' title='bbox 3370 4921 3516 4974; x_wconf 77' lang='grc' dir='ltr'>ἑκὼν</span> <span class='ocrx_word' id='word_1_756' title='bbox 3570 4924 3823 4988; x_wconf 75' lang='grc' dir='ltr'>ὀνειδίζω,</span> 
     </span>
    </p>
   </div>
   <div class='ocr_carea' id='block_1_108' title="bbox 2276 5011 3823 5082">
    <p class='ocr_par' dir='ltr' id='par_1_108' title="bbox 2276 5011 3823 5082">
     <span class='ocr_line' id='line_1_108' title="bbox 2276 5011 3823 5082; baseline 0 -17"><span class='ocrx_word' id='word_1_757' title='bbox 2276 5015 2587 5082; x_wconf 72' lang='grc' dir='ltr'>σύγγνωτεο</span> <span class='ocrx_word' id='word_1_758' title='bbox 2653 5012 2787 5065; x_wconf 70' lang='grc' dir='ltr'>ἀλλὰ</span> <span class='ocrx_word' id='word_1_759' title='bbox 2818 5011 2996 5065; x_wconf 83' lang='grc' dir='ltr'>πονῶν</span> <span class='ocrx_word' id='word_1_760' title='bbox 3046 5011 3363 5082; x_wconf 78' lang='grc' dir='ltr'>κατηγορῶ,</span> <span class='ocrx_word' id='word_1_761' title='bbox 3420 5012 3499 5076; x_wconf 85' lang='grc' dir='ltr'><strong><em>ὡς</em></strong></span> <span class='ocrx_word' id='word_1_762' title='bbox 3557 5016 3641 5077; x_wconf 79' lang='grc' dir='ltr'>εἰς</span> <span class='ocrx_word' id='word_1_763' title='bbox 3685 5013 3823 5067; x_wconf 74' lang='grc' dir='ltr'>τοῦτο</span> 
     </span>
    </p>
   </div>
   <div class='ocr_carea' id='block_1_109' title="bbox 2280 5100 3820 5174">
    <p class='ocr_par' dir='ltr' id='par_1_109' title="bbox 2280 5100 3820 5174">
     <span class='ocr_line' id='line_1_109' title="bbox 2280 5100 3820 5174; baseline 0.003 -17"><span class='ocrx_word' id='word_1_764' title='bbox 2280 5105 2547 5174; x_wconf 80' lang='grc' dir='ltr'>κείμενος.</span> <span class='ocrx_word' id='word_1_765' title='bbox 2596 5101 2959 5169; x_wconf 77' lang='grc' dir='ltr'>Πληρὼσατέ</span> <span class='ocrx_word' id='word_1_766' title='bbox 2983 5119 3102 5171; x_wconf 79' lang='grc' dir='ltr'><strong><em>μου</em></strong></span> <span class='ocrx_word' id='word_1_767' title='bbox 3134 5101 3251 5169; x_wconf 82' lang='grc' dir='ltr'><strong><em>τὴν</em></strong></span> <span class='ocrx_word' id='word_1_768' title='bbox 3292 5102 3512 5169; x_wconf 75' lang='grc' dir='ltr'>χαρὰν,</span> <span class='ocrx_word' id='word_1_769' title='bbox 3552 5100 3600 5158; x_wconf 81' lang='grc' dir='ltr'><strong>ὦ</strong></span> <span class='ocrx_word' id='word_1_770' title='bbox 3644 5106 3820 5161; x_wconf 70' lang='grc' dir='ltr'>τέκνα,</span> 
     </span>
    </p>
   </div>
   <div class='ocr_carea' id='block_1_110' title="bbox 2271 5191 3818 5264">
    <p class='ocr_par' dir='ltr' id='par_1_110' title="bbox 2271 5191 3818 5264">
     <span class='ocr_line' id='line_1_110' title="bbox 2271 5191 3818 5264; baseline -0.001 -15"><span class='ocrx_word' id='word_1_771' title='bbox 2271 5198 2372 5249; x_wconf 77' lang='grc' dir='ltr'><strong><em>ἵνα</em></strong></span> <span class='ocrx_word' id='word_1_772' title='bbox 2402 5196 2466 5248; x_wconf 84' lang='grc' dir='ltr'>τὸ</span> <span class='ocrx_word' id='word_1_773' title='bbox 2494 5194 2640 5248; x_wconf 83' lang='grc' dir='ltr'>αὐτὸ</span> <span class='ocrx_word' id='word_1_774' title='bbox 2681 5191 2963 5262; x_wconf 71' lang='grc' dir='ltr'><strong><em>φρονῆτε,</em></strong></span> <span class='ocrx_word' id='word_1_775' title='bbox 3016 5192 3095 5261; x_wconf 82' lang='grc' dir='ltr'>τῷ</span> <span class='ocrx_word' id='word_1_776' title='bbox 3125 5192 3273 5261; x_wconf 78' lang='grc' dir='ltr'>αὐτῷ</span> <span class='ocrx_word' id='word_1_777' title='bbox 3306 5195 3565 5264; x_wconf 82' lang='grc' dir='ltr'>στοιχῆτε</span> <span class='ocrx_word' id='word_1_778' title='bbox 3613 5197 3818 5250; x_wconf 82' lang='grc' dir='ltr'>κανόνι·</span> 
     </span>
    </p>
   </div>
   <div class='ocr_carea' id='block_1_111' title="bbox 2270 5280 3821 5353">
    <p class='ocr_par' dir='ltr' id='par_1_111' title="bbox 2270 5280 3821 5353">
     <span class='ocr_line' id='line_1_111' title="bbox 2270 5280 3821 5353; baseline 0 -20"><span class='ocrx_word' id='word_1_779' title='bbox 2270 5281 2449 5348; x_wconf 71' lang='grc' dir='ltr'><strong>ἀγαθὰ</strong></span> <span class='ocrx_word' id='word_1_780' title='bbox 2484 5281 2853 5350; x_wconf 84' lang='grc' dir='ltr'>ὑποδείγματα</span> <span class='ocrx_word' id='word_1_781' title='bbox 2883 5282 2975 5332; x_wconf 75' lang='grc' dir='ltr'>καὶ</span> <span class='ocrx_word' id='word_1_782' title='bbox 3024 5280 3398 5350; x_wconf 77' lang='grc' dir='ltr'>ὑπομνήματα</span> <span class='ocrx_word' id='word_1_783' title='bbox 3439 5283 3821 5353; x_wconf 70' lang='grc' dir='ltr'>ἐναποσφραγί-</span> 
     </span>
    </p>
   </div>
   <div class='ocr_carea' id='block_1_112' title="bbox 2271 5368 3816 5442">
    <p class='ocr_par' dir='ltr' id='par_1_112' title="bbox 2271 5368 3816 5442">
     <span class='ocr_line' id='line_1_112' title="bbox 2271 5368 3816 5442; baseline 0.003 -18"><span class='ocrx_word' id='word_1_784' title='bbox 2271 5372 2454 5435; x_wconf 63' lang='lat' dir='ltr'><strong><em>(oves;</em></strong></span> <span class='ocrx_word' id='word_1_785' title='bbox 2492 5374 2611 5434; x_wconf 84' lang='grc' dir='ltr'>ταῖς</span> <span class='ocrx_word' id='word_1_786' title='bbox 2636 5372 2834 5442; x_wconf 67' lang='grc' dir='ltr'>ψυχαῖς</span> <span class='ocrx_word' id='word_1_787' title='bbox 2881 5370 2987 5423; x_wconf 86' lang='grc' dir='ltr'><strong><em>τῶν</em></strong></span> <span class='ocrx_word' id='word_1_788' title='bbox 3034 5368 3315 5441; x_wconf 84' lang='grc' dir='ltr'>ὁρώντων,</span> <span class='ocrx_word' id='word_1_789' title='bbox 3350 5373 3434 5435; x_wconf 88' lang='grc' dir='ltr'>εἰς</span> <span class='ocrx_word' id='word_1_790' title='bbox 3492 5374 3656 5439; x_wconf 78' lang='grc' dir='ltr'>δόξαν</span> <span class='ocrx_word' id='word_1_791' title='bbox 3683 5372 3816 5429; x_wconf 76' lang='grc' dir='ltr'><strong><em>Θεοῦ.</em></strong></span> 
     </span>
    </p>
   </div>
   <div class='ocr_carea' id='block_1_113' title="bbox 2269 5461 3816 5535">
    <p class='ocr_par' dir='ltr' id='par_1_113' title="bbox 2269 5461 3816 5535">
     <span class='ocr_line' id='line_1_113' title="bbox 2269 5461 3816 5535; baseline -0.001 -20"><span class='ocrx_word' id='word_1_792' title='bbox 2269 5466 2349 5525; x_wconf 79' lang='grc' dir='ltr'>εἰς</span> <span class='ocrx_word' id='word_1_793' title='bbox 2393 5464 2548 5523; x_wconf 82' lang='grc' dir='ltr'>κλέος</span> <span class='ocrx_word' id='word_1_794' title='bbox 2600 5464 2752 5532; x_wconf 83' lang='grc' dir='ltr'>ὑμῶν</span> <span class='ocrx_word' id='word_1_795' title='bbox 2808 5461 3085 5524; x_wconf 78' lang='grc' dir='ltr'>ἄσϐεστον,</span> <span class='ocrx_word' id='word_1_796' title='bbox 3137 5463 3218 5520; x_wconf 77' lang='grc' dir='ltr'><strong><em>είς</em></strong></span> <span class='ocrx_word' id='word_1_797' title='bbox 3272 5462 3621 5534; x_wconf 69' lang='grc' dir='ltr'>εὐφροσύνην</span> <span class='ocrx_word' id='word_1_798' title='bbox 3664 5462 3816 5535; x_wconf 74' lang='grc' dir='ltr'>κάμοῦ</span> 
     </span>
    </p>
   </div>
   <div class='ocr_carea' id='block_1_114' title="bbox 2271 5552 3816 5628">
    <p class='ocr_par' dir='ltr' id='par_1_114' title="bbox 2271 5552 3816 5628">
     <span class='ocr_line' id='line_1_114' title="bbox 2271 5552 3816 5628; baseline 0.003 -24"><span class='ocrx_word' id='word_1_799' title='bbox 2271 5553 2364 5604; x_wconf 74' lang='grc' dir='ltr'><strong><em>τοῦ</em></strong></span> <span class='ocrx_word' id='word_1_800' title='bbox 2412 5552 2757 5623; x_wconf 77' lang='grc' dir='ltr'>ἁμαρτωλοῦ,</span> <span class='ocrx_word' id='word_1_801' title='bbox 2786 5558 2865 5614; x_wconf 69' lang='grc' dir='ltr'>εἰς</span> <span class='ocrx_word' id='word_1_802' title='bbox 2898 5552 3116 5605; x_wconf 78' lang='grc' dir='ltr'>ἔπαινον</span> <span class='ocrx_word' id='word_1_803' title='bbox 3150 5552 3250 5617; x_wconf 80' lang='grc' dir='ltr'><strong><em>τῆς</em></strong></span> <span class='ocrx_word' id='word_1_804' title='bbox 3292 5554 3666 5628; x_wconf 72' lang='grc' dir='ltr'>ἀδελφότητος</span> <span class='ocrx_word' id='word_1_805' title='bbox 3688 5557 3816 5627; x_wconf 79' lang='grc' dir='ltr'>ὑμῶν</span> 
     </span>
    </p>
   </div>
   <div class='ocr_carea' id='block_1_115' title="bbox 668 5742 2177 5852">
    <p class='ocr_par' dir='ltr' id='par_1_115' title="bbox 668 5742 2177 5851">
     <span class='ocr_line' id='line_1_115' title="bbox 668 5742 2177 5851; baseline 0.001 -14"><span class='ocrx_word' id='word_1_806' title='bbox 668 5785 689 5817; x_wconf 83' lang='lat'><em>&quot;</em></span> <span class='ocrx_word' id='word_1_807' title='bbox 723 5783 740 5837; x_wconf 87' lang='grc' dir='ltr'><strong>Ι</strong></span> <span class='ocrx_word' id='word_1_808' title='bbox 772 5782 915 5840; x_wconf 82' lang='lat' dir='ltr'><strong><em>Petr.</em></strong></span> <span class='ocrx_word' id='word_1_809' title='bbox 945 5742 1019 5850; x_wconf 71' lang='lat' dir='ltr'><strong><em>tv,</em></strong></span> <span class='ocrx_word' id='word_1_810' title='bbox 1053 5786 1137 5851; x_wconf 78' lang='grc'>10,</span> <span class='ocrx_word' id='word_1_811' title='bbox 1173 5786 1258 5839; x_wconf 84' lang='grc' dir='ltr'><strong><em>Η.</em></strong></span> <span class='ocrx_word' id='word_1_812' title='bbox 1340 5786 1360 5815; x_wconf 85' lang='grc'><strong>⁸</strong></span> <span class='ocrx_word' id='word_1_813' title='bbox 1393 5785 1409 5838; x_wconf 91' lang='lat' dir='ltr'><strong><em>l</em></strong></span> <span class='ocrx_word' id='word_1_814' title='bbox 1442 5782 1582 5837; x_wconf 82' lang='lat' dir='ltr'><strong><em>Tim.</em></strong></span> <span class='ocrx_word' id='word_1_815' title='bbox 1624 5793 1694 5847; x_wconf 61' lang='grc' dir='ltr'><strong><em>τι,</em></strong></span> <span class='ocrx_word' id='word_1_816' title='bbox 1732 5784 1811 5838; x_wconf 86' lang='lat' dir='ltr'><strong><em>l0.</em></strong></span> <span class='ocrx_word' id='word_1_817' title='bbox 1889 5788 1907 5815; x_wconf 79' lang='grc'>⁹</span> <span class='ocrx_word' id='word_1_818' title='bbox 1944 5783 1961 5835; x_wconf 87' lang='lat' dir='ltr'><strong><em>l</em></strong></span> <span class='ocrx_word' id='word_1_819' title='bbox 1996 5786 2133 5838; x_wconf 86' lang='lat' dir='ltr'><strong><em>Tim.</em></strong></span> <span class='ocrx_word' id='word_1_820' title='bbox 2175 5801 2177 5806; x_wconf 81' lang='lat'>‘</span> 
     </span>
    </p>
   </div>
   <div class='ocr_carea' id='block_1_116' title="bbox 2280 5742 3487 5852">
    <p class='ocr_par' dir='ltr' id='par_1_116' title="bbox 2284 5778 3487 5852">
     <span class='ocr_line' id='line_1_116' title="bbox 2284 5778 3487 5852; baseline 0.003 -18"><span class='ocrx_word' id='word_1_821' title='bbox 2284 5782 2374 5836; x_wconf 76' lang='lat'><strong><em>9.5.</em></strong></span> <span class='ocrx_word' id='word_1_822' title='bbox 2453 5782 2493 5811; x_wconf 82' lang='grc'><strong><em>¹⁰</em></strong></span> <span class='ocrx_word' id='word_1_823' title='bbox 2524 5780 2565 5834; x_wconf 90' lang='lat' dir='ltr'><strong><em>ll</em></strong></span> <span class='ocrx_word' id='word_1_824' title='bbox 2592 5780 2717 5836; x_wconf 90' lang='lat' dir='ltr'><strong><em>Cor.</em></strong></span> <span class='ocrx_word' id='word_1_825' title='bbox 2749 5796 2820 5834; x_wconf 86' lang='lat' dir='ltr'><strong><em>vl.</em></strong></span> <span class='ocrx_word' id='word_1_826' title='bbox 2862 5780 2914 5835; x_wconf 89' lang='lat'><strong><em>9.</em></strong></span> <span class='ocrx_word' id='word_1_827' title='bbox 2973 5778 3015 5811; x_wconf 82' lang='grc'>¹¹</span> <span class='ocrx_word' id='word_1_828' title='bbox 3054 5778 3295 5851; x_wconf 82' lang='lat' dir='ltr'><strong><em>Philipp.</em></strong></span> <span class='ocrx_word' id='word_1_829' title='bbox 3328 5798 3395 5852; x_wconf 77' lang='grc' dir='ltr'><strong><em>ιι,</em></strong></span> <span class='ocrx_word' id='word_1_830' title='bbox 3430 5784 3487 5842; x_wconf 74' lang='lat'><strong><em>2.</em></strong></span> 
     </span>
    </p>
   </div>
  </div>
