3964 6320
163 371 297 439 1425

1341 379 1884 442 EPISTOLARUM
1939 383 2090 445 LIB.
2141 383 2224 443 Ιῐ.

3280 381 3420 447 1426

159 487 216 540 ἐν
239 485 460 559 Χριστῷ
510 484 682 556 Ἰησοῦ
712 485 789 554 τῷ
837 485 1027 557 Κυρῐῳ
1061 487 1216 556 ἡμῶν
1243 504 1256 518 ·
1296 481 1342 555 ᾧ
1385 491 1418 559 η
1473 489 1602 553 δόξα
1641 492 1734 545 καὶ

1851 501 1888 545 ξι
1918 491 2206 561 imperium
2245 507 2367 546 cum
2402 491 2562 545 Patre
2585 499 2640 544 et
2683 491 2887 558 Spiritu
2941 501 3154 557 sancto,
3188 509 3333 548 nunc
3366 504 3420 547 et

157 583 218 635 τὸ
244 581 465 653 κράτος.
498 577 616 650 ἅμα
645 579 726 650 τῷ
759 581 938 652 Πατρὶ
967 584 1064 636 καὶ.
1110 583 1188 654 τῷ
1229 583 1374 655 ἁγίῳ
1433 585 1732 655 ιΙνεύματι,

159 672 252 726 νῦν
311 671 405 722 καὶ
456 669 546 722 ἀεὶ
609 671 702 724 καὶ
754 671 838 734 είς
889 673 1018 736 τοὺς
1066 673 1272 737 αἰῶνας
1331 674 1444 728 τῶν
1499 676 1735 730 αἰώνων.

169 763 359 832 Ἀμήν.

321 878 472 931 PAB'
509 878 646 951 (28).
673 910 746 922 -—
772 877 852 948 Τῇ
873 879 1181 950 ἡγουμένῃ
1229 881 1458 951 Ἰγινῶν.
1535 883 1702 956 [χπζ’.

1845 599 2062 654 semper
2088 591 2145 638 et
2174 583 2227 637 in
2258 584 2455 638 saecula
2489 582 2834 638 saeculorum.
2866 583 3062 638 Amen.

2151 873 2407 930 CXXXII.
2428 905 2496 915 ——
2514 873 2826 944 Pra’posita:
2849 873 2878 928 Ι
2883 891 3122 945 quorum.

1092 997 1155 1047 Ut
1186 959 1660 1059 sanctimonialibds,
1694 999 1878 1061 quibus
1914 1000 2117 1062 pracst,
2143 993 2210 1043 sit
2247 991 2496 1054 exemplo.

254 1097 610 1172 Απεδεξάμην
625 1101 724 1172 τὴν
745 1103 1029 1158 εὐλάϐειάν
1054 1121 1171 1169 σου,
1201 1108 1406 1178 ἀδελφὴ
1433 1111 1490 1162 ἐν
1521 1111 1732 1181 Κυρίῳ,

156 1190 252 1242 καὶ
278 1193 363 1259 ἐφ’
401 1187 482 1255 οἷς
542 1193 874 1260 ἀπέστειλας
906 1195 1121 1268 δώροις·
1157 1200 1251 1252 καὶ
1277 1199 1336 1251 ἐν
1371 1194 1458 1264 αἷς
1488 1201 1736 1255 διαθέσε-

157 1297 244 1335 σιν
273 1283 678 1354 ὑπολαμὸάνεις
734 1286 803 1340 τὰ
865 1288 988 1341 καθ’
1029 1291 1195 1360 ἡμᾶς.
1253 1291 1393 1345 Ἀλλ’
1421 1293 1481 1346 οὐ
1528 1295 1737 1348 τοιοῦτο

155 1373 317 1443 ἡμεῖς
345 1391 360 1405 ·
391 1374 444 1427 οῖ
494 1391 556 1442 γε
589 1374 713 1427 οὐδὲ
771 1378 990 1445 ἑαυτοῖς
1049 1380 1346 1452 ἀρκοῦντες
1398 1385 1455 1437 ἐν
1487 1384 1735 1452 ἀγαθοῖς,

157 1466 279 1531 πῶς
330 1467 394 1522 ἂν
423 1467 605 1531 ἄλλοις
661 1471 1025 1543 μεταδοίημεν
1075 1475 1429 1542 ἁγαθοειδοῦς
1475 1479 1733 1533 διδασκα-

157 1557 312 1627 λίας;
349 1560 567 1612 Γένοιτο
616 1559 672 1614 δὲ
707 1562 851 1616 κατὰ
909 1565 1008 1636 τὴν
1056 1567 1240 1621 πίστιν
1270 1585 1366 1622 σου
1417 1571 1737 1644 θεοπρεπῶς

159 1649 562 1717 πολιτεύεσθαι,
602 1653 693 1705 τὸν
737 1655 796 1707 ἐν
826 1655 1095 1728 παρθενίᾳ
1136 1658 1248 1728 βίον
1282 1661 1591 1731 ἀμέμπτως
1618 1663 1736 1716 δια-

156 1741 442 1795 τελοῦσανο
491 1741 552 1794 οὐ
610 1743 716 1814 μὴν
742 1784 756 1808 ,
825 1745 961 1798 ἀλλά
1018 1749 1112 1800 καὶ
1149 1748 1240 1802 τὸν
1270 1751 1370 1822 τῆς
1403 1755 1738 1824 προστασίας

1911 1106 2174 1161 Pietatem
2205 1113 2359 1159 tuam
2412 1102 2625 1158 laudavi
2656 1118 2721 1157 ac
2750 1100 2996 1172 probavi,
3024 1115 3184 1156 soror
3223 1099 3274 1153 in
3320 1099 3423 1153 Do-

1840 1199 2012 1259 mino,
2039 1207 2154 1253 tum
2194 1197 2250 1252 in
2295 1197 2362 1252 iis
2419 1197 2578 1251 donis
2631 1211 2753 1265 quae
2808 1195 3028 1258 misisti,
3073 1205 3184 1248 tum
3248 1193 3302 1247 in
3358 1210 3425 1244 eo

1837 1290 2034 1345 all'eetu
2080 1305 2190 1359 quo
2229 1298 2417 1343 nostra
2454 1287 2677 1356 accipis.
2717 1285 2865 1340 Nihil
2911 1287 3092 1341 simile
3140 1295 3319 1339 autem
3369 1284 3424 1336 in

1839 1381 1999 1436 nobis
2023 1380 2237 1449 est.qui
2266 1395 2390 1434 cum
2426 1394 2527 1433 nec
2563 1379 2696 1456 satis
2737 1378 2840 1448 ipsi
2873 1377 3123 1432 instructi
3149 1392 3180 1431 a
3223 1376 3425 1430 virtute

1839 1475 2035 1538 simus,
2069 1473 2346 1541 quomodo
2375 1472 2497 1526 aliis
2546 1470 3106 1526 doctrinamvirtutis
3145 1467 3423 1539 impertie-

1838 1564 2004 1622 mus‘l
2042 1566 2260 1622 Utinam
2285 1574 2464 1618 autem
2516 1562 2816 1625 semiudum
2843 1561 3001 1616 fidem
3042 1569 3192 1615 tuam
3241 1559 3426 1613 divino

1840 1671 1992 1710 more
2026 1654 2391 1719 convcrscris,
2432 1654 2709 1722 vitamque
2757 1653 2812 1706 in
2853 1651 3167 1721 virginitate
3197 1657 3425 1721 peragas

1841 1747 2154 1817 inculpale;
2183 1757 2349 1818 atque
2381 1752 2518 1801 adeo
2571 1741 2905 1816 praefectura:
2955 1759 3174 1816 quoque
3223 1758 3426 1796 Inutilis

159 1833 369 1904 βαθμὸν
395 1835 781 1905 ἀκατακρίτως
811 1839 1122 1910 περιέπειν.
1153 1841 1293 1896 Ἴσοι
1322 1844 1430 1914 γὰρ
1469 1845 1544 1911 ὡς
1569 1847 1736 1900 πολύ-

1851 1841 1962 1895 sine
1997 1840 2422 1911 reprehensione
2455 1841 2640 1895 obeas!
2681 1840 2803 1895 Scis
2834 1839 2978 1892 enim
3009 1854 3120 1891 rem
3149 1851 3272 1892 esse
3300 1851 3424 1890 cum

161 1923 356 1994 μισθον
387 1925 450 1977 τὺ
501 1929 732 1997 πρᾶγμα
766 1943 778 1956 ·
829 1929 944 1982 ἀλλ’
988 1927 1086 1984 οὖν
1135 1948 1198 2000 γε
1255 1936 1367 1998 τοῖς
1430 1934 1508 2006 μὴ
1573 1953 1738 2007 προσ-

158 2020 348 2087 έχουσι
371 2017 467 2070 καὶ
493 2019 854 2085 ἐπικίνδυνον,
877 2020 1066 2092 ψυχῶν
1081 2025 1271 2094 ἀρχειν
1289 2025 1396 2078 τῶν
1417 2029 1738 2082 κατέἰκόνα

156 2107 298 2160 Θεοῦ
352 2111 764 2180 πεποιημένων.
828 2112 919 2176 Ὠς
976 2111 1070 2168 οὖν
1130 2118 1188 2169 ἐν
1247 2118 1438 2191 Κυρίῳ
1495 2119 1738 2191 ἄρχουσα

156 2204 319 2274 ἡγοῦ,
355 2207 450 2259 καὶ⁵
484 2207 777 2262 κατευοδοῦ
807 2210 908 2280 τῆς
958 2211 1196 2280 ποίμνης
1222 2229 1338 2275 σου,
1363 2216 1564 2279 παντὸς
1597 2217 1738 2284 ἀγα-

159 2295 260 2352 θοῦ
281 2297 627 2369 προτύπωμα
647 2301 842 2371 ἑαυτὴν
860 2302 1070 2357 τιθεῖσα
1091 2321 1107 2337 ο
1142 2305 1230 2358 ἵνα
1253 2305 1493 2378 ἅξιωθῇς
1524 2309 1698 2378 εἰπεῖν
1723 2325 1735 2338 ’

170 2387 319 2451 Ἰδοὺ
357 2389 495 2459 ἐγὼ,
529 2391 624 2443 καὶ
663 2391 733 2444 τὰ
787 2392 977 2447 παιδία
1014 2394 1052 2449 ἅ
1079 2414 1183 2464 μοι
1209 2396 1436 2451 ἔδωκεν
1491 2401 1525 2452 ὁ
1572 2399 1738 2466 Θεός.

157 2479 294 2543 Θεὸς
323 2479 433 2550 γὰρ
462 2482 822 2552 παραδέδωκέ
859 2502 943 2538 σοι
983 2486 1080 2549 τὰς
1113 2487 1290 2558 ψυχὰς
1319 2489 1387 2542 δι’
1418 2480 1700 2561 ἀπόταγῆς
1722 2509 1736 2522 ·

159 2570 256 2622 καὶ
287 2569 438 2641 αὑτῴ
457 2570 567 2624 δεῖν
587 2589 647 2624 σε
675 2574 844 2639 αὑτὰς
877 2576 1146 2644 προσάξαι
1173 2579 1248 2642 ὼς
1280 2580 1470 2634 θυσίαν
1503 2584 1738 2654 εὐπρόσ-

161 2661 350 2714 δεκτον
379 2677 393 2692 ⁸
434 2663 539 2715 κάν
569 2664 746 2736 τούτῳ
804 2666 976 2731 πολύς
1007 2685 1100 2722 σου
1129 2671 1156 2723 ὁ
1185 2670 1374 2740 μισθὸς
1409 2673 1468 2724 ἐν
1495 2673 1741 2744 οὐρανοῖς

160 2751 418 2822 ὑπάρξει.
449 2751 679 2806 Δίδασκε
711 2756 875 2817 αὐτὰ,
912 2756 1157 2810 νουθέτει
1187 2760 1256 2811 τὰ
1285 2759 1532 2832 σωτήρια
1555 2761 1742 2813 ἐντάλ-

166 2861 314 2913 ματα
344 2884 361 2911 ,
399 2844 587 2899 ποθεῖν
616 2846 786 2916 μόνον’
819 2850 1076 2920 Χριστὸν,
1115 2850 1251 2904 ἀλλά
1300 2853 1372 2922 μὴ
1403 2839 1614 2924 σάρκας
1647 2855 1741 2907 καὶ

161 2935 379 3006 αἵματα
401 2953 414 2964 ’
448 2937 804 3008 ἀκτημονεῖν,
839 2940 979 2995 ἀλλά
1003 2941 1172 3013 μηδὲν
1226 2943 1376 3014 ἐχειν
1411 2945 1742 3015 ίδιόκτητον·

165 3026 572 3098 ἀπροσπαθεῖν,
645 3030 781 3086 ἀλλὰ
840 3034 914 3103 μὴ
988 3033 1340 3103 φιλοῖδιάζειν
1409 3036 1547 3108 πρὸς
1619 3040 1746 3101 τοὺς

163 3119 631 3189 ἀγχιστεύονταςο
689 3123 1150 3196 προθυμοεργεῖν,
1201 3127 1337 3182 ἀλλὰ
1391 3129 1464 3200 μὴ
1494 3131 1744 3200 ὀκνηρῶς

165 3211 313 3282 ἔχειν
339 3212 479 3283 πρὸς
505 3213 604 3283 τὴν
631 3213 888 3287 ἄσκησιν.
923 3195 1023 3271 Ἂν
1057 3219 1166 3290 γὰρ
1212 3195 1408 3286 οὕτως,
1441 3195 1745 3290 ἀπαντησει
1775 3195 1815 3251 C

156 3297 363 3366 αὐταῖς
389 3304 418 3356 ὁ
444 3304 676 3374 νυμςρίος
702 3303 944 3375 Χριστὸς
972 3309 1168 3380 μικρὸν
1195 3308 1428 3383 ὕστερον
1449 3312 1744 3385 λαμπαδη-

169 3396 488 3466 φορούσαις,
518 3399 613 3450 καὶ
640 3397 1092 3470 ἀπαντηθήσεται
1116 3403 1432 3474 περιχαρῶς
1454 3424 1467 3437 ·
1497 3405 1744 3460 ἀσπάσε-

165 3504 261 3541 ται
289 3487 388 3541 καὶ
439 3489 852 3562 ἀσπασθήσεται
887 3493 1232 3564 ἱεροπρεπῶς
1257 3511 1271 3524 ο
1306 3494 1508 3560 ἀνοίξει
1552 3497 1747 3560 αὑταῖς

166 3582 264 3634 τὸν
303 3581 558 3652 οὐράνιον
608 3585 706 3637 καὶ
749 3585 1168 3656 ἀχειρότευκτον
1223 3588 1522 3658 νυμφῶνα·
1581 3589 1746 3642 δώσει

169 3670 363 3735 αὐταῖς
388 3671 666 3742 βασιλείαν
687 3675 956 3746 οὐρανῶν,
1005 3676 1218 3748 τρυφὴν
1256 3678 1612 3749 παραδείσου,
1652 3679 1748 3731 1:6-

173 3783 322 3839 ματα
332 3754 652 3835 ἀθανασίας,
672 3769 1040 3842 γλυκάσματα
1056 3771 1334 3837 ἀειζωίας·
1354 3770 1562 3826 ἐνδόσει
1581 3771 1751 3835 αὐτὰς

171 3858 560 3931 περιδλήματα
579 3862 870 3932 φωτοειδῆ,
886 3865 1154 3936 κοσμήσει
1179 3861 1404 3934 κόσμοις
1419 3865 1748 3934 ἀφθαρσίας,

171 3955 633 4023 νυμφαγωγικοῖς
660 3953 985 4024 διαδήμασιν
1013 3969 1028 3984 ·
1065 3954 1340 4025 ἐμπλήσει
1363 3955 1470 4009 τῶν
1505 3954 1752 4026 ἀπείρων

172 4039 418 4110 ἀγαθῶν,
450 4044 530 4106 είς
565 4041 769 4107 αἰῶνας
798 4043 1030 4099 αἰώνων.
1072 4047 1171 4099 Διά
1205 4045 1381 4100 ταῦτα
1421 4046 1519 4099 καὶ
1555 4047 1619 4100 σὺ
1649 4049 1754 4100 κά-

170 4133 352 4186 κεῖναι
409 4131 717 4202 μοχθήσατε
740 4147 755 4162 ο
791 4131 1018 4196 διῶξατε
1044 4131 1109 4204 [1⁵.
1156 4129 1528 4204 ἐμοχθήσατε]
1567 4133 1751 4204 ἡμέρᾳ

171 4223 274 4278 καὶ
299 4221 483 4294 ἡμέρᾳ
503 4219 942 4289 κατεργάζεσθαι
965 4223 1066 4292 τὴν
1085 4221 1292 4276 ἑαυτῶν
1309 4222 1603 4294 σωτηρίαν·
1625 4221 1755 4275 ἀνα-

168 4314 378 4386 ψύχετε
395 4316 518 4378 ταῖς
554 4313 768 4369 ἐλπίσι·
791 4314 1048 4368 σϐέννυτε
1078 4315 1141 4369 τὸ
1166 4317 1600 4387 ἐπεισαγόμενον
1641 4314 1753 4386 πῦρ

170 4413 332 4483 παρά
360 4410 678 4482 τοῦἐχθροῦ
709 4411 766 4465 ἐν
790 4410 1023 4482 ψυχαῖς,
1044 4410 1121 4481 τῷ
1151 4410 1281 4482 θείῳ
1336 4411 1500 4482 ἔρωτι
1522 4427 1536 4440 ·
1565 4410 1648 4464 ὅτι
1689 4410 1756 4462 ἂν

171 4501 555 4574 ἄλλοὲπαχθὲς
566 4503 667 4574 τῆς
682 4505 988 4575 ἀσκήσεως.
1008 4504 1138 4567 Ταῖς
1154 4503 1452 4575 ἀναλήψεσι
1465 4503 1575 4557 τῶν
1592 4502 1755 4556 θείων

173 4594 628 4666 ἀναγνωσμάτων
682 4611 743 4648 τε
819 4594 914 4650 καὶ
970 4596 1234 4668 ᾀσμάτων
1307 4594 1752 4666 παραμυθεῖσθε,

173 4687 651 4760 περιφρουροῦσαι
675 4687 772 4742 καὶ
795 4676 867 4742 ’τὸ
913 4686 1280 4758 ἀκοινώνητον
1307 4687 1409 4758 τῆς
1438 4689 1702 4760 αἱρέσεως
1734 4705 1750 4720 ο

171 4779 286 4836 κᾶν
315 4779 414 4851 δέῃ
438 4779 784 4850 ὑπὲράὐτοῢ
827 4780 1024 4835 παθεῖν
1056 4797 1108 4834 τι
1142 4779 1308 4851 μέχρι
1342 4779 1438 4834 καὶ⁵
1467 4779 1702 4835 θανάτου
1736 4795 1750 4808 °

173 4871 450 4943 μηδαμῶς
484 4869 785 4940 προέμεναι
835 4872 935 4942 τὴν
983 4870 1189 4925 πίστιν.
1244 4871 1356 4941 Τῆς
1385 4869 1494 4942 γὰρ
1530 4871 1755 4942 ἀγάπης

172 4963 420 5036 Χριστοῦ
464 4964 619 5019 οὐδὲν
655 4967 1088 5037 προτιμότερονο
1149 4964 1336 5030 καθὼς
1361 4965 1658 5031 ἀπέδειξαν
1695 4967 1754 5020 αἱ

173 5057 278 5114 ἀπ’
301 5057 500 5122 αἰῶνος
537 5057 798 5130 παρθένοι
838 5059 1004 5130 μέχρι
1056 5057 1152 5111 τοῦ
1205 5057 1404 5131 δεῦρο·
1455 5059 1754 5129 ἐπειδήπερ

173 5151 292 5207 εἰσὶ
325 5150 420 5204 καὶ
452 5149 549 5204 νῦν
590 5150 946 5221 διωκόμεναι,
976 5150 1070 5203 καὶ
1111 5150 1220 5202 τῶν
1265 5149 1443 5220 μονῶν
1469 5149 1754 5215 ἐξωθεῖσαι

171 5240 270 5295 διὰ
325 5237 584 5310 Χριστὸν,
627 5239 661 5308 ἢ
715 5240 1008 5310 μετασχεῖν
1065 5238 1162 5291 τοῦ
1230 5239 1509 5310 αἱρετικοῦ
1567 5241 1754 5310 ἄρτου.

174 5329 369 5385 Ταῦτα
403 5331 480 5394 ὡς
517 5329 660 5384 κατά
690 5331 924 5402 Χριστὸν
970 5329 1172 5400 ἀδελφῇ
1196 5329 1334 5404 οθσῃ
1374 5331 1470 5386 καὶ
1501 5331 1754 5402 θυγατρὶ,

174 5422 442 5495 γέγραφά
495 5438 580 5476 σοι
619 5422 714 5476 καὶ
763 5424 885 5486 ταῖς
945 5422 1083 5493 μετά
1132 5423 1231 5476 σέ·
1285 5423 1362 5488 ὡς
1409 5422 1477 5478 ἂν
1521 5423 1651 5488 ίδοις
1679 5424 1761 5476 ὅτι

242 5603 296 5640 ³³
323 5602 431 5660 lsa.
464 5615 585 5666 vni,
630 5600 712 5655 18.

1845 1932 2044 2002 ingenti
2064 1932 2311 1986 mercede
2327 1933 2701 2002 conjunctam,
2720 1929 2813 1985 sed
2833 1929 2969 1983 etiis
2986 1928 3077 1997 qui
3095 1935 3225 1981 sunt
3243 1927 3426 1980 minus

1841 2025 2007 2086 cauti,
2035 2009 2262 2093 periculi
2297 2024 2534 2093 plenam,
2565 2037 2798 2092 praeesse
2838 2020 3041 2075 animis
3069 2019 3135 2073 ad
3164 2019 3425 2074 similitu-

1840 2116 2023 2171 dinem
2088 2114 2185 2170 Dei
2241 2117 2502 2170 conditis.
2539 2116 2726 2185 Itaque
2779 2124 3036 2184 tanquam
3091 2113 3144 2165 in
3195 2109 3428 2164 Domino

1842 2207 2177 2262 moderatrix
2201 2193 2466 2278 'prreesto,
2501 2215 2555 2261 et
2585 2222 2802 2278 gregem
2835 2216 2987 2260 tuum
3037 2197 3270 2259 feliciter
3301 2219 3428 2273 rege

1845 2299 2072 2368 teipsam
2104 2300 2284 2354 omnis
2309 2300 2436 2355 boni
2468 2298 2698 2368 eﬂigiem
2733 2299 2986 2368 praebens
3028 2314 3043 2364 ;
3072 2295 3324 2366 utpossis
3347 2295 3432 2347 di-

1841 2389 2156 2444 cerezEcce
2184 2407 2277 2462 ego
2333 2401 2388 2445 et
2411 2391 2626 2460 puellae,
2677 2407 2809 2460 quas
2856 2388 3004 2454 dedit,
3037 2386 3427 2442 ntihi‘Deus".

1846 2481 2094 2537 Tradidit
2119 2483 2264 2536 enim
2298 2483 2392 2538 tibi
2421 2484 2636 2542 animas
2656 2481 2800 2536 Deus
2818 2497 2914 2553 per
2936 2479 3426 2538 renuntiationcm:

1844 2583 2009 2642 atque
2034 2574 2100 2627 ad
2139 2573 2320 2644 ipsum
2363 2574 2558 2628 adduci
2594 2590 2622 2628 a
2657 2582 2707 2627 te
2734 2575 2833 2628 has
2887 2581 3122 2642 oportet,
3164 2582 3428 2642 tanquam

1847 2666 2082 2720 hostiam
2139 2674 2712 2734 acceptam:eamque
2762 2664 2831 2717 ob
2890 2678 3003 2716 rem
3051 2661 3292 2716 maxima
3332 2661 3432 2716 tibi

1847 2774 2055 2813 merces
2084 2759 2137 2812 in
2178 2757 2334 2812 caelis
2368 2757 2493 2811 erit.
2528 2755 2636 2811 Has
2666 2755 2823 2822 doce,
2857 2755 3120 2811 salutaria
3170 2755 3256 2809 his
3289 2771 3431 2825 pra:-

1846 2857 2001 2917 cepta
2029 2849 2424 2920 ingere,unum
2467 2863 2653 2901 amare
2707 2845 3013 2908 Christum,
3053 2863 3161 2901 non
3203 2862 3429 2901 carnem

1845 2951 1902 2995 et
1927 2941 2271 3010 sanguinem,
2309 2941 2526 3008 inOpem
2581 2939 2748 2998 vitam
2796 2940 3018 3003 ducere,
3050 2938 3185 2992 nihil
3229 2938 3432 2994 habere

1847 3031 2123 3098 privatim,
2153 3030 2301 3084 nullo
2339 3028 2531 3084 allecto
2561 3029 2756 3092 teneri,
2788 3044 2886 3083 nec
2909 3029 3246 3100 propinquos
3269 3043 3431 3099 pecu-

1850 3121 2056 3175 liariter
2093 3121 2323 3192 diligere
2354 3139 2368 3175 :
2401 3122 2609 3177 alacres
2659 3121 2921 3176 exhibere
2969 3136 3051 3186 se,
3098 3137 3197 3176 nec
3226 3121 3432 3178 essein

1849 3215 2098 3269 instituto
2131 3216 2436 3270 monastico
2497 3230 2713 3286 segnes.
2774 3213 2911 3270 Nam
2947 3216 2998 3271 si
3046 3216 3118 3271 ita
3170 3215 3262 3284 sit,
3297 3216 3434 3287 ipsis

1850 3323 1979 3363 suas
2021 3307 2296 3376 lampades
2325 3309 2636 3378 gerentibus
2667 3309 2828 3378 paulo
2863 3316 2987 3379 post
3011 3323 3248 3378 sponsus
3278 3310 3436 3364 Clu-i-

1849 3413 1968 3456 stus
1987 3410 2257 3459 occurret,
2294 3411 2348 3454 et
2371 3401 2835 3470 excipieturidem
2863 3416 2987 3454 eum
3016 3401 3437 3470 gaudio,sacros

1849 3492 2091 3546 vicissim
2127 3491 2356 3560 accipiet
2381 3507 2445 3545 ac
2467 3491 2656 3545 reddet
2677 3491 2984 3560 amplexus,
2999 3491 3275 3546 caelestem
3302 3493 3437 3562 ipsis

1850 3599 1952 3638 nec
1985 3581 2352 3637 manul‘actum
2384 3583 2682 3637 thalamum
2707 3583 2936 3660 aperiet.
2973 3583 3200 3638 donabit
3246 3584 3327 3640 eis
3357 3599 3438 3640 re-

1852 3692 2016 3747 gnum
2047 3675 2336 3740 cmlorum,
2375 3675 2616 3744 paradisi
2649 3675 3007 3746 voluptatem,
3039 3675 3292 3743 potiones
3324 3676 3429 3730 im-

1853 3766 2224 3830 mortalitatis,
2272 3765 2599 3820 suavitatem
2646 3765 2774 3820 vitae
2819 3765 3214 3834 sempiternae:
3251 3765 3462 3827 induet,

1852 3875 1947 3914 eas
1977 3857 2180 3913 amictu
2206 3856 2410 3922 lucido,
2447 3856 2877 3927 incorruptionis
2905 3857 3103 3911 decore
3124 3856 3438 3917 exornabit,

1854 3955 2093 4026 sponsali
2113 3954 2418 4009 diademate
2437 3968 2452 4006 :
2471 3951 2773 4008 innumeris
2792 3951 2953 4006 bonis
2968 3951 3023 4006 in
3043 3951 3436 4022 sempiternum

1853 4064 2028 4103 aevum
2071 4046 2391 4101 cumulabit.
2457 4043 2682 4114 Propter
2727 4043 2843 4099 haec
2859 4054 2912 4099 et
2940 4053 2998 4098 tu
3020 4052 3076 4099 et
3109 4044 3215 4098 illa:
3235 4059 3434 4107 terum-

1856 4156 1956 4196 nas
1975 4139 2275 4210 pertulistis
2293 4157 2306 4192 :
2327 4152 2522 4209 magno
2541 4137 2723 4193 studio
2739 4135 2984 4207 quotidie
3001 4138 3269 4192 enitentes
3287 4145 3344 4190 ut
3359 4152 3443 4191 sa-

1855 4232 2022 4287 lutem
2056 4241 2292 4288 vestram
2321 4229 2707 4300 operaremini.
2733 4229 2869 4301 Spes
2899 4245 2996 4285 vos
3024 4229 3114 4284 illa
3147 4230 3440 4284 reﬂeiatac

1855 4335 2084 4382 recreet.
2118 4323 2406 4378 inductum
2432 4323 2488 4376 in
2517 4322 2734 4378 animos
2774 4323 2844 4378 ab
2869 4321 3222 4394 bosteignem
3251 4323 3440 4376 divino

1859 4416 2046 4474 amore
2092 4417 2447 4488 exstinguite.
2484 4414 2640 4482 Quod
2662 4413 2860 4485 siquid
2892 4414 3042 4469 aliud
3069 4414 3125 4469 in
3151 4413 3439 4484 disciplina

1787 4550 1832 4604 υ
1859 4527 2022 4582 grave
2050 4519 2132 4566 est
2162 4525 2227 4566 ac
2261 4509 2585 4572 molestum,
2628 4507 2682 4562 id
2734 4507 2968 4563 lectione
3015 4521 3171 4563 sacra
3223 4517 3440 4577 arrepta

1863 4603 2192 4673 hymnisque
2224 4600 2790 4658 deeantandislenitcr
2821 4615 2886 4654 ac
2915 4600 3178 4670 mitigate,
3210 4600 3279 4654 ab
3327 4599 3440 4654 ha:-

1863 4679 2029 4750 retica
2056 4693 2442 4750 communione
2472 4692 2665 4748 sedulo
2692 4701 2945 4748 caventes
2969 4710 2982 4747 :
3006 4693 3090 4747 vel
3116 4693 3164 4748 si
3217 4707 3442 4748 necesse

1863 4787 1938 4840 sit
1981 4787 2145 4856 hujus
2175 4786 2253 4841 rei
2283 4800 2451 4841 causa
2511 4800 2686 4854 usque
2715 4785 2784 4839 ad
2825 4793 3060 4850 mortem
3125 4783 3260 4854 pati,
3293 4784 3442 4838 nullo

1863 4888 2023 4948 pacto
2059 4878 2375 4950 abjicientes
2395 4877 2579 4932 (idem.
2603 4876 2750 4931 Nihil
2780 4876 2926 4931 enim
2971 4875 3333 4945 praestabilius
3359 4884 3444 4929 est

1863 4969 2066 5028 Christi
2102 4971 2372 5026 charitate
2405 4989 2419 5026 :
2454 4969 2912 5040 quemadmodum
2961 4983 3074 5038 prae
3108 4985 3167 5025 se
3199 4969 3443 5024 tulerunt

1863 5062 1931 5116 ab
1955 5055 2107 5117 omni
2136 5078 2253 5118 εενο
2275 5062 2514 5132 virgines
2534 5078 2708 5132 usque
2738 5063 2804 5116 ad
2829 5061 3156 5116 huncdiem.
3185 5059 3443 5126 Quando-

1860 5153 2082 5222 quidem
2118 5142 2504 5224 huncquoque
2535 5161 2666 5208 sunt
2693 5167 2819 5223 quae
2843 5163 3139 5216 vexantur,
3179 5163 3342 5222 atque
3375 5168 3439 5208 ex

1862 5245 2209 5324 monasteriis
2237 5255 2458 5316 propter
2489 5245 2771 5301 Christum
2801 5253 3040 5300 extrusa:
3060 5254 3208 5308 sunt,
3241 5260 3308 5324 ne
3330 5245 3442 5300 hae-

1863 5321 2328 5408 retieum'panem
2359 5338 2773 5409 participarent.
2806 5335 2932 5391 Haec
2952 5335 3047 5390 tibi
3072 5321 3326 5406 tanquam
3353 5351 3444 5390 so-

1865 5428 1978 5484 rori
2029 5430 2082 5486 in
2113 5428 2333 5488 Christo
2375 5446 2441 5488 ac
2483 5430 2608 5487 tilize
2637 5429 2856 5500 scripsi,
2888 5429 3032 5487 etiis
3082 5445 3202 5500 qua:
3262 5438 3465 5490 tecum.

1696 5690 1926 5750 NOTE.

253 5807 371 5882 (89)
402 5807 460 5866 in
485 5807 610 5868 cod.
635 5805 766 5879 Reg.
805 5806 942 5881 ρμζ¹.
