3964 6320
601 386 736 448 1427

1781 375 1842 432 S.
1882 372 2271 433 THEODOIII
2308 370 2649 432 STUDITE

3730 362 3862 425 ΗΕ

592 504 722 553 sunt
740 514 753 548 :
769 503 829 547 ut
851 489 1122 558 intelligas
1133 497 1182 542 et
1199 498 1543 540 communem
1563 480 1720 536 nobis
1748 483 2034 535 Dominum
2053 494 2172 532 am-

2277 479 2450 539 κοινός
2480 477 2626 527 ἐστιν
2660 476 2688 527 6
2713 474 2987 541 Δεσπότης
3020 471 3345 541 ἀμφοτέρων
3381 471 3589 539 ἡμῶν
3658 472 3761 521 καὶ
3796 473 3861 529 ὡς

593 587 776 642 bobus
798 597 941 647 esse,
958 590 1013 635 et
1036 589 1300 649 quantum
1325 591 1516 629 onmes
1539 590 1657 627 esse
1681 573 1861 626 salvos
1879 580 2130 641 optemus
2150 609 2165 628 .

594 679 796 749 quippe
832 675 926 744 qui
956 673 1066 727 sint
1096 672 1257 726 unius
1303 666 1547 736 corporis
1581 665 1809 728 Christi,
1837 673 2000 731 atque
2014 677 2079 714 ex
2098 674 2165 714 eo

594 772 795 824 fratres
824 766 1057 820 invicem
1090 760 1368 833 appellati.
1397 757 1531 813 Nam
1565 758 1619 809 in
1653 755 1873 809 Christo
1902 753 2028 807 Iesu
2063 769 2165 805 non

591 872 670 915 est
701 860 965 913 masculus
994 872 1153 925 neque
1199 854 1415 922 femina,
1444 851 1531 903 sed
1574 850 1751 901 omnia
1771 856 1819 899 et
1849 848 1901 898 iu
1932 844 2170 899 omm'bus

592 951 835 1004 Christus
854 949 919 1011 ¹¹,
940 948 1031 1017 qui
1061 956 1115 999 et
1138 960 1235 997 vos
1265 946 1320 996 et
1352 956 1451 995 nos
1497 948 1673 994 servet
1706 936 2029 991 incohunes.

619 1064 906 1121 CXXXIII.
928 1095 997 1106 —
1015 1061 1271 1131 Ephraim
1296 1070 1341 1113 et
1360 1058 1625 1128 Agathoni
1668 1056 1969 1123 ueterisque
1991 1053 2140 1122 ﬁliis.

2269 566 2530 633 φιλοῦμεν
2560 565 2767 627 πάντας
2799 562 3068 624 σώζεσθαι
3100 576 3114 590 °
3150 561 3225 622 ὡς
3259 560 3376 621 ἑνὸς
3404 560 3569 622 ὄντες
3600 558 3861 627 σώματος

2264 657 2524 728 Χριστοῦ,
2558 657 2654 709 καὶ
2690 658 2784 708 ἀπ’
2821 652 2985 707 αὑτοῦ
3023 652 3243 719 ἀδελφοὶ
3281 652 3540 720 ἀλλήλων
3572 652 3859 721 χρηματὶο

2268 752 2451 813 ζοντες
2481 764 2498 779 ·
2530 750 2586 799 ἐν
2617 748 2723 818 γὰρ
2774 745 2995 817 Χριστῷ
3035 744 3233 815 Ἰησοῦ,
3270 746 3411 797 οὔτε
3452 746 3684 812 ἄρσεν,
3728 746 3862 799 οὔτε

2268 841 2461 910 θῆλυ,
2501 842 2661 895 ἀλλὰ
2690 840 2887 893 πάντα
2918 838 3017 891 καὶ
3062 837 3213 893 πᾶσι
3250 838 3541 907 Χριστές,
3569 839 3637 902 ὃς
3669 838 3862 892 δια,ςώ-

2276 951 2387 986 σειε
2417 934 2511 986 καὶ
2534 935 2675 1002 ὑμᾶς
2700 932 2796 983 καὶ
2822 932 2987 1001 ἡμᾶς.

2276 1054 2444 1106 PAF.
2469 1052 2814 1121 —‘E§pai‘;t,
2848 1051 2945 1102 καὶ
2990 1049 3284 1121 Ἀγάᾃωνι.
3315 1048 3431 1121 Δκαὶ
3458 1047 3593 1113 τοῖς
3621 1045 3861 1109 λοιποῖς

2832 1122 3095 1184 τέκνοις.

1798 1237 1851 1285 1η
1874 1236 2061 1284 obitum
2089 1236 2340 1288 Laurentii
2363 1236 2631 1301 prepositi.

665 1349 817 1416 Quod
842 1348 1038 1403 beatus
1061 1345 1388 1400 Laurentinus
1415 1344 1559 1397 diem
1592 1342 1749 1403 obiit,
1778 1357 1926 1395 mors
1954 1341 2164 1410 illiqui-

594 1445 716 1495 clem
738 1455 835 1510 pro
862 1440 1049 1508 requie
1082 1448 1161 1491 est
1192 1454 1207 1487 :
1240 1451 1361 1489 nam
1383 1439 1473 1505 qui
1497 1436 1670 1506 possit
1696 1450 1804 1487 non
1823 1434 1895 1486 ita
1913 1447 2035 1487 esse
2048 1434 2167 1487 viro

595 1532 777 1587 bono?
811 1531 966 1584 Illum
999 1530 1051 1582 in
1080 1528 1241 1596 hujus
1272 1528 1395 1581 vita:
1426 1542 1649 1596 egressu
1696 1524 1850 1593 quies
1888 1539 1918 1576 ιι
1973 1538 2167 1577 mana-

593 1622 744 1676 sticze
777 1618 1217 1681 vinelaboribus,
1253 1616 1335 1670 vel
1369 1616 1548 1683 potius
1570 1631 1598 1667 a
1630 1615 1917 1668 vexatione
1947 1625 2167 1682 propter

588 1712 857 1780 justitiam
882 1708 1134 1776 excipiet,
1184 1709 1504 1777 migrantem
1532 1708 1597 1759 ad
1632 1706 1918 1759 Dominum
1958 1725 1972 1759 :
2009 1708 2167 1773 cujus

592 1805 855 1857 virtutum
887 1812 1051 1855 testes
1091 1799 1498 1868 quamplurimi.
1527 1796 1693 1853 Vobis
1738 1807 1939 1860 autem,
1971 1796 2167 1851 fratres

591 1892 1057 1957 reveremlissimi,
1080 1892 1273 1945 deinde
1290 1900 1342 1944 et
1361 1891 1517 1944 nobis
1549 1890 1866 1954 humilibus,
1889 1889 2042 1942 triste
2066 1889 2168 1943 hoc

590 2000 645 2040 et
670 1986 926 2040 acerbum
956 1984 1176 2047 accidit,
1205 1984 1297 2050 qui
1331 1982 1616 2051 probatum
1651 1982 1977 2035 ruonachum
2022 1981 2161 2033 ami-

594 2079 789 2139 simus,
830 2074 1189 2130 reverendum
1244 2073 1491 2138 fratrem,
1523 2077 1877 2128 constitutum
1913 2086 1972 2127 ut
2006 2082 2169 2141 caput

592 2176 740 2220 esset
784 2182 847 2220 ae
904 2164 1206 2234 spiritualis
1232 2164 1332 2216 vite
1379 2163 1508 2216 dux.
1540 2160 1643 2216 Sed
1706 2162 1925 2215 tristitia
1986 2172 2166 2214 tamen

595 2260 841 2327 utrisque
891 2273 1046 2313 versa
1068 2266 1152 2311 est
1200 2258 1253 2309 in
1298 2257 1579 2325 gaudium,
1606 2255 1753 2325 quod
1805 2255 2014 2309 electus
2071 2252 2166 2306 Dei

594 2361 781 2421 raptus
807 2358 890 2404 est
918 2366 947 2403 a
984 2350 1163 2412 nobis,
1192 2349 1383 2418 optimi
1413 2348 1508 2401 Dei
1563 2348 1746 2415 jussu,
1776 2350 1827 2401 in
1880 2348 2169 2401 sanctitate

592 2455 646 2497 et
674 2444 907 2513 justitia.
942 2442 1282 2511 Quapropter
1308 2451 1361 2495 et
1389 2457 1489 2511 ego
1525 2440 1750 2495 lunnilis
1778 2442 2009 2510 gaudeo,
2044 2455 2163 2510 gra-

596 2537 855 2604 tulorque
900 2534 1055 2589 vobis
1078 2534 1220 2603 quod
1273 2534 1379 2585 tale
1409 2549 1502 2587 vas
1544 2534 1609 2585 ad
1674 2530 1842 2585 Deum
1902 2532 2169 2600 pnemisi-

596 2640 722 2680 IIIIIS
752 2644 765 2679 :
798 2640 983 2679 revera
1014 2624 1161 2679 enim
1193 2640 1289 2677 vas
1343 2623 1627 2677 electionis
1678 2621 1996 2677 Laurentius
2044 2622 2166 2686 luit,

598 2714 834 2783 primum
869 2713 1088 2784 quidem
1120 2715 1331 2768 sincera
1368 2714 1773 2768 renuutiatione
1827 2724 1990 2783 atque
2034 2716 2167 2769 obe-

600 2805 827 2865 dientia,
866 2804 1063 2857 deinde
1113 2804 1294 2857 studio
1342 2819 1743 2875 progressuque
1783 2806 2067 2870 virtutum,
2099 2807 2169 2861 ob

599 2912 741 2965 quas
767 2907 823 2951 et
849 2896 1156 2951 sacerdotio
1186 2896 1387 2967 dignus
1413 2909 1495 2951 est
1518 2898 1757 2965 habitus,
1786 2914 1851 2953 ac
1875 2903 2167 2953 multorum

605 2991 833 3042 fratrum
868 2987 1248 3058 praefecturam
1277 2990 1539 3059 suscepit,
1582 2990 1682 3044 hos
1709 2991 1941 3061 benigne
1973 3008 2167 3061 regens

600 3081 753 3136 utilis
782 3082 959 3152 gregi,
990 3080 1102 3135 Deo
1127 3082 1313 3135 vivens
1350 3096 1537 3134 revera
1566 3097 1629 3134 ac
1688 3086 1978 3151 [imposito
2037 3099 2162 3144 suo,
2200 3111 2241 3167 ο

598 3191 709 3229 ιιοιι
742 3174 969 3236 mundo,
995 3188 1093 3228 nec
1120 3173 1566 3242 mundinegotiis
1594 3192 1607 3227 ι
1634 3173 1794 3243 cujus
1833 3182 1887 3229 et
1927 3185 2055 3228 nota
2076 3193 2170 3229 ex-

602 3264 724 3317 silia
775 3276 992 3333 propter
1026 3263 1338 3327 Dominum,
1365 3275 1419 3318 et
1446 3265 1763 3320 vexationes
1798 3276 1908 3321 tum
1964 3270 2175 3337 priores

602 3366 720 3410 tum
771 3357 1098 3425 posteriores
1130 3374 1145 3411 :
1174 3358 1330 3426 cujus
1360 3370 1413 3411 et
1446 3358 1679 3426 speciosi
1730 3361 1912 3427 pedes,
1945 3370 2005 3415 ut
2051 3376 2176 3415 cum

604 3447 886 3517 Scriptura
914 3448 1110 3517 loquar
1134 3466 1147 3503 :
1172 3465 1296 3503 cum
1329 3450 1436 3503 huc
1464 3459 1517 3504 et
1548 3450 1676 3505 illuc
1701 3452 1896 3513 obiret,
1926 3464 1979 3506 et
2007 3470 2175 3507 evan-

602 3540 864 3609 gelizaret
907 3538 1169 3599 fratribus
1203 3541 1465 3594 salutaria
1501 3552 1791 3612 praecepta.
1826 3544 2174 3613 Unguentum

604 3632 911 3701 spiritualis
944 3632 1063 3699 ejus
1116 3631 1284 3686 sudor
1313 3650 1326 3686 :
1359 3647 1450 3685 ros
1487 3648 1663 3697 sacer,
1696 3644 1971 3687 certamen
2028 3634 2172 3687 illius

604 3733 659 3778 et
687 3718 919 3777 virtutis
945 3724 1300 3778 curriculum.
1334 3722 1435 3788 Qui
1472 3724 1525 3777 in
1558 3724 1659 3777 hac
1706 3723 1955 3793 praesenti
1992 3737 2176 3791 perse-

607 3817 827 3871 cutione
865 3828 1203 3886 assumptus,
1231 3815 1362 3885 quid
1388 3816 1535 3869 aliud
1568 3830 1731 3884 quam
1784 3813 2175 3868 beatitudinem

605 3925 634 3960 a
668 3908 898 3963 Domino
955 3909 1191 3966 obtinuit
1216 3910 1239 3962 ?
1269 3908 1333 3963 Et
1360 3924 1506 3964 nunc
1533 3909 1623 3961 ille
1676 3908 1895 3976 quidem
1944 3908 1999 3961 in
2036 3908 2175 3961 cmlo

605 4010 708 4063 est,
742 4000 796 4053 in
830 4000 1075 4053 eamdem
1104 4016 1228 4053 cum
1259 4000 1536 4057 sodalibus
1571 4000 1838 4054 civitatem
1863 4000 2173 4069 ascriptus:

607 4108 710 4147 nos
740 4101 922 4146 autem
966 4092 1145 4147 adhuc
1173 4093 1226 4145 in
1252 4091 1549 4146 certamine
1588 4091 1885 4153 constituti,
1922 4101 2083 4157 atque
2124 4091 2178 4145 in

606 4194 757 4239 metu
817 4201 885 4239 ne
912 4185 1252 4254 dejieiamur.
1282 4182 1468 4254 Neque
1491 4185 1635 4239 enim
1671 4194 2051 4239 consummata
2079 4184 2181 4237 ho-

609 4274 741 4326 mini
775 4273 1005 4327 felicitas
1034 4275 1176 4329 inest
1206 4282 1331 4327 ante
1360 4288 1646 4328 excessum
1674 4289 1704 4327 e
1737 4274 1845 4326 vita
1885 4291 1897 4326 :
1938 4288 2061 4327 cum
2111 4272 2183 4327 sit

607 4359 851 4414 incertus
876 4360 1076 4414 exitus.

2335 1344 2456 1397 Ὀτι
2524 1342 2793 1413 ἐκοιμήθη
2842 1342 2871 1393 6
2925 1342 3191 1411 μακάριος
3230 1339 3608 1409 Λαυρέντιος,
3665 1343 3859 1407 ἐκείνῳ

2266 1435 2366 1503 μὲν
2406 1436 2715 1495 ἀνάπαυσις
2768 1436 2796 1485 ὁ
2834 1430 3099 1493 θάνατος·
3132 1430 3286 1500 ἀνδρὶ
3312 1434 3423 1501 γάρ
3475 1431 3687 1503 ἀγαθῷ
3742 1434 3860 1496 πῶς

2263 1529 2383 1596 οὐχὶ
2412 1528 2568 1580 τοῦτο
2592 1528 2979 1596 ἀπαντήσεται,
3004 1526 3112 1578 ἀπὸ
3145 1526 3329 1577 κόπων
3344 1526 3678 1593 ἀπητικῶν
3698 1544 3860 1595 μετα-

2266 1618 2423 1672 ϐάντι
2465 1618 2558 1670 τοῦ
2581 1619 2721 1687 βίου,
2761 1619 2961 1686 μᾶλλον
2984 1620 3039 1671 δὲ
3069 1618 3177 1673 ἀπὸ
3202 1616 3296 1669 τοῦ
3321 1618 3464 1669 κατά
3499 1618 3859 1687 δικαιοσύνη)

2198 1746 2239 1799 Β
2272 1711 2512 1781 διωγμοῦ
2542 1708 2908 1779 ἐνδημήσαντι
2932 1711 3067 1779 πρὸς
3105 1708 3308 1777 Κύριον
3331 1724 3346 1737 ·
3370 1703 3432 1761 οῦ
3478 1708 3595 1761 τῶν
3646 1711 3856 1777 ἀρετῶν

2276 1802 2549 1870 μάρτυρες
2566 1800 2748 1853 πολλοί
2765 1818 2779 1865 ;
2800 1800 2956 1869 Ὑμῖν
2968 1799 3023 1851 δὲ
3037 1797 3256 1866 συνέϐη.
3270 1797 3491 1865 ἀδελφοὶ
3504 1815 3557 1849 τι
3565 1798 3853 1867 μιὼτατοι.

2276 1898 2397 1949 ἐπεὶ
2428 1899 2521 1948 καὶ
2554 1897 2685 1965 ἡμῖν
2708 1897 2821 1956 τοῖς
2853 1894 3129 1955 ταπεινοῖς
3150 1892 3211 1943 τὸ
3235 1891 3504 1960 λυπηρὸν,
3545 1890 3854 1943 ἀπολέσασι

2274 1987 2497 2056 δόκιμον
2557 1987 2853 2056 μοναστὴν,
2921 1985 3103 2054 τίμιον
3150 1982 3400 2051 ἀδελφὸν,
3460 1984 3548 2043 εἰς
3606 1984 3853 2051 κεφαλὴν

2276 2078 2679 2146 καθιστάμενον
2710 2080 2808 2145 τῆς
2837 2075 2978 2127 κατά
3013 2073 3191 2144 ψυχὴν
3231 2072 3475 2142 ὁδηγίας.
3520 2073 3674 2127 Ἀλλ’
3709 2075 3853 2142 ὅμως

2274 2169 2334 2219 τὸ
2364 2167 2608 2237 λυπηρὸν
2638 2168 2715 2228 εἰς
2741 2166 2915 2235 χαρὰν
2936 2165 3266 2234 ἀμφοτέροις
3296 2167 3654 2234 περιετράπη
3677 2204 3693 2225 ,
3726 2166 3854 2217 διότι

2275 2258 2529 2320 ἐκλεκτὸς
2556 2257 2688 2310 Θεοῦ
2725 2260 2754 2310 6
2783 2256 3086 2325 ἁρπασθεὶς
3120 2256 3213 2325 ἀφ’
3242 2256 3399 2326 ἡμῶν
3426 2255 3693 2308 κελεύσει
3720 2256 3850 2309 Θεοῦ

2273 2349 2366 2402 τοῦ
2398 2348 2626 2416 ἀγαθοῦ,
2667 2350 2723 2401 ὲν
2749 2348 2988 2419 ὁσιότητι
3017 2348 3111 2401 καὶ
3140 2346 3479 2417 δικαιοσύνῃ.
3511 2348 3607 2400 Διὸ
3632 2349 3795 2416 κάγὼ
3820 2350 3852 2401 6

2272 2442 2530 2503 ταπεινὸς
2558 2442 2733 2510 χαίρω
2771 2444 2863 2493 καὶ
2893 2442 3174 2511 συγχαίρω
3228 2442 3355 2510 ὑμῖν
3385 2480 3402 2503 ,
3436 2442 3522 2493 ὅτι
3560 2442 3853 2510 παρεπέμ-

2272 2530 2455 2600 ψαμεν
2494 2531 2631 2600 πρὸς
2655 2530 2745 2582 τὸν
2783 2530 2916 2582 Θεὸν
2947 2531 3261 2601 τηλικοῦτον
3313 2530 3534 2593 σκεῦος.
3584 2532 3851 2599 Ἑκλογής

2275 2621 2385 2691 γὰρ
2418 2621 2606 2684 σκεῦος
2645 2621 2719 2686 ὡς
2742 2622 2957 2692 ἀληθῶς
2985 2625 3335 2694 Λαυρέντιος,
3377 2626 3604 2694 πρῶτον
3638 2626 3744 2693 μὲν
3772 2628 3852 2679 διὰ

2274 2712 2375 2781 τῆς
2410 2713 2676 2781 ἀψευδοῦς
2706 2716 2988 2785 ἀποταγῆς
3008 2716 3100 2768 καὶ
3128 2717 3404 2784 ὑποταγῆς
3430 2733 3443 2745 ·
3483 2708 3753 2786 δεύτερον
3769 2718 3848 2770 δια

2274 2802 2374 2872 τῆς
2400 2803 2686 2874 φιλαρέτου
2729 2806 2962 2874 σπουδῆς
3008 2822 3066 2857 τε
3101 2807 3190 2858 καί
3222 2807 3541 2875 προκοπῆς·
3571 2808 3632 2872 ἐξ
3658 2802 3735 2861 ὧν
3760 2812 3848 2861 καὶ

2277 2897 2578 2967 ἱερωσύνης
2610 2897 2856 2966 ἠξίωται,
2887 2898 2983 2949 καὶ
3012 2898 3223 2949 πολλῶν
3250 2898 3494 2965 ἀδελφῶν
3521 2901 3849 2963 ἐπιστασίας

2276 2988 2560 3052 ἀνεδέξατο
2587 2988 2825 3057 ἀξίωμα,
2856 2989 3095 3058 φιλητῶς
3128 2990 3444 3057 ποιμαίνειν
3464 2993 3755 3062 χρήσιμος
3786 2998 3845 3062 τῇ

2276 3081 2496 3152 ποίμνῃ·
2512 3080 2619 3143 ζῶν
2636 3080 2750 3132 Θεῶ
2776 3080 2866 3131 καὶ
2882 3081 2958 3151 τῷ
2978 3082 3372 3153 καθηγουμένῳ
3386 3083 3463 3145 ὡς
3477 3085 3726 3154 ἀληθῶς,
3742 3086 3852 3139 ἀλλ’

2275 3174 2335 3226 ού
2358 3174 2547 3242 κόσμῳ
2577 3175 2805 3235 καὶτοῖς
2836 3174 2975 3225 κατά
3007 3174 3209 3242 κόσμον
3256 3176 3587 3244 πράγμασιν
3612 3193 3627 3208 ·
3672 3172 3735 3230 οῦ
3765 3179 3850 3230 καὶ

2276 3262 2483 3333 ὲξορίαι
2513 3263 2601 3315 διὰ
2632 3263 2857 3332 Κύριον,
2907 3265 3002 3315 καὶ
3027 3264 3283 3333 διωγμοὶ,
3308 3267 3405 3317 καὶ
3440 3268 3719 3336 πρότερον
3759 3270 3850 3319 καὶ

2278 3353 2505 3422 ὕστερον
2533 3368 2547 3383 ’
2581 3349 2641 3407 οῦ
2675 3356 2768 3407 καὶ
2794 3356 2844 3407 οἱ
2872 3355 3026 3415 πόδες
3045 3355 3255 3424 ὡραῖοι,
3304 3357 3601 3424 γραφικῶς
3633 3360 3809 3409 εἰπεῖν
3832 3398 3847 3419 ,

2276 3438 2379 3497 ὧδὲ
2406 3461 2466 3497 τε
2502 3448 2663 3499 κάκεῖ
2704 3446 3028 3516 περιιόντος,
3063 3448 3159 3498 καὶ
3207 3447 3712 3517 εὐαγγελιζομένου
3745 3452 3850 3507 τοῖς

2278 3537 2528 3605 ἀδελφοῖς
2600 3538 2671 3590 τά
2738 3539 2983 3607 σωτήρια
3061 3538 3483 3605 ἐπαγγέλματα.
3538 3540 3757 3608 Μόρον,
3822 3542 3846 3589 ὁ

2279 3626 2649 3696 πνευματικὸς
2672 3630 2836 3682 αὑτοῦ
2868 3629 3023 3698 ἱδρὼς
3047 3645 3059 3656 ·
3092 3630 3279 3696 δρόσος
3307 3630 3472 3699 ἱερὸς,
3496 3633 3527 3682 ὁ
3556 3631 3846 3698 ἐναγώνιος

2276 3721 2441 3775 αὑτοῦ
2474 3722 2672 3793 δρόμος
2696 3722 2795 3790 τῆς
2826 3722 3048 3791 ἀρετῆς.
3089 3724 3184 3795 Ὣς
3218 3722 3594 3791 προσληφθεὶς
3620 3726 3682 3777 ὲν
3710 3726 3850 3795 αύτῴ

2279 3813 2358 3883 τῷ
2388 3813 2617 3883 παρόντι
2651 3812 2896 3881 διωγμῷ,
2931 3813 2983 3865 τί
3013 3813 3141 3866 ἄλλο
3182 3813 3215 3883 ἢ
3252 3814 3341 3867 τὸν
3372 3814 3477 3866 ὑπὸ
3506 3817 3721 3886 Κυρίου
3749 3836 3846 3887 μα-

2279 3904 2551 3972 καρισμὸν
2579 3903 2909 3972 ἀνεδήσατος
2940 3904 3048 3956 Καὶ
3104 3904 3197 3957 νῦν
3238 3908 3448 3970 ἐκεῖνος
3482 3907 3584 3975 μέν
3615 3910 3765 3959 ἐστιν
3798 3910 3848 3959 ἐν

2279 3994 2491 4063 οὐρανῷ
2528 3992 2883 4063 συμπολεύων
2914 3998 3024 4057 τοῖς
3056 3994 3384 4063 ὁμπαγέσιν
3416 4009 3431 4022 ο
3480 3996 3650 4065 ἡμεῖς
3690 3997 3744 4048 δὲ
3776 3998 3846 4046 ἔτι

2281 4084 2374 4136 ἐπὶ
2401 4084 2493 4136 τοῦ
2543 4085 2751 4153 ἀγῶνος
2798 4074 3126 4155 ἱστάμενοι,
3176 4084 3270 4139 καὶ
3317 4086 3411 4137 ἐπὶ
3443 4086 3615 4153 φόϐον
3650 4089 3845 4156 τροπῆς

2282 4176 2546 4245 κείμενοι.
2594 4177 2667 4230 Οὐ
2706 4177 2815 4247 γάρ
2848 4180 2965 4229 ὲστι
3012 4177 3355 4247 μακαρισμὸς
3397 4179 3608 4242 τέλειος
3646 4180 3845 4249 ἀνθρὼ-

2284 4285 2391 4339 πῳ,
2424 4270 2527 4332 ἕως
2553 4269 2905 4332 ἀποϐιώσεως
2924 4310 2939 4333 ,
2968 4270 3057 4332 διὰ
3088 4271 3148 4323 τὸ
3177 4271 3371 4341 ἄδηλον
3410 4273 3512 4342 τῆς
3551 4274 3842 4335 ἐκϐάσεως.

682 4451 1047 4517 Quamobrem
1081 4453 1307 4507 obsecro
1353 4466 1472 4514 vos,
1501 4451 1715 4517 fratres,
1749 4462 1810 4506 ut
1850 4452 2084 4521 vigiletis
2112 4469 2172 4507 ac

2294 4464 2297 4465 '
2350 4452 2442 4503 Διὸ
2504 4452 2811 4520 παρακαλῶ
2876 4440 3058 4523 ὑμᾶς,
3110 4455 3361 4522 ἀδελφοὶ,
3416 4462 3721 4528 γρηγορεῖν
3764 4461 3844 4512 καὶ

609 4541 780 4596 sobrii
818 4542 960 4605 sitis,
1015 4542 1238 4595 utvirili
1270 4559 1334 4596 ae
1376 4542 1501 4596 forti
1563 4543 1747 4596 animo
1792 4543 1845 4596 in
1898 4543 2179 4611 proposito

610 4637 911 4691 certamine
941 4646 1055 4689 tum
1085 4635 1455 4705 intelligibilis,
1494 4646 1604 4689 tum
1651 4635 1933 4690 sensibilis
1993 4650 2179 4704 perse-

608 4728 869 4784 cutionis.
899 4727 1004 4793 Qui
1034 4728 1177 4782 enim
1220 4729 1518 4783 secundum
1560 4727 1731 4781 Deum
1765 4727 1919 4791 vivit,
1968 4742 2181 4796 semper

608 4820 815 4889 patitur
854 4820 1286 4888 persecutionem
1350 4818 1420 4873 ab
1482 4818 1743 4872 invisibili
1786 4830 2063 4879 vexatore,
2119 4828 2180 4871 ut

608 4919 860 4965 teneatur
879 4910 1083 4980 peccati
1103 4910 1335 4977 laqueo:
1364 4925 1595 4979 quem,o
1622 4910 1829 4964 strenui
1852 4909 2049 4963 Christi
2078 4910 2181 4963 mi-

609 5002 757 5066 lites,
786 5000 1083 5072 fugiamus.
1117 5001 1248 5067 Qua:
1300 5017 1464 5071 porro
1499 5000 1639 5071 fuga:
1672 5003 1811 5055 ratio
1840 4999 2184 5069 estTNempe

610 5093 658 5146 si
677 5092 782 5147 sub
813 5092 1016 5161 potenti
1051 5108 1214 5145 manu
1259 5091 1349 5146 Dei
1397 5092 1592 5156 simus,
1616 5093 1670 5144 in
1705 5092 1961 5146 omnibus
1992 5093 2043 5145 ei
2072 5093 2185 5161 pla—

610 5189 817 5236 centes.
868 5181 920 5235 Id
949 5196 1077 5235 vero
1116 5182 1551 5251 eonsequemini,
1600 5183 1645 5237 si
1683 5198 1792 5236 non
1844 5198 1910 5237 ex
1958 5184 2182 5252 proprio

610 5274 873 5327 arbitratu
899 5272 995 5328 sed
1038 5287 1105 5327 ex
1156 5274 1432 5328 communi
1466 5274 1584 5343 lege
1635 5274 1863 5327 vivatis:
1915 5274 2175 5329 habentes

608 5366 859 5421 videlicet
884 5365 1102 5419 fratrem
1124 5366 1378 5435 prraim
1410 5366 1463 5419 in
1482 5366 1755 5435 praepositi
1776 5366 1969 5428 vicem,
1985 5382 2176 5435 quem-

610 5457 900 5512 admodum
932 5466 989 5511 et
1030 5458 1121 5511 ille
1149 5458 1449 5522 consensit,
1479 5467 1533 5512 et
1571 5472 1672 5512 nos
1710 5456 1916 5512 assensi
1961 5473 2172 5522 sumus,

609 5555 663 5601 et
691 5560 906 5617 tempus
938 5564 1002 5603 ac
1047 5550 1187 5603 ratio
1222 5549 1518 5619 postulant.
1547 5547 1667 5603 Sint
1709 5549 1897 5603 omnia
1930 5536 2178 5621 commu-

610 5639 698 5692 uia
728 5657 741 5693 :
770 5654 948 5693 meum
969 5654 1032 5695 ac
1054 5648 1209 5694 tuum
1246 5638 1456 5695 exsulet
1490 5658 1503 5692 :
1540 5639 1778 5696 Charitas
1813 5639 2174 5711 exprimatur,

681 5800 723 5833 ³³
764 5797 939 5855 Galat.
976 5818 1053 5871 ιιι,
1076 5801 1146 5857 28
1178 5820 1191 5869 ;
1222 5801 1433 5875 Coloss;
1460 5818 1535 5867 ιιι,
1567 5800 1655 5855 ll.

2277 4545 2487 4613 νήφειν,
2523 4544 2865 4611 ἀνδρίζεσθαι
2935 4548 3027 4599 καὶ
3059 4546 3453 4615 κραταιοῦσθαι
3504 4551 3566 4601 ἐν
3618 4551 3700 4619 τῷ
3732 4567 3847 4621 προ-

2280 4637 2517 4706 κειμένῳ
2590 4637 2761 4703 ἀγῶνι
2835 4636 2929 4690 τοῦ
3021 4656 3080 4690 τε
3169 4640 3364 4708 νοητοῦ
3432 4644 3530 4694 καὶ
3595 4645 3843 4713 αἰσθητοῦ

2278 4728 2543 4799 διωγμοῦ.
2604 4728 2898 4781 Δεδίωκται
2961 4730 3068 4800 γὰρ
3131 4732 3218 4787 ἀεὶ
3269 4734 3297 4784 6
3349 4734 3493 4784 κατά
3547 4733 3685 4787 Θεὸν
3748 4737 3844 4801 ζῶν

2281 4820 2387 4872 ὑπὸ
2437 4819 2531 4872 τοῦ
2585 4822 2818 4890 ἀοράτου
2883 4820 3109 4875 διώκτου
3170 4824 3249 4884 εἰς
3296 4824 3606 4894 κατάληψιν
3680 4829 3845 4897 ἀμαρ-

2280 4911 2427 4973 τίας·
2472 4911 2529 4964 ὃν
2578 4912 2836 4981 φύγωμεν
2902 4915 3139 4980 γενναῖοι
3202 4914 3536 4983 στρατιῶται
3594 4918 3841 4988 Χριστοῦ.

2283 5002 2407 5065 Πίὑς
2454 5002 2511 5054 δὲ
2549 5000 2669 5055 ἔστι
2698 5005 2930 5070 φυγεῖν;
2990 5002 3081 5072 Τῷ
3114 5002 3218 5054 ὑπὸ
3250 5003 3347 5071 τὴν
3394 5007 3670 5074 κραταιάν
3703 5012 3843 5077 χεῖρα

2280 5094 2373 5147 τοῦ
2435 5094 2570 5148 Θεοῦ
2633 5096 2933 5163 γενέσθαι,
2980 5096 3068 5148 διὰ
3133 5097 3230 5166 τῆς
3294 5099 3375 5161 εἰς
3441 5098 3591 5151 ἀπαν
3666 5102 3843 5170 εύαρε-

2285 5186 2529 5254 στήσεως
2554 5184 2741 5238 αὑτοῦ.
2803 5186 2997 5239 Ἔσται
3032 5186 3089 5238 δὲ
3134 5187 3324 5264 τοῦτο,
3363 5188 3461 5241 ἐὰν
3506 5190 3588 5260 μὴ
3644 5191 3842 5245 ἱδιοϐού·

2283 5275 2412 5338 λως,
2469 5275 2603 5328 ἀλλὰ
2660 5276 3018 5341 κοινοϐιακῶς
3048 5277 3249 5348 ζήσητε
3278 5296 3291 5308 ·
3340 5278 3591 5349 δηλονότι
3642 5283 3841 5353 ἔχοντες

2282 5364 2375 5415 τὸν
2435 5364 2665 5431 ἀδελςιὸν
2735 5364 2974 5436 Ἐφραῒμ
3044 5366 3595 5437 προκαθηγούμενον,
3675 5372 3841 5433 καθὼς

2284 5455 2535 5518 κάκεῖνος
2591 5456 2764 5521 εἴασε,
2824 5460 2921 5509 καὶ
2972 5459 3132 5527 ἡμεῖς
3190 5460 3650 5532 συνευδοκοῦμεν,
3698 5464 3785 5517 καὶ
3814 5466 3838 5515 ὁ

2284 5543 2475 5614 χρόνος
2529 5546 2622 5598 καὶ
2669 5548 2696 5599 6
2733 5545 2934 5616 τρόπος
2989 5547 3272 5617 ἀπαιτοὶη.
3334 5550 3625 5606 Ἔστωσαν
3681 5555 3836 5606 πάντα

2284 5628 2461 5704 κοένά,
2493 5636 2554 5691 τὸ
2588 5637 2724 5709 ἐμὸν
2750 5638 2844 5691 καὶ
2873 5636 2965 5691 σὺν
2993 5636 3327 5709 ὲξοριζέσθω
3348 5658 3361 5673 ·
3403 5644 3439 5713 ἠ
3469 5643 3659 5714 ἀγάπη
3683 5640 3836 5715 χαρα-
