3964 6320
130 364 259 430 1433

1310 370 1853 434 EPISTOLARUM
1917 371 2064 430 LIB.
2106 371 2188 429 Il.

3230 372 3368 437 1434

119 486 514 557 προσεύχεσθαι
555 489 686 558 περὶ
713 488 871 558 ἡμῶν
897 487 1004 540 τῶν
1031 489 1376 557 ἁμαρτωλῶν
1409 488 1685 558 παρακλή-

1791 496 1849 540 ιιι
1879 502 2002 556 qua:
2030 488 2292 542 docemus
2337 501 2453 553 ore,
2483 502 2544 541 ea
2575 503 2740 557 opere
2769 489 3030 559 perficere
3059 492 3372 561 conspicia-

119 580 236 650 θητι
269 596 282 610 ’
319 580 404 632 ἵνα
433 573 508 632 ὦν
532 579 706 646 λόγων
736 580 902 651 ἐσμὲν
932 580 1263 638 διδάσκαλοι,
1298 580 1504 633 τούτων
1535 584 1688 650 ἐνερ-
1714 613 1717 616 ‹

117 676 227 740 γεῖς
258 672 513 744 ὀφθῶμεν
564 674 879 743 πράκτορες
905 688 920 701 ⁸
958 673 1051 725 καὶ
1096 672 1360 742 σωθῶμεν
1415 674 1512 726 σὺν
1555 674 1687 743 ὑμῖν

116 767 170 818 ἐν
196 769 261 837 τῇ
301 766 554 837 βασιλείᾳ
578 766 690 819 τῶν
713 765 986 835 οὐρανῶν.

387 902 535 956 ΡΛΕ¹
555 902 688 973 (εδ).
718 933 783 942 —
816 899 1216 970 Ιίατηχητικὴ.
1254 899 1443 973 [χι-ρ’]

1793 594 1937 645 mur,
1965 593 2028 634 ac
2062 579 2198 633 salvi
2226 577 2506 632 vobiscum
2540 580 2714 634 simus
2736 580 2791 633 in
2824 595 2995 652 regno
3023 582 3289 637 caelorum

2214 899 2303 954 CX
2314 898 2477 954 XXV.
2495 931 2564 942 —
2593 898 2945 958 Cateclretica.

887 1013 1096 1064 Pietatis
1129 1015 1421 1064 documenta
1456 1015 1603 1065 tradit
1627 1017 1676 1065 in
1700 1024 1940 1066 sacratum
1963 1016 2357 1080 Quadragesimze
2381 1025 2594 1079 tempus.

184 1123 303 1176 Ὀτι
329 1122 668 1192 ἐπεζήτησεν
710 1122 743 1191 ἡ
786 1123 1040 1190 τιμιότης
1088 1138 1183 1173 σου
1211 1121 1371 1190 λόγον
1399 1123 1680 1187 νουθεσίας

113 1217 258 1287 παρά
286 1216 385 1284 τῆς
425 1212 814 1274 ταπεινώσεως
864 1212 1019 1282 ἡμῶν
1046 1230 1059 1243 ·
1092 1214 1187 1265 καὶ
1231 1215 1260 1266 ὁ
1311 1212 1467 1280 λόγος
1528 1215 1684 1284 ἡμῶν

113 1306 552 1376 ἐξουθενημένος,
579 1307 670 1359 καὶ
718 1309 745 1359 ὁ
775 1306 886 1376 βίος
917 1306 1074 1377 ήμῶν
1100 1307 1467 1377 ἠμελημένος.
1496 1308 1686 1378 Ὅμως

109 1405 188 1455 ὅτι
232 1403 444 1474 ἐρῶμεν
492 1404 590 1469 τῆς
652 1403 928 1472 σωτηρίας
969 1419 1063 1454 σου
1093 1443 1106 1465 ,
1163 1402 1350 1454 καθότι
1401 1403 1495 1454 καὶ
1543 1419 1683 1471 παρ-

112 1494 256 1556 θένος
306 1489 357 1544 εἷ
405 1492 592 1562 νύμφη
661 1491 898 1564 Χριστοῦ
927 1533 941 1556 ,
1005 1493 1286 1562 κειμήλιον
1343 1494 1630 1562 ἁγιότητος
1664 1533 1679 1557 ,

114 1587 202 1638 καὶ
250 1585 430 1648 καθὼς
483 1588 549 1638 ἐκ
601 1585 978 1654 πεποιθήσεως
1031 1584 1308 1653 ἐπιζητεῖς
1364 1585 1522 1653 ἡμῶν
1576 1586 1674 1653 τὴν

111 1677 420 1731 νουθεσίαν·
447 1677 727 1746 ἐπιζητεῖς
767 1677 825 1730 δὲ
879 1677 1046 1746 αὐτὴν
1089 1676 1178 1728 διὰ
1202 1676 1298 1746 τὴν
1335 1677 1428 1728 ἐπὶ
1480 1675 1676 1744 θύραις

110 1769 480 1836 ἐτισταμένην
553 1767 714 1834 ἁγίαν
768 1766 1217 1836 τεσσαρακοστήν
1249 1781 1262 1794 ο
1308 1767 1400 1817 καὶ
1450 1767 1483 1834 ἡ
1544 1765 1678 1834 ἀλη-

112 1862 227 1928 θινὴ
293 1860 564 1929 παρθένος
608 1859 845 1929 Χριστοῦ
899 1860 996 1910 οὐκ
1047 1859 1104 1908 ἐν
1176 1856 1415 1926 ἡμέραις
1469 1859 1681 1925 ἀφωρι-

1859 1125 2015 1189 Quod
2046 1124 2353 1177 reverentia
2390 1132 2476 1175 tua
2507 1136 2817 1176 sermonem
2871 1120 3272 1175 adhortationis
3301 1123 3368 1175 ab

1790 1214 2104 1268 humilitate
2126 1221 2311 1267 nostra
2343 1212 2637 1282 ﬂagitavit-
2698 1228 2798 1266 nec
2850 1227 3033 1267 sermo
3064 1223 3251 1266 noster
3279 1213 3366 1266 ul-

1790 1305 1900 1358 lius
1931 1305 2086 1374 pretii
2111 1315 2212 1364 est,
2242 1313 2296 1358 et
2319 1304 2427 1356 vita
2457 1303 2828 1371 despicabilis.
2868 1301 3139 1368 Quoniam
3184 1311 3367 1357 tamen

1789 1398 2107 1452 salutistua:
2137 1396 2421 1466 percupidi
2451 1412 2664 1461 sumus,
2695 1405 2982 1466 pr0pterca
3013 1397 3158 1465 quod
3185 1407 3238 1450 et
3269 1396 3369 1449 vir-

1789 1506 1855 1560 go
1878 1506 1938 1543 es
1957 1489 2156 1543 Christi
2190 1505 2413 1558 sponsa,
2439 1490 2714 1557 specimen
2744 1489 3077 1554 sanctitatis,
3110 1504 3175 1541 ac
3202 1489 3367 1542 veluti

1782 1599 1849 1637 ex
1906 1583 2106 1637 tiducia
2137 1593 2383 1635 nostram
2426 1581 2710 1634 desideras
2764 1581 3249 1633 adhortationem:
3290 1580 3371 1633 id-

1783 1677 1933 1730 circo
2014 1690 2194 1730 autem
2268 1676 2545 1730 desideras
2612 1676 2757 1744 quod
2831 1675 2998 1729 veluti
3064 1690 3164 1745 pro
3229 1677 3366 1729 fori-

1785 1770 1888 1822 bns
1930 1778 2074 1823 astat
2129 1779 2318 1823 sancta
2353 1768 2782 1836 Quadragcsima
2818 1807 2834 1830 ,
2879 1785 2941 1822 ac
2982 1784 3111 1823 vera
3144 1770 3368 1839 quidem

1788 1859 1995 1914 Christi
2049 1860 2202 1929 virgo
2256 1876 2361 1912 non
2427 1861 2588 1914 certis
2647 1875 2709 1912 ac
2742 1860 2980 1914 deﬁnitis
3026 1861 3240 1925 diebus,
3272 1863 3368 1916 sed

112 1951 358 2020 σμέναις,
384 1949 496 2002 ἀλλ’
535 1951 592 2002 ἐν
620 1949 784 2001 πειντ)⁸
817 1945 1012 2017 καιρῷ,
1050 1946 1145 1998 καὶ
1175 1949 1232 1998 ἐν
1263 1947 1470 2016 ἑκάστῃ
1501 1947 1682 2017 ἡμέρα

1790 1955 1939 2007 omni
1969 1964 2214 2023 tempore
2237 1962 2290 2007 et
2318 1954 2562 2022 quolibet
2585 1953 2671 2006 die
2706 1953 2940 2007 sollicita
2971 1962 3054 2008 est
3091 1958 3370 2023 quomodo

111 2045 259 2112 ζητεῖ
277 2042 392 2104 πῶς
423 2041 699 2113 ἀρέσειτῷ
728 2041 914 2109 Κυρίῳ
938 2039 1032 2090 καὶ
1052 2038 1289 2109 Νυμφίῳ
1312 2040 1500 2107 αὐτῆς.
1530 2039 1683 2107 Ἔχει.

110 2138 250 2190 δέτι
302 2139 522 2199 πάντως
569 2138 716 2189 καὶὸ
767 2133 874 2186 τῶν
935 2133 1199 2203 νηστειῶν
1249 2133 1440 2202 χρόνος
1487 2132 1684 2200 ἰδίωμα

113 2225 344 2300 σπουδῆς
392 2231 647 2298 ἐναρέτου
691 2227 828 2296 πρὸς
858 2227 946 2279 τὸν
970 2228 1091 2280 ὅλον
1132 2226 1380 2278 ἐνιαυτόν
1413 2243 1426 2255 ·
1454 2242 1682 2294 τοιγαρ-

111 2325 219 2388 οὖν,
244 2318 290 2376 ὦ
313 2323 642 2393 τιμιωτάτη,
674 2321 764 2372 τὸν
797 2320 1003 2390 συνήθη
1058 2337 1151 2372 σου
1201 2319 1404 2372 κανόνα
1438 2320 1538 2388 τῆς
1589 2321 1685 2371 ἀσ-

112 2418 323 2487 κήσεως
350 2416 595 2484 ἐνεργεῖν
625 2414 721 2465 καὶ
744 2413 868 2482 ἄρτι
902 2411 1288 2483 προθυμήθητι
1325 2428 1338 2440 ·
1374 2412 1434 2464 οὑ
1460 2414 1569 2481 γὰρ
1593 2412 1686 2464 δυ-

110 2509 321 2579 νάμεθα
363 2507 636 2576 ὁροθετεῖν
663 2506 821 2560 τοῦτο
849 2507 1091 2571 κάκεῖνο,
1123 2506 1156 2575 ἦ
1191 2507 1296 2569 σοὶ,
1332 2505 1364 2576 ἣ
1391 2509 1509 2568 ταῖς
1545 2505 1685 2574 μετὰ

115 2603 208 2656 σοῦ
236 2601 725 2670 συνασκουμέναις,
756 2601 844 2653 διὸ.
876 2600 935 2651 τὸ
961 2604 1127 2669 μήπω
1164 2599 1363 2650 εἰδέναι
1409 2600 1507 2670 τὴν
1533 2599 1685 2662 τάξιν

111 2697 201 2748 καὶ
224 2695 323 2763 τὴν
343 2693 564 2762 ἀγωγὴν
595 2693 774 2761 ὑμῶν,
801 2686 895 2754 Εἷς
925 2691 981 2744 δὲ
1011 2694 1136 2761 ὅρος
1164 2692 1257 2742 καὶ
1277 2690 1455 2743 κανὼν
1486 2708 1684 2743 κοινω-

112 2786 274 2854 φελὴς
296 2788 430 2838 πᾶσι
467 2783 968 2854 κεχρεωστημένος,
1000 2783 1094 2835 καὶ
1128 2783 1367 2852 μάλιστα
1406 2784 1518 2845 τοῖς
1579 2782 1678 2833 ἀν-

110 2879 406 2952 ῃρημένοις
468 2877 530 2928 τὸ
564 2877 856 2945 μοναχικὸν
888 2877 1234 2945 ἐπάγγελμα,
1264 2876 1323 2928 τὸ
1363 2875 1529 2945 μηδὲν
1580 2874 1684 2940 ἔξω

110 2972 217 3024 τῶν
267 2967 694 3040 ἀπαρεσκόντων
741 2969 859 3040 Θεῷ
894 2969 1157 3038 πράττειν
1204 2970 1373 3038 ἡμᾶς,
1428 2968 1566 3021 ἀλλ’
1615 2968 1685 3020 ἐν

111 3066 270 3132 φόϐῳ
303 3065 400 3115 κα)
453 3063 651 3130 τρόμῳ
687 3063 803 3128 τὴν
833 3063 1132 3128 σωτηρίαν
1178 3061 1347 3129 ἡμῶν
1398 3061 1683 3131 κατεργά-

111 3158 344 3217 ζεσθαι·
382 3155 478 3207 καὶ
525 3157 634 3225 γὰρ
663 3155 886 3224 νηστεία
909 3153 1133 3223 ἀληθὴς,
1170 3155 1202 3222 ἡ
1260 3153 1461 3215 παντὸς
1512 3151 1680 3205 κακοῦ
1720 3140 1732 3158 ’

113 3248 313 3318 ἁποχή.
365 3246 773 3316 Νηστεύσωμεν
840 3242 1056 3312 πρῶτον
1109 3243 1208 3311 μὲν
1271 3243 1379 3296 ἀπὸ
1439 3241 1532 3294 τοῦ
1605 3241 1680 3310 μὴ

1791 2047 2003 2115 placeat
2027 2045 2257 2100 Domino
2285 2061 2348 2100 ac
2378 2045 2595 2114 Sponso
2628 2061 2747 2100 suo.
2782 2046 2952 2101 Habet
3012 2057 3193 2102 tamen
3245 2065 3366 2101 om-

1793 2139 1925 2193 nino
1945 2139 2282 2208 jejuniorum
2317 2147 2529 2205 tempus
2559 2138 2887 2206 peculiarem
2917 2139 3024 2192 vim
3048 2141 3366 2208 quamdam,

1790 2242 1852 2286 ut
1887 2234 2126 2287 studium
2152 2232 2682 2300 acuatcapessendm
2700 2248 2794 2301 per
2822 2240 2993 2285 totum
3022 2247 3228 2286 annum
3258 2234 3371 2287 vir-

1791 2327 1942 2381 tutis.
1976 2325 2362 2390 Quamobrem,
2385 2340 2418 2378 o
2455 2325 2938 2387 reverendissima,
2969 2325 3036 2379 da
3070 2327 3214 2380 ultro
3238 2341 3368 2395 ope-

1790 2430 1906 2469 ram
1941 2426 2000 2469 ιιι
2031 2426 2350 2470 consuetam
2397 2415 2495 2470 tibi
2533 2416 2584 2468 in
2617 2416 2955 2469 monasterio
2981 2416 3198 2471 vivendi
3233 2433 3365 2472 nor-

1791 2523 1935 2560 mam
1966 2524 2109 2562 nunc
2138 2523 2357 2578 quoque
2395 2517 2582 2562 teneas
2624 2527 2636 2561 :
2672 2523 2850 2576 neque
2877 2508 3022 2562 enim
3066 2525 3363 2577 possumus

1789 2597 1897 2650 hoc
1927 2599 2008 2653 vel
2033 2598 2164 2650 illud
2198 2598 2448 2663 delinire,
2480 2613 2576 2652 seu
2603 2598 2726 2661 tibi,
2754 2615 2851 2653 seu
2888 2600 3114 2669 reliquis
3145 2611 3370 2670 quaete-

1787 2704 1910 2744 cum
1946 2700 2290 2756 exercentur,
2339 2691 2486 2759 quod
2519 2701 2700 2745 vestra
2736 2693 2871 2745 mihi
2904 2693 3093 2747 minus
3150 2695 3221 2748 sit
3272 2711 3366 2748 eo-

1787 2782 1936 2850 gnita
1968 2781 2092 2835 vitre
2126 2782 2422 2837 institutio.
2458 2782 2573 2837 Una
2605 2800 2734 2839 vero
2780 2786 2888 2849 lex,
2918 2788 3102 2856 regula
3133 2805 3240 2842 una
3283 2799 3369 2842 est

1787 2889 1950 2942 quam
1986 2889 2085 2943 par
2139 2886 2222 2929 est
2253 2877 2512 2930 omnibus
2564 2893 2687 2932 esse
2722 2893 3092 2944 communem,
3123 2881 3218 2935 sed
3253 2896 3370 2936 ma-

1787 2966 1933 3020 xime
1970 2967 2037 3020 iis
2068 2967 2162 3036 qui
2222 2971 2586 3023 monasticum
2619 2971 2742 3024 vita:
2772 2971 3078 3026 institutum
3113 2973 3369 3041 protiten-

1787 3068 1916 3124 tur;
1951 3059 2087 3111 nihil
2117 3067 2174 3112 ut
2209 3061 2453 3114 exterius
2482 3075 2708 3129 agamus
2742 3076 2932 3114 eorum
2961 3077 3083 3130 qua:
3119 3061 3227 3116 Deo
3260 3063 3368 3117 mi-

1785 3165 1892 3204 nus
1928 3151 2147 3218 placent
2178 3168 2191 3204 :
2221 3152 2311 3204 sed
2357 3153 2410 3203 in
2451 3153 2635 3206 timore
2662 3169 2724 3206 ac
2754 3163 2979 3208 tremore
3003 3155 3235 3208 salutent
3275 3175 3369 3210 no—

1786 3251 1952 3293 stram
1976 3258 2248 3309 operemur
2269 3243 2365 3297 ‘8‘.
2387 3242 2588 3298 Verum
2621 3247 2766 3299 enim
2795 3236 3094 3315 jejunium,
3123 3249 3191 3302 ab
3218 3252 3367 3305 omni

111 3340 499 3405 εἰσοικίζέσθαι
533 3341 660 3402 τοὺς
689 3337 956 3408 πονηρους
995 3336 1285 3404 λογισμοὺς
1303 3339 1358 3387 ἐν
1376 3338 1441 3406 τῇ
1463 3334 1682 3404 καρδίᾳ,

1792 3335 1934 3385 malo
1965 3333 2294 3388 abstinentia
2318 3344 2419 3391 est.
2449 3335 2538 3390 Sic
2562 3337 2728 3407 igitur
2761 3340 2993 3407 primum
3030 3340 3366 3410 jejnnemus,

111 3433 406 3487 κάντεῦθεν
436 3431 776 3486 ἀνάπτεσθαι
816 3432 894 3491 εἰς
917 3427 1216 3496 ἐπιθυμίας
1241 3429 1527 3490 ἐκτύπους.
1571 3427 1684 3479 Μία

109 3529 215 3597 γὰρ
239 3525 507 3593 ἐπιθυμία
543 3525 637 3577 καὶ
668 3517 748 3585 εἷς
771 3522 912 3591 ἔρως
945 3519 1220 3588 ἀληθινὸς.
1249 3521 1276 3570 ὁ
1302 3519 1502 3590 Κύριος
1530 3517 1685 3588 ἡμῶν

121 3623 328 3688 Ἰησοῦς
375 3617 633 3689 Χριστὸς,
661 3618 688 3668 ὁ
725 3615 887 3676 καλὸς
929 3612 1020 3664 καὶ
1045 3612 1247 3680 ὡραῖος
1297 3611 1549 3680 Νυμφίος
1573 3626 1587 3638 .
1623 3602 1684 3662 οη

110 3715 142 3781 ἡ
184 3711 450 3782 ὲφιεμὲνη
497 3708 553 3774 ἐξ
620 3706 914 3776 ὁλοκλήρου
963 3703 1132 3772 ψυχὴ,
1175 3704 1324 3770 μισεῖ
1365 3703 1543 3771 σάρκα
1589 3700 1683 3754 καὶ

111 3802 244 3874 αἷμα
272 3845 287 3869 ,
324 3805 421 3856 καὶ
469 3803 647 3855 πάντα
673 3799 743 3852 τά
769 3799 866 3865 τῆς
895 3796 1100 3865 φθορᾶς
1134 3795 1429 3863 ἰνδάλματα
1460 3813 1473 3827 ο
1505 3794 1593 3846 ἀεὶ
1628 3793 1685 3845 δὲ

114 3898 463 3971 πτερουμένη
510 3896 588 3966 τῷ
644 3896 774 3965 περὶ
832 3890 996 3946 αὑτὸν
1053 3889 1245 3958 πόθῳ,
1278 3887 1684 3957 ἀποστρέφεται

116 3994 299 4063 σχεδον
324 3992 521 4052 εἰπεῖν,
553 3989 647 4041 καὶ
668 3987 831 4039 αὑτὸν
861 3981 1134 4052 τὸνρἦιον
1168 3982 1302 4050 ὀρᾷν
1328 3996 1342 4011 ο
1373 3980 1467 4032 καὶ
1492 3978 1686 4046 σφαδά-

111 4087 192 4150 ζει
233 4085 330 4138 κα)⁸
376 4081 470 4135 τοῦ
510 4080 760 4149 σώματος
787 4076 1031 4144 ἐκϐῆναι,
1067 4074 1158 4125 καὶ
1192 4073 1327 4142 πρὸς
1355 4073 1448 4124 τὸν
1485 4069 1684 4123 ποθού-

115 4191 272 4248 μενον
321 4173 578 4242 γενέσθαι
608 4189 620 4201 ·
650 4172 786 4239 ὅπερ
833 4168 950 4219 ἐστὶ
1003 4168 1064 4218 τὸ
1110 4164 1412 4234 ἀκρότατον
1459 4161 1684 4233 ὀρεκτὸν

111 4275 222 4332 τοῖς
258 4270 426 4338 λόγου
464 4262 832 4336 μετειληφόσι.
869 4259 1273 4330 Νηστεύσωμεν
1297 4257 1361 4322 δὴ
1404 4256 1544 4309 κατὰ
1572 4253 1687 4307 δεύ-

111 4379 266 4431 τερον
295 4361 482 4429 λόγον,
517 4356 610 4408 καὶ
659 4354 768 4408 ἀπὸ
801 4353 1110 4422 βρωμάτων
1145 4348 1446 4416 ποσότητος
1496 4363 1553 4399 τε
1591 4345 1685 4397 καὶ¹

113 4455 401 4524 ποιότητος
426 4465 442 4479 ⁸
470 4450 562 4501 καὶ
595 4446 871 4508 τοσοῦτον,
900 4442 1097 4496 ὁπόσον
1125 4445 1158 4513 ή
1197 4441 1430 4510 δύναμις
1459 4439 1552 4492 τοῦ
1581 4439 1685 4491 σώ-

117 4563 281 4618 ματος
333 4544 493 4613 φέρει
525 4558 538 4571 ·
572 4539 707 4608 φησὶ
749 4537 859 4606 γὰρ
904 4539 931 4589 ὁ
985 4534 1308 4595 Ἀπὸστολος
1336 4549 1350 4563 ·
1385 4534 1686 4595 Ἕκαστος

113 4640 303 4705 καθὼς
352 4631 715 4703 προαιρεῖται
761 4628 836 4696 τῇ
865 4626 1078 4695 καρδίᾳ
1105 4669 1117 4689 ,
1148 4625 1233 4694 μὴ
1278 4626 1345 4677 ἐκ
1381 4625 1602 4690 λύπης,
1644 4623 1682 4688 ἢ

112 4732 177 4794 ἐξ
223 4727 498 4796 ἀνάγκης
528 4741 541 4754 ⁸
575 4722 641 4776 τὸ
688 4719 896 4788 ἱλαρὸν
932 4718 1042 4787 γὰρ
1073 4715 1273 4786 ἀγα.τᾲ
1308 4717 1340 4768 ό
1369 4715 1513 4780 Θεός
1547 4729 1561 4743 ·
1592 4715 1686 4765 καὶ

111 4821 171 4873 τὸ
192 4818 336 4872 κατὰ
368 4813 624 4883 δύναμιν.
661 4812 832 4863 Τοῦτο
873 4809 930 4862 δὲ
960 4807 1051 4860 ἐπὶ
1078 4807 1172 4860 σοῦ
1206 4807 1302 4875 τῆς
1335 4803 1687 4874 καθηγουμέο

115 4932 208 4987 νης
239 4907 713 4984 κυριολεκτεῖσθαι
748 4905 971 4958 δύναται
1007 4920 1021 4932 ·
1056 4903 1148 4954 ἐπὶ
1171 4902 1226 4954 δέ
1264 4902 1362 4971 τῆς
1389 4899 1686 4968 ἀδελφότη-

113 5026 200 5071 τος
247 5008 348 5060 οὐκ
397 5003 514 5074 ἕχει
543 5001 774 5069 δύναμιν
807 5016 822 5028 ·
857 4998 946 5051 διὰ
994 4997 1056 5048 τὸ
1107 4995 1246 5048 κατά
1299 4997 1396 5065 τὴν
1434 4993 1541 5046 ὑπὸ
1591 4989 1685 5044 σοῦ

114 5095 406 5166 δεδομένην
453 5091 698 5155 διάταξιν
725 5090 818 5143 καὶ
857 5088 1057 5141 ἐσθίειν
1089 5088 1182 5138 καὶ
1217 5087 1413 5149 πίνειν,
1451 5086 1543 5137 καὶ
1591 5083 1689 5154 τὴν

117 5181 279 5250 ἀλλην
347 5179 576 5248 ἀγωγὴν
641 5174 781 5230 εἶναι
836 5178 920 5245 ἐφ’
993 5176 1247 5246 ἑκάστης,
1305 5175 1444 5227 ὥστε
1475 5173 1686 5244 διακρι-

114 5273 266 5325 τικοῦ
300 5269 550 5340 ὄμματός
586 5260 667 5321 σοί
689 5268 847 5338 χρεία
878 5265 1268 5337 προσηκόντως
1297 5267 1362 5318 τὰ
1385 5263 1688 5326 κατάθτάς

117 5364 462 5434 ἐπιθεωρεῖν.
493 5361 700 5423 Κοινῶς
742 5360 797 5412 δέ
843 5362 935 5412 ἐπὶ
968 5359 1122 5421 πᾶσι,
1146 5362 1206 5409 τὸ
1243 5358 1543 5428 ἀπέχεσθαι
1589 5373 1691 5430 μα-

118 5456 426 5524 ταιολογίας
473 5453 753 5524 ἀκαίρου,
809 5451 1110 5524 βασκανίας
1173 5451 1377 5504 ἀτόπου
1414 5490 1429 5518 ,
1493 5448 1691 5520 ἀργίας

195 5642 272 5676 ³⁸*
310 5638 554 5709 Philipp.
592 5652 650 5702 ιι,
690 5637 777 5692 18.
861 5637 905 5670 ι’
939 5634 983 5691 ll
1000 5633 1230 5704 Con-Ix,
1251 5635 1303 5690 7.

1789 3434 1850 3477 ιιι
1876 3441 1941 3478 ne
1977 3442 2174 3494 pravas
2208 3428 2576 3499 cogitationes
2611 3429 2798 3484 subire
2830 3432 2881 3483 in
2911 3432 3156 3485 animum
3190 3436 3370 3502 patia-

1789 3535 1932 3583 mur,
1967 3529 2131 3588 atque
2179 3521 2232 3574 in
2289 3523 2556 3577 scelerata
2589 3522 2788 3578 deinde
2818 3525 3084 3581 desideria
3141 3527 3373 3582 exarde-

1788 3628 1964 3667 scere.
1997 3610 2174 3666 Unum
2215 3614 2496 3668 enimvero
2551 3617 2882 3670 desiderium
2939 3628 2992 3671 et
3041 3635 3182 3673 unus
3214 3635 3370 3673 amor

1786 3720 1968 3764 verus.
2025 3705 2290 3759 Dominus
2342 3715 2530 3761 noster
2568 3707 2726 3763 Jesus
2758 3689 3058 3776 'Christus,
3119 3712 3394 3783 Sponsus

1787 3798 2037 3866 egregius
2070 3813 2133 3852 ac
2158 3799 2444 3867 speciosus
2484 3823 2494 3854 :
2531 3817 2692 3870 quem
2730 3819 2852 3873 quae
2895 3805 3079 3860 anima
3140 3810 3370 3864 omnino

1786 3888 2084 3954 desiderat,
2146 3906 2365 3946 carnem
2436 3894 2550 3947 odit
2589 3905 2642 3948 et
2675 3897 3022 3965 sanguinem,
3071 3916 3371 3971 omnesque

1785 3997 1968 4036 rerum
2003 3984 2441 4052 corruptibilium
2470 3987 2737 4055 imagines
2775 4008 2788 4043 :
2821 4004 3039 4060 semper
3067 4002 3247 4047 autem
3303 3996 3372 4048 il-

1787 4071 1894 4127 lius
1928 4073 2202 4127 desiderio
2265 4076 2316 4129 in
2352 4076 2582 4130 sublime
2618 4079 2861 4145 evolans,
2918 4081 3167 4150 refugit,‘
3202 4099 3370 4155 pmpe

1785 4163 2040 4226 dixerim,
2098 4163 2184 4216 vel
2230 4165 2406 4233 ipsum
2439 4166 2637 4220 intueri
2669 4170 2837 4223 solem
2881 4173 3201 4242 :gestitque
3240 4186 3295 4230 et
3340 4195 3372 4229 ιι

1785 4269 2015 4324 corpore
2043 4255 2214 4320 exire,
2250 4265 2456 4310 etcum
2499 4273 2562 4312 eo
2587 4273 2746 4327 quem
2781 4269 2928 4314 amat
2949 4261 3152 4317 versari
3189 4270 3368 4336 :quod

1786 4356 2032 4416 caputac
2065 4361 2281 4401 summa
2321 4359 2571 4404 votorum
2618 4360 2704 4406 est
2747 4352 2813 4407 iis
2850 4354 2942 4422 qui
2991 4354 3154 4410 Verbi
3202 4363 3370 4427 parti-

1785 4438 1935 4506 cipes
1961 4440 2239 4493 exstitere.
2276 4427 2658 4509 Jejunabimus
2704 4442 2894 4512 utique
2950 4448 3189 4501 secundo
3223 4449 3366 4517 loco,

1787 4540 1900 4586 tum
1937 4532 2238 4603 quantitate
2266 4533 2538 4599 ciborum,
2583 4543 2697 4586 tum
2727 4549 2756 4587 a
2784 4537 3067 4604 qualitate,
3093 4547 3147 4592 et
3176 4554 3370 4610 quate-

1720 4663 1762 4716 Β
1791 4642 1895 4680 nus
1925 4625 2143 4693 coporis
2176 4625 2320 4679 vires
2341 4624 2542 4680 ferunt.
2572 4628 2822 4681 Aitenim
2848 4621 3138 4698 Apostolus
3164 4632 3372 4689 :Unus-

1792 4717 2006 4786 quisque
2058 4725 2212 4783 prout
2233 4716 2594 4769 destinavitin
2626 4719 2780 4772 corde
2808 4736 2904 4772 suo
2928 4737 2948 4773 :
2975 4739 3078 4775 non
3108 4740 3172 4776 ex
3204 4729 3371 4781 tristi-

1793 4806 1890 4870 tia,
1946 4803 2041 4859 aut
2096 4821 2161 4859 ex
2211 4809 2564 4861 necessitate:
2611 4809 2939 4864 hilaritatem
2995 4793 3134 4879 enim
3194 4819 3371 4890 diligit

1793 4897 1935 4953 Deus
1957 4901 2000 4930 "
2034 4916 2047 4952 :
2079 4909 2132 4952 et
2157 4914 2254 4968 pro
2289 4901 2502 4955 ratione
2527 4901 2744 4956 virium.
2769 4901 2883 4957 Iloc
2909 4921 3038 4959 vero
3073 4908 3125 4960 in
3157 4919 3227 4974 te,
3251 4927 3372 4979 quae

1793 4992 2080 5063 praeposita
2120 5007 2200 5054 es,
2235 4992 2511 5059 designari
2549 4994 2804 5048 distincte
2849 5005 3062 5063 potest:
3106 4999 3158 5052 in
3216 5017 3372 5058 soro-

1795 5099 1916 5137 rum
1947 5093 2113 5145 coetu,
2158 5098 2263 5135 non
2295 5091 2472 5151 potest
2505 5099 2518 5135 :
2549 5083 2692 5151 quod
2713 5099 2777 5136 ex
2811 5085 3008 5139 tradita
3028 5087 3123 5139 abs
3149 5098 3198 5140 te
3235 5090 3370 5160 lege,

1797 5184 1850 5226 et
1885 5172 2081 5228 edendi
2114 5183 2168 5226 et
2205 5172 2420 5226 bibendi
2457 5174 2671 5235 modus,
2710 5182 2764 5228 et
2799 5175 3006 5243 reliqua
3046 5175 3259 5229 vivendi
3290 5196 3373 5232 ra.

1799 5267 1874 5322 tio
1905 5267 2244 5333 singularum
2276 5267 2511 5334 pendere
2542 5265 3138 5332 debeat.Qnamobrem
3163 5273 3375 5340 perspi-

1797 5362 1915 5414 caci
1946 5357 2038 5413 tibi
2065 5358 2221 5412 oculo
2251 5367 2338 5412 est
2381 5373 2539 5427 opus,
2564 5367 2622 5411 ut
2655 5374 2776 5426 quae
2828 5359 3056 5429 singulis
3086 5361 3373 5430 expediant

1799 5448 2206 5520 contempleris.
2255 5449 2523 5506 Convenit
2556 5459 2740 5506 autem
2799 5467 2865 5507 ex
2903 5466 3059 5521 aequo
3088 5453 3373 5522 omnibus,

1628 5722 1858 5781 NOTIE.

195 5834 304 5904 (9.6)
335 5833 393 5888 ιιι
420 5829 545 5888 cod.
579 5825 708 5898 Reg.
744 5826 842 5900 ρν⁹.
