3964 6320
611 380 747 445 1435
1790 373 1849 431 S.
1889 366 2281 429 THEODORI
2320 362 2665 425 STUDIT/E
3736 355 3870 420 1436

608 490 990 562 intempestiva
1016 489 1336 560 garrulitate
1366 488 1663 549 abstinere,
1714 484 1900 552 inepta
1946 478 2175 535 aemula-

2304 475 2572 547 ιεριέργου
2599 488 2613 503 ’
2655 470 2858 543 μᾶλλον
2882 470 2981 541 μὲν
2996 463 3089 523 οὖν
3108 468 3340 539 ἡσυχίαν
3372 466 3537 536 ἄγειν
3569 463 3870 532 εὓκαιρον’

609 560 797 649 tione,
827 583 1007 638 inutili
1041 584 1154 635 otio
1188 599 1202 633 :
1238 595 1306 635 ac
1356 579 1537 650 potius
1588 575 1972 645 tempestivum
2003 571 2172 625 silen-

2304 570 2372 622 παὶ
2397 568 2558 635 λόγον
2583 562 2912 637 φθέγγεσθαι
2944 562 3135 616 δέοντα
3169 576 3185 590 ’
3217 562 3317 613 καὶ
3337 560 3569 629 ἀγαπᾷν
3605 560 3709 610 καὶ
3734 560 3876 625 περ

612 678 745 728 tium
778 688 1021 739 servare,
1061 674 1210 744 loqui
1258 681 1581 741 opportune,
1624 681 1809 722 amare
1836 664 2066 718 invicem
2111 676 2177 715 ac

2304 676 2398 713 ἐιν
2434 658 2670 729 ἀλλήλας
2702 656 2845 710 κατὰ
2877 654 3117 727 Κύριονο
3149 652 3247 706 καὶ
3282 652 3467 705 πάντα
3497 651 3673 703 κοινὰ
3708 649 3871 717 ἔχειν,

610 766 840 836 diligere
866 765 1169 821 secundum
1212 761 1512 817 Dominum
1541 778 1555 813 :
1589 770 1644 814 et
1694 758 1897 812 habere
1924 768 2176 811 commu-

2304 752 2375 806 ta‘t
2396 750 2563 822 μηδὲν
2584 747 3040 818 ἀποτεταγμένως
3067 745 3262 799 ἴδιον...
3287 744 3499 799 Λειπει
3522 746 3671 796 σελ.
3696 748 3776 797 a’.

609 859 699 913 nia
721 859 927 923 omnia,
958 867 1012 914 et
1040 859 1175 913 nihil
1203 856 1451 928 privatim
1484 852 1802 923 sepositum.

1947 944 2139 1015 (Deest
2168 942 2364 1011 pagina
2386 956 2514 995 una.
2537 939 2557 1008 )

910 1043 1195 1101 CXXXVI.
1220 1073 1287 1083 —
1314 1043 1583 1097 Theodoro
1624 1049 1873 1109 stratego.

2598 1027 2783 1095 ΡΛςῖ
2807 1058 2876 1067 -
2906 1026 3179 1095 Θεοδώρῳ
3203 1022 3545 1095 στρατηγῷ.

1799 1131 2009 1194 Lapsum
2047 1126 2232 1179 excitat
2257 1128 2317 1177 ad
2339 1123 2703 1190 paenitentiam.

833 1238 1160 1296 Contrarius
1215 1248 1465 1293 eventus.
1498 1236 1541 1291 Ο
1576 1237 1977 1291 calamitatem!
2020 1234 2182 1302 Qua:—

2364 1232 2640 1303 (27).......
2668 1227 2787 1283 οὖσι
2816 1228 2879 1281 τὸ
2918 1226 3157 1281 ἐναντίον
3176 1225 3581 1295 ἀπάντημα.’¹Ω
3610 1226 3715 1294 τῆς
3743 1241 3875 1293 συμ-

614 1350 742 1389 nam
777 1334 881 1388 ista
904 1342 987 1387 est
1028 1332 1398 1385 involuntaria
1448 1330 1739 1384 abductio?
1798 1344 2049 1399 quaenam
2089 1344 2183 1398 per

2304 1324 2454 1396 ρορᾶς
2476 1322 2590 1385 ῐτίς
2618 1320 2758 1390 αὕτη
2783 1322 2816 1390 ἡ
2841 1318 3093 1381 ἀκούσιος
3115 1317 3425 1385 ἀπαγωγῆς
3448 1313 3539 1377 τίς
3566 1314 3633 1367 δὲ
3653 1315 3688 1384 ἡ
3712 1317 3880 1381 ἀναγ-

615 1427 726 1480 vim
766 1424 916 1479 illata
945 1424 1313 1492 participatio,
1344 1423 1622 1477 intentans
1669 1422 1850 1476 carnis
1878 1422 2182 1491 periculum

2304 1413 2521 1483 ιαστικὴ
2557 1410 2771 1482 μέθεξις
2800 1408 3173 1464 ἐπαπειλοῢσα
3226 1408 3319 1460 τὸν
3354 1406 3499 1458 κατὰ
3530 1405 3727 1474 σάρκα
3768 1405 3879 1456 κίν-

619 1519 671 1572 ei
707 1517 800 1586 qui
850 1516 988 1569 nolit
1018 1514 1410 1570 heterodoxum
1459 1529 1652 1583 panem
1686 1513 2049 1583 participare?
2080 1512 2187 1567 Vo-

2304 1507 2441 1558 ἰυνον
2464 1505 2520 1555 ἐν
2547 1502 2625 1573 τῷ
2658 1505 2733 1573 μὴ
2779 1501 3161 1573 προαιρεῖσθαι
3196 1497 3445 1569 μεθέξειν
3472 1496 3574 1549 τοῦ
3626 1496 3879 1568 ἐτεροέὀο

618 1608 917 1662 luntarium
941 1606 1293 1671 sacriﬁcium,
1334 1622 1366 1660 ο
1412 1605 1866 1660 christianissima
1898 1604 2188 1673 cogitatio!

2304 1599 2379 1663 ξου
2409 1598 2577 1667 ἄρτου
2611 1614 2626 1663 ;
2658 1594 3037 1648 ἐκουσιόθυτον
3074 1609 3089 1624 ·
3145 1586 3191 1643 ὦ
3242 1586 3754 1659 χριστιανικώτατε
3798 1586 3878 1637 λο-

619 1708 823 1763 corpus
858 1703 914 1748 et
943 1694 1170 1765 sanguis
1208 1694 1422 1747 Domini
1465 1695 1638 1748 nostri
1684 1692 1811 1749 Jesu
1842 1692 2066 1748 Christi.
2102 1693 2189 1747 Ait

2304 1688 2455 1757 τισμέ
2487 1704 2503 1720 ο
2540 1687 2598 1740 τὸ
2630 1686 2787 1755 σῶμα
2829 1684 2923 1738 καὶ
2947 1678 3087 1753 αἷμα
3118 1680 3215 1734 τοῦ
3247 1679 3456 1748 Κυρίου
3485 1677 3658 1747 ἡμῶν
3700 1674 3874 1744 Ἰησοῦ

618 1787 767 1841 enim
808 1800 1039 1857 magnus
1062 1786 1357 1855 Apostolus
1383 1786 1451 1840 de
1475 1802 1561 1851 eo,
1596 1787 1700 1851 Qui
1737 1802 1857 1838 cum
1897 1788 1951 1839 in
2018 1787 2191 1856 [arma

622 1878 725 1932 Dei
784 1888 938 1943 esset,
994 1895 1048 1931 se
1118 1894 1224 1931 non
1281 1878 1524 1945 rapinam
1587 1879 1879 1932 arbitratus
1944 1888 2022 1933 est
2083 1896 2193 1934 esse

620 1969 877 2039 (aqualem
900 1969 1007 2023 Deo
1035 1986 1053 2026 :
1086 1969 1177 2022 sed
1221 1969 1554 2036 semetipsum
1598 1970 1905 2035 exinanivit,
1965 1970 2190 2036 formam

623 2063 756 2114 servi
791 2062 1071 2129 accipiens,
1095 2064 1151 2115 iu
1201 2062 1604 2115 similitudinem
1655 2063 1927 2116 hominum
1982 2062 2190 2131 factus,

623 2163 670 2206 et
701 2152 889 2205 habitu
926 2133 1161 2207 inventus
1212 2164 1270 2206 ut
1306 2154 1479 2208 homo.
1512 2154 1826 2207 Humiliavit
1860 2156 2194 2221 semetipsum

626 2245 798 2312 [actus
851 2245 1089 2298 obedieus
1124 2261 1283 2313 usque
1338 2245 1407 2298 ad
1456 2256 1693 2309 mortem,
1749 2256 1972 2299 mortem
2019 2255 2193 2298 autem

624 2337 799 2389 crucis
823 2337 909 2390 ¹’⁶.
944 2336 1211 2400 Quoniam
1276 2338 1439 2406 igitur
1471 2337 1834 2391 voluntarium
1867 2336 2196 2391 sacriﬁcium

626 2437 684 2482 ct
710 2428 1019 2483 voluntarie
1045 2428 1232 2484 datum
1276 2427 1603 2494 volentibus,
1642 2443 1747 2481 non
1777 2436 1959 2482 autem
2011 2428 2198 2482 nolen-

629 2519 793 2574 tibus.
830 2518 1042 2572 Etenim
1081 2517 1347 2573 Dominus
1382 2519 1498 2588 ipse
1536 2519 1589 2571 in
1619 2518 1925 2589 Evangeliis
1959 2520 2037 2573 ait
2075 2534 2201 2589 apo-

625 2610 784 2664 stolis
814 2626 828 2663 :
862 2608 1118 2679 Nunquid
1160 2619 1211 2664 et
1258 2626 1346 2664 vos
1382 2610 1542 2664 vultis
1575 2611 1720 2664 abire
1734 2611 1817 2664 ὀἳ
1854 2620 2073 2682 propter
2105 2627 2198 2667 eos

629 2702 722 2770 qui
749 2701 861 2769 jam
890 2701 1335 2755 discesserantab
1354 2716 1441 2763 eo,
1464 2700 1557 2771 qui
1580 2701 1833 2771 discipuli
1857 2702 2196 2757 videbantur:

628 2800 685 2844 et
736 2792 917 2861 magni
972 2791 1118 2847 Petri
1167 2794 1456 2864 responsio
1496 2793 1809 2862 huiusmodi
1856 2810 1870 2847 :
1918 2794 1999 2846 Ad
2050 2810 2200 2864 quem

630 2880 824 2934 ibimus
848 2884 874 2937 ?
912 2880 1078 2936 Verba
1107 2884 1232 2937 vita
1270 2894 1483 2939 (eterna
1503 2885 1686 2938 habes.
1724 2886 1791 2939 Et
1832 2901 1923 2939 nos
1974 2886 2203 2939 credidi-

632 2988 773 3033 mus.
803 2985 856 3027 et
898 2976 1256 3044 cognovimus,
1285 2978 1411 3046 quia
1460 2985 1515 3030 tu
1538 2993 1591 3031 es
1624 2976 1864 3033 Christus
1896 2976 2071 3032 Filius
2104 2978 2198 3032 Dei

633 3065 970 3122 uioentis’".
1020 3066 1087 3123 Et
1147 3083 1341 3124 rursus
1383 3086 1614 3141 magnus
1645 3071 1837 3126 Petrus
1869 3072 1921 3125 in
1958 3070 2200 3141 Epistula

635 3171 759 3223 sua,
801 3155 1111 3213 Voluntaria
1136 3176 1348 3229 pascere
1379 3169 1594 3233 oportet
1623 3179 1725 3215 nou
1760 3172 1936 3216 coacte
1961 3162 2027 3216 ²¹.

708 3417 1054 3488 Cognoscant
1092 3417 1319 3487 proinde
1351 3418 1446 3489 qui
1486 3418 1733 3474 nolentes
1776 3417 1826 3471 vi
1872 3418 2095 3471 trahunt
2133 3417 2201 3471 ad

642 3527 798 3567 suam
826 3512 1290 3575 communionem,
1321 3528 1379 3567 se
1400 3512 1637 3582 gentium
1670 3525 1820 3565 more
1844 3510 1948 3566 hoc
1978 3510 2158 3565 facere
2185 3528 2200 3565 :

642 3618 752 3657 non
801 3617 1005 3673 corpus
1061 3602 1267 3657 Christi
1316 3602 1463 3672 quod
1519 3612 1713 3671 sponte
1780 3601 2023 3655 oblatum
2076 3610 2202 3663 est,

639 3694 1007 3765 porrigentes,
1032 3695 1126 3749 sed
1155 3704 1371 3758 contra,
1391 3694 1536 3763 quod
1559 3695 1792 3748 victimae
1821 3693 1982 3747 idblis
2011 3692 2206 3747 oblata:

641 3785 878 3854 speciem
925 3784 1145 3850 habeat,
1181 3795 1342 3857 prout
1374 3796 1625 3841 coactum
1664 3794 1751 3841 est
1789 3786 2117 3840 sacriﬁcium
2149 3785 2205 3838 in

642 3877 1001 3932 libationibus
1021 3878 1255 3933 dat-moui
1284 3879 1525 3947 acceptis
1546 3893 1670 3947 qua:
1699 3878 1842 3947 apud
1876 3877 2024 3946 ipsos
2046 3878 2202 3931 liunt.

640 3966 710 4022 Et
735 3984 896 4024 verus
923 3978 1007 4023 est
1046 3985 1248 4033 sermo,
1279 3979 1333 4024 et
1365 3970 1764 4024 demonstratio
1793 3970 2080 4039 perspicua
2109 3987 2121 4020 :
2150 3975 2205 4023 et

640 4074 805 4114 nemo
839 4059 1009 4115 audit.
1058 4060 1163 4114 Sed
1194 4059 1382 4123 Parce,
1411 4060 1647 4129 Domine,
1694 4075 1851 4129 parce
1880 4074 1899 4112 :
1930 4069 1978 4113 et
2018 4076 2080 4112 ne
2115 4064 2205 4114 des

640 4150 1000 4205 Ittzmiitatem
1053 4163 1203 4207 tuam
1244 4154 1301 4205 in
1336 4153 1672 4222 opprobrium
1705 4153 2104 4222 perfectum”,
2150 4162 2208 4207 ut

644 4243 846 4297 alicubi
894 4243 972 4297 ait
1012 4242 1236 4313 quidam
1283 4260 1314 4299 e
1345 4245 1650 4314 prophetis.
1688 4244 1829 4311 Quid
1870 4260 1999 4303 vero
2049 4245 2206 4301 nobis

2290 1779 2548 1848 Χριστοῦ.
2577 1780 2714 1846 Φησὶ
2738 1778 2845 1848 γὰρ
2870 1779 2898 1829 ὁ
2924 1775 3097 1846 μέγας
3147 1770 3469 1831 Ἀπόστολος
3500 1769 3637 1832 περὶ
3672 1766 3841 1820 αὑτοῦ
3861 1782 3873 1792 ·

2297 1874 2403 1936 ’ος
2430 1869 2707 1939 summa}
2735 1867 2883 1923 Θεοῦ
2898 1865 3184 1934 ὑπάρχων
3222 1865 3333 1931 οὐχ
3368 1860 3703 1929 ἁρπαγμὸν
3727 1860 3875 1927 ἡγή-

2291 1978 2441 2017 σατο
2499 1959 2650 2015 εἶναι
2712 1962 2818 2020 Ζσα
2875 1957 2996 2022 Θεῷ
3030 1971 3045 1987 ⁶
3100 1956 3238 2011 ἀλλ’
3291 1954 3518 2007 ἑαυτὸν
3568 1953 3841 2005 ἐκένωσε
3862 1993 3874 2009 ,

2288 2053 2531 2124 μορφὴν
2558 2053 2783 2106 δούλου
2821 2050 3023 2104 λαϐὼν
3071 2048 3140 2101 ὲν
3181 2044 3505 2116 ὁμοιώματι
3541 2042 3877 2111 ἀνθρώπων

2294 2149 2635 2215 γενόμενος,
2666 2142 2767 2195 καὶ
2798 2139 3066 2209 σχήματι
3102 2138 3367 2206 εὑρεθεὶς
3401 2136 3485 2200 ὡς
3509 2134 3834 2202 ἄνθρωπος
3861 2147 3873 2160 ·

2294 2237 2696 2290 ἐταπείνωσεν
2739 2232 2976 2296 ἑαυτὸν,
3012 2231 3330 2300 γενόμενος
3378 2227 3665 2292 ὑπήκοος
3703 2225 3876 2294 μέχρι

2297 2326 2579 2391 θανάτου,
2609 2324 2869 2382 Θανάτου
2886 2324 2955 2377 δὲ
2979 2321 3263 2390 σταυροῦ.
3313 2317 3469 2372 Ἐπεὶ
3500 2318 3599 2371 οὖν
3634 2319 3877 2371 ἑκούσιό-

2298 2420 2457 2473 θυτον
2515 2420 2608 2471 καὶ
2644 2410 3014 2470 ἐκουσιόδοτον
3072 2417 3187 2477 τοῖς
3244 2412 3548 2477 ἐθέλουσιν,
3574 2412 3700 2463 ἀλλ’
3756 2412 3873 2478 οὐχὶ

2296 2514 2412 2575 τοῖς
2453 2510 2528 2582 μὴ
2576 2510 2839 2564 ἐθέλουσι.
2866 2510 2977 2563 Καὶ
3007 2508 3119 2578 γὰρ
3151 2506 3313 2568 αὐτὸς
3349 2506 3377 2557 ὁ
3402 2504 3623 2574 Κύριος
3679 2507 3740 2555 ἐν
3774 2506 3878 2562 τοῖς

2298 2600 2654 2669 Εὐαγγελίοις
2686 2601 2821 2671 φησὶ
2867 2600 3005 2670 πρὸς
3042 2598 3168 2659 τοὺς
3206 2596 3546 2657 ἀποστόλους
3579 2611 3594 2622 ·
3634 2595 3738 2660 Μὴ
3787 2596 3877 2646 καὶ

2297 2693 2465 2763 ὑμεῖς
2487 2694 2691 2747 θέλετε
2737 2690 3068 2755 ἀπελθεῖν;
3101 2688 3191 2742 διὰ
3220 2687 3350 2750 τοὺς
3394 2687 3499 2757 ἤδη
3536 2686 3878 2747 ἀπελθόντας

2300 2784 2394 2838 ἀπ’
2419 2783 2585 2836 αὐτοῦ
2610 2783 2716 2835 τῶν
2747 2782 3051 2835 δοκούντων
3078 2779 3371 2850 μαθητιᾷν.
3398 2779 3513 2832 Καὶ
3537 2780 3573 2847 ὴ
3600 2780 3761 2849 παρά
3793 2778 3878 2830 τού

2305 2874 2541 2945 μεγάλου
2566 2873 2774 2943 Πέτρου
2798 2871 3093 2951 ἀπόκρισις
3117 2870 3294 2923 τοιάδε
3331 2883 3345 2896 ·
3370 2868 3532 2935 Πρὸς
3572 2870 3723 2921 τίνα
3774 2870 3879 2922 ἀπ-

2301 2966 2714 3033 ελευσόμεθα;
2741 2962 2998 3030 Ῥήματα
3035 2958 3183 3029 ζωῆς
3221 2960 3465 3015 αἰωνίου
3520 2960 3717 3029 ἔχεις.
3778 2960 3877 3014 Kal

2302 3056 2474 3126 ἡμεῖς
2518 3055 3020 3122 πεπιστεύκαμεν,
3060 3053 3157 3106 καὶ
3197 3053 3465 3122 ἔγνωμεν
3503 3053 3599 3106 ὅτι
3645 3054 3733 3108 σὺ
3755 3051 3817 3107 εἷ
3850 3057 3881 3105 ὁ

2303 3147 2557 3217 Χριστὸς
2580 3151 2613 3202 ό
2639 3148 2770 3213 Υἱὸς
2788 3147 2896 3200 τοῦ
2916 3145 3064 3200 Θεοῦ
3091 3145 3194 3198 τοῦ
3238 3143 3474 3209 ζῶντος.
3506 3146 3624 3197 Καὶ
3657 3148 3823 3199 πάλιν
3855 3150 3880 3199 ὁ

2308 3240 2479 3311 μέγας
2505 3239 2710 3309 Πέτρος
2755 3240 2813 3290 ἐν
2855 3240 2920 3308 τῇ
2967 3236 3146 3307 οἰκείᾳ
3201 3234 3482 3304 ἐπιστολῇ,
3548 3234 3880 3299 Ἑκουσίως

2305 3331 2638 3398 ποιμαίνειν
2669 3329 2777 3393 δεῖ,
2812 3329 2950 3383 ἀλλ’
2981 3329 3094 3382 οὐκ
3126 3325 3612 3395 ἀνατκαστικῶς.

2374 3421 2668 3474 Γνώτωσαν
2696 3418 2789 3475 οὖν
2818 3421 3003 3474 λοιπδν
3028 3420 3078 3472 οἱ
3108 3417 3404 3487 βιαπικῶς
3434 3417 3705 3479 ἕλκοντες
3746 3419 3877 3488 πρὸς

2304 3512 2405 3583 τὴν
2453 3511 2660 3565 ἑαυτῶν
2690 3511 2975 3564 κοινωνίαν
2995 3510 3122 3574 τοὺς
3153 3511 3228 3580 μὴ
3268 3508 3775 3580 προαιρουμένους,
3804 3511 3873 3570 ὡς

2304 3603 2654 3674 ἐλληνοειδῶς
2682 3602 2838 3656 τοῦτο
2863 3603 3193 3671 πράττουσιν
3216 3618 3231 3632 ο
3264 3602 3325 3654 οὐ
3351 3600 3515 3670 σῶμα
3536 3602 3787 3671 Χριστοῦ
3823 3602 3877 3654 τὸ

2305 3697 2617 3752 ἐθελόθυτον
2660 3695 3015 3765 παρέχοντες,
3046 3694 3181 3747 ἀλλὰ
3225 3695 3541 3748 τούναντίον
3593 3695 3874 3747 εἰδωλοθὲ-

2304 3807 2397 3843 του
2418 3790 2539 3860 ἕχον
2562 3789 2821 3858 ἔμφασιν,
2856 3786 2999 3839 κατὰ
3028 3788 3126 3854 τὴν
3157 3786 3416 3840 ἀκούσιον
3453 3786 3553 3840 τοῦ
3611 3785 3873 3853 θυομένου

2306 3884 2365 3934 ἐν
2391 3882 2511 3941 ταῖς
2531 3879 2650 3932 κατ’
2699 3877 2881 3931 αὐτῶν
2919 3875 3260 3946 φιλοδαίμοσι
3288 3876 3568 3940 σπονδαῖς.
3603 3878 3718 3930 Καὶ
3742 3878 3771 3927 ὁ
3796 3878 3873 3929 λό-

2306 3990 2404 4041 γος
2444 3971 2675 4041 ἀληθὴς,
2706 3970 2801 4023 καὶ
2850 3968 3079 4040 ήδεῖξις
3120 3969 3376 4040 ἐναργὴς,
3430 3971 3532 4022 καὶ
3582 3972 3615 4023 ὁ
3669 3968 3871 4023 dxoﬁcw

2306 4064 2499 4127 οὐδείς.
2548 4063 2729 4125 Ἀλλὰ,
2753 4062 3197 4129 Φεῗσαι,Κύριε.
3237 4061 3462 4130 φεῖσαι,
3494 4062 3599 4116 καὶ
3639 4061 3728 4132 μὴ
3767 4060 3871 4124 δῷς

2305 4139 2847 4225 τὴνῖιληρονομίαν
2872 4168 2989 4207 σου
3020 4154 3110 4217 εἰς
3136 4151 3364 4218 ὄνειδος
3384 4152 3647 4217 τέλειον,
3683 4152 3758 4215 ὥς
3780 4150 3868 4203 πού

2306 4262 2390 4308 τις
2430 4243 2535 4313 ἔφη
2580 4243 2690 4296 τῶν
2745 4240 3065 4311 προφητῶν.
3091 4240 3156 4293 Τί
3214 4241 3272 4294 δὲ
3315 4242 3478 4311 ἡμεῖς
3527 4235 3871 4309 πάθωμεδώ

643 4331 879 4397 eveniet,
904 4347 938 4387 ο
967 4333 1455 4401 desideratissime,
1486 4345 1539 4391 et
1571 4337 1639 4391 ab
1668 4335 1925 4391 omnihu‘s
1957 4337 2202 4391 laudate?

2308 4333 2607 4405 τριπόθητε
2664 4333 2759 4385 καὶ
2815 4331 3170 4401 πανεύφημες
3201 4332 3496 4403 Εἰρήσεται
3535 4334 3672 4404 γὰρ,
3701 4334 3767 4387 Εἰ
3791 4333 3872 4385 καὶ

646 4425 871 4481 Dicetur
918 4426 1063 4481 enim
1090 4428 1252 4483 nobis
1283 4446 1298 4483 :
1331 4427 1608 4499 Siquidem
1633 4432 1900 4500 asperius.
1931 4432 2209 4501 quomodo

644 4517 885 4571 amicitia
909 4518 1031 4574 est?
1061 4518 1333 4575 Cedamus
1374 4522 1554 4576 adhuc
1587 4522 1842 4592 tempori.
1868 4520 2211 4577 Reformida-

643 4609 828 4665 bimus
861 4618 1183 4679 potestatem
1217 4612 1506 4683 plusquam
1548 4615 1834 4669 honestum
1867 4613 1985 4669 est?
2022 4614 2087 4667 Et
2116 4614 2209 4668 ubi

644 4714 753 4753 vox
790 4698 1008 4755 Domini
1040 4720 1163 4773 quae
1205 4704 1455 4761 ho'mines
1505 4705 1685 4759 timeri
1731 4713 1894 4769 vetat,
1931 4713 1988 4760 et
2017 4704 2211 4760 'statuit

647 4800 707 4845 ut
732 4793 914 4861 p0tius
946 4795 1200 4850 timeatur
1238 4796 1379 4852 Deus
1407 4798 1578 4863 solus,
1615 4798 1670 4852 in
1696 4812 1807 4867 quo
1844 4798 2023 4853 omnis
2055 4807 2207 4866 pote-

648 4892 764 4937 8tas
805 4889 859 4937 et
895 4884 1088 4951 virtus,
1115 4902 1224 4956 qua
1264 4896 1444 4958 potest
1481 4890 1725 4943 animum
1770 4897 1823 4944 et
1854 4903 2053 4958 corpus
2081 4904 2208 4959 per—

648 4973 779 5029 dere
808 4975 862 5029 in
890 4978 1193 5045 gehennam
1231 4980 1372 5050 ignis
1397 4980 1483 5033 "?
1524 4979 1639 5036 lleu
1676 4981 1928 5050 lapsum!
1974 4994 2008 5036 ο
2037 4981 2209 5050 trepi-

649 5064 956 5123 dationem!
1013 5070 1070 5124 in
1122 5071 1364 5141 qualibet
1422 5085 1682 5143 persona,
1738 5082 1795 5129 et
1849 5072 2089 5127 maxime
2151 5072 2207 5125 in

647 5157 981 5215 Christiano.
1025 5161 1409 5219 Verumtamen
1460 5165 1566 5220 huc
1604 5166 1733 5220 ades
1765 5167 1986 5227 iterum,
2034 5164 2208 5219 amice

649 5263 715 5303 ac
748 5248 971 5306 domine
1012 5253 1240 5323 optime,
1278 5254 1601 5320 excitemur,
1651 5254 2028 5324 paenitentiam
2078 5267 2209 5322 aga-

648 5357 795 5399 mus.
826 5341 1000 5413 Prope
1027 5354 1107 5399 est
1136 5344 1392 5399 Dominus
1422 5345 1773 5414 qurerentibus
1804 5343 1956 5397 illum
1979 5344 2077 5410 “ii,
2114 5358 2213 5397 nec

2308 4424 2662 4495 τραχύτερον,
2702 4422 2822 4484 πῶς
2863 4422 3017 4490 φιλία
3075 4424 3104 4474 ὁ
3131 4422 3324 4492 λόγος;
3363 4423 3759 4495 ἀπαχθείημεν
3806 4426 3870 4494 τῷ

2309 4516 2485 4586 καιρῷ
2517 4516 2597 4569 ἐτι
2632 4530 2647 4545 '
2679 4513 3064 4584 ύποπτήξομεν
3097 4514 3197 4585 τὴν
3219 4514 3475 4579 ἐξουσίαν
3508 4517 3682 4570 πλέον
3709 4518 3743 4587 ἢ
3774 4535 3865 4570 κσ-

2308 4610 2415 4673 λῶς
2431 4608 2541 4679 ἔχει
2563 4625 2579 4674 ;
2599 4608 2694 4662 καὶ
2729 4607 2878 4677 ποῦὴ
2905 4608 3057 4676 φωνὴ
3085 4606 3177 4660 τοῦ
3204 4608 3412 4678 Κυρίου
3444 4609 3869 4679 ἀπαγορεύουσι

2308 4701 2400 4755 τὸν
2426 4699 2763 4770 ἀνθρώπινον
2794 4697 2978 4765 φόϐον,
3013 4697 3108 4750 καὶ
3146 4697 3347 4768 μᾶλλον
3389 4699 3768 4769 καθορεζουσα
3793 4700 3867 4751 τὸν

2310 4793 2442 4846 Θεὸν
2478 4792 2656 4862 μόνον,
2681 4791 2766 4859 ἐφ’
2782 4784 2827 4856 ᾧ
2852 4791 2885 4860 ή
2909 4790 3057 4842 πᾶσα
3076 4789 3316 4854 ἐξουσία,
3340 4789 3438 4844 καὶ
3462 4792 3499 4859 ὴ
3530 4790 3768 4860 δύναμις
3787 4789 3866 4843 τεῦ

2310 4885 2404 4937 καὶ
2434 4883 2612 4953 ψυχὴν
2636 4882 2730 4934 καὶ
2776 4862 2939 4949 σῶμα
2986 4879 3244 4950 ἐμϐαλεῖν
3282 4881 3363 4942 εἰς
3405 4879 3641 4948 γέενναν
3679 4880 3865 4949 πυρόςς

2308 4976 2413 5030 Φεῦ
2467 4977 2567 5044 τῆς
2625 4971 3042 5043 συμπτώσεωςι
3097 4970 3286 5025 Ἀϐἀλε
3323 4971 3423 5041 τῆς
3483 4970 3864 5041 ὑποπτήξεωςῐ

2312 5070 2397 5138 ἐφ’
2434 5069 2541 5136 ὅτῳ
2575 5061 2667 5120 οὖν
2693 5064 2969 5136 προσώπῳ
2997 5062 3090 5127 καὶ
3123 5060 3359 5132 μάλιστά
3379 5077 3443 5126 γε
3468 5060 3864 5131 χριστιωνύμῳ.

2274 5206 2277 5208 μ
2315 5161 2464 5229 Πλὴν
2495 5160 2645 5230 ὅμως
2673 5156 2833 5228 δεῦρο
2890 5154 3074 5218 πάλιν,
3102 5153 3224 5223 φίλε
3255 5153 3349 5205 καὶ
3380 5150 3543 5222 κύριε
3574 5151 3733 5215 καλὲ,
3757 5154 3868 5204 ἁνα-

2317 5250 2623 5320 κληθῶμεν,
2672 5246 3158 5320 μεταμεληθῶμεν.
3207 5242 3417 5313 Ἐγτὺς
3484 5244 3709 5311 Κύριος
3760 5242 3877 5308 τοῖς.

2319 5341 2601 5411 ζητοῦσιν
2620 5340 2827 5405 αὐτὸν,
2881 5340 2974 5392 καὶ
3005 5338 3068 5391 ού
3108 5334 3354 5407 βούλεται
3406 5334 3508 5405 μὲν
3543 5334 3647 5404 τὴν
3673 5334 3862 5386 πτῶσιν

725 5476 802 5548 θ’ῗί
841 5477 1072 5548 Philipp.
1104 5495 1165 5541 ll,
1195 5481 1310 5536 6-8.
1385 5482 1430 5513 '°
1469 5480 1628 5537 Joan.
1658 5498 1732 5548 v1,
1762 5481 1851 5538 68.
1930 5481 2009 5514 '°"
2046 5480 2180 5536 ibid.

2377 5480 2419 5511 "
2464 5478 2485 5533 Ι
2513 5478 2658 5534 Petr.
2696 5493 2747 5543 v,
2779 5477 2835 5533 2.
2910 5476 2988 5509 ἰ*
3022 5473 3138 5529 Joel
3168 5488 3232 5537 ιι,
3264 5471 3357 5526 l7.
3435 5473 3482 5504 ε’
3529 5470 3668 5527 Luc.
3699 5487 3789 5534 xn,
3821 5469 3861 5521 5.

2150 5618 2373 5675 NOTAE.

727 5710 841 5779 (27)
882 5713 960 5770 lbi
997 5714 1399 5787 inscriptionem
1427 5731 1535 5776 non
1566 5716 1767 5776 habent
1797 5716 2012 5776 codices
2045 5729 2205 5786 mss.;
2252 5707 2349 5788 sed
2373 5715 2536 5777 istam
2573 5720 2923 5788 repraesentat
2945 5709 3114 5768 codex
3135 5706 3347 5779 Regius
3378 5706 3438 5767 in
3463 5704 3645 5763 Indice
3672 5704 3858 5775 Ερίιιῡ·

653 5546 734 5578 ²²⁴
758 5546 902 5605 Psal.
934 5546 1113 5615 cmv,
1145 5550 1231 5605 18.

652 5782 849 5835 larum.
