3964 6320
155 353 296 415 1437

1353 355 1894 417 EPISTOLARUM
1951 358 2098 417 LIB.
2138 357 2221 418 II.

3265 358 3400 421 1438

152 465 322 538 ἡμῶν
363 465 509 520 κατά
549 483 601 518 τι
657 464 767 518 τῶν
819 465 1286 536 ἁμαρτανομένων
1321 481 1334 494 °
1369 465 1636 530 πεσόντας
1671 468 1727 520 δὲ

1832 466 1946 520 vult
1992 466 2210 519 ruinam
2261 473 2510 518 nostram
2562 473 2790 534 propter
2844 465 3066 536 aliquod
3121 482 3408 539 perperam

151 562 256 632 ἐρᾷ
281 560 606 614 ἀνίστασθαι
633 560 779 628 ἡμᾶς
796 558 1006 621 θᾶττον,
1032 560 1125 611 καὶ
1156 559 1566 628 ἁμαρτάνοντας
1615 562 1734 613 ἐπι-

153 654 440 723 στρέφεινο
464 653 558 706 καὶ
584 651 740 705 τοῦτο
768 651 955 713 ὁσάκις
979 651 1044 704 ἂν
1069 654 1163 703 καὶ
1181 652 1417 721 συμϐαίη
1443 652 1584 705 κατὰ
1609 669 1732 706 τινα

151 747 515 816 περιπέτειαν
577 743 852 806 ἀϐουλίας.
897 743 1056 797 Εἴποι
1101 744 1144 796 δ’
1193 744 1259 796 ἂν
1297 743 1460 813 τυχὸν
1499 746 1532 814 ή
1571 742 1730 813 τίμία

151 855 248 891 σου
271 838 445 909 ψυχή’
479 839 540 890 Ὀ
573 834 751 906 βαλὼν
781 835 874 888 καὶ⁸
921 835 1129 888 ίάσεται
1153 852 1167 865 ο
1201 831 1424 888 καὶοῖον
1457 835 1519 888 τὸ
1548 835 1726 888 ἐπιτί-

153 949 282 1002 μιον
310 949 325 962 ·
361 931 517 985 οὐδὲν
548 929 657 1000 γὰρ
695 929 1046 999 ἀνιάτρευτον
1067 927 1524 997 θεραπευόμενονο
1543 929 1602 981 οὺ
1631 927 1728 997 βας

148 1026 251 1094 ρὺς
284 1024 417 1094 ὑμῖν
439 1026 466 1077 6
485 1027 586 1094 τῆς
618 1020 860 1092 ἰατρείας
890 1019 1071 1087 λόγος.

291 1227 445 1282 ΡΛΖ¹
478 1225 703 1298 (28).ξ-
731 1225 1384 1295 Προκοπίῳμονάζοντι.
1419 1225 1602 1299 [χι-,82]

1836 557 2040 612 factum
2069 558 2152 611 ²³ε
2185 557 2277 611 sed
2309 573 2433 611 eum
2467 559 2853 621 ceciderimus,
2882 567 3036 628 optat
3070 576 3173 616 nos
3221 577 3407 617 resur-

1835 665 1960 719 gere
2016 648 2338 713 confestim,
2391 657 2446 703 et
2490 659 2784 718 peccantes
2842 652 3216 707 convertitet
3271 653 3406 716 hoc,

1830 741 2273 810 quotiescunque
2322 741 2653 811 contigerit,
2710 758 2778 797 ex
2826 743 3069 812 qualibet
3118 747 3409 799 occasione

1829 833 2237 901 imprudentiae.
2297 832 2504 886 Dixerit
2560 843 2742 887 autem
2808 833 3043 889 fortasse
3102 837 3407 890 veneranda

1835 928 2020 981 anima
2062 940 2154 980 tua
2187 946 2200 980 :
2229 927 2330 992 Qui
2375 929 2648 996 percussit
2672 939 2725 982 et
2762 929 3074 982 sanabit’“
3099 945 3114 982 :
3143 939 3197 984 et
3229 931 3408 999 possi-

1835 1019 1961 1072 bilis
1995 1030 2078 1072 est
2127 1019 2444 1086 pmuitentia
2476 1039 2488 1072 :
2520 1019 2656 1072 nihil
2689 1020 2837 1073 enim
2883 1021 3190 1076 insanabile
3237 1021 3284 1077 si
3325 1038 3411 1076 cu-

1835 1121 2006 1165 retur.
2043 1110 2160 1164 Non
2193 1113 2374 1181 gravis
2407 1111 2561 1166 vobis
2589 1122 2672 1167 est
2711 1112 3000 1166 medicinae
3035 1114 3263 1168 mentio.

2127 1226 2434 1283 CXXXVII.
2465 1257 2534 1268 —-
2557 1226 2817 1296 Procopio
2846 1229 3121 1282 monac/io.

1196 1338 1539 1400 Rerirehendit
1563 1339 1692 1400 quod
1715 1343 1857 1389 extra
1880 1339 2158 1390 cmuobium
2179 1341 2413 1403 degeret.

247 1451 393 1518 Αρτι
439 1445 744 1503 ἐπιστέλλω
789 1450 855 1517 τῇ
910 1445 1189 1516 τιμιότητί
1241 1465 1358 1512 σου,
1408 1450 1570 1501 ὁπότε
1631 1449 1721 1502 τὸν

145 1537 401 1592 διάκονον
430 1539 527 1592 τοῦ
545 1539 871 1609 γράμματος
912 1538 1042 1607 ἐμόν
1073 1555 1132 1589 τε
1179 1538 1272 1589 καὶ
1314 1538 1404 1589 σὺν
1443 1531 1619 1607 εὗρον,
1657 1539 1719 1590 οὐ

149 1631 258 1701 μὴν
289 1631 434 1685 ἀλλά
463 1631 558 1682 καὶ
610 1628 1049 1698 παρορμ.ήσαντά
1085 1645 1151 1698 με
1180 1631 1258 1691 εἰς
1284 1629 1412 1680 αὐτὸ
1440 1628 1614 1694 τοῦτο,
1647 1629 1723 1692 ὡς

148 1727 244 1776 καὶ
276 1724 381 1793 τῆς
413 1722 691 1785 εὐσεϐείας
725 1738 816 1774 σου
875 1720 1046 1784 οὕτως
1093 1722 1476 1792 ἐπιζητούσης,
1508 1722 1601 1775 καὶ
1631 1739 1720 1790 φι-

146 1814 372 1885 λούσης.
424 1814 584 1868 Ἀλλά
640 1816 816 1883 χαῖρε,
845 1807 889 1866 ὦ
919 1813 1168 1883 ἄνθρωπε
1211 1814 1302 1866 τοῦ
1334 1813 1489 1867 Θεοῦ.
1530 1815 1719 1884 Χαῖρε,

1902 1451 2096 1505 Scribo
2129 1466 2277 1506 nunc
2314 1449 2651 1503 exeellbntiae
2678 1457 2805 1512 tuae,
2844 1446 3067 1516 quando
3093 1446 3397 1500 litterarum

1828 1544 2142 1597 ministrum
2200 1556 2382 1595 meum
2426 1549 2687 1610 tuumque
2743 1549 2937 1594 nactus
2983 1555 3127 1604 sum,
3186 1541 3278 1609 qui
3331 1541 3398 1592 ad

1829 1635 1932 1688 hoc
1979 1636 2154 1703 ipsum
2204 1633 2370 1688 etiam
2423 1648 2510 1686 me
2547 1632 2851 1701 instigavit,
2907 1632 3059 1700 quasi
3095 1633 3264 1700 pietas
3307 1641 3396 1685 tua

1826 1727 1878 1781 id
1907 1727 2091 1794 exigat
2129 1733 2182 1779 et
2231 1733 2395 1778 amet.
2441 1724 2600 1778 Salve
2630 1724 2817 1794 igitur,
2858 1723 3022 1776 homo
3051 1723 3166 1775 Dei.
3214 1722 3394 1786 Salve,

1828 1818 2130 1871 amicorum
2175 1817 2401 1884 optime,
2440 1815 2744 1885 etquidem
2791 1814 3174 1867 vetustiorum.
3211 1812 3392 1876 Salve,

149 1905 322 1973 φίλων
349 1906 563 1976 ἄριστε,
597 1908 690 1960 καὶ
716 1906 858 1976 μάλα
896 1906 1004 1957 τῶν
1054 1906 1312 1976 ἀρχαίων.
1345 1909 1534 1976 Χαῖρε,
1570 1902 1614 1960 ὦ
1637 1908 1723 1960 εὐ-

1832 1907 1983 1977 cujus
2020 1908 2441 1975 circumspectio
2477 1917 2532 1961 et
2573 1906 2805 1961 scientia
2851 1905 2904 1958 in
2954 1921 3049 1960 ore
3088 1914 3140 1958 et
3169 1905 3398 1959 auribus

147 1997 347 2069 λαϐείᾳ
377 1998 530 2070 [Reg.
559 2006 670 2051 cod.
723 1999 750 2050 6
782 1997 1080 2069 εὐλαϐείᾳ]
1141 1999 1485 2069 περιϐόητος,
1514 2001 1608 2052 καὶ
1664 2001 1721 2053 ὲν

148 2087 352 2153 γνώσει
409 2089 914 2157 ὲξακουτιζόμενος.
982 2091 1092 2143 Ποῦ
1156 2108 1286 2144 ποτε
1359 2090 1722 2154 ἀπολέλοιπας

149 2182 628 2249 ἡμᾶς,τοσούτοις
675 2183 888 2252 χρόνοις
934 2182 1258 2252 ύποκρύψας
1309 2201 1399 2235 σου
1437 2183 1496 2236 τὸ
1544 2183 1722 2252 τίμιον

150 2273 480 2343 πρόσωπον;
519 2276 614 2338 Τίς
638 2275 695 2327 δὲ
723 2277 751 2326 6
776 2276 977 2345 τρόπος
1002 2276 1096 2344 τῆς
1127 2275 1266 2328 κατὰ
1293 2275 1390 2342 τὴν
1413 2275 1594 2328 ἑστίαν
1624 2292 1724 2326 πε-

153 2368 447 2437 ριορίσεώς
470 2385 562 2420 σου
585 2409 598 2430 ,
639 2368 804 2437 μήπω
835 2367 1115 2435 προϊόντος
1148 2367 1241 2418 καὶ
1286 2365 1724 2436 ὲμφανιζομένου

150 2457 424 2527 δημοσίᾳ;
455 2458 548 2509 καὶ
581 2458 781 2527 τρίτον,
817 2456 902 2508 ἵνα
927 2455 1531 2528 παρρησιαστικώτερον
1547 2458 1724 2527 φήσω,

157 2547 360 2614 μᾶλλον
431 2548 531 2617 μὲν
597 2545 690 2602 οῦν
747 2549 1234 2618 ἀγαπητικώτερον
1263 2565 1277 2578 ·
1334 2550 1554 2617 ἀγάπης
1617 2547 1724 2617 γὰρ

157 2638 308 2700 [διον.
339 2640 401 2692 τὸ
441 2639 515 2709 μὴ
558 2639 982 2693 ὑποστέλλεσθαι
1025 2643 1082 2693 ὲν
1116 2643 1238 2704 ταῖς
1270 2640 1563 2710 ὠφελίμοις
1591 2639 1726 2710 πρὸς

154 2727 243 2779 τὸν
259 2728 634 2799 ἀγαπώμενον
657 2732 994 2802 ὑπομνήσεσι
1018 2749 1031 2762 '
1045 2732 1128 2796 τίς
1147 2737 1178 2802 ἡ
1195 2735 1422 2800 ἐργασία
1443 2751 1536 2785 σου
1552 2733 1690 2802 αῦτη
1708 2751 1721 2764 ·

155 2823 495 2889 πεφευγότος
547 2823 752 2892 κόσμον
781 2825 866 2877 διὰ
904 2825 1006 2893 τῆς
1045 2826 1344 2896 μοναχικῆς
1374 2825 1724 2888 τελειώσεως,

159 2913 254 2965 καὶ
278 2916 465 2968 οἶκαδε
497 2915 661 2969 πάλιν
692 2918 1130 2988 ἀναστρέψαντος
1162 2935 1176 2948 ο
1209 2919 1460 2980 λυθέντος
1511 2918 1728 2984 δεσμῶν

157 3006 704 3074 προπαθείας,τοῦτο
735 3009 845 3078 γὰρ
876 3011 906 3078 ή
941 3009 1207 3079 ἀποταγὴ,
1239 3011 1331 3062 καὶ
1360 3007 1516 3072 αὖθις
1549 3008 1729 3060 δεθέν-

159 3109 249 3155 τος
268 3097 333 3165 τῇ
374 3099 688 3167 συνοικήσει
713 3101 811 3168 τῆς
838 3099 1033 3166 κυρίας
1058 3100 1156 3166 τῆς
1186 3098 1476 3168 ὁμοζύγου,
1500 3100 1592 3150 καὶ
1621 3097 1728 3150 τῶν

1825 2011 1908 2056 est
1950 2001 2218 2055 omnium.
2267 1999 2499 2053 Ubinam
2539 1999 2753 2052 tandem
2805 2013 2904 2052 nos
2957 1997 3268 2059 deseruisti,
3320 2006 3398 2051 tot

1825 2094 1983 2147 annis
2017 2093 2358 2148 abscondens
2409 2090 2786 2146 honorandam
2823 2089 3013 2144 faciem
3051 2090 3237 2143 tuam?
3264 2089 3398 2154 Quis

1825 2201 1992 2255 porro
2022 2185 2112 2240 hic
2145 2185 2362 2247 modus,
2404 2199 2515 2254 quo
2544 2194 2595 2238 te
2628 2183 2770 2236 intra
2801 2182 3026 2235 domum
3052 2181 3396 2240 conclusisti.

1827 2292 2096 2346 nusquam
2131 2278 2384 2346 prodiens
2408 2285 2463 2329 et
2508 2291 2774 2345 apparens
2805 2274 3061 2344 publice?
3090 2273 3167 2327 Ae
3212 2273 3395 2336 tertio,

1827 2377 1889 2421 ut
1923 2367 2147 2421 liberius
2183 2368 2399 2436 loquar,
2435 2366 2517 2418 vel
2553 2365 2759 2434 potius,
2811 2373 2868 2417 ut
2902 2363 3200 2426 amantius,
3239 2377 3395 2414 amo-

1828 2459 1904 2514 ris
1951 2458 2214 2527 siquidem
2261 2457 2543 2526 proprium
2575 2466 2680 2518 est,
2725 2469 2833 2507 non
2876 2452 3204 2508 subtrahere
3246 2466 3305 2505 se
3341 2451 3395 2504 in

1827 2553 2147 2623 opportunis
2174 2566 2302 2618 erga
2334 2565 2459 2603 eum
2503 2565 2663 2617 quem
2705 2562 2856 2601 ames
2887 2545 3348 2600 admonitionibus
3380 2562 3394 2597 :

1826 2661 2076 2716 quamam
2110 2653 2197 2698 tua
2238 2643 2428 2696 isthaee
2467 2641 2661 2710 agendi
2701 2639 2863 2703 ratio,
2913 2649 2971 2692 ut
3001 2639 3094 2709 qui
3131 2637 3393 2692 mundum

1826 2755 1924 2810 per
1975 2739 2336 2791 monasticam
2391 2733 2784 2804 perfectionem
2837 2731 3126 2801 eﬂ‘ugeras,
3173 2732 3397 2786 domum

1828 2834 2024 2887 iterum
2055 2832 2132 2886 sis
2155 2845 2408 2884 reversus
2440 2847 2453 2879 :
2483 2828 2577 2896 qui
2604 2827 2955 2881 affectionum
2981 2826 3197 2880 vincula
3229 2841 3399 2879 exue-

1827 2941 1954 2990 ras;
1985 2926 2088 2978 hoc
2121 2924 2264 2977 enim
2316 2933 2394 2976 est
2434 2920 2810 2983 renuntiatio;
2843 2920 3080 2973 dominae
3121 2918 3397 2988 conjugis.

1827 3028 1882 3073 et
1914 3019 2022 3072 Deo
2057 3017 2347 3071 charorum
2398 3013 2694 3067 liberorum
2749 3012 3153 3066 cohabitatione
3199 3011 3398 3065 iterum

1830 3107 2194 3177 astringat-is?
2257 3105 2352 3168 Et,
2411 3104 2555 3174 quod
2615 3103 2941 3171 stupendum
3003 3102 3211 3170 magis,
3272 3100 3399 3169 qui,

161 3186 548 3254 θεοφυλάκτων
578 3190 812 3254 τέκνων;
843 3191 937 3242 καὶ
985 3190 1013 3242 ὃ
1055 3189 1135 3242 ἔτι
1185 3189 1557 3262 ξενικώτερον,
1595 3191 1727 3242 ἁπο-

161 3280 461 3302 --μΑΛέ-.--Δ
499 3279 572 3302 -..⁸.
618 3281 714 3302 -2,
761 3282 794 3302 ι.
823 3282 964 3302 .-Διμε
1012 3280 1153 3302 "_,1'_
1207 3282 1251 3302 Ib
1281 3281 1304 3302 ,'
1328 3299 1447 3302 ημ--
1497 3283 1580 3302 _.--\
1650 3298 1697 3302 __

1833 3202 1977 3272 quod
2007 3200 2262 3255 solitaria:
2286 3198 2409 3252 vita:
2433 3197 2665 3266 insigne,
2699 3197 2963 3251 detonsus
2992 3195 3195 3261 fueras,
3229 3202 3282 3247 et
3320 3193 3399 3246 di-

161 3280 461 3349 καρθέντος
499 3279 576 3350 τῷ
615 3281 714 3349 τῆς
756 3282 964 3344 ἑνιαίας
1007 3280 1153 3349 ζωῆς
1206 3281 1588 3350 ίδιώματι,καὶ
1649 3298 1730 3333 τε-

160 3373 472 3437 λειωθέντος
502 3374 580 3443 τῷ
611 3373 737 3443 θείῳ
787 3377 1276 3444 μυσταγωγήματι,
1311 3376 1404 3426 καὶ
1441 3371 1596 3435 αὖθις
1629 3392 1730 3426 κα-

165 3464 513 3533 ρηκομῶντος
561 3467 929 3536 ὲρημικοειδεῖ
985 3466 1342 3535 πολιτεύματι
1369 3484 1386 3533 ;
1414 3467 1728 3529 Ἕκαστος,

144 3553 292 3621 ,φησὶ
348 3554 378 3606 6
453 3557 796 3620 Ἀπόστολος,
845 3559 914 3610 ἐν
959 3556 1034 3625 τῇ
1095 3559 1332 3623 κλήσει,
1390 3556 1427 3624 ᾗ
1480 3556 1728 3622 ἐκλήθη,

158 3649 400 3713 μενέτω.
429 3649 541 3701 Καὶ
575 3650 733 3703 πάλιν
773 3651 1000 3721 ἑτέρωθι
1021 3667 1036 3682 ο
1072 3651 1461 3715 Ἀπρόσκοττοι
1494 3650 1732 3719 γίνεσθε

164 3737 262 3789 καὶ
302 3740 640 3806 Ἰουδαίοις,
665 3742 764 3793 καὶ
793 3743 1073 3809 ”Ελλησι.
1111 3743 1209 3795 καὶ
1269 3740 1345 3810 τῇ
1402 3741 1731 3808 Ἐκκλησία

161 3830 266 3883 τοῦ
301 3834 470 3887 Θεοῦ.
511 3835 620 3900 Καὶ
663 3834 894 3904 ἀλλαχοῦ
924 3837 1081 3888 πάλιν
1125 3835 1283 3897 αὐτὸς
1316 3835 1444 3903 περὶ
1493 3833 1686 3887 ἑαυτοῦ
1714 3850 1726 3864 ·

166 3925 246 3974 Οὐ
283 3924 365 3992 μὴ
419 3923 591 3994 φάγω
638 3925 781 3994 κρέα
835 3928 921 3990 εὶς
962 3927 1069 3980 τὸν
1107 3926 1312 3986 αἰῶνα,
1351 3927 1452 3978 ἵνα
1505 3925 1590 3994 μὴ
1624 3925 1730 3978 τὸν

162 4006 431 4084 ἁδελφόὼ
477 4035 598 4086 μου
639 4017 1051 4072 σκανδαλίσω.
1081 4020 1190 4070 Καὶ
1240 4019 1472 4080 ἕκαστος
1522 4019 1584 4068 ὲκ
1633 4015 1727 4068 τοῦ

169 4107 297 4160 ἰδίου
330 4111 617 4179 σχήματος
659 4110 936 4182 γνώριμον
976 4112 1166 4164 ἑαυτὸν
1209 4111 1521 4180 καθίστησι,
1559 4126 1728 4179 στρα-

160 4200 362 4272 τιώτης
393 4205 459 4256 ὲκ
495 4203 588 4256 τοῦ
639 4207 828 4273 φορεῖν
881 4201 1175 4274 μάχαιραν,
1216 4203 1437 4267 ἀστικὸς
1479 4202 1588 4254 ἀπὸ
1631 4201 1727 4254 τοῦ

144 4295 350 4370 τ,φορεῖν
379 4291 748 4363 περιϐόλαιον.
791 4294 902 4346 Καὶ
931 4295 1116 4356 ἀπλῶς
1149 4293 1376 4356 ἕκαστος
1405 4292 1589 4361 σχεδὸν
1621 4291 1730 4343 τῶν

161 4383 217 4432 ὲν
242 4384 454 4453 ἀρχαῖς,
511 4385 544 4455 ἢ
593 4387 831 4454 τέχναις,
883 4387 915 4457 ἢ
971 4387 1214 4457 μεθόδοις
1268 4387 1336 4438 τά
1387 4388 1731 4456 προσήκοντα

163 4475 307 4545 αύτῷ
342 4479 513 4548 σκεύη
564 4479 885 4548 ἐπιφέρεται
921 4499 932 4510 ·
959 4479 1082 4532 οὔτε
1126 4480 1234 4548 γὰρ
1273 4478 1453 4549 ἰατρὸς
1506 4494 1733 4547 ποιμαν-

162 4566 315 4637 τικὴν
340 4571 536 4639 ρἀδον
570 4569 743 4622 ἕλοιτο
772 4571 1056 4640 βαστάζειν
1081 4588 1094 4602 ⁸
1122 4570 1245 4624 οὔτε
1291 4572 1498 4640 ποιμὴν
1552 4573 1728 4640 ίατρι·

165 4658 256 4712 κδν
309 4662 546 4732 ὄργανον
598 4664 692 4716 ἐπὶ
749 4666 908 4733 χεῖρα
955 4665 1089 4734 ἔχοι.
1116 4667 1176 4717 Εἰ
1219 4664 1276 4716 δὲ
1322 4665 1493 4718 ταῦτα
1529 4663 1727 4728 οὔτως,

165 4751 339 4824 πολλῴ
367 4773 431 4822 γε
481 4756 683 4826 μᾶλλον
714 4756 942 4809 ἐπὶτῶν
982 4757 1364 4826 πνευματικῶν
1423 4761 1515 4810 καὶ⁸
1573 4757 1728 4828 μεγί-

169 4859 304 4898 στων
324 4848 424 4901 ούκ
470 4849 678 4914 ὀφείλει
709 4867 790 4914 τις
831 4851 980 4921 παρά
1012 4851 1080 4903 τά
1104 4852 1288 4903 οἰκεῖα
1321 4852 1418 4920 τῆς
1453 4851 1732 4904 καταστά-

170 4949 324 4997 σεως.
358 4937 484 4993 οὔτε
519 4939 620 5009 ζῇν
647 4939 770 4993 οῦτε
808 4941 1384 5012 μετασχηματίζεσθαι
1410 4960 1422 4972 ·
1460 4941 1546 4993 ἵνα
1570 4940 1644 5011 μὴ
1670 4941 1731 4992 τὸ

170 5021 552 5098 ἐπηρτημένον
577 5030 726 5099 παρὰ
740 5030 832 5083 τοῦ
856 5033 1061 5103 Κυρίου
1082 5034 1277 5102 κρῖμα,
1307 5032 1381 5095 ὡς
1402 5032 1499 5084 τὸν
1528 5033 1732 5101 κόσμον

172 5118 544 5185 σκανδαλίζων
575 5123 776 5195 ἀποίσῃ
809 5140 821 5154 ·
875 5117 937 5177 οῦ
995 5127 1283 5195 φύγοιμεν,
1324 5120 1368 5176 ὦ
1397 5124 1690 5195 τριπόθητε
1715 5137 1730 5153 ⁶

171 5207 262 5259 καὶ
292 5212 526 5279 μάλιστα
558 5216 720 5284 ἡμεῖς
757 5218 805 5268 οἱ
824 5219 916 5269 καὶ
932 5217 1128 5285 γνώσει
1147 5219 1238 5270 καὶ
1262 5215 1455 5287 βαθμῷ
1476 5216 1582 5270 τῶν
1606 5216 1734 5268 πολ·

1833 3297 1958 3349 vina
2015 3294 2320 3347 initiatione
2371 3302 2764 3352 consecratus,
2825 3289 3150 3358 promissam
3205 3301 3402 3340 rursus

1834 3400 2045 3439 comam
2079 3383 2194 3436 alas
2231 3383 2286 3436 in
2331 3397 2537 3435 morem
2587 3379 2980 3437 eremitarum?
3014 3375 3399 3445 Unusquisque,

1833 3478 1908 3529 ait
1955 3475 2269 3543 Apostolus,
2309 3473 2362 3524 in
2407 3489 2515 3541 qua
2543 3471 2816 3523 vocatione
2860 3477 3073 3522 vocatus
3114 3477 3212 3530 est,
3244 3468 3300 3519 in
3339 3484 3402 3519 ca

1831 3575 2134 3637 permaneat
2155 3566 2220 3618 “.
2245 3563 2308 3616 Et
2340 3564 2537 3617 iterum
2563 3562 2721 3615 alibi:
2749 3560 2873 3614 Sine
2897 3560 3184 3628 o/fensione
3215 3566 3400 3620 estote,

1831 3670 1878 3713 et
1908 3658 2130 3721 Iuda-is,
2183 3666 2231 3711 et
2262 3657 2520 3726 gentibus,
2570 3665 2620 3709 et
2660 3653 2902 3707 Ecclesia
2948 3652 3129 3705 Dei".
3181 3651 3244 3703 Et
3293 3651 3402 3703 alio

1834 3767 2052 3806 rursum
2092 3751 2211 3804 loco
2245 3750 2359 3817 ipse
2402 3748 2468 3802 de
2493 3747 2675 3816 seipso
2705 3763 2720 3800 :
2755 3744 2880 3797 Non
2922 3742 3251 3796 manducabo
3283 3758 3403 3793 car-

1833 3859 1948 3897 nem
2019 3844 2077 3896 in
2131 3851 2424 3904 retentum,
2487 3848 2546 3891 ut
2609 3853 2709 3890 non
2767 3835 3125 3889 scandalizent
3181 3835 3401 3902 fratrem

1833 3953 2004 3989 meum
2026 3935 2094 3986 ".
2130 3933 2195 3987 Et
2227 3932 2607 4001 unusquisque
2633 3945 2698 3983 ex
2729 3929 2947 3997 propria
2982 3927 3157 3980 forma
3203 3941 3404 3995 cogno-

1833 4030 2094 4083 scendum
2139 4041 2196 4081 se
2237 4026 2442 4096 prazbet
2477 4043 2489 4078 :
2523 4024 2681 4077 miles
2723 4022 2966 4092 gladium
3019 4030 3272 4089 portans,
3311 4034 3402 4072 ur-

1833 4120 2008 4174 banus
2043 4129 2220 4189 togam
2257 4132 2470 4184 gerens.
2502 4117 2680 4185 Atque
2703 4115 2756 4166 in
2793 4128 3009 4167 summa
3045 4111 3246 4180 singuli
3273 4127 3402 4180 pro-

1833 4214 2147 4283 pemodum,
2185 4210 2278 4280 qui
2330 4209 2736 4279 magistratum,
2762 4207 2847 4259 vel
2891 4215 3088 4270 artem,
3118 4205 3198 4257 vel
3243 4204 3403 4272 cpiti.

1834 4306 1977 4359 cium
2008 4303 2226 4372 aliquod
2259 4303 2604 4371 profitentur,
2635 4298 2989 4368 congruentia
3026 4296 3130 4349 sibi
3167 4295 3401 4363 insignia

1834 4395 2150 4468 praeferunt.
2187 4393 2298 4447 Nec
2345 4393 2491 4446 enim
2532 4389 2875 4460 pastoritiam
2907 4389 3114 4458 virgam
3156 4387 3402 4440 medicus

1835 4487 2153 4558 gestandam
2199 4483 2512 4554 sumpserit,
2563 4497 2664 4536 nec
2713 4489 2902 4549 pastor
2946 4479 3168 4548 proprio
3201 4477 3398 4532 medici

1839 4581 2209 4635 instrumento
2257 4591 2480 4630 manum
2526 4571 2850 4628 admoverit.
2885 4571 3040 4637 Quod
3091 4570 3134 4625 si
3167 4568 3283 4623 haac
3329 4569 3398 4621 ita

1837 4684 1896 4724 se
1941 4667 2161 4729 habent,
2197 4665 2367 4718 multo
2416 4678 2551 4718 sane
2594 4662 2769 4731 magis
2819 4661 2873 4715 in
2929 4661 3310 4729 spiritualibus
3348 4670 3403 4713 et

1837 4757 2094 4814 maximis
2137 4771 2242 4809 non
2281 4755 2441 4808 debet
2469 4753 2780 4822 quisquam.
2815 4760 3011 4821 prater
3045 4765 3107 4804 ea
3135 4764 3255 4818 quae
3288 4757 3401 4801 sta-

1833 4863 1924 4906 tus
1961 4858 2092 4906 sunt
2118 4849 2359 4918 propria,
2391 4847 2478 4900 vel
2507 4845 2559 4899 in
2593 4847 2724 4911 vita,
2749 4844 2832 4898 vel
2863 4845 2917 4896 in
2949 4843 3137 4896 habitu
3173 4849 3402 4895 externo

1834 4957 1944 5013 prae
1985 4955 2045 4995 se
2094 4937 2260 5001 ferre,
2305 4952 2374 4990 ne
2425 4935 2742 5004 impendens
2783 4949 2814 4987 a
2861 4932 3093 4986 Domino
3133 4930 3400 4999 judicium

1838 5030 2114 5101 perferat,
2170 5037 2432 5097 tanquam
2475 5026 2737 5080 mundum
2785 5023 3189 5078 scandalizans.
3243 5019 3400 5086 Quod

1832 5122 2130 5189 fugiamus,
2183 5135 2216 5173 ο
2266 5117 2591 5173 eharissime
2623 5134 2638 5171 :
2672 5131 2772 5170 nos
2815 5115 3141 5184 praesertim,
3178 5113 3270 5182 qui
3307 5127 3400 5166 co-

1832 5214 2072 5281 gnitione
2093 5221 2147 5265 et
2173 5209 2342 5280 gradu
2370 5209 2508 5263 alios
2533 5209 2695 5277 vulgo
2722 5205 3098 5276 praecellimus.
3133 5202 3399 5269 Quoniam

172 5293 276 5349 λῶν
304 5301 679 5379 διαφέροντες.
717 5307 951 5376 Ἐπειδὴ
969 5310 1166 5378 κρίσις
1191 5309 1488 5378 ἀπότομος
1518 5308 1587 5360 ἐν
1607 5307 1727 5371 τοῖς

1832 5305 2091 5372 iudicium
2131 5303 2479 5356 durissimum
2521 5301 2603 5354 his
2628 5301 2720 5370 qui
2759 5307 3012 5369 prterunt,
3042 5297 3152 5366 ﬁet.
3187 5287 3400 5365 Exiguo

172 5388 592 5464 ὑπερέχουσιν.
632 5399 778 5454 Ὀδὲ
807 5400 1128 5471 ἐλάχιστος
1158 5401 1567 5472 συγγνωστὸς,
1591 5399 1732 5454 καθὰ

1831 5399 1970 5451 enim
2002 5395 2307 5449 conceditur
2337 5395 2729 5458 misericordia,
2772 5393 2917 5453 sicut
2945 5393 3210 5462 scriptum
3234 5391 3397 5446 est".

241 5591 287 5624 ’⁸
308 5592 500 5654 Ezech.
522 5615 718 5666 χχχιιι,
753 5601 839 5654 lt.
916 5602 991 5637 ³³*
1014 5603 1244 5676 Oseeyt,
1272 5603 1316 5658 l.
1391 5601 1478 5658 "l
1507 5602 1632 5661 Cor.
1665 5616 1759 5665 vn,
1789 5599 1878 5655 9.0.
1957 5599 2040 5657 "I
2071 5597 2196 5657 Cor.
2219 5614 2275 5668 χ,
2305 5597 2394 5656 32.
2469 5595 2555 5652 "1
2581 5594 2704 5654 Cor.
2725 5611 2841 5666 vni,
2873 5596 2960 5652 15.
3033 5594 3076 5628 ’⁷
3104 5591 3231 5666 Sap.
3251 5608 3324 5660 vi,
3345 5592 3398 5648 ϐ.

1659 5716 1887 5772 NOT/E.

248 5779 354 5855 (9-8)
389 5784 442 5841 1η
467 5788 589 5848 cod.
633 5789 764 5861 Reg.
797 5778 930 5864 pta.
