3964 6320
572 344 589 406 1
602 346 711 411 439

1757 349 1816 406 S.
1853 347 2245 408 THEODORI
2278 346 2624 407 STUDITZE

3708 332 3849 396 1440

559 465 630 519 Et
664 477 882 518 rursum
919 462 1183 516 Dominus
1215 478 1228 514 :
1260 460 1361 517 Cni
1401 461 1625 515 multant
1662 462 1844 515 datum
1886 473 1984 528 est,
2014 480 2127 516 am-

2252 465 2334 533 (ἐγ
2346 477 2571 533 ραπται.
2593 459 2701 510 Καὶ
2728 457 2889 510 πάλιν
2908 457 2936 508 ὁ
2961 455 3163 526 Κύριος
3182 470 3196 484 ο
3220 445 3296 523 *ρ
3312 448 3626 517 παρέθετο
3655 448 3843 505 πολὺ,

560 553 701 622 ptius
745 554 1043 623 requiratur
1086 554 1150 607 ab
1205 570 1264 608 eo
1291 554 1358 608 ".
1402 551 1480 608 Nc
1519 569 1620 609 nos
1667 555 1853 624 igitur,
1881 556 2130 619 obsecro,

561 646 655 716 qui
706 646 801 701 qu
863 661 987 701 esse
1047 646 1346 711 debemus,
1406 661 1601 703 eorum
1664 658 1858 701 contra
1912 648 2007 717 qui
2076 649 2132 701 in

560 738 804 793 tenebris
841 748 1156 801 versamur,
1187 754 1217 793 e
1252 753 1487 792 numero
1530 740 1704 794 simus
1734 757 1748 791 :
1779 753 1899 801 nec,
1934 738 2028 808 qui
2065 740 2131 792 ad

563 827 957 895 condiendum,
997 828 1154 896 juxta
1210 827 1659 897 Evangelium”,
1708 829 1991 883 constituti
2040 844 2130 882 su-

565 934 727 982 mus,
779 918 1114 972 infatuemur
1162 931 1259 986 per
1306 916 1829 971 inconsiderantiam
1880 933 1893 969 :
1942 912 2137 969 Omnia

564 1011 777 1064 honeste
810 1020 861 1063 et
906 1010 1188 1064 secundum
1239 1010 1478 1063 ordinem
1506 1008 1639 1077 [iant
1660 1008 1724 1072 ³⁸,
1756 1010 1956 1063 clamat
1990 1008 2135 1077 Apo-

566 1102 748 1156 stolus
801 1120 815 1155 :
865 1103 1053 1156 omnia
1121 1101 1188 1156 ad
1238 1103 1531 1155 utilitatem
1590 1100 1845 1169 proximi,
1904 1114 2010 1152 non
2069 1100 2136 1152 ad

570 1193 858 1247 damnum.
914 1194 1134 1247 Etcum
1183 1195 1235 1247 in
1281 1194 1350 1247 iis
1400 1192 1557 1261 ipsis,
1596 1207 1717 1261 quae
1757 1190 1917 1245 nobis
1957 1190 2138 1243 indui-

570 1294 791 1352 gentur,
832 1283 1030 1338 scissio
1064 1285 1248 1346 fuerit,
1282 1282 1385 1335 hoc
1410 1296 1631 1334 rursum
1665 1280 1865 1333 clamat
1906 1292 2138 1348 magnus

566 1374 827 1442 Basilius,
860 1390 922 1429 ac
950 1384 1123 1430 totum
1167 1390 1390 1443 prorsus
1423 1374 1587 1428 Vetus
1610 1383 1665 1426 et
1695 1372 1901 1426 Novum
1948 1370 2137 1425 Testa-

567 1477 839 1532 mentum,
876 1468 931 1522 in
971 1468 1209 1538 propriis
1242 1483 1514 1538 quemque
1556 1468 1757 1521 Iinibus
1786 1481 1850 1520 ac
1886 1464 2139 1519 moribus

565 1573 888 1628 permanere
908 1559 1174 1629 pracipit.
1202 1559 1387 1628 Neque
1418 1574 1547 1613 vero
1582 1574 1687 1621 me,
1708 1558 1953 1621 domine,
1987 1572 2139 1611 arro-

570 1659 763 1718 ganter
794 1652 849 1705 in
888 1660 939 1706 te
975 1653 1248 1707 invectum
1288 1653 1593 1711 existimes,
1639 1652 1731 1706 sed
1758 1651 1916 1704 valde
1945 1664 2139 1703 aman-

568 1750 652 1796 ter
702 1743 918 1812 potius,
982 1753 1037 1798 et
1086 1745 1379 1799 studiose:
1440 1755 1499 1798 ut
1542 1746 1638 1813 qui
1694 1759 1816 1813 qua:
1867 1751 1959 1796 tua
2009 1749 2140 1796 sunt

571 1831 629 1885 in
687 1847 775 1887 me
821 1834 1104 1902 recipiam,
1150 1833 1307 1901 juxta
1355 1834 1642 1888 charitatis
1682 1830 2139 1887 communicatio-

569 1936 730 1988 nem;
772 1932 827 1977 et
850 1924 1102 1993 pretiosas
1137 1925 1333 1978 animae
1362 1934 1468 1979 tua:
1497 1924 1727 1980 salutem
1759 1923 1974 1992 cupiam
2016 1935 2141 1989 per—

570 2014 699 2069 inde
735 2031 798 2070 ac
835 2031 1036 2070 meam.
1068 2016 1227 2082 Quod
1275 2016 1320 2072 si
1361 2016 1490 2086 quid
1530 2026 1682 2071 extra
1729 2031 1891 2085 quam
1932 2015 2140 2076 deceat,

570 2119 602 2157 a
632 2119 720 2158 me
753 2106 957 2159 dictum
988 2116 1107 2171 est;
1150 2106 1342 2161 doceat
1375 2107 1557 2161 oratio
1588 2118 1702 2173 tua,
1734 2104 2143 2172 liumilitatique

570 2211 777 2254 nostra:
806 2202 1153 2271 persuadeat,
1194 2201 1450 2255 decenter
1478 2210 1531 2256 te
1556 2215 1719 2271 agere
1746 2201 1801 2253 in
1831 2200 1898 2253 iis
1929 2211 2052 2267 qua:
2081 2203 2143 2251 ut

570 2290 808 2348 absurda
840 2295 1173 2361 reprehensa
1202 2302 1357 2348 sunt.

830 2399 1164 2457 CXXXVIII.
1194 2434 1266 2445 —
1292 2401 1586 2458 Theoctisto
1616 2404 1865 2457 eremitaz.

2234 554 2667 623 περισσότερον
2708 547 3139 613 ἀπαιτήσουσι.
3167 546 3261 615 Μὴ
3313 538 3434 608 οῦν,
3495 540 3844 609 παρακαλῶ,

2234 650 2397 718 ἡμεῖς
2426 647 2477 698 oi
2506 642 2813 713 ὀφείλοντες
2844 640 2961 710 φῶς
2985 635 3125 692 εἶναι
3154 637 3265 691 τῶν
3308 638 3370 687 ἐν
3416 634 3650 693 σκότε-ι,
3720 633 3847 684 toi:-

2234 740 2446 792 ναντίον
2474 730 2625 805 ὦμεν
2660 753 2673 766 ·
2714 733 2849 804 μηδὲ
2893 734 2943 784 ot
2990 730 3197 794 ἁλίζειν
3240 724 3645 794 εὐαγγελικῶς
3674 740 3843 775 τετα-

2234 829 2450 900 γμένοι,
2488 825 2908 899 μωρανθείημεν
2933 822 2992 887 ἐξ
3018 818 3356 891 ἀπροσεξίας
3384 836 3398 848 ⁸
3435 817 3668 872 Πάντα
3745 817 3845 867 εὐ-

2236 921 2558 989 σχημόνως
2589 917 2690 970 καί
2736 914 2885 968 κατὰ
2939 911 3112 975 τάξιν
3134 910 3414 980 γενέσθω,
3454 908 3559 978 βοᾷ.
3606 909 3639 959 ὁ
3684 906 3848 958 Ἀπό-

2240 1012 2424 1073 στολος
2456 1023 2470 1037 ·
2506 1008 2681 1062 πάντα
2720 1006 2856 1076 πρὸς
2878 1003 3144 1071 ὠφέλειαν
3162 1000 3256 1054 τοῦ
3293 999 3555 1067 πλησίον,
3582 997 3735 1050 ἀλλά
3771 998 3842 1065 μὴ

2238 1105 2375 1173 πρὸς
2401 1101 2624 1173 βλάϐην.
2683 1098 2799 1153 Κᾶν
2833 1097 2919 1150 ἐπ’
2946 1095 3125 1151 αὐτῶν
3153 1092 3260 1147 τῶν
3285 1090 3838 1159 συγκεχωρημένων

2238 1195 2371 1264 ἡμῖν
2411 1188 2741 1257 σκινδαλμὺς
2780 1186 3005 1252 γίνοιτο,
3036 1182 3199 1235 τοῦτο
3246 1179 3411 1234 πάλιν
3449 1179 3555 1248 βοᾷ
3588 1182 3621 1230 ὁ
3663 1179 3844 1247 μέγας

2238 1283 2538 1345 Βασίλειος,
2570 1279 2665 1333 καὶ
2703 1278 2855 1329 πᾶσα
2895 1276 3083 1337 ἁπλῶς
3114 1274 3149 1343 ἦ
3192 1289 3253 1325 τε
3303 1269 3530 1324 Παλαιά
3588 1272 3693 1321 καὶ
3724 1270 3841 1322 Ns:

2239 1377 2528 1447 Διαθήκη,
2583 1374 2642 1427 ἐν
2692 1372 2805 1434 τοῖς
2871 1370 3023 1433 ἰδίοις
3068 1367 3216 1436 ὅροις
3271 1364 3368 1417 καὶ
3416 1361 3660 1432 τρόποις
3708 1362 3841 1412 ἕκα-

2241 1488 2367 1525 στον
2387 1468 2660 1539 διαμένειν
2684 1463 3067 1534 ὲγκελεύεταιο
3115 1459 3211 1513 καὶ
3244 1460 3319 1528 μή
3354 1474 3422 1528 με
3440 1456 3715 1526 νομίσῃς,
3752 1456 3839 1507 δέ-

2241 1579 2435 1625 σποτα,
2476 1556 2898 1632 κατεπαρτικῶς
2924 1572 3005 1608 σοι
3034 1549 3323 1623 ἐνεχθῆναι
3347 1566 3363 1581 ⁶
3400 1548 3555 1603 ἀλλὰ
3577 1548 3685 1600 καὶ
3718 1546 3841 1597 λίαν

2239 1651 2605 1723 ἀγαπητικῶς
2626 1650 2721 1703 καὶ
2753 1648 3184 1717 πεπονημένως·
3216 1640 3631 1712 ἀναδεχόμενον
3655 1638 3729 1689 τά
3774 1639 3839 1688 σὰ

2241 1747 2299 1798 ὲν
2323 1745 2465 1815 ἐμοὶ,
2489 1742 2629 1796 κατᾶ
2656 1741 2758 1813 τὴν
2784 1739 2891 1808 τῆς
2926 1739 3150 1808 ἀγάπης
3177 1734 3511 1801 ἀνάκρασιν,
3546 1732 3653 1783 καὶ
3687 1729 3839 1797 ὲφιέο

2245 1854 2405 1909 μενον
2449 1836 2511 1889 τὸ
2557 1834 2826 1903 σωτήριον
2873 1830 2977 1901 τῆς
3018 1830 3206 1899 τιμίας
3246 1843 3340 1879 σου
3389 1823 3604 1893 ψυχῆς,
3637 1821 3721 1884 ὡς
3784 1820 3840 1873 τὸ

2243 1928 2482 2001 ἐμαυτοῦ
2511 1943 2525 1958 ⁸
2556 1929 2606 1981 εἰ
2638 1926 2695 1981 δέ
2723 1942 2777 1978 τι
2811 1923 2917 1989 ἔξω
2954 1922 3052 1977 τοῦ
3107 1921 3318 1979 εἰκότος
3354 1917 3384 1967 ὁ
3424 1916 3596 1982 λόγος
3636 1916 3778 1984 ἔχει,
3813 1917 3837 1965 ὁ

2245 2020 2398 2092 παρὰ
2444 2018 2540 2073 σοῦ
2586 2019 2747 2086 λόγος
2798 2014 3089 2080 διδαξάτω,
3120 2014 3213 2066 καὶ⁵
3257 2008 3512 2064 πεισάτω
3562 2006 3673 2075 τὴν
3698 2008 3837 2076 ἐμὴν

2242 2113 2593 2176 ταπείνωσιν,
2614 2110 2682 2163 τὰ
2727 2108 2913 2162 εἰκότα
2954 2124 3014 2160 σε
3052 2105 3315 2177 πράττειν
3344 2103 3405 2156 ἑν
3450 2102 3569 2162 τοῖς
3603 2100 3837 2166 ἀπελεγ-

2241 2204 2450 2275 χθείσιν
2480 2203 2728 2263 ἐκτόπως
2756 2199 2922 2269 ἔχειν.

2376 2398 2527 2450 ΡΛΗ¹
2559 2395 2691 2466 (29).
2718 2424 2781 2437 -—
2806 2395 3141 2461 Θεοκτίστῳ
3174 2392 3441 2465 ἐρημίτῃ.
3484 2386 3694 2464 [χιις’,)

1721 2511 1972 2561 Ilevocare
1992 2523 2021 2559 a
2053 2521 2196 2568 prava
2226 2506 2458 2558 doctrina
2481 2506 2673 2557 nititur.

644 2611 963 2669 Mandatum
1004 2612 1123 2681 Dei,
1156 2614 1303 2685 quod
1353 2615 1524 2686 exigit
1568 2624 1629 2670 ut
1662 2616 1895 2671 invicem
1944 2614 2141 2685 diliga-

573 2719 719 2767 mus,
759 2715 815 2758 et
844 2720 1022 2775 usque
1058 2704 1218 2770 adeo,
1272 2714 1333 2760 ut
1370 2706 1609 2760 animam
1658 2706 1796 2759 alter
1826 2720 1925 2776 pro
1968 2706 2143 2758 altero

574 2810 845 2865 ponamus
865 2796 932 2861 ³¹,
981 2796 1164 2869 adegit
1192 2812 1299 2862 me,
1346 2797 1648 2866 spiritualis
1694 2796 1883 2863 frater,
1933 2808 1995 2852 ut
2041 2798 2147 2851 ite-

576 2898 698 2943 rato
736 2888 804 2943 ad
852 2899 903 2943 te
942 2889 1203 2951 scribam,
1232 2891 1299 2944 de
1332 2891 1511 2945 salute
1544 2903 1638 2946 tua
1678 2898 1936 2959 satagens
1970 2908 1984 2943 :
2018 2904 2143 2943 cum

578 2980 797 3036 audiam
827 2980 965 3035 inter
994 2996 1094 3037 vos
1114 2990 1168 3037 et
1189 2983 1327 3038 alios
1356 2982 1556 3038 fratres
1581 2981 1989 3037 schismaticam
2021 2994 2146 3035 esse

2335 2616 2399 2668 'H
2440 2613 2536 2669 τοῦ
2568 2614 2704 2668 Θεοῦ
2750 2615 2938 2685 ἐντολὴ
2980 2616 3014 2685 η
3055 2611 3365 2667 ἀπαιτοῦσα
3408 2614 3565 2684 ἡμᾶς
3615 2614 3833 2681 ἀγαπᾷν

2250 2708 2534 2775 ἀλλήλους,
2568 2709 2665 2761 καὶ
2694 2707 2946 2761 τοσοῦτον
2969 2707 3094 2760 ὅσον
3114 2706 3214 2774 τὴν
3242 2704 3424 2775 ψυχὴν
3449 2706 3670 2759 τιθέναι
3697 2706 3831 2770 ὑπὲρ

2251 2799 2514 2870 αλλήλων,
2546 2800 2825 2870 ἠνάγκασέ
2854 2815 2943 2869 με,
2972 2797 3169 2867 ἀδελφὲ
3200 2797 3569 2867 πνευματικὲ,
3598 2798 3697 2850 καὶ
3726 2796 3831 2848 πά-

2253 2892 2337 2944 λιν
2364 2893 2666 2946 ἐπιστεῖλαί
2694 2908 2799 2955 σοι,
2827 2888 3095 2943 πονοῦντα
3124 2889 3252 2959 περὶ
3276 2888 3379 2955 τῆς
3411 2887 3699 2959 σωτηρίας
3721 2903 3831 2940 σοῦ’

2252 2985 2346 3038 καὶ
2389 2984 2656 3039 ἀκούοντα
2704 2982 2967 3051 διαίρεσιν
3017 2975 3159 3034 εἶναι
3203 2978 3575 3049 σχισματικὴν
3632 2979 3831 3049 μεταξῦ

578 3072 925 3138 divisionem,
968 3086 1077 3127 nou
1114 3074 1411 3142 vulgarem,
1449 3073 1544 3128 sed
1572 3074 1727 3128 valde
1774 3088 2024 3143 gravem,
2070 3073 2147 3127 ita

2256 3078 2412 3149 ὑμῶν
2455 3079 2549 3133 καὶ
2586 3076 2789 3146 ἑτέρων
2819 3071 3063 3143 ἀδελφῶν
3092 3072 3155 3126 οὐ
3196 3070 3298 3143 τὴν
3348 3067 3658 3141 τυχοῦσαν,
3700 3072 3835 3124 ἀλλὰ

578 3172 642 3217 ut
669 3163 724 3216 in
752 3163 890 3217 duas
921 3175 1099 3232 partes
1128 3165 1405 3233 oppositas
1440 3164 1652 3218 divulsa
1676 3163 1747 3218 sit
1785 3163 1968 3233 populi
2005 3164 2147 3217 mul-

2253 3145 2348 3223 καὶ
2385 3169 2504 3222 λίαν
2536 3145 2799 3238 χαλεπὴν,
2822 3165 2961 3219 ὥστε
2998 3165 3093 3219 καὶ
3127 3160 3619 3235 ωναπορραγῆναι
3645 3160 3837 3227 είςὸὐο

579 3254 781 3318 titudo,
829 3254 998 3309 altera
1030 3255 1186 3309 alteri
1234 3256 1492 3319 instante,
1534 3255 1830 3325 proculque
1884 3269 1915 3308 a
1963 3263 2152 3309 mutua

581 3344 969 3398 communione
1013 3343 1355 3398 abscedente.
1409 3342 1609 3398 Totum
1662 3343 1767 3398 hoc
1813 3350 1996 3397 autem
2055 3342 2157 3396 Sa-

583 3444 748 3500 tanae,
785 3436 993 3503 antiqui
1046 3435 1353 3506 homicidae,
1397 3444 1482 3490 est
1525 3451 1685 3506 opus,
1732 3444 1787 3490 et
1836 3434 2153 3490 scandalum

586 3526 783 3597 ingens
814 3543 829 3579 :
864 3541 990 3580 cum
1021 3540 1053 3580 a
1086 3525 1319 3581 Domino
1365 3527 1570 3581 dictum
1604 3528 1675 3582 sit
1704 3545 1717 3580 :
1757 3526 1846 3581 Va:
1882 3524 2081 3580 mundo
2122 3541 2157 3577 a

585 3617 857 3673 scandatis
874 3617 960 3672 ³⁸⁸.
1004 3616 1071 3670 Ει
1099 3632 1315 3671 rursum
1364 3616 1642 3687 :Easpedit
1692 3625 1749 3670 ut
1800 3617 2159 3683 suspendntnr

587 3710 733 3763 mola
759 3708 1002 3763 asinaria
1029 3709 1082 3762 in
1114 3707 1250 3762 collo
1280 3708 1415 3776 ejus,
1446 3719 1495 3762 et
1524 3708 1858 3777 demergatur
1888 3708 1940 3761 in
1987 3725 2155 3772 mare,

587 3818 747 3873 quam
791 3809 849 3855 ut
880 3801 1209 3857 scandalizet
1251 3819 1417 3856 unum
1462 3802 1526 3856 de
1553 3802 1766 3870 pusillis
1818 3802 1939 3856 istis
1962 3803 2027 3856 ³⁸.
2060 3801 2161 3855 Mi-

587 3908 793 3962 rorque
821 3908 932 3963 quo
964 3903 1123 3963 pacto
1167 3894 1469 3949 reverentia
1501 3903 1610 3956 tua,
1647 3910 1767 3963 quae
1807 3903 1885 3949 tot
1906 3895 2018 3964 jam
2065 3910 2162 3948 an-

588 4000 787 4040 norum
825 3985 1005 4055 spatio
1047 3994 1351 4051 exercetur,
1395 3984 1615 4056 Deoque
1644 3987 1907 4054 adhaeret,
1956 3988 2023 4042 de
2057 3988 2163 4042 hoc

589 4076 837 4145 pericqu
882 4076 1017 4131 nihil
1066 4076 1299 4131 sollicita
1351 4077 1468 4132 sit:
1504 4077 1671 4147 quod,
1722 4078 1828 4133 nisi
1877 4078 2023 4133 muni
2068 4087 2164 4133 tuo

590 4166 774 4223 studio
806 4183 871 4224 ac
904 4168 1185 4240 diligentia
1226 4170 1551 4239 corrigatur,
1596 4185 1705 4224 non
1745 4170 1907 4224 modo
1946 4169 2165 4226 inanem

590 4260 807 4330 penitus
850 4262 1296 4316 exercitationem
1344 4271 1493 4315 tuam
1525 4261 1732 4325 reddet,
1767 4277 1955 4316 verum
1999 4262 2163 4317 etiam

592 4362 667 4422 te,
693 4354 837 4425 quod
869 4353 1035 4415 absit,
1068 4354 1223 4423 longe
1266 4369 1296 4407 a
1332 4353 1443 4407 Deo
1490 4354 1855 4409 submovebit.
1893 4352 2016 4419 Quo
2066 4353 2167 4408 im-

593 4447 785 4518 pulsus
812 4444 1000 4500 fratris
1037 4459 1248 4509 amans,
1282 4444 1471 4509 frater,
1509 4456 1633 4500 ante
1672 4454 1781 4499 tres
1813 4460 2004 4510 annos,
2036 4461 2161 4500 cum

597 4541 825 4611 Smyrna
848 4537 1064 4594 rediens
1086 4538 1263 4592 isthuc
1280 4538 1824 4608 appropinquassem,
1846 4546 1899 4591 et
1922 4538 2162 4592 sclilsma

595 4630 935 4695 didicissem,
962 4628 1156 4698 scripsi
1182 4629 1248 4683 ad
1266 4640 1317 4684 te
1340 4646 1461 4700 qua:
1484 4630 1786 4693 audieram,
1809 4636 1864 4683 et
1885 4630 2162 4697 quomodo

595 4721 665 4776 de
712 4723 942 4776 veritate
1004 4720 1207 4775 sentire
1266 4729 1319 4775 te
1377 4730 1683 4790 oporteret,
1749 4729 1804 4775 et
1849 4722 2165 4790 impendens

599 4811 847 4867 scandali
895 4810 1199 4881 periculum
1236 4812 1494 4883 effugere.
1536 4810 1618 4865 Tu
1643 4826 1775 4866 vero
1819 4826 1930 4864 non
1972 4810 2167 4865 rescri-

597 4903 757 4974 psisti
791 4902 924 4957 mihi
959 4910 1058 4958 :et
1094 4903 1292 4959 iterum
1323 4902 1645 4975 significavi,
1681 4910 1736 4957 et
1767 4902 1902 4956 mihi
1940 4917 2048 4956 non
2078 4916 2166 4957 re-

599 4995 896 5066 spondisti.
928 4995 1086 5063 Quod
1121 4996 1340 5066 quidem
1378 4995 1730 5050 manifestum
1768 5005 1850 5050 est
1877 5010 2174 5065 argumen-

602 5098 741 5152 tum,
779 5087 921 5143 nolle
948 5097 998 5142 te
1026 5087 1136 5142 Deo
1166 5089 1394 5151 servire,
1424 5102 1524 5141 nec
1549 5087 1696 5142 circa
1725 5087 2006 5141 veritatem
2030 5096 2176 5140 recte

600 5180 878 5235 incedere.
917 5178 1145 5251 Ignosce
1191 5181 1349 5246 mihi,
1404 5196 1507 5235 nec
1545 5196 1687 5250 aegre
1717 5178 1861 5234 feras
1910 5194 1998 5233 me
2027 5180 2172 5247 quod

599 5286 791 5327 verum
839 5281 924 5329 est
968 5273 1171 5329 dicere.
1225 5270 1500 5343 Scriptum
1557 5281 1687 5327 est:
1730 5270 1920 5325 Palam
1980 5286 2171 5341 argues

601 5363 906 5433 proximum
943 5374 1113 5431 tuum,
1167 5372 1219 5418 et
1250 5380 1353 5418 non
1384 5360 1807 5435 coinquinaberis
1851 5372 2065 5433 peccato
2103 5361 2170 5416 il-

687 5552 735 5587 "
760 5550 895 5610 Luc.
934 5567 1036 5622 xu,
1068 5553 1160 5609 48.
1219 5553 1265 5585 "
1287 5551 1479 5610 Matth.
1512 5568 1567 5621 v,
1597 5552 1685 5611 I3.

1763 5552 1807 5587 ³ο
1830 5551 1849 5608 I
1873 5551 1999 5609 Cor.
2038 5566 2152 5614 xlv,
2187 5547 2278 5612 40.
2340 5549 2382 5582 δι
2404 5547 2561 5609 Ioan.
2596 5566 2686 5619 xv,
2717 5551 2802 5608 I2.

2209 3329 2212 3332 γ
2258 3259 2396 3329 μέρη
2424 3256 2780 3327 ἀντικείμενα
2806 3256 2898 3310 τὸν
2937 3256 3187 3325 ἀγελαῖον
3219 3253 3367 3314 λαὸν.
3399 3253 3678 3323 ἐκατέρου
3711 3254 3835 3306 suo

2253 3350 2863 3421 τέρῳιπροσκειμένου,
2913 3348 3008 3402 καὶ
3060 3348 3249 3420 πόῤῥω
3297 3345 3683 3416 ἀφισταμένου
3739 3347 3833 3414 τῆς

2256 3440 2584 3511 ἀλληλούχου
2641 3441 2954 3505 κοινωνίας·
3008 3440 3102 3493 καὶ
3152 3438 3312 3493 τοῦτο
3360 3438 3485 3491 ὅλον
3527 3439 3694 3507 ἔργον
3741 3437 3831 3489 τοῦ

2258 3534 2470 3588 Σατανᾶ
2520 3533 2616 3587 τοῦ
2682 3534 2911 3605 ἀρχαίου
2968 3531 3418 3602 ἀνθρωποκτόνου
3445 3548 3457 3561 ·
3537 3530 3636 3582 καὶ
3684 3527 3833 3580 τοῦτο

2260 3623 2556 3679 σκάνδαλον
2604 3625 2774 3695 μέγα·
2823 3622 2918 3676 καὶ
2963 3622 3210 3677 λέλεκται
3250 3621 3406 3691 παρά
3449 3619 3550 3673 τοῦ
3598 3619 3827 3690 κυρίων

2263 3719 2409 3772 Οὐαί
2439 3716 2519 3781 τῷ
2538 3713 2754 3785 ’κόσμῳ
2778 3716 2893 3769 ἀπὸ
2923 3712 3043 3767 τῶν
3070 3710 3452 3768 σκανδάλων.
3490 3710 3606 3767 Καὶ
3636 3712 3796 3766 πάλιν
3814 3727 3827 3739 ⁸

2262 3807 2555 3878 Συμφέρει
2584 3809 2685 3861 ἵνα
2707 3807 2902 3877 μύλος
2945 3806 3146 3871 ὀνικὸς
3180 3803 3325 3871 δεθῇ
3368 3802 3508 3871 περὶ
3550 3804 3662 3858 τὸν
3704 3804 3828 3870 τρά-

2261 3904 2456 3970 χηλον
2482 3900 2672 3993 αὑτοῦ
2687 3938 2703 3963 ,
2731 3898 2830 3952 καί
2848 3895 3000 3967 ριφῇ
3029 3899 3116 3963 εις
3148 3894 3261 3963 τὴν
3286 3894 3643 3959 θάλασσαν,
3672 3893 3711 3961 ἦ
3739 3894 3829 3946 ἵνα

2262 3984 2807 4059 σκανδαλίσῃ’ἓνα
2865 3991 3093 4041 τούτων
3143 3986 3262 4041 τῶν
3308 3984 3680 4053 ἐλαχίστων.
3727 3985 3828 4038 Καὶ

2266 4079 2529 4151 θαυμάζω
2574 4080 2691 4144 πῶς
2734 4081 2768 4151 ἡ
2802 4079 3053 4149 τιμιότης
3096 4095 3211 4140 σου,
3256 4075 3506 4130 ἀσκοῦσα
3533 4075 3630 4128 καὶ
3670 4090 3826 4144 προσ-

2266 4172 2494 4242 κειμένη
2540 4171 2660 4242 Θεῷ
2692 4173 2750 4224 ὲν
2777 4169 3053 4234 τοσούτοις
3084 4168 3281 4235 ἐτεσιν,
3315 4165 3695 4238 ἀφροντίστως
3724 4166 3824 4234 ἔχει

2267 4264 2396 4336 περὶ
2439 4262 2534 4317 τοῦ
2580 4262 2827 4318 κινδύνου
2854 4262 3077 4316 τούτου·
3120 4260 3180 4323 ὃς
3214 4261 3263 4314 εί
3309 4258 3383 4330 μὴ
3428 4256 3715 4328 διωρθωθῇ
3750 4256 3825 4308 διὰ

2269 4356 2451 4425 πάσης
2479 4355 2718 4424 σπουδῆς
2749 4370 2840 4406 σου
2870 4353 2966 4406 καὶ
2994 4352 3314 4422 ἐπιμελείας
3338 4391 3354 4418 ,
3381 4350 3445 4404 οὐ
3474 4350 3641 4420 μόνον
3679 4349 3826 4418 κενήν

2194 4483 2240 4537 D
2270 4447 2451 4501 πᾶσάν
2482 4463 2575 4499 σου
2609 4446 2711 4514 τὴν
2740 4443 2971 4513 ἄσκησιν
3005 4444 3334 4515 ἐργάσεται,
3357 4441 3505 4537 άλλά
3528 4441 3625 4494 καὶ
3658 4442 3827 4514 πόρρω

2268 4555 2328 4591 σε
2368 4535 2503 4590 Θεοῦ
2548 4538 2801 4606 ποιήσει,
2840 4534 2869 4588 ὃ
2901 4533 2977 4605 μὴ
3003 4534 3237 4603 γένοιτο.
3282 4532 3381 4587 Διά
3408 4530 3593 4599 τοῦτο,
3625 4532 3823 4601 ἀδελφὲ,

2262 4628 2597 4700 φιλαδέλφως
2646 4625 2888 4698 κινηθεὶς
2917 4624 3024 4696 πρὸ
3053 4625 3219 4698 τριῶν
3270 4624 3408 4679 ἑτῶν
3430 4665 3446 4689 ,
3474 4625 3643 4695 ἡνίκα
3678 4624 3825 4695 tuin;-

2264 4699 2427 4776 σίασα
2479 4722 2592 4784 τοῖς
2638 4718 2828 4773 αὐτόθι
2874 4718 2983 4772 ἀπὸ
3035 4699 3292 4789 Σμύρνης
3344 4716 3590 4771 ἐπανιὼν
3644 4720 3736 4772 καὶ
3776 4716 3824 4771 rb

2266 4812 2475 4883 σχίσμα
2505 4810 2860 4881 μεμαθηκὼς,
2892 4809 3108 4881 ἐγραψά
3138 4794 3235 4863 ’σοι
3277 4808 3422 4880 άπερ
3471 4810 3708 4880 ἀκήκοα,
3744 4814 3824 4863 καὶ

2264 4906 2339 4969 ὡς
2362 4904 2444 4958 δεῖ
2469 4920 2528 4956 σε
2556 4905 2774 4973 φρονεῖν
2806 4902 2935 4972 περὶ
2961 4902 3062 4972 τῆς
3101 4901 3380 4971 ἀληθείας,
3413 4902 3513 4956 καὶ
3539 4902 3617 4966 ὡς
3655 4904 3825 4971 φυγεῖν

2264 4996 2358 5052 τὸν
2391 4994 2775 5067 ἐπηρτημένον
2807 4995 3049 5049 κίνδυνον
3074 4992 3169 5047 τοῦ
3220 4996 3551 5051 σκανδάλου.
3597 4997 3707 5049 Καὶ
3740 4994 3822 5047 οὐκ

2266 5088 2611 5161 ἀντέγραψάς
2677 5103 2802 5159 μοι’
2856 5088 2952 5141 καὶ
3004 5087 3167 5142 πάλιν
3216 5086 3500 5158 δεδήλωκα
3527 5129 3543 5152 ,
3598 5089 3691 5141 καὶ
3740 5088 3822 5140 οὐκ

2269 5180 2579 5252 ἀπεκρίθης
2628 5193 2753 5249 μοι’
2789 5180 2881 5233 καὶ
2909 5179 3067 5233 τοῦτο
3109 5181 3416 5251 κατηγορία
3448 5181 3710 5252 ἐναργὴς,
3743 5178 3820 5233 τοῦ

2274 5269 2351 5340 μὴ
2376 5268 2551 5322 θέλειν
2576 5285 2633 5320 σε
2662 5268 2793 5321 Θεὸν
2820 5268 3169 5341 θεραπεύειν,
3203 5270 3343 5341 μηδὲ
3373 5270 3689 5341 ὀρθοποδείν
3712 5271 3821 5338 περὶ

2269 5361 2368 5434 τὴν
2395 5361 2675 5432 ἀλήθειαν.
2703 5362 2813 5415 Καὶ
2840 5361 3218 5435 συγχώρησον,
3246 5363 3324 5435 μὴ
3352 5365 3820 5435 καταγανακτήσῃς

2915 5552 2981 5585 δι’
3003 5547 3191 5607 Matth.
3221 5564 3384 5619 xvut,
3415 5550 3473 5609 7.
3554 5551 3597 5585 ³’
3621 5548 3741 5608 ibid.
3770 5546 3815 5605 6.

2113 5663 2342 5722 NOTAE}.

680 5763 793 5839 (20)
828 5764 886 5820 In
915 5763 1037 5823 cod.
1078 5764 1208 5837 Reg.
1236 5768 1368 5836 ρνγ’.
