3964 6320
196 321 327 385 1441

1390 331 1923 396 EPISTOLARUM
1974 335 2123 394 LIB.
2164 333 2249 392 II.

3314 329 3449 391 1442

195 455 298 508 μου
340 437 592 505 λέγοντος
615 438 674 491 τὸ
695 437 914 508 ἀληθές.
933 437 1279 508 Γέγραπται·
1312 442 1568 514 Ἑλεγμῴ
1600 448 1757 516 ἐλέγ-

1877 448 1982 502 lius
2005 448 2070 501 ³³.
2096 448 2172 500 En
2203 460 2304 515 ego
2336 443 2522 508 miser,
2557 445 2771 499 tametsi
2799 455 2850 499 te
2880 460 3158 516 nunquam
3187 444 3319 509 vidi,
3344 445 3450 500 hoc

194 533 320 597 ξεις
365 531 470 585 τὸν
520 530 790 597 πλησίον
829 545 966 596 σου,
1012 533 1109 585 καὶ
1145 535 1217 586 οὺ
1255 535 1424 603 λήψῃ
1465 536 1537 588 δι’
1584 539 1772 591 αὑτὸν

191 623 508 692 ἁμαρτίαν.
537 621 668 674 Ἰδοὺ
694 619 803 688 ἐγὼ
829 621 856 672 6
876 621 1062 686 τάλας,
1091 622 1291 690 καίπερ
1315 624 1389 695 μή
1418 626 1538 680 ἰδών
1569 645 1628 680 σε
1653 627 1769 686 πώ-

190 733 358 779 ποτε,
406 713 522 766 ἀλλ’
554 714 635 766 ὃτι
664 715 895 784 ἀδελφὸς
941 715 1083 768 κατά
1126 716 1386 784 Χριστὸν,
1429 720 1531 770 οὐκ
1565 722 1772 790 ἤνεγκα

190 808 290 874 τὴν
338 804 510 874 ἀκοὴν
541 805 723 874 φόϐῳ·
768 805 984 876 ὲλεγμῷ
1037 806 1093 860 δὲ
1136 807 1376 877 ἤλεγξα·
1433 814 1770 879 παρακαλῶν

192 897 570 968 παρεκάλεσα,
600 898 964 967 ἀποδυόμενος
987 899 1046 951 τὸ
1079 903 1276 970 κρῖμα,
1320 905 1415 954 καὶ
1466 905 1635 970 φιλῶν
1673 906 1771 976 τὴν

193 989 472 1059 σωτηρίαν
504 1007 618 1042 σου.
651 990 774 1053 Πῶς
801 990 966 1052 αὐτὸς
994 992 1022 1043 6
1065 991 1374 1061 ἐγκληθεὶς,
1403 995 1613 1048 καὶτοῦ
1655 999 1772 1066 σχί-

191 1098 400 1149 σματος
429 1083 646 1152 πατὴρ,
673 1083 837 1144 οἴσεις
879 1083 939 1135 τὸ
981 1085 1190 1152 κρῖμας
1225 1084 1341 1148 πῶς
1369 1086 1424 1137 δὲ
1457 1086 1768 1158 ἀπολογήσῃ

188 1171 270 1240 τῷ
299 1173 520 1242 Χριστῷ
554 1174 693 1242 ὑπὲρ
717 1172 974 1225 τοσούτου
1011 1172 1143 1225 λαοῦ
1172 1174 1770 1243 εὑθυνόμενος;ξ’1ωάν-

188 1279 282 1314 νου
310 1261 404 1313 τοῦ
435 1263 745 1332 προδρόμου
795 1264 843 1314 εἰ
877 1262 938 1315 τὸ
981 1262 1144 1332 ἔργον
1177 1262 1344 1333 ἔχοις,
1387 1265 1541 1316 κενόν
1576 1281 1635 1316 σε
1673 1268 1771 1335 τῆς

189 1355 470 1424 βασιλείας
498 1356 813 1425 ἀποπέμψει
842 1355 937 1408 τοῦ
970 1356 1126 1422 Θεοῦ,
1150 1359 1199 1409 εί
1228 1357 1302 1427 μὴ
1335 1358 1769 1430 προκαταλάϐοις

186 1447 610 1516 διορθώσασθαι.
656 1447 751 1510 Τίς
789 1448 843 1500 δὲ
879 1450 912 1518 ὴ
944 1447 1262 1518 διόρθωσις;
1309 1450 1358 1500 εί
1407 1450 1503 1518 μέν
1544 1444 1654 1502 οἷόν
1685 1467 1768 1512 τε,

189 1537 286 1590 σοῦ
320 1539 486 1591 αὑτοῦ
555 1539 847 1605 παρόντοςο
900 1540 948 1591 εἰ
990 1539 1047 1591 δὲ
1089 1539 1195 1610 μὴ,
1230 1540 1295 1593 δι’
1337 1541 1634 1593 ἀποστόλου
1675 1558 1768 1594 σου

186 1629 459 1699 ἀπολογίᾳ
489 1633 851 1700 γραμματικῇ
883 1633 1009 1699 περὶ
1035 1625 1109 1683 ὧν
1136 1631 1404 1703 πρότερον
1445 1632 1764 1703 ἐνεκλήθης,

186 1719 385 1773 ἀθωῶν
416 1722 608 1774 ἑαυτὸν
657 1721 744 1774 διὰ
787 1722 888 1788 τῆς
919 1721 1241 1790 ἀπολογίας,
1277 1723 1369 1775 καὶ
1398 1723 1765 1776 ὑποδεικνύων

184 1812 354 1881 ὀρθὴν
402 1812 501 1882 τὴν
547 1812 749 1874 πίστιν,
798 1813 892 1864 καὶ
926 1813 1024 1882 τὴν
1054 1814 1140 1881 ἐφ’
1182 1812 1386 1866 ἅπασιν
1433 1814 1760 1884 ὀρθοτομίαν

183 1903 279 1955 τοῦ
313 1904 473 1972 λόγου
501 1905 598 1975 τῆς
625 1905 899 1975 ἀληθείας.
947 1906 1054 1958 Καὶ
1081 1904 1253 1968 οὕτως
1297 1908 1592 1976 γενομένης
1627 1910 1759 1975 ὁμο-

182 1996 335 2058 νοίας
368 1999 426 2048 ἐν
479 1997 668 2067 Κυρίῳ
695 2039 710 2062 ,
751 1997 811 2049 οὐ
849 1997 994 2062 λέγω
1045 1997 1182 2065 μετά
1227 1998 1382 2050 τοῦδε
1437 1999 1534 2050 καὶ
1581 1999 1755 2063 τοῦδε,

183 2085 329 2138 ἀλλά
358 2087 476 2156 μετ’
507 2087 641 2157 ἐμοῦ
677 2087 838 2158 μόνου
870 2086 963 2140 τοῦ
998 2087 1278 2152 ταπεινοῦ,
1322 2088 1461 2158 ἤρθη
1494 2089 1553 2141 τὸ
1593 2089 1756 2142 σκάν-

182 2177 346 2230 δαλον
374 2179 438 2230 ὲκ
468 2180 670 2247 μέσου,
721 2178 817 2230 καὶ
861 2179 1107 2247 συνήφθη
1149 2178 1218 2230 τά
1266 2179 1559 2233 διεστῶτα⁸
1601 2182 1694 2232 καὶ
1732 2180 1759 2231 6

184 2267 393 2338 Κύριος
435 2270 494 2321 ὲν
540 2261 688 2339 μέσῳ
716 2269 894 2340 ήμῶν,
951 2271 1043 2324 καὶ
1069 2271 1129 2323 οὐ
1172 2271 1659 2342 βλασφημούμενοι)
1697 2271 1759 2324 τὸ

181 2364 354 2433 ὖνομα
375 2365 538 2418 αὑτοῦ
558 2365 624 2418 δι’
645 2368 788 2435 ἡμᾶς
811 2382 822 2394 '
843 2367 902 2418 οὺ
934 2367 1077 2434 λέγω
1102 2367 1158 2418 ἐν
1181 2369 1291 2429 τοῖς
1317 2366 1544 2430 ἔθνεσιν,
1563 2366 1675 2418 ἀλλ’
1699 2367 1757 2418 ὲν

180 2455 295 2515 τοῖς
315 2454 678 2523 Χριστιανοϊς.
697 2456 814 2508 Κάν
828 2472 973 2517 τινες
997 2455 1360 2524 διαφέρωνται
1385 2456 1522 2524 μετά
1541 2455 1638 2524 τὴν
1676 2457 1756 2519 είς

182 2544 455 2613 ἀλλήλους
479 2547 796 2616 συμφωνίαν
825 2546 1234 2617 διδαχθήσονται
1265 2549 1358 2601 καὶ
1385 2549 1754 2618 συναφθήσον-

181 2655 276 2690 ται
306 2639 375 2691 δι’
409 2642 440 2709 ἡ
451 2639 566 2709 μῶν
596 2640 772 2693 αὐτῶν
797 2639 908 2692 τῶν
935 2640 1207 2693 ταπεινῶν
1240 2641 1755 2710 ὑπερασπιζομένων

184 2747 267 2795 σε,
314 2731 390 2794 ὡς
436 2732 694 2800 ἐμαυτόν.
729 2732 836 2783 Καὶ
871 2731 1030 2793 ἵλεως
1079 2731 1232 2785 ἔσται
1266 2734 1416 2794 Θεὸς,
1452 2733 1545 2784 καὶ
1577 2735 1604 2785 6
1642 2731 1756 2801 βίος

184 2838 281 2873 σου
313 2822 455 2874 οὕτω
489 2823 781 2891 μακάριος,
809 2823 904 2875 καὶ
933 2822 994 2874 τὸ
1014 2823 1165 2885 τέλος
1194 2840 1284 2876 σου
1315 2823 1548 2889 αἰνετὸν,
1568 2825 1662 2876 καὶ
1688 2823 1757 2875 τὰ

185 2914 674 2985 ὲγκαταλείμματά
715 2932 809 2967 σου
837 2903 893 2966 ἓν
922 2915 1255 2986 δικαιοσύνῃ.
1295 2916 1425 2968 Ἰδοὺ
1458 2915 1682 2986 δευτέρα
1719 2919 1751 2987 ἠ

185 3006 449 3076 ἐπιστολή
486 3024 588 3076 μου
632 3007 768 3076 αῦτη
801 3009 833 3078 ἡ
862 3007 1107 3075 εὐτελής.
1152 3008 1262 3060 Καὶ
1303 3009 1349 3059 εί
1400 3007 1498 3077 μὲν
1536 3008 1755 3076 δράσεις

1872 555 1982 593 uno
2019 539 2166 610 quod
2197 537 2369 592 frater
2415 539 2468 590 in
2502 537 2724 591 Christo
2760 552 2919 593 meus
2957 553 3038 600 es,
3073 539 3218 606 quod
3263 539 3450 592 audie-

1873 648 1985 685 ram
2030 640 2175 686 metu
2221 646 2331 683 non
2382 630 2508 684 silui
2542 648 2554 682 :
2584 630 2676 683 sed
2707 644 2942 699 arguens
2995 629 3173 700 argui,
3225 629 3450 683 hortans

1872 722 2118 776 hortatus
2153 737 2273 775 sum
2297 721 2565 788 judicium
2610 737 2842 783 exuens,
2891 731 2939 774 et
2980 736 3173 774 amans
3206 720 3446 774 salutem

1871 819 2042 864 tuam.
2083 809 2368 874 Quomodo
2411 810 2525 877 ipse
2554 810 2646 878 qui
2694 810 2996 873 accusaris,
3034 816 3088 862 et
3123 808 3446 863 schismatis

1869 917 1928 956 es
1969 910 2178 964 auctor,
2217 899 2480 969 judicium
2524 900 2859 954 sustinebis?
2891 900 3177 964 Quomodo
3226 901 3444 953 Christo

1871 992 2263 1062 respondebis,
2320 1006 2417 1058 pro
2452 1000 2600 1045 tanto
2655 1002 2798 1045 cmtu
2849 991 3118 1044 rationem
3168 990 3444 1044 reddens?

1869 1083 2020 1137 Licet
2047 1081 2273 1136 Joannis
2318 1083 2668 1151 praecursoris
2713 1098 2873 1148 Opera
2945 1081 3168 1137 fecisses
3209 1098 3439 1136 vacuum

1870 1184 1922 1229 te
1951 1192 1980 1230 a
2021 1191 2189 1243 regno
2223 1176 2311 1229 Dei
2346 1175 2682 1240 amandabit,
2717 1175 2823 1228 nisi
2877 1185 3117 1229 matures
3157 1175 3442 1230 correctio-

1868 1284 2013 1321 nem.
2073 1269 2332 1334 Quaenam
2385 1283 2550 1337 porro
2608 1275 2691 1322 est
2755 1267 3070 1322 correctio?
3125 1267 3171 1321 si
3221 1266 3438 1336 quidem

1869 1359 1982 1413 tieri
2029 1367 2228 1427 potest,
2280 1360 2455 1428 teipso
2497 1367 2793 1428 prmsentc;
2841 1358 2924 1412 sin
2984 1359 3188 1422 minus,
3235 1368 3295 1411 ut
3344 1374 3441 1427 per

1869 1450 2143 1504 hominem
2173 1450 2270 1502 abs
2307 1457 2356 1503 te
2383 1449 2606 1512 misum,
2639 1449 2908 1504 insontem
2935 1457 2985 1503 te
3016 1449 3220 1516 scripta
3253 1449 3439 1503 defen-

1869 1541 2022 1596 sione
2056 1542 2380 1611 comprobes
2411 1541 2462 1593 in
2497 1541 2562 1596 iis
2594 1541 2660 1595 de
2685 1541 2885 1610 quibus
2917 1540 3180 1595 hactenus
3206 1556 3434 1595 accusa-

1869 1641 1955 1688 tus
1982 1649 2060 1698 cs,
2101 1643 2304 1688 rectam
2341 1633 2526 1696 tidem,
2566 1642 2889 1702 rectumque
2922 1633 2974 1685 in
3007 1632 3264 1686 omnibus
3294 1633 3437 1686 veri-

1868 1725 1995 1779 tatis
2034 1740 2344 1779 sermonem
2393 1725 2706 1779 ostendcns.
2739 1723 2916 1792 Atque
2954 1724 3058 1778 hoc
3096 1723 3262 1777 modo
3294 1723 3436 1778 facta

1794 1800 1835 1853 Β
1868 1816 1917 1866 in
1962 1815 2195 1868 Domino
2249 1815 2563 1876 concordia,
2625 1830 2732 1867 non
2785 1815 2963 1868 dicam
3015 1829 3137 1867 cum
3197 1814 3302 1868 hoc
3350 1819 3433 1867 vel

1861 1906 1977 1971 illo,
2023 1907 2114 1961 sed
2148 1922 2269 1960 cum
2321 1909 2438 1960 solo
2482 1923 2569 1961 me
2616 1907 2832 1972 humili,
2888 1907 3107 1961 tolletur
3137 1907 3204 1960 de
3249 1909 3434 1961 medio

1860 1999 2198 2064 scandalum,
2228 2006 2281 2052 et
2307 1999 2616 2053 coalescent
2645 2013 2764 2067 qua:
2794 1997 3005 2052 divulsa
3045 2006 3168 2052 sunt
3200 2006 3301 2057 :_et
3327 1995 3434 2050 Do-

1859 2091 2042 2144 minus
2083 2090 2134 2143 in
2179 2090 2360 2145 medio
2393 2100 2637 2144 nostrum
2669 2109 2682 2144 :
2713 2101 2768 2144 et
2814 2103 2919 2143 non
2967 2089 3433 2158 blasphemabitur

1860 2197 2058 2236 nomen
2103 2183 2222 2252 ejus
2263 2192 2485 2251 propter
2536 2197 2660 2245 nos,
2711 2198 2821 2235 non
2866 2183 2990 2236 dico
3036 2184 3181 2235 inter
3223 2193 3430 2251 gentes,

1860 2276 1954 2330 sed
1995 2277 2136 2329 inter
2180 2275 2542 2329 Christianos.
2595 2275 2750 2341 Quod
2805 2275 2850 2328 si
2885 2274 2974 2343 qui
3005 2284 3130 2344 post
3184 2287 3429 2330 mutuam

1858 2369 2206 2423 concordiam
2257 2367 2636 2429 dissenserint,
2678 2367 3039 2430 docebuntur,
3081 2376 3137 2421 et
3173 2367 3432 2422 unientnr

1858 2477 1953 2532 per
1998 2476 2098 2515 nos
2132 2460 2388 2521 humiles,
2425 2460 2516 2528 qui
2559 2468 2609 2513 te
2654 2460 2796 2514 sicut
2839 2473 2942 2513 nos
2998 2458 3149 2526 ipsos
3176 2458 3432 2513 defende-

1859 2570 2003 2609 mus.
2050 2553 2116 2607 Et
2151 2553 2418 2622 pr0pitius
2467 2552 2571 2606 erit
2610 2553 2774 2612 Deus,
2809 2560 2865 2604 et
2894 2553 3003 2604 vita
3047 2559 3136 2603 tua
3167 2550 3346 2616 beata,
3378 2565 3432 2604 et

1859 2649 1982 2702 linis
2022 2656 2148 2700 tuus
2199 2644 2511 2709 laudabilis,
2565 2652 2620 2697 et
2667 2643 2910 2712 reliquiae
2952 2650 3057 2696 tua:
3106 2642 3160 2695 in
3189 2641 3425 2711 justitia.

1858 2737 1998 2794 Ecce
2043 2738 2159 2791 haec
2190 2737 2431 2792 secunda
2476 2745 2559 2789 est
2600 2750 2720 2789 mea
2766 2735 2944 2788 tenuis
2985 2733 3235 2802 epistola.
3266 2732 3344 2789 Ac
3384 2735 3431 2788 si

1859 2833 2081 2902 quidem
2112 2847 2233 2900 quae
2261 2831 2595 2885 conveniunt
2641 2829 2836 2898 egeris,
2883 2828 3168 2882 declarans
3203 2841 3428 2896 respon‘

1859 2928 2102 2995 deusque
2141 2926 2208 2978 de
2237 2924 2496 2979 onmibus
2536 2938 2771 2991 quorum
2815 2922 3176 2984 insimularis,
3207 2918 3429 2974 lucrifa-

1859 3030 1977 3072 ctus
1998 3032 2056 3070 cs
2090 3015 2257 3068 frater
2287 3023 2493 3075 noster,
2525 3024 2582 3065 ut
2618 3011 2831 3065 Domini
2865 3025 2997 3064 voce
3028 3020 3246 3063 utamur
3270 3008 3336 3074 “,
3373 3017 3428 3062 et

182 3098 252 3149 τά
280 3098 490 3161 δέοντα,
513 3097 688 3168 δηλῶν
714 3098 806 3152 καὶ
828 3099 1263 3168 ἀπολογούμενος
1293 3100 1419 3169 περὶ
1443 3100 1658 3152 πάντων
1678 3093 1752 3151 ὧν

1858 3111 1922 3164 de
1979 3118 2032 3164 te
2079 3108 2314 3162 humiles
2358 3119 2688 3175 magnopere
2742 3104 3065 3174 gaudemus.
3119 3103 3214 3157 Sin
3271 3117 3426 3165 vero,

181 3189 432 3258 ἐγκαλῇ,
470 3190 772 3260 ὲκερδήθης
817 3192 846 3243 ό
887 3190 1114 3258 ἀδελφὸς
1161 3191 1340 3261 ἡμῶν,
1391 3191 1752 3260 κυριολέκτως

181 3283 386 3345 εἰπεῖν,
416 3283 510 3334 καὶ
535 3283 795 3353 χαίρομεν
827 3284 920 3336 ἐπὶ
944 3283 1028 3335 σοὶ
1053 3283 1197 3351 μέγα
1221 3285 1271 3336 oi
1297 3285 1560 3337 ταπεινοί.
1583 3286 1645 3337 Ei
1672 3284 1750 3348 δὲ,

179 3376 321 3444 ὅπερ
354 3375 545 3444 ἀπείη,
594 3376 858 3446 ὲμμείνῃς
891 3377 950 3429 ὲν
976 3378 1042 3446 τῇ
1070 3377 1206 3446 αὐτῇ
1236 3380 1410 3446 σιωπῇ
1441 3378 1534 3430 καὶ
1581 3378 1754 3429 ἀπει-

179 3467 324 3536 θείᾳ,
363 3467 652 3536 βαστάσοις
683 3467 744 3519 τὸ
767 3469 941 3537 κρῖμα
987 3468 1224 3532 αἰώνιον,
1257 3469 1514 3538 ἄπρακτα
1544 3469 1750 3534 ἀσκῶν,

184 3560 388 3628 μᾶλλον
417 3559 473 3611 δὲ
516 3559 774 3629 ὀλεθρίως
817 3561 1017 3629 σχίζων
1043 3561 1133 3612 τὸν
1169 3559 1295 3613 λαὸν
1328 3560 1420 3613 τοῦ
1456 3560 1590 3612 Θεοῦ
1614 3600 1628 3623 ,
1669 3561 1754 3613 διὰ

178 3651 282 3718 τῆς
309 3652 519 3713 οἰκείας
553 3650 918 3722 ίδιοπραγίας.
968 3651 1158 3721 Ἡμεῖς
1204 3652 1257 3704 δὲ
1306 3652 1640 3720 προσέξομεν
1677 3653 1754 3722 τῷ

191 3742 505 3812 Ἀποστόλῳ
529 3742 738 3810 λέγοντι
761 3757 774 3771 ”
791 3743 1100 3811 Αίρετικὸν
1119 3744 1431 3811 ἄνθρωπον
1447 3747 1596 3812 μετὰ
1609 3744 1757 3811 μίαν

176 3831 280 3883 καὶ
307 3831 597 3902 δευτέραν
627 3837 955 3889 νουθεσίαν
984 3836 1294 3904 παραιτοῦ,
1343 3835 1512 3900 εἰδὼς
1541 3836 1629 3888 ὅτι
1659 3836 1758 3898 ἐξ-

175 3924 507 3987 έστραπται
554 3926 587 3976 ό
640 3925 928 3989 τοιοῦτος,
960 3926 1059 3978 καὶ
1100 3925 1417 3994 ἁμαρτάνει
1460 3924 1548 3976 ὠν
1583 3926 1757 3977 αὺτο-

175 4013 555 4082 κατάκριτος.

339 4153 488 4207 ΡΛΘ¹
521 4155 656 4226 (50).
681 4156 1041 4225 -Στεφάνῳ
1071 4157 1396 4225 ἡγουμένῳ.
1432 4155 1589 4229 [φάη]

1853 3203 1996 3274 quod
2025 3201 2188 3264 absit,
2232 3201 2284 3252 in
2331 3201 2521 3254 eodem
2556 3198 2772 3252 silentio
2811 3204 2866 3250 et
2894 3196 3266 3251 inobedientia
3301 3210 3426 3264 per-

1853 3293 2078 3357 stiteris,
2113 3291 2385 3360 judicium
2423 3289 2664 3359 perieres
2692 3289 3108 3357 sempiternum,
3141 3289 3423 3342 incassum

1855 3395 1908 3439 te
1938 3398 2225 3447 exercens,
2264 3391 2361 3436 aut
2403 3384 2584 3450 potius
2613 3382 2844 3436 exitiose
2886 3380 3131 3435 dividens
3159 3381 3423 3449 populum

1855 3475 1950 3531 Dei
1977 3492 2072 3546 per
2101 3476 2366 3544 privatam
2398 3485 2544 3528 tuam
2570 3477 2868 3528 actionem.
2894 3471 3002 3527 Nos
3027 3487 3157 3526 vero
3183 3474 3422 3541 Aposto-

1852 3569 1966 3622 lnm
2003 3568 2292 3622 audiemus
2322 3567 2586 3620 dicentem
2616 3585 2629 3620 :
2665 3565 2988 3619 Hmreticum
3016 3565 3274 3616 hominem
3303 3571 3424 3630 post

1857 3678 2014 3716 unam
2053 3670 2101 3714 et
2132 3661 2413 3713 secundam
2459 3661 2832 3727 correptionem
2862 3658 3055 3720 devita,
3101 3657 3268 3710 sciens
3299 3659 3424 3724 quia

1858 3753 2134 3807 subversas
2172 3761 2246 3805 est
2271 3754 2360 3820 qui
2391 3751 2650 3819 ejusmodi
2672 3759 2769 3810 est,
2810 3757 2859 3802 et
2895 3747 3172 3819 delinquit,
3205 3762 3323 3799 cum
3353 3746 3424 3798 sit

1858 3849 2070 3917 proprio
2098 3846 2306 3914 judicio
2335 3845 2714 3898 condemnatus
2736 3843 2782 3873 ³⁵

2126 4153 2407 4211 CXXXIX.
2438 4185 2505 4194 ——
2540 4151 2803 4220 Stephano
2851 4149 3154 4220 prwposito.

695 4267 827 4318 Nihil
852 4276 1021 4318 vetare
1044 4269 1304 4330 quominus
1337 4270 1522 4318 mensis
1541 4269 1856 4329 benedicant,
1891 4267 1976 4332 qui
2009 4277 2118 4330 post
2141 4270 2332 4330 lapsum
2367 4264 2712 4329 picnitentiam
2737 4276 2907 4325 egere.

266 4373 331 4426 Ἢ
383 4373 644 4444 συχνότης
681 4373 789 4427 τῶν
828 4375 1170 4445 γραμμάτων
1215 4376 1598 4445 πυκνουμένην
1645 4377 1752 4428 δεί-

1924 4375 2200 4430 Crebritas
2232 4373 2534 4425 litterarum
2566 4369 2939 4423 vehementem
2967 4364 3204 4419 ostendit
3236 4365 3419 4417 chari-

176 4483 338 4520 κνυσι
361 4466 458 4536 τὴν
487 4469 709 4535 ἀγάπην
739 4471 836 4538 τῆς
866 4468 1180 4537 τιμιότητός
1211 4486 1331 4531 σου,
1358 4468 1609 4537 πατρικῷ
1637 4468 1748 4520 ἔθει

176 4559 627 4638 ἐπερειδομένην.
675 4561 936 4622 Κάκεῖνος
963 4561 1070 4629 γὰρ
1092 4562 1132 4611 ’ό
1168 4562 1434 4630 μακάριος
1465 4561 1600 4629 πρὸς
1636 4563 1749 4622 τοῖς

173 4646 362 4710 ἄλλοις
400 4649 564 4702 αὑτοῦ
607 4649 1022 4720 κατορθώμασι,
1065 4653 1159 4702 καὶ
1184 4653 1319 4720 τῷδε
1351 4651 1429 4720 τῷ
1460 4653 1748 4719 ἐπιτηδεύ-

177 4756 316 4808 ματι
345 4739 689 4810 δημεουργῶν
719 4737 784 4812 ἦν
809 4742 942 4813 πρὸς
963 4743 1087 4803 τοὺς
1119 4741 1378 4810 ἀδελςροὺς
1402 4743 1462 4794 τὸ
1489 4743 1582 4810 τῆς
1613 4742 1748 4808 ἀγά-

176 4847 293 4900 πης
328 4830 511 4886 καλὸν.
540 4833 722 4903 Γράφε
756 4834 958 4899 τοίνυν,
1008 4826 1051 4885 ὦ
1098 4836 1409 4904 τριπόθητε,
1447 4836 1747 4905 πατρώζων

175 4925 238 4975 ὲν
283 4921 492 4987 τούτῳ,
534 4925 680 4992 ἡμᾶς
727 4943 786 4978 τε
833 4926 1016 4995 ἡδίους
1066 4926 1232 4980 ποιῶν
1277 4927 1354 4996 τῷ
1400 4930 1612 4997 συνεχεῖ
1656 4929 1749 4981 τοῦ

177 5010 521 5080 φθέγματος.
586 5014 677 5084 Μὴ
750 5017 932 5086 μέντοι
993 5018 1230 5083 ἐπαίνει,
1300 5020 1431 5088 μηδὲ
1493 5020 1750 5090 σύγκρινε

178 5104 368 5172 χρυσῶ
397 5103 667 5172 μόλιϐδον,
703 5108 834 5176 μηδὲ
868 5110 1180 5179 μαργαρίτῃ
1213 5111 1404 5180 πηλόν.
1440 5111 1749 5180 Προσεύχου

173 5196 235 5247 δὲ
284 5196 507 5261 μᾶλλον,
557 5199 652 5250 καὶ
692 5199 844 5269 ὑμῶν
873 5201 980 5252 τῶν
1023 5202 1233 5253 ἐκείνου
1276 5201 1490 5254 ὀπαδῶν
1524 5203 1749 5255 κατόπιν

179 5287 317 5339 ἰέναι
341 5304 355 5317 ⁸
384 5288 469 5341 διὰ
501 5290 562 5341 τὸ
601 5291 819 5361 ἀχρείόν
867 5309 932 5361 με
977 5287 1116 5345 εἶναι
1150 5295 1206 5345 ἐν
1242 5297 1408 5346 πᾶα-ι’
1446 5294 1546 5346 κᾶν
1586 5294 1748 5356 αὐτὸς

175 5381 509 5448 ὠφελεῖσθαι
535 5383 717 5452 λέγοις
742 5369 878 5456 πρὸς
903 5385 1060 5455 ⁴ἡμῶν
1085 5386 1189 5441 τῶν
1210 5387 1498 5456 ἀνωφελῶν
1526 5389 1747 5458 ἀγαπη-

251 5502 296 5534 ³³
320 5502 486 5558 Eccli.
515 5521 628 5565 xu.
664 5507 766 5574 l7;
810 5522 948 5571 χχιι,
985 5507 1067 5561 l5.
1146 5511 1190 5541 δι
1214 5509 1402 5566 Matth.
1437 5526 1587 5576 xvm,
1629 5510 1712 5564 15.

1853 4476 2014 4521 latent
2062 4465 2377 4519 reverentiae
2417 4473 2541 4527 tuae,
2586 4462 2640 4515 in
2690 4470 2917 4530 paterno
2962 4474 3112 4512 more
3162 4468 3420 4511 constan—

1853 4573 1982 4617 tem.
2015 4563 2148 4616 Nam
2179 4573 2232 4616 et
2255 4563 2448 4617 beatus
2472 4563 2581 4626 ille,
2607 4562 2746 4614 inter
2770 4560 2871 4613 alia
2903 4557 3116 4628 egregia
3148 4555 3417 4614 facinora,

1851 4660 1954 4713 hoc
1988 4659 2150 4712 etiam
2193 4658 2484 4726 pulchrum
2535 4655 2817 4710 charitatis
2852 4653 3090 4706 studium
3130 4649 3271 4717 apud
3310 4647 3421 4699 fra-

1852 4759 1961 4804 tres
2012 4751 2244 4804 l'ovebat.
2296 4749 2486 4803 Scribe
2541 4747 2727 4816 igitur,
2781 4744 3158 4806 dilectissime,
3202 4739 3416 4792 Patrem

1854 4844 2075 4897 imitans
2112 4843 2213 4896 hac
2260 4842 2313 4895 in
2349 4851 2522 4910 parte,
2571 4854 2780 4907 nosque
2825 4837 3140 4890 exhilarans
3183 4831 3417 4886 assidui-

1853 4941 1963 4986 tate
2007 4931 2297 4987 scrmonis.
2352 4933 2598 4984 Attamen
2654 4944 2721 4982 ne
2755 4927 2937 4988 lauda,
2993 4938 3092 4976 nec
3132 4921 3415 4991 plumbum

1853 5040 1979 5077 cum
2027 5039 2160 5076 auro
2210 5037 2488 5090 compara,
2542 5036 2641 5073 nec
2691 5019 2866 5071 lutum
2916 5030 3038 5069 cum
3100 5010 3413 5080 margarita.

1853 5116 1993 5181 Quin
2036 5116 2216 5183 potius
2271 5129 2366 5167 ora
2425 5121 2484 5164 ut
2530 5125 2628 5164 vos
2679 5111 2826 5164 illius
2863 5114 3221 5162 assectatorcs
3274 5117 3416 5171 pone

1853 5208 2284 5273 subsequamur;
2323 5205 2448 5273 quia
2485 5203 2691 5256 inutilis
2729 5217 2830 5271 ego
2857 5215 2976 5255 sum
3016 5199 3068 5251 in
3111 5195 3366 5249 omnibus
3400 5211 3412 5245 :

1855 5299 2070 5352 tametsi
2103 5297 2303 5351 amoris
2334 5298 2383 5349 vi
2425 5297 2700 5365 abreptus,
2727 5295 2906 5364 juvari
2940 5302 2989 5346 te
3027 5291 3179 5345 dicas
3209 5287 3416 5341 inutili-

1856 5388 1958 5441 bus
1989 5387 2337 5442 sermonibus
2375 5387 2600 5443 nostris.
2647 5385 2799 5450 Quod
2832 5384 2876 5440 si
2927 5396 3032 5452 qua
3069 5379 3164 5434 libi
3207 5377 3417 5432 utilitas

1804 5509 1847 5541 ³³
1872 5507 1979 5564 Tit.
2011 5525 2093 5574 ιιι,
2121 5507 2209 5563 10.

1677 5629 1902 5683 NOTAE.

249 5740 358 5811 (50)
393 5739 448 5795 In
482 5741 601 5797 (0d.
642 5741 770 5813 lieg.
812 5749 936 5811 ρνε’.
