3964 6320
543 349 681 414 1443
1738 356 1799 416 S.
1844 355 2120 417 THEOD(

2228 356 2237 415 l
2282 356 2628 419 STUDITIE
3715 354 3851 418 144i

540 466 753 535 obtigit,
790 465 900 520 Deo
961 466 1346 522 ascribendum
1394 474 1502 530 est,
1536 468 1629 539 qui
1670 484 1792 537 qua:
1836 468 2120 539 profutura

2228 469 2394 534 τικῶς
2443 472 2769 541 φερόμενος.
2805 470 2866 525 Εἰ
2902 469 2962 523 δὲ
2994 469 3087 523 καί
3135 487 3187 523 τι
3231 468 3574 540 ὀνησιφόρον
3623 486 3728 524 σου
3770 471 3852 538 γί-

540 572 695 623 sunt,
742 561 883 615 inter
931 561 1034 616 hos
1082 562 1317 631 illosque
1358 574 1551 617 mutuo
1588 563 1893 633 dispensat.
1942 564 2120 633 Atque

2232 580 2398 624 νοιτο,
2422 562 2542 630 Θεῷ
2563 564 2623 617 τὸ
2648 563 2880 634 πρᾶγμα
2902 562 3219 625 ἀναθετέον,
3244 562 3325 631 τῷ
3358 561 3427 614 δι’
3453 561 3728 632 ἀλλήλων
3754 566 3851 615 καὶ

538 655 657 709 hate
700 655 771 709 ita
810 655 941 709 sint.
992 654 1069 709 De
1121 670 1187 709 eo
1234 664 1414 709 autem
1455 658 1604 725 quod
1650 660 1717 710 ab
1766 656 1836 711 iis
1881 658 1976 726 qui
2027 672 2120 727 per

2233 654 2291 706 ὲν
2320 653 2573 723 ἀλλήλοις
2618 652 2995 721 οἰκονομοῦντι
3043 652 3114 705 τά
3142 653 3285 706 κατὰ
3332 653 3552 724 χρείαν.
3609 648 3747 705 Εἶεν
3787 654 3849 723 δὴ

538 749 917 817 pmnitentiam
963 748 1129 802 erecti
1182 758 1330 817 sunt,
1382 749 1599 817 signum
1665 749 1719 803 in
1775 764 1982 811 mensa,
2029 759 2120 805 aut

2232 746 2429 801 ταῦτα.
2480 747 2622 817 Πρὸς
2669 746 2726 799 δὲ
2774 746 2883 798 τῶν
2936 746 3001 799 ὲκ
3057 747 3345 815 μετανοίας
3390 747 3847 817 ἀνασφηλάντων

538 839 646 892 alia
695 840 955 909 quapiam
995 841 1290 895 occasione
1333 840 1458 896 ﬁeri
1490 842 1911 911 approbaverint
1961 844 1997 897 ii
2030 844 2120 912 qui

2236 839 2511 910 σφραγῖδα
2536 841 2629 892 ἐπὶ
2656 839 2961 909 τραπέζης,
2987 839 3021 908 ἢ
3061 838 3204 891 κατά
3232 840 3400 908 ἄλλην
3420 840 3552 893 τινὰ
3592 840 3846 910 περιπέ-

537 930 753 998 lapsum
776 934 887 1001 jam
914 941 1234 996 evaserant;
1261 933 1375 1001 jam
1406 947 1433 985 a
1457 934 1663 987 sanctis
1682 932 1937 988 Patribus
1958 948 2120 1003 prope

2232 948 2386 985 τειαν
2411 931 2657 1000 δεδέχθαι
2680 930 2807 995 τοὺς
2835 929 2940 999 ἢδη
2980 928 3423 999 διαπεφευγότας
3463 930 3561 982 τὸν
3587 930 3841 983 ὄλισθον·

538 1023 772 1076 dixerim
805 1024 1063 1095 synodice
1086 1025 1418 1094 inquisitum
1450 1032 1505 1079 et
1536 1026 1818 1079 decretum
1848 1038 1948 1090 est,
1985 1025 2120 1081 bene

2233 1024 2337 1095 ἤδη
2383 1024 2477 1076 ἐπὶ
2532 1022 2792 1093 Πατέρων
2850 1021 3022 1089 ἁγίων
3062 1021 3249 1091 σχεδὸν
3293 1021 3474 1073 εἰπεῖν
3526 1021 3845 1083 συνοδικῶς

538 1112 758 1175 habere,
798 1116 842 1168 si
878 1123 933 1168 et
963 1130 1066 1169 nos
1100 1116 1337 1170 humiles
1382 1132 1497 1170 rem
1545 1117 1742 1171 merito
1786 1118 2120 1187 probandam

2238 1113 2575 1183 συνεζητήθη
2605 1115 2701 1166 καὶ
2734 1111 3134 1184 συνεκροτήθη,
3168 1107 3227 1166 εὖ
3256 1111 3402 1181 ἔχειν
3429 1112 3695 1180 καὶνήμῖν
3728 1117 3844 1174 τοῖς

539 1205 943 1272 custodiamus,
977 1215 1031 1260 et
1071 1206 1195 1261 aliis
1223 1207 1527 1262 tradamus.

2232 1209 2510 1269 ταπεινοῖς
2539 1206 2905 1259 εὐαπόδεκτον
2929 1206 2989 1259 τὸ
3014 1207 3249 1275 πρᾶγμα
3271 1204 3723 1275 φυλαττόμενον,
3748 1207 3844 1257 καὶ

2235 1298 2416 1360 ἄλλοις
2444 1297 2880 1367 μεταδιδόμενον.

2307 1391 2370 1442 Εἰ
2401 1390 2495 1443 οῦν
2526 1390 2619 1441 καὶ
2645 1388 2811 1453 αὐτὸς
2844 1386 2989 1442 οὕτω
3019 1388 3231 1458 βούλοιο
3260 1390 3506 1460 κρατεῖν,
3535 1390 3637 1441 καὶ
3671 1392 3839 1442 ἐπαι-

2236 1480 2435 1551 νοῦμεν
2478 1480 2573 1534 καὶ
2617 1480 3014 1550 ἀποδεχόμεθα.
3063 1480 3136 1533 Τὸ
3178 1483 3289 1553 γάρ
3318 1499 3477 1545 τινας
3525 1481 3839 1534 ἀπαναίνε-

2238 1572 2384 1642 σθαι,
2424 1571 2880 1641 ὲθελοθρησκείας
2928 1572 3076 1625 ἐστὶν
3112 1572 3278 1642 ἔργον
3322 1572 3839 1643 κατηγορουμένης

538 1670 659 1723 qua:
693 1670 793 1709 nec
838 1655 942 1723 legi
975 1666 1340 1710 consentanea
1392 1657 1482 1720 sit,
1535 1673 1635 1712 nec
1674 1658 1931 1715 fraterna:
1988 1657 2120 1712 dile-

2238 1665 2343 1719 ὑπὸ
2370 1666 2466 1718 τοῦ
2508 1665 2857 1728 ’Δποστόλου,
2887 1665 3004 1718 ἀλλ’
3034 1665 3134 1719 οὐκ
3160 1666 3391 1737 ἐχούσης
3418 1666 3547 1719 οὔτε
3580 1668 3646 1719 τὸ
3678 1669 3836 1719 ἔννο-

538 1748 726 1801 ctioni.
769 1745 925 1801 Unde
967 1763 1203 1816 namque
1253 1758 1429 1803 tutum
1462 1750 1516 1804 id
1549 1766 1669 1805 esse
1691 1750 2120 1815 confirmabant,

2241 1776 2361 1828 μον,
2394 1756 2520 1810 οὔτε
2562 1757 2624 1808 τὸ
2666 1756 3009 1827 φιλάδελφον.
3046 1756 3217 1810 Πόθεν
3259 1757 3369 1828 γὰρ
3418 1759 3734 1828 ἐρείδονται
3774 1758 3836 1810 τὸ

537 1855 660 1893 cum
692 1854 795 1893 nec
833 1856 1009 1894 canon
1054 1847 1230 1895 exstet
1291 1844 1386 1910 qui
1435 1844 1694 1909 sanciat,
1749 1859 1851 1898 nec
1901 1845 2120 1901 divinus

2228 1851 2466 1920 ἀσφαλὲς
2498 1851 2642 1920 ἔχειν
2669 1892 2683 1915 ,
2725 1852 2867 1921 μήτε
2899 1850 3126 1914 κανόνος
3158 1850 3533 1914 θεσπίζοντος,
3556 1852 3709 1921 μήτε
3737 1850 3832 1903 τοῦ

614 1379 669 1433 Si
701 1397 832 1452 ergo
866 1392 919 1437 et
952 1383 1064 1450 ipse
1096 1382 1178 1437 vis
1218 1380 1273 1435 id
1317 1396 1556 1446 servare,
1615 1390 1670 1437 ct
1725 1382 2015 1437 laudamus
2074 1391 2131 1437 et

538 1471 904 1528 admittimus.
946 1472 1104 1538 Quod
1131 1474 1276 1528 enim
1305 1483 1542 1528 renuunt
1571 1476 1819 1543 quidam,
1850 1475 2124 1543 supersti-

539 1563 707 1616 tionis
762 1578 899 1631 opus
938 1573 1043 1626 est,
1082 1580 1245 1633 quam
1289 1565 1639 1635 reprehendit
1674 1565 1990 1635 Apostolus,
2033 1568 2130 1621 sed

537 1930 829 1985 hierarcha
894 1939 1079 1986 noster
1121 1932 1224 1987 hoc
1280 1934 1448 2002 recipi
1479 1950 1508 1988 a
1538 1935 1695 1989 nobis
1728 1935 1895 1990 velit?
1920 1938 2118 1991 Annon

535 2022 720 2090 potius
752 2023 984 2077 destruit
1013 2025 1413 2093 pmnitentiam,
1453 2035 1507 2080 et
1547 2027 1987 2095 desperationem
2034 2029 2118 2083 af-

536 2113 644 2168 fert
671 2115 908 2170 salutis?
938 2125 1015 2182 ut,
1049 2117 1137 2170 cui
1169 2128 1511 2172 sacramenta
1551 2120 1877 2188 participare
1924 2135 2121 2176 conce-

536 2207 706 2268 ditur,
749 2217 803 2260 et
841 2210 1059 2276 signare
1110 2212 1355 2279 seipsum
1410 2227 1629 2265 crucem
1668 2212 1929 2283 imagine,
1990 2215 2118 2273 huic

537 2311 649 2349 non
692 2297 849 2351 liceat
882 2297 1063 2351 cibum
1099 2314 1445 2353 communem
1483 2300 1568 2355 vel
1598 2302 1853 2369 privatim
1904 2306 1992 2360 vel
2017 2322 2119 2376 pu-

534 2387 677 2441 blice
708 2388 1038 2459 obsignare?
1082 2391 1165 2443 An
1213 2391 1492 2446 nescimus
1545 2391 1751 2447 bonum
1798 2394 1967 2449 Deum
2022 2414 2120 2451 no-

535 2490 709 2534 strum
750 2490 804 2534 et
846 2480 1159 2546 Dominum,
1215 2482 1307 2552 qui
1360 2483 1514 2539 solus
1546 2500 1743 2554 expers
1774 2496 1859 2542 est
1888 2492 2116 2559 peccati,

535 2583 588 2625 et
614 2573 757 2625 tollit
789 2584 1071 2642 peccatum
1114 2576 1329 2641 mundi,
1366 2578 1657 2646 pertulisse
1702 2590 1760 2633 ut
1796 2580 2119 2637 immacula-

540 2677 622 2719 tos
654 2665 826 2735 ipsius
856 2666 1022 2735 pedes
1053 2668 1311 2722 meretrix
1345 2669 1602 2726 manibus
1629 2680 1899 2741 tangeret,
1945 2690 2117 2745 unge-

536 2766 726 2827 retque
786 2759 1041 2830 lacrymis
1097 2762 1300 2829 pariter
1336 2770 1391 2816 et
1426 2766 1740 2834 unguento?
1779 2765 1886 2822 Sed
1907 2777 1961 2822 et
1993 2784 2116 2824 cum

538 2850 845 2919 publicanis
904 2853 1219 2916 manducat,
1261 2863 1316 2908 et
1375 2857 1516 2925 apud
1553 2857 1900 2925 publicanos,
1940 2874 1993 2915 et
2017 2878 2119 2931 pu-

538 2943 784 2998 blicanos
814 2942 975 2998 habet
1014 2946 1320 3015 discipulos
1363 2963 1377 3000 :
1424 2949 1667 3019 nihilque
1698 2953 1776 3005 illi
1820 2953 1956 3008 adeo
1985 2955 2120 3011 cha-

540 3052 660 3089 rum
691 3046 792 3103 est,
824 3053 887 3093 ac
912 3042 1201 3094 conversio
1229 3057 1257 3093 a
1292 3052 1535 3110 peccato.
1581 3056 1633 3098 ct
1664 3054 1853 3100 mutua
1878 3047 2118 3104 dilectio.

539 3128 667 3183 Inde
700 3139 754 3183 et
800 3131 1019 3199 agnosci
1073 3132 1374 3201 discipulos
1423 3148 1553 3188 suos
1593 3134 1880 3203 designat:
1918 3141 2122 3209 etqui-

2227 1944 2515 1997 Θεσπεσίου
2562 1942 2720 2013 ἡμῶν
2764 1943 3019 2014 ἱεράρχου
3059 1943 3420 2014 ἀπείργοντος
3465 1945 3623 2013 ἡμᾶς
3664 1942 3832 1995 τοῦτο

2224 2035 2505 2106 δέχεσθαις
2542 2036 2611 2087 Ἦ
2655 2035 2776 2104 οὐχὶ
2822 2034 3025 2103 μᾶλλον
3082 2034 3427 2103 ἁναιρετικόν
3477 2036 3602 2086 ἐστι
3657 2051 3830 2101 μετα-

2226 2130 2392 2191 νοίας,
2450 2127 2545 2180 καὶ
2595 2127 3011 2193 ἁπογνωστικόν
3072 2128 3191 2179 ἐστι
3240 2126 3546 2197 σωτηρίας;
3615 2126 3681 2178 τὸ
3734 2127 3828 2178 τὸν

2225 2219 2546 2287 ἀξιούμενον
2596 2215 2849 2286 μετέχειν
2878 2216 2987 2269 τῶν
3016 2216 3397 2285 ἀγιασμάτων,
3428 2217 3527 2293 καὶ
3551 2215 3827 2285 σημειοῦν

2226 2314 2417 2365 ἑαυτὸν
2442 2315 2507 2383 τῇ
2539 2311 2876 2382 σταυροειδεῖ
2905 2313 3075 2363 εἰκόνι
3101 2350 3116 2374 ,
3151 2311 3224 2380 μὴ
3257 2308 3463 2376 ἐξεῖναι
3487 2310 3824 2380 σφραγίζειν

2227 2403 2424 2474 βρῶμα
2457 2403 2657 2465 κοινὸν,
2692 2401 2800 2454 εἴτε
2833 2401 2938 2473 ἰδίᾳ
2966 2399 3081 2453 εἴτε
3108 2400 3342 2470 δημοσίᾳ
3368 2417 3382 2462 ;
3416 2401 3490 2452 Ἦ
3521 2402 3629 2452 οὐκ
3658 2401 3822 2469 ἴσμεν

2224 2497 2307 2548 ὅτι
2334 2497 2361 2547 ὁ
2394 2493 2596 2561 ἀγαθὸς
2643 2492 2800 2562 ἡμῶν
2844 2492 2979 2555 Θεὸς
3025 2492 3121 2545 καὶ
3156 2490 3383 2562 Κύριος,
3429 2490 3461 2542 ό
3514 2490 3683 2559 μόνος
3727 2491 3823 2542 ἀν·

2226 2588 2564 2656 αμάρτητος,
2616 2587 2708 2638 καὶ
2751 2585 2924 2653 αῖρων
2972 2582 3071 2654 τὴν
3116 2583 3392 2654 ἁμαρτίαν
3437 2581 3537 2633 τοῦ
3576 2582 3817 2651 κόσμον,

2226 2678 2331 2731 ὑπὸ
2396 2677 2602 2747 πόρνης
2648 2675 2774 2739 τοὺς
2821 2673 3128 2744 ἀχράντους
3180 2674 3349 2736 πόδας
3398 2672 3670 2741 ἠνέσχετο
3722 2672 3821 2725 καὶ

2225 2773 2661 2845 χειραπτεῖσθαι,
2708 2772 2804 2825 καὶ
2842 2770 3241 2839 ὑπαλείφεσθαι
3287 2768 3579 2837 δάκρυσιν,
3624 2766 3820 2835 ὥσπερ

2226 2870 2320 2922 καὶ
2351 2867 2541 2938 μύρῳ;
2581 2866 2741 2919 Ἀλλὰ
2773 2866 2867 2918 καὶ
2901 2863 3039 2933 μετά
3063 2862 3313 2916 τελωνῶν
3340 2860 3513 2913 ἓσθίει
3539 2861 3641 2913 καὶ
3664 2860 3820 2929 παρᾶ

2225 2959 2485 3022 τελώναις
2510 2999 2524 3021 ,
2564 2959 2656 3012 καὶ
2691 2956 2986 3029 μαθητεύει
3013 2954 3285 3018 τελώνας·
3328 2954 3421 3007 καὶ
3472 2953 3632 3005 οὐδὲν
3662 2952 3819 3018 αὐτῷ

2225 3048 2369 3100 οὕτω
2401 3047 2621 3117 φιλητὸν
2661 3046 2737 3109 ώς
2776 3046 2837 3099 τὸ
2879 3045 3269 3115 ὲπιτρεπτικδν
3298 3044 3357 3111 ἐξ
3392 3043 3675 3113 ἁμαρτίας
3717 3042 3818 3095 καὶ

2228 3139 2573 3209 ἀγαπητικὸν
2598 3140 2688 3192 ἐπ’
2712 3138 2985 3208 ἀλλήλοις.
3026 3136 3308 3193 Ἐντεῦθεν
3341 3137 3436 3189 καὶ
3467 3136 3818 3205 χαρακτηρί-

540 3220 664 3274 dem
699 3222 913 3276 beatum
943 3220 1182 3287 Petrum,
1217 3231 1336 3291 post
1368 3226 1739 3293 negationem,
1784 3228 2117 3297 reliquorum

2229 3202 2417 3295 ζεσθαι
2445 3232 2573 3293 τοὺς
2620 3202 2872 3301 μαθητὰ-ς
2904 3228 3071 3283 αὑτοῦ
3118 3202 3584 3297 ὑπογράφει-’καί
3620 3242 3685 3294 γε
3714 3202 3817 3277 τὸν

540 3315 915 3378 apostolorum
948 3316 1247 3386 principem
1278 3319 1555 3371 renuntiat
1588 3334 1732 3388 :quo
1779 3322 1908 3389 quid
1942 3323 2119 3391 majus

539 3407 605 3461 ad
662 3408 737 3461 rei
813 3410 1104 3478 propositae
1189 3412 1695 3467 confirmationem?
1775 3414 1915 3481 Quid
1990 3432 2118 3472 vero

539 3499 845 3555 dementius
877 3502 943 3554 iis
973 3502 1210 3571 quieos,
1254 3505 1347 3565 qui
1390 3520 1455 3558 ex
1492 3508 1811 3573 paenitentia
1860 3509 2116 3564 meliores

535 3591 647 3659 jam
679 3591 807 3648 facti
842 3603 988 3655 sunt,
1021 3594 1237 3663 signare
1281 3604 1335 3648 et
1377 3610 1558 3661 orare,
1603 3598 1851 3667 imperite
1882 3610 1936 3654 et
1966 3616 2118 3654 arro-

540 3695 730 3754 ganter
768 3702 873 3739 non
904 3687 1192 3741 admittunt
1217 3690 1240 3740 ?
1264 3686 1376 3743 Nos
1405 3689 1587 3759 itaque
1610 3691 1845 3747 humiles
1873 3694 1956 3748 sic
1985 3710 2117 3749 sen-

542 3778 727 3841 timus,
778 3788 838 3832 ut
876 3779 1079 3834 dictum
1127 3793 1227 3846 est,
1265 3789 1319 3836 et
1358 3784 1512 3836 vobis
1565 3784 1617 3837 id
1654 3786 1971 3842 suademus.
2012 3789 2118 3843 Alii

540 3871 634 3939 qui
668 3871 827 3925 aliter
855 3873 1117 3939 sentiunt,
1142 3872 1209 3927 de
1234 3876 1336 3927 hoc
1364 3874 1643 3930 videbunt.
1673 3875 1783 3931 Nos
1811 3879 1877 3932 ad
1908 3895 1969 3932 ea
1996 3895 2118 3949 qua:

542 3966 762 4019 Simeon
804 3962 975 4020 frater
1030 3976 1217 4021 noster
1267 3960 1625 4039 interrogavit
1674 3972 2057 4040 respondimus
2098 3990 2112 4027 :

537 4059 897 4127 cupimusque
929 4059 1203 4123 humiles,
1255 4070 1314 4113 ut
1358 4062 1537 4125 vobis,
1572 4062 1706 4117 viris
1756 4065 2113 4132 honorandis,

540 4150 607 4204 ad
637 4150 871 4219 quietem
903 4151 1095 4205 cedant
1127 4150 1180 4204 in
1205 4152 1460 4207 omnibus
1487 4169 1503 4220 ;
1542 4164 1596 4209 et
1628 4164 1880 4224 optamus
1913 4156 2114 4213 illaesos

540 4258 637 4297 vos
664 4243 717 4295 in
747 4242 1006 4297 omnibus
1040 4242 1329 4298 custodiri.

792 4433 951 4491 C-XL.
984 4464 1057 4479 —
1083 4435 1417 4495 Catechetica
1443 4440 1511 4492 ad
1538 4439 1847 4511 Cyzicenos.

2230 3324 2755 3394 μακάριονἩέτρον,
2787 3322 2923 3393 μετά
2954 3322 3053 3391 τὴν
3081 3320 3328 3391 ἄρνησιν,
3348 3319 3684 3391 πρώταρχον
3704 3318 3817 3371 τῶν

2226 3413 2427 3466 λοιπῶν
2480 3412 2792 3466 ἀποστόλων
2834 3411 3240 3466 ἀναδείκνυσινο
3282 3402 3345 3462 οὗ
3394 3409 3448 3460 τί
3498 3409 3692 3477 μεῖζον
3734 3410 3816 3470 εἰς

2221 3502 2567 3570 παράστασιν
2597 3501 2691 3554 τοῦ
2728 3500 3094 3571 προκειμένου
3133 3498 3325 3567 λόγους
3352 3498 3406 3550 τί
3436 3498 3495 3551 δὲ
3527 3496 3814 3549 ἀσυνετώ-

2215 3611 2372 3665 τερον
2412 3594 2520 3647 τῶν
2562 3594 2794 3665 ἀμαθῶς
2822 3594 2916 3647 καὶ
2943 3592 3287 3663 οἰηματικῶς
3323 3592 3399 3661 μὴ
3430 3589 3813 3659 καταδεχομέο

2216 3703 2346 3749 νων,
2382 3687 2708 3757 σφραγίζεις]
2738 3687 2836 3739 καὶ
2869 3684 3269 3758 προσεύχεσθαι
3301 3684 3430 3746 τοὺς
3457 3683 3564 3753 ήδη
3607 3685 3677 3751 τῇ
3710 3699 3811 3751 με·

2218 3776 2411 3847 τανοίᾳ
2445 3776 2877 3846 βελτιωθέντας;
2918 3777 3111 3845 Ἡμεῖς
3135 3774 3425 3846 τοιγαροῦν
3452 3775 3505 3827 οί
3554 3776 3815 3827 ταπεινοὶ

2214 3867 2389 3933 οὕτως
2418 3869 2639 3940 ἔχομεν,
2669 3870 2745 3932 ὡς
2769 3868 3119 3940 προείρηται,
3152 3871 3247 3922 καὶ
3271 3870 3402 3939 ὑμῖν
3437 3868 3815 3940 συμϐουλεύο-

2227 3979 2346 4032 μεν.
2380 3962 2566 4016 Ἀλλοι
2592 3962 2649 4016 δὲ
2678 3962 2852 4027 ἄλλως
2884 3962 3101 4032 ἔχοντες
3124 4003 3139 4027 ,
3167 3962 3391 4034 ὄψονται
3425 3963 3557 4033 περὶ
3587 3963 3805 4017 τούτου.

2224 4057 2368 4125 Πρὸς
2395 4055 2431 4109 ἃ
2468 4057 2525 4109 δὲ
2569 4058 2597 4109 ὁ
2638 4056 2871 4125 ἀδελφὸς
2896 4057 3053 4127 ἡμῶν
3080 4056 3306 4125 Συμεὼν
3332 4055 3651 4125 ἠρώτησεν,
3695 4058 3806 4109 ἀπ-

2223 4146 2526 4223 εκρίθημεν
2574 4147 2670 4200 καὶ
2717 4146 3081 4216 ὲφιέμεθαῑ-ὶν
3129 4149 3263 4200 πᾶσι
3314 4145 3449 4216 πρδς
3494 4147 3807 4200 ἀνάπαυσιν

2225 4238 2380 4308 ὑμῶν
2399 4234 2538 4292 εἷναι
2568 4239 2674 4291 τῶν
2701 4239 3012 4309 σεϐασμίων
3037 4240 3089 4292 oi
3106 4240 3353 4292 ταπεινοί
3374 4255 3387 4268 '
3409 4240 3506 4292 καὶ
3530 4239 3806 4310 εὐχόμεθα

2223 4332 2427 4395 ἀσινεῖς
2455 4333 2600 4402 ὑμᾶς
2631 4331 3092 4400 διαφυλαττεσθαι
3115 4333 3173 4385 ὲν
3202 4334 3391 4387 πᾶσιν.

2210 4447 2327 4501 PM'
2352 4447 2942 4518 (51).-Κατηχητικὴ
2966 4449 3114 4518 πρὸς
3131 4447 3273 4516 τοὺς
3289 4448 3359 4502 ἐν
3380 4447 3631 4515 Κυζίκῳ.
3645 4447 3802 4523 [ψβκ]

1334 4578 1409 4628 Ad
1430 4580 1853 4641 perseverantiam
1875 4588 1930 4632 et
1953 4584 2239 4635 monasticaa
2269 4585 2384 4635 vita
2408 4585 2773 4649 perfectionem
2805 4585 3054 4634 hortatur.

609 4685 865 4741 Libenter
890 4684 1129 4741 vidimus
1158 4701 1281 4739 cum
1328 4688 1394 4742 iis
1429 4689 1521 4759 qui
1564 4705 1671 4743 una
1703 4701 1991 4758 venerunt,
2026 4693 2104 4747 Si-
2149 4702 2194 4755 D

540 4793 789 4832 meonem
835 4777 1099 4845 fratrem,
1149 4780 1242 4848 qui
1284 4781 1440 4837 vobis
1497 4794 1662 4852 caput
1699 4794 1988 4854 rectorque
2042 4795 2125 4842 est

538 4871 868 4925 constitutus
898 4886 909 4921 :
945 4871 1141 4938 partim
1176 4871 1248 4925 ob
1280 4872 1597 4928 diuturnam
1640 4875 1968 4939 absentiam,
1995 4894 2123 4947 par-

540 4964 637 5016 titn
689 4963 758 5017 ob
800 4963 1074 5032 egregiam
1113 4967 1608 5023 conversationem.
1664 4968 1810 5023 Bona
1852 4970 2123 5039 siquidem

540 5056 890 5110 conversatio
923 5062 976 5109 et
1015 5056 1118 5125 ipsi
1156 5067 1208 5111 et
1244 5059 1399 5113 nobis
1424 5102 1438 5125 ,
1512 5062 1657 5131 quod
1694 5072 1802 5115 tam
1866 5064 2022 5117 multi
2071 5066 2125 5119 in

540 5162 707 5199 unum
726 5146 924 5199 fratres
945 5145 1107 5199 simul
1128 5148 1312 5200 vivant
1331 5152 1666 5219 temporibus
1698 5155 2118 5221 persecutionis.

547 5236 645 5291 Ubi
701 5237 840 5290 enim
875 5240 981 5289 duo
1008 5237 1087 5290 vel
1146 5247 1248 5292 (res
1304 5239 1502 5307 fuerint
1532 5241 1615 5309 ³⁸,
1666 5244 1824 5298 laude
1886 5246 2113 5314 dignum

540 5340 626 5385 est
650 5347 665 5397 ;
691 5346 812 5383 cum
830 5328 1153 5383 Christusin
1174 5331 1354 5385 medio
1368 5333 1456 5399 sit,
1477 5333 1633 5402 juxta
1661 5337 2110 5404 promissionem.

541 5420 645 5477 Tot
660 5438 785 5476 vero
803 5437 1031 5475 numero
1048 5436 1171 5477 esse
1193 5432 1364 5481 totum
1386 5431 1797 5495 monasterium,
1830 5445 2115 5500 magnam-

540 5530 644 5583 que
694 5512 1193 5583 congregationcm,
1242 5518 1549 5575 encomium
1608 5531 1693 5577 est
1722 5523 1840 5580 sine
1889 5533 2111 5580 contro-

609 5630 655 5661 ³³
686 5628 877 5684 Matth.
910 5647 1067 5697 xvttt,
1103 5629 1194 5685 90.

2303 4696 2506 4759 Ἡδέως
2537 4696 2750 4766 εῖδομεν
2782 4694 2876 4748 τοῦ
2909 4694 3037 4764 περὶ
3078 4693 3170 4746 τὸν
3199 4691 3425 4761 ἀδελφὺν
3455 4691 3685 4762 Συμεὼν
3714 4692 3802 4747 τὸν

2221 4788 2299 4849 εἰς
2331 4786 2572 4857 κεφαλὴν
2613 4785 2768 4856 ὑμῶν
2816 4784 3151 4855 τεταγμένον
3172 4798 3186 4811 ·
3218 4780 3281 4835 τὸ
3318 4782 3419 4852 μὲν
3450 4783 3542 4835 διὰ
3568 4783 3671 4852 τὴν
3708 4783 3800 4836 τοῦ

2222 4880 2415 4951 χρόνου
2446 4880 2750 4933 ὰπουσίανυ
2800 4878 2862 4931 τὸ
2906 4878 2962 4931 δὲ
3006 4877 3094 4929 διά
3144 4876 3245 4946 τὴν
3292 4874 3468 4943 καλὴν
3502 4876 3799 4931 πολιτείαν.

2236 4964 2436 5035 ’Λγαθὴ
2470 4968 2577 5035 γὰρ
2613 4965 2857 5019 πολιτεία
2885 4965 2982 5019 καὶ
3019 4964 3169 5034 αὐτῷ
3204 4964 3297 5016 καὶ
3324 4965 3492 5034 ἡμῖν·
3518 4965 3581 5019 τὺ
3621 4967 3803 5020 τοσού-

2221 5075 2348 5121 τους
2388 5058 2654 5127 ἀδελφοὺς
2699 5057 2791 5109 ἐπὶ
2818 5056 2880 5109 τὸ
2910 5055 3041 5110 αὐτὸ
3093 5055 3267 5126 συζῆν
3315 5057 3375 5109 ἐν
3419 5057 3803 5127 δεδιωγμένοις

2230 5152 2660 5223 χρόνοις.“οπου
2690 5150 2799 5219 γὰρ
2827 5148 2938 5204 δύο
2967 5148 3005 5217 ἢ
3039 5148 3195 5216 τρεῖς
3217 5148 3587 5217 τυγχάνοιεν
3613 5150 3799 5215 ὄντες,

2226 5244 2450 5295 ἐπαίνου
2484 5241 2654 5306 ἄξιον,
2700 5242 2775 5304 ὡς
2820 5241 2914 5293 τοῦ
2941 5238 3178 5311 Χριστοῦ
3224 5238 3630 5308 μεσιτεύοντος,
3669 5240 3803 5293 κατά

2223 5338 2321 5406 τὴν
2370 5333 2723 5403 ἐπαγγελίαν.
2761 5324 2834 5385 Τὸ
2874 5332 2930 5384 δὲ
2996 5332 3285 5393 τοσούτους
3347 5327 3493 5385 εἶναι
3538 5332 3663 5385 ὅλον
3708 5351 3801 5403 μοι

2222 5429 2537 5497 ναστήριον,
2576 5427 2671 5481 καὶ
2714 5425 2957 5497 μεγάλην
3004 5422 3271 5487 συνοδίαν,
3307 5423 3712 5497 ἀναντίρρητον
3746 5425 3802 5477 τὸ

2221 5519 2519 5591 ἐγκώμιον.
2547 5519 2660 5573 Καὶ
2687 5518 2849 5591 χάρις
2885 5515 3095 5589 Κυρίῳ,
3129 5514 3192 5581 δς
3224 5516 3432 5572 ἔδωκεν
3477 5519 3617 5590 ἡμῖν
3644 5520 3701 5573 ὲν
3729 5518 3802 5572 ἑνὶ

2050 5725 2285 5784 NOTAE.

612 5816 724 5885 (51)
750 5816 807 5871 In
838 5816 958 5873 cod.
990 5816 1121 5889 Reg.
1158 5813 1299 5887 ρνς’.
