3964 6320
105 391 263 455 1445

1318 391 1856 452 EPISTOLABUM
1909 392 2055 451 LIB.
2117 393 2198 450 Il.

3230 394 3369 456 1446

95 500 423 570 πνεύματι,
463 502 562 572 μιᾷ
586 501 730 572 ψυχῇ
764 499 1046 554 συναθλεῖν
1071 502 1136 572 τῇ
1178 500 1358 554 πίστει
1386 501 1688 568 τοῦοΕὐαγ-

1792 502 1990 554 versia.
2019 500 2084 554 Et
2104 501 2212 555 Deo
2235 502 2372 567 laus,
2407 502 2498 570 qni
2529 502 2686 558 nobis
2730 503 2879 558 dedit
2921 504 2973 558 in
3019 519 3129 560 uno
3150 507 3366 575 spiritu,

95 592 333 659 γελίου,
365 591 459 643 καὶ
487 591 764 660 διαφέρειν
815 592 872 644 ὲν
912 592 1091 660 ταυτῖξ)
1119 591 1210 643 τὸν
1253 593 1545 660 ἀσκητικὸν
1581 593 1693 662 βίον

93 683 341 735 δὶαθλον
384 682 478 734 καὶ
511 682 701 750 διαυγῆ
727 719 742 744 ,
783 681 879 736 καὶ
911 681 1175 751 διαστεφῆ
1222 681 1407 748 ἀγῶνα
1432 684 1490 735 ἐν
1517 682 1693 753 τούτῳ

94 773 512 843 περαιοῦσθαι.
550 773 910 842 Ἐὁουλόμεθα
941 773 997 825 δὲ
1025 775 1121 825 καὶ
1157 773 1303 840 ὑμᾶς
1332 774 1529 836 αὐτοὺς
1565 776 1690 836 τοὺς

95 866 370 927 ἀπόντας
399 865 520 916 κατ’
550 864 864 932 ὀφθαλμοὺς
899 864 1045 929 ίδεῖν,
1100 867 1196 917 καὶ⁵
1225 865 1690 937 συμπαρακληθῆ-

95 973 193 1007 ναι
231 958 308 1025 τῇ
346 955 603 1024 κοινωνίᾳ
635 954 731 1006 τοῦ
765 954 1072 1025 πνεύματος
1093 972 1104 983 ·
1123 958 1198 1020 ὡς
1216 957 1282 1011 ἂν
1307 957 1400 1010 καὶ
1428 957 1684 1027 τοῦνομα,

95 1048 200 1098 καὶ
239 1047 566 1116 πρόσωπον,
616 1046 712 1098 καὶ
758 1041 909 1116 ἦθος,
941 1048 1038 1098 καὶ
1075 1048 1268 1115 λόγους
1309 1049 1427 1112 ἐνὸς
1456 1051 1687 1103 ἑκάστου

96 1137 532 1206 κατεμάθομεν.
573 1136 715 1188 Ἀλλ’
756 1138 877 1190 ἐπεὶ
909 1139 1066 1192 τοῦτο
1110 1139 1360 1210 ἠδυνάτει
1398 1142 1684 1210 γενέσθαι·

96 1230 337 1297 εἴδομεν
374 1230 518 1294 ὑμᾶς
562 1229 662 1300 ἤδη
711 1230 798 1283 διὰ
845 1229 939 1282 τοῦ
984 1233 1394 1303 προηγουμένου
1440 1233 1538 1287 καὶ
1579 1235 1687 1286 τῶν

95 1319 410 1386 ὁμοταγῶν
442 1318 616 1388 ὑμῶν,
660 1316 733 1372 ὧν
763 1322 795 1390 ἡ
827 1321 925 1373 θέα
967 1320 1194 1391 ἔθρεψεν
1220 1322 1505 1392 ήμῶν¹τὰς
1547 1342 1685 1395 καρ-

94 1411 225 1473 δίας
262 1410 532 1481 εὐλαϐείᾳ
556 1414 1125 1485 κεχαρακτηρισμένῃ.
1158 1415 1222 1467 Τί
1248 1411 1340 1468 οὖν
1367 1419 1482 1469 ἐστι
1504 1416 1686 1469 λοιπὸν

97 1504 326 1567 είπείν;
363 1503 448 1555 ἵνα
487 1503 670 1566 καθὼς
700 1504 880 1574 χάριτι
918 1505 1012 1556 τοῦ
1061 1506 1266 1575 Κυρίου
1299 1507 1454 1577 ἡμῶν
1511 1509 1683 1578 Ἰησοῦ

97 1594 358 1663 Χριστοῦ
432 1595 792 1667 ὴθροίσθητε,
842 1597 938 1649 καὶ
1003 1597 1374 1667 συνηρτήθητε
1449 1600 1684 1670 ἁρμονίᾳ

97 1689 608 1758 πνευματικῇ,καὶ
628 1688 908 1760 συμψυχίᾳ
932 1691 1257 1759 ὁμονοητικῇ
1281 1690 1684 1760 διαλάμψαντες

98 1782 160 1832 ἐν
190 1781 313 1841 τοῖς
347 1779 537 1832 αὐτόθι
579 1779 829 1848 καθάπερ
855 1780 997 1842 τινὲς
1036 1779 1265 1849 ἀστέρες
1294 1782 1351 1832 ὲν
1376 1783 1442 1850 τῇ
1479 1783 1682 1852 ςοερερᾷ

1794 593 1973 645 anima
2014 609 2120 646 una
2141 593 2476 648 collaborare
2528 594 2658 649 ﬁdei
2708 594 3028 666 Evangelii;
3062 609 3116 653 et
3169 604 3367 655 asceti-

1792 699 1910 738 cam
1941 684 2105 738 vitam
2148 684 2310 738 simul
2357 685 2574 750 ducere,
2607 695 2661 741 et
2702 691 3021 757 praeclarum
3054 706 3367 762 coronaque

1790 774 2016 844 dignum
2081 777 2184 828 hoc
2237 785 2509 831 certamen
2549 793 2825 848 peragere.
2888 783 3121 839 Animus
3181 796 3365 841 autem

1799 876 1921 919 erat
1941 881 2039 920 vos
2089 868 2250 920 etiam
2315 868 2482 938 ipsos,
2515 869 2608 938 qui
2647 871 2874 935 abestis,
2910 875 3090 929 oculis
3121 891 3366 938 cernere,

1789 966 1844 1011 et
1879 959 2264 1012 communione
2299 959 2521 1028 spiritus
2549 962 2821 1016 consolari
2869 980 2883 1016 ς
2929 974 2988 1018 ut
3013 973 3066 1019 et
3094 982 3290 1021 nomen
3315 977 3371 1022 ct

1789 1065 2075 1119 personam
2108 1051 2556 1121 uniuscujusque,
2611 1061 2665 1106 et
2717 1069 2917 1120 mores,
2968 1065 3022 1110 et
3053 1073 3364 1113 sermonem

1788 1155 2260 1209 cognosceremus.
2291 1141 2394 1197 Sed
2434 1144 2561 1212 quia
2600 1144 2652 1198 id
2693 1145 2808 1200 fieri
2846 1163 2956 1201 non
3004 1159 3244 1218 poterat,
3289 1153 3368 1205 vi-

1787 1229 1966 1284 dimus
1986 1231 2098 1299 jam
2131 1248 2226 1286 vos
2253 1249 2348 1302 per
2375 1238 2721 1304 praepositum
2764 1240 3088 1310 sodalesque
3124 1253 3362 1311 vestros,

1797 1333 2028 1386 quorum
2084 1332 2408 1389 conspectus
2475 1325 2687 1380 animos
2741 1337 2959 1383 nostros
3012 1333 3367 1399 expressione

1786 1410 2004 1480 pietatis
2056 1412 2263 1466 refecit.
2320 1410 2461 1479 Quid
2518 1430 2646 1485 ergo
2694 1427 2865 1472 restat
2914 1419 3261 1476 dicendum?
3305 1432 3368 1478 ut

1786 1502 2242 1570 quemadmodum
2286 1506 2454 1574 gratia
2496 1506 2715 1562 Domini
2765 1511 2939 1566 nostri
2978 1510 3109 1568 Jesu
3153 1514 3360 1570 Christi

1787 1594 2101 1662 congregati
2130 1596 2283 1660 estis,
2318 1605 2372 1649 et
2401 1599 2633 1651 connexi
2663 1611 2932 1654 concentu
2979 1604 3275 1671 spirituali,
3311 1616 3370 1661 et

1784 1684 2028 1738 unanimi
2045 1685 2334 1738 concordia
2356 1689 2658 1756 conspicui,
2680 1691 2796 1745 istis
2814 1691 2864 1744 in
2886 1693 3020 1747 locis
3037 1694 3182 1748 velut
3198 1696 3368 1749 stellae

1785 1772 2032 1842 quadam
2055 1774 2108 1826 in
2133 1775 2428 1844 caliginosa
2449 1777 2670 1833 haeresis
2702 1791 2860 1835 nocte
2889 1783 3255 1853 refulgentes;
3284 1787 3366 1840 sic

95 1868 200 1937 τῆς
250 1868 526 1938 αἱρέσεως
558 1873 733 1934 νυκτὶ,
779 1843 873 1923 καὶ
900 1869 1036 1940 πρὸς
1063 1867 1123 1919 τὸ
1147 1843 1272 1938 ἑξῆς
1296 1870 1345 1920 oi
1379 1843 1530 1922 αῦτοὶ
1554 1843 1681 1926 'at'a'.

1792 1865 2034 1935 deinceps
2064 1867 2224 1920 iidem
2253 1871 2637 1937 permaneatis,
2668 1875 2975 1940 unanimes,
3003 1876 3239 1946 idipsum
3273 1894 3365 1934 sa-

101 1961 378 2028 μεξνοιτε,
415 1959 709 2030 σύμψυχοι,
729 1961 793 2012 τὸ
817 1960 874 2012 ἒν
908 1959 1250 2028 φρονοῦντες,
1278 1960 1678 2030 ὁμογνώμονες,

97 2049 496 2114 ὑποτακτικοὶ,
528 2049 814 2119 πειθήνιοι,
847 2049 1082 2118 εὐήκοοι,
1122 2048 1454 2118 εὐχάριστοι,
1488 2049 1684 2120 εῦκλη-

98 2162 208 2210 τοι,
263 2144 559 2214 φίλαγνοι,
608 2143 918 2213 σώφρονες,
965 2145 1427 2214 ἁπαρρησίαστοι,
1480 2143 1678 2215 ἄρτιοι,

97 2238 546 2307 κατηρτισμένοι
578 2238 635 2289 ὲν
659 2237 820 2288 παντὶ
841 2236 985 2305 ἔργῳ
1011 2236 1199 2306 ἀγαθῷ
1217 2253 1229 2264 ·
1251 2236 1330 2288 ἔτι
1354 2236 1680 2306 λάμποντες,

100 2327 184 2379 ἔτι
212 2327 675 2395 αὑγάζοντες,ἔτι
707 2328 1160 2396 φωτοὸολοῦντες,
1181 2328 1259 2381 ἔτι
1287 2329 1579 2394 ἁλίζοντες,
1609 2329 1682 2392 ὡς

101 2417 170 2469 ἂν
222 2419 324 2470 καὶ
351 2418 485 2487 περὶ
528 2417 683 2488 ὑμῶν
709 2419 931 2481 εἰκότως
955 2418 1144 2488 ῥηθείη
1182 2417 1287 2470 ὑπὸ
1322 2418 1415 2470 τοῦ
1445 2418 1678 2487 Κυρίου”

113 2508 322 2576 ’Υμεῒς
343 2508 488 2562 ἐστε
509 2509 575 2562 τὸ
603 2508 727 2578 φῶς
751 2511 856 2564 τοῦ
878 2511 1109 2578 κόσμου
1132 2528 1145 2542 ο
1161 2510 1256 2562 καὶ
1272 2506 1429 2572 αὖθις
1445 2525 1458 2537 ·
1490 2509 1684 2579 Ὑμεῖς

101 2602 247 2653 ἐστε
279 2602 350 2654 τὸ
377 2600 532 2668 ἅλας
569 2602 682 2670 τῆς
709 2603 842 2671 γῆς.
873 2602 1025 2670 Τάχα
1049 2601 1104 2654 δὲ
1133 2602 1321 2672 ἐπειδὴ
1350 2602 1447 2673 τὴν
1471 2602 1683 2673 ὀρεινὴν

104 2693 470 2764 καταλλήλως
500 2695 751 2766 ἐπᾴδοιτο
783 2695 1003 2747 κάκεῖνο
1030 2699 1160 2766 περὶ
1188 2695 1340 2765 ὑμῶν
1359 2711 1372 2723 ·
1400 2697 1481 2749 Οὐ
1506 2695 1684 2748 δύνα-

106 2800 200 2834 ται
227 2786 419 2849 πόλις
447 2783 735 2852 κρυϐῆναι
778 2783 978 2837 ἐπάνω
1010 2784 1185 2861 ὄρους
1221 2785 1492 2853 κειμένη·
1528 2786 1686 2856 ὄρους

106 2874 314 2944 δηλαδὴ
343 2875 559 2945 ὑψηλῆς
593 2874 888 2940 πολιτείας,
919 2878 1003 2945 ἐφ’
1098 2878 1146 2929 οἱ
1180 2876 1684 2946 ὲπιϐεὸηκότες,ὡς

109 2968 168 3021 ὲν
194 2968 440 3039 οὐρανῷ,
475 2967 570 3020 ἐπὶ
596 2966 697 3037 τῆς
723 2969 823 3038 γῆς
849 2968 1214 3039 διατρίϐουσιν
1235 2963 1354 3021 ’(Iir
1383 2970 1494 3022 οὐκ
1521 2969 1686 3034 ἄξιος

110 3064 142 3112 ό
169 3062 427 3130 κόσμος,
457 3059 598 3113 κατὰ
622 3060 681 3114 τὸ
709 3061 1080 3123 ἁποστολικῶς
1116 3061 1426 3130 εἰρημένον.

183 3155 452 3216 Βλέπετε,
498 3155 663 3207 τέκνα
709 3156 804 3208 καὶ
851 3153 1092 3223 ἀδελφοὶ,
1139 3154 1287 3215 ὃπως
1314 3154 1456 3223 ὑμᾶς
1486 3147 1619 3224 ἦρεν
1657 3152 1754 3247 oc

111 3243 271 3312 λόγος
313 3248 418 3316 τῆς
457 3244 736 3315 ἀληθείας,
779 3246 889 3299 ἅνω
916 3245 1026 3309 θεὶς
1068 3245 1181 3304 τοῖς
1215 3245 1546 3313 ἐγκωμίοις,
1589 3243 1684 3294 καὶ

115 3334 412 3402 ὑποδείξας
462 3335 751 3407 ἀληθινοὺς
800 3331 940 3389 εἶναι
1005 3334 1294 3406 μοναστὰς,
1348 3331 1684 3404 ὁμολογητὰς

115 3427 384 3496 Χριστοῦ,
434 3430 681 3498 φυγάδας
730 3429 955 3496 κόσμου,
1002 3428 1201 3498 ἄνδρας
1239 3425 1540 3496 ἐπιθυμιῶν
1577 3424 1684 3476 τῶν

118 3523 474 3591 κρειττόνων,
541 3521 742 3593 σαρκὸς
796 3521 1190 3585 παθοκτόνους,
1245 3519 1570 3587 στεφανίτας
1628 3517 1686 3570 ὲν

119 3614 418 3682 πνεύματι.
451 3615 560 3668 Καὶ
583 3615 757 3667 ταῦτα
785 3615 881 3683 μὲν
908 3614 1057 3682 λόγοι
1091 3613 1290 3682 γυμνοὶ
1320 3613 1420 3680 τῆς
1455 3612 1685 3665 ἀνταποι

119 3705 320 3770 δόσεως
354 3707 503 3778 ἄρτι.
549 3707 673 3759 Ἐὰν
715 3706 771 3757 δὲ
802 3706 892 3758 τὸν
926 3706 1113 3772 ἀγῶνα
1153 3705 1305 3776 ὑμῶν
1335 3704 1433 3772 τῆς
1459 3720 1518 3755 τε
1559 3703 1689 3754 ὑπο-

118 3801 291 3867 τίγῆς
325 3803 422 3853 καὶ
467 3800 758 3868 ὁμολογίας
795 3799 1119 3868 ἐκτελέσητε
1162 3797 1509 3868 κυριώτατα·
1541 3813 1692 3864 τηνι-

122 3892 300 3946 καῦτα
344 3893 766 3963 μεταϐαίνοντες
793 3892 887 3944 τοῦ
922 3891 1035 3961 βίου
1079 3891 1179 3960 τὴν
1212 3889 1320 3942 τῶν
1350 3889 1528 3959 ἔργων
1558 3891 1692 3940 ἁπο-

121 3983 355 4053 λήψεσθε
414 3986 825 4057 μακαριότητα,
884 3980 951 4057 ἦς

123 4077 416 4147 ἐπιτυχεῖν,
451 4081 635 4149 χάριτι
661 4079 753 4131 τοῦ
781 4080 988 4148 Κυρίου
1021 4075 1177 4147 ήμῶν
1221 4075 1395 4145 Ἰησοῦ
1433 4071 1692 4142 Χριστοῦ,

121 4158 163 4229 ᾧ
185 4167 216 4235 ἡ
246 4166 374 4232 δόξα
405 4169 499 4221 καὶ
521 4167 580 4220 τὸ
605 4168 805 4238 κράτος
831 4170 912 4231 είς
936 4168 1063 4229 τοὺς
1089 4165 1290 4228 αἰῶνας
1315 4164 1424 4217 τῶν
1454 4163 1684 4216 αἰώνων.

134 4255 323 4326 Ἀμήν.

401 4379 564 4435 ΡΜΛ⁹
598 4379 735 4450 ('52).
766 4407 834 4418 —
857 4376 1220 4447 ’Πγουμένῳ.
1255 4373 1410 4446 [ψοη]

1010 3984 1220 4051 γένοιτο
1271 3983 1478 4042 πάντας
1547 3981 1694 4050 ἡμᾶς

1780 1959 1988 2028 pientes
2004 1959 2502 2025 ",consentientes,
2523 1964 2775 2032 subjecti,
2797 1969 3075 2038 morigeri,
3103 1971 3364 2025 obedien-

1781 2059 1880 2114 tes,
1901 2049 2058 2119 grati,
2086 2050 2213 2104 boni
2241 2052 2498 2118 nominis,
2516 2055 2671 2121 casti,
2694 2056 2883 2123 sobrii,
2917 2058 3113 2122 timidi,
3146 2062 3362 2131 integri,

1779 2137 2000 2205 perfecti
2050 2139 2106 2193 in
2130 2141 2278 2194 omni
2329 2156 2490 2209 opere
2532 2141 2711 2208 bono,
2748 2143 2928 2199 adhuc
2953 2147 3216 2213 lucentes,
3267 2151 3366 2204 ad-

1783 2228 1890 2281 huc
1914 2228 2278 2296 splendentes,
2313 2230 2491 2283 adhuc
2517 2231 2794 2287 radiantes
2817 2273 2831 2299 ,
2886 2236 3065 2290 adhuc
3099 2239 3365 2294 condien-

1781 2327 1904 2373 tes:
1934 2329 1992 2372 ut
2013 2327 2067 2373 et
2099 2320 2165 2373 de
2208 2320 2365 2374 vobis
2397 2323 2590 2375 merito
2617 2323 2822 2378 dictum
2870 2329 2942 2381 sit
2992 2342 3023 2381 a
3077 2328 3314 2385 Domino
3342 2349 3359 2386 :

1793 2411 1897 2465 Vos
1946 2414 2073 2465 estis
2119 2413 2212 2465 lux
2259 2414 2442 2466 mundi
2468 2415 2545 2480 ³¹⁸;
2579 2427 2631 2470 et
2671 2433 2888 2473 rursum
2928 2435 2942 2471 :
2986 2420 3087 2475 Vos
3119 2424 3246 2477 estis
3277 2425 3364 2478 sal

1786 2515 1940 2557 terra:
1973 2504 2036 2556 ³³.
2096 2502 2300 2558 Forsan
2352 2506 2540 2571 etiam,
2604 2510 2732 2577 quia
2795 2525 3051 2567 montana
3099 2515 3361 2581 incolitis,

1783 2603 2146 2664 congruenter
2169 2605 2220 2649 et
2251 2597 2384 2651 illud
2439 2597 2506 2652 de
2558 2602 2710 2656 vobis
2751 2604 3032 2658 occinatur
3067 2624 3081 2659 :
3118 2606 3240 2661 Non
3272 2626 3364 2677 po-

1786 2696 1883 2740 test
1922 2687 2110 2741 civitas
2150 2689 2401 2742 abscondi
2443 2707 2605 2755 supra
2635 2705 2860 2747 montem
2903 2699 3077 2760 posita
3098 2698 3175 2766 ‘°;
3210 2717 3366 2754 mon-

1785 2788 1890 2833 tem
1920 2781 2131 2835 scilicet
2168 2781 2395 2837 excelsze
2446 2789 2881 2842 conversationis
2912 2805 2925 2842 :
2956 2791 3022 2844 ad
3055 2808 3218 2861 quam
3267 2796 3364 2864 qui

1784 2873 2242 2939 conscenderunt,
2283 2876 2360 2929 sic
2391 2876 2446 2929 in
2481 2888 2625 2931 terra
2654 2887 2913 2949 tanquam
2957 2883 3010 2936 in
3039 2884 3179 2938 caelo
3212 2899 3364 2939 com-

1785 2972 2102 3028 morantur;
2136 2966 2322 3033 quibus
2348 2967 2536 3035 dignus
2560 2984 2664 3021 non
2693 2978 2770 3023 est
2792 2977 3018 3025 mundus
3037 2975 3104 3037 “,
3128 2975 3272 3028 sicut
3297 2976 3364 3030 ab

1783 3055 2043 3124 Apostolo
2075 3056 2277 3110 dictum
2308 3066 2407 3112 est.

1857 3146 2082 3214 Videtis,
2112 3148 2204 3202 filii
2238 3165 2300 3204 ac
2331 3150 2548 3219 fratres,
2567 3169 2677 3223 quo
2707 3165 2863 3223 pacto
2890 3173 2986 3213 vos
3020 3174 3200 3214 sermo
3225 3163 3366 3216 veri-

1787 3241 1913 3294 tatis
1946 3243 2204 3307 evexerit,
2234 3243 2287 3295 in
2322 3245 2538 3298 sublimi
2562 3248 2838 3304 collocans
2858 3253 3143 3318 encomiis,
3176 3270 3364 3310 veros-

1789 3349 1892 3403 que
1920 3337 2214 3389 monachos
2242 3351 2363 3390 esse
2399 3341 2708 3406 ostendens,
2743 3341 3087 3399 confessores
3137 3345 3363 3414 Christi,

1789 3426 2044 3497 fugitivos
2073 3428 2281 3490 mundi,
2312 3430 2704 3486 desideriorum
2733 3436 2880 3490 viros
2903 3437 3211 3502 meliorum,
3235 3455 3361 3494 car-

1792 3523 1877 3574 nis
1903 3520 2191 3574 aﬂ‘ectuum
2215 3531 2584 3591 peremptores
2612 3525 2666 3577 in
2703 3526 2897 3594 spiritu
2947 3541 3260 3585 coronatos.
3297 3530 3366 3587 Et

1793 3611 1907 3665 haec
1937 3611 2154 3681 quidem
2188 3613 2347 3666 verba
2377 3624 2505 3668 sunt
2552 3615 2730 3669 adhuc
2783 3621 3238 3676 remunerationis
3262 3638 3364 3678 ex-

1792 3704 1981 3774 pertia.
2024 3703 2316 3771 Postquam
2347 3721 2476 3760 vero
2509 3716 2751 3762 vestrum
2784 3710 3109 3766 obedientiae
3143 3723 3196 3767 et
3223 3728 3365 3770 con-

1795 3795 2049 3850 fessionis
2097 3806 2369 3850 certamen
2401 3799 2618 3867 proprie
2653 3803 2971 3870 peregeritis
3004 3844 3019 3868 ,
3050 3813 3162 3858 tum
3191 3821 3222 3860 e
3255 3807 3366 3862 vita

1796 3887 2092 3956 migrantes
2142 3901 2366 3955 operum
2412 3889 2800 3944 beatitudinem
2851 3894 3146 3962 recipietis,
3199 3913 3362 3966 quam

1798 3980 2007 4035 utinam
2054 3981 2211 4033 nobis
2271 3981 2528 4037 omnibus
2572 3983 2800 4053 adipisci
2855 3988 3157 4057 contingat,
3189 3993 3365 4058 gratia

1800 4074 2014 4127 Domini
2043 4073 2214 4128 nostri
2241 4071 2369 4127 Jesu
2392 4074 2616 4140 Christi,
2648 4078 2732 4131 cui
2763 4078 2936 4149 gloria
2969 4090 3020 4136 et
3068 4081 3363 4152 imperium

1795 4168 1850 4221 in
1884 4166 2082 4221 saecula
2114 4166 2459 4219 saeculorum.
2483 4167 2678 4221 Amen.

2267 4367 2449 4425 CXLI.
2481 4401 2548 4411 —--
2578 4370 2895 4442 Prarposito.

859 4492 1138 4543 Gratulatur
1167 4491 1229 4540 de
1252 4491 1492 4540 Ammone
1515 4500 1661 4550 quem
1685 4490 1879 4533 curator
1902 4485 1959 4532 ad
1982 4481 2334 4532 monasterium
2359 4486 2650 4535 reduxerat.

190 4574 466 4644 Μέγιστον
508 4577 680 4646 δῶρον
721 4577 948 4631 δέδωκεν
980 4579 1008 4629 ὁ
1046 4578 1176 4640 Θεὸς
1204 4579 1262 4630 ὲν
1290 4581 1354 4647 τῇ
1387 4577 1507 4630 καθ’
1548 4576 1693 4646 ἡμᾶς
1725 4579 1768 4632 D

126 4663 382 4737 ἐπαρχίᾳ,
413 4669 711 4739 τιμιώτατε
753 4669 966 4737 ἁδελφὲ,
1005 4669 1095 4722 τὸν
1121 4668 1505 4722 εὐκλεέστατον
1553 4685 1682 4718 κου-

129 4757 366 4829 ράτωρα,
422 4763 518 4814 καὶ
564 4762 852 4831 κράτιστον
896 4763 952 4813 ἐν
1001 4761 1283 4830 εὐσεϐείᾳο
1319 4760 1400 4811 ὅτι
1449 4756 1684 4829 Χριστοῦ

130 4847 338 4916 ἔκδικος
384 4853 645 4922 γεγονὼς,
678 4850 859 4908 εἷλκεν
892 4852 995 4906 ὑπὸ
1041 4856 1198 4922 χεῖρα
1246 4853 1334 4904 τὸν
1380 4849 1685 4920 λῃστρικῶς

130 4943 535 5016 πολιτευόμενον
573 4950 630 4999 ὲν
659 4949 769 5010 τοῖς
811 4948 1173 5015 Χριστιανοῖς,
1219 4945 1418 5012 καίπερ
1461 4943 1588 4994 ὅντα
1625 4938 1686 4991 τὸ

133 5037 388 5108 πρότερον
419 5039 674 5108 ἀνάθημα
716 5038 849 5090 Θεοῦ
876 5039 968 5090 δια-
989 5039 1086 5108 τῆς
1134 5037 1422 5106 μοναδικῆς
1465 5030 1682 5085 τελειώ-

136 5141 286 5189 σεως.
322 5131 568 5202 ’Λμμοῦν
591 5132 732 5198 λέγω
751 5131 843 5184 τόν
877 5147 1007 5182 ποτε
1033 5130 1298 5199 ἡμέτερον
1327 5125 1572 5193 ἀδελφὸν,
1590 5122 1686 5174 νῦν

134 5215 187 5268 δὲ
223 5220 325 5273 ὑπὸ
357 5225 516 5294 χεῖρά
557 5241 649 5275 σου
694 5222 947 5275 τελοῦντα
986 5223 1074 5274 διὰ
1109 5218 1386 5288 μεσιτείας
1423 5217 1516 5269 τοῦ
1571 5215 1688 5279 ἀξι-

138 5311 365 5375 αγάστου
395 5316 610 5387 ἀνδρὸς,
639 5318 704 5386 τῇ
735 5315 952 5385 εὐδοκία
978 5313 1141 5367 αὑτοῦ
1173 5311 1431 5383 Χριστοῦ,
1457 5311 1549 5363 τοῦ
1570 5312 1688 5380 χαί-

143 5417 316 5468 ροντος
346 5411 439 5461 ἐπὶ
472 5411 716 5479 σωτηρίᾳ
742 5407 834 5460 τοῦ
862 5405 1223 5467 ἀπολωλότος.
1259 5405 1344 5467 Ὠς
1377 5403 1690 5472 θαυμαστὸν

142 5491 290 5561 ἔργον
338 5501 609 5554 τετέλεται
660 5502 793 5570 πρὸς
837 5500 930 5554 τοῦ
978 5498 1254 5568 θεοφιλοῦς
1316 5497 1686 5567 κουράτωρος.

209 5609 248 5639 ³⁷
287 5609 515 5687 Philipp.
550 5631 610 5680 tt,
638 5615 692 5667 2.
766 5617 811 5647 ³³
844 5615 1035 5672 Matth.
1062 5633 1113 5683 v,
1142 5615 1226 5672 Η.
1305 5613 1346 5646 ³⁹
1379 5613 1509 5669 ibid.
1545 5613 1628 5668 15.

1704 5611 1749 5643 ⁸ο
1776 5612 1904 5667 ibid.

1874 4570 2166 4627 Maximum
2195 4573 2337 4627 Deus
2363 4574 2656 4641 provinciae
2686 4585 2886 4630 nostra:
2910 4575 3110 4630 donum
3140 4577 3364 4649 largitus

1789 4675 1893 4730 est,
1930 4666 2093 4719 frater
2143 4667 2583 4733 honoratissime,
2631 4669 3088 4735 gloriosissimum
3139 4683 3366 4728 curato-

1791 4773 1904 4810 rem
1927 4799 1942 4824 ,
1973 4767 2027 4812 et
2059 4758 2254 4826 pietate
2297 4759 2812 4826 praestantissimum
2847 4779 2860 4815 :
2892 4762 2986 4831 qui
3031 4761 3232 4818 Christi
3264 4765 3362 4820 de-

1791 4849 1973 4904 fensor
2014 4850 2228 4914 factus,
2292 4853 2394 4904 sub
2448 4863 2769 4922 potestatem
2826 4854 3032 4923 redegit
3068 4870 3213 4922 eum,
3267 4860 3362 4928 qui

1790 4945 2062 5015 prtedonis
2097 4962 2245 4999 more
2275 4947 2412 4999 inter
2435 4946 2777 5001 Christianos
2801 4949 3140 5015 versabatur,
3171 4966 3362 5019 quam-

1789 5037 1872 5090 vis
1912 5046 2068 5090 antea
2100 5035 2207 5090 Deo
2235 5037 2447 5090 dicatus
2483 5036 2676 5091 fuisset
2719 5053 2814 5105 per
2846 5039 3206 5092 monasticam
3235 5056 3360 5108 per-

1792 5125 2442 5180 fectionem.Ammonem
2467 5127 2588 5179 dico
2627 5126 2754 5179 olim
2812 5125 3029 5179 fratrem
3085 5138 3356 5190 nostrum.

1790 5233 1938 5272 nunc
2003 5218 2305 5271 admirandi
2351 5217 2447 5270 viri
2494 5233 2658 5286 opera
2709 5218 2802 5272 tibi
2844 5218 3119 5272 subditum
3166 5237 3179 5273 :
3231 5222 3359 5289 quia

1803 5311 2024 5366 Christo
2069 5311 2150 5365 sic
2215 5311 2392 5364 visum
2440 5321 2544 5374 est,
2580 5313 2645 5365 de
2694 5312 2839 5365 illius
2885 5313 2974 5378 qui
3008 5311 3240 5380 perierat
3269 5330 3359 5366 sa-

1794 5405 1905 5459 lute
1963 5403 2268 5475 gaudentis.
2340 5404 2512 5469 Quam
2572 5406 2947 5459 admirandum
3006 5420 3201 5474 opusa
3264 5404 3357 5458 Dei

1797 5507 2011 5550 amante
2066 5503 2314 5549 curatore
2370 5495 2663 5564 perfectum
2690 5506 2809 5562 est,
2857 5511 3125 5568 quamque
3188 5496 3358 5567 ipsius

1979 5613 2020 5644 “
2054 5610 2216 5666 llcbr.
2254 5627 2327 5678 χι,
2359 5611 2448 5667 51.

1641 5732 1844 5790 ΝΟΤᾸΞ
1855 5773 1870 5790 .

219 5797 324 5864 (3‘2)
352 5801 407 5854 lu
435 5807 552 5860 cod.
587 5806 713 5875 Reg.
755 5807 885 5874 951'.
