3964 6320
570 356 706 424 1447

1762 360 1823 420 S.
1861 357 2258 421 THEODORI
2293 357 2645 420 STUDITIE

3732 345 3868 415 1448

563 471 767 525 virtute
811 465 1036 533 dignum
1064 484 1080 533 ;
1130 465 1226 522 sed
1254 474 1310 521 et
1340 474 1393 521 te
1420 466 1625 537 pariter
1664 468 1939 537 spirituali
1970 478 2149 538 patre,

2269 464 2349 518 ιαὶ
2394 466 2545 531 ἄξιον
2566 465 2669 534 τῆς
2703 462 2824 517 κατ’
2850 463 3016 517 αὐτὸν
3057 462 3257 533 ἀρετῆς
3278 476 3293 489 ·
3334 461 3399 514 οὗ
3436 461 3552 531 μὴν
3583 460 3736 514 ἀλλὰ
3777 467 3867 516 καὶ

565 560 660 630 qui
696 558 963 629 perditum
996 557 1140 613 sicut
1162 558 1416 613 Christus
1450 557 1503 612 in
1534 558 1795 613 humeros
1845 558 2144 613 sustulisti!

566 651 808 709 Laetam
844 667 964 707 sum
989 652 1172 721 itaque
1206 651 1435 707 humilis
1466 660 1666 720 ego,et
1691 651 1981 717 exsultavi,
2010 666 2151 720 quo-

568 747 716 801 niam
783 745 877 815 qui
910 745 1145 815 perierat
1174 743 1427 797 inventus
1452 750 1536 798 est
1555 784 1571 810 ,
1596 752 1649 798 et
1677 744 1770 813 qui
1794 744 2002 813 eiectus
2028 742 2150 797 fue-

569 848 676 903 rat,
716 838 942 893 domum
995 837 1254 890 reductus
1284 833 1352 888 δ’.
1377 834 1440 888 Et
1461 834 1637 905 gratia
1672 835 1924 904 potestati
1954 849 2019 889 ac
2046 833 2148 888 mi-

570 930 884 984 sericordi-.2
912 928 1100 998 gloriae
1127 926 1243 988 Dei,
1273 926 1368 996 qui
1392 936 1446 981 et
1496 927 1645 982 illius
1676 926 1933 980 misertus
1954 934 2059 989 est,
2094 934 2149 982 et

572 1038 660 1076 me
703 1022 967 1075 humilem
1020 1034 1258 1074 mterore
1312 1020 1583 1074 liberavit.
1614 1017 1908 1073 hlmrebam
1936 1019 2080 1073 enim
2118 1034 2149 1072 a

573 1114 761 1169 multis
795 1114 954 1167 annis
974 1112 1046 1166 ob
1072 1112 1169 1166 tilii
1223 1112 1329 1165 mei
1382 1112 1625 1165 ruinam.
1672 1108 1754 1163 Tu
1789 1110 1956 1180 igitur
1999 1119 2155 1180 pater

573 1202 721 1257 illius
759 1217 906 1257 nunc
931 1200 1025 1255 Dei
1076 1201 1433 1257 miseratione
1460 1200 1636 1255 factus
1660 1215 1740 1259 es.
1770 1200 1898 1255 boni
1950 1200 2157 1254 media-

574 1293 714 1348 toris
732 1306 891 1362 opem
923 1291 1105 1346 ferens
1140 1310 1154 1345 :
1188 1301 1241 1345 et
1278 1300 1333 1345 tu
1388 1291 1543 1344 illum
1594 1291 1852 1360 deinceps
1884 1290 1949 1344 ad
1982 1288 2152 1345 Deum

574 1383 833 1439 adduces.
862 1381 1002 1438 Ecce
1028 1382 1174 1438 enim
1201 1382 1353 1437 illum
1392 1383 1447 1436 in
1492 1397 1689 1438 manus
1714 1391 1858 1444 tuas,
1887 1397 1952 1436 ac
1981 1385 2027 1437 si
2060 1397 2157 1436 co-

572 1490 690 1530 ram
722 1476 793 1531 ob
827 1476 1037 1539 oculos,
1079 1476 1401 1531 commendo
1431 1492 1451 1530 :
1475 1484 1530 1531 et
1573 1475 1876 1545 discipulus
1906 1483 2033 1529 tuus
2060 1489 2160 1528 vo-

574 1576 749 1631 cetur,
784 1575 975 1622 etate
1001 1566 1181 1623 discat
1205 1583 1378 1637 usque
1414 1568 1471 1622 in
1511 1567 1669 1621 linem
1702 1584 1717 1621 :
1754 1576 1921 1637 tuque
1944 1582 2156 1621 merce-

574 1657 699 1712 dem
725 1658 874 1712 iliius
900 1660 1168 1728 percipies
1194 1660 1246 1712 in
1272 1658 1680 1728 stecula.Atque
1699 1659 1842 1713 hanc
1871 1658 2155 1730 epistolam

574 1747 723 1818 leges
758 1748 883 1819 ipsi,
909 1758 970 1804 ut
992 1764 1223 1805 securus
1261 1750 1350 1815 sit,
1382 1750 1849 1821 quemadmodum
1882 1750 1987 1818 ipsi
2016 1750 2157 1804 scri-

574 1839 701 1907 psi;
756 1847 813 1892 et
874 1850 933 1894 ut
986 1840 1275 1909 impleatur
1303 1842 1449 1911 quod
1496 1842 1566 1896 ab
1590 1842 1853 1911 Apostolo
1891 1841 2157 1910 scriptum
2192 1822 2233 1877 Β

575 1940 701 1986 est:
736 1930 887 1985 Alter
914 1931 1137 1987 alterius
1166 1949 1329 1987 onera
1360 1943 1593 2002 portate.
1628 1944 1677 1987 et
1699 1935 1774 1988 sic
1804 1933 2162 2003 adimplebitis

577 2022 746 2095 legem
774 2022 975 2079 Christi
1001 2024 1089 2091 “;
1122 2027 1216 2095 qui
1243 2036 1294 2080 te
1325 2040 1451 2079 cum
1491 2026 1745 2081 universa
1785 2041 1813 2080 a
1846 2024 1954 2079 Deo
1990 2026 2163 2080 electa

576 2116 836 2172 societate
898 2128 992 2172 tua
1031 2117 1327 2183 custodiat,
1382 2118 1607 2173 meliora
1650 2132 1751 2188 pro
1790 2117 1953 2172 nobis
1994 2117 2159 2171 etiam

579 2207 965 2272 peccatoribus
990 2215 1259 2262 orantem.

924 2509 1129 2569 CXLII.
1154 2542 1225 2554 —
1254 2511 1458 2565 Basilio
1488 2513 1793 2581 prteposito.

2259 557 2354 610 σοῦ
2384 556 2478 610 τοῦ
2510 555 2883 627 πνευματικοῦ
2906 556 3150 624 πατρὸς.
3178 554 3273 607 καὶ
3298 553 3392 606 τὸν
3422 554 3777 607 ἀπολωλότα
3799 555 3868 616 ὡς

2254 646 2492 718 Χριστὸς
2527 648 2620 699 ἐπὶ
2646 647 2755 699 τῶν
2781 644 2950 715 ὤμων
2974 644 3360 719 ἀναλαϐόντος.
3390 645 3751 715 Εὐφράνθητι
3778 646 3868 699 οὖν

2258 742 2287 793 ὁ
2319 739 2576 803 ταπεινὸς
2600 738 2731 807 ἐγὼ.
2759 739 2857 793 καὶ
2881 738 3327 807 ἡγαλλιασάμην,
3361 737 3447 790 ὅτι
3478 737 3541 790 τὸ
3571 738 3869 800 ἀπολωλὸς

2262 827 2498 897 εὑρέθη,
2545 826 2607 879 τὸ
2660 827 2989 895 ἀπωσμένον
3024 826 3346 897 εἰσῳκίσθη.
3388 827 3508 880 Καὶ
3567 828 3747 897 χάρις
3802 827 3869 895 τῷ

2262 920 2458 988 κράτει
2494 920 2588 971 καὶ
2617 919 2759 990 ἐλέει
2793 919 2894 986 τῆς
2921 916 3016 971 τοῦ
3064 918 3201 971 Θεοῦ
3245 918 3436 988 δόξης,
3469 918 3572 971 τοῦ
3606 922 3869 974 κάκεῖνον

2261 1010 2607 1079 ἐλεήσαντος,
2639 1010 2783 1079 κάμὲ
2809 1010 2900 1063 τὸν
2922 1010 3179 1065 ταπεινὸν
3206 1011 3273 1063 ἐκ
3304 1010 3409 1079 τῆς
3438 1010 3699 1079 ἀθυμίας
3728 1012 3865 1063 ἀνα-

2262 1104 2611 1173 κομίσαντος.
2652 1102 2928 1170 Ἦθύμουν
2956 1104 3066 1173 γὰρ
3100 1102 3208 1155 ἀπὸ
3240 1102 3454 1155 πολλῶν
3486 1101 3634 1154 ἑτῶν
3674 1102 3779 1154 ἐπὶ
3804 1107 3863 1170 τῇ

2258 1194 2507 1264 ἀπωλείᾳ,
2542 1194 2639 1246 τοῦ
2686 1192 2805 1246 υἱοῦ
2854 1212 2975 1265 μου.
3030 1196 3101 1248 Σὺ
3142 1191 3235 1249 οὖν
3266 1196 3391 1265 ἄρτι
3454 1195 3653 1264 πατὴρ
3694 1194 3862 1246 αὑτοῦ

2259 1286 2401 1341 ὲλέει
2425 1287 2560 1341 Θεοῦ
2600 1289 3043 1360 κεχρημάτικας,
3073 1291 3141 1360 τῇ
3173 1288 3471 1359 ἐπικουρίᾳ
3503 1288 3608 1340 τοῦ
3650 1287 3864 1354 ἀγαθοῦ

2264 1385 2485 1450 μεσίτου
2508 1396 2523 1411 ·
2557 1382 2653 1434 καὶ
2676 1383 2740 1434 σὺ
2770 1382 2933 1435 αὑτὸν
2961 1382 3288 1450 προσάξειας
3304 1381 3425 1449 Θεῷ
3457 1380 3603 1450 πὼς
3626 1380 3693 1432 τὸ
3715 1379 3863 1446 ἑξῆς.

2272 1473 2406 1527 Ἰδοὺ
2432 1473 2541 1543 γὰρ
2569 1473 2919 1545 παραδίδωμι
2950 1475 3113 1529 αὐτὸν
3158 1477 3238 1537 εἰς
3267 1475 3457 1545 χεῖρὰς
3492 1491 3617 1539 σου,
3650 1474 3732 1536 ὠς
3762 1475 3867 1526 ἀπὸ

2262 1567 2526 1636 αὐτοψίας
2557 1567 2873 1637 ὀφθαλμῶν.
2906 1569 3003 1621 καὶ
3031 1567 3303 1621 καλείσθω
3332 1584 3427 1620 σου
3466 1568 3759 1637 μαθητὴς,
3778 1570 3867 1619 καὶ

2266 1660 2598 1730 μαθητεύσει
2631 1677 2713 1713 σοι
2743 1660 2848 1724 ἓως
2878 1661 3097 1737 τέλους·
3138 1660 3232 1713 καὶ
3277 1659 3739 1729 κληρονομήσεις
3778 1659 3867 1711 τὸν

2269 1753 2461 1821 μισθὸν
2492 1752 2661 1807 αὑτοῦ
2708 1756 2788 1817 εἰς
2822 1754 2953 1816 τοὺς
2996 1752 3219 1815 αἰῶνας.
3255 1754 3367 1806 Καὶ
3397 1752 3564 1823 τήνδε
3596 1752 3701 1821 τὴν
3742 1754 3864 1805 ἐπι-

2266 1844 2458 1915 στολὴν
2498 1844 2906 1913 ὲπαναγνὼσεις
2934 1845 3106 1914 αὐτῷ.
3132 1844 3209 1909 ὡς
3244 1845 3309 1899 ἂν
3343 1846 3459 1915 ἔχοι
3493 1845 3558 1898 τὸ
3592 1845 3863 1914 ἀσφαλὲς,

2260 1937 2407 1990 καθὰ
2437 1938 2677 2009 κάκείνῳ
2701 1938 2850 2008 αὐτῷ
2872 1940 3126 2011 γέγραφα
3145 1956 3159 1971 ·
3185 1942 3282 1993 καὶ
3310 1940 3657 2009 πληρούσθω
3686 1941 3755 1993 τὸ
3777 1940 3863 1993 τοῦ

2272 2031 2597 2085 Ἀποστόλου
2673 2033 2991 2096 Ἀλλήλων
3030 2034 3103 2087 τὰ
3134 2033 3296 2102 ,βάρη
3343 2033 3696 2099 βαστάζετε
3718 2077 3733 2098 ,
3768 2037 3863 2087 καὶ

2259 2123 2450 2189 οὕτως
2490 2124 2973 2190 ἀναπληρώσατε
3000 2126 3107 2179 τὸν
3144 2131 3336 2196 νόμον
3387 2126 3499 2181 τοῦ
3551 2128 3829 2194 Χριστοῦ

2258 2218 2315 2281 ὃς
2349 2219 2604 2287 φυλάξειέ
2639 2237 2697 2272 σε
2735 2221 2872 2288 μετὰ
2906 2222 3089 2290 πάσης
3125 2224 3222 2291 τῆς
3272 2223 3564 2276 θεολέκτου
3606 2240 3703 2275 σου
3750 2240 3865 2275 συν-

2257 2311 2424 2375 οδίας,
2468 2314 2909 2383 προσευχόμενον
2943 2314 3038 2368 καὶ
3085 2314 3213 2385 περὶ
3246 2316 3405 2385 ἡμῶν
3444 2316 3559 2368 τῶν
3599 2317 3864 2387 ἁμαρτω-

2258 2402 2366 2456 λῶν
2403 2404 2470 2456 τὰ
2510 2406 2819 2476 κρείττονα.

2372 2515 2529 2570 PMB'
2561 2518 2695 2589 (35).
2726 2548 2797 2559 -—
2834 2518 3131 2587 Βιισιλείῳ
3153 2518 3491 2589 ἡγουμένω.
3536 2520 3743 2594 [gnat]

1253 2628 1453 2693 Arguit,
1479 2630 1611 2693 quod
1633 2630 1693 2679 ab
1728 2627 2033 2691 imperatore
2060 2630 2191 2680 haud
2230 2634 2350 2683 satis
2370 2635 2647 2685 orthodoxe
2673 2650 2879 2686 munera
2904 2636 3180 2701 acceperit.

650 2740 783 2807 Quae
812 2754 975 2808 supra
1012 2741 1263 2796 meritum
1302 2751 1549 2795 nostrum
1587 2743 1698 2796 sint
1714 2744 1976 2805 scribere,
2018 2758 2166 2799 sem-

579 2850 675 2906 per
712 2834 952 2890 iraterua
1010 2834 1312 2890 reverentia
1354 2842 1445 2887 tua
1506 2837 1809 2897 consuevit,
1848 2835 2165 2889 tenuitatem

578 2937 826 2987 nostram
870 2928 1121 2982 laudibus
1158 2938 1215 2981 et
1251 2927 1516 2981 encomiis
1559 2942 1857 2989 exornans,
1899 2942 1999 2983 nos
2039 2943 2167 2981 vero

582 3020 820 3089 propriis
860 3019 1061 3073 tinibus
1085 3034 1187 3073 nos
1220 3018 1503 3072 continere
1528 3018 1845 3082 didicimus,
1886 3029 1942 3073 et
1983 3019 2164 3083 nihili,

2335 2748 2417 2800 Τὰ
2455 2748 2596 2818 ὑπὲρ
2630 2747 2728 2816 τὴν
2778 2747 2937 2811 ἀξίαν
2970 2746 3130 2816 ἡμῶν
3162 2745 3396 2799 πάντοτε
3449 2745 3485 2814 ἠ
3533 2744 3751 2815 ἀδελφὴ
3791 2764 3862 2799 τι-

2268 2841 2457 2909 μιότης
2489 2857 2582 2891 σου
2614 2839 2959 2892 ἐπιστέλλειν
2994 2839 3177 2904 εἴωθε,
3201 2841 3396 2908 τιμαῖς
3426 2840 3525 2890 καὶ
3556 2839 3860 2908 εὐφημίαις

2264 2930 2720 3000 ἁποσεμνύνουσα
2759 2931 2858 3001 τὴν
2908 2931 3193 2985 οὐθένειαν
3228 2932 3411 3001 ἡμῶν·
3450 2933 3623 3001 ἡμεῖς
3653 2931 3714 2984 δὲ
3758 2933 3861 2983 τῶν

2262 3022 2481 3075 οἰκείων
2530 3024 2746 3094 μέτρων
2794 3023 2869 3094 μὴ
2912 3023 3231 3090 ἐξίστασθαι
3275 3023 3651 3092 δεδιδάγμεθα
3680 3067 3694 3087 ,
3753 3024 3860 3076 ἀλλ’

582 3111 729 3184 quod
768 3128 959 3168 sumus
994 3126 1096 3169 nos
1134 3112 1425 3167 aestimare.
1445 3112 1524 3167 Ac
1561 3111 1628 3167 de
1669 3113 1753 3167 bis
1798 3114 1950 3168 satis.
1990 3111 2164 3167 Crete-

2269 3115 2519 3186 ήγεῖσθαι
2565 3116 2796 3179 ἑαυτοὺς
2844 3116 3022 3182 οὐθὲν,
3076 3117 3213 3186 ὅπερ
3260 3117 3451 3185 ἐσμέν.
3492 3116 3611 3170 Kal.
3659 3116 3861 3169 τούτων

584 3222 704 3261 rum
764 3206 993 3262 tarditas
1024 3206 1418 3260 venerabilium
1462 3206 1764 3260 litterarum
1801 3216 2021 3260 tuarum
2062 3207 2166 3261 mi-

582 3301 735 3356 nime
773 3316 872 3355 nos
894 3299 1254 3355 contristavit.
1296 3299 1408 3353 Cur
1428 3300 1574 3353 enim
1601 3299 1624 3352 Ἰ
1649 3309 1743 3354 aut
1777 3315 1901 3369 qua:
1926 3298 2029 3354 fuit
2067 3315 2165 3353 ne-

587 3394 857 3451 cessitas?
904 3392 1265 3449 Contristavit
1298 3402 1477 3447 autem
1506 3392 1819 3463 (aperienda
1858 3392 2004 3445 enim
2043 3406 2165 3461 qua:

585 3487 644 3543 in
666 3488 853 3542 animo
887 3487 1044 3555 sunt)
1077 3497 1169 3542 tua
1214 3486 1267 3540 in
1306 3473 1439 3541 urbe
1474 3484 1947 3548 commemoratio,
2008 3493 2062 3539 et
2097 3485 2165 3539 ad

587 3579 970 3650 imperatorem
1011 3593 1211 3643 sermo,
1248 3580 1478 3647 ejusque
1526 3578 1812 3641 allocutio,
1856 3580 2164 3646 responsio,

587 3681 645 3727 et
680 3668 807 3727 tuus
835 3688 902 3726 ex
942 3673 1198 3727 mandato
1236 3673 1544 3738 discessus;
1578 3686 1702 3726 cum
1732 3670 1785 3724 in
1822 3670 2015 3724 iisdem
2064 3684 2195 3723 nos

588 3764 787 3819 iterum
826 3764 1186 3819 incommodis
1228 3779 1530 3826 versemus,
1588 3763 1694 3816 sub
1729 3778 1892 3815 manu
1946 3762 2166 3815 hetero-

588 3858 857 3911 dosorum
888 3857 1113 3911 detenti.
1168 3855 1469 3924 Adjecerim
1518 3864 1698 3909 autem
1737 3864 1793 3908 et
1844 3854 2165 3908 missionem

589 3961 881 4003 teconomo
915 3948 981 4001 ad
1024 3946 1320 4014 principem
1349 3946 1625 4010 eumdem,
1662 3956 1717 4000 et
1764 3945 1871 4000 cibi
1911 3960 2166 3999 commu-

590 4040 834 4103 nionem,
886 4048 940 4093 et
979 4039 1382 4093 abductionem.
1432 4037 1556 4092 Haec
1594 4037 1777 4091 omnia
1818 4052 1919 4091 nos
1962 4036 2167 4091 contri-

593 4142 831 4196 starunt,
874 4132 1378 4187 reverendissime:
1423 4141 1478 4184 ct
1526 4130 1735 4185 inhibet
1772 4146 1872 4185 nos
1920 4131 2166 4199 ignosce,

592 4223 840 4292 deeeptio
876 4232 1075 4283 vestra,
1109 4224 1454 4292 congressio,
1488 4230 1542 4275 et
1582 4222 1945 4287 conversatio,
1979 4237 2170 4275 mune-

597 4334 717 4373 rum
758 4318 1003 4385 exceptio
1054 4325 1108 4369 et
1138 4315 1383 4376 donatio.
1439 4324 1497 4370 et
1555 4315 1602 4369 si
1642 4316 1734 4383 qui
1776 4315 2171 4369 benevolentia:

598 4410 796 4464 indicia
822 4410 929 4463 alia
968 4409 1220 4477 usurpari
1281 4417 1565 4471 consueta,
1628 4405 1695 4460 Ut
1731 4408 1857 4477 quid
1878 4408 2039 4469 enim,
2087 4408 2170 4460 in-

2269 3209 2370 3276 μὲν
2398 3208 2536 3270 ἃλις.
2573 3209 2638 3262 Ἡ
2654 3209 2709 3262 δὲ
2734 3208 3006 3280 βραδύτης
3026 3208 3137 3261 τῶν
3161 3209 3359 3278 τιμίων
3385 3226 3484 3261 σου
3510 3208 3861 3279 γραμμάτων

2266 3302 2327 3353 οὐ
2376 3302 2440 3370 δή
2493 3318 2597 3354 που
2637 3302 2950 3371 λελύπηκεν
2992 3302 3163 3370 ἡμᾶς.
3194 3301 3295 3353 Διὰ
3340 3301 3395 3353 τι
3436 3302 3589 3371 γάρς
3638 3304 3736 3353 καὶ
3783 3292 3859 3367 ἐφ’

2264 3387 2415 3462 ᾧτινι
2456 3396 2517 3448 τὸ
2555 3395 2899 3464 ἀναγκάζον;
2940 3394 3231 3464 Δελύπηκε
3269 3394 3325 3446 δὲ
3348 3434 3364 3457 ,
3409 3393 3523 3445 δεῖν
3552 3393 3670 3463 γὰρ
3698 3396 3860 3445 ἑκκα-

2265 3486 2433 3555 λύψαι
2461 3488 2532 3540 τὰ
2557 3489 2968 3557 παριστάμενα,
2998 3488 3031 3553 ή
3064 3487 3124 3539 ὲν
3156 3485 3235 3555 τῷ
3262 3485 3418 3538 ἄστει
3450 3484 3739 3555 διατριϐὴ,
3770 3488 3859 3537 καὶ

2267 3582 2300 3649 ἡ
2332 3581 2469 3650 πρὸς
2499 3579 2592 3632 τὸν
2629 3580 2932 3649 κρατοῦντα
2980 3580 3146 3647 φάσις
3190 3578 3286 3631 καὶ
3332 3577 3663 3648 ἀντίφασις,
3702 3579 3797 3631 καὶ
3830 3580 3857 3647 ἡ

2268 3671 2376 3723 ὑπὸ
2429 3671 2678 3724 κέλευσιν
2733 3672 2929 3735 ἔξοδος⁹
2981 3671 3213 3725 ἐπὶτῶν
3257 3670 3439 3723 αὐτῶν
3481 3672 3651 3725 πάλιν
3691 3672 3861 3724 ὄντων

2268 3763 2428 3832 ἡμῶν
2474 3764 3001 3833 πρακτικευμάτων,
3055 3764 3156 3833 τῆς
3189 3764 3510 3832 ὑποχειρίου
3536 3765 3654 3817 τῶν
3682 3766 3862 3835 ἑτερο-

2261 3854 2436 3919 ρόξων
2482 3856 2716 3924 κατοχῆς
2746 3872 2760 3885 ·
2787 3855 3160 3925 προσθείημεν
3190 3856 3234 3907 δ’
3276 3854 3362 3919 ἂν,
3396 3856 3490 3906 καὶ
3519 3858 3553 3926 ἡ
3600 3858 3741 3926 πρὸς
3770 3857 3857 3909 τοῦ

2268 3944 2556 4011 οἰκονόμου
2598 3942 2687 3994 ἐπ’
2717 3942 2882 3995 αὑτοῦ
2932 3942 3025 3994 τοῦ
3095 3944 3331 4013 κράτους
3382 3941 3708 4011 ἀποστολὴ,
3746 3960 3859 3995 πν-

2270 4034 2513 4097 εστιασίς
2575 4053 2634 4088 τε
2687 4036 2780 4088 καὶ
2826 4036 3226 4103 συναπαγωγή.
3256 4033 3445 4087 Ταῦτα
3486 4035 3675 4088 πάντα
3714 4035 3859 4087 λελύ-

2271 4145 2447 4198 πηκεν
2473 4130 2618 4198 ἡμᾶς
2642 4169 2657 4193 ,
2704 4123 2751 4183 ὢ
2778 4126 3105 4198 τιμιώτατε,
3144 4128 3238 4181 καὶ
3288 4127 3466 4197 εἴργει
3511 4128 3700 4195 ἡμᾶς,
3736 4130 3857 4195 σύγ·

2272 4206 2443 4289 γνωθῖ
2465 4262 2479 4286 ,
2512 4222 2545 4292 ή
2577 4221 2713 4291 πρὸς
2742 4223 2890 4291 ὑμᾶς
2917 4222 3102 4290 ἀπάτη
3124 4261 3140 4281 ,
3173 4223 3268 4275 καὶ
3302 4222 3739 4290 συνανακρασις,
3772 4241 3856 4275 καί

2274 4312 2726 4381 συναναστροφὴ,
2767 4311 2929 4381 λῆψίς
2958 4328 3018 4363 τε
3049 4312 3145 4364 καὶ
3174 4312 3321 4375 δόσις
3343 4352 3360 4377 ,
3414 4313 3513 4365 καὶ
3555 4315 3609 4365 εἰ
3656 4330 3710 4364 τι
3738 4314 3857 4368 aiio

2274 4404 2383 4457 τῶν
2411 4404 2663 4471 φιλικῶν,
2707 4403 2802 4457 καὶ
2845 4403 2905 4468 ἐξ
2935 4402 3113 4467 ἔθους.
3144 4404 3278 4457 Ἵνα
3308 4404 3368 4457 τί
3398 4405 3533 4474 γὰρ,
3586 4407 3776 4474 φησιν,
3822 4409 3855 4471 ἡ

595 4502 737 4572 quit,
786 4500 1002 4553 libertas
1046 4516 1159 4551 mea
1201 4498 1485 4566 judicatur
1537 4496 1600 4549 ab
1666 4497 1839 4551 aliena
1903 4500 2164 4551 conscien-

2273 4495 2581 4562 ἐλευθερία
2608 4513 2726 4565 μου
2755 4497 3016 4563 κρίνεται
3038 4493 3157 4549 ὑπὸ
3190 4496 3387 4562 ἄλλης
3410 4496 3856 4563 συνειδήσεως

597 4590 674 4643 tia
692 4588 777 4642 “7
808 4586 873 4640 Et
911 4585 1353 4658 quandoquidem
1392 4584 1623 4638 antehac
1668 4584 1804 4638 satis
1834 4584 2173 4653 dispensavi—

594 4696 745 4744 mus,
786 4680 974 4749 idque,
1014 4686 1075 4731 ut
1114 4676 1257 4732 Deus
1290 4676 1441 4731 solus
1481 4676 1652 4741 novit,
1693 4692 1817 4730 cum
1859 4691 2058 4747 magno
2089 4674 2174 4729 af-

595 4773 743 4830 fectu
774 4783 829 4828 et
853 4771 1258 4835 misericordia;
1288 4786 1437 4824 nunc
1468 4770 1629 4822 etiam
1668 4770 1989 4839 dispensare
2012 4784 2175 4839 opor-

598 4877 697 4933 tet,
725 4876 779 4921 et
811 4881 917 4919 non
951 4874 1183 4933 utraque
1215 4879 1277 4918 ex
1312 4861 1863 4932 partedetrimentum
1888 4864 2017 4930 pati,
2051 4878 2173 4927 nec,

600 4960 780 5013 aliena
821 4965 1155 5025 usurpantes
1197 4965 1434 5021 ;noslra
1492 4954 1805 5007 inconsulto
1884 4954 2169 5023 projicere.

602 5052 917 5109 Scientibus
967 5053 1162 5123 loquor
1201 5069 1214 5105 :
1250 5050 1418 5106 Nemo
1466 5060 1631 5117 potest
1684 5049 1889 5102 duobus
1946 5050 2173 5102 dominis

601 5147 795 5201 seruire
826 5144 895 5208 ⁵³,
936 5145 1140 5198 veritas
1205 5141 1599 5212 pronuntiavit.
1661 5139 1872 5193 Domini
1938 5139 2073 5193 estis
2122 5148 2176 5192 ct

603 5240 720 5294 heri
751 5249 806 5294 et
845 5244 1089 5293 rectores
1121 5234 1462 5303 propriorum
1489 5231 1941 5286 monasteriorum
1966 5240 2020 5283 et
2047 5247 2178 5284 con-

603 5333 852 5389 siliorum
891 5349 905 5385 :
942 5345 1043 5384 nos
1081 5343 1209 5383 vero
1240 5328 1474 5383 humiles
1521 5336 1574 5379 et
1621 5325 1915 5379 errabundi
1950 5326 2095 5378 hunc
2121 5325 2172 5377 in

610 5426 787 5479 locum
847 5422 1005 5491 ejecti
1047 5421 1118 5475 ob
1166 5421 1626 5489 persecutionem.
1680 5416 1973 5473 Concedite
2030 5419 2173 5472 lianc

682 5605 727 5635 δ’
756 5603 888 5661 Luc.
915 5620 1005 5671 xv,
1032 5603 1123 5658 24.
1198 5606 1243 5637 “
1273 5604 1447 5660 Galat.
1474 5619 1550 5672 vn,
1581 5604 1635 5658 2.
1712 5602 1755 5635 “
1788 5604 1806 5657 1
1842 5602 1967 5659 Cor.
2001 5619 2052 5669 κ,
2083 5603 2175 5659 29.

2276 4589 2387 4642 Καὶ
2438 4589 2625 4658 ἐπειδὴ
2666 4589 2867 4652 ἱκανῶς
2906 4588 3340 4667 ᾠκονομήσαμεν
3386 4590 3443 4641 ὲν
3490 4591 3612 4651 τοῖς
3662 4591 3856 4658 προλα-

2278 4680 2469 4744 ϐοῦσι,
2505 4682 2633 4742 καὶ,
2684 4680 2761 4743 ὼς
2802 4680 2936 4743 Θεὸς
2981 4680 3142 4750 μόνος
3180 4677 3325 4746 οἶδε,
3367 4680 3468 4732 σὺν
3526 4678 3702 4747 πολλῇ
3750 4680 3856 4731 δια-

2277 4773 2425 4827 θέσει
2460 4774 2555 4826 καὶ
2583 4773 2947 4843 ἐλεημοσύνη·
2980 4773 3093 4825 δεῖν
3138 4770 3265 4841 ἄρτι
3318 4771 3415 4825 καὶ
3465 4771 3853 4841 οἰκοδομῆσαι,

2278 4866 2373 4919 καὶ
2419 4867 2493 4937 μὴ
2548 4866 2942 4936 ἀμφοτέρωθεν
2990 4864 3364 4935 ζημιοῦσθαι,
3419 4866 3561 4936 μήτε
3600 4866 3665 4918 τὸ
3712 4865 3855 4917 ἀλλά-

2280 4976 2432 5029 τριον
2485 4958 3074 5029 προλαμϐανομένους,
3128 4959 3223 5011 καὶ
3265 4958 3326 5010 τὸ
3395 4960 3605 5011 οἰκεῖον
3663 4958 3857 5026 ἀλόγως

2284 5052 2571 5121 προέσθαι.
2622 5051 2833 5105 Εξδόσιν
2863 5054 2891 5105 ὁ
2921 5051 3079 5120 λόγος
3107 5066 3121 5080 ·
3151 5049 3364 5117 Οὐδεὶς
3427 5051 3689 5105 δύναται
3729 5050 3854 5105 δυσὶ

2284 5145 2513 5209 κυρίοις
2574 5143 2911 5205 δουλεύειν,
2970 5145 3003 5211 ἡ
3056 5142 3287 5213 ἀλήθεια
3357 5144 3710 5215 ἀπεφήνατο.
3746 5144 3855 5196 λΚύο

2287 5235 2391 5305 ριοξ
2446 5236 2568 5286 ἐστε
2637 5235 2732 5287 καὶ
2806 5234 3064 5287 δεσπόται
3135 5235 3230 5286 καὶ
3297 5234 3714 5305 καθηγούμενοι
3762 5236 3854 5288 τῶν

2286 5326 2432 5379 ἰδίων
2485 5326 2663 5395 μονῶν
2714 5328 2808 5379 καὶ
2850 5326 3262 5396 βουλευμάτων
3308 5328 3480 5397 ἡμεῖς
3522 5330 3579 5381 δὲ
3628 5326 3855 5381 ταπεινὰ

2281 5418 2377 5470 καὶ
2403 5417 2658 5488 ἀλήτιμοι
2696 5412 2798 5472 ὦδέ
2836 5435 2938 5471 που
2980 5419 3428 5489 παρερῤιμμένοι
3455 5421 3546 5476 διὰ
3594 5424 3687 5475 τὸν
3712 5420 3852 5488 6w:-

2266 5602 2312 5633 "
2344 5602 2535 5657 Matth.
2567 5620 2644 5668 νι,
2666 5602 2755 5657 24.

2119 5718 2351 5778 ΝΟΤᾸΕ.

686 5817 796 5887 (5'5;
824 5817 880 5871 lu
907 5814 1024 5871 cod.
1058 5815 1187 5883 Reg.
1235 5813 1366 5882 ρξβ¹.
