3964 6320
97 386 230 450 1449

1275 385 1538 445 EPISTO
1553 384 1758 446 LARU
1777 383 1832 443 M
1873 386 2020 444 LIB.
2082 387 2162 445 ΙΙ.

3215 385 3350 447 1-150

100 497 216 566 μάν.
257 494 572 564 Χαρίσασθε
640 496 769 564 ἡμῖν
816 494 915 564 τὴν
954 494 1263 562 ἐλευθερίαν
1306 493 1532 562 ταύτην,
1567 495 1660 545 καὶ

1787 495 1923 548 vobis
1956 496 2285 559 libertatem,
2338 504 2396 548 ut
2452 495 2655 550 nostris
2699 496 2942 564 peccatis
2986 497 3347 552 indoleatnus.

98 591 154 639 τὸ
206 591 316 649 τοῖς
360 589 584 650 οίκείοις
633 588 1050 655 ὲπιστυγνάζειν
1108 588 1489 657 ἁμαρτήμασι.
1562 587 1668 639 Καὶ

97 671 210 729 οῖδα
241 676 339 745 μὲν
366 677 449 728 ὅτι
485 675 724 746 λυπηρὸν
771 675 830 728 τὸ
860 677 1093 745 γράμμα
1123 679 1190 745 τῇ
1221 673 1496 744 τιμιότητί
1541 690 1633 725 σου
1653 713 1667 737 ,

97 768 286 838 ὥσπερ
337 769 432 822 καὶ
473 770 627 839 ἡμῖν,
667 767 805 820 ἀλλὰ
849 770 946 837 τῆς
975 767 1066 820 τοῦ
1103 766 1239 820 Θεοῦ
1273 768 1491 834 ἀγάπης
1519 765 1668 818 οὐδὲν

98 861 511 930 προτιμότερονο
539 862 606 913 δι’
647 863 711 932 ἢν
746 862 839 914 καὶ
876 863 1036 930 ἡμεῖς
1072 860 1166 912 σὺν
1205 860 1315 920 τοῖς
1350 858 1523 924 ἁγίοις
1552 858 1668 908 Πα-

98 952 288 1023 τράσιν
330 952 488 1023 ἡμῶν
538 953 634 1006 ἐπὶ
667 956 732 1025 τῇ
767 952 922 1022 ῦϐρει
964 950 1200 1022 Χριστοῦ
1240 948 1596 1021 ὴρνησάμεθα
1631 946 1667 1000 ἃ

99 1043 477 1114 ὴρνησάμεθα,
507 1045 601 1097 καὶ
628 1042 1038 1116 προαιρούμεθα
1068 1044 1104 1096 ἃ
1132 1040 1526 1112 προϊσχόμεθαλ

389 1245 542 1300 PM!"
588 1247 722 1316 (τι).
765 1276 824 1286 -
878 1245 960 1310 Τῷ
993 1241 1170 1311 αὐτῷ.
1209 1241 1409 1315 [plen]

1773 584 1838 638 Et
1868 587 1984 639 scio
2035 588 2256 656 quidem
2300 587 2654 656 injucundaln
2713 587 3032 640 reverentiae
3073 595 3180 642 tua:
3212 588 3354 642 hanc

1770 677 2062 743 epistolam
2094 677 2230 743 fore,
2265 681 2411 734 sicut
2443 689 2494 734 et
2551 679 2707 733 nobis
2743 696 2754 730 :
2785 678 2881 733 sed
2917 679 3055 733 nihil
3089 689 3172 735 est
3194 690 3352 734 ante-

1771 769 2086 836 ponendum
2122 770 2214 825 Dei
2246 772 2499 826 charitati
2530 791 2542 825 :
2581 781 2802 842 propter
2831 788 2995 841 quam
3016 783 3070 828 et
3104 789 3205 828 nos
3227 789 3352 827 cum

1771 860 1978 916 sanctis
2014 862 2269 919 Patribus
2299 865 2521 929 nostris,
2582 867 2650 921 ob
2698 865 2902 921 Christi
2938 866 3347 929 contumeliam,

1771 952 2091 1018 negavimus
2129 970 2251 1024 quae
2309 958 2649 1026 negavimus,
2694 966 2748 1012 et
2805 958 3182 1026 amplectimur
3230 973 3354 1025 quae

1777 1041 2008 1111 professi
2033 1060 2239 1101 sumus.

2286 1246 2512 1301 CXLIII.
2545 1276 2615 1289 —
2646 1249 2850 1305 Eidem.

710 1361 1009 1419 Gratulatur,
1028 1373 1134 1408 cum
1160 1358 1446 1416 audivisset,
1491 1356 1671 1417 ipsum,
1691 1346 1807 1399 ﬁdei
1859 1365 2023 1415 causa,
2047 1357 2109 1406 de
2135 1359 2455 1422 praepositum
2480 1363 2751 1411 decedere.

170 1466 351 1536 Βραχύ
385 1484 437 1519 τι
469 1467 834 1537 παρεμυθὴθη
879 1467 940 1520 τὺ
972 1468 1102 1537 περὶ
1133 1467 1277 1536 ὑμᾶς
1305 1465 1430 1527 τοὺς
1475 1480 1671 1530 τιμιω-

102 1561 294 1619 τάτους
316 1558 558 1627 λυπηρὸν
587 1558 684 1627 τῆς
710 1557 886 1626 ψυχῆς
908 1559 1086 1627 ἡμῶνο
1121 1557 1233 1623 εῖγε
1256 1555 1332 1619 ὡς
1357 1553 1670 1623 γεγράφατε
1716 1571 1724 1579 ·

103 1651 234 1719 ἔχει,
251 1651 348 1701 καὶ
374 1650 708 1718 ὑποχωρεῖτε
731 1652 827 1720 τῆς
847 1651 1215 1718 ήγουμενικῆς
1236 1647 1665 1714 διακρατήσεως.

104 1741 344 1808 Οὐδεμία
380 1742 486 1810 γὰρ
519 1739 791 1806 κοινωνία,
819 1735 863 1793 ὧ
893 1739 1136 1808 φιλότης,
1171 1736 1556 1833 δεδιωγιμένοις-
1576 1734 1670 1787 καὶ
1701 1772 1750 1833 Β

103 1833 390 1893 ἀδιὼκτοις
416 1873 430 1895 ,
460 1832 554 1883 καὶ
586 1832 644 1883 οὐ
691 1831 850 1901 μόνον
892 1830 1177 1890 ἀδιώκτοις
1201 1867 1215 1890 ,
1248 1827 1382 1878 ἀλλ-ὰ
1415 1827 1507 1877 καὶ
1538 1827 1672 1876 ὐπο-

103 1926 318 1978 τελοῦσι
344 1928 456 1988 τοῖς
487 1925 739 1988 διώκταις
769 1921 1290 1993 καθηγεμονιώντων
1317 1913 1458 1973 ὧνπε
1469 1937 1499 1989 ρ
1526 1919 1676 1982 ἐξου-

105 2019 354 2082 σιάζουσι
390 2015 788 2088 μοναστηρίων·
817 2019 864 2067 εἰ
895 2015 967 2084 μὴ
991 2013 1098 2084 ἄρα
1127 2029 1210 2074 τις
1238 2013 1493 2064 κοινωνία
1525 2011 1672 2080 ὠμο-

104 2113 331 2182 λόγηται
363 2115 500 2181 φωτὶ
536 2115 671 2183 πρὸς
697 2114 905 2174 σκότος.
959 2109 1096 2162 Ἀλλ’
1126 2111 1224 2162 οὐκ
1263 2111 1557 2179 ἐνδέχεται,
1599 2107 1678 2174 ὡς

104 2205 132 2254 ό
171 2203 319 2272 ἱερὸς
349 2203 505 2270 λόγος
537 2203 871 2272 ἀπεφήνατο.
903 2200 975 2252 Τὸ
1009 2201 1117 2269 γὰρ
1149 2201 1252 2263 ἓως
1286 2200 1381 2252 τοῦ
1411 2199 1677 2269 παρόντος

105 2296 385 2348 ἐπιδοῦναι
433 2295 659 2355 ἑαυτοὺς
701 2297 757 2346 ὲν
803 2295 915 2355 τοῖς
963 2291 1150 2345 ἁλοῦσι
1195 2291 1263 2344 δι’
1313 2291 1678 2352 ὐποπτώσεως

109 2387 366 2455 ἰατρικῆς
390 2426 405 2447 ,
438 2378 578 2438 κατὰ
613 2384 762 2437 τόνδε
789 2385 881 2437 τὸν
906 2384 1108 2455 τρόπον
1143 2384 1332 2451 γέγονε
1355 2423 1369 2446 ,
1400 2383 1463 2435 τὸ
1491 2383 1678 2436 λαϐεῖν

107 2482 258 2548 ἡμᾶς
298 2478 537 2544 ἐγγύας,
597 2478 732 2546 μήτε
779 2477 920 2545 λόγῳ
945 2517 959 2539 ,
1013 2479 1146 2546 μήτε
1182 2476 1364 2546 ἔργῳ,
1396 2476 1519 2528 καθ’
1568 2470 1679 2528 οἷον

105 2570 309 2640 δήποτε
330 2569 530 2640 τρόπον
573 2567 882 2638 ὑπαχθῆναι
940 2569 1101 2621 πάλιν
1148 2572 1260 2631 τοῖς
1308 2568 1678 2635 ὲτεροδόξοις,

108 2664 200 2715 καὶ
258 2657 369 2714 οἷον
423 2665 480 2714 ἐν
528 2661 833 2731 μεταιχμίῳ
885 2663 1072 2714 ἑστᾶσι
1108 2660 1426 2730 κρατήσεως
1477 2660 1570 2712 καὶ
1619 2659 1679 2710 οὐ

109 2757 429 2825 κρατήσεως
462 2755 571 2807 τῶν
613 2755 812 2825 μονῶν·
846 2755 939 2806 καὶ
971 2755 1032 2807 τὸ
1061 2755 1180 2807 ὅλον
1218 2756 1414 2818 εἰπεῖν,
1451 2752 1524 2815 ὡς
1593 2751 1679 2804 νό-

114 2866 282 2918 μιμον
321 2849 574 2915 γενέσθαι
596 2849 696 2919 τὴν
724 2849 1012 2918 ὁμολογίαν
1035 2850 1124 2902 διὰ
1156 2851 1255 2918 τῆς
1285 2848 1394 2901 τῶν
1422 2850 1681 2902 ἐναντίων

110 2941 498 3010 ὐφελκύσεως,
552 2944 645 2995 καὶ
695 2942 804 2995 τῶν
862 2942 1231 3011 ἐνισταμένων
1282 2944 1679 3010 ἀντιπράξεως.

121 3033 242 3085 Ἐπ’
269 3031 334 3084 ἂν
360 3033 415 3084 δὲ
451 3033 640 3100 καιρὸς
668 3027 769 3101 ἦκε
805 3031 897 3085 τοῦ
930 3033 1290 3102 ζητουμένου,
1340 3034 1431 3085 καὶ
1462 3033 1524 3084 τὸ
1552 3035 1682 3102 ὁμο-

1849 1459 2170 1520 Nonnullam
2200 1470 2632 1526 consolationem
2665 1475 3028 1543 capitanimte
3064 1485 3269 1530 nostra:
3290 1475 3357 1532 de

1777 1552 1931 1609 vobis
1977 1560 2446 1616 reverendissimis
2488 1565 2710 1619 tristitia
2737 1584 2750 1619 :
2775 1566 2821 1622 si
2863 1583 3053 1621 verum
3087 1579 3172 1623 est
3208 1573 3356 1638 quod

1778 1646 2080 1714 scripsistis
2101 1687 2116 1712 ,
2150 1660 2202 1704 et
2233 1655 2609 1721 praepositum
2656 1667 2933 1726 potestate
2961 1659 3174 1716 ceditis.
3201 1659 3355 1714 Nulla

1777 1738 1944 1800 enim.
1986 1743 2176 1807 amice,
2233 1748 2671 1813 persecutionem
2729 1751 2909 1819 passis
2931 1755 3246 1808 communio
3276 1765 3358 1808 est

1777 1843 1901 1882 cum
1932 1832 1997 1885 iis
2026 1833 2116 1900 qui
2153 1837 2300 1903 passi
2346 1853 2456 1892 non
2515 1837 2759 1903 fuerunt,
2799 1842 2998 1911 quique
3052 1859 3161 1897 non
3198 1846 3358 1898 modo

1776 1922 1916 1988 passi
1978 1937 2086 1977 non
2141 1935 2291 1990 sunt,
2332 1929 2422 1982 sed
2460 1938 2514 1982 et
2554 1930 2621 1983 iis
2667 1932 2760 1997 qui
2801 1934 3140 1987 insectantur
3180 1936 3356 1989 tribu-

1778 2022 1892 2067 tum
1936 2017 2181 2083 pendunt
2212 2021 2566 2087 pmsidentes
2634 2026 2984 2079 monasteriis
3030 2041 3153 2094 quae
3177 2028 3358 2095 possi-

1777 2104 1908 2159 dent
1940 2123 1952 2157 :
1982 2106 2087 2161 nisi
2127 2107 2269 2163 forte
2304 2113 2538 2166 societas
2584 2114 2767 2182 aliqua
2814 2129 2937 2168 esse
2981 2115 3196 2170 dicatur
3247 2118 3356 2170 luci

1777 2192 1845 2246 ad
1868 2198 2116 2250 tenebras
2151 2197 2196 2228 "°
2223 2217 2238 2251 :
2265 2214 2386 2268 quae
2418 2201 2566 2254 nulla
2585 2217 2706 2255 esse
2729 2211 2926 2272 potest,
2965 2211 3021 2258 ut
3048 2220 3228 2258 sermo
3267 2223 3358 2260 sa-

1779 2298 1871 2338 cer
1905 2288 2164 2340 ostendit.
2193 2287 2346 2354 Quod
2384 2291 2528 2344 enim
2579 2292 2843 2346 hactenus
2882 2295 3137 2363 propensi
3187 2294 3356 2350 fueri-

1781 2391 1903 2430 mus
1946 2393 2072 2446 erga
2113 2378 2294 2448 lapsos
2339 2396 2434 2449 per
2472 2384 2740 2436 medicam
2796 2384 3225 2455 indulgentiam;
3268 2402 3357 2442 res

1783 2467 1887 2522 hoc
1922 2471 2083 2524 modo
2110 2481 2258 2538 gesta
2298 2483 2400 2536 est,
2428 2475 2573 2543 quod
2607 2476 2938 2544 promissum
2991 2480 3146 2533 nobis
3190 2491 3355 2541 esset,

1782 2560 1903 2614 illos
1938 2577 2110 2629 neque
2136 2564 2321 2627 verbo,
2354 2582 2529 2635 neque
2560 2566 2704 2622 facto
2750 2571 2984 2639 amplius
3041 2572 3358 2628 adhaesuros

1783 2653 1896 2705 ullo
1933 2653 2094 2706 modo
2121 2655 2489 2721 heterodoxis,
2517 2668 2571 2712 et
2601 2659 2671 2713 iis
2696 2662 2789 2729 qui
2826 2671 3088 2732 tanquam
3151 2665 3206 2718 in
3243 2680 3357 2719 ine-

1783 2743 1871 2797 dio
1904 2745 2065 2812 positi
2093 2755 2269 2809 erant,
2302 2758 2360 2802 ut
2389 2765 2565 2818 neque
2597 2754 2936 2807 monasteria
2985 2757 3354 2824 possiderent,

1784 2850 1962 2903 neque
2000 2853 2105 2889 non
2141 2841 2505 2905 possiderent,
2536 2857 2600 2894 ac
2627 2843 2864 2913 denique
2902 2848 2974 2898 ita
3016 2856 3074 2899 ut
3117 2847 3358 2917 legitima

1784 2937 1929 2981 esset
1954 2931 2259 3007 concessio,
2307 2932 2678 2986 subtrahendo
2711 2952 2769 2988 se
2823 2937 2892 2991 ab
2918 2939 3267 3007 adversariis,
3307 2949 3359 2995 et

1786 3023 2220 3088 oppugnantibus
2253 3026 2578 3079 resistendo.
2628 3027 2922 3098 Postquam
2971 3047 3102 3086 vero
3144 3034 3362 3088 advenit

108 3126 342 3196 λογηθὲν
375 3125 476 3176 οὐκ
509 3123 772 3193 ἐξηνύσθη
809 3122 1037 3176 ἐνώπιον
1062 3122 1198 3175 Θεοῦ
1231 3125 1322 3176 καὶ
1360 3117 1683 3193 ἀνθρώπων,

1790 3115 1867 3167 rei
1891 3117 2180 3182 postulata:
2227 3126 2462 3185 tempus,
2502 3129 2616 3171 tum
2663 3136 2793 3174 vero
2853 3122 2904 3175 id
2949 3124 3095 3191 quod
3132 3134 3358 3192 pactum

111 3219 248 3287 πρὸς
277 3215 673 3285 ἀκριϐεστέραν
705 3216 804 3284 τῆς
830 3214 1101 3284 προτέρας
1135 3212 1502 3276 ὑποπτώσεως
1537 3213 1682 3277 ἐξία-

112 3322 216 3359 σιν·
250 3307 388 3360 me
419 3306 579 3359 πάλιν
613 3307 903 3376 ἀπαγωγὴ,
932 3306 1027 3358 καὶ
1057 3305 1218 3357 πάλιν
1252 3306 1567 3363 ἀπόπτωσις
1586 3344 1600 3369 ,
1628 3303 1682 3356 ἐν

108 3416 167 3450 τε
202 3400 383 3467 λόγοις
417 3399 509 3451 καὶ
538 3398 741 3468 ἔργοις·
779 3399 853 3460 ὼς
880 3396 1016 3450 αὐτὰ
1042 3398 1108 3450 τὰ
1140 3399 1440 3468 πράγματα
1474 3413 1684 3467 μαρτυ-

115 3493 234 3559 ρεῖ,
281 3493 393 3544 κάκ
444 3489 552 3543 τῶν
583 3491 801 3542 εἰδότων
844 3490 1181 3559 ἀκηκόαμεν·
1217 3493 1308 3542 καὶ
1353 3489 1517 3541 πάλιν
1551 3491 1684 3542 καθ-

109 3584 378 3652 ηγεμόνες
421 3582 878 3650 ἀπαρασάλευτοι,
901 3582 986 3634 διὰ
1016 3583 1114 3650 τῆς
1149 3582 1269 3650 ἄρτι
1295 3583 1400 3634 ὑπὸ
1422 3581 1516 3634 τοῦ
1548 3583 1685 3650 κρά-

109 3692 238 3735 τους
290 3674 560 3743 ὑποδοχῆς
619 3675 713 3726 καὶ
775 3674 1099 3742 ἀποστολῆς.
1163 3673 1220 3725 '0
1265 3674 1421 3740 λόγος
1470 3673 1525 3726 δὲ
1596 3676 1686 3726 ἐπὶ

110 3767 332 3818 πάντων
359 3765 470 3817 τῶν
500 3765 670 3826 οὕτως
709 3765 1070 3834 πεπραχότων
1092 3781 1106 3794 ·
1143 3766 1237 3814 καὶ
1281 3765 1489 3832 γελοῖόν
1539 3768 1688 3818 ἐστιν

110 3857 237 3925 ἄρτι
273 3857 332 3908 τὸ
363 3858 643 3926 ἐπιτιμᾷν,
672 3858 869 3924 μᾶλλον
897 3859 953 3910 δὲ
982 3859 1374 3928 φρενοϐλάϐεια
1415 3860 1521 3912 τῶν
1565 3862 1689 3913 ἐπι-

109 3951 420 4019 τιμώντων,
450 3950 539 4002 ml.
571 3950 891 4018 σκινδαλμος
918 3950 1026 4002 τῶν
1060 3951 1449 4013 εὐσεϐούντων,
1483 3953 1686 4021 σύγχυ-

113 4044 198 4104 σίς
243 4059 304 4094 τε
342 4044 436 4095 καὶ
474 4042 703 4110 ἁϐλεψία
748 4045 839 4096 ἐπὶ
871 4046 935 4113 τῇ
975 4044 1208 4113 Χριστοῦ
1249 4044 1525 4115 ὁμολογίᾳ.
1569 4047 1691 4097 Δεῖν

109 4134 205 4185 τοῦ
265 4135 594 4186 Ἀποστὸλου
627 4133 856 4186 ἀκοῦσαι
889 4135 1138 4202 λέγοντος
1161 4153 1173 4165 ⁸
1209 4140 1498 4191 Στέλλετε
1537 4137 1691 4207 ὑμᾶς

110 4223 232 4277 ἀπὸ
286 4224 513 4288 παντὸς
555 4224 822 4294 ἀδελφοῦ
858 4226 1126 4290 ἀτάκτως
1175 4230 1647 4294 περιπατοῦντος
1675 4273 1689 4294 ,

111 4315 213 4367 καὶ
245 4316 335 4384 μὴ
359 4315 507 4368 κατὰ
537 4317 650 4383 τὴν
677 4316 1036 4384 παράδοσιν,
1071 4318 1149 4384 ἢν
1186 4320 1528 4387 παρέλαϐον
1556 4322 1691 4389 παρ’

112 4410 309 4477 ἡμῶν
353 4409 553 4476 μᾶλλον
595 4411 651 4462 δὲ
688 4411 791 4463 ὑπὸ
823 4411 915 4464 τοῦ
951 4413 1084 4464 Θεοῦ
1129 4413 1217 4464 διὰ
1262 4415 1356 4465 τοῦ
1409 4419 1689 4484 προφήτου

116 4501 374 4568 βοῶντος*
424 4502 719 4563 Ἐξὲλθετε
750 4503 818 4556 ἐκ
854 4504 1047 4571 μέσου
1095 4505 1314 4569 αὐτῶν,
1358 4510 1453 4559 καὶ
1487 4511 1689 4576 ἀφορί-

113 4601 325 4658 σθητε,
361 4593 460 4643 καὶ
505 4593 842 4661 ἀκαθάρτου
874 4595 960 4663 μὴ
1001 4596 1280 4650 ἅπτεσθε·
1316 4598 1469 4665 κάγὼ
1509 4602 1690 4652 εἰσδέ-

114 4685 282 4752 ξομαι
316 4685 459 4752 ὑμᾶς
479 4722 493 4746 ,
533 4686 660 4746 τοὺς
701 4685 872 4748 οὕτως
904 4686 1381 4758 διαστελλομένους
1407 4691 1650 4758 δηλονότι
1676 4734 1689 4757 ,

115 4777 210 4827 καὶ
246 4775 324 4844 μὴ
354 4775 682 4842 συγχέοντας
719 4778 819 4846 τὴν
850 4779 1090 4846 Χριστοῦ
1129 4780 1441 4848 ὁμολογίαν.
1475 4782 1538 4832 Τί
1586 4783 1694 4852 γὰρ

117 4870 412 4936 φήσουσιν,
449 4862 493 4920 ὦ
527 4869 844 4935 τιμιώτατε,
869 4872 896 4924 ὃ
921 4888 981 4923 τε
1017 4871 1126 4923 τῶν
1152 4873 1354 4941 κωμῶν
1395 4871 1694 4940 ἡγούμενος

117 4960 213 5010 καὶ
243 4962 271 5012 ὁ
301 4958 398 5011 τοῦ
432 4958 708 5024 Γουλαίου,
745 4962 839 5013 σὺν
869 4966 980 5023 τοῖς
1011 4962 1212 5027 ὁμοίως
1248 4961 1370 5030 ἄρτι
1390 4960 1695 5029 διωχθῒείσιν

116 5049 175 5098 ὲν
217 5052 286 5118 τῇ
337 5048 623 5118 ἐνστάσει·
669 5050 826 5120 εἴπερ
859 5051 1058 5120 ὁρῶσιν
1090 5052 1232 5119 ὑμᾶς
1277 5053 1401 5113 τοὺς
1437 5052 1695 5121 προδοσίᾳ

117 5142 217 5207 τῆς
251 5140 514 5208 ἀληθείας
543 5143 872 5211 κατέχοντας
900 5146 968 5194 τὰ
1015 5144 1359 5211 μοναστήρια
1383 5183 1398 5204 ,
1427 5145 1521 5194 καὶ
1549 5143 1694 5210 ἡμᾶς

120 5233 253 5299 ὑμῖν
288 5234 796 5300 σνναπαγομένους;
826 5233 880 5284 τί
913 5233 968 5284 δὲ
994 5234 1042 5284 οἱ
1067 5235 1124 5284 ὲν
1152 5235 1262 5294 τοῖς
1295 5232 1444 5302 ὄρεσι
1484 5231 1692 5300 τληπα-

120 5323 348 5384 θοῦντες
400 5325 537 5374 κατὰ
572 5323 632 5373 τὸ
671 5324 758 5375 τοῦ
807 5323 1045 5392 διωγμοῦ
1082 5325 1584 5393 στενοχωρητικόν;
1635 5327 1693 5378 οὐ

122 5416 477 5479 στενάξουσιν
501 5432 514 5478 ;
535 5417 632 5466 οὐκ
661 5414 1004 5483 οἰμώξουσιν;
1033 5415 1129 5484 οὐχ
1153 5418 1449 5485 ἡγήσονται
1474 5417 1696 5471 παιδιὰν

1785 3205 1982 3268 fuerat,
2011 3207 2286 3274 expletum
2311 3223 2416 3260 non
2461 3211 2561 3262 luit
2585 3226 2769 3265 coram
2800 3211 2908 3266 Deo
2939 3225 2993 3268 et
3021 3214 3360 3280 hominibus,

1786 3296 1855 3349 ad
1897 3299 2293 3351 accuratiorem
2349 3300 2593 3368 pristinae
2635 3304 2809 3358 ruina:
2862 3307 3235 3373 curationem;
3268 3310 3360 3361 sed

1787 3403 2002 3441 rursum
2060 3388 2337 3455 abductio,
2384 3407 2604 3446 rursum
2637 3397 2818 3461 ruina,
2849 3399 2972 3451 etin
3006 3397 3188 3452 verbis
3225 3409 3278 3451 et
3310 3399 3361 3450 in

1788 3479 1967 3544 factis,
1998 3481 2144 3534 sicut
2174 3498 2259 3536 res
2307 3485 2437 3552 ipsa:
2496 3495 2785 3551 testantur,
2820 3504 3030 3558 nosque
3075 3492 3143 3544 ab
3166 3490 3234 3544 iis
3267 3490 3361 3558 qui

1788 3572 2042 3625 viderunt
2100 3574 2412 3642 accepimus
2442 3595 2456 3630 :
2492 3586 2546 3631 et
2596 3580 2867 3647 praepositi
2919 3596 3138 3635 rursum
3175 3584 3365 3638 incon‘

1789 3666 1960 3728 cussi,
2022 3674 2312 3733 postquam
2360 3677 2414 3720 et
2449 3672 2655 3738 accepti
2688 3671 2920 3739 benigne
2949 3688 2978 3726 a
3012 3674 3278 3743 principe,
3311 3688 3364 3732 et

1789 3756 2001 3810 remissi
2034 3755 2280 3811 fuerunt.
2303 3758 2375 3812 De
2404 3761 2661 3816 omnibus
2692 3778 2873 3816 sermo
2900 3767 3110 3835 (νει,ρυί
3137 3768 3219 3822 sic
3242 3784 3366 3839 ege-

1790 3856 1954 3902 runt:
1991 3863 2055 3902 ac
2085 3849 2377 3903 ridiculum
2426 3859 2510 3906 est
2569 3869 2785 3922 poenam
2839 3857 2999 3909 modo
3031 3859 3308 3927 imponere
3349 3877 3359 3910 :

1792 3940 1902 3993 imo
1935 3942 1985 3994 id
2017 3942 2128 3994 lieri
2171 3957 2277 3994 non
2322 3956 2497 4010 potest
2523 3947 2640 3999 sine
2675 3947 3067 4014 imponentium
3101 3954 3364 4017 amentia,

1791 4039 1843 4081 et
1869 4028 2078 4096 piorum
2109 4029 2253 4082 inani
2290 4034 2523 4099 argutia,
2558 4045 2612 4087 et
2635 4038 3135 4103 perturbatione,et
3169 4041 3366 4095 int-on-

1793 4121 2091 4174 sideranlia
2139 4123 2191 4175 in
2230 4123 2430 4178 Christi
2493 4126 2862 4183 confessione.
2897 4132 3100 4184 Audire
3151 4145 3368 4198 opOrtet

1792 4207 2112 4280 Apostolum
2167 4216 2566 4281 praecipientem
2603 4218 2954 4274 :Subtrahite
2986 4239 3076 4276 vos
3115 4224 3178 4277 ab
3224 4228 3365 4278 omni

1795 4303 1959 4370 fratre
1997 4305 2301 4358 ambulante
2330 4307 2629 4362 inordinate
2653 4322 2701 4362 et
2745 4327 2847 4363 non
2877 4314 3163 4366 secundum
3190 4317 3365 4368 tradi-

1799 4399 2009 4462 tionem,
2078 4414 2236 4467 quant
2302 4413 2612 4469 acceperunt
2674 4421 2705 4456 a
2763 4407 2910 4458 nobis
2938 4406 3139 4460 ":vel
3186 4411 3365 4476 potius

1805 4489 1971 4544 Deum
2029 4492 2206 4559 ipsum
2256 4494 2348 4561 qui
2399 4511 2493 4564 per
2552 4498 2870 4565 pr0phetam
2925 4501 3124 4554 clamat
3157 4517 3174 4553 :
3207 4500 3366 4555 Exite

1789 4582 1850 4632 de
1881 4581 2051 4635 medio
2085 4600 2284 4643 eorum.
2313 4595 2361 4637 et
2396 4588 2641 4648 recedite,
2670 4600 2719 4640 et
2763 4591 3022 4658 pollutum
3055 4595 3218 4647 nolite
3245 4604 3366 4647 tan-

1791 4690 1907 4741 gere
1940 4674 2023 4739 “;
2057 4684 2110 4728 et
2161 4691 2259 4745 ego
2294 4679 2554 4746 recipiam
2591 4695 2688 4733 vos
2712 4697 2726 4745 ;
2754 4697 2850 4736 eos
2883 4683 3129 4738 videlicet
3180 4687 3273 4755 qui
3309 4703 3369 4741 se

1795 4769 1899 4821 hoc
1923 4768 2086 4821 modo
2121 4770 2468 4833 subtrahunt,
2496 4781 2549 4823 et
2592 4771 2994 4829 confessionem
3022 4776 3226 4830 Christi
3257 4794 3368 4832 non

1795 4861 2306 4927 confundunt.Quid
2327 4865 2471 4917 enim
2513 4865 2714 4928 dicent,
2747 4868 3223 4935 reverendissime,
3254 4882 3366 4924 tum

1796 4956 2042 5008 vicorum
2075 4959 2417 5025 praepositus,
2457 4967 2571 5009 tum
2599 4967 2653 5011 et
2685 4957 2873 5025 Gulaai,
2917 4977 3038 5014 cum
3087 4963 3209 5017 aliis
3250 4965 3365 5032 qui,

1797 5051 1940 5116 quod
1977 5050 2318 5115 resisterent,
2375 5051 2627 5104 similiter
2682 5055 2855 5107 vexati
2910 5054 3070 5107 modo
3101 5067 3272 5122 sunt;
3321 5059 3368 5110 si

1796 5141 2018 5194 videant
2072 5156 2168 5194 vos
2217 5142 2464 5196 veritatis
2499 5143 2806 5211 proditione
2852 5146 3179 5199 monasteria
3237 5149 3370 5200 reti-

1797 5250 1947 5296 nere,
1991 5247 2042 5289 et
2073 5253 2172 5291 nos
2216 5238 2495 5292 vobiscum
2535 5237 2737 5307 pariter
2766 5239 2982 5309 abripi?
3011 5240 3149 5306 Quid
3185 5251 3366 5319 autem

1802 5327 1838 5379 ii
1869 5327 1961 5396 qui
1995 5328 2048 5380 in
2081 5329 2357 5384 montibus
2378 5331 2512 5383 dura
2555 5330 2835 5399 patiuntur
2873 5332 2943 5385 ob
2971 5332 3369 5397 persecutionis

1800 5421 2184 5488 aSperitatem?
2212 5420 2327 5477 Non
2357 5423 2658 5492 lugebunt?
2679 5439 2785 5478 non
2822 5423 3116 5492 plangent?
3141 5439 3248 5476 non
3284 5425 3368 5476 lu-

148 5533 197 5566 ⁸⁸
241 5533 283 5587 il
317 5531 448 5584 Cor.
507 5544 575 5593 vt,
631 5530 715 5582 14.
771 5531 814 5560 ⁸⁷
852 5529 891 5582 Il
938 5531 1129 5585 Thess.
1192 5549 1272 5596 ιιι,
1307 5531 1358 5584 6.
1433 5532 1476 5561 ⁸³
1507 5532 1608 5587 lsa.
1654 5551 1748 5600 LII,
1780 5536 1864 5588 11.

1643 5693 1873 5750 ΝΟΤᾸΣ.

195 5805 308 5874 (ὖᾶ)
345 5804 400 5857 In
428 5803 550 5856 c021.
584 5802 708 5873 Reg.
751 5807 881 5877 ρξγ’.

423 5901 694 5962 Ριτιιοι.
728 5904 1075 5966 Gn.XClX.

2880 5891 2953 5951 ιιϐ
