3964 6320
638 354 770 420 1ιί51

1821 367 1882 426 S.
1923 369 2314 431 THEODORI
2357 375 2704 436 STUDIT.’E

3781 391 3933 456 1452

625 489 830 544 dicram
889 491 1284 547 existimabunt
1341 495 1746 552 confessionem
1787 499 2032 556 Christi?
2070 503 2169 567 Qui

2276 533 2288 555 ι
2311 485 2410 555 τὴν
2434 487 2723 557 ὁμολογίαν
2751 491 2844 544 τοῦ
2886 493 3155 562 Χριστοῦ;
3192 493 3255 548 Τί
3281 497 3336 550 δὲ
3371 499 3418 550 oi
3446 500 3928 570 ήγουμενεύσαν-

623 600 752 637 vero
778 583 872 654 qui
903 587 1252 640 monasteriis
1284 598 1442 640 antea
1478 589 1830 657 praefuerunt.
1885 603 1940 646 et
1987 605 2205 661 propter

621 675 900 732 Christum
933 679 1220 733 nobiscum
1245 681 1455 749 expulsi
1490 684 1651 735 sunt?
1691 681 1884 739 Nonne
1909 688 2203 738 conllrma-

621 767 756 822 bunt
809 768 1081 824 ludicrum
1145 772 1404 840 quiddam
1456 788 1578 827 esse
1636 774 1689 828 id
1737 776 1882 844 quod
1926 779 2203 844 patimur?

619 857 803 912 Nolite
843 877 1042 926 errare,
1091 862 1270 931 inquit
1325 865 1638 931 Apostolus,
1693 866 1830 922 Deus
1868 884 1970 921 non
2005 870 2198 923 irride-

617 960 702 1002 tur
735 951 802 1004 δ’.
857 952 1058 1006 Christi
1117 955 1388 1010 confessio
1453 958 1739 1026 profanata
1789 975 1897 1014 non
1953 969 2057 1023 est,
2095 961 2196 1015 etsi

614 1043 867 1097 nonnulli
897 1045 1056 1099 aliter
1088 1050 1293 1103 sentire
1328 1058 1380 1103 et
1408 1050 1552 1120 loqui
1586 1053 1991 1106 existimantur.
2015 1051 2195 1120 Quare

612 1135 657 1187 si
697 1136 800 1198 vis,
833 1136 1029 1191 dilecte
1074 1136 1280 1204 frater,
1315 1142 1598 1196 nobiscum
1632 1144 1930 1199 humilibus
1951 1145 2188 1210 censeri,

611 1229 804 1282 secede
841 1244 870 1282 a
903 1231 1222 1285 monasterii
1261 1234 1629 1299 possessione,
1673 1234 1815 1288 sicut
1845 1236 2186 1304 promisisti:

607 1321 713 1374 hoc
770 1321 909 1374 enim
947 1330 999 1375 te
1039 1323 1367 1379 hortamur:
1423 1326 1492 1378 ob
1519 1326 1659 1380 hanc
1687 1342 1911 1381 causam
1940 1343 2185 1393 oramus,

607 1423 668 1466 nt
725 1412 869 1467 sicut
926 1413 1180 1481 interius,
1235 1416 1308 1469 ita
1355 1416 1521 1470 etiam
1567 1418 1808 1472 exterius
1864 1419 1940 1474 sis
1998 1421 2188 1474 ortho-

604 1505 803 1568 doxus,
849 1521 1075 1560 servans
1151 1508 1446 1576 pretiosam
1494 1507 1733 1562 animam
1782 1519 1952 1574 tuam,
2020 1525 2182 1577 quam

601 1598 941 1667 aequiparare
982 1597 1117 1651 nihil
1151 1608 1536 1667 potesteorum
1568 1616 1690 1670 quae
1738 1601 1912 1656 oculis
1949 1616 2185 1656 cernuu-

601 1699 712 1744 tur.
756 1690 1022 1744 Dominus
1079 1691 1521 1762 archiepiscopus
1556 1693 1848 1762 plurimum
1899 1704 1949 1748 te
1989 1693 2180 1748 nobis-

599 1799 723 1838 cum
752 1784 976 1846 salutat,
1024 1784 1261 1839 salutem
1297 1797 1443 1838 tuam
1472 1800 1667 1841 amans
1702 1787 1985 1856 impense;
2023 1786 2175 1840 item-

597 1892 702 1946 que
730 1876 914 1932 caeteri
951 1874 1174 1931 fratres.

926 1987 1154 2044 CXLIV.
1186 2018 1253 2028 —
1285 1989 1556 2045 Theodoro
1589 1993 1835 2061 patricio.

2312 591 2403 638 τες
2435 577 2544 629 τῶν
2575 582 2950 651 μοναστηρίων
2975 585 3262 654 ἁπαρχῆς,
3293 589 3386 640 καὶ
3413 589 3504 641 διὰ
3539 592 3797 664 Χριστὸν
3828 597 3922 648 δε-

2309 669 2599 738 διωγμένοι
2657 674 2754 725 σὺν
2809 677 2976 744 ἡμῖνξ
3051 678 3113 728 οὐ
3175 683 3776 750 κατασφραγίσονται,
3844 689 3923 750 ὡς

2309 764 2636 830 παιγνιῶδές
2683 783 2734 819 τι
2788 770 3108 837 πασχόντων
3143 771 3343 841 ἡμῶν;
3396 775 3492 840 Μὴ
3542 779 3913 845 πλανᾶσθε,

2307 857 2474 922 φησὶν
2520 860 2548 909 ὁ
2613 858 2975 924 ’Λπόστολος,
3014 863 3160 928 Θεὸς
3214 865 3286 916 οὺ
3329 868 3793 934 μυκτηρίζεται.
3849 875 3910 925 Ἡ

2303 946 2560 1014 ὁμολογία
2593 949 2828 1018 Χριστοῦ
2863 951 2924 1002 οὑ
2972 953 3312 1006 κεκοίνωται·
3347 958 3448 1010 κᾶν
3478 975 3626 1021 τινες
3670 966 3906 1015 οἴωνται

2303 1039 2478 1101 ἄλλως
2508 1043 2726 1111 φρονεῖν
2767 1043 2861 1095 καὶ
2912 1044 3109 1111 λέγειν.
3143 1045 3306 1098 ’Ὥστε
3351 1050 3399 1100 εἰ
3446 1049 3653 1117 βούλει.
3691 1054 3904 1121 ἀδελφέ

2300 1129 2646 1200 ἠγαπημένε,
2674 1132 2792 1200 μεθ’
2827 1133 2982 1202 ἡμῶν
3005 1135 3112 1186 τῶν
3134 1138 3405 1190 ταπεινῶν
3431 1142 3728 1210 τετάχθαι,
3762 1146 3903 1196 ὑπο-

2297 1222 2548 1293 χώρησον
2579 1225 2684 1292 τῆς.
2701 1226 2936 1295 κατοχῆς
2966 1227 3060 1279 τοῦ
3114 1233 3479 1300 μοναστηρίου
3500 1273 3514 1294 ,
3568 1235 3760 1299 καθὼς
3799 1239 3900 1289 καὶ

2296 1317 2570 1387 ὑπέσχου·
2609 1318 2767 1371 τοῦτο
2801 1320 2910 1389 γὰρ
2961 1323 3055 1373 καὶ
3101 1322 3549 1396 παρακαλοῦμεν·
3595 1331 3679 1390 εἰς
3725 1332 3897 1383 τοῦτο

2295 1408 2388 1460 καὶ
2434 1409 2870 1478 προσευχόμεθα·
2913 1411 2999 1464 ἴνα
3031 1412 3106 1475 ὡς
3135 1414 3194 1466 τὸ
3239 1416 3428 1480 ἐντὸς,
3478 1418 3658 1482 οὕτως
3697 1423 3798 1472 καὶ
3833 1423 3895 1474 τὸ

2293 1501 2450 1564 ἐκτὸς
2482 1501 2758 1570 ὁρθόδοξος
2784 1503 3054 1574 ὑπάρχῃς,
3088 1506 3186 1574 τὴν
3217 1510 3403 1576 τιμίαν
3430 1527 3522 1562 σου
3553 1512 3739 1583 ψυχὴν
3777 1515 3888 1566 σώ-

2291 1591 2420 1658 ζων,
2465 1589 2532 1664 ἧς
2573 1594 2723 1646 οὐδὲν
2763 1596 3010 1660 ἀντάξιον
3061 1598 3170 1650 τῶν
3203 1602 3518 1670 ὁρωμένων.
3583 1605 3643 1657 Ὁ
3689 1605 3888 1675 κύριος

2287 1686 2720 1755 ἀρχιεπίσκοπος
2763 1689 2859 1739 σὺν
2907 1690 3039 1757 ἡμῖν
3091 1690 3317 1744 πλεῖστα
3353 1697 3759 1764 προσαγορεύει
3798 1715 3882 1762 σε,

2288 1777 2457 1845 φιλῶν
2491 1777 2588 1846 τὴν
2631 1777 2904 1846 σωτηρίαν
2959 1796 3052 1831 σου
3103 1781 3263 1849 ἄγαν,
3307 1786 3428 1836 ἐπεὶ
3478 1788 3575 1838 καὶ
3612 1789 3666 1838 οἱ
3701 1788 3885 1840 λοιποὶ

2215 1875 2254 1929 Β
2284 1870 2524 1938 ἀδελφοί.

2423 1985 2573 2038 ΡΜΔ¹
2619 1983 2752 2054 (35).
2787 2013 2853 2024 -
2886 1983 3160 2052 Θεοδώρῳ
3188 1987 3492 2054 πατρικίῳ.
3524 1987 3728 2060 [ψκοικ]

1877 2110 2167 2160 Consolatur
2202 2109 2254 2158 in
2273 2103 2410 2155 obitu
2435 2097 2620 2150 uxoris.

667 2209 799 2262 Sera
832 2207 996 2263 nimis
1020 2208 1249 2278 epistola
1278 2226 1291 2262 :
1316 2208 1410 2264 sed
1436 2209 1564 2279 quia
1597 2210 1772 2266 serius
1813 2213 2062 2268 nuntium
2095 2213 2176 2269 fe-

595 2300 763 2354 ralem
795 2300 1112 2368 accepimus
1135 2301 1200 2354 de
1226 2302 1536 2355 calamitate
1571 2317 1691 2372 quae
1735 2303 1958 2359 domino
1989 2317 2177 2362 nostro

593 2391 812 2446 accidit.
874 2390 918 2446 Ο
968 2391 1366 2460 gemebundam
1412 2395 1823 2450 narrationem!
1874 2396 2178 2467 Dereliquit

594 2497 695 2537 nos
727 2481 1102 2536 desiderabilis
1148 2483 1404 2548 domina;
1453 2485 1677 2540 avulsus
1729 2501 1788 2542 es
1843 2487 1912 2540 ab
1959 2489 2177 2558 egregia

595 2571 864 2642 conjuge;
897 2573 1161 2642 abruptus
1208 2589 1237 2627 a
1286 2575 1504 2628 laudata
1552 2591 1751 2642 carne,
1795 2579 1935 2633 sicut
1995 2596 2176 2636 sermo

594 2681 750 2721 sacer
800 2667 1039 2732 loquitur
1071 2685 1084 2720 :
1123 2665 1297 2721 Erunt
1334 2674 1438 2721 duo
1480 2670 1534 2722 in
1562 2686 1717 2723 carne
1757 2689 1863 2725 una
1893 2673 1960 2726 ⁸ο.
2014 2673 2172 2739 Quod

593 2757 638 2810 si
675 2756 836 2825 plane
865 2769 995 2810 caro
1029 2770 1135 2809 una
1162 2794 1177 2815 .
1232 2756 1376 2808 haud
1428 2757 1588 2810 dubie
1638 2761 1910 2827 separatio
1967 2771 2172 2816 tantam

595 2847 808 2918 plagam
841 2846 1006 2902 infert
1046 2847 1112 2901 iis
1144 2847 1234 2917 qui
1273 2857 1619 2916 separantur,
1659 2860 1919 2919 quantam
1959 2853 2174 2921 gladius

590 2940 770 3006 eﬂicit,
805 2937 1081 2992 hominem
1104 2954 1272 2992 unum
1297 2939 1350 2992 in
1378 2939 1514 2994 duas
1550 2950 1732 3009 partes
1761 2957 1972 2997 secans.
2004 2945 2172 2998 Acer-

593 3030 659 3082 ba
697 3044 926 3099 prorsus
961 3029 1130 3082 sectio
1156 3048 1167 3082 :
1197 3029 1424 3098 fluitque
1453 3032 1855 3099 quodammodo
1887 3034 1955 3088 ab
1995 3037 2171 3093 oculis

592 3121 788 3176 vestris
821 3121 1042 3191 sanguis
1073 3136 1086 3172 :
1120 3137 1219 3174 nec
1243 3131 1323 3174 est
1349 3122 1617 3192 malagma
1659 3124 1804 3195 quod
1835 3127 2168 3195 imponatur,

591 3228 694 3268 nec
730 3212 895 3266 fascia
924 3227 1046 3281 qua:
1075 3212 1440 3282 circumliget,
1470 3224 1732 3284 quantum
1769 3218 1835 3270 ad
1861 3232 2018 3287 opem
2067 3220 2168 3274 hu-

592 3319 807 3358 manam
835 3305 1045 3358 attinet.
1080 3303 1446 3374 Praeterquam
1465 3307 1608 3375 quod
1646 3323 1767 3377 quae
1789 3309 1940 3374 obiit,
1966 3311 2167 3380 coujux

588 3405 711 3450 erat
743 3412 847 3448 non
887 3395 1127 3464 vulgaris
1155 3397 1335 3465 pretii,
1369 3398 1462 3451 sed
1497 3399 1769 3453 laudanda
1801 3401 1952 3456 valde
1987 3413 2040 3456 et
2064 3405 2164 3457 ad-

2353 2206 2562 2279 Βραδὺς
2583 2203 2677 2256 τοῦ
2717 2202 2910 2274 καιροῦ
2944 2201 3005 2255 τὸ
3033 2204 3432 2274 γραμματεῖον,
3480 2204 3597 2255 ἀλλ’
3643 2208 3726 2258 ὅτι
3780 2209 3874 2261 tat

2279 2297 2496 2369 βράδιον
2539 2295 2940 2365 ὴκουτίσθημεν
2994 2295 3096 2364 τὴν
3146 2295 3489 2348 ἁπευκταίαν
3545 2299 3722 2368 ἀκοὴν
3777 2301 3872 2368 τῆς

2275 2389 2611 2455 ἐπελθούσης
2643 2389 2928 2456 συμφορᾶς
2960 2386 3036 2456 τῷ
3087 2388 3344 2457 ἡμετέρῳ
3378 2389 3642 2459 δεσπότῃ.
3685 2392 3800 2442 Καὶ
3831 2392 3873 2443 ib

2273 2479 2373 2547 τῆς
2406 2479 2767 2545 στενακτικῆς
2806 2478 3181 2546 ἁπαγγελίαςῑ
3227 2481 3613 2534 Ἀπολέλοιπεν
3651 2485 3808 2553 ἡμᾶς
3839 2487 3867 2551 ἡ

2274 2570 2486 2640 ποθητὴ
2518 2571 2704 2640 κυρία·
2739 2570 2985 2641 ἐτμήθης
3010 2571 3110 2640 τῆς
3153 2571 3323 2640 καλῆς
3356 2573 3660 2640 ὁμοζύγου·
3692 2578 3868 2645 dte;—

2275 2663 2450 2732 ρἀης
2477 2663 2576 2729 τῆς
2602 2662 2995 2731 ἐπαινουμένης
3028 2663 3246 2732 σαρκὸς,
3277 2658 3418 2735 ᾖπέρ
3447 2681 3617 2732 φησιν
3655 2669 3684 2718 ὁ
3720 2655 3867 2737 ίερὸξ

2271 2756 2449 2822 λόγος·
2484 2757 2771 2809 Ἔσονται
2797 2759 2851 2808 οι
2881 2755 2991 2808 δύο
3024 2758 3109 2821 εὶς
3156 2756 3354 2823 σάρκα
3377 2758 3548 2824 μίαν.
3580 2758 3646 2810 Ei
3680 2759 3739 2810 δὲ
3765 2759 3862 2828 μία

2274 2847 2411 2915 σὰρξ
2439 2847 2887 2914 ὁμολογουμένως
2909 2887 2923 2910 ,
2953 2847 3196 2915 δηλονότι
3235 2849 3262 2899 ὁ
3297 2847 3675 2918 διαχωρισμὸς
3706 2851 3860 2920 τηλι-

2272 2939 2480 3008 καύτην
2531 2938 2628 3009 τὴν
2670 2938 2886 3008 πληγὴν
2931 2938 3105 3007 ὲνίησι
3153 2942 3264 3000 τοῖς
3314 2939 3692 3009 χωρισθεῖσιν,
3742 2944 3862 2993 οἰαν

2271 3034 2420 3085 ποιεῖ
2456 3033 2700 3103 μάχαιρα
2724 3030 2996 3100 τέμνουσα
3023 3032 3102 3092 εἰς
3135 3031 3227 3082 δύο
3275 3032 3367 3082 τὸν
3411 3033 3506 3083 ἕνα
3539 3033 3855 3102 ἄνθρωπον.

2283 3124 2535 3194 Ἀλγεινὴ
2566 3126 2599 3195 ὴ
2623 3125 2764 3192 τομὴ
2787 3122 2861 3192 τῷ
2891 3122 3026 3187 ὁντι,
3052 3122 3145 3173 καὶ
3174 3122 3232 3173 τὸ
3253 3116 3392 3191 αἷμα
3413 3124 3578 3174 οἱονεὶ
3619 3127 3706 3192 ῥεῖ
3737 3123 3856 3176 κατ’

2269 3217 2583 3287 ὀφθαλμοὺς
2627 3216 2801 3284 ὑμῶν·
2834 3217 2926 3268 καὶ
2963 3215 3062 3267 οὐκ
3093 3216 3208 3268 ἐστι
3253 3215 3519 3285 μάλαγμα
3556 3217 3851 3282 ἐπιθεῖναι,

2268 3311 2390 3364 οὐδὲ
2437 3308 2849 3377 καταδέσμους,
2899 3307 3022 3359 ὅσον
3071 3307 3128 3370 ἐξ
3179 3305 3529 3374 ἀνθρωπείας
3571 3305 3849 3375 βοηθείας.

2272 3401 2483 3461 Ἀλλως
2511 3399 2591 3450 ὅτι
2640 3398 2734 3449 καὶ
2769 3397 2801 3465 ἡ
2831 3394 3209 3457 ἀπολιποῦσα,
3257 3397 3358 3464 οὐχ
3403 3395 3478 3457 ὠς
3526 3396 3688 3465 ἔτυχε
3745 3399 3850 3451 τῶν

589 3487 860 3540 miranda.
903 3484 1148 3540 Primum
1194 3487 1412 3556 quidem
1470 3488 1593 3543 fidei
1651 3490 1907 3560 pietatem
1957 3493 2164 3550 habens

2276 3489 2574 3559 ὁμοζύγων,
2607 3486 2742 3538 ἀλλὰ
2796 3485 2890 3538 καὶ
2939 3483 3059 3537 λίαν
3109 3484 3369 3552 ἐπαινετὴ
3414 3487 3510 3536 καὶ
3541 3483 3845 3554 θαυμασία.

589 3578 824 3642 ﬁrmam,
858 3577 1072 3647 virique
1101 3592 1366 3646 amorem,
1399 3580 1444 3634 si
1465 3595 1587 3649 quae
1607 3581 1709 3634 alia
1734 3599 1747 3634 :
1769 3583 1911 3650 quod
1938 3596 2163 3640 sanctus

587 3675 882 3743 Apostolus
929 3683 1057 3727 ante
1097 3673 1279 3727 omnia
1310 3674 1540 3742 requirit
1563 3673 1617 3728 iu
1644 3675 1912 3745 coniugiis
1938 3678 2004 3728 δι.
2036 3676 2164 3732 lude

585 3779 638 3822 et
675 3783 771 3837 pro
802 3767 905 3820 viri
943 3767 1122 3836 capite
1143 3781 1334 3834 preces
1365 3766 1539 3836 ipsius
1561 3776 1614 3821 et
1642 3768 1921 3822 orationes
1951 3769 2162 3824 clamo-

587 3876 804 3929 resque,
846 3868 900 3914 et
952 3858 1247 3913 assiduitas
1279 3859 1422 3927 apud
1462 3859 1674 3926 Deum;
1730 3874 1855 3914 cum
1892 3873 2162 3917 nocturna

586 3952 781 4005 itinera
814 3949 976 4005 nudis
1000 3950 1228 4020 pedibus
1271 3951 1429 4004 iniret
1457 3950 1612 4004 beata
1645 3951 1861 4018 mulier,
1915 3962 1975 4007 ut
2019 3955 2160 4010 Deus

587 4041 672 4094 his
695 4039 859 4092 rebus
885 4037 949 4090 ad
984 4037 1418 4092 misericordiam
1448 4037 1777 4095 ﬂecteretur.
1807 4040 1947 4106 Quid
1976 4051 2156 4096 autem

584 4145 714 4185 cura
743 4129 977 4184 domus?
1010 4129 1141 4198 quid
1196 4129 1491 4183 liberorum
1535 4130 1828 4184 educatio?
1861 4131 1990 4201 quid
2035 4149 2161 4202 pro-

585 4223 750 4277 tectio
775 4221 1104 4276 servorum?
1148 4236 1362 4275 morum
1413 4221 1640 4286 candor,
1689 4231 1742 4276 et
1795 4225 1966 4294 gratia
2015 4225 2158 4294 apud

583 4313 837 4369 amicos?
873 4315 1087 4383 generis
1104 4311 1458 4367 conciliatio?
1489 4313 1635 4366 nulla
1663 4313 1926 4370 adversus
1952 4316 2157 4372 honore

583 4419 742 4473 pares
781 4403 1024 4458 invidia?
1053 4405 1106 4457 in
1135 4404 1297 4458 rebus
1327 4410 1508 4456 autem
1540 4405 1796 4459 omnibus
1832 4407 2070 4475 gravitas
2103 4418 2157 4463 et

583 4496 895 4550 modestia?
919 4511 1041 4566 qua:
1066 4510 1162 4566 pro
1193 4495 1491 4549 monilibus
1519 4497 1723 4560 aureis,
1761 4497 2156 4567 ordinibusque

582 4589 1020 4656 margaritarum,
1054 4597 1106 4642 et
1140 4587 1382 4642 vestibus
1411 4587 1666 4656 pretiosis
1718 4587 2150 4645 laudatissimam

580 4678 838 4732 feminam
868 4694 1058 4733 revera
1097 4680 1384 4743 ornabant,
1444 4686 1498 4732 et
1542 4679 1686 4732 domi
1741 4691 2068 4745 manentem,
2099 4691 2153 4737 et

580 4769 727 4825 foras
759 4771 1158 4840 procedentem,
1200 4780 1254 4824 et
1285 4785 1410 4825 cum
1436 4771 1490 4824 in
1522 4771 1686 4841 regiis
1713 4773 1930 4840 palatiis
1960 4789 2149 4829 cerne-

581 4863 758 4916 batur.
781 4863 1028 4916 Attamen
1046 4862 1296 4916 abierunt
1317 4862 1432 4917 haec
1456 4863 1658 4926 omnia,
1683 4862 1920 4931 factique
1936 4881 2146 4930 sumus,

580 4965 636 5008 ut
666 4971 733 5009 ex
769 4955 1072 5009 vehementi
1106 4954 1302 5010 affectu
1337 4955 1549 5026 loquar,
1576 4956 1878 5010 semineces
1898 4967 1953 5013 et
1981 4959 2147 5013 abru-

576 5051 688 5118 pti;
725 5049 805 5102 vel
847 5058 906 5102 ut
951 5064 1072 5103 cum
1106 5049 1330 5118 psalmis
1367 5051 1551 5119 potius
1577 5050 1780 5115 dicam,
1816 5053 1952 5105 sicut
1975 5055 2147 5122 nycti-

2268 3579 2490 3647 Πρῶτον
2515 3579 2612 3648 μὲν
2641 3573 2733 3630 οὖν
2759 3576 2957 3646 ἔχουσα
2977 3577 3038 3628 τὸ
3059 3575 3284 3637 εὐσεϐὲς
3304 3574 3404 3644 τῆς
3430 3576 3673 3639 πίστεως
3701 3578 3845 3630 ἀκλι-

2264 3673 2374 3736 νὲς,
2407 3673 2467 3724 τὸ
2496 3671 2802 3739 φίλανδρον,
2830 3671 2879 3722 εί
2908 3670 3000 3722 καί
3027 3687 3110 3732 τις
3133 3669 3287 3738 ἄλλη·
3325 3669 3462 3738 ὅπερ
3493 3670 3721 3722 ἀπαιτεί
3745 3671 3843 3740 πρὸ

2264 3769 2482 3820 πάντων
2511 3768 2568 3819 ὲν
2597 3769 2717 3826 ταῖς
2759 3763 3046 3832 συζυγίαις
3091 3766 3118 3817 ὁ
3164 3764 3308 3833 ἱερὸς
3346 3763 3694 3826 Ἀπόστολος.
3755 3766 3838 3829 Ἐξ

2263 3855 2324 3913 οὗ
2356 3861 2450 3912 καὶ
2476 3859 2615 3928 ὑπὲρ
2645 3858 2744 3927 τῆς
2774 3857 3014 3925 κεφαλῆς
3049 3856 3260 3924 δεήσεις
3289 3871 3349 3906 τε
3395 3856 3490 3907 καὶ
3516 3858 3834 3925 προσευχαὶ.

2264 3953 2482 4021 βοήσεις
2514 3968 2572 4003 τε
2603 3951 2698 4002 καὶ
2730 3948 3044 4018 προσεδρίαι
3075 3946 3214 4016 Θεῷ,
3255 3947 3710 4015 γυμνοποδούσης
3741 3949 3834 4015 τῆς

2264 4041 2541 4112 μακαρίας
2581 4043 2639 4094 ὲν
2687 4041 2805 4100 ταῖς
2844 4038 3265 4108 νυκτοπορίαις,
3297 4036 3373 4097 ὼς
3416 4035 3482 4089 ἂν
3535 4037 3833 4089 κάντεῦθεν

2259 4135 2566 4203 κάμπτοιτο
2594 4133 2730 4202 πρὸς
2767 4131 2914 4183 ἔλεον
2955 4129 3108 4192 Θεός.
3148 4127 3213 4180 Τί
3255 4128 3310 4180 δὲ
3351 4128 3413 4180 τὸ
3455 4129 3738 4198 οίκουρόνς
3780 4129 3830 4180 τί

2257 4228 2313 4280 δὲ
2344 4227 2405 4278 τὸ
2440 4223 2829 4295 τεκνοτρεφές;
2869 4223 2920 4275 τί
2963 4222 3021 4274 δὲ
3054 4221 3116 4274 τὸ
3156 4220 3291 4288 πρὸς
3322 4221 3448 4281 τοὺς
3479 4221 3702 4284 δούλους
3731 4239 3824 4273 πε-

2261 4319 2631 4388 ριποιητικόν;
2681 4316 2742 4368 τό
2779 4332 2840 4367 τε
2881 4313 3084 4367 ἁπλοῦν
3127 4312 3221 4365 τοῦ
3271 4312 3465 4383 ἤθους,
3503 4313 3599 4364 καὶ
3643 4314 3825 4382 χαρίεν

2256 4411 2393 4481 πρὸς
2457 4411 2583 4472 τοὺς
2638 4407 2863 4477 φίλουςς
2915 4407 3008 4459 καὶ
3060 4405 3391 4458 συναπτικὺν
3445 4405 3540 4456 τοῦ
3598 4407 3818 4472 γένους;

2255 4500 2484 4569 ἄφθονόν
2507 4517 2565 4552 τε
2597 4500 2731 4566 πρὸς
2756 4499 2852 4560 τὰς
2887 4497 3190 4559 ίσοκλεεῖς;
3226 4498 3320 4548 καὶ
3368 4496 3428 4548 τὸ
3475 4497 3606 4566 περὶ
3652 4498 3820 4550 πάντα

2256 4591 2634 4660 σεμνοπρεπές
2661 4607 2719 4642 τε
2751 4591 2844 4642 καὶ
2879 4589 3138 4658 κόσμιον;
3175 4589 3316 4658 ἆπερ
3347 4588 3488 4656 ὑπὲρ
3516 4589 3817 4656 ὲμπλοκίων

2253 4685 2499 4754 χρυσέων
2537 4685 2630 4736 καὶ
2669 4683 3082 4751 διακοσμήσεων
3126 4681 3505 4752 μαργαριτῶν,
3537 4681 3635 4733 καὶ
3664 4682 3816 4750 eger,-

2251 4794 2358 4829 των
2389 4775 2715 4839 πολυτελῶν,
2748 4775 3025 4843 διεκόσμει
3067 4773 3237 4834 ὅντως
3274 4774 3374 4843 τὴν
3404 4773 3650 4842 ἀοίδιμον
3684 4773 3810 4826 ἐκεί-

2251 4885 2369 4938 νην,
2417 4870 2510 4921 καὶ
2544 4867 2680 4920 οἴκοι
2716 4867 3004 4936 μένουσαν,
3052 4866 3146 4919 καὶ
3180 4865 3436 4935 προόδους
3470 4866 3808 4935 ποιουμένην,

2249 4962 2344 5014 παλ⁸
2372 4963 2428 5012 ὲν
2459 4961 2745 5030 βασιλείοις
2772 4960 2962 5022 αὐλαῖς
2991 4960 3296 5028 ὁρωμένην.
3337 4957 3476 5009 Ἀλλ’
3503 4959 3654 5027 ὅμως
3681 4961 3811 5028 οἴχεο

2248 5073 2338 5107 ται
2365 5053 2536 5106 ταῦτα
2570 5053 2765 5117 πάντα,
2795 5054 2889 5104 καὶ
2921 5051 3242 5120 ἐγενόμεθα,
3264 5051 3585 5122 περιπαθῶς
3628 5055 3804 5110 εἰπεῖν,

576 5159 740 5196 corax
773 5144 825 5196 in
853 5141 1145 5204 domicilio,
1195 5153 1243 5196 et
1289 5143 1426 5196 sicut
1458 5159 1640 5212 passer
1677 5143 1948 5197 solitarius
1981 5147 2036 5200 in
2071 5156 2147 5200 te-

2276 5146 2500 5216 ιμιθνεῖς
2531 5146 2623 5198 καὶ
2652 5144 3059 5214 ἁπερῤωγότες·
3093 5143 3292 5212 μᾶλλον
3324 5143 3402 5206 δὲ,
3426 5143 3715 5213 ψαλμικῶς
3742 5148 3807 5196 εἰ-

577 5246 657 5290 cto
670 5238 735 5301 δ’,
763 5237 985 5290 domum
1008 5235 1409 5305 conspicientes
1432 5235 1661 5305 prazside
1685 5251 1783 5291 sua
1807 5237 2142 5304 destitutam,

2250 5243 2389 5299 πεῖν,
2418 5237 2560 5292 ὡσεὶ
2589 5237 2946 5304 νυκτικόραξ
2976 5237 3044 5288 ἐν
3067 5237 3378 5301 οὶκοπέδῳ,
3401 5238 3483 5303 ὡς
3506 5239 3806 5306 στρουθίον

577 5341 741 5400 atque
776 5330 829 5383 in
861 5329 1034 5384 oculis
1065 5329 1261 5384 vestris
1297 5328 1519 5391 liberos,
1552 5327 1645 5398 qui
1676 5343 1774 5382 vos
1803 5330 2142 5398 amplectun-

2276 5328 2497 5389 εονὰζον
2527 5329 2626 5381 ἐπὶ
2671 5329 2924 5397 δώματι·
2963 5328 3197 5398 ὁρῶντες
3237 5329 3337 5398 τὴν
3385 5330 3566 5383 οἰκίαν
3621 5330 3804 5400 ἔρημον

577 5431 663 5476 tur
694 5431 747 5476 et
788 5438 924 5492 quos
954 5419 1367 5491 amplectimini,
1393 5434 1500 5474 non
1531 5419 1792 5475 habentes
1826 5420 1917 5474 ubi
1954 5435 2144 5475 eorum

2276 5416 2343 5483 ἧς
2393 5415 2834 5486 προστατούσης·
2867 5416 2934 5469 τὰ
2973 5416 3140 5470 τέκνα
3184 5417 3292 5488 πρὸ
3324 5418 3624 5488 ὀφθαλμῶν
3673 5419 3802 5490 ὑμῶν

646 5605 688 5634 ⁵³
720 5602 895 5655 Galat.
925 5616 998 5661 vI,
1037 5601 1088 5653 7.
1164 5601 1208 5633 '°
1236 5599 1369 5657 Gen.
1405 5618 1460 5666 ιι,
1488 5601 1580 5658 24.

1661 5602 1702 5634 ⁵³
1735 5601 1842 5655 Tit.
1882 5615 1941 5666 tt,
1977 5601 2031 5656 4.
2108 5599 2151 5632 ⁵¹
2185 5597 2325 5654 Psal.
2365 5620 2438 5665 cr,
2476 5603 2526 5658 7.

2071 5713 2300 5770 NOTAE.

642 5805 752 5875 (55)
786 5806 841 5859 lu
867 5806 984 5861 cod.
1026 5806 1153 5874 Reg.
1185 5807 1306 5876 ρξε’.
