3964 6320
124 408 252 472 1453

1305 411 1840 471 EPISTOLARUM
1896 410 2045 469 LIB.
2090 410 2172 469 ll.

3232 406 3368 472 1454

117 527 544 599 περικυκλοῦντα
573 529 663 579 καὶ
703 527 1194 597 περικυκλούμενα,
1223 528 1323 580 οῦκ
1360 529 1552 597 ἔχοντα
1584 526 1688 578 ποῦ

1821 543 1989 581 nanus
2014 527 2338 592 innituntur,
2367 527 2510 580 unde
2536 527 2725 579 matris
2751 527 2960 588 oscula,
2991 526 3217 581 lacteam
3250 533 3371 581 vita:

117 620 427 690 ἁπερείσειε
470 621 567 681 τὰς
597 622 790 689 χεῖρας
811 659 825 683 ,
858 619 980 672 ὅθεν
1005 619 1222 674 λάϐοιεν
1251 621 1525 690 μητρικὸν
1552 638 1692 672 ποπ-

116 713 350 780 πυσμὸν,
396 709 719 780 γαλουχικέιν
769 709 1102 781 ἐμψύχωμαο
1157 714 1356 780 στεγνὴ
1408 714 1440 781 ἡ
1508 711 1694 774 ἐστία,

115 803 273 854 οἱονεὶ
297 802 450 870 ἡλίου
479 801 648 872 αὐτὴν
691 800 1072 865 ἀπολιπόντοςο
1110 802 1323 855 κελαδεῖ
1346 802 1402 854 δὲ
1430 802 1605 864 οὐδεὶς
1638 802 1695 854 ἐν

113 910 171 944 τε
199 896 309 955 τοῖς
343 893 446 945 ὠσὶ
489 892 584 945 σοῦ
615 909 676 944 τε
709 894 801 946 καὶ
833 893 942 946 τῶν
987 894 1192 945 τέκνων
1219 893 1310 945 καὶ¹
1340 892 1558 945 πάντων
1588 892 1698 945 τῶν

115 983 464 1053 ὑποχειρίων,
493 984 744 1054 ἀπούσης
765 984 980 1053 ἐκείνης
1005 983 1104 1052 τῆς
1136 984 1303 1046 ὅντως
1327 984 1698 1051 καλλοφώνου,

114 1077 207 1125 καὶ
227 1074 535 1142 τερπούσης
553 1074 681 1134 τοὺς
709 1075 1000 1132 ἐπαΐοντας
1028 1076 1093 1144 τῇ
1124 1074 1196 1137 ὡς
1229 1074 1444 1144 ἀληθῶς
1474 1074 1700 1144 ἐμμελεῖ

114 1163 346 1228 διαλέξει
374 1183 429 1216 τε
454 1164 549 1216 καὶ
580 1165 901 1233 ὑπαντήσει.
930 1165 1171 1217 Ἐλεεινὰ
1194 1164 1366 1217 ταῦτα
1391 1162 1578 1227 ὅντως,
1606 1166 1701 1218 καὶ

117 1257 465 1315 στενακτικά,
513 1259 607 1309 καὶ
638 1256 1151 1326 τροπολογούμενα,
1191 1257 1284 1309 καὶ
1319 1257 1696 1323 διανοούμενα.

201 1351 363 1402 Ἀλλὰ
394 1350 446 1402 τί
481 1350 766 1418 πάθωμεν,
799 1343 844 1403 ὦ
896 1349 1170 1412 δέσποτα;
1203 1349 1339 1401 Θεοῦ
1373 1351 1703 1420 πρόσταγμά

117 1446 253 1505 ἐστι,
290 1444 488 1512 μᾶλλον
519 1441 575 1494 δὲ
615 1441 915 1512 ἀπόφασις,
962 1441 1050 1494 διὰ
1091 1441 1184 1495 τοῦ
1217 1442 1360 1494 θείου
1389 1442 1549 1495 Δαυῖδ
1578 1444 1702 1514 ᾅδο-

122 1553 239 1604 μεν·
301 1539 422 1589 οὐκ
473 1536 647 1588 ἐστιν
695 1535 1008 1602 ἄνθρωπος
1059 1534 1126 1600 ὃς
1173 1533 1415 1600 ζήσεται
1449 1535 1546 1587 καί
1591 1537 1703 1588 οὐκ

119 1629 328 1698 ὄψεται
353 1627 633 1682 θάνατον.
673 1625 831 1680 Οῦτω
858 1629 967 1689 πᾶς
997 1644 1082 1690 τις
1112 1628 1220 1679 ἀπὸ
1261 1626 1433 1696 Ἀδὰμ
1460 1627 1553 1679 τοῦ
1579 1645 1705 1695 προ-

118 1723 356 1792 πάτορος
409 1720 563 1790 ἡμῶν
615 1719 779 1790 μέχρι
831 1719 926 1771 τοῦ
975 1718 1135 1789 δεῦρο
1189 1719 1448 1773 εἰσελθὼν
1494 1722 1574 1783 εἰς
1616 1718 1706 1773 τὸν

117 1815 322 1883 κόσμον
356 1814 444 1865 διὰ
473 1813 812 1882 γεννήσεως,
860 1810 1026 1864 πάλιν
1074 1812 1238 1876 ἔξεισι
1281 1813 1351 1866 δι’
1396 1809 1706 1876 ἀναλύσεως

115 1910 199 1971 είς
233 1907 324 1959 τὸν
354 1905 534 1958 ἐκεῖσε
562 1907 765 1975 κόσμον
797 1903 1129 1974 ὑψηλότερον
1166 1923 1225 1957 τε
1255 1906 1349 1958 καὶ
1378 1905 1706 1958 θεοειδέστε-

119 2015 233 2070 ρον.
265 1996 577 2063 Σπείρεται
609 1996 739 2063 γὰρ,
777 1988 963 2065 φησὶν,
995 1997 1064 2049 ἐν
1092 1993 1305 2064 φθορᾷ,
1329 1995 1613 2063 ἐγείρεται
1638 1995 1707 2046 ὲν

115 2088 445 2158 ἀφθαρσίᾳ·
475 2089 782 2155 σπείρεται
803 2088 873 2142 ἐν
896 2088 1119 2155 ἀτιμίᾳ,
1142 2089 1425 2156 ἐγείρεται
1451 2087 1519 2140 ἐν
1535 2087 1703 2154 δόξῃ·

116 2182 429 2248 σπείρεται
479 2182 548 2233 ἐν
597 2182 921 2248 ἀσθενείᾳ,
978 2182 1264 2250 ἐγείρεται
1313 2181 1383 2234 ἐν
1435 2179 1706 2248 δυνάμειο

116 2276 429 2343 σπείρεται
471 2274 642 2340 σῶμα
669 2275 958 2343 ψυχικὸν,
992 2275 1278 2344 ἐγείρεται
1308 2271 1478 2338 σῶμα
1523 2290 1708 2327 πνευ-

112 2367 393 2436 ματικόν.
431 2365 731 2434 ’ἰσάγγελοι
765 2365 874 2436 γὰρ
905 2366 1043 2436 ἐσόμ
1079 2366 1169 2430 θα,
1195 2365 1289 2418 καὶ
1324 2366 1432 2417 υἱοὶ
1459 2365 1560 2433 τῆς
1581 2365 1710 2417 ἀνα-

121 2459 389 2522 στάσεως,
425 2455 520 2509 τοῦ
573 2456 769 2526 θνητοῦ
809 2456 913 2510 ὑπὸ
946 2458 1045 2525 τῆς
1086 2456 1234 2526 ζωῆς
1278 2457 1705 2519 καταποθέντος.

132 2551 322 2621 Ὁρᾷς,
348 2545 402 2602 ’ὦ
453 2550 714 2613 δέσποτα,
750 2550 834 2604 ὅτι
868 2552 914 2603 εἰ
954 2551 1048 2603 καὶ
1081 2550 1436 2602 ἀπολέλοιπεν
1480 2551 1627 2619 ἡμᾶς
1677 2551 1709 2619 ὴ

118 2645 291 2716 κυρία
315 2685 329 2709 ,
374 2644 488 2697 ἀλλ’
543 2647 620 2706 εἰς
660 2645 774 2713 φῶς
822 2642 1140 2713 ἐξελήλυθεν
1183 2642 1290 2695 ἀπὸ
1330 2624 1588 2707 σκότους’,
1620 2643 1712 2695 καὶ

116 2738 236 2791 ἀπὸ
264 2731 409 2807 ζωῆς
437 2739 704 2807 ἐπικήρου
735 2738 838 2802 είςί
860 2737 1129 2790 ἀθάνατον
1154 2735 1308 2805 λῆξιν
1335 2752 1348 2800 ;
1388 2737 1508 2788 ἐκεῖ
1544 2735 1712 2803 αὐτὴν

121 2829 245 2899 Mue;
277 2829 474 2898 μικρὸν
531 2827 783 2900 ὕστερον,
824 2827 1170 2898 μεταϐαίνων
1199 2827 1294 2879 καὶ
1332 2826 1516 2888 αὐτὸς.
1552 2826 1712 2877 ’Ὠστε

117 2922 209 2991 μὴ
234 2922 560 2990 λυπὼμεθα
593 2921 786 2987 καθὼς
819 2923 917 2973 καὶ
959 2922 1012 2974 οἱ
1040 2919 1241 2974 λοιποὶ
1272 2922 1325 2973 οί
1350 2919 1437 2988 μὴ
1469 2919 1715 2988 ἔχοντες

122 3014 370 3068 ἐλπίδα·
415 3011 727 3075 ἐλπίζοντες
755 3014 822 3083 τῇ
871 3011 1169 3064 ἀναστάσει
1227 3008 1587 3080 βελτιωθῆναι
1635 3009 1717 3071 εἰς

125 3107 244 3177 ἀπή
256 3123 392 3162 μονα
416 3106 582 3176 ζωήν.
613 3104 707 3168 Εἰς
735 3105 971 3169 ἑαυτοὺς
984 3103 1041 3157 δέ
1060 3104 1278 3175 μᾶλλον,
1295 3102 1716 3174 ύπομιμνήσκω,

1797 619 2208 688 inspirationem
2239 615 2509 673 hauriant.
2535 619 2725 674 Maesta
2767 620 2984 685 domus,
3015 628 3255 688 utquam
3291 619 3372 674 sol

1797 712 2103 766 deseruerit
2132 731 2143 766 :
2180 728 2282 767 nec
2319 713 2459 766 ullus
2486 728 2623 767 sono
2663 713 2864 766 mulcet
2896 719 3019 766 tuas
3045 722 3138 765 aut
3168 713 3339 766 libero

1799 821 1917 859 rum
1942 805 2355 860 subditorumve
2381 806 2627 860 omnium
2651 821 2832 868 aures,
2853 806 3076 860 absente
3109 805 3196 858 illa
3216 805 3373 872 cujus

1800 915 1905 952 vox
1944 913 2068 953 vere
2114 898 2403 967 prmelara,
2455 907 2510 951 et
2567 914 2689 968 quae
2727 899 3012 952 audientes
3070 898 3376 952 oblectabat

1800 990 2069 1045 concinne
2107 1004 2336 1059 prorsus
2374 989 2594 1058 eloquio
2654 997 2707 1042 et
2752 1005 3005 1043 occursu.
3068 989 3375 1043 Miseranda

1800 1085 2024 1139 omnino
2070 1085 2186 1138 haec
2213 1084 2419 1149 omnia,
2447 1092 2502 1137 et
2533 1082 2937 1153 ingemiscenda
2962 1124 2977 1149 ,
3025 1098 3120 1137 seu
3149 1082 3377 1150 ﬁgurate

1801 1179 2074 1242 dicantur,
2103 1192 2199 1232 seu
2239 1176 2573 1245 cogitentur.

1877 1356 1982 1410 Sed
2013 1339 2141 1424 quid
2175 1354 2409 1423 agimus,
2439 1350 2702 1406 domine?
2738 1349 2832 1403 Dei
2885 1359 2969 1404 est
3023 1357 3378 1419 prteceptum,

1804 1463 1898 1508 aut
1930 1452 2114 1522 potius
2164 1448 2451 1511 sententia,
2513 1463 2611 1516 per
2653 1446 2896 1500 divinum
2953 1459 3171 1513 quoque
3211 1443 3376 1496 David

1803 1547 2128 1600 decantata:
2163 1540 2285 1594 Non
2318 1550 2392 1594 est
2425 1539 2577 1592 homo
2628 1539 2717 1609 qui
2754 1539 2902 1600 vivet,
2945 1546 2994 1590 et
3044 1553 3144 1588 non
3188 1536 3379 1588 videbit

1806 1650 2028 1693 mortem
2056 1637 2122 1691 ⁵⁸.
2191 1634 2282 1689 Sic
2330 1634 2641 1704 quicunque
2700 1632 2768 1685 ab
2811 1631 2979 1683 Adam
3032 1630 3381 1700 progenitore

1807 1741 1998 1786 nostro
2031 1732 2094 1784 ad
2133 1730 2273 1783 hanc
2305 1743 2480 1796 usque
2520 1727 2686 1786 diem,
2727 1724 3002 1779 nascendo
3033 1723 3086 1776 in
3115 1723 3380 1777 mundum

1808 1823 2132 1893 ingreditur,
2162 1836 2354 1875 rursus
2389 1835 2483 1888 per
2509 1817 2786 1872 interitum
2811 1816 3006 1886 migrat
3028 1815 3080 1869 in
3115 1815 3380 1869 mundum

1811 1917 1961 1970 illum
1993 1922 2046 1968 et
2087 1913 2468 1968 sublimiorem
2501 1920 2554 1965 et
2585 1909 3037 1980 praestantiorem.
3078 1905 3384 1962 Seminatur

1808 2007 1969 2067 enim,
2011 2005 2120 2068 ait,
2177 2005 2234 2056 in
2273 2004 2625 2072 corruptione,
2664 2000 2832 2068 surgit
2866 2002 2920 2052 in
2945 1999 3383 2066 incorruptione:

1809 2101 2106 2154 seminatur
2130 2099 2182 2152 in
2223 2097 2575 2168 ignobilitate,
2609 2095 2775 2164 surgit
2812 2095 2866 2146 in
2896 2093 3069 2162 gloria
3102 2109 3119 2146 :
3150 2092 3382 2145 semina-

1812 2202 1897 2245 tur
1928 2206 2115 2260 corpus
2142 2187 2395 2251 animale,
2436 2186 2604 2255 surgit
2643 2199 2828 2252 corpus
2858 2181 3136 2251 spirituale
3163 2181 3228 2230 ⁸⁵.
3279 2177 3385 2232 Pa—

1810 2301 1897 2340 res
1931 2285 2077 2354 enim
2133 2282 2343 2352 angelis
2373 2284 2612 2342 erimus,
2670 2288 2725 2332 et
2787 2276 2880 2331 ﬁlii
2939 2272 3384 2332 resurrectionis.

1811 2392 1934 2430 cum
1973 2375 2200 2429 mortale
2241 2373 2346 2425 hoc
2396 2370 2713 2439 absorptum
2777 2366 2941 2421 fuerit
2974 2382 3001 2418 a
3035 2365 3168 2418 vita.
3200 2363 3386 2428 Vides,

1812 2467 2068 2531 domine,
2095 2467 2240 2536 quod
2273 2465 2370 2519 etsi
2414 2462 2635 2532 reliquit
2675 2475 2776 2515 nos
2808 2458 3051 2522 domina,
3103 2458 3155 2510 in
3207 2456 3384 2510 lucem

1814 2572 1992 2616 tamen
2024 2559 2160 2614 abiit
2182 2575 2246 2612 ex
2280 2557 2539 2619 tenebris,
2578 2563 2633 2609 et
2663 2571 2728 2608 ex
2757 2554 2866 2608 vita
2909 2551 3125 2607 mortali
3159 2551 3224 2605 ad
3266 2565 3387 2603 sor-

1816 2667 1920 2711 tem
1953 2651 2366 2709 immortalem?
2398 2649 2474 2703 lbi
2501 2649 2648 2701 illam
2683 2647 3030 2717 postmodum
3059 2642 3386 2712 conspiries.

1815 2749 2087 2818 emigrans
2115 2754 2170 2800 et
2192 2745 2330 2815 ipse.
2357 2742 2536 2809 Quare
2565 2758 2669 2794 non
2718 2740 3092 2793 contristentur
3123 2738 3260 2790 sicut
3286 2751 3389 2789 εω-

1818 2843 1916 2896 teri
1951 2842 2040 2911 qui
2085 2856 2227 2909 spem
2276 2854 2380 2891 non
2434 2835 2623 2888 habent
2654 2836 2739 2900 5";
2787 2831 2907 2888 cum
2955 2844 3238 2899 speremus
3293 2842 3391 2897 per

1818 2933 2299 2994 resurrectionem,
2359 2945 2456 2984 nos
2486 2929 2538 2982 in
2579 2928 2856 2981 meliorem
2891 2934 3086 2981 statum
3131 2923 3393 2993 migratu-

1817 3043 1910 3082 ros
1950 3026 2068 3080 vita:
2093 3024 2259 3078 nullis
2283 3022 2441 3076 malis
2489 3021 2758 3075 obnoxiae.
2789 3019 2929 3084 Quin
2959 3018 3023 3072 ad
3058 3032 3158 3070 nos
3188 3016 3389 3086 potius,

1819 3117 2364 3182 suadeo,redeamus,
2389 3123 2442 3170 et
2472 3115 2694 3168 domum
2730 3122 3001 3175 tueamur,
3023 3119 3076 3165 et
3099 3111 3391 3164 liberorum

125 3200 457 3270 γενώμεθα,
513 3200 608 3253 καὶ¹
662 3201 762 3268 τῆς
799 3196 976 3260 οἰκίας
1013 3195 1405 3265 ἀντεχώμεθα,
1449 3194 1546 3247 καὶ
1606 3192 1713 3246 τῶν

1821 3228 2006 3268 curam
2038 3226 2312 3282 geramus,
2369 3217 2423 3264 et
2455 3223 2563 3278 pra:
2602 3207 2857 3261 omnibus
2896 3204 3144 3275 pretiosa:
3197 3202 3394 3255 animae

127 3293 343 3346 παίδων
378 3292 776 3361 φροντίσωμεν,
812 3289 906 3343 καὶ
952 3289 1058 3360 πρό
1110 3306 1171 3357 γε
1221 3289 1457 3350 πάντων,
1505 3286 1604 3355 τῆς
1640 3285 1711 3338 οἰ-

129 3385 291 3447 κείας
341 3384 527 3452 τιμίας
575 3383 784 3454 ψυχῆς,
822 3384 940 3436 κατ’
987 3381 1201 3450 ἐκείνην
1248 3381 1345 3450 τὴν
1404 3380 1703 3450 μακαρίαν,

130 3481 359 3550 ἀρεταῖς
389 3477 777 3547 κοσμούμενοι,
803 3477 897 3530 καὶ
925 3475 1100 3545 τούτῳ
1127 3475 1432 3545 χαίροντες,
1462 3475 1542 3527 ὅτι
1571 3491 1711 3543 παρ-

131 3567 464 3638 επέμψαμεν
527 3565 792 3637 ὁμόζυγον
835 3566 1044 3619 ἱκέτιδα
1077 3568 1213 3635 πρὸς
1244 3565 1396 3630 Θεὸν,
1443 3564 1537 3617 καὶ
1581 3564 1712 3617 ὑπό-

130 3662 338 3730 δειγμα
387 3659 552 3713 καλοῦ
595 3659 734 3729 βίου,
780 3660 1144 3728 ἐπαφήσασαν
1185 3659 1317 3728 ἡμῖν
1348 3674 1407 3708 τε
1437 3657 1532 3708 καὶ⁵
1576 3657 1710 3709 πᾶσι

131 3756 252 3818 τοῖς
293 3754 613 3824 γνωρίμοις.

136 3867 305 3923 PME'
333 3869 465 3937 (⁵56).
488 3897 558 3906 —-
587 3866 665 3934 Τῆ
729 3866 1186 4008 Τουρμαξῆίσσῃ
1231 3865 1340 3934 τῆς
1404 3865 1715 3932 Ἑλλάδος.

869 3955 943 4005 tax
981 3945 1013 3989 '.

869 3945 1013 4005 ψκβκ

1820 3307 2074 3379 propriae,
2113 3304 2430 3367 virtutibus,
2484 3302 2552 3357 ad
2584 3303 2753 3356 beatae
2789 3299 2932 3352 illius
2964 3299 3157 3359 instar,
3192 3295 3391 3357 ornati,

1818 3410 1874 3455 et
1920 3400 2026 3453 hoc
2058 3396 2281 3450 nomine
2321 3394 2641 3462 gaudentes,
2676 3391 2821 3460 quod
2867 3404 3091 3442 uxorem
3127 3385 3395 3456 prtemisi-

1819 3505 1944 3544 mus
1971 3504 2092 3560 quae
2109 3487 2250 3556 apud
2272 3485 2441 3540 Deum
2471 3483 2756 3552 supplicet,
2780 3489 2971 3547 etquae
2987 3480 3109 3533 vita:
3129 3476 3397 3546 praaclarae

1820 3580 2125 3650 exemplum
2156 3578 2312 3634 nobis
2335 3586 2388 3633 et
2414 3577 2557 3631 notis
2584 3575 2839 3629 omnibus
2870 3571 3111 3640 reliquit.

2107 3861 2310 3920 CXLV.
2343 3893 2410 3902 -—
2451 3858 2840 3912 Turmaclzissae
2877 3853 3113 3908 Graeciaa

1136 4051 1427 4102 Cousolatur
1445 4050 1508 4099 de
1528 4054 1688 4099 morte
1710 4047 1818 4106 ﬁlii,
1848 4047 1899 4096 in
1926 4045 2064 4094 bello
2083 4037 2414 4102 .interempti.

213 4161 383 4213 Ὅσον
451 4158 559 4212 ἀπὸ
609 4159 768 4226 λόγου
817 4157 1212 4227 ἀσυνοψίσεως,
1258 4159 1358 4211 οὐκ
1422 4158 1725 4228 ἐμέλλομεν

137 4254 482 4312 ἐπιστέλλειν
532 4255 600 4324 τῇ
651 4254 927 4324 τιμιότητί
977 4270 1106 4312 σου,
1158 4253 1428 4321 ἄγνωστοι
1477 4250 1726 4322 ἀλλήλοις

139 4352 240 4403 καὶ
280 4347 594 4416 ἀσυνήθεις.
638 4345 778 4398 Ἀλλ’
810 4345 999 4415 ἐπειδὴ
1027 4347 1092 4398 ἐκ
1122 4344 1402 4414 θεοφιλοῦς
1429 4343 1722 4415 προσώπου

1892 4153 2006 4208 Hoc
2040 4165 2127 4204 me
2167 4149 2497 4204 deteruisset
2524 4161 2555 4198 a
2582 4141 2875 4198 scribendo
2903 4138 3244 4195 excellentiaa
3268 4145 3398 4199 tuae,

1824 4244 1970 4315 quod
1989 4243 2219 4298 invicem
2241 4239 2412 4311 ignoti
2443 4251 2619 4306 neque
2640 4249 2878 4304 unquam
2899 4229 3175 4300 congressi
3207 4229 3402 4285 simus.

1827 4336 1928 4390 Sed
1960 4343 2248 4405 postquam
2299 4346 2330 4383 a
2384 4327 2634 4399 religiosa
2671 4340 2903 4396 persona
2939 4322 3206 4391 nobisque
3247 4330 3425 4385 nota,‘

139 4459 235 4494 xat
287 4414 632 4508 ἐγνωσμένου
672 4439 829 4506 ἡμῖν,
854 4414 998 4503 λέγω
1036 4437 1100 4506 δὴ
1150 4436 1251 4505 τῆς
1298 4414 1713 4505 ἀγχιστευούσης

1834 4427 2434 4502 propinqua,'inquam,
2458 4418 2892 4485 tua,elarissima
2929 4414 3152 4485 patricia
3185 4456 3200 4480 ,
3256 4422 3310 4467 et
3337 4414 3405 4467 ab

142 4549 229 4584 σοι
267 4529 630 4597 πανευφήμου
663 4526 983 4596 Πατρικίας,
1027 4526 1121 4578 καὶ
1164 4530 1263 4596 τῆς
1293 4526 1496 4595 ταύτης
1535 4525 1732 4596 κυρίας

140 4620 522 4692 εὐλογημένης
569 4619 870 4689 Θυγατρὸς,
925 4619 959 4688 ἡ
1014 4619 1320 4688 προτροπὴ,
1379 4615 1497 4670 εἶτα
1536 4617 1630 4670 καὶ
1674 4616 1734 4679 ἐξ

141 4712 314 4767 αὑτοῦ
344 4711 436 4763 τοῦ
471 4709 946 4780 γραμματηφόρου
999 4708 1280 4774 Ἰγνατίου,
1313 4706 1405 4759 τοῦ
1438 4724 1735 4776 πνευματι-

143 4802 246 4857 κοῦ
292 4803 448 4871 ἡμῶν
500 4799 639 4863 υἱοῦ,
680 4801 713 4867 ἡ
766 4800 903 4870 πρὸς
939 4799 1088 4868 ἡμᾶς
1139 4814 1229 4850 σου
1273 4797 1400 4859 τοὺς
1440 4796 1734 4859 ταπεινοὺς

143 4894 494 4965 προσηγορία
517 4893 778 4961 ἐγεγόνει·
805 4893 1114 4958 ἀναγκαίως
1139 4889 1374 4961 ἧλθομεν
1398 4891 1490 4942 ἐπὶ
1519 4890 1578 4942 τὸ
1599 4889 1732 4959 γρά-

143 4990 246 5058 ψαι
275 4986 433 5053 λόγον
459 4985 862 5054 παρακλήσεως
899 4986 964 5054 τῇ
995 4983 1383 5053 τετρυχωμένῃ
1425 5000 1517 5035 σου
1558 4983 1728 5051 ψυχῇ,

146 5086 215 5134 ἐκ
238 5079 333 5133 τοῦ
374 5077 747 5147 συμπεσόντος
773 5077 912 5146 αὐτῇ
946 5076 1242 5138 τεθνεῶτος
1277 5077 1336 5127 ἐν
1381 5075 1457 5144 τῷ
1487 5074 1728 5144 πολέμῳ.

159 5173 327 5226 Ἀλλά
359 5173 509 5222 ποῖον
537 5169 602 5222 ἂν
651 5170 745 5222 καὶ
776 5168 1084 5238 ἐξευρεθείη
1130 5169 1417 5238 φάρμακον
1468 5186 1728 5237 παραμυ-

148 5263 275 5324 θίας
311 5263 391 5322 εἰς
443 5258 585 5311 ίασιν
613 5259 711 5326 τῆς
750 5258 1006 5310 δυσιάτου
1054 5257 1298 5324 π).ηγῆς;
1334 5258 1397 5307 Ὦ
1430 5259 1526 5324 τῆς
1552 5258 1645 5308 καὶ
1676 5258 1733 5306 ἐν

149 5357 292 5423 ἀκοῇ
323 5352 458 5421 μόνῃ
490 5349 928 5420 ἑξηγορουμένης
960 5349 1274 5418 συμφορᾶςι
1312 5347 1483 5417 ὢχετο
1521 5347 1735 5414 ἔντιμον

152 5449 406 5518 σπέρμα,
441 5445 694 5514 μητρῷος
737 5442 1040 5513 ὀφθαλμὸς,
1077 5442 1363 5512 ἐγκάρδιον
1409 5441 1734 5508 σπλάγχνον,

151 5539 353 5599 κλάδος
384 5534 592 5604 εὐφυὴς
615 5575 628 5599 ,
664 5533 786 5586 ὅλον
827 5532 894 5585 δι’
931 5532 1056 5584 ὅλου
1087 5532 1183 5602 τῆς
1212 5530 1475 5600 τεκούσης
1507 5529 1566 5581 τὸ
1599 5523 1733 5596 φῶς,

226 5675 273 5705 ⁸³
307 5674 456 5728 Psal.
483 5685 750 5735 Lxxxvnt,
781 5670 870 5725 49.
948 5670 994 5702 ⁸⁸
1023 5668 1041 5722 1
1076 5669 1201 5725 Cor.
1239 5685 1328 5735 xv,
1361 5669 1448 5724 42.

1837 4523 2002 4592 hujus
2035 4519 2274 4574 domina:
2301 4517 2409 4569 lilia
2438 4511 2744 4576 benedicta,
2782 4509 3123 4572 mandatum,
3160 4520 3224 4560 ac
3249 4505 3406 4560 dein-

1836 4615 1904 4668 de
1950 4629 2045 4681 per
2075 4612 2256 4680 ipsum
2289 4607 2383 4677 qui
2435 4607 2647 4660 litteras
2683 4603 2883 4662 attulit,
2927 4600 3194 4671 lgnatium
3240 4597 3404 4667 spiri-

1835 4705 2038 4759 tualem
2082 4703 2251 4756 tilium
2283 4709 2564 4757 nostrum,
2604 4707 2694 4749 tua
2728 4693 2891 4748 simul
2924 4691 3221 4745 humilibus
3246 4689 3408 4742 nobis

1836 4798 2000 4851 allata
2034 4804 2117 4849 est
2151 4791 2443 4856 salutatio;
2486 4786 2796 4843 necessario
2828 4783 3046 4839 adducti
3095 4788 3287 4837 sumus
3329 4781 3407 4839 .ad

1837 4887 2180 4943 scribendam
2233 4881 2660 4938 consolationem
2710 4878 2908 4931 animae
2938 4883 3046 4928 tuae
3076 4872 3287 4926 afﬂicta:
3339 4873 3411 4925 ob

1836 4995 2135 5036 utrumnam
2171 4993 2291 5048 qua?
2318 4976 2422 5044 ipsi
2452 4973 2699 5042 contigit,
2729 4987 2793 5025 ex
2827 4969 2970 5023 beati
3024 4967 3118 5020 ﬁlii
3147 4965 3321 5028 obitu,
3354 4964 3408 5017 in

1837 5075 1978 5129 bello
2012 5071 2342 5140 interempti.
2385 5067 2588 5122 Verum
2639 5064 2915 5133 quodnam
2963 5059 3180 5115 tandem
3229 5059 3412 5113 solatii

1840 5165 2138 5221 remedium
2192 5161 2419 5217 inveniri
2478 5166 2643 5229 queat
2682 5155 2929 5210 sanando
2965 5153 3173 5207 vulneri
3202 5191 3216 5215 ,
3253 5151 3414 5220 cujus

1839 5258 2150 5312 dillicillima
2191 5266 2276 5310 est
2318 5252 2563 5307 curatio?
2600 5249 2644 5304 Ο
2673 5265 2795 5319 qua:
2821 5249 2902 5303 vel
2941 5246 3125 5301 auditu
3172 5246 3289 5299 solo
3321 5247 3415 5300 de-

1840 5351 2083 5405 claratur
2104 5348 2418 5405 calamitas!
2451 5344 2619 5399 Periit
2638 5359 2819 5398 semen
2846 5343 3195 5401 honoratum,
3219 5339 3415 5392 oculus

1842 5455 2143 5510 maternus,
2172 5459 2300 5514 pars
2321 5442 2504 5496 cordis
2529 5439 2739 5500 intima,
2769 5451 2953 5490 ramus
2989 5435 3290 5496 virescens,
3327 5441 3416 5485 to-

1844 5544 1954 5588 tum
1988 5550 2213 5604 prorsus
2237 5536 2422 5590 lumen
2451 5531 2747 5603 genitricis,
2781 5538 3036 5598 paternas
3057 5527 3109 5580 in
3135 5540 3195 5580 se
3220 5537 3419 5593 gerens

1531 5671 1576 5702 ⁵⁸
1619 5667 1632 5718 l
1672 5667 1866 5724 Thess.
1903 5687 1974 5736 tv,
2017 5673 2099 5727 12.

1660 5782 1880 5838 NOTAE.

235 5856 352 5927 (56)
386 5857 441 5910 In
475 5856 596 5911 cod.
630 5855 761 5922 Reg.
800 5855 938 5917 ρλς’.
