3964 6320
1791 410 1851 468 S.
1892 404 2286 467 THEODOBI
2313 403 2661 464 STUDlTIE
3742 400 3887 461 1456

613 410 747 474 1455

606 528 785 582 notas,
817 525 871 573 et
890 516 1169 572 viduitatis
1198 516 1569 577 solitudinem,
1593 516 1773 585 quoad
1801 518 1916 570 ﬁeri
1947 524 2176 586 poterat,

2292 514 2445 584 pépov
2492 514 2621 576 τοὺς
2674 513 2957 584 πατρῴους
2993 516 3052 566 ἐν
3107 511 3281 582 ἑαυτῷ
3323 512 3736 585 χαρακτῆρας·
3792 521 3887 569 καὶ

605 613 925 675 sublevans,
960 611 1053 681 qui
1096 612 1261 665 totius
1294 610 1418 665 vitae
1448 610 1701 666 solatium
1738 621 1877 673 erat,
1915 622 2027 664 tum
2050 622 2177 677 erga

2292 607 2376 678 τὴν
2406 606 2645 677 ἐρημίαν
2682 608 2780 675 τῆς
2806 607 3033 676 χηρείας
3087 605 3210 659 καθ’
3248 608 3374 659 ὅσον
3406 601 3523 660 οἷόν
3555 622 3623 659 τε
3666 608 3883 660 ὑποτε-

607 703 883 772 propriam
933 702 1181 765 domum,
1229 711 1341 756 tum
1376 716 1505 772 erga
1535 702 1996 772 consanguineos.
2037 699 2177 766 Quid

2292 700 2577 769 μνόμενον,
2611 699 2705 751 καὶ
2731 699 2854 751 ὅλου
2874 698 2967 750 τοῦ
2993 698 3110 768 βίου
3139 698 3198 751 δν
3229 698 3609 768 παραμύθιον,
3646 702 3806 751 κατά
3828 717 3882 751 τε

608 805 791 849 autem
826 797 1025 849 factum
1058 804 1141 848 est
1164 793 1402 847 avolavit
1429 806 1496 847 ex
1524 794 1698 848 oculis
1726 792 2006 855 maternis,
2032 792 2179 846 exci-

2292 790 2375 860 εὴν
2409 790 2546 843 ίδίαν
2577 792 2781 854 ἑστίαν,
2821 793 2914 843 καὶ
2946 793 3074 854 τοὺς
3108 790 3200 859 ἀφ’
3232 792 3488 861 αἵματος.
3526 792 3646 844 Καὶ
3678 791 3740 841 τί
3792 793 3885 857 γέ-

606 901 703 941 sus
752 895 835 940 est
873 900 903 941 a
940 886 1079 941 bona
1118 886 1302 939 radice
1342 904 1356 939 :
1398 900 1465 940 ac
1514 900 1687 954 neque
1734 886 1788 939 in
1822 885 1994 940 oculis
2029 898 2177 938 mors

2292 900 2467 951 γονεν,
2496 882 2739 953 Ἀπέπτη
2785 884 2893 936 τῶν
2940 884 3222 953 μητρικῶν
3258 883 3580 953 ὀφθαλμῶν,
3627 884 3882 949 ἐξεκόπη

607 976 869 1046 contigit;
905 974 1049 1029 unde
1081 974 1511 1030 consolationem
1552 990 1617 1029 ex
1651 976 1962 1029 novissimis
2000 974 2179 1029 verbis

2292 977 2377 1045 τῆς
2404 973 2618 1042 ἀγαθῆς
2661 974 2844 1044 ῥίζηςο
2889 976 2983 1027 καὶ
3016 974 3134 1027 οὐδὲ
3174 976 3296 1027 κατ’
3334 974 3664 1043 ὀφθαλμοὺς
3692 977 3725 1025 ὁ
3780 972 3879 1024 θάο

608 1076 663 1140 et
691 1082 755 1121 ex
783 1076 970 1121 sancta
994 1067 1277 1137 sepultura
1310 1066 1532 1134 capiunt
1557 1065 1651 1134 qui
1682 1065 2008 1121 domesticos
2040 1081 2180 1135 pra:-

2292 1082 2439 1129 νατος
2463 1081 2475 1095 ο
2515 1066 2601 1133 ἐφ’
2629 1058 2674 1133 ᾧ
2721 1066 2816 1120 καὶ
2865 1067 3211 1136 παρηγορίαν
3233 1067 3323 1119 διὰ
3360 1067 3469 1120 τῶν
3500 1066 3737 1132 ἐξοδίων
3778 1070 3877 1135 ρη-

609 1160 853 1212 ιοὶιιιιηι.
884 1155 1042 1211 Νυηο
1074 1172 1224 1222 vero,
1276 1166 1471 1225 praeter
1491 1155 1597 1210 alia
1619 1195 1633 1218 .
1669 1156 1774 1210 hoc
1819 1157 1979 1211 etiam
2028 1156 2176 1209 leva-

2292 1159 2491 1228 μάτων,
2546 1159 2642 1210 καὶ
2684 1158 2783 1220 τῆς
2830 1159 2983 1221 ὁσίας
3034 1163 3211 1226 ταφῆς
3254 1158 3604 1227 ὲρανίξονται
3649 1161 3701 1209 οἱ
3751 1160 3878 1220 τοὺς

609 1256 794 1303 mento
829 1247 1007 1301 orbati
1035 1263 1261 1311 sumus;
1293 1247 1496 1301 eximio
1531 1248 1754 1302 surculo
1788 1248 1981 1319 gladiis
2010 1250 2181 1303 hosti-

2292 1250 2513 1309 )lxslou;
2557 1250 2996 1320 προπέμποντες.
3038 1249 3151 1303 Νῦν
3186 1250 3278 1314 δὲ,
3332 1250 3471 1319 μετὰ
3502 1250 3623 1301 τῶν
3659 1250 3876 1309 ἄλλων,

608 1338 753 1392 libus
776 1337 986 1392 exciso.
1035 1335 1081 1391 Ο
1128 1338 1490 1391 miserandam
1537 1338 1888 1408 tragoediam!
1924 1355 1957 1393 ο
1990 1355 2177 1394 casum

2292 1340 2640 1412 Ξφῃρέθημεν
2670 1341 2764 1393 καὶ
2790 1339 2953 1407 τῆσδε
2982 1340 3081 1410 τῆς
3125 1340 3550 1411 παρακλήσεως,
3582 1339 3686 1392 τοῦ
3730 1343 3876 1406 ἁγα-

610 1431 1096 1485 inconsolabilem!
1151 1430 1405 1485 Fluctuat
1444 1447 1590 1488 nunc
1622 1433 1841 1488 animus
1880 1433 2176 1503 haeretque,

2292 1432 2376 1485 3οῦ
2420 1430 2607 1499 ἔρνους
2657 1430 2904 1501 μαχαίρᾳ.
2947 1430 3219 1500 πολεμικῇ
3262 1428 3590 1498 τμηθέντος.
3656 1428 3726 1480 Ὦ
3776 1431 3877 1495 τῆς

606 1536 906 1575 a-rumnam
938 1521 1291 1576 considerans
1314 1562 1328 1586 ,
1369 1522 1461 1575 ubi
1494 1531 1548 1577 et
1576 1525 1853 1591 quomodo
1903 1540 1991 1579 res
2029 1536 2179 1595 gesta

2292 1521 2522 1589 ἐλεεινῆς
2560 1520 2902 1590 τραγῳδίαςί
2930 1520 2977 1572 ὣ
3020 1520 3118 1589 τῆς
3160 1520 3556 1590 ἀπαρακλήτου
3604 1520 3878 1588 συμπτώς

609 1612 703 1678 sit,
736 1628 900 1682 quam
941 1613 997 1667 in
1025 1615 1273 1683 corporis
1304 1627 1511 1684 partem
1543 1622 1765 1670 cruenta
1798 1629 1995 1669 manus
2026 1614 2180 1668 incu-

2292 1613 2454 1675 σεωςί
2518 1612 2765 1665 Ἀστατεῖ
2804 1611 2929 1682 ἄρτι
2962 1613 2990 1664 ὁ
3034 1612 3157 1675 νοῦς
3198 1611 3530 1681 ἀναθεωρῶν
3558 1610 3627 1663 τὸ
3656 1610 3839 1667 πάθος
3860 1653 3872 1670 .

606 1703 806 1768 buerit,
853 1718 961 1774 quo
992 1704 1113 1758 loco
1169 1704 1285 1774 ipse
1332 1705 1532 1759 cadens
1570 1709 1805 1759 animam
1849 1704 2043 1759 eﬂlarit
2072 1723 2085 1758 :
2112 1720 2181 1759 an

2292 1705 2384 1759 ποῦ
2427 1706 2520 1758 καὶ
2569 1705 2687 1770 πῷς
2730 1704 3011 1776 ὑπήρχθη,
3059 1705 3199 1758 κατά
3244 1707 3399 1757 ποῖον
3435 1704 3605 1773 μέλος
3635 1706 3668 1771 ἡ
3709 1704 3876 1771 (poan

608 1796 793 1849 subito
825 1813 841 1863 ;
875 1811 944 1849 an
976 1812 1085 1850 uno
1115 1796 1185 1851 ab
1222 1797 1375 1863 ictu;
1408 1812 1475 1850 an
1503 1797 1783 1867 quidpiam
1804 1796 2018 1851 elfatus.
2065 1794 2179 1851 Heu

2292 1800 2405 1870 χεὶρ
2441 1798 2630 1869 ἐτάθη,
2685 1798 2828 1851 κατά
2865 1799 2987 1850 τίνα
3025 1798 3189 1850 τόπον
3220 1796 3402 1849 πεσὼν
3442 1796 3719 1849 ἀπέπνειο
3764 1792 3874 1863 ἆρα

610 1886 1019 1956 spectaculum!
1053 1885 1197 1940 Proh
1245 1887 1435 1941 horam
1470 1887 1652 1941 illam!
1686 1886 2025 1943 Thesaurum
2055 1903 2179 1942 cum

2292 1890 2475 1943 θάττον
2501 1906 2515 1920 ·
2547 1886 2657 1960 ἆρα
2689 1891 2754 1943 ὲκ
2793 1890 2923 1958 μιᾶς
2957 1888 3203 1959 πληγῆς·
3226 1882 3337 1958 ἆρά
3361 1904 3415 1939 τι
3454 1887 3736 1939 ἐπειπών.
3768 1886 3872 1937 Φεῦ

609 1979 750 2033 bona
776 1995 871 2049 spe
901 1980 1228 2044 dimisimus,
1258 1990 1311 2033 et
1344 1980 1549 2034 luctum
1580 1979 1980 2037 ineluctabilem
2014 1980 2183 2035 colle-

2292 1984 2381 2052 τῆς
2417 1982 2691 2051 ίστορίαςί
2738 1981 2933 2035 ’Λὸάλε
2972 1981 3072 2050 τῆς
3104 1980 3253 2051 ὥρας
3282 1980 3527 2050 ὲκείνηςί
3580 1980 3872 2034 Ἀπεστεί-

608 2070 807 2139 Βίιηυεο
2281 2073 2456 2144 λαμεν
2498 2073 2618 2143 μετ’
2681 2073 2895 2136 ἐλπίδος
2949 2076 3191 2144 χρηστῆς
3240 2072 3333 2125 τὸν
3394 2071 3715 2143 θησαυρὸν,
3780 2074 3871 2125 καὶ

2282 2167 2670 2236 ὲτρυγήσαμεν
2698 2164 3139 2235 ἀπαραμύθητον
3165 2164 3419 2235 ὀδυρμόν.

2214 1858 2253 1911 Β

682 2246 748 2301 Ει
780 2247 907 2318 quis
945 2263 1243 2302 aerumnam
1276 2250 1565 2319 deplorans
1588 2292 1603 2316 ,
1635 2251 1857 2321 dignum
1884 2254 2181 2325 quidquam

612 2340 793 2410 eloqui
828 2341 1041 2409 possit?
1070 2340 1325 2397 Fortasse
1358 2356 1412 2398 et
1452 2343 1533 2399 sol
1565 2344 1679 2414 ipse
1706 2345 1970 2412 insuavis,
2008 2358 2061 2402 et
2096 2348 2184 2401 in-

611 2430 765 2485 visus
805 2446 919 2493 aer,
973 2439 1025 2483 et
1050 2446 1197 2484 mare
1228 2431 1607 2499 injucundum,
1638 2442 1693 2486 et
1721 2442 1864 2486 terra
1892 2449 1999 2489 non
2030 2443 2185 2503 opta-

610 2524 757 2589 bilis,
782 2533 835 2575 et
857 2522 1053 2576 coelum
1074 2523 1345 2586 odiosum,
1369 2523 1783 2578 intellectualem
1803 2526 2010 2578 stellam
2038 2534 2183 2579 tuam

2356 2256 2464 2307 Kal.
2493 2256 2545 2307 τί
2580 2256 2643 2307 ἄν
2672 2272 2755 2318 τις
2782 2256 2926 2309 είποι
2944 2255 3094 2321 ἄξιον
3126 2256 3354 2328 θρήνους
3376 2256 3777 2325 ὲλεεινολογῶν
3814 2259 3871 2309 τὸ

2285 2344 2451 2409 πάθος
2473 2362 2489 2413 ;
2518 2345 2670 2416 Τάχα
2708 2362 2787 2398 σοι
2815 2350 2909 2400 καὶ
2930 2350 2957 2399 ὁ
2977 2346 3128 2416 ἣλιος
3148 2348 3393 2415 στυγνὸς,
3415 2353 3512 2398 καὶ
3534 2350 3565 2398 ὁ
3604 2349 3718 2416 άὴρ
3742 2365 3865 2399 κατ-

2283 2434 2450 2502 ηφὴς,
2483 2434 2579 2487 καὶ
2607 2437 2639 2503 ὴ
2676 2434 2919 2487 θάλασσα
2945 2437 3043 2506 οὐχ
3072 2436 3243 2504 ἡδεῖα,
3280 2437 3421 2505 καὶὴ
3448 2439 3522 2504 γῆ
3546 2438 3655 2489 οὐκ
3677 2437 3864 2506 ἐφετὴ,

2284 2528 2378 2578 καὶ
2426 2528 2454 2579 ὀ
2486 2527 2713 2597 οὐρανὸς
2756 2529 3022 2597 ἐπαχθὴς,
3062 2530 3161 2581 οὐκ
3196 2528 3335 2598 ἔχων
3369 2543 3480 2581 σου
3532 2528 3633 2581 τὸν
3679 2530 3865 2599 νοητὸν

613 2627 721 2666 non
756 2612 982 2666 habens.
1017 2611 1140 2665 Haec
1196 2621 1355 2681 atque
1413 2612 1499 2666 bis
1560 2614 1712 2682 plura
1756 2613 1995 2666 animam
2038 2624 2182 2668 tuam

2292 2618 2512 2687 αστέρα.
2549 2618 2797 2671 Τοσαῦτα
2832 2620 2924 2672 καὶ
2946 2619 3025 2672 ἐτι
3062 2618 3229 2672 πλείω
3264 2616 3472 2672 τούτων
3517 2620 3591 2673 τά
3639 2621 3863 2691 κραδαί-

612 2704 982 2759 concutientia
1003 2742 1019 2768 ,
1051 2719 1147 2757 cor
1174 2704 1623 2771 cunstringentia,
1657 2713 1709 2757 et
1747 2706 1983 2759 calentes
2014 2704 2187 2773 lacry-

2292 2710 2443 2762 νοντά
2475 2726 2567 2762 σου
2597 2709 2695 2780 τὴν
2740 2710 2933 2780 ψυχὴν,
2975 2710 3070 2764 καὶ
3116 2712 3409 2783 συνέχοντα
3456 2714 3557 2783 τὴν
3611 2714 3861 2785 καρδίαν,

614 2818 731 2857 mas
756 2801 1062 2869 fundentia,
1097 2814 1151 2856 et
1171 2802 1403 2871 ejulatns
1428 2801 1737 2867 edentia,et
1771 2802 1837 2856 ad
1873 2804 1995 2857 vita:
2028 2802 2187 2857 istius

2292 2800 2383 2853 καὶ
2445 2800 2748 2872 προχέοντα
2800 2803 2869 2855 τά
2921 2802 3099 2873 θερμὰ
3138 2804 3373 2874 δάκρυα,
3444 2804 3543 2858 καὶ
3610 2806 3864 2875 ἀναπέμ-

614 2895 834 2950 tmdium
870 2895 1189 2965 redigentia.
1254 2894 1449 2949 \‘erum
1487 2911 1606 2964 age,
1645 2897 1886 2961 domina,
1930 2910 2049 2965 age,
2101 2911 2187 2949 re—

2292 2910 2458 2948 ποντα
2476 2892 2575 2957 τὰς
2605 2895 2871 2965 οἰμωγὰς,
2915 2899 3009 2949 καὶ¹
3040 2896 3416 2967 ὲξαποροῦντα
3448 2898 3543 2949 καὶ
3573 2898 3749 2951 αὐτοῦ
3776 2898 3863 2950 τοῦ

614 2988 863 3054 valesce;
921 2998 1133 3059 tempus
1183 2997 1266 3042 est
1330 2996 1386 3041 ut
1447 2992 1686 3041 animum
1743 2988 1976 3042 relicias.
2026 2988 2187 3057 Aperi

2292 2983 2409 3056 ζῇν.
2453 2985 2613 3038 Ἀλλά
2636 2984 2815 3056 δεῦρο,
2862 2988 3049 3057 κυρία,
3088 2987 3269 3056 δεῦρο,
3308 2987 3671 3059 ἀναψύχησον
3697 3006 3712 3018 ⁸
3746 3008 3863 3045 stato

615 3094 797 3142 aures,
839 3079 1052 3133 divinas
1076 3096 1239 3134 voces
1262 3078 1577 3132 exaudiens.
1615 3077 1786 3132 Homo
1810 3079 1945 3132 sicut
1972 3079 2185 3147 fenum:

2292 3076 2381 3147 ρὸς
2410 3076 2519 3147 γὰρ
2550 3078 2896 3145 ἀνακλήσεως
2916 3094 2929 3108 ·
2956 3077 3166 3142 άνοιξόν
3185 3095 3277 3131 σου
3308 3077 3379 3131 τὰ
3404 3072 3543 3139 ὦτα,
3581 3084 3864 3151 ἑπακροω-

615 3171 725 3225 dies
773 3172 885 3240 ejus
927 3179 1177 3241 tanquam
1239 3174 1335 3237 [los
1370 3172 1507 3239 agri,
1568 3170 1642 3222 sic
1685 3171 1982 3239 deﬂorescet
2015 3171 2080 3223 ".
2114 3200 2183 3209 —

2294 3167 2433 3236 μένη
2479 3167 2587 3219 τῶν
2626 3168 2783 3221 θείων
2827 3170 3039 3237 φωνῶν.
3078 3171 3411 3237 Ἀνθρωπος
3467 3171 3617 3225 ὡσεὶ
3654 3174 3865 3241 χόρτος

620 3261 743 3315 Non
769 3263 868 3314 erit
902 3265 1054 3314 homo
1106 3265 1195 3333 qui
1232 3265 1377 3325 t't'rct,
1418 3273 1465 3314 ct
1503 3276 1604 3313 non
1635 3262 1820 3313 videbit
1872 3271 2089 3314 mortem
2116 3263 2182 3315 ⁸⁷.

615 3382 687 3392 —-
726 3352 785 3406 Si
814 3352 1077 3405 credimus
1118 3354 1254 3421 quod
1298 3349 1452 3405 Jesus
1484 3360 1715 3403 mortuus
1746 3360 1821 3403 est
1860 3360 1909 3403 et
1956 3367 2187 3403 resurre-

617 3448 695 3499 xit
720 3461 740 3511 ,°
770 3447 845 3498 ita
868 3456 915 3498 et
934 3444 1072 3499 Deus
1102 3461 1186 3497 eos
1214 3446 1302 3511 qui
1323 3444 1643 3496 dormierunt
1672 3459 1763 3512 per
1783 3441 1989 3507 Iesum,
2021 3444 2191 3495 addu-

618 3548 695 3591 cet
734 3552 851 3590 cum
883 3552 941 3589 eo
969 3535 1034 3589 ’⁸.
1065 3534 1181 3590 Non
1224 3536 1386 3605 igitur
1415 3550 1643 3604 prorsus
1668 3535 1953 3590 amisimus
1982 3534 2187 3600 ﬁlium;

620 3628 712 3683 sed
750 3627 911 3696 paulo
954 3636 1120 3697 post,
1175 3642 1297 3681 cum
1334 3628 1638 3680 insonuerit
1693 3628 1990 3681 novissima
2039 3626 2189 3691 tuba,

618 3727 869 3790 resurget
901 3720 953 3772 in
985 3735 1273 3773 occursum
1311 3718 1519 3772 Domini
1561 3720 1612 3771 in
1664 3734 1811 3781 aera,
1848 3726 1900 3771 et
1940 3719 2010 3771 ibi
2040 3718 2188 3771 illum

620 3812 926 3866 videbimus
948 3811 1014 3865 "'.
1048 3810 1254 3863 Lethali
1301 3812 1453 3879 plaga
1496 3811 1615 3863 istic
1650 3824 1824 3863 caesus
1864 3819 1948 3863 est
1979 3826 1992 3861 :
2029 3820 2085 3861 at
2119 3809 2191 3862 ibi

621 3916 856 3955 mmrore
881 3901 1210 3970 sempiterno
1241 3917 1347 3954 non
1383 3900 1661 3962 ailicietur,
1714 3899 1937 3953 Christo
1969 3900 2191 3955 indutus

620 4008 716 4062 per
743 3992 1099 4060 baptismum,
1136 3991 1404 4060 ﬁdemque
1452 3992 1809 4045 orthodoxam
1851 3992 2190 4061 complexus,

620 4097 685 4137 ac
715 4082 902 4138 saeculi
934 4082 1097 4151 hujus
1125 4082 1495 4150 voluptatibus
1520 4082 1739 4134 vixdum
1769 4098 1986 4135 summo
2023 4083 2193 4152 digito

620 4189 718 4243 per
745 4173 1039 4245 juvenilem
1072 4184 1285 4227 aztatem
1313 4173 1637 4242 degustatis.
1670 4172 1844 4238 Quam
1878 4173 1947 4227 ob
1966 4189 2190 4228 causam

623 4264 897 4319 credimus
931 4263 1081 4317 illum
1105 4264 1317 4316 veniam
1349 4278 1540 4317 eorum
1569 4302 1584 4327 ,
1617 4280 1736 4333 qua:
1772 4273 1829 4317 ut
1867 4263 2029 4318 homo
2058 4279 2193 4333 prae-

622 4357 856 4412 termisit
881 4355 965 4409 vel
996 4355 1215 4409 admisit
1241 4394 1255 4418 ,
1312 4370 1407 4423 per
1458 4355 1804 4408 immaturam
1844 4364 1897 4409 et
1933 4355 2191 4424 injustam

622 4429 764 4503 hanc
796 4457 1027 4502 mortem
1072 4445 1508 4515 impetraturum.
1564 4444 1737 4510 Quam
1789 4446 1974 4502 multis
2018 4450 2188 4509 enim,

2287 3260 2346 3311 al
2368 3257 2580 3327 ἡμέραι
2620 3259 2805 3315 αὑτοῦ
2828 3275 2843 3290 ’
2880 3260 3023 3314 ὡσεὶ
3067 3260 3250 3327 ἄνθος
3300 3261 3406 3317 τοῦ
3429 3262 3657 3332 ἀγροῦ,
3681 3266 3863 3331 οὕτως

2286 3350 2831 3417 ἐξανθήσει.--Οὑκ
2854 3353 3026 3407 ἔστιν
3051 3353 3358 3421 ἄνθρωπος
3385 3354 3455 3420 ὃς
3488 3355 3756 3422 (ilo-erm,
3774 3358 3860 3409 καὶ

2288 3444 2399 3497 οὐκ
2418 3442 2626 3511 ὄψεται
2659 3442 3077 3497 miratam—El
3105 3445 3466 3512 πιστεύομεν
3496 3445 3589 3498 ὅτι
3626 3447 3861 3513 Ἰησοῦς

2288 3532 2551 3587 ἀπέθανε
2580 3534 2676 3585 καὶ
2708 3533 2957 3599 ἀνέστη,
2981 3531 3169 3597 οὕτως
3199 3533 3294 3585 καὶ
3324 3537 3356 3587 ό
3396 3535 3541 3599 Θεὸς
3565 3537 3713 3600 τοὺς
3742 3554 3857 3589 ποι·

2283 3625 2582 3693 μηθέν-τας
2610 3623 2708 3676 διὰ
2737 3623 2841 3676 τοῦ
2879 3624 3081 3691 Ἰησοῦ
3126 3624 3255 3687 ἄξει
3282 3624 3404 3678 σὺν
3430 3626 3619 3691 αὐτῷ.
3642 3630 3719 3680 Οὐ
3752 3630 3857 3679 τοί-

2289 3730 2385 3765 νυν
2411 3714 2596 3765 λοιπὸν
2636 3712 3003 3785 ἀπολώλαμεν
3025 3714 3114 3767 τὸν
3147 3715 3259 3768 υίόν
3282 3732 3297 3745 ·
3320 3714 3454 3768 ἀλλά
3486 3718 3691 3787 μικρδν
3715 3717 3860 3770 ὕστε-

2293 3822 2403 3875 ρον,
2442 3807 2604 3874 ἡνίκα
2635 3808 2666 3876 ὴ
2695 3805 2897 3875 ἐσχάτη
2927 3807 3161 3874 σάλπιγξ
3192 3809 3451 3877 φωνήσει,
3492 3810 3857 3879 ἀναστήσεται

2289 3899 2367 3961 είς
2400 3898 2704 3969 ἀπάντησιν
2751 3897 3102 3969 τοῦΚυρίου
3148 3903 3227 3962 εἰς
3279 3899 3452 3968 ἀέρα⁶
3490 3904 3658 3953 κάκεῖ
3706 3904 3857 3955 ait?»

2289 3989 2553 4059 ὀψόμεθα.
2613 3989 2855 4060 Ἐπλήγη
2902 3991 3126 4062 καιρίαν
3174 3991 3404 4045 ἐνταῦθα
3446 3991 3707 4063 πληγὴν,

2292 4080 2469 4131 ὲκείσε
2504 4079 2661 4143 ἀνίας
2684 4082 2906 4133 αἰωνίου
2956 4082 3017 4134 οὑ
3066 4081 3480 4153 πειραθήσεται,
3512 4084 3755 4154 Χριστὸν
3777 4090 3851 4138 ὲν·

2290 4169 2581 4238 δεδομένος
2624 4170 2710 4223 διὰ
2749 4170 2842 4223 τοῦ
2884 4171 3276 4242 βαπτίσματος,
3321 4174 3418 4243 τήν
3462 4190 3523 4226 τε
3557 4176 3744 4227 πίστιν
3767 4176 3849 4245 ὸρο

2294 4259 2507 4324 θόδοξον
2549 4262 2817 4332 ἐσχηκὼς,
2862 4264 2955 4316 καὶ
3005 4264 3157 4317 οὔπω
3204 4264 3537 4333 ἐμπλησθεὶς
3589 4267 3702 4321 τῶν
3738 4272 3850 4338 τῇδε

2292 4350 2483 4419 ἡδέων,
2510 4352 2632 4403 ὅσον
2658 4351 2814 4422 ἄκρῳ
2844 4352 2921 4422 τῷ
2953 4353 3199 4423 δακτύλῳ
3218 4353 3633 4421 ἀπογεύσασθαι
3656 4358 3741 4411 διὰ
3765 4360 3848 4426 τήν

2292 4442 2545 4510 νεότητα.
2574 4436 2649 4495 Οὔ
2682 4444 2846 4512 χάριν
2884 4443 3211 4512 πιστεύομεν
3240 4444 3333 4497 καὶ
3352 4445 3462 4497 τῶν
3481 4446 3557 4508 ὡς
3585 4448 3847 4517 ἀνθρώπῳ

620 4542 873 4604 domina,
908 4540 959 4592 in
991 4552 1153 4592 carne
1198 4552 1443 4596 manens.
1477 4538 1815 4591 exercendus
1839 4537 1998 4591 malis
2027 4538 2187 4591 erat?

2292 4531 2439 4602 αὐτῷ
2466 4533 2912 4604 παρεωραμένων
2942 4536 3036 4587 καὶ
3067 4534 3643 4605 πεπλημμελημένων,
3665 4540 3751 4591 διὰ
3768 4544 3845 4591 τὶν

619 4633 815 4684 Annon
848 4627 943 4681 tibi
974 4626 1187 4681 videtur
1224 4626 1337 4681 haec
1364 4628 1473 4679 vita
1503 4626 1710 4679 homini
1738 4629 1803 4679 ad
1834 4628 2187 4681 tentationem

2292 4624 2530 4677 τοιοῦτον
2568 4626 2745 4696 ἄωρον
2770 4627 2866 4680 καὶ
2902 4628 3086 4681 ἄδικον
3120 4628 3345 4682 θάνατον
3378 4630 3730 4702 συγχώρησιν
3766 4634 3844 4703 λή-

620 4719 926 4775 attributa?
964 4719 1247 4787 conjugem
1302 4719 1569 4788 accipere.
1628 4718 1828 4773 liberos
1875 4734 2186 4788 procreare,

2292 4715 2509 4786 ψεσθαι.
2542 4717 2732 4771 Πὸσων
2761 4720 2869 4790 γὰρ
2893 4719 3135 4789 ἔμελλεν,
3168 4716 3211 4773 ὦ
3245 4722 3429 4791 κυρία,
3464 4725 3747 4793 ἐπιμένων
3786 4728 3839 4794 τῇ

619 4813 815 4877 servis,
845 4810 1073 4879 aliisque
1102 4810 1266 4863 rebus
1308 4810 1375 4863 ad
1409 4810 1574 4863 vitam
1607 4809 1830 4865 utilibus
1864 4810 2141 4865 abundare
2170 4829 2185 4865 :

2292 4818 2458 4881 σαρκὶ
2506 4812 2889 4882 ἐμφορηθῆναι
2915 4813 3099 4865 κακῶν
3121 4829 3137 4880 ;
3164 4813 3197 4883 ἢ
3227 4815 3288 4866 ού
3310 4814 3461 4867 δοκεῖ
3492 4832 3576 4868 σοι
3602 4818 3683 4870 ὅτι
3708 4821 3734 4871 ὁ
3760 4823 3839 4888 τῇ·

623 4904 923 4959 addiderim
968 4912 1023 4957 et
1075 4909 1305 4956 terrenae
1340 4901 1525 4971 gloria:
1556 4916 1923 4971 progressum.
1981 4901 2187 4968 Quibus

2292 4900 2347 4953 δε
2379 4900 2493 4971 βίος
2553 4904 2911 4974 πειρατήριον
2955 4904 3030 4973 τῷ
3064 4903 3333 4975 ἀνθρώπῳ
3389 4904 3704 4976 καθέστηκε
3727 4927 3741 4973 ;
3768 4926 3839 4959 συ-

618 4997 877 5051 nmnibus
909 4994 1213 5063 expeditus,
1264 5008 1515 5062 magnam
1554 4993 1841 5049 habiturus
1870 5003 1955 5049 est
1995 4996 2187 5049 anima:

2292 4991 2456 5060 ζύγου
2488 4992 2672 5063 λῆψις,
2702 4993 2906 5048 τέκνων
2937 4994 3148 5063 κτῆσις,
3173 4994 3375 5049 δούλων
3410 4999 3508 5049 καὶ
3546 4999 3723 5052 ἄλλων
3748 5002 3838 5053 τῶν

620 5087 950 5149 libertatem,
984 5083 1095 5139 Deo
1119 5085 1464 5147 coniunctus,
1511 5090 1566 5135 et
1593 5081 1754 5136 salsis
1783 5084 1905 5137 vitae
1934 5082 2187 5137 ﬂuctibus

2292 5084 2429 5137 κατά
2472 5085 2564 5137 τὸν
2597 5085 2711 5155 βίον
2733 5088 3176 5157 χρησιμευόντων
3201 5090 3493 5155 περιουσία
3520 5105 3533 5119 ⁸
3566 5093 3837 5161 προσθείη-ι

620 5178 861 5232 animam
899 5175 1091 5229 leviter
1116 5187 1395 5242 aspersus.

2292 5174 2333 5224 δ’
2381 5176 2445 5229 ἂν
2494 5178 2590 5229 καὶ
2635 5180 2881 5245 ἐπιγείου
2930 5180 3121 5243 κλέους
3171 5180 3415 5255 πρόοδος.
3450 5175 3557 5234 Ὧν
3609 5186 3838 5238 ἁπάντων

621 5269 978 5337 ἀπαλλαγεὶς,
1010 5266 1211 5336 πολλὴν
1264 5262 1376 5329 ἕξει
1406 5263 1503 5333 τῆς
1530 5262 1710 5335 ψυχῆς
1763 5266 1862 5333 τὴν
1894 5263 2228 5332 ἐλευθερίαν,
2264 5264 2341 5333 τῷ
2375 5264 2493 5337 Θεῷ
2531 5269 3036 5340 προσοικειούμενος
3057 5287 3071 5301 ·
3101 5271 3193 5323 καὶ
3221 5271 3379 5338 ὀλίγα
3439 5275 3747 5343 ραντισθείς
3786 5280 3836 5329 ἐκ

618 5361 721 5431 τῆς
747 5360 993 5428 ἁλμυρᾶς
1022 5357 1115 5409 τοῦ
1146 5356 1260 5425 βίου
1302 5353 1597 5425 τρικυμίας
1638 5357 1736 5425 τὴν
1762 5358 1956 5427 ψυχήν.

694 5452 829 5505 Hinc
850 5450 1013 5519 igitur
1042 5450 1257 5503 remitte
1296 5464 1359 5501 ac
1384 5447 1616 5516 depone,
1657 5448 1899 5513 domina,
1929 5453 2184 5507 inconso-

622 5541 836 5595 labilem
870 5540 1113 5595 dolorem
1145 5554 1157 5589 :
1190 5547 1367 5591 statue
1420 5538 1710 5592 terminum
1747 5553 2002 5594 {erumna
2048 5558 2183 5595 con-

623 5642 902 5704 gruentem
933 5649 947 5685 :
979 5629 1205 5684 Immola
1230 5630 1331 5684 Deo
1351 5631 1574 5683 hostium
1607 5631 1929 5687 laudationis
1956 5634 2022 5699 ‘°,
2050 5648 2183 5687 con-

2380 5449 2660 5503 Ἐντεῦθεν
2678 5447 2987 5521 τοιγαροῦν,
3006 5451 3147 5515 ἀνες,
3166 5451 3321 5519 ἄφες,
3341 5453 3627 5519 δέσποινα,
3648 5461 3702 5513 τδ
3719 5463 3834 5513 ἀπα.

2298 5542 2598 5610 ρηγόρητον
2632 5537 2893 5608 λυπηρὸν,
2922 5538 3088 5608 πῆξον
3116 5542 3240 5608 ὅρον
3281 5541 3362 5611 τῷ
3409 5545 3582 5599 πάθει
3633 5548 3829 5620 διαρκῆ¹

2295 5633 2494 5687 Θῡσον
2510 5630 2586 5698 τῷ
2607 5630 2727 5697 Θεῷ
2751 5635 2968 5687 θυσίαν
3008 5632 3313 5699 αἰνέσεως,
3354 5636 3831 5714 ἀνθομολογησεως.

692 5810 739 5842 ⁸⁸
772 5808 917 5864 Psal.
948 5824 1042 5874 cn,
1076 5808 1162 5863 l5.
1238 5810 1282 5842 "
1325 5810 1468 5867 Psal.
1512 5824 1739 5876 uniti,
1772 5809 1861 5864 49.
1937 5810 1983 5841 ⁸⁸
2016 5808 2187 5865 ιΤΙιεε

2294 5827 2366 5875 tv,
2406 5812 2492 5866 13.
2570 5813 2613 5843 ⁸ο
2644 5811 2775 5866 ibid.
2813 5812 2899 5871 15.
2973 5812 3015 5844 ⁸⁸
3045 5810 3190 5867 Psal.
3221 5828 3370 5880 χιιι,
3404 5817 3499 5871 14.
