3964 6320
155 346 293 410 1457

1341 339 1880 402 EPISTOLARUM
1918 342 2072 400 LIB.
2119 341 2200 400 Il.

3266 337 3400 402 1458

150 458 285 510 Εἰπὲ
314 456 451 526 μετὰ
475 457 567 509 τοῦ
599 456 870 527 μακαρίου
914 450 1036 504 ’1ώὸ
1056 466 1068 478 ·
1116 449 1177 501 '0
1208 448 1416 516 Κύριος
1439 447 1723 510 ἓδωκεν,ό

1836 444 2104 500 fessionis.
2177 443 2269 498 Dic
2323 460 2444 498 rum
2511 445 2673 500 beato
2733 444 3163 502 Jobzbominus
3233 450 3399 510 dedit,

148 551 364 616 Κύριος
390 549 667 616 ἀφείλετο
690 548 796 610 ’ὡς
818 541 1098 610 τῷΚυρίῳ
1120 539 1350 603 ἔδοξεν,
1380 540 1566 604 οὕτως
1619 537 1717 591 καί

145 641 402 709 ἐγένετο.
437 640 667 708 Φοέγξαι
727 640 794 691 τὰ
851 636 1046 689 Δαυῖδ·
1094 633 1509 700 Ἐπίστρεψον,
1546 631 1716 700 ψυχή

143 752 285 803 μου,
306 736 390 798 εἰς
415 732 529 798 τὴν
572 730 922 785 ἀνάπαυσιν
944 742 1081 780 σου.
1110 726 1270 794 Ψυχὴ
1299 726 1406 794 γάρ
1432 741 1547 788 σου,
1573 722 1716 793 ἡτοῦ

146 828 264 880 υἱοῦ
299 826 616 886 ἀποϐίωσις·
646 824 782 891 πρὸς
803 823 858 874 δὲ
907 820 1006 890 τὴν
1053 817 1281 888 χηρείαν
1338 816 1717 870 ἀναδλέπουσα

150 916 313 990 {Reg
354 916 476 969 cod.
528 908 960 985 dnoﬁiétzouca],
995 907 1320 979 ἁνάκραξον·
1352 910 1564 975 Κύριος
1591 906 1719 975 ἐμοὶ

141 1009 374 1075 ,βοηθός
397 1025 410 1037 ο
442 1008 513 1060 οὐ
547 1003 958 1074 φοϐηθήσομαι
988 1004 1041 1054 τι
1069 1003 1308 1066 ποιήσει
1347 1018 1450 1070 μοι
1500 1001 1720 1067 ἅνθρω-

147 1117 283 1165 πος.
327 1097 484 1152 Οῦτω
517 1099 625 1166 γὰρ
675 1094 1024 1163 διατιθεμένη
1074 1093 1298 1160 ἑαυτὴν,
1355 1090 1571 1162 πρῶτον
1623 1091 1720 1159 μὲν

148 1190 280 1242 Θεὸν
294 1189 587 1259 εὐφρανεῖς
605 1187 679 1248 ὡς
701 1184 1038 1254 αὐθαιρέτως
1053 1182 1264 1244 Θυσίαν,
1287 1182 1426 1234 κατὰ
1449 1180 1719 1251 Ἀϐραὰμ,

146 1283 236 1334 τὸν
266 1281 380 1333 υἱὸν
413 1279 819 1349 προσφέρουσα.
858 1271 993 1329 Εἶτα
1035 1274 1132 1327 καὶ
1186 1273 1335 1342 αὐτῷ
1372 1273 1448 1341 τῷ
1483 1273 1724 1342 φιλτάτῳ

147 1374 324 1443 τέκνῳ
355 1372 557 1443 χαρίσῃ
588 1372 655 1424 τὰ
705 1371 999 1441 κράτιστα,
1046 1366 1240 1436 ὁρῶντί
1294 1383 1352 1418 σε
1387 1365 1723 1435 εὐχαρίστως

149 1467 447 1534 φέρουσαν.
485 1464 609 1524 Τοῖς
641 1480 701 1514 τε
735 1461 913 1523 ἄλλοις
950 1459 1154 1513 ἅπασιν
1187 1458 1490 1528 ὑπόδειγμα
1521 1458 1726 1527 ὑπομο-

149 1556 247 1624 νῆς
273 1555 488 1625 ἀγαθῆς
516 1554 915 1622 καταστήσειας
951 1551 1008 1602 ὲν
1034 1548 1256 1618 Χριστῷ
1301 1548 1475 1617 Ἰησοῦ
1505 1549 1583 1618 τῷ
1607 1550 1723 1601 Κυ-

154 1646 254 1717 ρίῳ
271 1647 431 1716 ἡμῶν
450 1663 463 1675 ·
486 1646 545 1698 ὃν
567 1643 837 1714 εὐχόμεθα
859 1642 1134 1711 ἁψάμενόν
1165 1658 1259 1694 σου
1287 1641 1385 1707 τῆς
1405 1642 1630 1710 καρδίας
1657 1642 1726 1694 ἐν

150 1736 304 1789 ἐλέει
329 1737 421 1788 καὶ
441 1735 783 1802 οἱκτιρμοῒς,
800 1733 1095 1802 ἐμποιῆσαι
1114 1748 1196 1784 σοι
1210 1730 1323 1798 φῶς
1339 1732 1724 1802 εὐπαρηγόρη-

1823 537 2081 592 Dominus
2115 539 2370 600 abstulit;
2416 538 2554 591 sicut
2600 538 2824 592 Domino
2856 541 3092 608 placuit,
3126 543 3201 594 ita
3234 551 3282 595 rt
3312 543 3398 610 fa-

1821 643 1962 686 ctum
1992 644 2066 686 est
2097 634 2160 684 °‘.
2198 631 2372 686 Effare
2404 632 2533 686 illud
2571 632 2786 687 Davidis
2816 653 2829 687 :
2860 635 3188 702 Convertere,
3216 638 3399 690 anima

1822 743 1958 790 mea,
1993 728 2046 780 in
2072 727 2295 796 requiem
2330 728 2557 779 tuam“.
2593 727 2783 780 Anima
2825 729 2968 780 enim
3009 738 3120 793 tua,
3159 729 3252 783 ﬁlii
3285 730 3400 783 obi-

1821 827 1931 875 tus.
1968 819 2048 872 Ad
2082 818 2398 872 viduitatem
2443 833 2571 872 vero
2619 820 2932 887 respiciens.
2964 821 3207 874 exclama
3244 839 3257 874 :
3293 822 3401 875 Do-

1824 912 1994 964 minus
2046 912 2170 964 mihi
2210 910 2427 978 adjutor
2454 925 2470 962 :
2502 927 2604 963 non
2646 898 2842 964 timebo
2876 912 3000 981 quid
3049 913 3215 982 faciat
3268 914 3398 966 milii

1824 1007 1976 1059 homo
2004 1006 2068 1059 ⁸³.
2114 1006 2206 1058 Sic
2235 1007 2381 1060 enim
2437 1022 2770 1076 componens
2828 1008 3052 1075 teipsam
3083 1047 3097 1071 ,
3157 1005 3394 1074 primum

1823 1097 2042 1167 quidem
2079 1098 2243 1150 Deum
2269 1097 2587 1160 oblectabis,
2630 1106 2885 1164 tanquam
2914 1096 3214 1150 voluntarie
3243 1094 3399 1148 victi-

1827 1205 1990 1251 mum,
2025 1189 2164 1242 sicut
2193 1189 2486 1252 Abraham,
2508 1188 2673 1241 filium
2701 1187 2955 1241 ofierens.
2996 1185 3192 1240 Deinde
3212 1193 3265 1238 et
3295 1187 3394 1253 ipsi

1825 1281 2270 1334 charissimolilio
2286 1279 2650 1349 gratissimam
2677 1294 2788 1332 rem
2813 1276 2998 1341 facies,
3016 1293 3139 1331 cum
3167 1287 3218 1330 te
3243 1286 3397 1344 grato

1825 1370 2010 1423 animo
2053 1367 2318 1423 ferentem
2359 1368 2605 1436 aspiciet.
2640 1366 2866 1421 Caeteris
2921 1368 3084 1420 etiam
3142 1364 3398 1419 omnibus

1825 1462 2129 1530 exemplum
2149 1469 2351 1515 sanctae
2373 1459 2644 1529 patientiae
2667 1458 2931 1527 praebebis
2958 1459 3009 1512 in
3027 1456 3244 1511 Christo
3269 1454 3396 1511 Jesu

1826 1553 2060 1607 Domino
2090 1561 2315 1616 nostro;
2343 1566 2502 1619 quem
2533 1566 2756 1604 oramus
2787 1558 2844 1602 ut
2876 1565 2972 1604 cor
2996 1560 3146 1602 tuum
3172 1558 3401 1618 tangens

1825 1647 1880 1699 in
1910 1644 2273 1698 misericordia
2299 1652 2347 1696 et
2389 1642 2812 1696 miserationibus
2834 1643 2902 1706 ⁸⁸,
2941 1642 3121 1695 lumen
3150 1640 3402 1695 consola-

1829 1738 1994 1791 tionis
2030 1737 2128 1790 tibi
2171 1735 2441 1798 infundat,
2469 1751 2533 1789 ac
2559 1735 2725 1788 vitam
2757 1734 3108 1804 tranquillam
3146 1746 3403 1802 peragere

150 1845 261 1890 τον,
291 1827 600 1880 διατελέσαι
622 1843 682 1878 τε
705 1824 801 1895 τὴν
824 1823 970 1891 ζωήν
997 1841 1088 1876 σου
1131 1821 1515 1892 είρηνεύουσαν
1540 1838 1554 1851 ⁸
1593 1826 1725 1878 κάν-

1836 1828 2130 1893 concedat;
2166 1828 2386 1896 vitaque
2425 1828 2528 1881 hac
2578 1825 2874 1880 secundum
2928 1825 3099 1879 Deum
3160 1833 3400 1892 peracta,

150 1922 330 1976 ταῦθα
359 1923 643 1993 ἀραμένην
675 1919 892 1988 θεοτελῆ
932 1918 1042 1988 βίον
1067 1916 1398 1982 καταξιῶσαι
1426 1919 1527 1988 τῆς
1548 1937 1607 1972 τε
1630 1923 1722 1976 τοῦ

151 2019 269 2072 υἱοῦ
302 2036 394 2071 σου
429 2017 780 2086 συνοψίσεως,
831 2017 924 2068 καὶ
964 2013 1431 2081 συναγαλλιάσεως
1458 2017 1696 2072 αἰωνίου.

222 2133 396 2204 ΡΜῑῖΙ
430 2132 724 2206 (ML—Ti;
745 2131 1105 2199 ἀδελφότητι
1132 2131 1496 2198 Πελεκήτης.
1519 2132 1727 2204 [ψκςιη

1835 1924 1928 1977 filii
1961 1923 2040 1978 tui
2080 1933 2426 1992 conspectus,
2454 1932 2508 1976 et
2536 1931 2750 1975 aeterna:
2778 1935 2901 1975 eum
2928 1934 2993 1974 eo
3025 1918 3405 1974 exsultationis

1837 2030 2139 2089 compotem
2175 2019 2359 2074 faciat.

2116 2135 2343 2190 CXLVI.
2367 2167 2433 2175 -—-
2467 2133 2819 2188 Frater-uitali
2847 2134 3122 2187 Pelecetes.

1283 2249 1346 2299 Ut
1379 2264 1507 2298 nom
1533 2252 1797 2314 praeposito
1823 2253 1920 2302 rite
1949 2254 2317 2315 obtemperent.

224 2360 484 2432 Δυπηρὺν
532 2361 628 2428 μὲν
673 2357 732 2410 τὸ
777 2356 1124 2428 συμϐεϐηκὸς
1157 2359 1220 2427 τῇ
1248 2357 1522 2427 τιμιότητι
1549 2357 1724 2427 ὐμῶν,

156 2455 372 2522 ἀδελφοὶ
420 2452 513 2504 καὶ
561 2450 822 2519 Πατέρες.
859 2451 980 2513 Πῶς
1035 2449 1142 2519 γὰρ
1201 2448 1262 2501 οῦ
1294 2466 1307 2515 ;
1339 2451 1419 2502 ὅτι
1474 2451 1565 2502 τὸν
1613 2467 1728 2502 ποι-

162 2548 295 2616 μένα
330 2543 485 2613 ὑμῶν
506 2542 942 2612 ἀποϐεϐλήκατε,
975 2542 1066 2593 καὶ
1099 2541 1349 2608 ἐγένεσθε
1376 2541 1450 2602 ὡς
1476 2541 1728 2610 ποίμνιον

154 2637 528 2710 ἠπορημένον,
559 2637 652 2690 καί
682 2636 849 2689 ταῦτα
877 2637 931 2687 ἐν
959 2634 1190 2704 ἡμέραις
1216 2632 1518 2698 τοιαύταις,
1540 2635 1622 2702 ἐφ’
1642 2631 1729 2696 αἷς

156 2728 308 2780 λύκοι
339 2727 527 2797 βαρεῖς
555 2727 648 2778 ἐπὶ
699 2725 767 2776 τὰ
811 2723 1036 2794 ποίμνια
1087 2722 1181 2774 τοῦ
1227 2721 1466 2791 Χριστοῦ
1507 2723 1728 2792 ὲπερχόυ

162 2838 330 2888 μενοι,
378 2819 472 2872 καὶ
525 2817 865 2884 συλαγωγείν
923 2815 1103 2884 ψυχας
1168 2812 1537 2882 σοφιζόμενοι.
1593 2814 1730 2866 Ἀλλ’

158 2910 304 2978 ὅμως
335 2909 526 2978 ἐπειδὴ
557 2907 706 2975 παρὰ
732 2905 869 2957 Θεοῦ
902 2905 961 2957 τὸ
997 2903 1230 2972 συμϐὰν,
1263 2904 1357 2957 καὶ
1406 2907 1534 2975 παρ’
1563 2902 1727 2957 αὐτοῦ

150 2997 512 3069 προσελήφθη
542 2997 570 3047 ὁ
600 2996 805 3064 ποιμὴν
838 2995 1009 3064 ὐμῶν,
1051 2993 1170 3046 καθ’
1200 2993 1259 3045 ὃν
1285 2994 1475 3064 καιρὸν
1516 2995 1632 3063 ᾔδει
1671 2995 1729 3047 τὸ

1901 2361 2076 2415 Triste
2114 2361 2246 2414 illud
2279 2361 2498 2430 quidem
2545 2364 2690 2430 quod
2749 2361 2906 2416 vobis
2944 2361 3182 2425 accidit,
3234 2360 3409 2414 bono-

1829 2453 1983 2506 randi
2013 2451 2213 2506 fratres
2236 2452 2554 2522 Patresque.
2589 2451 2693 2520 Qui
2746 2454 2890 2507 enim
2927 2453 3123 2508 secus?
3161 2466 3286 2506 cum
3318 2467 3410 2521 pa-

1829 2555 2029 2598 storem
2057 2555 2300 2598 vestrum
2333 2545 2665 2609 amiseritis,
2694 2544 2934 2614 factique
2956 2545 3074 2598 sitis
3097 2544 3242 2598 velut
3267 2544 3409 2597 ovile

1831 2635 2177 2699 destitutum,
2200 2636 2364 2705 idque
2393 2636 2444 2689 in
2477 2635 2564 2690 bis
2588 2636 2802 2702 diebus,
2825 2651 2921 2705 per
2949 2652 3088 2706 quos
3117 2636 3226 2707 lupi
3259 2646 3409 2690 atro-

1835 2742 1924 2780 ces
1959 2726 2161 2781 Christi
2203 2729 2388 2782 caulas
2418 2714 2820 2799 ingrediuntur,
2877 2739 2928 2784 et
2958 2731 3170 2782 animas
3203 2729 3408 2798 deprae-

1837 2820 1950 2872 dari
1990 2827 2168 2874 avent.
2203 2819 2479 2884 Attamen,
2507 2823 2766 2889 quoniam
2794 2838 2823 2875 a
2856 2821 2962 2876 Deo
2983 2831 3065 2876 est
3095 2821 3241 2890 quod
3274 2837 3409 2875 con-

1837 2912 1974 2981 tigit,
2008 2914 2075 2966 ab
2103 2928 2278 2982 eoque
2314 2920 2630 2980 assumptus
2665 2923 2748 2965 est
2780 2923 2970 2981 pastor
3019 2921 3198 2966 vester
3223 2951 3237 2976 ,
3298 2928 3409 2980 quo

1838 3011 2078 3068 tempore
2109 3003 2355 3070 utrisque
2383 3001 2639 3068 expedire
2663 3012 2912 3063 noverat,
2967 3003 3059 3071 qui
3115 3002 3297 3054 omnia
3355 3000 3408 3052 in

165 3091 441 3160 συμφέρον
474 3089 822 3158 ἀμφοτέρων,
851 3089 878 3139 ὁ
917 3085 984 3138 τά
1009 3085 1187 3138 πάντα
1206 3088 1262 3138 ὲν
1303 3090 1368 3155 τῇ
1391 3086 1554 3139 αὐτοῦ
1577 3089 1731 3156 σοφίᾳ

1839 3091 2104 3159 sapientia
2127 3108 2226 3146 sua
2252 3094 2491 3161 disponit
2525 3091 2819 3157 Dominus;
2857 3093 3059 3162 gratias
3085 3107 3244 3159 agere
3278 3105 3410 3145 con-

161 3181 374 3233 διοικῶν
404 3181 609 3250 Κύριος
634 3195 646 3207 ·
679 3181 1123 3249 εὐχαριστητέον,
1160 3179 1256 3230 καὶ
1283 3179 1383 3230 οὐκ
1417 3180 1729 3246 ἀγανακτη-

160 3273 299 3325 τέον.
333 3272 508 3334 Αὐτὸς
535 3271 643 3341 γὰρ
677 3271 922 3335 ἔδωκεν,
961 3271 1124 3332 αὐτὸς
1168 3272 1262 3322 καὶ
1296 3271 1727 3338 προσελάϐετο,

162 3364 256 3416 καὶ
288 3365 366 3429 ὠς
389 3362 473 3428 τῷ
503 3363 697 3429 Κυρίῳ
753 3361 986 3427 ἔδοξεν,
1017 3362 1203 3428 οὕτως
1248 3362 1345 3415 καί
1377 3363 1634 3432 ἐγένετο.
1668 3362 1733 3415 Τί

162 3449 252 3506 οὖν
306 3457 423 3506 ἐστι
465 3453 525 3505 τὸ
586 3452 1012 3521 ἐπιζητούμενον
1039 3469 1052 3514 ;
1082 3453 1201 3504 Ἵνα
1235 3454 1312 3513 εἰς
1355 3453 1578 3515 ἑαυτοὺς
1611 3453 1734 3522 ἄρτι

163 3547 388 3616 γένησθε
412 3565 425 3577 ·
457 3547 550 3598 καὶ
586 3544 765 3606 καθὼς
803 3543 1129 3614 ᾑρετίσασοε
1155 3543 1367 3596 ἑλέσθαι
1391 3545 1624 3614 ποιμένα.
1647 3545 1742 3604 τὸν¹

166 3637 348 3707 κύριον
363 3638 585 3708 Σέργιον
602 3636 690 3687 τὸν
708 3635 1099 3687 εὐλαϐέστατον
1120 3635 1345 3701 ἀδελφὸν
1368 3636 1543 3704 ήμῶνο
1581 3638 1736 3703 εἴπερ

171 3731 242 3799 μή
273 3731 387 3782 ὲστί
411 3747 465 3781 τι
502 3729 636 3798 πρὸς
659 3728 749 3780 τὸν
783 3727 969 3795 κύριον
1003 3727 1293 3797 Μακάριον
1323 3728 1414 3779 τὸν
1438 3744 1738 3795 πνευματι-

165 3823 256 3874 κὸν
285 3822 440 3892 ἡμῶν
477 3821 693 3890 Πατέρα
713 3818 984 3882 ἐνδοιάζον
1005 3835 1016 3848 ·
1044 3819 1361 3887 ὲπιμείνητε
1383 3819 1737 3889 εὐθυνόμενοι

168 3915 258 3966 καὶ
296 3914 589 3983 ἀρχόμενοι
615 3913 705 3964 ὑπ’
737 3912 923 3975 αὐτοῦ,
947 3906 1006 3965 οῦ
1031 3911 1345 3977 ἐξελέξασθε
1365 3910 1736 3982 πνευματικοῦ

170 4007 388 4078 πατρὸς,
423 4011 504 4069 εἰς
540 4004 891 4059 ἐπισύστασιν
945 4006 1099 4072 ὑμῶν
1162 4004 1489 4066 θεόσωστον,
1525 4004 1620 4056 καὶ
1661 4005 1742 4066 εἰς

167 4101 580 4168 ἀποπεραίωσιν
606 4098 720 4166 βίον
753 4095 1062 4158 θεοκλινοῦς
1094 4111 1108 4124 ο
1135 4095 1207 4157 ὡς
1229 4096 1294 4149 ἂν
1318 4095 1416 4165 τὴν
1444 4095 1616 4163 ζάλην
1637 4097 1742 4148 τῶν

171 4193 458 4260 αἱρετικῶν
491 4190 817 4258 πνευμάτων
848 4188 1183 4255 διαφύγοιτε,
1204 4189 1297 4240 καὶ
1326 4189 1404 4250 είς
1422 4188 1615 4257 λιμένα
1641 4204 1744 4239 σω-

171 4285 359 4352 τηρίας
388 4281 775 4354 ὲμόιϐάζοισθε
795 4298 808 4311 ·
840 4283 918 4344 είς
950 4281 1010 4333 τὸ
1058 4279 1132 4351 μὴ
1185 4279 1642 4351 βλασφημηθῆναι
1677 4278 1742 4330 δι’

171 4373 310 4440 ὑμᾶς
331 4374 388 4426 τὸ
410 4374 582 4442 ὄνομα
597 4371 690 4424 τοῦ
714 4371 870 4436 Θεοῦ,
894 4371 1089 4440 μᾶλλον
1112 4371 1170 4423 δὲ
1215 4371 1543 4440 δοξασθῆναι
1560 4387 1574 4401 ·
1605 4371 1745 4422 κατὰ

170 4464 266 4532 τὴν
295 4466 756 4533 προκρατήσασαν
789 4462 965 4531 εὐαγῆ
981 4463 1260 4531 διαγωγὴν
1283 4462 1379 4524 τῆς
1401 4462 1544 4530 ζωῆς
1567 4461 1595 4513 ὑ
1605 4461 1739 4529 μῶν.

172 4555 241 4606 Σὺ
275 4556 352 4618 δὲ,
389 4555 586 4622 ἀδελφὲ
630 4554 898 4621 ἀγαπητὲ,
935 4555 1033 4606 οὐκ
1059 4553 1162 4618 ἔξω
1185 4541 1277 4603 τοῦ
1304 4553 1512 4614 εἰκότος
1531 4552 1744 4620 πέπρα-

173 4649 399 4713 χας,έπ’
455 4646 522 4698 ἂν
572 4643 744 4707 οὕτως
782 4644 1020 4711 ἐγένετο,
1087 4641 1468 4711 κατεληλυθὼς
1528 4644 1591 4693 ὲκ
1643 4641 1743 4708 τῆς

174 4738 306 4806 ὀπῆς
347 4739 446 4808 τῆς
503 4738 730 4804 πέτρας,
771 4737 861 4787 καὶ
906 4734 1252 4805 ἡγησάμενος
1323 4735 1429 4785 τῶν
1470 4733 1740 4799 ἀδελφῶν.

176 4829 281 4879 Καὶ
308 4830 414 4899 γὰρ
496 4827 698 4896 Κύριος
731 4826 886 4895 ἡμῶν
931 4826 1134 4895 Ἰησοῦς
1176 4824 1408 4894 Χριστὸς
1472 4840 1743 4889 συγκατα-

176 4921 326 4972 ϐάσει
355 4921 723 4990 χρησάμενος,
750 4920 811 4969 τὸ
856 4919 953 4986 τῆς
1001 4917 1315 4987 οἰκονομίας
1342 4916 1614 4980 ἐξετέλεσε
1647 4932 1744 4984 μυ-

180 5015 391 5082 στήριον
423 5015 515 5065 ἐπὶ
553 5013 796 5081 σωτηρίᾳ
833 5011 926 5063 τοῦ
956 5012 1176 5074 παντός.
1239 5012 1400 5080 Στῆθι
1443 5005 1558 5074 οὖν,
1611 5009 1745 5061 καθὸ

179 5101 457 5170 κέκρικας,
495 5103 588 5153 καὶ
622 5102 871 5169 κέκριται
897 5101 1001 5152 ὐπὸ
1033 5101 1139 5152 τῶν
1181 5101 1446 5166 ἀδελφῶν,
1473 5102 1574 5162 ἕως
1606 5100 1742 5169 ἡμέ-

183 5209 277 5260 ρας
314 5195 638 5258 ἀναδείξεως
667 5192 758 5245 τοῦ
783 5192 927 5255 ἱεροῦ
955 5193 1112 5262 ἡμῶν
1143 5194 1444 5263 ἀρχιερέως
1466 5211 1478 5221 ·
1507 5193 1601 5244 καὶ
1623 5192 1745 5242 τότε

183 5288 462 5353 γενήσεται
485 5286 514 5337 ὃ
538 5286 620 5337 δεῖ
648 5284 908 5352 γενέσθαι
937 5285 1316 5356 νομιμώτερόν
1356 5302 1413 5336 τε
1455 5285 1546 5337 καὶ
1587 5300 1746 5334 κανο-

182 5377 484 5449 νικώτερον.
522 5378 667 5440 Ἕως
725 5376 783 5428 δὲ
840 5377 904 5429 ἂν
944 5379 1017 5448 μὴ
1064 5382 1212 5448 παρῇ
1297 5377 1483 5448 καιρὸς
1555 5376 1749 5443 ἐπιζηη

247 5553 288 5585 “
321 5554 421 5610 Job
445 5574 478 5622 t,
511 5559 602 5612 2|.
679 5558 720 5589 ⁶²
756 5556 898 5610 Psal.
931 5573 1075 5617 (λιν,
1121 5554 1169 5608 7.
1259 5554 1300 5584 ⁶³
1337 5553 1480 5606 Psal.
1516 5568 1680 5614 cmi,
1714 5550 1765 5602 6.

1830 3181 1995 3242 venit,
2036 3195 2143 3232 non
2187 3195 2330 3250 egre
2375 3181 2507 3236 fere.
2539 3181 2658 3250 Ipse
2691 3197 2926 3252 namque
2953 3182 3118 3246 dedit,
3146 3183 3263 3251 ipse
3288 3181 3411 3234 abs-

1833 3270 1990 3334 tulit;
2032 3281 2086 3324 et
2121 3272 2258 3324 sicut
2304 3271 2529 3326 Domino
2564 3276 2762 3342 placuit
2800 3276 2876 3327 ita
2914 3283 2964 3328 et
2998 3275 3198 3344 factum
3228 3283 3307 3327 est
3341 3274 3406 3326 ".

1833 3359 1971 3426 Quid
1999 3376 2128 3432 ergo
2161 3365 2547 3428 exsitectatur?
2575 3373 2632 3418 ut
2661 3368 2726 3418 ad
2755 3381 2850 3419 vos
2884 3367 3028 3435 ipsos
3044 3379 3188 3419 nunc
3221 3363 3413 3418 redea-

1834 3455 1904 3506 tis
1936 3472 1948 3506 :
1981 3469 2214 3523 cumque
2243 3455 2393 3508 rubis
2434 3455 2612 3508 visum
2650 3456 2721 3509 sit
2762 3465 3036 3525 pastorem
3081 3456 3283 3524 eligere
3315 3455 3414 3508 do—

1835 3545 2039 3598 minum
2063 3543 2339 3615 Sergium,
2361 3546 2836 3615 religiosissimum
2869 3547 3090 3600 fratrem
3120 3555 3367 3600 nostrum
3392 3563 3411 3612 ;

1836 3633 1942 3687 nisi
1965 3632 2324 3688 dubitationis
2350 3635 2556 3703 aliquid
2575 3651 2605 3688 a
2639 3635 2862 3687 domino
2888 3634 3124 3688 Macario
3145 3635 3413 3705 spirituali

1838 3723 1999 3779 Patre
2039 3734 2229 3780 nostro
2262 3726 2597 3792 intercedat;
2637 3727 2874 3796 pergatis
2914 3729 2983 3782 ab
3031 3728 3124 3782 illo
3169 3729 3324 3800 dirigi
3362 3741 3418 3782 et

1817 3817 2132 3886 gubernari
2207 3833 2367 3888 quem
2405 3819 2703 3888 spiritalem
2746 3818 2961 3875 Patrem
3011 3821 3294 3890 elegistis.
3346 3825 3413 3874 ad

1840 3911 2135 3964 salutarem
2170 3913 2534 3964 constantiam
2567 3919 2805 3966 vestram
2833 3955 2846 3979 ,
2897 3922 2953 3967 et
2983 3915 3414 3968 consummatio-

1836 4018 1962 4064 nem
1991 4000 2114 4055 vita:
2147 4003 2257 4055 Deo
2307 4003 2557 4067 deretae;
2611 4015 2670 4056 ut
2701 4004 2996 4072 procellam
3032 4005 3415 4060 haereticorum

1842 4093 2133 4162 Spirituum
2181 4095 2469 4158 devitetis,
2501 4102 2556 4149 et
2601 4094 2655 4147 in
2697 4095 2891 4149 salutis
2925 4106 3142 4164 portum
3189 4097 3384 4150 inveha

1843 4188 1977 4241 mini
2011 4205 2023 4240 :
2057 4202 2126 4240 ne
2179 4187 2588 4255 blasphemetur
2641 4199 2864 4255 propter
2896 4202 2994 4242 vos
3050 4201 3249 4240 nomen
3301 4187 3418 4251 Dei,

1847 4279 1938 4332 sed
1971 4279 2152 4348 potius
2177 4277 2529 4345 glorificetur,
2559 4278 2713 4346 juxta
2743 4293 2862 4331 eam
2889 4293 3011 4348 qua:
3041 4288 3199 4332 antea
3229 4279 3419 4350 viguit,

1847 4372 1970 4424 vitae
1999 4381 2190 4425 vestra:
2230 4379 2474 4424 sanctam
2503 4370 2925 4424 institutionem.
2959 4369 3040 4424 Tu
3064 4386 3216 4435 vero,
3254 4355 3426 4426 frater

1849 4461 2191 4528 chat‘issime,
2223 4477 2331 4514 non
2367 4462 2666 4530 incongrue
2693 4462 2887 4526 fecisti,
2928 4462 3149 4532 quando
3202 4463 3277 4516 ita
3335 4479 3424 4517 res

1845 4555 2033 4618 cessit,
2074 4555 2217 4622 quod
2249 4569 2314 4606 ex
2347 4554 2498 4621 rupis
2529 4568 2762 4606 caverna
2790 4554 3061 4623 prodiisti,
3100 4568 3164 4608 ac
3189 4552 3420 4608 fratrum

1846 4644 2226 4713 pra-lectura“)
2285 4643 2599 4712 suscepisti.
2633 4642 2767 4699 Nam
2816 4653 2872 4698 et
2923 4643 3187 4699 Dominus
3236 4652 3423 4698 noster

1844 4737 2002 4791 Jesus
2030 4738 2281 4790 Christus
2304 4735 2788 4790 condescendendo
2807 4736 3199 4789 incarnationis
3217 4747 3420 4808 myste-

1847 4830 1987 4882 rium
2014 4829 2079 4883 ad
2125 4830 2353 4884 salutem
2405 4831 2790 4884 universorum
2822 4829 3049 4898 peregit.
3095 4827 3188 4882 Sta
3235 4829 3419 4898 igitur,

1850 4922 2308 4991 quemadmodum
2361 4922 2672 4986 decrevisti,
2717 4923 3105 4990 decretumque
3124 4930 3207 4975 est
3239 4938 3270 4976 a
3311 4919 3424 4974 fra-

1850 5015 2063 5079 tribns',
2111 5014 2290 5083 quoad
2326 5015 2642 5084 designetur
2674 5025 2900 5070 sanctus
2926 5014 3155 5068 antistes
3194 5021 3424 5077 noster;

1851 5115 1903 5158 et
1931 5111 2061 5159 tunc
2104 5105 2352 5158 exactius
2389 5106 2516 5158 fient
2543 5122 2665 5175 qua:
2695 5106 2850 5173 juxta
2891 5107 3034 5176 leges
3079 5113 3135 5158 et
3189 5116 3427 5157 canones

1850 5196 2152 5263 prmstanda
2176 5206 2324 5250 sunt.
2350 5196 2532 5250 Donec
2555 5213 2686 5251 vero
2703 5198 2845 5250 absit
2869 5204 3086 5265 tempus
3104 5193 3425 5261 expetitum,

1846 5295 2048 5353 prmsto
2101 5286 2384 5352 fratribus,
2433 5298 2484 5341 et
2518 5302 2840 5356 prosperare
2875 5287 2927 5340 in
2961 5285 3195 5339 Domino
3221 5325 3237 5351 ,
3305 5294 3429 5335 tan-

1848 5391 2011 5445 quam
2044 5393 2139 5447 pro
2163 5378 2455 5435 animabus
2496 5379 2717 5434 illorum
2750 5379 3017 5434 rationem
3076 5375 3421 5432 redditurus.

1847 5552 1889 5581 ’“
1927 5552 2066 5612 Psal.
2096 5570 2188 5620 cn,
2216 5555 2268 5608 4.
2340 5553 2506 5609 “Job
2544 5573 2578 5620 I,
2623 5556 2713 5609 2|.

1692 5690 1923 5749 NDT/E.

250 5765 355 5837 (57)
385 5769 441 5822 In
477 5770 594 5825 cod.
623 5768 750 5840 Heg.
781 5776 872 5839 μ’.
