3964 6320
520 294 656 359 1459
1704 293 1764 350 S.
1806 286 2122 349 THEODOl

2239 287 2582 349 STUDITIE
3678 285 3841 349 1461)

516 409 610 464 sed
636 416 691 461 et
713 414 974 474 tanquam
1008 404 1537 468 mereedem,eorum
1561 417 1745 467 causa,
1764 411 2095 471 recepturus.

2232 398 2481 467 οὐμενος,
2515 395 2650 467 ἡγοῦ
2681 394 2785 447 τῶν
2818 394 3085 464 ἀδελφῶν,
3118 397 3213 448 καὶ
3240 393 3542 448 κατευοδοῦ
3570 396 3655 448 ὲν
3701 398 3834 448 Κυ-

516 502 736 568 Quanto
762 500 909 555 enim
949 498 1126 570 majus
1158 506 1241 554 est
1273 498 1463 568 jugum
1504 497 1841 567 praefectura:
1871 536 1886 559 ,
1936 504 2090 549 tanto

2229 492 2321 561 ιίῳ,
2352 490 2426 553 ὼς
2450 490 2610 557 λόγον
2646 487 2946 541 ἀποδώσων
2991 486 3133 556 ὑπὲρ
3178 487 3287 540 τῶν
3319 487 3518 558 ψυχῶν
3586 488 3841 541 αὐτῶν.

526 608 739 650 merces
765 592 1058 663 copiosior.

2229 582 2368 636 Αλλά
2391 581 2487 634 καὶ
2530 582 2605 644 ὡς
2638 580 2731 633 τὸν
2758 580 2898 650 ὑπὲρ
2932 579 3111 633 αὐτῶν
3163 580 3355 649 μισθὺν
3390 581 3603 649 κομιοῦ
3615 597 3836 650 μενος.

2196 673 2336 726 Καθ’
2368 672 2492 726 ὅσον
2521 671 2630 742 γὰρ
2666 672 2840 741 μέγας
2914 669 3080 740 ζυγὸς
3116 672 3216 741 τῆς
3248 674 3638 742 προστασίας,
3674 675 3843 726 κατὰ

2197 763 2455 818 τοσοῦτον
2488 764 2587 816 καὶ
2611 762 2967 833 πολύμισθος.

590 858 829 912 Tantum
861 854 1054 910 oculos
1086 854 1229 909 habe
1259 862 1320 909 ut
1366 853 1578 916 videas,
1620 859 1676 906 et
1711 862 1871 904 aures
1896 846 2096 917 quibus

2266 855 2441 909 Μόνον
2494 854 2585 924 ἒχε
2638 853 2949 924 ὀφθαλμοὺς
3007 853 3100 906 τοῦ
3147 854 3301 924 δρᾷν,
3352 854 3449 906 καὶ
3513 846 3651 907 ῶτα
3732 854 3843 906 τοῦ

519 948 734 1010 audias,
790 962 884 1002 cor
940 946 1175 1015 vigilans
1208 956 1261 1001 et
1307 946 1476 1000 Deum
1514 957 1786 1015 quaerens,
1844 938 2096 994 allectum

2229 948 2438 1013 κούειν,
2467 946 2695 1017 καρδίαν
2718 946 2995 1015 ἄγρυπνον
3021 948 3116 999 καὶ
3139 945 3492 1016 θεοζήτητον,
3527 945 3666 1009 ἕξιν
3708 964 3843 999 ποια

521 1041 871 1112 pastoralem,
902 1055 1209 1095 sermonem
1233 1049 1420 1109 aptum
1455 1038 1521 1092 ad
1559 1034 1885 1095 docendum,
1915 1045 2098 1086 mores

2229 1039 2489 1110 ιαντικὴν,
2542 1039 2701 1108 λόγον
2734 1038 3138 1101 διδασκαλικὸν,
3175 1036 3452 1107 εὔρυθμον
3490 1032 3670 1107 ἦθος,
3738 1036 3841 1088 εῦ-

522 1132 881 1199 compositos,
909 1139 1113 1185 statum
1144 1129 1489 1184 etincessum
1523 1126 1698 1181 fausta
1720 1125 2094 1180 denotantem.

2233 1150 2375 1203 ημον
2405 1132 2594 1186 στάσιν
2628 1132 2722 1184 καὶ
2752 1130 2908 1200 βάσιν
2928 1146 2942 1160 ·
2970 1131 2998 1181 ὁ
3021 1130 3176 1198 λόγος
3198 1130 3264 1183 δι’
3292 1130 3415 1184 ὅλου
3442 1131 3557 1183 ὑπὸ
3587 1129 3713 1182 τοῦ
3747 1128 3844 1181 λό-

523 1223 842 1277 Sermonem
864 1222 1015 1277 omni
1043 1237 1108 1275 ex
1147 1230 1300 1291 parte
1336 1220 1477 1275 ratio
1516 1218 1770 1273 observet
1813 1229 1879 1269 ac
1925 1222 2095 1283 regat.

2229 1241 2299 1277 ὀυ
2332 1223 2769 1295 συντηρούμενος
2807 1225 2902 1276 καὶ
2948 1222 3381 1293 διευθυνόμενος.
3433 1223 3555 1276 Καὶ
3620 1222 3841 1293 μακά-

522 1318 600 1371 Ac
632 1316 826 1370 beatus
856 1330 937 1381 es,
993 1314 1351 1384 apostolicum
1404 1326 1543 1381 opus
1589 1323 1873 1381 peragens.
1909 1304 2100 1362 Domi-

2229 1330 2317 1377 νιος
2350 1308 2401 1365 εί
2447 1313 2805 1367 ἀποστολικὸν
2835 1312 2995 1384 ἔργον
3015 1313 3294 1372 διατελῶν.
3325 1315 3439 1368 Καὶ
3469 1314 3588 1386 γὰρ
3634 1316 3671 1368 ὁ
3705 1317 3837 1370 Κύ-

522 1424 629 1463 nus
657 1406 949 1477 siquidem,
985 1406 1319 1476 praecipuam
1357 1403 1564 1457 amoris
1614 1415 1743 1469 erga
1798 1399 1976 1469 ipsum
2004 1397 2101 1451 de-

2229 1422 2320 1470 ιιος
2354 1405 2632 1472 ἀπόδειξιν
2652 1405 2751 1475 τῆς
2780 1407 2860 1469 είς
2888 1406 3054 1459 αὑτὸν
3080 1407 3265 1476 φιλίας
3303 1406 3679 1477 προῦχουσαν
3712 1410 3835 1462 ὐπ-

523 1498 977 1555 monstrationem
1017 1512 1160 1561 esse,
1194 1495 1354 1550 Petro
1398 1494 1688 1565 coryphaao
1725 1488 2098 1561 apostolorum

2231 1496 2371 1562 δειξε
2409 1494 2486 1567 τῷ
2519 1495 2807 1567 κορυφαίῳ
2821 1495 2935 1550 τῶν
2960 1497 3277 1550 ἀποστόλων
3293 1498 3515 1568 Πέτρῳ,
3551 1500 3671 1570 τὴν
3702 1518 3841 1553 ποι-

524 1592 785 1655 ostendit,
843 1591 1051 1661 virgam
1109 1588 1441 1661 pastoralem
1482 1606 1496 1642 :
1534 1584 1796 1654 Sidiligis
1854 1598 1957 1647 me,
2018 1581 2102 1635 in-

2229 1587 2475 1657 ιαντικὴν
2501 1586 2727 1657 ῥάϐδον·
2757 1589 2829 1641 Ei
2863 1587 3062 1656 φιλεῖς
3107 1604 3187 1658 με
3228 1589 3361 1660 γὰρ,
3405 1591 3571 1659 φησι,
3618 1589 3842 1643 πλέον

523 1683 666 1754 quit,
684 1682 800 1753 plus
815 1682 919 1748 bis,
948 1680 1125 1746 Petre,
1151 1696 1307 1745 pasce
1335 1695 1451 1732 oves
1473 1693 1614 1730 nicas
1640 1677 1707 1728 “.
1736 1675 1905 1730 Pasce
1937 1672 2103 1742 igitur

2229 1680 2451 1742 ὀύτων,
2506 1680 2713 1750 Πέτρε,
2771 1682 3052 1750 ποίμαινε
3087 1681 3157 1735 τὰ
3204 1682 3469 1749 πρόϐατά
3497 1700 3657 1752 μου.
3698 1684 3840 1737 Ποία

524 1793 656 1833 oves
692 1776 948 1841 Domini;
983 1783 1133 1829 tutas
1167 1773 1292 1828 illas
1327 1780 1595 1842 praestans
1647 1770 1702 1822 in
1736 1768 1964 1823 mandra
2002 1780 2100 1820 or-

2229 1788 2368 1825 ιαινε
2388 1767 2481 1824 οὖν
2504 1773 2573 1826 τά
2602 1772 2855 1845 πρόϐατα
2897 1773 3129 1843 Κυρίου.
3173 1774 3652 1844 ’.ἀσφαλιζόμενος
3686 1776 3838 1828 αὖτά

526 1868 778 1925 thodoxae
838 1867 982 1931 ﬁdei,
1045 1867 1291 1921 nutriens
1347 1864 1471 1920 illas
1520 1862 1764 1934 gramine
1805 1858 2096 1915 mandato-

2229 1882 2265 1915 ,ν
2290 1864 2356 1934 τῇ
2392 1863 2605 1935 μάνδρᾳ.
2632 1865 2730 1935 τῆς
2766 1864 3095 1935 ὀρθοδοξίας,
3126 1867 3219 1919 καὶ
3250 1866 3541 1937 ὲκτρέφων
3564 1867 3726 1921 αὐτά
3748 1869 3836 1921 είς

524 1976 646 2014 rum
675 1960 817 2029 ejus,
850 1968 904 2014 et
933 1959 1209 2014 collocans
1246 1972 1414 2027 pr0pe
1454 1971 1651 2025 aquam
1696 1954 1960 2025 requietis
2004 1967 2100 2006 vo—

2229 1956 2371 2026 (λόην
2402 1956 2511 2009 τῶν
2540 1955 2769 2009 ἐντολῶν
2796 1958 2982 2021 αὑτοῦ,
3025 1959 3121 2011 καὶ
3154 1959 3521 2029 κατασκηνῶν
3561 1962 3669 2013 ἐπὶ
3705 1961 3836 2013 ὓδα-

524 2052 755 2108 luntatis
784 2052 923 2121 ejus.
965 2049 1098 2106 Vide
1124 2066 1191 2105 ne
1221 2060 1315 2103 aut
1355 2048 1651 2118 abripiaris
1693 2046 1829 2115 ipse,
1868 2056 1963 2100 aut
1996 2045 2104 2099 ulla

527 2145 711 2199 ovium
754 2154 994 2207 tuarum,
1026 2144 1094 2197 ab
1125 2141 1394 2196 haereticis
1422 2140 1643 2196 belluis.
1681 2137 1966 2193 Suiﬁciunt
1990 2151 2112 2207 quas

531 2238 799 2292 hactenus
847 2236 1143 2305 contigere.
1194 2233 1351 2289 Nunc
1414 2248 1609 2288 secure
1662 2230 2010 2285 ambulemus
2053 2240 2108 2284 et

530 2330 652 2385 sine
680 2330 834 2400 lapsu
870 2345 883 2381 :
925 2327 1061 2382 nulli
1091 2326 1167 2381 rei
1200 2335 1508 2396 parcentes,
1533 2324 1579 2380 si
1606 2339 1695 2379 res
1721 2323 1984 2391 postulat,
2010 2336 2110 2375 nec

530 2424 667 2494 ipsis
697 2423 861 2477 etiam
910 2420 1256 2490 corporibus,
1307 2418 1509 2476 nedum
1557 2416 1716 2471 alteri
1751 2415 1993 2485 cuipiam
2029 2413 2108 2467 rei

531 2513 894 2584 corruptibili,
930 2526 1026 2583 pro
1065 2510 1358 2566 dilectione
1412 2509 1537 2575 Dei;
1571 2507 1729 2578 cujus
1754 2522 1866 2577 .pax
1920 2512 2112 2576 regnet

532 2604 589 2659 in
620 2604 883 2659 cordibus
935 2603 1134 2658 vestris
1153 2610 1207 2655 et
1231 2602 1285 2655 in
1316 2599 1749 2669 cogitationibus
1778 2597 2002 2658 vestris,
2053 2604 2110 2649 et

536 2694 735 2767 dirigat
756 2695 898 2749 viam
917 2702 1155 2749 vestram
1182 2692 1235 2745 in
1264 2691 1482 2747 Christo
1506 2689 1633 2746 Jesu
1657 2688 1891 2746 Domino
1909 2696 2114 2743 nostro.

661 3005 913 3060 CXLVII.
947 3034 1015 3047 ——
1057 3003 1399 3060 Catechetica
1439 3003 1507 3054 ad
1542 3019 1665 3056 suos
1696 3003 2003 3069 discipulos.

2218 2066 2312 2111 τος
2340 2047 2700 2112 ἀναπαύσεως
2719 2047 2814 2101 τοῦ
2841 2048 3145 2121 θελήματος
3176 2050 3363 2105 αὐτοῦ.
3397 2051 3583 2105 Βλέπε
3605 2055 3694 2123 μή
3726 2072 3833 2107 που

2219 2140 2615 2212 ὑφαρπαγῇςῆ
2653 2140 2908 2211 αὑτὸς,ἢ
2960 2140 3070 2194 τῶν
3126 2142 3322 2195 σαυτοῦ
3376 2158 3433 2194 τι
3489 2145 3830 2214 προϐάτων,

2218 2234 2324 2286 ὑπὸ
2356 2234 2464 2287 τῶν
2488 2232 2781 2303 αἱρετικῶν
2813 2232 3016 2305 θηρῶν.
3061 2234 3248 2304 ’Δρκεῖ
3276 2234 3346 2288 τὰ
3377 2235 3750 2305 προλαϐόντα
3771 2238 3831 2290 ἐν

2216 2330 2328 2390 τοῖς
2362 2325 2717 2397 προλαϐοῦσι.
2755 2325 2868 2379 Νῦν
2913 2326 2971 2380 δὲ
3006 2326 3266 2396 ἀσφαλῶς
3309 2331 3828 2400 περιπατήσωμεν,

2216 2419 2311 2470 καὶ
2340 2416 2711 2489 ἀνεμπτώτως
2736 2434 2750 2450 ο
2789 2419 2966 2473 πάντα
2999 2418 3233 2489 δεύτερα
3268 2421 3599 2490 ἡγούμενοι,
3620 2420 3828 2491 καιροῦ

2220 2508 2535 2574 καλοῦντος,
2577 2510 2673 2562 καὶ
2696 2510 2926 2584 αὐτὰ.τά
2972 2510 3224 2582 σώματα,
3258 2511 3335 2582 μὴ
3375 2512 3463 2565 ὅτι
3515 2530 3583 2581 γε
3608 2514 3751 2569 ἄλλο
3775 2532 3828 2567 τι

2211 2601 2320 2655 τῶν
2355 2600 2748 2671 φθειρομένων,
2781 2603 2921 2674 ὑπὲρ
2953 2602 3056 2672 τῆς
3089 2603 3313 2674 ἀγάπης
3351 2605 3451 2657 τοῦ
3486 2606 3634 2659 Θεοῦ
3665 2626 3680 2636 ·
3704 2603 3770 2662 οῦ
3791 2610 3825 2679 ἡ

2224 2696 2414 2767 είρήνη
2451 2694 2743 2765 βραϐεύσει
2773 2696 2875 2758 τὰς
2922 2696 3148 2766 καρδίας
3195 2697 3371 2765 ὑμῶν,
3416 2700 3520 2751 καὶ
3559 2700 3629 2752 τά
3686 2703 3822 2770 νοή-

2227 2802 2373 2854 ματα
2405 2786 2559 2855 ὑμῶν
2580 2803 2592 2815 ⁸
2623 2786 2719 2837 καὶ
2755 2786 3084 2840 κατευθύναι
3113 2788 3210 2857 τὴν
3232 2787 3353 2841 ὁδὸν
3392 2789 3558 2859 ὑμῶν
3592 2793 3653 2843 ὲν
3689 2792 3827 2864 Χρι-

2229 2877 2338 2945 στῷ
2380 2877 2556 2947 Ἰησοῦ
2586 2876 2663 2947 τῷ
2698 2878 2890 2949 Κυρίῳ
2916 2878 3094 2949 ήμῶν.

2289 2992 2441 3044 PMZ'
2462 2992 3066 3065 (58).-Κατηχηῂτικὴ
3096 2993 3244 3065 πρὸς·
3272 2993 3419 3061 τοὺς
3445 2994 3676 3051 ἑαυτοῦ
3701 3012 3820 3065 μα’

2789 3062 2992 3129 θητάς.
3026 3063 3221 3136 [Gardt]

1096 3198 1161 3248 Ut
1184 3197 1623 3258 Quadragesimam
1645 3202 1817 3246 sancte
1840 3204 2077 3258 peragant
2103 3212 2114 3244 :
2146 3211 2201 3247 ac
2222 3198 2471 3261 praecipue
2490 3196 2759 3247 mulierum
2781 3198 3027 3261 colloquia
3049 3199 3255 3261 fugiant.

611 3305 855 3360 Instante
893 3318 1054 3360 sacra
1082 3303 1539 3373 Quadragesima,
1595 3311 1962 3374 Opportunum
1993 3301 2122 3357 duxi

2297 3303 2410 3374 Τῆς
2443 3303 2594 3374 ἱεράς
2615 3303 3077 3374 Τεσσαρακοστῆς
3103 3303 3202 3376 ἤδη
3227 3302 3521 3374 ἐπιούσης,
3554 3306 3815 3377 εὔκαιρον

542 3398 735 3469 paucis
759 3412 857 3453 vos
891 3397 1072 3462 aﬂari,
1096 3396 1194 3451 ﬁlii
1234 3397 1575 3460 charissimi,
1615 3396 1921 3465 fratresque
1952 3396 2127 3449 hono-

542 3490 803 3547 ratissimi
855 3507 870 3544 :
904 3500 959 3545 et
987 3491 1207 3561 quidem
1241 3492 1309 3546 ab
1365 3491 1630 3561 Apostolo
1677 3489 1991 3543 admonitus
2025 3488 2125 3542 ob-

544 3598 785 3649 secrare,
835 3599 1089 3654 arguere,
1180 3584 1486 3653 increpare,
1536 3592 1861 3653 Opportune,
1922 3581 2129 3650 impor-

548 3690 684 3732 tune
706 3674 774 3729 ⁶⁷.
805 3673 961 3729 Nunc
999 3689 1128 3729 vero
1150 3673 1348 3744 jejunii
1374 3684 1586 3743 tempus
1629 3688 1726 3743 per
1760 3673 2001 3742 seipsum
2029 3671 2127 3726 ad-

548 3768 915 3825 hortationem
946 3767 1130 3834 habet,
1153 3767 1352 3837 quippe
1387 3768 1532 3837 quod
1558 3766 1709 3821 novit
1728 3765 1894 3819 etiam
1926 3764 2126 3818 durum

549 3876 615 3915 ac
657 3857 1004 3929 praefractum
1062 3872 1451 3927 compungere.
1483 3855 1761 3927 Suscipite
1790 3856 1978 3926 igitur,
2012 3854 2126 3910 l'ra-

551 3964 683 4018 tres,
704 3951 891 4006 libenti
919 3950 1104 4004 animo
1134 3949 1252 4005 dies
1274 3948 1508 4013 laetitia);
1538 3949 1918 4016 unusquisque
1940 3947 1996 4000 in
2016 3961 2128 4016 quo

548 4045 855 4103 diversorio
909 4043 1239 4113 hospitatur,
1271 4058 1392 4111 quae
1450 4042 1621 4095 moris
1675 4052 1805 4096 sunt
1862 4056 2126 4109 peragens

550 4156 651 4213 pro
676 4141 884 4193 viribus
905 4179 919 4202 ,
951 4146 1008 4190 ut
1033 4152 1128 4205 per
1176 4135 1453 4189 silentium
1486 4133 1776 4202 victusque
1809 4132 2126 4200 parcitatem

549 4250 645 4291 cor
679 4246 1000 4303 purgemus,
1047 4229 1290 4282 animam
1320 4226 1643 4289 evehamus,
1672 4226 1802 4279 vitia
1835 4224 2127 4279 conculce-

552 4341 697 4381 mus.
729 4321 846 4377 Hoc
882 4322 1028 4375 enim
1049 4319 1343 4389 jejunium,
1375 4319 1480 4372 hoc
1506 4318 1810 4380 silentium,
1835 4318 1939 4370 hoc
1970 4332 2127 4370 man-

550 4422 738 4473 datum
768 4415 938 4485 exigit
975 4430 988 4467 :
1017 4415 1121 4468 hoc
1145 4412 1337 4467 salutis
1360 4421 1558 4466 nostrae
1587 4418 1671 4466 est
1702 4418 1898 4479 caput;
1930 4424 1993 4462 ex
2019 4423 2129 4476 quo

551 4519 606 4564 et
650 4508 719 4563 ad
759 4505 1140 4578 participanda
1200 4517 1547 4559 sacramenta
1599 4503 1775 4558 facilis
1838 4502 1994 4556 nobis
2027 4500 2131 4554 erit

551 4600 759 4662 aditus,
785 4609 949 4667 atque
975 4597 1110 4651 adeo
1139 4598 1265 4649 vitae
1303 4605 1519 4650 aeterna:
1550 4594 1828 4649 viaticum.
1865 4592 1969 4658 Qui
1991 4592 2129 4646 enim

554 4691 842 4745 manducat
865 4699 915 4744 et
945 4689 1073 4743 bibit
1096 4690 1327 4758 indigne,
1354 4689 1458 4742 hoc
1481 4699 1585 4751 est,
1614 4703 1722 4742 non
1751 4701 1907 4755 pure,
1947 4686 2126 4753 quoad
2160 4667 2204 4720 Ῑ)

555 4780 748 4835 humili
773 4787 982 4834 naturae
1006 4786 1210 4832 nostrae
1232 4778 1377 4845 licet,
1401 4778 1667 4847 judicium
1707 4778 1809 4829 sibi
1840 4775 2125 4827 manduca!

554 4886 603 4929 et
630 4874 780 4939 bibit,
808 4873 966 4943 juxta
1012 4872 1340 4927 sententiam
1379 4870 1758 4939 apostolicam,
1783 4884 1887 4921 non
1919 4866 2123 4935 dijudi-

555 4980 683 5018 cans
714 4978 904 5031 corpus
948 4962 1160 5014 Domini
1191 4962 1257 5017 ⁸⁸.
1287 4961 1631 5029 Quapropter
1674 4959 1806 5014 eniti
1843 4958 2125 5023 debemus,

556 5056 753 5110 fratres
770 5055 898 5116 mei,
932 5063 991 5107 ut
1021 5054 1090 5107 ab
1114 5054 1383 5108 indecenti
1425 5052 1717 5115 desiderio,
1748 5060 1802 5104 et
1833 5051 1900 5105 ab
1927 5049 2126 5104 invidia

554 5162 678 5218 quae
714 5147 954 5200 animam
1002 5145 1183 5199 exedit
1233 5145 1378 5200 etab
1428 5142 1657 5196 avaritia
1715 5157 1836 5209 qua:
1888 5148 2122 5193 mentem

558 5239 881 5309 submergit,
908 5239 1052 5292 etab
1083 5238 1267 5292 acedia
1302 5252 1423 5306 quae
1459 5236 1655 5289 anima:
1680 5234 1840 5288 oculo
1872 5232 2126 5287 tenebras

558 5332 811 5400 offundit,
844 5348 1012 5402 puros
1043 5347 1142 5387 nos
1184 5332 1561 5387 custodiamus
1595 5370 1610 5394 ,
1665 5343 1883 5398 semper
1930 5341 2124 5396 exspe-

558 5434 768 5480 ctantes
796 5427 1045 5494 corporis
1090 5427 1317 5487 exitum,
1375 5440 1482 5492 quo
1514 5424 1643 5477 vitia
1674 5429 2022 5483 exarescunt,
2073 5427 2127 5473 et

632 5544 675 5577 “
703 5543 858 5599 Joan.
892 5559 1003 5607 χχι,
1044 5546 1129 5598 15.
1168 5545 1209 5574 ⁵⁷
1238 5542 1279 5596 ll
1316 5543 1457 5598 Tim.
1485 5561 1558 5605 tv,
1592 5543 1646 5597 ἓ.
1682 5543 1725 5575 ⁸⁸
1763 5543 1778 5597 Ι
1813 5542 2032 5599 Cornu,
2064 5539 2153 5593 9.9.

2229 3398 2528 3467 ἡγησάμην
2557 3396 2768 3468 βραχέα
2792 3396 3131 3465 φθέγξασθαι
3160 3396 3298 3469 πρὸς
3328 3396 3505 3467 ὑμᾶς,
3557 3391 3604 3451 ὦ
3648 3399 3815 3453 τέκνα

2227 3492 2417 3559 ὴγαπη
2428 3490 2590 3559 μένα,
2622 3492 2717 3543 καὶ
2743 3490 2969 3559 ἀδελφοὶ
2996 3488 3321 3557 τιμιώτατοι
3347 3509 3363 3524 ⁸
3415 3492 3669 3559 καίτοιγε
3712 3493 3814 3545 ὑπὸ

2226 3581 2323 3635 τοῦ
2370 3582 2701 3655 Ἀποστόλου
2724 3582 3083 3653 παρακαλεῖν,
3110 3582 3377 3653 ἐλέγχειν,
3396 3584 3689 3655 ἐπιτιμᾷν,
3722 3584 3813 3636 εὐ-

2229 3652 2459 3745 καίρως,
2492 3674 2745 3746 ἀκαίρως
2794 3652 3258 3746 προτρεπόμενος.
3298 3674 3417 3727 Νῦν
3450 3671 3507 3728 δὲ
3600 3652 3701 3744 τῆς
3722 3694 3813 3747 νηο

2230 3768 2416 3831 στείας
2466 3768 2659 3839 καιρὸς
2691 3766 3077 3821 αὐτοδίδακτον
3127 3766 3243 3837 ἔχει
3286 3770 3388 3837 τὴν
3437 3768 3803 3839 παράκλησιν,

2229 3858 2594 3912 κατανύσσειν
2650 3856 2807 3920 εἰδὼς
2866 3858 2959 3911 καὶ
2998 3857 3091 3910 τὸν
3126 3857 3466 3928 ἀτεράμονα.
3512 3859 3806 3927 ’Υποδέξα-

2230 3949 2327 4003 σθε
2360 3945 2475 4014 οὖν,
2506 3944 2551 4002 ὦ
2578 3948 2821 4017 ἀδελφοὶ,
2859 3948 3088 4018 ἄσμενοι
3127 3948 3225 4010 τὰς
3275 3947 3519 4019 ίλαρίους
3551 3949 3801 4018 ἡμέραςο

2228 4044 2459 4105 ἕκαστος
2486 4043 2545 4095 ὲν
2571 4041 2649 4112 τῷ
2682 4041 3029 4111 καταλύματι
3057 4033 3102 4109 ᾧ
3131 4040 3422 4107 ξενίζεται,
3472 4039 3544 4093 τὰ
3578 4040 3801 4094 είωθότει

2230 4134 2371 4187 κατά
2395 4132 2625 4204 δύναμιν
2658 4133 2923 4187 ἐπιτελῶν
2946 4149 2959 4163 ·
3002 4132 3078 4195 ὡς
3109 4132 3177 4186 ἃν
3208 4132 3299 4185 διὰ
3332 4131 3433 4201 τῆς
3459 4133 3693 4202 ἡσυχίας
3715 4134 3801 4185 καὶ

2230 4227 2646 4299 μετριοτροφίας
2680 4222 3011 4297 καθάρωμεν
3032 4224 3285 4296 καρδίαν,
3303 4225 3683 4296 πτερώσωμεν
3706 4232 3801 4293 ψυ-

2238 4319 2361 4387 χὴν,
2389 4318 2768 4390 πτερνίσωμεν
2797 4316 2942 4388 πάθη
2990 4316 3162 4370 Τοῦτο
3184 4319 3291 4388 γάρ
3318 4319 3353 4388 ἡ
3383 4318 3630 4388 νηστείαι
3650 4319 3797 4372 τοῦτο

2230 4411 2430 4479 ἡσυχία
2451 4428 2466 4442 ’
2505 4408 2667 4463 τοῦτο
2704 4411 2738 4480 ἡ
2771 4410 2959 4479 ἐντολὴ
2986 4407 3323 4477 ἐπιζητοῦσα
3348 4424 3363 4439 ’
3392 4408 3554 4461 τοῦτο
3585 4410 3681 4478 τῆς
3700 4428 3796 4463 σω·

2228 4504 2423 4571 τηρὶας
2446 4502 2603 4573 ἡμῶν
2644 4502 2938 4571 κεφάλαιον
2959 4518 2971 4532 ’
3000 4500 3061 4565 ἐξ
3086 4493 3147 4554 οῦ
3178 4501 3272 4554 καὶ
3306 4500 3369 4553 τὸ
3400 4501 3651 4570 μετέχειν
3696 4504 3794 4554 τιίν

2234 4592 2595 4662 ἁγιασμάτων
2619 4592 2706 4663 εἴη
2738 4594 2803 4647 ἂν
2832 4594 2964 4663 ἡμῖν
2989 4592 3331 4663 εὐπρόσιτον,
3366 4592 3571 4662 μᾶλλον
3591 4594 3645 4645 δὲ
3663 4592 3792 4658 ζωῆς

2233 4682 2450 4735 αἰωνίου
2474 4685 2703 4755 ἐφόδιον.
2744 4686 2799 4739 '0
2816 4686 2924 4755 γὰρ
2938 4686 3159 4740 ἐσθίων
3175 4686 3275 4740 καί
3308 4688 3505 4738 πίνων
3524 4687 3789 4753 ἀναξίως,

2234 4778 2400 4846 ἤγουν
2429 4778 2502 4849 μὴ
2535 4778 2813 4848 καθαρῶς,
2843 4781 2968 4833 ὅσον
2993 4779 3263 4850 ἐνδέχεται
3293 4782 3360 4850 τῇ
3385 4784 3618 4850 ταπεινῇ
3645 4782 3792 4851 ἡμῶν

2236 4868 2415 4937 φύσει,
2473 4872 2649 4940 κρῖμα
2693 4870 2885 4937 ἑαυτῷ
2944 4872 3132 4925 ἐσθίει
3175 4872 3273 4925 καί
3319 4873 3505 4937 πίνει,
3532 4874 3670 4926 κατὰ
3706 4874 3791 4943 τὴν

2235 4957 2600 5029 ἀποστολικὴν
2636 4961 2932 5028 ἀπόφασιν,
2959 4960 3046 5029 μὴ
3069 4960 3392 5029 διακρίνων
3410 4962 3481 5014 τὸ
3510 4962 3677 5032 σῶμα
3698 4965 3790 5017 τοῦ

2234 5051 2478 5118 Κυρίου.
2523 5052 2623 5105 Διά
2664 5051 2818 5105 τοῦτο
2856 5052 3206 5121 ἀγωνιστέον,
3258 5051 3482 5122 ἀδελφοί
3538 5072 3660 5125 μου,
3708 5057 3789 5108 καὶ

2234 5142 2344 5195 ἀπὸ
2374 5144 2667 5214 ἐπιθυμίας
2696 5144 2955 5207 ὲκτόπου,
2996 5144 3092 5198 καὶ
3122 5143 3234 5196 ἀπὸ
3263 5142 3463 5213 φθόνου
3499 5146 3789 5199 κατεσθίονο

2232 5250 2322 5296 τος
2348 5235 2547 5306 ψυχὴν,
2578 5237 2674 5289 καὶ
2700 5236 2808 5289 ἀπὸ
2854 5235 3221 5310 φιλαργυρίας
3281 5235 3609 5309 βυθιζούσης
3655 5239 3787 5306 νοῦν,

2233 5331 2327 5379 καὶ
2356 5328 2463 5380 ἀπὸ
2485 5328 2715 5398 ἀκηδίας
2746 5327 3100 5399 σκοτιζούσης
3123 5328 3407 5399 ὀφθαλμὸν
3424 5329 3621 5400 ψυχῆς,
3644 5332 3790 5385 καθα-

2236 5422 2363 5490 ροὺς
2423 5423 2652 5487 ἑαυτοὺς
2687 5406 2991 5494 διατηρεῖν,
3044 5421 3523 5493 προσδεχομένους
3578 5423 3657 5477 ἀεὶ
3703 5421 3788 5495 τὴν

2072 5653 2297 5708 ΝΟΪκΕ.

631 5751 828 5825 (58)1η
861 5750 981 5807 cod.
1015 5750 1143 5823 Reg.
1186 5752 1312 5823 90ft.
