3964 6320
197 324 336 393 1461

1385 329 1921 392 EPISTOLARUM
1977 332 2126 392 LIB.
2171 305 2263 397 11.‘

3310 334 3444 400 1462

192 440 295 492 ’τοῦ
326 439 578 510 σώματος
605 438 804 505 ἔξοδον,
831 439 914 507 ἐφ’
936 433 980 507 ᾧ
1009 439 1235 508 τήκεται
1257 435 1326 492 τά
1343 440 1511 509 πάθη,
1537 442 1629 494 καὶ
1650 458 1760 494 νευ-

1877 441 2060 496 anima
2113 441 2521 497 corroboratur.
2575 439 2823 497 Claudite
2867 441 3092 499 auditus
3144 443 3443 500 vitiorum:

199 533 390 601 ροῦται
419 531 587 601 ψυχή.
623 531 848 583 Κλείετε
873 531 971 593 τὰς
999 530 1240 594 εἰσόδους
1267 530 1374 583 τῶν
1392 532 1579 585 παθῶν
1603 547 1615 560 ·
1638 532 1772 598 φεύ-

191 639 319 687 γετε
351 625 476 682 τοὺς
504 620 613 672 τῶν
641 621 954 690 πτωμάτων
1006 621 1205 682 τόπους
1233 635 1248 650 ·
1283 620 1517 689 φεύγετε
1543 621 1643 684 τὰς
1673 638 1771 689 γυ-

188 715 445 776 ναικείας
469 714 685 783 ὁμιλίας
713 714 805 766 καὶ
840 713 1264 781 συνδιαιτήσεις.
1294 712 1420 776 Πῶς
1448 713 1556 784 γάρ
1582 713 1647 767 ἂν
1677 714 1774 767 καὶ

196 808 275 874 μὴ
310 805 566 875 φλεχθείη
596 787 817 876 καρδία,
843 806 1044 875 μᾶλλον
1076 805 1132 857 δὲ
1163 804 1553 876 ἐμπυρισθείη,
1581 806 1769 874 λόγους

190 896 415 948 διδοῦσα
443 895 534 948 καὶ
560 896 914 965 λαμϐάνουσα
946 896 1083 965 μετά
1129 895 1434 965 παρθένου;
1473 898 1612 965 μετὰ
1633 895 1772 966 ψαλ-

195 987 431 1058 λούσης;
469 989 587 1059 μεθ’
633 989 751 1052 οἵας
791 989 988 1060 δήποτε
1042 987 1336 1057 γυναικός;
1386 989 1544 1051 Πῶς,
1599 990 1770 1060 φησὶ,

195 1079 525 1146 θεολογικῶς
556 1080 749 1143 εἰπεῖν,
789 1078 951 1131 σώσει
983 1081 1015 1149 ἡ
1051 1077 1306 1148 ἀλλοτρία
1335 1079 1394 1132 ὃν
1428 1079 1710 1132 ἀπώλεσεν
1738 1082 1772 1152 ἡ

199 1170 306 1222 ἰδία
333 1188 346 1234 ;
381 1170 484 1223 κᾶν
500 1171 608 1240 γὰρ
634 1170 1034 1240 πραγματικῶς
1058 1170 1229 1234 δόξειέ
1264 1188 1347 1234 τις
1371 1171 1769 1240 φυλάττεσθαι·

191 1263 336 1315 άλλά
363 1280 426 1331 γε
460 1261 773 1333 καρδιακῶς
801 1264 859 1315 ού
891 1262 1150 1334 διασωθῇ,
1176 1262 1315 1315 κατὰ
1360 1263 1456 1335 τὴν
1500 1263 1791 1332 ἀπόφασιν

191 1352 289 1405 τοῦ
320 1353 547 1423 Κυρίου.

279 1443 338 1498 Ὀ
363 1444 601 1513 διωγμὸς
627 1439 721 1498 οὖν
766 1445 827 1497 οὐ
858 1445 927 1498 δι’
965 1444 1263 1510 ἀπώλειαν,
1303 1444 1440 1498 ἀλλὰ
1470 1445 1558 1500 διὰ
1596 1463 1772 1517 σωτη-

190 1534 338 1604 ρίαν*
352 1535 472 1587 ούδέ
488 1534 720 1604 τοσαύτη
736 1537 947 1605 ἀνάγκη
965 1536 1364 1604 κατεπείγουσα
1379 1538 1457 1600 είς
1467 1537 1526 1589 τὸ
1544 1537 1776 1592 συνδιαι-

189 1627 391 1678 τᾶσθαι
423 1642 665 1693 γυναικι,
695 1625 876 1691 καθὼς
908 1625 1106 1691 ἐντοῖς
1135 1628 1380 1698 Πατράσι
1422 1630 1483 1681 τὸ
1515 1646 1773 1700 περιστα-

186 1716 345 1769 τικὸν
373 1719 683 1786 ἠνάγκασεν
724 1719 828 1771 ὑπὸ
861 1718 1117 1790 παρθένῳ
1139 1719 1231 1773 τὸν
1269 1721 1514 1792 ἀοίδιμον
1554 1721 1775 1775 Ἀθανά-

1873 534 2244 589 offensionum
2279 534 2397 588 loca
2424 531 2628 604 fugite:
2663 533 2832 605 fugite
2848 535 3138 592 muliebria
3176 538 3445 608 colloquia

1871 634 1925 680 et
1946 625 2330 681 contubernia.
2360 625 2480 691 Quo
2503 627 2648 681 enim
2675 637 2835 696 pacto
2857 643 2968 682 non
3000 629 3187 684 ardeat
3216 646 3335 696 cor,
3364 633 3447 686 vel

1873 716 2187 786 potiusnon
2214 717 2478 786 ignescat,
2523 726 2743 772 mutuos
2765 733 3052 773 sermones
3069 734 3193 772 eum
3235 721 3448 792 virgine

1873 811 2029 876 dans,
2067 819 2120 864 et
2142 810 2451 879 accipiens?
2480 825 2604 864 cum
2631 811 2934 880 psallente?
2957 826 3082 865 cum
3117 828 3450 884 quacunque

1873 901 2094 956 demum
2128 901 2390 956 muliere?
2413 900 2717 968 Quomodo,
2745 911 2803 955 ut
2827 902 3063 973 theologi
3095 903 3278 958 verbis
3303 914 3446 967 utar,

1874 994 2107 1050 salvabit
2149 994 2358 1061 aliena,
2400 1011 2564 1065 quem
2608 997 2827 1066 propria
2873 995 3144 1066 perdidit?
3182 995 3451 1063 Quamvis

1872 1088 2018 1142 enim
2047 1088 2226 1157 reipsa
2251 1089 2504 1144 videatur
2525 1089 2797 1159 quispiam
2829 1088 2935 1145 sibi
2963 1103 3161 1143 cavere
3183 1108 3197 1157 ;
3218 1100 3273 1145 at
3297 1091 3449 1145 cordi

1873 1181 2185 1235 consultum
2255 1183 2391 1238 satis
2454 1196 2566 1236 non
2626 1181 2760 1244 erit,
2815 1181 2968 1252 juxta
3039 1180 3254 1237 Domini
3317 1181 3450 1237 eﬂ‘a-

1873 1279 1987 1325 tum
2020 1271 2083 1322 ⁸⁸.

1945 1449 2135 1520 itaque
2160 1448 2473 1519 persecutio
2495 1464 2603 1505 non
2644 1449 2711 1504 ad
2757 1448 3008 1513 exitium,
3055 1448 3150 1504 sed
3198 1449 3263 1504 ad
3299 1450 3450 1504 salu-

1873 1548 1981 1594 tem
2022 1559 2035 1594 :
2078 1556 2254 1610 neque
2286 1550 2434 1596 tanta
2467 1552 2550 1596 est
2601 1541 2925 1605 necessitas,
2977 1551 3036 1595 ut
3074 1555 3198 1594 cum
3248 1540 3450 1593 femina

1873 1636 2087 1689 versari
2117 1645 2296 1706 cogat,
2331 1636 2476 1690 sicut
2507 1635 2650 1690 inter
2669 1632 2858 1689 Patres
2886 1633 3181 1704 gloriosum
3210 1633 3451 1686 Athana-

1875 1727 2016 1781 sium
2046 1727 2346 1798 adegerunt
2367 1727 2650 1796 angustia),
2677 1733 2739 1780 ut
2760 1735 2968 1796 septem
3002 1741 3176 1788 annos
3208 1726 3310 1781 sub
3341 1725 3452 1779 vir-

191 1826 308 1862 σιον
340 1811 707 1880 ἐπταετῆσαι⁸
739 1813 770 1883 ἢ
803 1812 955 1865 τόνδε
1000 1813 1094 1866 καὶ
1142 1813 1292 1866 τόνδε
1333 1813 1425 1866 τὸν
1472 1816 1628 1884 ἆγιον
1667 1816 1760 1868 ύπὶ

1876 1815 2021 1886 ginis
2050 1791 2180 1871 cura
2204 1791 2567 1886 transigeret;
2603 1791 2701 1869 aut
2723 1791 2870 1870 hunc
2893 1815 2976 1869 vel
3002 1815 3152 1868 illum
3175 1822 3447 1877 sanctum,

191 1902 458 1970 γυναικὸς
484 1902 980 1974 ἐξυπηρετηθῆναι.
1025 1902 1186 1955 Ἀλλὰ
1212 1903 1307 1956 νῦν
1338 1905 1432 1956 καὶ
1463 1905 1646 1968 πόλεις
1677 1907 1772 1958 καὶ

194 1993 369 2064 χῶραι
393 1996 454 2046 τὸ
493 1995 800 2064 ἐλευθέριον
826 1994 1033 2065 ἔχουσι,
1067 1995 1167 2065 τῆς
1201 1994 1558 2066 άσυνδυάστῳ
1585 1999 1772 2069 τρόπῳ

195 2088 411 2155 γυναιξὶ
438 2087 635 2151 ξενίας.
673 2088 744 2141 Σὺ
771 2087 827 2140 δέ
856 2089 1018 2158 δῆθεν
1045 2087 1339 2156 ὁμολογίας
1387 2091 1481 2142 καὶ
1528 2089 1768 2160 διωγμοῦ

193 2197 290 2232 του
325 2180 464 2248 ὑπὲρ
494 2179 731 2249 Χριστοῦ
765 2180 904 2232 κατὰ
930 2180 1022 2232 τοῦ
1054 2181 1292 2251 Χριστοῦ
1324 2198 1644 2250 κινουμενος
1669 2183 1770 2236 οὐκ

192 2273 504 2342 ἐπαισθάνῃ
585 2271 801 2340 γυναιξὶ
866 2272 1086 2336 πυκνῶς
1139 2274 1376 2343 ὁμιλῶν*
1439 2270 1768 2343 συμψάλλων

194 2366 326 2427 ἴσως
347 2381 362 2396 ο
403 2365 541 2434 τάχα
558 2364 614 2417 δέ
637 2365 731 2417 καὶ
755 2364 1098 2436 συνεσθίωνῆ
1121 2367 1213 2418 καὶ
1240 2366 1503 2419 συνοικῶν
1521 2384 1534 2396 ·
1573 2365 1767 2419 ἐσθίων

187 2457 288 2526 τὴν
326 2455 450 2524 ὄψιν
487 2457 588 2523 τῆς
636 2456 909 2518 συνοίκου,
951 2457 1047 2509 καὶ
1093 2457 1405 2528 ἐσθιόμενος
1451 2458 1554 2511 ὑπὸ
1605 2457 1767 2529 τῆσδε

190 2547 456 2616 ὀλεθρίως
483 2563 496 2613 ;
527 2546 734 2612 Φύγετε
765 2547 841 2610 ῶς
870 2547 978 2599 ἀπὺ
1002 2547 1170 2618 πυρὸς
1207 2549 1301 2601 καὶ
1327 2550 1374 2600 οί
1427 2549 1617 2618 ἄνδρες
1658 2548 1767 2600 ἀπὸ

187 2636 486 2706 γυναικῶν,
515 2637 608 2690 καὶ
663 2639 717 2689 αί
763 2640 1014 2705 γυναῖκες
1058 2638 1166 2693 ἀπὸ
1211 2639 1319 2691 τῶν
1366 2639 1609 2709 ἀνδρῶν’
1635 2639 1683 2690 εί
1709 2640 1766 2692 δὲ

189 2733 286 2783 καὶ
319 2729 592 2799 σύμϐασιν
623 2730 702 2782 δεῖ
730 2730 1004 2801 γενέσθαι,
1039 2730 1294 2784 τοσοῦτον
1320 2731 1444 2784 ὅσον
1481 2734 1514 2802 ἡ
1546 2733 1762 2802 ἀνάγκη

187 2822 284 2874 καὶ
315 2823 348 2890 ἡ
374 2821 532 2890 χρεία
572 2821 854 2890 ἀπαιτοίη,
907 2820 1412 2891 διαδιδράσκοντες,
1459 2824 1551 2874 καὶ
1595 2823 1655 2875 τὸ
1682 2841 1765 2875 τι-

188 2913 340 2966 θέναι
372 2912 668 2965 σκάνδαλον
709 2913 912 2974 ἄλλοις.
949 2911 1087 2965 Ἵνα
1128 2913 1183 2965 τί
1205 2913 1315 2982 γὰρ
1365 2915 1403 2981 ἡ
1454 2915 1765 2983 ἐλευθερία

180 3023 323 3074 μου,
355 3006 508 3075 φησὶ,
530 3006 791 3074 κρίνεται
812 3004 929 3059 ὐπὸ
946 3004 1142 3071 ἄλλης
1158 3005 1571 3074 συνειδήσεως
1591 3023 1610 3070 ;
1629 3007 1759 3069 Καὶ,

185 3101 254 3151 Et
275 3097 489 3166 βρῶμα
520 3097 902 3157 σκανδαλίζει
934 3098 1040 3151 τὸν
1064 3097 1332 3166 ἀδελφόν
1368 3116 1488 3167 μου
1509 3138 1524 3164 ,
1573 3102 1644 3153 οὺ
1674 3099 1760 3169 μὴ
1789 3141 1833 3196 c

181 3191 351 3258 φάγω
379 3191 520 3256 κρέα
538 3193 624 3256 εὶς
646 3191 751 3244 τὸν
781 3189 984 3255 αἰῶνα,
1003 3190 1102 3243 ἵνα
1123 3192 1206 3259 μὴ
1233 3191 1339 3243 τὸν
1365 3192 1633 3260 ἀδελφόν
1643 3209 1763 3261 μου

182 3279 599 3355 σκανδαλίσω,
653 3281 1118 3344 Ἀσκανδαλίστως
1168 3277 1260 3335 οὖν
1311 3281 1680 3349 πολιτεύεσθε,
1716 3278 1760 3336 ὦ

179 3374 371 3437 τέκνα,
402 3373 502 3425 καὶ
529 3373 953 3440 ἀπροσκόπως,
996 3373 1093 3426 καὶ
1126 3373 1457 3440 Ἰουδαίοις,
1485 3374 1583 3428 καὶ
1616 3375 1761 3429 ’Ἐλ-

179 3469 352 3531 λησι,
381 3465 479 3518 καὶ
503 3463 575 3533 τῇ
619 3467 942 3532 Ἐκκλησία
993 3465 1098 3518 τοῦ
1135 3465 1306 3530 Θεοῦ,
1344 3465 1526 3528 καθὼς
1551 3466 1753 3535 γέγρα-

181 3574 355 3610 πταιο
387 3546 730 3620 ἐπινοοῦντες
780 3559 873 3611 καὶ
921 3558 983 3610 τὸ
1027 3557 1218 3628 ἄδηλον
1264 3557 1357 3610 τοῦ
1396 3550 1625 3612 θανάτου
1657 3560 1759 3629 ἤδη

179 3647 429 3718 παρῆλθε
458 3648 550 3702 καὶ
582 3651 610 3700 ὁ
636 3647 858 3716 ἀδελφὸς
899 3649 1085 3714 Σίλας,
1133 3649 1226 3700 καὶ
1267 3649 1374 3720 πρό
1407 3667 1472 3717 γε
1510 3650 1701 3703 τούτου
1733 3652 1760 3702 ὁ

179 3739 356 3799 ἁὸὅᾶς
384 3738 714 3802 Θεόσωστος,
749 3737 842 3790 καί
873 3739 981 3804 γεὸ
1029 3737 1260 3806 ἀδελφὸς
1306 3739 1632 3809 Προκόπιος,
1665 3739 1759 3792 καὶ

176 3830 358 3892 οὐδεὶς
384 3830 656 3899 ἐπιμενεί.
692 3829 800 3881 Καὶ
835 3829 1107 3899 μακάριος
1132 3833 1159 3882 ὁ
1197 3830 1400 3882 συνιῶν
1426 3830 1752 3900 άκαταγνώ-

179 3939 325 3984 στως
368 3921 656 3991 παρελθεῖν
699 3920 788 3973 τὸν
822 3919 950 3991 τῇδε
1004 3920 1136 3989 βίον.
1206 3921 1577 3990 Προσεύχεσθε
1627 3923 1754 3992 περὶ

176 4013 340 4084 ἡμῶν
411 4013 520 4065 τῶν
598 4013 871 4066 ταπεινῶν
941 4013 1352 4082 ἁνεπιλήστως,
1405 4013 1491 4066 ἵνα
1558 4012 1751 4077 σωζοί-

178 4103 344 4174 μεθα.

360 4217 525 4270 PMH'
551 4215 685 4287 (39).
716 4244 786 4254 —
806 4217 1112 4285 Δημητρίῳ
1140 4214 1360 4280 ὑπάτῳ.
1396 4212 1586 4286 [φης]

1873 1915 1935 1961 ut
1973 1907 2227 1962 muliebri
2284 1906 2589 1962 ministerio
2631 1914 2915 1961 uterentur
2938 1907 3004 1960 ⁷ο.
3062 1903 3167 1960 Sed
3205 1920 3350 1959 nunc
3395 1913 3464 1962 et,

1864 1999 2037 2054 urbes
2077 2008 2133 2054 et
2165 2000 2416 2070 regiones
2449 1999 2683 2054 liberum
2723 1997 2966 2069 praebent
2998 1997 3293 2068 hospitium
3323 2035 3338 2060 ,
3374 1995 3450 2050 ita

1871 2100 1932 2145 ut
1955 2106 2178 2146 necesse
2206 2106 2314 2145 non
2358 2091 2430 2146 sit
2459 2107 2564 2145 una
2594 2107 2720 2146 cum
2755 2091 3084 2146 mulieribus
3110 2084 3339 2145 versari.
3365 2087 3450 2143 Tu

1869 2196 2001 2236 vero
2027 2197 2136 2236 non
2173 2183 2565 2237 animadvertis
2605 2183 2817 2237 scilicet
2862 2192 2912 2237 te
2945 2181 3350 2237 confessionem
3392 2192 3450 2236 et

1869 2273 2305 2342 persecutionem
2345 2287 2444 2341 pro
2503 2270 2756 2337 Christo,
2844 2273 3106 2326 adversus
3162 2271 3446 2326 Christum

1870 2370 2207 2426 convertere,
2243 2363 2371 2416 dum
2403 2362 2717 2432 frequenter
2746 2364 3079 2431 colloqueris
3104 2379 3228 2418 cum
3259 2363 3450 2418 mulie-

1870 2455 2059 2520 ribus;
2091 2471 2196 2509 una
2220 2451 2408 2523 psallis
2425 2454 2676 2520 fortasse,
2710 2471 2773 2510 ac
2806 2454 3043 2510 fortasse
3069 2456 3233 2511 simul
3259 2470 3446 2510 come-

1868 2548 1974 2609 dis,
2014 2559 2067 2601 et
2125 2547 2288 2602 simul
2344 2547 2578 2611 habitas,
2619 2548 2735 2602 \‘isu
2771 2558 2821 2602 te
2856 2563 3085 2617 pascens
3129 2548 3444 2618 huiusmodi

1868 2637 2278 2691 contubernalis
2299 2676 2312 2700 ,
2348 2652 2413 2692 ae
2441 2637 2591 2692 illam
2632 2637 2916 2691 oblectans
2955 2637 3222 2692 exitiose?
3251 2637 3446 2709 Fugite

1868 2737 2126 2798 tanquam
2157 2729 2223 2782 ab
2254 2728 2386 2798 igni,
2422 2738 2474 2783 et
2517 2729 2622 2783 viri
2665 2745 2694 2784 a
2725 2729 3068 2795 mulieribus,
3093 2739 3146 2786 et
3187 2731 3444 2788 mulieres

1866 2837 1896 2876 a
1925 2821 2078 2876 viris.
2110 2821 2263 2888 Quod
2289 2822 2334 2876 si
2363 2823 2658 2877 convenire
2709 2822 3014 2890 oportebit,
3075 2822 3127 2876 id
3175 2824 3450 2893 tantisper

1866 2915 1961 2968 fiat
1987 2924 2250 2984 quantum
2276 2930 2408 2969 usus
2431 2915 2598 2984 exigit
2627 2930 2692 2970 ac
2714 2917 3015 2970 necessitas
3049 2933 3062 2970 :
3091 2914 3346 2985 fugiendo
3389 2916 3445 2971 id

1865 3021 2028 3060 omne
2057 3005 2202 3075 quod
2225 3006 2346 3061 aliis
2376 3007 2694 3061 scandalum
2733 3008 2973 3076 praebere
2991 3018 3172 3077 queat.
3216 3006 3284 3060 Ut
3314 3008 3443 3077 quid

1865 3098 2004 3149 enim
2033 3096 2248 3149 libertas
2285 3113 2398 3150 mea
2438 3096 2742 3166 judicatur,
2784 3098 2982 3168 inquit,
3012 3098 3078 3152 ab
3110 3099 3289 3153 aliena
3320 3116 3445 3153 con-

1869 3188 2091 3241 scientia
2123 3189 2189 3242 ".
2223 3188 2308 3253 Et,
2345 3186 2405 3242 Si
2441 3205 2560 3242 esca
2598 3189 2932 3244 scandalizat
2980 3191 3201 3259 fratrem
3245 3207 3441 3256 meum,

1868 3297 1970 3333 non
2014 3280 2340 3336 mandueabo
2384 3297 2598 3334 carnem
2645 3281 2700 3333 in
2751 3291 3027 3348 aeternum,
3087 3298 3150 3335 ne
3220 3281 3442 3350 fratrem

1867 3389 2040 3426 meum
2069 3372 2429 3426 scandalizem
2458 3374 2522 3427 τ’.
2557 3372 2688 3427 Sine
2729 3374 2989 3428 seandalo
3017 3374 3186 3442 igitur
3208 3391 3441 3429 conver-

1865 3463 2085 3528 samini,
2114 3479 2145 3516 0
2171 3463 2352 3524 filii,et
2375 3465 2485 3516 sine
2512 3463 2818 3532 offensione,
2851 3473 2900 3517 et
2936 3461 3167 3529 Judwis,
3205 3476 3252 3517 et
3288 3464 3440 3519 Cra:-

1861 3556 1958 3619 cis,
1994 3565 2042 3609 et
2071 3554 2321 3609 Ecclesiae
2350 3553 2470 3619 Dei,
2518 3557 2665 3609 sicut
2700 3557 2965 3626 scriptum
3014 3568 3099 3614 est
3126 3559 3210 3624 7‘;
3262 3559 3442 3614 incer-

1861 3657 1973 3700 tum
2000 3662 2219 3716 quoque
2249 3646 2445 3701 mortis
2490 3655 2704 3716 tempus
2738 3660 3070 3718 reputantes.
3105 3650 3223 3703 Jan:
3249 3632 3442 3706 exces-

1860 3739 1934 3792 sit
1955 3747 2009 3792 et
2039 3736 2211 3791 frater
2251 3736 2417 3803 Silas,
2447 3749 2502 3790 et
2529 3745 2658 3792 ante
2702 3737 2847 3792 hunc
2877 3739 3046 3793 abbas
3075 3739 3437 3805 Theosostus,

1860 3828 2029 3884 frater
2060 3829 2246 3884 itidem
2272 3827 2580 3899 Proc0pius
2606 3848 2620 3885 :
2653 3845 2755 3885 nec
2791 3831 2937 3886 ullus
2967 3831 3020 3886 in
3046 3831 3153 3886 vita
3176 3839 3440 3902 perpetuo

1860 3922 2121 3974 manebit.
2143 3921 2212 3974 At
2243 3920 2438 3976 beatus
2456 3922 2547 3991 qui
2571 3923 2726 3977 novit
2777 3924 2898 3980 sine
2962 3939 3104 3978 noxa
3142 3925 3439 3995 transigere

1859 4012 2003 4067 hanc
2031 4013 2220 4066 vitam.
2246 4010 2539 4084 Nunquam
2565 4013 2970 4069 obliviscamini
3024 4031 3183 4071 orare
3205 4031 3304 4086 pro
3337 4031 3436 4072 no-

1859 4104 1947 4158 bis
1969 4104 2294 4168 humilibus,
2323 4115 2384 4160 ut
2404 4105 2541 4160 salvi
2572 4106 2769 4162 simus.
2799 4147 2801 4149 ι

2176 4214 2452 4272 CXLVIII.
2475 4248 2545 4258 —
2570 4217 2836 4272 Demetrio
2866 4219 3091 4272 consuli.

1260 4327 1327 4377 Ut
1354 4340 1556 4391 gemino
1588 4327 1878 4390 magistratu
1908 4328 2065 4392 probe
2100 4326 2352 4392 fungatur.

260 4433 326 4487 Ἦ
359 4432 596 4486 ἀπουσία
621 4430 716 4485 τοῦ
759 4433 1010 4505 σώματος
1035 4433 1156 4488 τίνα
1185 4433 1350 4506 ἄλλην
1380 4434 1528 4506 εὖροι
1567 4451 1747 4506 παρα-

1919 4436 2183 4491 Absentia
2207 4439 2456 4507 corporis
2471 4452 2698 4509 ecquam
2719 4439 3147 4495 consolationem
3168 4441 3430 4503 inveniat.

177 4526 401 4597 μυθίαν,
432 4526 464 4596 ἦ
498 4526 596 4595 τὴν
626 4525 713 4577 διὰ
754 4526 848 4578 τοῦ
887 4527 1212 4595 γράμματος
1247 4528 1541 4596 συνάφειαν
1566 4544 1580 4592 ;
1605 4527 1749 4580 Ταύ-

171 4636 243 4688 τῃ
281 4617 594 4688 τοιγαροῦν,
628 4612 672 4670 ῶ
716 4618 884 4686 φίλων
943 4617 1154 4689 ἄριστε,
1213 4619 1594 4689 συναπόμεθά
1652 4637 1746 4672 σου

171 4715 240 4782 τῇ
271 4713 462 4781 ἀγάπῃ
504 4714 550 4764 οἱ
595 4713 843 4766 ταπεινοὶ
890 4713 952 4765 τὸ
983 4713 1179 4782 παρὸν,
1237 4712 1746 4783 προσπτυσσὸμενοί

172 4823 231 4857 σε
261 4803 338 4872 τῷ
364 4803 654 4871 πνεύματι,
694 4807 788 4858 καὶ
818 4805 1176 4878 γνωρίζοντες
1204 4808 1284 4859 ὅτι
1327 4805 1448 4874 οὐχὶ
1490 4807 1523 4875 ἠ
1575 4806 1744 4857 ἀπου-

172 4898 261 4950 σία
287 4894 527 4959 διέζευξε
559 4897 656 4965 τὴν
687 4897 908 4968 ἀγάπην
941 4914 955 4926 ο
1002 4897 1138 4951 ἀλλὰ
1163 4899 1255 4950 καὶ
1315 4897 1513 4967 μᾶλλον
1569 4898 1737 4947 ἐκκα-

169 4991 346 5042 λεῖται
392 4989 561 5059 αὐτὴν
593 4990 835 5058 διψῶσαν
870 4989 931 5044 τὸ
987 4990 1224 5061 φίλτρον,
1261 4990 1513 5057 καθάπερ
1566 4990 1616 5040 οἱ
1655 4990 1738 5041 δι-

167 5083 383 5151 ψαλέως
412 5080 623 5150 ἔχοντες
668 5082 1017 5152 ἐπιτρέχουσι
1074 5083 1208 5153 πρὸς
1245 5083 1343 5146 τὰς
1390 5081 1573 5152 πηγὰς
1627 5082 1736 5132 τῶν

167 5174 401 5228 ὑδάτων.
451 5172 609 5225 Ἀλλὰ
657 5173 718 5225 τὸ
754 5175 850 5242 μὲν
877 5172 977 5240 τῆς
1005 5173 1224 5243 ἀγάπης
1247 5173 1511 5226 δεικτικὸν
1543 5171 1734 5226 τοσοῦ-

165 5276 276 5313 τον.
316 5258 438 5321 Πῶς
476 5259 530 5310 δέ
561 5260 720 5324 αὐτὸς
747 5261 1044 5329 διατελοίης
1065 5263 1121 5311 ἐν
1153 5263 1217 5330 τῇ
1247 5260 1597 5331 πιστευθείσῃ
1627 5277 1733 5314 πα-

168 5351 239 5422 ρὰ
266 5353 376 5404 τῶν
409 5350 670 5418 βασιλέων
701 5355 868 5423 ἀρχῇ,
915 5350 1216 5421 ἀγνοοῦμεν
1242 5369 1256 5383 ·
1309 5353 1506 5422 μᾶλλον
1557 5353 1614 5405 δὲ
1644 5351 1739 5404 καὶ

1849 4539 2043 4600 praeter
2077 4545 2432 4602 congressum
2470 4547 2565 4600 per
2593 4531 2803 4586 litteras
2829 4531 2852 4585 ?
2878 4532 2973 4585 Illo
3005 4533 3192 4603 igitur,
3220 4532 3429 4586 amico-

1848 4640 1968 4678 rum
2003 4624 2226 4692 optimc,
2269 4633 2374 4678 tua!
2411 4639 2558 4678 nunc
2593 4624 2847 4679 cbaritati
2878 4624 3112 4679 humiles
3141 4625 3433 4694 conjungi-

1848 4731 1993 4781 llllll‘,
2034 4716 2420 4785 amplectentes
2464 4727 2517 4770 te
2556 4717 2773 4786 spiritu,
2815 4727 2871 4772 et
2901 4718 3191 4772 certiorem
3224 4716 3429 4771 facien-

1850 4818 1952 4872 tes,
2002 4809 2320 4862 charitatem
2367 4808 2612 4862 absentia
2651 4823 2758 4862 non
2794 4823 2916 4863 esse
2958 4808 3301 4871 dissolutam,
3331 4810 3426 4863 sed

1847 4901 2026 4969 potius
2065 4901 2213 4954 illam
2249 4900 2520 4955 sitientem
2549 4900 2746 4955 attrahi
2778 4900 2979 4970 pbiltro
3018 4919 3033 4966 ;
3069 4902 3426 4970 quemadmo-

1844 4991 1971 5041 dum
1997 4988 2090 5058 qui
2121 4989 2208 5043 siti
2236 5000 2490 5055 uruntur,
2517 4995 2814 5043 accurrunt
2835 4990 2900 5042 ad
2925 4988 3105 5042 fontes
3134 5003 3421 5058 aquarum.

1852 5079 2045 5134 Verum
2087 5080 2351 5135 hactenus
2403 5081 2471 5135 de
2523 5081 2806 5135 charitatis
2862 5079 3258 5135 testificatione.
3305 5078 3425 5144 Quo

1840 5178 2018 5225 autem
2048 5179 2202 5238 pacto
2230 5169 2610 5224 demandatam
2639 5169 2736 5223 tibi
2762 5171 2830 5224 ab
2851 5169 3267 5240 imperatoribus
3301 5181 3426 5236 pro-

1840 5262 2074 5316 vinciam
2097 5276 2282 5330 gerere
2301 5277 2510 5331 pergas,
2530 5263 2862 5332 ignoramus;
2887 5272 2981 5316 aut
3000 5261 3176 5331 potius
3193 5258 3341 5313 anxii
3369 5267 3425 5311 et

1846 5353 2063 5408 solliciti
2089 5367 2282 5408 sumus
2314 5371 2328 5407 :
2360 5353 2616 5423 quoniam
2650 5352 2923 5418 audimus,
2955 5361 3148 5422 praeter
3180 5351 3418 5419 priorem

246 5468 285 5540 ξ’
316 5466 508 5540 Matth.
546 5484 613 5540 ξ,
654 5467 742 5522 28.
783 5469 828 5500 '°
856 5468 1147 5524 Sozomen.
1205 5468 1295 5524 lib.
1330 5485 1380 5534 ν,
1401 5483 1517 5540 cap.
1579 5468 1718 5532 6;et
1756 5464 1964 5521 Pallad.
2000 5466 2054 5519 in
2083 5463 2333 5520 Lausiac.
2375 5465 2418 5496 ⁷³
2447 5464 2461 5518 l
2492 5465 2616 5520 Cor.
2666 5481 2717 5527 κ,
2783 5465 2869 5519 9.9.
2913 5465 2956 5496 ⁷³
2990 5458 3006 5516 Ι
3036 5461 3159 5518 Cor.
3204 5460 3414 5526 vaS.

167 5539 212 5570 ’³
245 5535 264 5591 1
293 5539 422 5592 Cor.
459 5553 512 5602 ι,
542 5538 641 5602 52,

1613 5621 1844 5680 NOTAE.

240 5745 353 5817 (59)
388 5746 446 5800 ln
481 5747 598 5800 cod.
628 5747 759 5817 Reg.
798 5750 930 5816 ρογ’.
