3964 6320
532 273 677 345 1463

1731 280 1791 339 s.
1832 244 2227 339 Timonem
2262 276 2609 336 STUDI'F/E

3706 273 3851 336 ΗΕιὶ

526 389 882 461 provinciam,
898 390 1208 462 impositam
1232 390 1326 446 tibi
1345 390 1567 445 alteram
1594 389 1782 458 fuisse,
1802 406 1909 445 non
1936 390 2109 443 volen-

2224 389 2581 459 ὲμμερίμνως
2637 386 2872 456 ἔχομεν’
2930 386 3119 458 ἐπειδὴ
3169 385 3265 439 καὶ
3329 385 3721 457 μανθάνομεν
3780 390 3849 457 τῇ

528 482 591 539 ti.
625 480 717 535 sed
751 480 995 550 principe
1020 481 1100 536 sic
1119 482 1346 550 jubente
1373 492 1569 552 :atque
1596 484 1756 543 hanc,
1780 498 1904 537 cum
1930 483 2113 553 priore

527 570 599 624 sit
638 571 900 625 remotior
927 572 1163 627 vicinam
1196 588 1318 627 esse
1361 571 1620 627 Barbaris
1650 589 1665 640 ;
1696 573 1929 643 ideoque
1966 581 2111 627 metu

526 662 682 729 atiici,
716 665 977 731 utaiunt,
1006 674 1352 733 praestantem
1378 666 1617 720 animam
1644 675 1793 721 tuam
1835 684 1847 719 :
1884 674 1943 719 ut
1979 681 2104 735 quae

527 770 627 810 nec
657 757 807 821 velit,
840 772 941 813 nec
981 772 1255 828 prapensa
1298 759 1369 813 sit
1395 760 1460 813 ad
1491 759 1815 829 gestandum
1845 759 2107 829 gladium,

529 846 845 919 bellumque
876 850 959 905 vel
1015 850 1360 905 inferendum
1399 852 1483 905 vel
1513 851 1919 906 sustinendum.
1984 848 2110 905 Haec

524 943 707 995 omnia
738 958 839 999 nos
873 946 1035 999 etiam
1065 954 1451 1013 permoverunt
1481 945 1548 1001 ad
1581 959 1770 1014 preces
1802 945 2111 999 orationes-

524 1049 631 1102 que
660 1034 986 1099 t‘undendas,
1032 1047 1093 1092 ut
1125 1039 1203 1092 sis
1233 1038 1286 1092 in
1331 1050 1566 1108 utroque
1615 1038 1935 1107 magistratu
1963 1038 2112 1093 inco-

525 1128 708 1182 lumis.
750 1126 817 1183 Et
862 1143 991 1184 vero
1036 1145 1323 1201 speramus
1367 1130 1575 1186 salvum
1630 1142 1683 1186 te
1736 1128 1889 1196 fore,
1925 1131 1970 1185 si
2006 1144 2115 1199 prae

523 1220 696 1274 oculis
730 1220 931 1276 habeas
963 1221 1213 1275 timorem
1247 1220 1362 1286 Dei,
1394 1229 1447 1276 et
1481 1220 1626 1291 quod
1665 1220 1789 1275 inde
1817 1221 2116 1277 advocatur

524 1312 811 1374 auxilium.
852 1312 954 1368 Ubi
1007 1315 1152 1369 enim
1216 1314 1358 1368 Deus
1408 1313 1657 1383 adjntnr,
1700 1312 1848 1367 illinc
1886 1314 2121 1369 facesset

522 1420 686 1460 omne
717 1407 944 1461 malum.
996 1406 1253 1463 Immittet
1301 1406 1445 1460 enim
1494 1405 1725 1478 gungelus
1777 1405 2010 1469 Domini,
2037 1407 2122 1460 in-

522 1498 660 1566 quit,
696 1499 753 1551 in
804 1500 1034 1552 circuitu
1077 1500 1370 1553 timentium
1412 1514 1550 1563 eum,
1579 1507 1628 1551 et
1679 1498 1863 1566 eripiet
1907 1515 1994 1552 eos
2053 1497 2117 1551 ".

2220 482 2462 553 προτέρᾳ
2485 482 2630 551 ἀρχῇ
2662 481 2756 533 καὶ
2784 480 2978 552 ἑτέραν
3028 479 3349 549 ἐπιτεθῆναί
3389 497 3477 533 σοι
3536 480 3658 534 οὐκ
3722 481 3849 534 ἐθέ-

2218 577 2387 639 λοντι,
2420 574 2558 629 ἀλλὰ
2611 574 3043 646 προστάσσοντος
3069 573 3164 627 τοῦ
3190 571 3533 644 κρατοῦντος
3551 591 3564 603 ·
3624 574 3735 625 καὶ
3762 576 3842 627 ὅτι

2220 667 2557 740 πορρωτέρω
2610 667 2709 737 τῆς
2738 667 3009 737 προτέρας
3056 661 3243 729 οὖσαν,
3286 663 3502 734 ἐγγίζει
3537 667 3674 728 τοῖς
3704 665 3846 736 β²ρ⁶

2219 763 2411 830 ὀάροις
2436 780 2450 794 ο
2484 763 2568 831 ἐφ’
2599 753 2644 829 ᾧ
2668 763 2761 814 καὶ
2783 761 2899 823 δέος
2926 762 3215 830 ἐσχηκέναι
3245 760 3346 830 τὴν
3368 760 3566 831 τιμίαν
3594 777 3710 813 σου
3734 760 3845 826 ψ’..-

2218 852 2339 923 χὴν,
2388 850 2463 913 ὣς
2492 868 2642 920 φασι,
2678 852 2815 921 μήτε
2865 850 3174 912 ἐθέλουσαν,
3222 851 3359 920 μήτε
3420 849 3845 921 ἐξηρτημένην

2217 946 2298 1008 είς
2329 943 2390 996 τὸ
2415 946 2601 1013 φορεῖν
2627 944 2925 1016 μάχαιραν,
2957 945 3051 997 καὶ
3081 945 3341 1013 πολεμεῖν
3388 944 3491 997 καὶ
3555 944 3845 1009 πολεμεῖ-

2220 1037 2365 1090 σθαι.
2398 1036 2585 1089 Ταῦτα
2622 1038 2841 1090 ἅπαντα
2868 1036 3188 1107 συνεκίνησε
3230 1038 3324 1089 καὶ
3380 1037 3539 1106 ἡμᾶς
3596 1036 3843 1104 δεήσεις

2218 1130 2313 1183 καὶ
2353 1128 2663 1200 προσευχὰς
2697 1128 2967 1183 ποιεῖσθαι
3012 1129 3152 1199 ὑπὲρ
3176 1127 3270 1181 τοῦ
3306 1128 3576 1198 ἀπήμονά
3612 1144 3685 1179 σε
3725 1144 3839 1195 φυ-

2219 1222 2509 1275 λάττεσθαι
2536 1224 2593 1274 ἐν
2625 1222 2965 1293 ἀμφοτέραις
3004 1224 3123 1286 ταῖς
3173 1224 3396 1293 ἀρχαῖς.
3450 1218 3568 1274 Καί
3596 1237 3676 1289 γε
3738 1237 3839 1271 πι-

2215 1312 2477 1383 στεύομεν
2493 1313 2867 1384 διατηρεῖσθαί
2895 1331 2953 1367 σε
2980 1314 3137 1379 σῶον,
3155 1316 3345 1385 ἔχοντα
3371 1313 3482 1383 πρὸ
3510 1313 3839 1383 ὀφθαλμῶν

2213 1404 2304 1457 τὸν
2336 1406 2502 1474 φόὸον
2550 1407 2643 1460 τοῦ
2677 1407 2837 1473 Θεοῦ,
2874 1408 2970 1461 καὶ
2997 1407 3097 1479 τὴν
3150 1408 3358 1461 ἐκεῖθεν
3390 1407 3838 1473 ἐκκαλουμένης)

2216 1497 2490 1569 βοήθειαν.
2530 1497 2608 1555 Oi:
2631 1502 2740 1569 γὰρ
2780 1501 2911 1565 Θεὸς
2940 1502 3249 1572 ἐπίκουρος.
3272 1503 3390 1553 ἐκεῖ
3414 1498 3683 1553 ἐκποδὼν
3718 1500 3832 1550 πᾶν

524 1595 690 1647 κακὸν
714 1597 938 1663 γίνοιτο.
981 1595 1357 1666 Παρεμϐαλεῖ
1387 1595 1496 1665 γὰρ
1554 1594 1811 1665 ἄγγελος
1866 1597 2111 1665 Κυρίου,
2150 1596 2303 1665 φησὶ,
2371 1597 2579 1661 κύκλῳ
2639 1595 2757 1649 τῶν
2804 1595 3189 1666 φοϐουμένων
3242 1596 3449 1659 αὐτὸν,
3483 1594 3587 1647 καί
3626 1594 3833 1659 p‘vﬁcs-

523 1702 617 1741 ται
650 1690 895 1754 αὐτούς.

593 1781 742 1837 Talis
775 1782 942 1853 igitur
972 1790 1091 1836 esto
1112 1790 1166 1836 et
1195 1792 1274 1847 tu,
1309 1783 1531 1838 domine
1558 1794 1747 1841 noster
1782 1785 2109 1846 desiderate,

2288 1778 2541 1844 Τοιοῦτος
2569 1774 2661 1833 οῦν
2690 1780 2781 1832 ἔσο
2817 1783 2907 1833 καὶ
2933 1780 3115 1843 αὐτὸς,
3144 1780 3382 1831 δέσποτα
3409 1777 3575 1848 ἡμῶν
3615 1778 3831 1831 ἐπιπό-

524 1890 616 1941 per
645 1874 905 1943 pietatem
963 1884 1109 1928 tuam
1162 1875 1414 1944 bonaque
1464 1891 1666 1944 opera,
1717 1876 1821 1931 sub
1872 1876 2114 1932 custodis

531 1969 654 2022 vita:
687 1977 795 2022 tua:
831 1969 1010 2038 angeli
1038 1968 1311 2037 prmsidio.
1341 1967 1516 2036 Vigila
1549 1969 1603 2022 in
1631 1970 1999 2034 orationibus,
2030 1979 2113 2024 at-

523 2059 687 2113 tende
722 2058 999 2129 precibus,
1027 2058 1237 2126 justum
1276 2056 1457 2128 profer
1486 2058 1785 2129 judicium,
1818 2060 2114 2131 benignum

523 2151 743 2221 pauperi
772 2151 991 2205 oculum
1035 2149 1251 2209 exhibe,
1300 2148 1558 2204 defensor
1595 2159 1715 2206 esto
1771 2166 1963 2207 eorum
2018 2150 2115 2221 qui

526 2242 784 2312 injuriam
819 2242 1118 2311 patiuntur,
1144 2241 1195 2294 in
1220 2241 1343 2295 cibo
1374 2252 1615 2310 potuque
1640 2242 1865 2299 modum
1894 2243 2069 2297 retine
2098 2260 2111 2296 :

527 2335 942 2403 intemperantia
1007 2334 1209 2403 quippe
1265 2333 1535 2388 malorum
1599 2343 1792 2391 mater.
1834 2333 1891 2390 Si
1928 2335 2119 2390 ludant

527 2426 620 2483 alii
652 2436 705 2481 et
727 2426 976 2490 redeant,
1023 2426 1245 2481 domine
1283 2426 1380 2491 mi,
1404 2426 1529 2480 audi
1554 2425 1844 2482 Dominum
1870 2430 2117 2482 omnium

527 2520 800 2575 dicentem
832 2539 845 2575 :
884 2519 973 2575 γω
1006 2520 1323 2581 ridentibus,
1355 2520 1482 2588 quia
1535 2521 1784 2590 lugebant
1841 2523 1908 2576 ".-
1938 2521 1995 2577 Si
2024 2521 2116 2576 alii

529 2612 706 2682 turpia
745 2613 1057 2682 loquantur,
1089 2620 1168 2677 tu,
1203 2612 1457 2677 obsecro,
1502 2627 1665 2669 aures
1706 2614 1822 2683 sepi
1857 2631 1873 2680 ;
1906 2629 2115 2669 sermo-

528 2717 625 2757 nes
652 2703 799 2756 enim
836 2703 902 2756 ad
930 2717 1020 2757 res
1044 2703 1191 2772 ipsas
1221 2704 1363 2756 viam
1394 2712 1667 2757 sternunt.
1700 2704 1757 2758 Si
1790 2704 1879 2758 alii
1922 2720 2116 2759 mune-

530 2792 686 2846 ribus
724 2794 949 2848 dextras
1008 2807 1140 2847 suas
1176 2792 1401 2861 implent
1432 2811 1447 2859 ;
1481 2803 1538 2847 tu
1567 2794 1663 2863 qui
1716 2792 1886 2850 Deum
1944 2810 2119 2858 amas,

528 2894 819 2940 contentus
847 2886 923 2941 sis
945 2885 1193 2940 obsoniis
1217 2925 1232 2949 ,
1273 2893 1331 2938 ut
1360 2900 1487 2939 cum
1512 2884 1810 2957 Evangelia
1835 2888 2028 2958 loquar
2051 2888 2117 2950 ",

526 2994 651 3045 quae
691 2992 843 3031 more
872 2978 1100 3046 antiquo
1127 2978 1245 3031 dari
1286 2977 1485 3034 solent.
1525 2974 1582 3031 Si
1610 2979 1775 3048 impie
1812 2989 1976 3050 agant
2002 2980 2118 3044 alii,

529 3078 585 3121 tu
620 3069 743 3137 pius
778 3076 896 3122 esto
931 3086 946 3135 ;
978 3068 1288 3123 subducens
1322 3076 1405 3133 te,
1439 3067 1621 3136 quoad
1669 3070 1785 3122 ﬁeri
1842 3079 2042 3139 potest,
2090 3083 2118 3122 a

530 3162 758 3217 nefariis
795 3161 1135 3217 hominibus.
1166 3160 1318 3216 Nosti
1356 3162 1500 3216 enim
1529 3162 1795 3217 mundum
1835 3162 2005 3228 hunc,
2033 3162 2119 3216 in-
2147 3139 2187 3196 (ἶ

530 3268 645 3311 star
679 3257 901 3321 somnii,
931 3256 1185 3327 decipere
1219 3258 1342 3311 illos
1368 3257 1460 3326 qui
1488 3255 1591 3325 ipsi
1624 3255 1961 3312 serviunt.Et
1995 3255 2121 3326 quid

529 3351 765 3418 proderit
788 3350 1011 3415 homini,
1036 3350 1084 3403 si
1110 3350 1366 3402 mundum
1391 3350 1695 3403 universum
1723 3348 1975 3413 lucretur,
2006 3350 2122 3401 ani—

532 3459 633 3497 ma:
656 3459 773 3497 vero
810 3460 925 3498 sua:
963 3444 1341 3498 detrimentum
1400 3444 1643 3513 patiatur
1676 3445 1767 3498 77?
1795 3443 1949 3510 Quod
1981 3444 2122 3498 absit

530 3539 599 3589 de
658 3536 980 3591 excellentia
1039 3545 1134 3591 tua
1188 3538 1635 3607 cogitare?qua2
1678 3537 1900 3591 insitam
1962 3538 2124 3591 habet

532 3630 815 3695 virtutem,
858 3629 1079 3699 Deoque
1142 3630 1350 3685 servire
1412 3639 1586 3695 amat,
1640 3630 1734 3699 qui
1758 3646 1823 3685 ex
1868 3630 2045 3685 nihilo
2072 3640 2123 3684 te

531 3722 814 3790 produxit,
843 3736 909 3775 ac
946 3721 1112 3774 vitam
1143 3722 1341 3792 ipsam,
1373 3730 1429 3774 et
1458 3731 1695 3782 motum,
1718 3731 1774 3776 et
1803 3722 2123 3791 respiratio-

530 3826 657 3866 nem
686 3810 853 3865 dedit.
911 3810 1095 3876 Quare
1154 3812 1465 3881 depositum
1508 3816 1656 3882 quod
1706 3813 1987 3868 commisit
2026 3812 2123 3866 tibi

531 3919 630 3973 per
656 3902 919 3973 Spiritum
952 3913 1231 3969 sanctum,
1270 3905 1565 3975 iidemque,
1601 3916 1654 3961 et
1678 3916 1884 3962 rectam
1931 3921 2125 3976 opera-

535 3999 761 4064 tionem,
795 3998 945 4063 vide,
979 4010 1037 4054 ut
1067 4000 1277 4056 salvam
1304 3986 1408 4055 illi
1452 4001 1651 4056 reddas
1685 4001 1739 4055 in
1778 4002 1956 4055 exitus
1990 4009 2126 4053 tem-

536 4106 685 4161 pore,
716 4092 1009 4147 auditurus
1037 4094 1106 4146 ab
1136 4095 1255 4163 ipso
1291 4112 1305 4148 :
1341 4093 1488 4163 Euge
1506 4110 1651 4147 serve
1676 4095 1803 4145 bone
1826 4101 1875 4146 et
1907 4090 2123 4161 fidelis;

533 4201 691 4255 super
712 4203 885 4255 pauca
948 4186 1101 4255 fuisti
1134 4187 1308 4255 ﬁdelis
1340 4203 1359 4241 :
1402 4203 1562 4256 super
1624 4186 1796 4240 multa
1846 4195 1893 4239 te
1926 4186 2125 4239 consti-

536 4288 724 4343 tuam;
748 4279 893 4332 intra
911 4280 968 4332 in
995 4280 1252 4349 gaudium
1277 4278 1491 4333 Domini
1517 4278 1679 4331 tui".
1710 4280 1887 4348 Atque
1917 4279 2124 4331 utinam

534 4370 630 4424 tibi
652 4371 937 4440 contingat
956 4370 1099 4425 hanc
1131 4385 1317 4425 vocem
1351 4370 1565 4427 audire.
1590 4377 1645 4424 et
1665 4385 1789 4424 cum
1818 4378 1931 4423 tota
1961 4370 2125 4424 domo

536 4462 762 4527 salvari,
797 4463 851 4516 in
881 4460 1104 4517 Christo
1132 4459 1259 4514 Jesu
1300 4457 1532 4514 Domino
1562 4460 1788 4512 nostro!
1822 4456 2017 4511 Amen.

2216 1873 2367 1945 θητε,
2404 1873 2493 1926 διὰ
2522 1874 2621 1942 τῆς
2649 1871 2930 1935 εὐσεϐείας
2964 1889 3056 1924 σου
3113 1872 3207 1924 καὶ
3248 1872 3657 1940 ἁγαθοεργίας,
3721 1870 3828 1921 ὑπὸ

2215 1966 2309 2019 τοῦ
2358 1965 2597 2035 φύλακος
2622 1966 2722 2035 τῆς
2751 1963 2899 2033 ζωῆς
2931 1981 3025 2016 σου
3076 1962 3308 2032 ἀγγέλου
3362 1963 3822 2034 φρουρούμενος.

2216 2058 2483 2129 Γρηγόρει
2516 2061 2574 2112 ὲν
2613 2060 2966 2129 προσευχαῖς,
2996 2058 3134 2129 νῆφε
3176 2060 3233 2112 ἐν
3270 2058 3546 2127 δεήσεσιν,
3604 2058 3821 2127 ἔκφερε

2217 2151 2423 2204 ἔνδικον
2457 2152 2654 2222 κρῖμα,
2702 2150 3045 2205 ἐπιδείκνυσο
3084 2152 3313 2221 εὐμενὲς
3357 2151 3519 2221 δμμα
3580 2149 3819 2219 πτωχῷ,

2221 2242 2605 2314 προασπιστὴς
2659 2241 2821 2311 γενοῦ
2870 2242 2981 2296 τῶν
3027 2244 3418 2314 ἀδικουμένων,
3469 2245 3820 2315 μετριότητα

2218 2337 2275 2388 ἒν
2324 2352 2384 2387 τε
2411 2335 2611 2406 βρώσει
2642 2336 2735 2387 καὶ
2760 2334 2917 2388 πόσει
2948 2336 3129 2407 φέρων
3156 2350 3171 2365 ⁸
3208 2337 3241 2405 ἡ
3264 2336 3371 2405 γὰρ
3400 2337 3682 2405 ἀκρασία,
3708 2335 3819 2387 τῶν

2218 2426 2406 2482 κακῶν
2432 2428 2638 2499 μήτηρ.
2694 2427 2792 2480 Ἂν
2854 2427 3001 2481 ἄλλοι
3053 2426 3414 2491 παίζωσικαὶ
3469 2427 3741 2494 γελῶσιν,
3792 2430 3819 2481 ὁ

2218 2520 2407 2591 κύριός
2452 2538 2575 2592 μου,
2634 2520 2801 2575 ἄκουε
2847 2520 2942 2574 τοῦ
2992 2519 3199 2591 Κυρίου
3257 2521 3475 2575 πάντων
3530 2521 3817 2587 λέγοντος·

2222 2612 2368 2666 Οὐαὶ
2401 2615 2454 2666 οἱ
2483 2611 2796 2683 γελῶντες,
2827 2612 2917 2667 ὅτι
2950 2615 3342 2668 κλαύσονται.
3387 2613 3485 2666 Ἂν
3518 2613 3679 2666 ἄλλοι
3729 2618 3816 2665 at-

2223 2705 2591 2776 σχρολογῶσιν
2626 2746 2641 2771 ,
2691 2706 2888 2771 αὐτὸς,
2946 2704 3290 2775 παρακαλῶ,
3351 2703 3699 2774 ἐπιφραξαιο
3752 2708 3816 2759 τά.

2220 2791 2354 2852 ὦτα.
2403 2780 2548 2862 ὐδδς
2594 2799 2704 2868 γὰρ
2734 2800 2826 2851 ἐπὶ
2850 2799 2921 2851 τά
2950 2800 3252 2869 πράγματα
3296 2799 3347 2850 οἱ
3398 2797 3553 2865 λόγοι
3600 2799 3817 2869 τυγχά-

2224 2908 2424 2943 νουσιν.
2461 2892 2557 2942 Ἂν
2585 2890 2734 2944 ἄλλοι
2760 2889 3007 2959 πληρῶσι
3034 2890 3221 2959 δώρων
3260 2890 3359 2952 τὰς
3392 2889 3579 2954 δεξιὰς
3602 2890 3811 2956 αὐτῶν,

2222 2980 2250 3031 ὁ
2294 2978 2539 3045 φιλόθεος
2567 2996 2694 3048 μου,
2728 2978 3065 3049 ἀρκούμενος
3108 2978 3227 3048 είης
3253 2976 3378 3041 τοῖς
3406 2979 3693 3048 ὀψωνίοις,
3726 2982 3815 3033 εύ-

2222 3068 2531 3137 αγγελικῶς
2603 3072 2799 3140 εἰπεῖν,
2849 3073 2961 3134 τοῖς
3012 3071 3154 3124 κατά
3222 3071 3511 3142 συνήθειαν
3565 3074 3814 3143 ἀρχικῶς

2220 3160 2535 3228 διδομένοις.
2575 3163 2673 3215 “Av
2701 3164 2849 3218 ἄλλοι
2868 3163 3162 3229 ἀσεὸὦσιν,
3186 3166 3348 3230 αὐτὸς
3372 3166 3595 3219 εὐσέϐει
3629 3182 3647 3199 ·
3692 3170 3813 3221 ὅσον

2221 3249 2437 3308 οἷόν’τε
2499 3257 2852 3328 στελλόμενος
2899 3258 3009 3313 τῶν
3052 3260 3371 3315 ἁτασθὰλων
3439 3261 3683 3333 ἀνδρῶν.
3728 3257 3814 3314 Οἴ-

2225 3348 2327 3398 001
2375 3348 2485 3418 γὰρ
2515 3349 2598 3402 ὅτι
2649 3352 2677 3403 ὁ
2705 3350 2816 3420 βίος
2848 3346 2999 3414 οὗτος
3027 3351 3234 3422 ὀνείρου
3260 3351 3417 3422 δίκην
3443 3356 3811 3422 παραπέμπει

2223 3444 2351 3507 τοὺς
2371 3442 2823 3513 λειτουργοῦντας
2876 3445 3045 3514 αὐτῷ.
3088 3445 3198 3497 Καὶ
3253 3445 3312 3497 τί
3344 3442 3661 3512 ὠφελήσει
3716 3445 3812 3498 ἄγκ-

2225 3539 2478 3603 θρωπος,
2511 3537 2621 3591 ἐὰν
2666 3536 2816 3591 ὅλον
2842 3538 2947 3589 τὸν
2974 3538 3207 3606 κόσμον
3241 3537 3552 3605 κερδήσει,
3602 3540 3723 3607 τὴν
3747 3538 3811 3592 δὲ

2224 3630 2438 3700 ψυχὴν
2487 3630 2676 3683 αὑτοῦ
2729 3628 3033 3698 ζημιωθῇ;
3084 3630 3262 3700 Ὅπερ
3318 3630 3484 3700 ἀπείη
3544 3633 3678 3701 περὶ
3719 3635 3810 3701 τῆς

2225 3720 2537 3791 τιμιότητός
2577 3738 2671 3775 σου
2703 3723 2905 3775 ἐννοεῖν
2925 3736 2940 3749 ·
2974 3721 3202 3793 ἐχούσης
3230 3721 3473 3791 ἔμφυτον
3493 3722 3558 3774 τὸ
3585 3723 3807 3791 ἀγαθὸν,

2228 3816 2322 3867 καὶ
2352 3808 2614 3882 φιλούσης
2648 3813 2782 3865 Θεὸν
2816 3813 3165 3882 θεραπεύειν,
3198 3812 3288 3864 τὸν
3318 3814 3382 3864 ἐκ
3410 3810 3507 3864 τοῦ
3553 3813 3631 3882 μὴ
3664 3813 3807 3875 ὄντος

2227 3908 2307 3967 εἰς
2351 3907 2412 3958 τὸ
2459 3900 2599 3957 εἶναι
2631 3906 3024 3975 παραγαγόντα
3065 3921 3145 3969 σε,
3178 3904 3275 3958 καὶ
3302 3904 3436 3957 αὐτὸ
3461 3905 3525 3957 τὺ
3585 3905 3691 3975 ζῇν
3731 3907 3803 3958 δι-

2225 3997 2405 4062 δόντα,
2438 3998 2531 4050 καὶ
2574 3996 2636 4049 τὸ
2659 3996 2946 4063 κινεῖσθαι,
3001 3997 3100 4051 καὶ
3162 3998 3442 4051 ἀναπνεῖν.
3504 3997 3675 4050 Ὥστε
3715 4000 3805 4068 τὴν

2226 4088 2558 4161 παραθήκην
2591 4088 2661 4161 ῆν
2692 4089 2965 4160 παρέθετό
3026 4106 3108 4143 σοι
3138 4088 3227 4142 διὰ
3277 4086 3604 4157 Πνεύματος
3630 4089 3800 4155 ἁγίου,

2226 4180 2325 4249 τήν
2354 4196 2413 4230 τε
2456 4179 2640 4232 πίστιν
2669 4180 2763 4231 καὶ
2790 4178 2889 4249 τὴν
2934 4177 3116 4242 δεξιὰν
3144 4177 3341 4247 πρᾶξιν
3388 4175 3633 4245 φυλάξαι
3682 4178 3803 4229 ἀπο-

2226 4269 2410 4322 δοῦναι
2438 4268 2590 4337 αὑτῷ
2633 4266 2787 4321 σώαν
2827 4270 2886 4321 ὲν
2923 4266 3099 4338 καιρῷ
3123 4267 3327 4333 ἐξόδου,
3380 4266 3640 4320 ἀκούσων
3687 4268 3802 4337 παρ’

2228 4362 2394 4415 αὑτοῦ
2427 4377 2442 4393 ο
2472 4357 2559 4415 Εὖ
2593 4360 2779 4415 δοῦλε
2806 4362 2992 4430 ἀγαθὲ
3021 4361 3123 4414 καὶ
3148 4359 3348 4426 πιστέ,
3371 4361 3475 4415 ἐπὶ
3531 4362 3708 4432 ὀλίγα
3736 4359 3801 4431 ἧς

2228 4455 2471 4520 πιστὸς,
2530 4452 2631 4507 ἐπὶ
2685 4453 2933 4509 πολλῶν
2985 4470 3060 4507 σε
3106 4452 3472 4520 καταστήσω
3509 4470 3525 4485 ·
3577 4457 3800 4510 εἴσελθε

531 4561 620 4625 εἰς
650 4557 765 4627 τὴν
788 4559 985 4627 χαρὰν
1014 4555 1122 4611 τοῦ
1167 4556 1390 4624 Κυρίου
1414 4569 1556 4609 σου.
1603 4554 1716 4607 Καὶ
1762 4552 1971 4621 γένοιτό
2034 4567 2116 4603 σοι
2154 4550 2356 4621 ταύτης
2404 4553 2503 4620 τῆς
2570 4553 2757 4623 φωνῆς
2812 4552 3145 4617 ὑπακοῦσαι,
3175 4551 3270 4604 καὶ
3303 4550 3554 4622 σωθῆναι
3595 4550 3796 4607 πανοικὶ

532 4655 593 4705 ὲν
620 4651 844 4723 Χριστῷ
890 4648 1067 4721 Ἰησοῦ
1094 4649 1173 4721 τῷ
1201 4648 1394 4720 Κυρίῳ
1421 4647 1601 4718 ἡμῶν.
1642 4646 1839 4717 Ἀμήν.

888 4771 1122 4828 CXLIX.
1154 4801 1222 4812 —-
1263 4770 1485 4842 Lycosto
1536 4769 1765 4823 consuli.

2431 4763 2589 4817 ΡΜΘ¹
2620 4759 3133 4831 (40).-Λυκάστῳ
3151 4758 3377 4827 ὑπάτῳ.
3411 4759 3605 4834 [ψλό

1429 4886 1726 4938 Consolatur
1747 4885 1810 4933 de
1837 4882 2025 4943 uxoris,
2047 4880 2143 4945 pize
2172 4878 2433 4928 admodum
2473 4876 2719 4937 mulieris,
2752 4873 2910 4924 obitu.

603 5002 707 5068 Qui
738 4997 1079 5055 excellentiae
1128 5004 1238 5051 tua:
1268 4996 1479 5051 litteras
1534 4996 1739 5060 attulit,
1780 4995 1921 5049 idem
1958 4993 2117 5047 nobis

2307 4988 2479 5050 Αὐτὸς
2517 4988 2546 5039 ὁ
2582 4986 2644 5038 τὸ
2685 4983 3037 5055 γραμμάτιον
3075 4984 3486 5054 ἐπιφερόμενος
3525 4991 3596 5060 τῇ
3642 4990 3794 5061 τιμίά.

535 5094 899 5150 calamitatem
936 5105 1058 5160 quae
1110 5090 1208 5143 tibi
1240 5088 1513 5144 acciderat
1565 5088 1837 5143 nuntiavit
1872 5106 1887 5153 ;
1930 5101 1993 5141 ac
2030 5096 2112 5138 te-

536 5184 658 5253 tigit
688 5197 789 5237 nos
840 5178 1086 5250 profecto
1143 5177 1297 5250 dolor
1330 5186 1476 5231 tuus.
1528 5176 1681 5231 Tuus
1707 5176 1851 5230 enim
1887 5191 2030 5238 sum,
2066 5182 2123 5226 et

534 5276 901 5345 propinquus,
936 5281 991 5326 et
1049 5271 1216 5326 simul
1261 5271 1522 5340 antiquus
1553 5270 1789 5333 amicus,
1821 5278 1875 5325 et
1922 5278 2121 5323 comta-

535 5384 676 5424 neus
702 5386 715 5422 :
737 5366 969 5436 ﬁerique
1001 5378 1109 5419 non
1131 5372 1311 5434 potest
1335 5365 1465 5432 quin
1488 5363 1536 5419 is
1570 5364 1663 5433 qui
1702 5364 1915 5419 sincere
1952 5368 2119 5426 amat,

604 5511 649 5542 ’⁸
685 5508 832 5566 Psal.
870 5521 1068 5570 xum,
1096 5505 1149 5560 8.
1183 5506 1228 5537 ⁷⁸
1260 5504 1397 5563 Luc.
1426 5520 1503 5571 vi,
1530 5503 1620 5558 εδ.

1699 5504 1743 5534 τ⁶
1786 5501 1918 5557 Luc.
1950 5517 2007 5568 χ,
2030 5500 2085 5565 7,
2128 5498 2181 5554 8.
2260 5499 2306 5531 ⁷⁷
2332 5498 2525 5556 Matth.
2558 5516 2670 5568 xw,
2710 5498 2801 5556 26.

2227 5086 2351 5152 τητί
2384 5101 2499 5147 σου,
2535 5082 2869 5153 ἀπήγγειλεν
2899 5083 3029 5151 ἡμῖν
3060 5081 3157 5152 τὴν
3185 5080 3535 5137 ἐπελθοῦσαν
3577 5102 3658 5138 σοι
3686 5103 3794 5156 συμ-

2229 5178 2423 5245 φοράν,
2453 5175 2549 5228 καὶ
2576 5175 2654 5245 τῷ
2690 5174 2803 5227 ὄντι
2826 5173 3110 5246 καθήψατο
3140 5173 3300 5244 ἡμῶν
3328 5176 3364 5243 ἠ
3400 5178 3535 5246 περὶ
3573 5179 3633 5231 σὲ
3655 5179 3791 5247 λύπη.

2233 5271 2393 5333 Ἰὃιος
2423 5270 2532 5339 γάρ
2563 5286 2648 5322 σοι
2678 5268 2775 5322 καὶ
2808 5267 3168 5338 ἀγχιστέυων,
3222 5264 3361 5337 ὁμοῦ
3406 5284 3471 5320 τε
3509 5268 3666 5339 φίλος
3711 5271 3792 5343 ἀρ-

2230 5363 2382 5431 χαῖος
2414 5361 2510 5413 καὶ
2542 5358 2973 5430 συνηλικιώτης⁸
3010 5358 3107 5410 καὶ
3133 5355 3235 5409 οὐκ
3264 5354 3383 5409 ἔστι
3412 5358 3513 5414 τὸν
3561 5361 3793 5431 φιλοῦντα

2879 5496 2922 5529 τε
2960 5494 3153 5551 Matth.
3182 5512 3314 5564 xxv,

2098 5610 2329 5668 NOTAE.

613 5755 727 5828 (40)
759 5753 816 5807 In
848 5748 972 5806 cod.
1006 5745 1138 5815 Reg.
1176 5742 1300 5813 906'.
