3964 6320
132 389 270 451 1465

1306 369 1840 436 EPISTOLARUM
1893 373 2044 432 LIB.
2093 372 2168 436 ΙΙ.

3220 375 3355 440 1466

129 493 369 566 γνησίως
411 489 484 562 μὴ
517 487 858 559 συμπάσχειν
883 485 961 556 τῷ
989 483 1296 554 φιλουμένῳ
1316 499 1330 514 ο
1359 485 1434 546 ὡς
1466 484 1560 536 καὶ
1599 480 1696 549 ἐμ·-

1814 480 1845 533 2i
1878 496 2038 551 quem
2075 489 2222 536 amat
2257 482 2621 551 compatiatur
2656 500 2668 536 :
2697 491 2754 537 ut
2777 491 2990 545 contra,
3020 483 3067 538 si
3098 485 3150 539 in
3178 486 3361 542 laetitia

130 586 296 640 παλιν
330 584 422 637 ἐπὶ
466 585 532 651 τῇ
560 582 721 651 χαρᾷ.
771 577 910 631 Ἀλλ’
939 576 985 629 ὣ
1013 578 1110 645 τῆς
1140 574 1474 636 ἀπευκταίας
1521 571 1695 640 ἀγγε-

129 679 273 739 λίαςί
321 673 696 730 Ἀπολέλοιπεν
719 673 864 741 ἡμᾶς
911 673 944 741 ὴ
991 669 1153 739 κυρία
1212 668 1504 728 ὑπάτισσα,
1551 664 1612 716 τὸ
1634 665 1696 733 δὴ

129 770 443 839 λεγόμενον,
473 765 608 834 γυνὴ
673 763 777 816 τῶν
828 762 1250 830 ἐπαινουμένων,
1299 761 1372 821 ὡς
1420 757 1513 811 καὶ
1567 757 1696 825 παρ’

131 862 307 915 ἄλλων
354 857 690 926 ἀκηκόαμεν,
729 854 820 907 καὶ
842 853 996 906 αὐτοὶ
1024 854 1183 921 ἡμεῖς
1242 849 1542 919 ὀφθαλμοῖς
1592 847 1697 900 ὐπ-

134 950 422 1019 ελάδομεν.
453 946 675 1016 Πρῶτον
745 945 842 1013 μὲν
898 945 977 997 ὅτι
1006 942 1323 1013 φίλανδρος·
1363 941 1391 993 ὁ
1443 939 1546 995 ὑπὸ
1600 938 1694 991 τοῦ

145 1039 468 1094 Ἀποστόλου
484 1037 851 1091 ὑποτυποῦται
883 1036 1168 1089 κάλλιστον
1190 1030 1328 1087 εἶναι
1354 1037 1410 1087 ὲν
1441 1035 1693 1104 συζυγίᾳ·

134 1133 419 1202 φρόνιμος,
436 1129 699 1198 οἰκουρὸς,
723 1129 1113 1197 εὐαπάντητος,
1127 1126 1552 1197 εὐπροσήγορος,
1575 1125 1698 1194 φιλ-

133 1224 387 1294 ευσεϐὴς,
422 1222 756 1292 φιλόπτωχος
779 1239 792 1252 ·
828 1220 888 1273 τὸ
935 1217 1151 1288 μεῖζον,
1201 1216 1522 1288 σωφροσύνῃ
1569 1234 1700 1270 κατ-

137 1315 500 1387 ηγλαῖσμένη,
525 1313 618 1366 καὶ
639 1310 913 1382 ὀρθοδοξὲᾳ
929 1309 1444 1382 περιηργυρωμένη·
1458 1302 1523 1378 ἧς
1538 1307 1631 1360 καὶ
1653 1309 1701 1359 οἱ

134 1406 344 1477 καρποὶ
371 1405 620 1458 τὰτέκνα
654 1400 948 1473 μαρτύριον
1004 1402 1103 1470 τῆς
1164 1401 1489 1470 ἀμφοτέρων
1543 1397 1701 1468 ὐμῶν

133 1497 389 1560 εὐζωῖας.
448 1495 557 1546 Καὶ
581 1492 689 1562 γάρ
715 1491 900 1561 ὥσπερ
927 1492 992 1542 ὲκ
1022 1487 1114 1541 τοῦ
1145 1485 1358 1555 καρποῦ
1391 1486 1453 1539 τὸ
1486 1485 1701 1555 δένδρον

133 1586 578 1655 ἐπιγινώσκεται,
610 1583 782 1646 οὕτως
809 1583 918 1636 κάκ
939 1582 1047 1634 τῶν
1095 1580 1300 1632 παίδων
1330 1581 1378 1631 oi
1431 1578 1702 1646 φύσαντες

131 1680 306 1732 ὁποῖοί
348 1679 452 1729 εἱσι
481 1679 574 1728 καὶ
618 1675 816 1745 ἡλίκοι.
864 1675 974 1726 Καὶ
1029 1671 1180 1725 οὐπω
1242 1672 1462 1741 βαθεῖαν
1509 1673 1703 1738 πεῖραν

131 1767 382 1838 ἐσχηκὼς
431 1769 528 1836 τῆς
553 1766 825 1836 μακαρίας
874 1764 1108 1832 ἐκείνης,
1150 1762 1266 1826 πῶς
1323 1763 1391 1815 ἂν
1437 1761 1702 1830 δυναίμην

132 1861 416 1913 ἐκθειάσαι
451 1859 519 1910 τὰ
542 1860 661 1912 κατ’
688 1859 858 1926 αὐτήν
885 1875 900 1924 ;
932 1856 966 1927 ἢ
1024 1856 1186 1925 μόνον
1246 1856 1329 1915 δὶς
1379 1855 1515 1924 αὐτῇ
1579 1870 1705 1906 συν-

134 1949 410 2018 οψισθεὶς,
440 1949 532 2000 καὶ
562 1950 640 2009 εἰς
674 1947 890 2014 ὁμιλίαν
914 1947 1103 2010 ἐλθὼν,
1153 1946 1322 2013 ἔγνων
1362 1945 1444 1997 ὅτι
1471 1947 1704 2012 γυναῖκα

130 2040 424 2112 ἐχαρίσατό
457 2056 538 2092 σοι
562 2042 590 2092 6
617 2039 746 2101 Θεὸς
772 2039 847 2108 τῷ
882 2038 996 2092 δντι
1034 2037 1252 2107 βοηθόν·
1307 2037 1367 2089 οὐ
1403 2035 1546 2088 κατά
1604 2035 1704 2105 τὴν

130 2135 299 2188 πάλαι
334 2133 679 2203 προμήτορα,
714 2132 931 2203 ἀπάτης
960 2130 1127 2195 αίτία,
1157 2129 1294 2183 ἀλλά
1328 2147 1392 2195 γε
1427 2129 1705 2200 σωτηρίας

131 2225 391 2286 ὑπόθεσις
424 2224 715 2294 γενηθεῖσᾶ
768 2240 851 2275 σοι
898 2222 985 2275 διά
1040 2223 1243 2284 παντὸς
1302 2220 1394 2272 τοῦ
1424 2220 1561 2289 βίου.

204 2320 271 2370 Ὢ
314 2318 417 2386 τῆς
447 2316 728 2386 συμφορᾶς
754 2316 766 2369 l
799 2314 969 2385 ᾤχετο
997 2312 1392 2384 εὖτηοάπέπτη
1422 2312 1480 2375 ὲξ
1502 2312 1704 2380 ὀφθαλ-

134 2409 250 2481 μῶν
290 2409 446 2479 ὑμῶν
468 2424 480 2437 ·
505 2407 861 2475 ἐγκατέλιπεν
893 2407 1037 2475 ὑμᾶς
1065 2404 1311 2476 ὴμιθνεῖς
1358 2402 1704 2475 ἀπορραγέν⁶

129 2516 227 2559 τας
252 2493 352 2567 τῆς
377 2497 546 2565 καλῆς
572 2495 861 2566 ὁμοζύγου.
898 2497 1012 2549 Οὐκ
1035 2494 1228 2565 ἔχομεν
1255 2493 1552 2564 ὀφθαλμοῖς
1571 2494 1702 2563 όρᾷν

129 2593 191 2645 τὸ
220 2593 362 2661 ὑπὲρ
405 2592 584 2642 πᾶσαν
624 2587 891 2658 θυμηδίαν
931 2587 1316 2659 παραμύθιονο
1387 2589 1446 2639 οὐ
1490 2589 1588 2656 τὴν
1643 2588 1703 2638 ἐν

132 2685 346 2754 θλίψεσι
384 2682 726 2752 παράκλησιν
751 2698 765 2712 ·
804 2682 864 2735 οὐ
894 2681 993 2751 τὴν
1022 2683 1079 2734 ὲν
1107 2682 1411 2752 συμφοραῖς
1457 2696 1703 2750 παρηγο-

136 2777 288 2847 ρίαν·
322 2775 388 2828 οὐ
422 2775 518 2844 τὴν
553 2777 608 2825 ἐν
633 2774 936 2835 ἆπσσιτοίς
980 2773 1348 2842 ὀφειλομένοις
1395 2772 1702 2841 ὑπόμνησιν

139 2869 234 2922 καὶ
266 2866 551 2936 συνεργὸν,
585 2865 677 2917 καὶ
706 2863 1038 2933 σύμπραξιν.
1078 2863 1136 2918 '0
1190 2864 1339 2934 ἥλιος
1374 2864 1471 2932 τῆς
1520 2863 1701 2927 ἑστίας

137 2961 252 3014 ἱδυο
286 2961 373 3022 τίς
406 2960 434 3010 6
464 2958 825 3025 ·Ζ›παντήσων;
857 2956 938 3018 τίς
962 2959 989 3008 6
1012 2954 1403 3025 χαριούμενος;
1431 2953 1517 3016 τίς
1547 2956 1574 3007 6
1598 2970 1701 3007 παι⁸

1803 573 1891 628 sit.
1927 572 2029 628 Sed
2053 591 2086 627 o
2121 574 2328 629 tristem
2360 575 2607 628 nuntium
2639 577 2652 628 ί
2679 574 2974 646 Dercliquit
3004 593 3104 633 nos
3144 579 3366 636 domina

1803 667 2130 728 consulissa,
2164 675 2222 720 ut
2251 665 2393 720 fama
2420 677 2503 723 est
2533 687 2547 722 :
2573 668 2770 722 mulier
2800 670 3109 734 laudabilis,
3136 673 3279 727 sicut
3313 683 3364 728 et

1800 757 1867 811 ab
1906 758 2026 811 aliis
2075 757 2404 823 audivimus,
2451 768 2504 812 et
2558 759 2659 828 ipsi
2717 760 2890 815 oculis
2957 764 3364 830 usurpavimus.

1803 852 2043 906 Primum
2084 852 2323 918 quidem,
2371 851 2498 920 quia
2535 851 2634 904 viri
2683 866 2894 915 amans,
2926 853 3070 919 quod
3104 854 3170 907 ab
3218 853 3368 921 Apo-

1805 945 1943 998 stolo
1970 947 2014 981 τ’
2053 953 2306 1014 tanquam
2331 944 2732 1014 pulcherrimus
2752 949 2805 999 in
2827 946 3080 1017 conjugio
3114 947 3370 1016 designa-

1805 1045 1935 1090 tur:
1969 1037 2239 1105 prudens,
2277 1037 2471 1090 domus
2507 1051 2690 1090 curam
2744 1037 2971 1100 habens,
3003 1039 3194 1103 comis,
3233 1039 3369 1093 alia-

1805 1127 1946 1192 bilis,
1980 1127 2088 1195 pia,
2127 1142 2421 1195 pauperum
2454 1127 2687 1180 amatrix
2715 1144 2730 1193 ;
2763 1138 2835 1188 et,
2882 1130 3025 1197 quod
3055 1129 3235 1198 majus
3264 1141 3368 1197 est,

1800 1219 2048 1274 castitate
2090 1218 2340 1281 illustris,
2378 1229 2431 1273 et
2459 1219 2758 1273 orthodoxa
2803 1219 2906 1273 ﬁde
2936 1230 3123 1274 ornata
3157 1238 3171 1284 ;
3210 1222 3368 1290 cujus

1800 1312 1962 1363 etiam
2000 1308 2226 1375 fructus,
2258 1309 2428 1374 liberi,
2458 1317 2616 1362 recta:
2644 1308 2925 1378 utriusque
2965 1322 3200 1364 vestrum
3245 1311 3372 1364 vita;

1803 1403 1965 1457 iidem
2000 1401 2231 1456 faciunt.
2270 1402 2477 1457 Etenim
2512 1401 2652 1456 sicut
2676 1402 2839 1455 arbor
2861 1418 2926 1456 ex
2956 1402 3133 1456 fructu
3162 1417 3369 1472 cogno-

1803 1496 1980 1549 scitur
2011 1535 2026 1557 ,
2083 1495 2162 1550 sic
2193 1511 2258 1549 ex
2299 1495 2485 1549 liberis
2537 1502 2810 1562 parentes,
2867 1495 3056 1563 quales
3081 1504 3134 1548 et
3183 1494 3370 1563 quanti

1805 1587 1935 1641 siut.
1972 1587 2105 1641 Cum
2141 1597 2320 1642 autem
2367 1587 2536 1640 beatae
2570 1587 2714 1640 illius
2746 1601 2851 1639 non
2886 1601 3135 1654 magnam
3161 1587 3372 1640 habue-

1804 1678 1906 1730 rim
1939 1679 2186 1732 notitiam
2220 1695 2236 1743 ;
2266 1676 2357 1746 qui
2396 1677 2596 1745 possim
2631 1691 2718 1730 res
2748 1676 2869 1743 ejus
2910 1675 3170 1730 extollere
3193 1675 3373 1730 laudi-

1806 1767 1955 1823 bus?
1993 1769 2097 1822 nisi
2157 1767 2300 1838 quod
2346 1768 2428 1820 bis
2478 1775 2683 1820 tantum
2732 1767 2800 1819 ab
2821 1781 2881 1819 ea
2938 1776 3286 1835 conspectus,
3322 1776 3376 1821 et

1804 1863 2127 1925 collocutus,
2200 1859 2555 1913 anlinadverti
2614 1874 2644 1913 a
2700 1860 2806 1912 Deo
2853 1859 3033 1912 datam
3080 1858 3174 1911 tibi
3206 1857 3379 1912 fuisse

1803 1955 2091 2023 conjugem
2116 1952 2292 2021 reipsa
2323 1951 2668 2020 adjutricem,
2698 1965 2820 2019 quae
2847 1964 2977 2012 non,
3004 1959 3062 2002 ut
3084 1948 3170 2001 illa
3195 1963 3376 2017 quon—

1803 2048 1930 2100 dam
1974 2044 2140 2113 prima
2188 2059 2405 2113 parens.
2441 2041 2776 2112 deceptionis
2825 2055 3010 2100 causa,
3046 2040 3139 2093 sed
3185 2039 3375 2094 salutis

1805 2137 1905 2192 tibi
1939 2152 2032 2206 per
2059 2145 2226 2191 totam
2256 2136 2418 2188 vitam
2451 2133 2670 2186 occasio
2727 2131 2909 2184 fuerit.

1870 2310 1915 2367 Ο
1943 2312 2303 2368 calamitatem
2326 2310 2339 2364 l
2362 2308 2492 2363 abiit
2527 2308 2614 2361 illa
2635 2327 2648 2360 ε
2669 2307 2844 2362 oculis
2881 2307 3079 2361 vestris
3103 2305 3329 2361 evolavit
3357 2322 3372 2358 :

1803 2404 2019 2473 reliquit
2049 2420 2142 2458 vos
2166 2402 2572 2465 semimortuus,
2598 2400 2667 2453 ab
2705 2399 2918 2469 egregia
2948 2398 3181 2466 conjuge
3218 2398 3377 2450 abre-

1800 2500 2076 2570 ptos.Jam
2120 2516 2228 2553 non
2255 2511 2548 2566 possumus
2588 2496 2761 2550 oculis
2800 2509 3027 2549 cernere
3061 2494 3190 2546 illud
3227 2493 3377 2546 omni

1802 2594 2065 2647 suavitate
2102 2591 2279 2660 majus
2310 2590 2599 2652 solatium;
2625 2604 2730 2643 non
2755 2603 2872 2640 eam
2894 2601 3015 2656 quin
3036 2587 3089 2639 in
3122 2584 3380 2638 omnibus

1800 2686 2054 2738 aerumnis
2080 2683 2441 2736 levamentum
2464 2687 2579 2733 erat
2597 2697 2610 2745 ;
2627 2694 2732 2732 non
2757 2694 2875 2733 eam
2905 2692 3026 2746 quae
3045 2677 3379 2730 calamitates

1801 2772 2052 2837 leniebat,
2084 2782 2138 2825 et
2168 2784 2289 2837 quae
2314 2769 2368 2822 in
2395 2770 2669 2831 omnibus,
2707 2768 3021 2833 ubicunque
3049 2781 3184 2835 npus
3215 2764 3377 2826 foret,

1799 2865 2045 2931 consilio,
2084 2873 2139 2917 et
2165 2877 2350 2931 opera,
2375 2872 2427 2916 et
2458 2862 2611 2917 factis
2639 2859 2842 2914 auxilio
2871 2870 3007 2917 erat.
3040 2859 3132 2913 Sol
3162 2858 3381 2912 familia:

1798 2956 2013 3010 occidit:
2028 2954 2150 3022 quis
2163 2953 2374 3007 obviam
2389 2950 2669 3006 occurret?
2687 2950 2810 3020 quis
2823 2946 3379 3020 gratiﬁcabitur?quis

140 3053 462 3122 ρακαλέσων
486 3065 500 3114 ;
531 3050 632 3120 ἤδη
659 3046 999 3116 ἐγενήθημεν
1015 3049 1089 3110 ὼς
1113 3047 1264 3116 μόλις
1290 3047 1698 3116 ἀποκειραμένη

1814 3046 2128 3103 iortabitur?
2147 3045 2264 3100 Jam
2286 3045 2413 3101 facti
2430 3060 2619 3099 sumus
2636 3052 2695 3098 ut
2714 3044 2908 3097 civitas
2928 3047 3248 3096 ornamento
3277 3053 3381 3094 suo

136 3144 225 3196 τὸν
260 3141 464 3211 ἑαυτῆς
499 3140 704 3209 κόσμον
732 3155 746 3169 ·
788 3138 881 3202 Ὠς
919 3139 1242 3204 στρουθίον
1294 3137 1550 3206 μονάζον
1607 3139 1703 3191 ἐπὶ

1814 3143 2034 3211 spoliata
2083 3138 2277 3193 :Sicut
2300 3155 2484 3206 passer
2532 3137 2808 3192 solitarius
2853 3137 2908 3189 in
2933 3135 3150 3199 tecto",
3179 3143 3378 3187 utcnm

135 3231 378 3297 δώματι,
415 3230 719 3292 Δαυῖτικῶς
744 3230 936 3281 εἰπεῖν.
977 3227 1042 3281 Τί
1063 3223 1532 3294 οὖν;λυπηθῶμεν
1563 3228 1705 3297 πέρα

1814 3234 2006 3288 Davide
2035 3232 2344 3300 loquamur.
2385 3231 2520 3298 Quid
2555 3247 2681 3299 ergo
2703 3231 2725 3284 ?
2745 3245 2811 3283 an
2846 3229 3184 3282 tristabimur
3207 3225 3380 3280 ultra-

136 3325 228 3377 τοῦ
264 3325 503 3395 μέτρου;
543 3323 637 3377 καὶ
653 3319 1095 3392 περιϐαλούμεθα
1120 3318 1549 3390 ἀπαραμύθητον
1577 3321 1706 3372 πέν-

140 3415 255 3480 θος;
293 3414 562 3482 Οὐδαμῶς
584 3411 696 3478 οὖν,
727 3410 996 3480 οὐδαμῶς,
1026 3405 1072 3464 ὦ
1096 3411 1409 3480 τριπόθητε,
1438 3411 1553 3466 ἀλλ’
1577 3411 1712 3463 είδό-

140 3521 230 3570 τες
261 3508 343 3560 ὅτι
367 3507 398 3558 6
427 3505 552 3566 δοὺς
575 3508 704 3573 ἡμῖν
735 3503 903 3572 αὐτὴν
935 3501 1068 3566 Θεὸς
1098 3502 1166 3554 τά
1195 3502 1387 3571 πρῶτα
1415 3503 1495 3563 είς
1523 3519 1712 3555 κοινω-

143 3596 260 3650 νίαν
292 3596 434 3666 βίου,
468 3595 630 3657 αὐτός
663 3597 808 3647 ἐστιν
837 3595 865 3644 ὀ
905 3594 999 3646 νῦν
1032 3592 1518 3664 προσλαϐόμενος,,
1553 3593 1712 3645 οἴσω-

147 3705 246 3756 μεν
278 3686 620 3758 εὐχαρίστως
649 3686 710 3738 τὸ
745 3683 980 3753 συμϐὰν,
1020 3683 1349 3752 μιμούμενοι
1399 3684 1496 3754 τὴν
1535 3701 1714 3753 μακα-

147 3777 266 3846 ρίαν
296 3777 514 3846 ὲκείνην
541 3776 746 3845 φωνὴν,
778 3774 845 3845 ἣν
879 3776 1084 3837 ἐκεῖνος
1106 3775 1204 3827 οὐκ
1237 3775 1327 3826 ἐπὶ
1354 3774 1593 3846 ἀποδολῇ
1615 3793 1712 3844 γυ-

145 3866 351 3930 ναικὸς,
385 3866 501 3918 ἀλλ’
534 3867 626 3918 ἐπὶ
652 3869 811 3919 παισὶ
866 3867 997 3919 δέκα
1044 3867 1180 3934 ὁμοῦ
1242 3866 1549 3936 τεθνηκόσι,
1617 3869 1714 3922 σύν

143 3959 262 4020 ταῖς
285 3955 640 4028 προτεραίαις
665 3955 774 4008 τῶν
810 3957 964 4018 ἐκτὸς
981 3956 1197 4008 πάντων
1224 3956 1549 4024 ἀφαιρέσεσι
1572 3973 1586 3987 ο
1620 3958 1716 4010 καὶ

144 4049 280 4118 αὐτῇ
309 4050 378 4117 τῇ
416 4044 680 4116 ὑστεραίᾳ
708 4044 886 4116 πληγῇ
917 4045 1009 4098 τοῦ
1046 4046 1329 4114 σώματος’
1366 4046 1457 4097 ἐπὶ
1487 4046 1718 4115 κοπρίας

146 4141 174 4193 6
204 4140 334 4208 πρὶν
368 4137 625 4208 βασιλεὺς
655 4136 986 4205 καθήμενος,
1025 4138 1120 4190 καὶ
1155 4137 1287 4201 ξέων
1337 4139 1459 4200 τοὺς
1516 4138 1718 4208 ἰχῶρας

145 4232 252 4284 τῶν
281 4228 479 4284 ἑαυτοῦ
503 4227 720 4297 σαρκῶν
755 4227 972 4296 βὼλαξι,
1008 4228 1133 4281 τάδε
1168 4230 1333 4299 φησιν
1357 4246 1370 4260 ·
1419 4229 1482 4281 '0
1503 4231 1719 4296 Κύριος

147 4325 394 4387 ἔδωκεν,
417 4325 451 4376 ὀ
481 4321 695 4389 Κύριος
719 4319 996 4388 ἀφείλετο
1019 4333 1031 4348 ·
1055 4320 1135 4385 ὡς
1154 4318 1233 4386 τῷ
1262 4321 1456 4389 Κυρίῳ
1484 4320 1714 4387 ἔδοξεν,

147 4418 337 4483 οὕτως
371 4414 478 4470 καὶ
502 4414 762 4483 ἐγένετο.

230 4596 356 4649 Ἐἀν
376 4589 474 4647 οὖν
500 4591 696 4658 ταῦτα,
724 4585 769 4644 ὦ
804 4591 1045 4662 φιλότης,
1084 4591 1169 4661 ἐφ’
1197 4592 1414 4655 ἑαυτοῖς
1447 4593 1541 4645 καὶ
1601 4594 1717 4647 δια-

152 4685 371 4756 θώμεθα
425 4685 522 4737 καὶ
563 4682 942 4752 φθεγξώμεθα,
1005 4682 1066 4735 οὐ
1129 4683 1344 4752 μακρὰν
1399 4684 1589 4754 εῐημεν
1619 4685 1720 4755 τῆς

154 4776 365 4847 μερίδος
401 4775 629 4828 ἐκείνων
662 4789 675 4802 ’
717 4775 850 4827 ἀλλά
903 4775 1019 4843 γὰρ
1063 4774 1156 4828 καὶ
1193 4778 1259 4846 τῇ
1312 4778 1557 4847 μακαρίᾳ
1577 4777 1720 4829 ὲκεί-

152 4884 218 4941 νῃ
272 4869 432 4921 τοῦτο
493 4867 656 4919 καλὸν
716 4867 1002 4935 ἐπιτάφιον
1074 4868 1467 4938 ποιησαίμεθα·
1532 4871 1732 4938 αὐτούς

152 4975 211 5011 τε
240 4962 366 5021 τοὺς
398 4961 467 5011 ὲκ
494 4957 629 5010 Θεοῦ
660 4958 910 5021 δοθέντας
934 4960 1070 5029 ἡμῖν
1094 4958 1323 5021 κλάδους
1376 4961 1733 5018 ὐποτυπωσό-

161 5053 298 5116 μεθα
321 5050 388 5104 δι’
431 5050 648 5103 ἑαυτῶν
673 5052 752 5112 εἰς
788 5054 970 5104 εἰκόνα
997 5050 1323 5120 θεοτερποῦς
1353 5052 1620 5122 βιώσεως·
1641 5057 1734 5110 καὶ

157 5144 334 5198 πάντα
387 5145 520 5213 ὑμῖν
563 5142 810 5195 ἐντεῦθεν
844 5147 922 5205 εἰς
947 5143 1112 5197 καλὸν
1144 5145 1467 5215 ἁπαντήσοι.
1510 5149 1575 5199 "A
1626 5150 1733 5218 γὰρ

158 5237 185 5286 6
214 5235 347 5299 Θεὸς
400 5237 430 5288 ὁ
456 5236 675 5297 αἰώνιος
704 5236 731 5286 6
764 5236 869 5286 τῶν
897 5237 1152 5288 ἁπάντων
1181 5239 1457 5306 Δεσπότης
1487 5239 1654 5291 ποιῶν
1675 5242 1732 5291 ἐν

159 5328 289 5395 ἡμῖν
321 5326 536 5397 εὕροιεν
566 5325 808 5394 εὐμενῶς
838 5326 1159 5397 δεχομένους
1181 5343 1193 5355 ·
1235 5329 1351 5389 πῶς
1392 5331 1492 5380 οὐκ
1519 5330 1582 5382 ἂν
1636 5333 1732 5384 καὶ

161 5419 227 5471 τὰ
255 5421 503 5488 παρόντα
535 5419 668 5487 ἡμῖν
698 5414 754 5470 εὖ
797 5418 1069 5489 διάθηται,
1111 5421 1175 5487 τῇ
1234 5421 1575 5491 παρακλήσει
1635 5422 1730 5474 τοῦ

163 5511 318 5577 ἁγίου
361 5512 528 5564 αὐτοῦ
563 5511 873 5580 Πνεύματος
901 5530 914 5542 ο
948 5515 1043 5566 καὶ⁷
1098 5511 1164 5564 τὰ
1199 5513 1457 5580 μέλλοντα
1509 5516 1730 5583 ἑτοιμά-

168 5616 308 5654 σειεν
340 5602 756 5670 ἁπολαυστήρια
785 5603 840 5653 ὲν
874 5603 1065 5656 αἰῶσιν
1097 5605 1344 5674 ἀπείροις
1365 5623 1378 5670 ;
1403 5603 1586 5656 Ταῦτα
1620 5605 1727 5672 ἐγὼ

236 5781 280 5813 ⁷⁸
313 5781 417 5836 Tit.
458 5792 597 5842 11,ίΙ.
678 5780 723 5809 ⁸⁰
759 5779 898 5834 Psal.
939 5797 1008 5844 Cl,
1057 5781 1122 5834 5,
1190 5781 1228 5811 ⁸¹
1271 5781 1372 5837 Job
1424 5797 1458 5840 ι.
1490 5781 1578 5833 ‘ll.

1808 3325 2058 3390 modum,
2090 3335 2141 3379 et
2167 3341 2400 3380 maerore
2438 3322 2810 3378 inconsolabili
2853 3318 3377 3376 conliciemur?Ne-

1808 3433 2077 3488 quaquam
2101 3417 2308 3485 utique,
2331 3428 2694 3483 nequaquam,
2714 3427 2747 3466 ο
2768 3410 3226 3465 desideratissime
3245 3425 3260 3474 ;
3282 3407 3376 3462 sed

1810 3511 2044 3564 scientes
2079 3505 2268 3571 Deum,
2299 3506 2390 3574 qui
2423 3506 2564 3558 hanc
2612 3502 2761 3572 prius
2798 3502 2864 3555 ad
2900 3501 3022 3554 vita
3057 3499 3374 3553 societatem

1813 3601 1970 3655 nobis
2001 3599 2244 3660 dederat,
2279 3597 2455 3665 ipsum
2479 3610 2599 3650 esse
2629 3595 2721 3664 qui
2753 3595 2892 3646 hanc
2925 3606 3071 3646 nunc
3111 3588 3374 3653 abstulit;

1813 3707 1936 3746 cum
1969 3690 2266 3758 gratiarum
2297 3688 2515 3741 actione
2544 3700 2732 3740 casum
2763 3684 2909 3738 hunc
2937 3681 3200 3744 feramus,
3231 3679 3377 3733 cele-

1814 3782 2112 3837 berrimum
2153 3778 2256 3834 Job
2288 3780 2582 3841 imitantes,
2612 3777 2935 3843 beatamque
2969 3771 3114 3825 illam
3149 3770 3270 3838 ejus
3293 3783 3381 3823 vo-

1814 3889 1932 3928 ccm
1967 3881 2317 3941 usurpantes,
2352 3884 2516 3938 quam
2575 3867 2684 3930 ille,
2728 3879 2836 3920 non
2873 3863 3103 3932 conjuge
3154 3863 3378 3927 amissa,

1815 3966 1908 4019 sed
1937 3979 2060 4017 cum
2092 3963 2276 4017 decem
2308 3960 2401 4014 ﬁlii
2425 3975 2488 4013 ac
2512 3958 2636 4013 ﬁlia:
2685 3957 2845 4012 simul
2872 3955 3212 4009 interiissent
3235 3993 3250 4018 ,
3289 3969 3382 4007 or-

1818 4058 2085 4125 natusque
2116 4063 2273 4107 antea
2306 4051 2462 4105 bonis
2492 4049 2748 4104 omnibus
2780 4046 3022 4102 externis
3078 4044 3293 4110 fuisset,
3319 4060 3384 4100 ac

1816 4147 2116 4201 novissime
2172 4143 2420 4212 corporis
2455 4141 2609 4209 plaga
2684 4154 2998 4209 oppressus,
3035 4137 3090 4191 in
3142 4137 3382 4204 sterqui-

1818 4239 1973 4303 linio,
2019 4237 2111 4306 qui
2146 4249 2238 4288 rex
2281 4243 2405 4288 ante
2435 4233 2636 4296 fuerat,
2694 4232 2919 4301 jaceret,
2955 4229 3275 4297 saniemque
3317 4242 3384 4281 ex

1818 4329 2094 4384 ulceribus
2149 4326 2265 4381 suis
2314 4332 2624 4378 manantem
2676 4331 2811 4376 testa
2840 4319 3077 4382 raderet,
3116 4318 3383 4387 protulit;

1826 4422 2082 4476 Dominus
2101 4420 2266 4482 dedit,
2294 4417 2548 4471 Dominus
2572 4415 2790 4469 abstulit
2819 4429 2838 4467 :
2860 4414 2999 4467 sicut
3024 4412 3249 4465 Domino
3269 4411 3386 4480 pla-

1746 4491 1793 4548 D
1820 4513 1949 4572 cuit,
1973 4513 2050 4563 ita
2084 4511 2281 4579 factum
2306 4518 2381 4561 est
2413 4507 2481 4560 ⁸¹.

1897 4601 1953 4656 Si
1984 4616 2113 4670 ergo
2149 4602 2263 4654 haec
2311 4599 2450 4668 apud
2499 4613 2621 4664 nos,
2654 4614 2687 4652 ο
2714 4597 2905 4662 amice,
2936 4594 3388 4651 constituerimus

1825 4706 1878 4749 et
1905 4694 2245 4758 dixerimus;
2281 4693 2351 4746 ab
2400 4692 2616 4746 illorum
2652 4702 2799 4745 sorte
2842 4706 2950 4745 non
2986 4688 3178 4758 procul
3211 4687 3389 4742 aberi-

1827 4803 1951 4841 mus
1980 4804 1995 4852 ;
2028 4785 2120 4840 sed
2173 4795 2227 4839 et
2268 4786 2437 4839 beata:
2471 4785 2548 4837 illi
2581 4784 2866 4852 pulchrum
2921 4783 3026 4835 hoc
3051 4780 3388 4849 epitaphium

1829 4869 2225 4934 confecerimus
2256 4879 2547 4946 ;ipsosque
2572 4892 2602 4930 a
2635 4875 2745 4929 Deo
2775 4874 2934 4929 datos
2957 4873 3116 4927 nobis
3141 4873 3390 4927 surculos

1829 4970 2246 5026 informabimus
2275 4983 2369 5037 per
2400 4983 2499 5022 nos
2543 4967 2688 5034 ipsos
2715 4965 2782 5019 ad
2828 4964 3118 5032 imaginem
3156 4961 3265 5015 Deo
3294 4977 3387 5015 ac-

1829 5073 1998 5134 ceptae
2022 5063 2145 5116 vitae
2177 5080 2190 5114 :
2218 5069 2271 5113 et
2303 5060 2488 5111 omnia
2522 5058 2647 5111 inde
2678 5056 2834 5109 vobis
2879 5067 3138 5123 prospere
3198 5068 3392 5107 succe-

1830 5154 1977 5210 dent.
2015 5153 2070 5208 Si
2119 5152 2264 5206 enim
2311 5150 2762 5208 Deus'aatcrnus,
2808 5146 3051 5200 omnium
3105 5144 3389 5206 Dominus,

1833 5259 1954 5311 quae
1985 5243 2141 5298 nobis
2169 5241 2377 5305 fecerit,
2404 5257 2467 5295 ea
2495 5241 2720 5294 libenter
2770 5248 3109 5305 acceptantes
3147 5239 3344 5292 viderit
3374 5278 3390 5303 ,

1834 5335 2110 5405 quomodo
2161 5348 2265 5386 non
2319 5343 2374 5386 et
2427 5335 2710 5402 praesentia
2746 5332 2902 5386 nobis
2935 5339 3078 5386 recte
3109 5329 3395 5398 dispertiet

1835 5427 2139 5480 interventu
2170 5425 2342 5478 sancti
2371 5423 2543 5493 ipsius
2580 5421 2831 5493 Spiritus,
2856 5432 2909 5476 et
2937 5421 3150 5474 futuras
3183 5421 3397 5489 parabit

1831 5517 2051 5574 delicias
2096 5517 2149 5570 in
2195 5516 2410 5570 saeculis
2466 5515 2828 5570 interminatis
2877 5515 2900 5567 ?
2951 5512 3076 5567 l-lmc
3133 5527 3252 5582 ego,
3292 5509 3395 5564 etsi

1831 5625 2022 5676 pauca,
2052 5617 2228 5663 tamen
2262 5617 2318 5662 ut
2352 5617 2473 5664 tuus
2496 5609 2548 5664 in
2579 5608 2862 5674 cliaritate,
2889 5615 2944 5662 et
2965 5605 3158 5675 scripsi
3182 5643 3195 5667 ,
3221 5612 3275 5658 et
3296 5601 3397 5658 ad-
