3964 6320
573 367 706 431 1467

1760 365 1820 426 S.
1859 363 2258 426 THEODORI
2282 363 2632 426 STUDITA'I

3726 347 3866 408 1463

570 481 816 531 hortatus
846 491 990 532 sum.
1019 475 1098 531 Tu
1127 491 1278 542 vero,
1311 475 1560 539 Domine,
1590 475 1738 545 ipsos
1772 474 1972 528 liberos
2015 483 2139 529 tuos

2271 474 2344 527 ιὲν
2376 475 2424 525 εἰ
2465 473 2556 526 καὶ
2589 468 2817 542 βραχέα,
2850 465 3002 536 ὅμως
3047 462 3124 524 ὡς
3153 459 3245 523 σὸς
3277 456 3578 553 ὲν-άγάέτιῃ⁸
3600 455 3716 553 καὶ
3780 457 3870 522 γέ-

569 567 860 639 prteclaros
892 569 1073 625 verbis
1118 569 1321 624 nostris
1350 568 1592 623 salutare
1624 581 1691 620 ne
1721 565 1992 636 graveris.

923 864 1477 933 CL.——Eupltrosyme
1513 861 1827 931 prwposila’.

2246 583 2433 634 γραφα
2509 565 2604 617 καὶ
2663 558 3038 632 παρεκάλεσα.
3106 553 3282 612 Αὐτὸς
3337 551 3417 615 δὲ,
3468 544 3518 602 ὦ
3555 549 3864 608 δέσποτα,

2248 655 2392 707 αὐτά
2453 654 2523 708 τὰ
2573 653 2730 723 τίμιά
2782 668 2876 704 σου
2901 648 3068 702 τέκνα
3113 646 3442 716 προσειπεῖν
3499 642 3646 711 περὶ
3704 641 3870 709 ἡμῶν

2250 746 2505 812 ἀξίωσον.

2395 861 2500 914 PN'
2535 859 2668 932 (4i).
2693 888 2763 902 -—
2787 857 3150 928 Εὐφροσύνα
3170 851 3505 926 ἡγουμένῃ.
3549 847 3761 921 [ψλε’.]

1251 981 1314 1030 Ut
1335 979 1776 1030 sanctimonialium
1807 978 2151 1040 praefecturam
2179 993 2274 1042 qua
2296 993 2382 1042 par
2415 978 2774 1041 est-diligentia
2798 976 3133 1026 administret.

645 1090 800 1156 Quod
833 1106 979 1145 cura:
1016 1091 1176 1146 nobis
1219 1090 1289 1144 sit
1336 1092 1639 1145 reverentia
1689 1101 1800 1156 tua,
1857 1091 2014 1144 testis
2064 1101 2148 1146 est

578 1194 764 1237 nostra
811 1183 922 1236 haec
953 1185 1131 1237 tenuis
1180 1183 1434 1252 epistola.
1470 1183 1606 1237 Cum
1668 1185 1811 1238 enim
1842 1183 2011 1236 beatae
2069 1184 2146 1238 illi

578 1283 885 1342 sanctasque
916 1275 1071 1326 matri
1104 1273 1324 1342 polliciti
1357 1275 1531 1329 simus
1555 1275 1734 1330 verbis
1767 1276 1992 1336 nostris,
2031 1274 2149 1329 fore

581 1375 640 1420 ut
674 1367 992 1436 dignitatem
1041 1374 1211 1428 tuam,
1239 1365 1420 1432 quoad
1451 1365 1565 1419 ﬁeri
1598 1376 1800 1433 posset,
1835 1364 2145 1422 fovet-emus

577 1459 881 1522 visitando,
933 1459 1046 1512 sive
1083 1458 1319 1526 longius,
1350 1457 1462 1511 sive
1507 1461 1730 1530 pr0pius
1782 1461 2147 1527 abessemus;

579 1549 767 1603 fallere
798 1547 949 1602 nefas
983 1547 1164 1601 fuerit.
1196 1546 1261 1599 Et
1305 1562 1454 1612 vero,
1489 1551 1704 1606 etiamsi
1739 1552 1878 1605 ratio
1921 1567 2021 1606 nos
2063 1553 2153 1607 illa

582 1655 697 1695 non
739 1651 1001 1702 moveret,
1033 1639 1147 1708 ipsa
1179 1649 1268 1692 tua
1297 1638 1362 1692 de
1407 1639 1566 1695 nobis
1607 1641 1904 1696 humilibus
1935 1643 2153 1710 ﬁducia,

2325 1092 2448 1144 Ὅτι
2485 1091 2636 1160 μέλει
2666 1092 2797 1161 ἡμῖν
2825 1088 2958 1159 περὶ
2983 1087 3081 1157 τῆς
3109 1081 3430 1154 τιμιότητός
3455 1096 3581 1143 σου,
3636 1078 3868 1146 μαρτύ-

2257 1183 2446 1255 ριοντὸ
2473 1182 2598 1252 τῇδε
2630 1182 2787 1252 ἡμῶν
2815 1178 3074 1233 ταπεινὸν
3126 1176 3376 1247 γράμμα.
3432 1172 3576 1225 Οὐδὲ
3636 1170 3760 1240 γὰρ
3811 1170 3870 1221 ὃν

2251 1276 2406 1344 λόγον
2434 1272 2784 1342 ὑπεσχόμεθα
2829 1273 2895 1342 τῇ
2933 1266 3185 1340 μακαρίᾳ
3216 1265 3402 1334 ἐκείνῃ
3435 1264 3533 1316 καὶ
3568 1259 3720 1329 ἁγίᾳ
3757 1277 3870 1328 μη-

2255 1370 2365 1441 τρὶ,
2397 1368 2488 1421 ἐπὶ
2535 1367 2594 1420 τὸ
2629 1363 2909 1435 περιέπειν
2943 1362 3091 1433 ἡμᾶς
3122 1359 3222 1430 τὴν
3253 1354 3719 1427 σεμνοπρέπειάν
3773 1369 3868 1403 σου

2257 1467 2314 1519 ὲν
2342 1468 2408 1535 τῇ
2432 1463 2521 1517 διὰ
2553 1462 2712 1530 λόγου
2743 1457 3057 1527 ἐπισκέψει,
3089 1454 3211 1508 καθ’
3239 1454 3362 1506 ὅσον
3385 1444 3500 1502 οἷόν
3520 1465 3605 1510 τε,
3646 1447 3869 1516 μακρή-

2260 1557 2413 1628 θενῆ
2451 1555 2680 1625 ἐγγύθεν
2708 1553 2891 1618 ὄντας,
2955 1553 3100 1605 ὅσιον
3163 1541 3586 1616 διαψεύσασθαι.
3659 1540 3868 1593 Καίτοι

2262 1665 2326 1716 γε
2357 1649 2405 1701 εί
2437 1648 2533 1700 καὶ
2565 1647 2638 1716 μὴ
2691 1642 2904 1698 ἐκεῖθεν
2937 1641 3158 1711 εἴχομεν
3183 1639 3275 1692 τὸν
3298 1636 3479 1703 λόγον,
3508 1633 3617 1698 κάξ
3690 1631 3869 1698 αὐτῆς

583 1743 787 1802 tuaque
820 1747 946 1801 erga
972 1747 1072 1784 nos
1107 1732 1298 1811 merita
1323 1733 1736 1799 persuaderent,
1773 1744 1827 1787 ut
1850 1736 1945 1790 tibi
1971 1752 2157 1791 curam

2271 1715 2357 1794 σου
2395 1739 2687 1811 μόνηςτῆς
2710 1737 2838 1805 περὶ
2869 1735 3016 1804 ἡμᾶς
3033 1731 3158 1796 τοὺς
3188 1729 3430 1792 εὐτελεῖς
3459 1723 3868 1794 πεπιθὴσεὼς

584 1840 678 1895 per
703 1825 912 1879 litteras
941 1803 1396 1893 impendet-emus.
1421 1822 1582 1879 Salve
1600 1827 2004 1894 igitur,l‘cmina
2028 1829 2162 1883 mihi

585 1915 1028 1979 honoratissitna,
1065 1925 1117 1968 et
1147 1930 1394 1984 gregem,
1427 1931 1587 1982 quem
1625 1918 1719 1971 tibi
1751 1929 1936 1973 sancta
1968 1929 2161 1984 mater,

587 2017 680 2060 aut
701 2008 880 2076 potius
913 2006 1054 2060 Deus
1089 2022 1183 2076 per
1215 2009 1359 2060 illam
1380 2009 1677 2074 commisit,
1700 2027 1824 2080 rege
1854 2027 2163 2081 congruen-

587 2110 668 2153 ter
727 2099 834 2154 Deo
885 2115 946 2154 ac
988 2100 1237 2154 sollicite.
1284 2100 1432 2154 Scito
1466 2103 1764 2156 maximum
1796 2120 1921 2160 esse
1966 2120 2161 2160 munus

589 2189 929 2259 praefecturae
976 2207 1139 2259 quam
1203 2192 1510 2260 suscepisti.
1571 2193 1817 2264 Agnosce
1857 2196 2162 2250 animarum

588 2297 710 2350 quae
735 2281 836 2334 sub
863 2295 1026 2334 manu
1058 2290 1146 2334 tua
1165 2292 1290 2334 sunt
1308 2282 1698 2336 conditionem.
1732 2283 2162 2353 Receptaculum

588 2375 787 2442 quippe
819 2382 901 2427 est
941 2387 1262 2439 sponsarum
1306 2371 1470 2440 Regis
1520 2376 1808 2441 caelorum,
1838 2378 2009 2432 solius
2039 2393 2163 2450 spe-

590 2467 726 2519 ciosi
748 2477 800 2518 et
828 2465 1149 2519 immortalis
1175 2464 1372 2534 Sponsi
1399 2464 1602 2521 Christi
1637 2487 1650 2522 :
1680 2469 1772 2537 qui
1805 2485 1915 2524 non
1949 2471 2163 2524 unicam

595 2557 688 2609 tibi
723 2571 974 2625 sponsam
1028 2557 1277 2620 credidit,
1312 2556 1364 2608 in
1408 2557 1549 2610 diem
1585 2558 2022 2628 desponsationis
2054 2576 2167 2615 sua:

593 2665 687 2718 per
715 2647 1152 2718 conjunctionem
1204 2648 1255 2701 in
1311 2647 1518 2716 Spiritu
1563 2660 1797 2716 sancto;
1838 2653 1928 2704 sed
1959 2659 2039 2705 tot
2064 2667 2166 2704 nu-

593 2755 744 2793 mero
779 2748 908 2807 quot
945 2740 1112 2793 habes
1145 2754 1308 2793 :cum
1351 2748 1407 2792 tu
1439 2738 1576 2807 ipsa,
1616 2741 1792 2809 prima
1830 2741 1906 2795 sis
1937 2757 2160 2810 sponsa.

594 2830 903 2900 Despomlet
923 2831 1065 2884 enim
1092 2828 1252 2884 Jesus
1277 2829 1439 2883 etiam
1468 2846 1587 2897 quae
1617 2831 1760 2885 sicut
1793 2842 1846 2884 tu
1873 2830 1941 2884 de
1962 2832 2164 2885 saeculo

595 2933 903 2987 venerunt;
951 2931 1208 2990 tanquam
1263 2921 1556 2974 multarum
1613 2931 1773 2990 atque
1824 2921 2164 2975 inlinitarum

2262 1849 2322 1886 τε
2350 1832 2444 1884 καὶ
2473 1828 2876 1900 περιποιήσεως
2907 1821 3238 1892 ὲπειθόμεθα
3277 1820 3343 1874 ἂν
3369 1818 3458 1872 διὰ
3505 1815 3606 1869 τοῦ
3675 1815 3870 1900 γράμᾼ-

2267 1938 2438 1992 ματος
2470 1898 2781 1992 προσοίσειν
2811 1914 3154 1985 ἐπιμέλειαν.
3193 1911 3435 1980 Ὑγίαινε
3462 1906 3749 1976 τοιγαροῦ
3765 1898 3868 1966 ι,ὦ

2263 2015 2568 2086 τιμιωτάτη
2619 2029 2733 2081 μοι,
2765 2009 2859 2062 καὶ
2893 2007 3046 2074 ἄγοιο
3071 2006 3132 2060 τὸ
3178 2004 3450 2074 ποίμνιον,
3508 2002 3540 2054 ὃ
3583 1998 3869 2068 παρέθετό

2267 2125 2350 2161 σοι
2381 2108 2415 2177 ἡ
2452 2106 2582 2173 ἁγία
2609 2102 2821 2174 ἀμμάς,
2861 2100 3060 2170 μᾶλλον
3097 2098 3153 2151 δὲ
3182 2097 3249 2150 δι’
3281 2096 3448 2165 αὐτῆς
3470 2096 3498 2148 ό
3550 2093 3698 2153 Θεὸς
3748 2091 3867 2142 θεο-

2265 2199 2491 2271 πρεπῶς
2519 2197 2613 2250 καὶ
2640 2193 2934 2263 ἐπιμελῶς.
2965 2189 3106 2243 Ἰσθι
3133 2189 3206 2251 ὡς
3231 2188 3488 2258 μέγιστον
3505 2185 3570 2236 τὸ
3593 2183 3704 2251 τῆς
3732 2199 3868 2249 προ-

2266 2294 2496 2354 στασίας
2537 2306 2631 2342 σου
2664 2289 2992 2356 ἐγχείρημα.
3034 2281 3334 2337 Γνῶθιτῶν
3365 2279 3470 2332 ὑπὸ
3532 2276 3714 2346 χεῖρά
3771 2292 3864 2327 σου

2264 2385 2452 2456 ψυχῶν
2483 2383 2543 2435 τὸ
2581 2380 2846 2449 θεώρημα
2870 2394 2884 2407 ⁸
2931 2378 3012 2430 ὅτι
3036 2370 3592 2446 νυμφοφυλακτήριόν
3625 2370 3754 2419 ἐστι
3773 2367 3864 2420 τοῦ

2269 2475 2535 2548 βασιλέως
2569 2471 2679 2526 τῶν
2715 2457 2987 2540 οὐρανῶν,
3017 2468 3110 2521 τοῦ
3151 2467 3315 2536 μόνου
3344 2462 3557 2532 ὡραίου
3596 2462 3704 2512 καὶ
3762 2462 3866 2526 £1;-

2267 2572 2464 2641 θάρτου
2494 2567 2749 2637 Νυμφίου
2779 2563 3043 2633 Χριστοῦ.
3083 2564 3178 2624 Ὃς
3201 2561 3259 2611 οὐ
3293 2558 3423 2628 μίαν
3477 2556 3713 2625 νύμφην
3785 2571 3866 2606 σοι

2266 2663 2536 2733 παρέθετο
2565 2661 2644 2722 είς
2678 2659 2893 2732 ἡμέραν
2922 2654 3278 2726 νυμφεύσεως
3306 2649 3494 2710 αὐτοῦ,
3546 2649 3638 2701 διὰ
3675 2648 3780 2716 τῆς
3809 2647 3866 2696 ὲν

2265 2757 2405 2825 ἁγίῳ
2436 2752 2716 2824 Πνεύματι
2749 2749 3045 2817 συναφείας
3070 2762 3082 2774 ·
3118 2744 3254 2798 ἀλλά
3297 2741 3574 2802 τοσαύτας
3601 2742 3745 2800 ὅσας
3801 2753 3864 2804 γε

2266 2853 2364 2906 καὶ
2389 2849 2532 2920 ἔχοις
2551 2865 2564 2878 ·
2617 2847 2709 2901 σοῦ
2739 2864 2800 2900 τε
2831 2841 3004 2912 αὐτῆς
3032 2837 3431 2907 πρωτονύμφου
3448 2832 3862 2903 τυγχανούσης.

2267 2941 2625 3014 Νυμφεύεται
2656 2939 2765 3010 γὰρ
2806 2935 3011 3007 Ἰησοῦς
3045 2931 3140 2986 καὶ
3197 2930 3296 2990 τάς
3340 2927 3417 2990 ὡς
3474 2927 3540 2978 σὺ
3593 2926 3689 2976 διὰ
3749 2923 3863 2991 βίον

608 3009 877 3080 Sponsus,
915 3025 1217 3080 onmesque
1269 3019 1382 3064 tum
1417 3009 1657 3063 virorum
1712 3019 1826 3064 tum
1874 3012 2163 3066 mulierum

2271 3009 2609 3104 ἐληλυθυίας,
2637 3032 2712 3094 ὡς
2738 3009 3100 3097 πολύνυμφος
3131 3025 3225 3077 καὶ
3279 3019 3728 3091 άπειρόνυμφος,
3772 3018 3865 3069 καὶ

597 3103 810 3158 animas
865 3103 1106 3171 capulari
1161 3102 1265 3156 sibi
1322 3101 1678 3156 desiderans:
1733 3103 1800 3157 ad
1833 3103 2164 3171 implendum

601 3211 898 3265 supernum
936 3195 1210 3260 conclave,
1251 3193 1304 3247 in
1345 3209 1454 3261 quo
1513 3193 1692 3248 multae
1729 3195 2038 3248 mansiones
2076 3209 2168 3248 ve-

599 3289 682 3342 lut
719 3287 938 3341 thalami
974 3288 1194 3356 quidam
1219 3302 1248 3340 a
1285 3286 1440 3340 Patre
1471 3286 1641 3354 parati
1680 3287 1992 3352 animabus,
2047 3302 2168 3356 qua:

600 3381 777 3450 dignae
805 3380 1000 3433 habitae
1058 3378 1257 3432 fuerint
1307 3393 1400 3448 per
1462 3379 1626 3431 vitam
1658 3394 1845 3446 puram
1877 3418 1891 3440 ,
1927 3387 1977 3431 et
2007 3379 2167 3432 iidem

603 3472 894 3535 sinceram,
927 3480 1006 3534 ut,
1055 3485 1177 3524 cum
1214 3479 1423 3538 tempus
1446 3471 1706 3524 adventus
1741 3469 1936 3539 Sponsi
1971 3469 2166 3534 aderit,

603 3573 726 3635 post
756 3565 903 3618 illum
935 3574 1199 3626 currant,
1229 3572 1281 3616 et
1329 3563 1492 3617 simul
1546 3563 1747 3617 intrent
1794 3563 1847 3614 in
1889 3562 2168 3623 conclave,

603 3659 899 3727 laetitiaque
927 3657 1016 3711 illa
1044 3666 1242 3711 aeterna
1267 3656 1610 3726 perfruantur
1636 3657 1691 3710 in
1714 3654 1910 3711 saecula
1941 3652 2170 3709 saeculo-

604 3751 804 3806 lorum.

675 3943 815 4000 Ecce
842 3945 1270 4000 demonstratum
1315 3946 1406 4000 tibi
1442 3955 1524 3999 est
1568 3943 1928 3998 ministerium
1960 3945 2106 4013 quod
2140 3960 2171 4000 a

607 4031 836 4086 Domino
884 4033 1179 4102 accepisti,
1213 4045 1265 4088 et
1318 4049 1597 4105 magnum,
1636 4042 1689 4087 et
1725 4034 1892 4088 multa
1925 4033 1978 4087 in
2021 4035 2174 4089 caelis

607 4125 856 4179 mercede
914 4127 1373 4194 compensandum
1412 4144 1426 4192 ;
1459 4135 1519 4180 ut
1563 4141 1672 4180 non
1725 4136 1776 4181 te
1827 4127 2022 4192 solam,
2080 4127 2175 4182 sed

607 4218 806 4272 multas
843 4228 1045 4272 aeterno
1089 4219 1301 4287 Sponso
1354 4235 1583 4287 sponsas
1624 4221 1862 4274 adducas
1894 4239 1907 4287 ;
1939 4236 2033 4286 pro
2053 4220 2176 4290 qui-

609 4309 712 4363 bus
740 4319 944 4378 quanta
993 4319 1048 4364 et
1074 4311 1252 4379 qualis
1287 4311 1620 4366 retributio?
1658 4312 1959 4366 Collocabit
2010 4322 2059 4365 te
2091 4311 2176 4365 in-

2273 3129 2450 3189 πάσας
2476 3124 2653 3194 ψυχὰς
2682 3119 2889 3190 ἀνδρῶν
2923 3136 2982 3172 τε
3013 3113 3410 3184 καὶγυναικῶν
3467 3108 3612 3178 ἐρῶν
3687 3108 3865 3194 ἁρμόῖ

2273 3192 2594 3280 ζεσθαι,ίείς
2623 3215 2683 3265 τὸ
2715 3210 3010 3281 πληρῶσαι
3045 3207 3136 3260 τὸν
3193 3207 3306 3260 ἄνω
3361 3202 3636 3273 νυμφῶνα
3664 3220 3678 3230 ·
3715 3203 3772 3252 ἐν

2273 3308 2466 3361 πολλαὶ
2515 3307 2571 3358 αἱ
2603 3305 2764 3376 μοναὶ
2792 3297 2881 3358 οἷά
2919 3319 3062 3363 τινες
3094 3300 3328 3369 θάλαμοι
3357 3296 3505 3367 παρά
3531 3295 3625 3346 τοῦ
3643 3294 3863 3362 Πατρδς

2273 3395 2686 3466 ήτοιμάσθησαν
2709 3397 2831 3457 ταῖς
2856 3392 3323 3464 ἀξιωθησομέναις
3352 3388 3582 3457 ψυχαῖς,
3616 3387 3712 3437 διὰ
3745 3385 3858 3453 βίου

2272 3487 2515 3559 καθαροῦ
2547 3489 2644 3541 καὶ
2670 3487 2915 3549 πίστεως
2946 3483 3274 3556 εἰλικρινοῦς
3304 3500 3318 3512 -
3351 3480 3516 3550 ἡνίκα
3573 3478 3778 3541 φθάσει
3833 3479 3860 3528 ὁ

2272 3580 2460 3652 καιρὸς
2488 3580 2585 3650 τῆς
2611 3577 3006 3648 ἀποκαλύψεως
3031 3577 3123 3631 τοῦ
3157 3573 3438 3643 Νυμφίου,
3473 3571 3659 3622 ὀπίσω
3691 3570 3856 3623 αὐτοῦ

2272 3673 2504 3744 δραμεῖν
2543 3673 2639 3725 καὶ
2671 3671 3036 3724 συνεισελθεῖν
3067 3671 3124 3722 ὲν
3158 3666 3236 3735 τῷ
3265 3662 3542 3734 νυμφῶνι,
3618 3663 3721 3714 καὶ
3759 3663 3858 3729 τῆς

2272 3770 2578 3840 ἀπεράντου
2607 3769 2782 3839 χαρᾶς
2808 3766 3022 3837 ἐκείνης
3051 3761 3357 3818 ἀπολαῦσαι
3386 3760 3467 3821 είς
3484 3757 3697 3818 αἰῶνας
3731 3753 3858 3807 αἰώ-

2273 3879 2401 3916 νων.

2359 3955 2490 4008 Ἰδοὺ
2518 3953 2892 4008 ὑποδέδεικταί
2921 3951 3071 4020 σουή
3128 3946 3368 4001 διακονία
3411 3945 3481 4015 ἣν
3540 3943 3854 4012 παρέλαεες

2277 4046 2429 4116 παρά
2459 4046 2688 4115 Κυρίου,
2728 4042 2939 4114 μεγάλη
2964 4057 3046 4103 τε,
3079 4039 3173 4092 καὶ
3203 4037 3414 4092 πολλῶν
3439 4034 3714 4106 ἀμοιϐαία
3762 4053 3848 4102 μι-

2279 4137 2421 4191 σθῶν
2453 4136 2720 4206 οὐρανίων
2746 4151 2758 4164 ·
2782 4134 2856 4196 ὡς
2893 4133 2967 4203 μὴ
3002 4131 3158 4200 μόνον
3187 4129 3272 4192 σὲ,
3328 4128 3464 4180 ἀλλά
3501 4130 3602 4180 καὶ
3649 4126 3854 4186 πολλὰς

2277 4228 2494 4296 νύμφας
2521 4229 2804 4297 προσοῖσαι
2829 4223 2907 4292 τῷ
2943 4222 3196 4291 ἀθανάτῳ
3258 4218 3527 4288 Νυμφίῳ”
3587 4216 3734 4284 ὑπὲρ
3781 4209 3855 4267 ὧν

2279 4319 2378 4388 ὅση
2405 4319 2499 4372 καὶ
2521 4317 2679 4389 ἡλίκη
2710 4319 2742 4386 ἡ
2772 4314 3154 4376 ἀνταπόδοσιςί
3187 4310 3469 4374 τετάξεταί
3498 4325 3560 4361 σε
3588 4309 3648 4358 ὲν
3681 4307 3852 4376 πρού-

608 4412 690 4457 ter
720 4403 1084 4472 pracellentes
1135 4418 1363 4471 sponsas
1387 4446 1400 4467 ,
1439 4404 1576 4457 inter
1614 4405 1816 4459 electas
1856 4405 2165 4459 adolescen-

2274 4407 2493 4477 χούσαις
2520 4406 2776 4474 νύμφαις,
2802 4407 2858 4458 ὲν
2883 4404 3163 4465 ὲκλεκταίς
3181 4401 3411 4454 νεάνισιν
3432 4415 3446 4430 ·
3475 4398 3755 4467 ὲμπλόκιά
3773 4413 3853 4450 σοι

609 4492 796 4552 ιυιεςμς
830 4492 1048 4546 monilia
1073 4492 1162 4546 tibi
1187 4493 1484 4558 exhibebit,
1505 4494 1760 4562 perennia
1789 4496 2024 4564 Spiritus
2040 4494 2169 4549 cha-

608 4585 854 4647 rismata,
896 4584 1215 4638 vestimenta
1244 4584 1441 4648 lucida,
1473 4585 1984 4654 incorruptibilitate
2007 4601 2169 4640 coru-

607 4677 814 4730 scantia
847 4694 861 4730 :
894 4675 1175 4729 coronabit
1231 4685 1284 4730 te
1347 4690 1546 4731 corona
1595 4676 1817 4745 justitize
1865 4678 2170 4731 :choream

606 4783 736 4837 ages
768 4766 1218 4832 indissolubilem,
1250 4767 1505 4837 angelicae
1539 4783 1745 4836 parem,
1775 4783 1900 4822 cum
1933 4767 2173 4822 exsulta-

608 4859 754 4911 tione
781 4857 1127 4925 sempiterna.
1159 4855 1313 4921 Quod
1346 4856 1615 4925 reliquum
1669 4865 1774 4922 est,
1812 4857 1955 4922 vide,
1991 4855 2171 4910 domi-

607 4965 699 5014 na,
727 4959 780 5003 et
819 4949 1033 5002 attende
1085 4947 1178 5001 tibi
1216 4948 1317 5017 ipsi
1356 4966 1371 5014 ;
1409 4948 1721 5018 Christique
1771 4966 2002 5020 sponsas
2049 4966 2172 5005 cum

607 5055 736 5094 cura
768 5042 977 5096 custodi
1013 5059 1025 5094 :
1051 5041 1171 5095 ciba
1202 5040 1322 5094 illas
1351 5056 1486 5110 puro
1526 5056 1665 5109 pane
1691 5042 1950 5096 doctrinm
1986 5043 2175 5096 ortho-

607 5129 759 5184 doxa:
794 5147 807 5182 :
839 5140 963 5198 pata
1013 5130 1215 5186 ﬂuento
1255 5131 1410 5184 bona:
1447 5133 1821 5200 operationis;
1857 5149 1914 5186 ut
1948 5134 2176 5202 pingues

606 5223 718 5277 sint
743 5230 798 5275 et
836 5222 1112 5290 speciosae,
1142 5222 1209 5275 de
1241 5224 1441 5278 animae
1478 5223 1878 5293 pulchritudine
1905 5234 1958 5277 ct
1993 5225 2173 5292 specie

607 5313 823 5382 loquor,
853 5330 1012 5382 quam
1055 5311 1412 5383 concupiscit,
1451 5317 1589 5371 sicut
1625 5317 1907 5386 pollicetur
1951 5327 2171 5372 sanctus

608 5403 798 5470 David,
826 5405 1073 5460 Christus
1119 5405 1259 5460 Deus
1315 5417 1514 5462 noster.
1556 5409 1646 5463 Sic
1675 5410 1819 5464 enim
1853 5410 1962 5464 ait:
2009 5408 2171 5473 Audi,

609 5495 744 5564 ﬁlia,
776 5506 827 5550 et
857 5498 990 5562 vide,
1025 5507 1073 5551 et
1106 5497 1302 5550 inclina
1339 5515 1518 5553 aurem
1571 5510 1718 5556 tuam
1752 5519 1770 5568 ,'
1801 5513 1848 5557 et
1873 5502 2172 5558 obliviscere

2266 4499 2559 4569 παράσχοι,
2591 4497 2659 4549 τὰ
2706 4496 2798 4548 τοῦ
2834 4494 3149 4564 [Ινεύματος
3179 4493 3323 4546 ἀΐδια
3353 4490 3694 4561 χαρίσματα’
3731 4491 3852 4542 ἐπι-

2267 4590 2365 4659 ὁλή
2375 4607 2519 4659 ματα
2536 4587 2817 4657 φωτοειδῆ,
2833 4586 3137 4657 ἀφθαρσίαν
3154 4585 3548 4654 ἀστράπτοντα⁹
3571 4581 3855 4649 στεφανώ-

2268 4697 2350 4732 σει
2381 4697 2440 4732 σε
2461 4680 2538 4750 τῷ
2564 4681 2662 4750 τῆς
2679 4678 3024 4748 δικαιοσύνης
3041 4677 3306 4746 στεφάνην
3328 4673 3612 4744 χορεύσεις
3631 4676 3851 4743 χορείαν

2267 4772 2480 4838 ἄλυτον,
2511 4772 2598 4824 ίσα
2645 4773 2737 4825 καὶ
2777 4770 3047 4840 ἀγγέλοις,
3098 4769 3194 4822 σὺν
3234 4767 3546 4834 ἀγαλλιάσει
3589 4768 3852 4837 ἀκηράτῳ

2276 4864 2420 4939 [cod.
2446 4863 2901 4936 Βθε.ἀμηρύτῳ].
2920 4865 3090 4917 Βλέπε
3118 4860 3323 4926 λοιπὸν,
3353 4860 3536 4929 κυρία,
3565 4859 3662 4911 καὶ
3686 4861 3852 4930 πρόσ-

2277 4973 2368 5026 εχε
2396 4959 2589 5026 σαυτῇ,
2620 4957 2713 5008 καὶ
2726 4955 2824 5018 τὰς
2838 4957 3052 5025 νύμφας
3065 4951 3158 5006 τοῦ
3177 4949 3414 5023 Χριστοῦ
3432 4950 3727 5019 φυλάττοιο
3756 4969 3851 5003 πε-

2283 5047 2625 5117 ριμερίμνως
2650 5062 2664 5076 ·
2693 5047 2916 5116 τρέφοις
2943 5045 3111 5106 αὐτὰς
3133 5042 3211 5112 τῷ
3237 5041 3464 5112 καθαρῷ
3480 5041 3745 5110 ἄρτῳτῖμς
3766 5045 3850 5112 δρ-

2278 5137 2520 5202 θοδοξίας
2543 5153 2559 5168 '
2592 5139 2827 5202 ποτίζοις
2853 5137 2929 5206 τῷ
2957 5135 3162 5206 νάματι
3199 5135 3300 5204 τῆς
3336 5132 3666 5204 εὐπραξίας,
3697 5134 3850 5196 ὠςέιν

2279 5225 2388 5282 εἶεν
2411 5231 2614 5294 πίονες,
2645 5229 2973 5302 ὡραιοειδείς
2999 5244 3014 5259 °
3049 5228 3186 5299 πρὸς
3217 5227 3280 5279 τὸ
3321 5225 3518 5288 κάλλος
3548 5225 3649 5293 τῆς
3678 5225 3848 5295 ψυχῆς

2277 5322 2524 5390 ὁλόγος·
2588 5319 2649 5376 οὗ
2703 5323 2795 5375 καὶ
2850 5321 3126 5390 ἐπιθυμεῖ,
3192 5319 3379 5383 καθὼς
3429 5320 3774 5389 ὑπισχνεῖται
3825 5322 3847 5370 ό

2275 5411 2428 5478 ἅγιος
2454 5409 2634 5478 Δαυῖδ,
2662 5409 3079 5483 ΧριπὸςὸΘεὺς
3105 5409 3284 5479 ἡμῶν.
3307 5410 3447 5480 Φησὶ
3460 5408 3572 5478 γάρ
3599 5425 3614 5440 ·
3643 5410 3847 5462 Ἀκου-

2282 5519 2418 5568 σον,
2452 5504 2722 5574 θύγατερ,
2752 5503 2851 5560 καὶ
2870 5502 2982 5560 Ide.
3009 5502 3105 5558 καί
3135 5501 3351 5556 κλῖνον
3377 5501 3445 5556 τὸ
3469 5495 3584 5566 οὖς
3602 5515 3742 5565 σου,
3760 5498 3846 5555 καὶ

2123 5689 2363 5750 NOTAE.

682 5801 794 5874 (4|)
829 5805 883 5860 In
917 5805 1039 5862 cod.
1074 5806 1205 5878 Reg.
1245 5813 1368 5878 pos'.
