3964 6320
114 372 136 434 1
153 372 261 434 469

1299 363 1829 429 EPISTOLARUM
1866 365 2014 427 LIB.
2071 368 2156 427 II.

3200 366 3337 433 1470

107 464 410 515 ἐπιλάθου
438 462 541 515 τοῦ
579 462 730 518 λαοῦ
764 478 903 530 σου,
939 462 1035 516 καὶ
1067 463 1174 517 τοῦ
1211 463 1378 517 οἴκου
1416 461 1524 516 τοῦ
1567 473 1705 516 πα-.

1787 464 2028 526 populum
2061 470 2229 522 tuum,
2267 467 2317 513 et
2345 459 2557 513 domum
2586 461 2756 530 patris
2791 462 2889 525 tui,
2919 470 2969 515 et
3013 465 3341 532 concupiscet

105 556 255 621 τρεῖς
269 571 405 618 σου,
424 553 523 606 καὶ
545 553 898 624 ἐπιθυμήσει
919 557 951 608 ὀ
961 556 1260 619 βασιλεὺς
1274 555 1380 608 τοῦ
1409 554 1680 621 κάλλους

105 661 234 697 σου
260 661 275 675 ·
308 645 396 697 ὅτι
421 646 603 711 αὐτός
627 646 760 698 ἐστι
788 647 1001 714 Κύριός
1020 661 1159 710 σου,
1194 645 1294 700 καὶ
1335 644 1679 714 προσκυνή-

105 749 247 798 σεις
263 733 442 798 αὐτῷ.
477 735 637 805 Ὁρᾷς
663 736 742 788 ὅτι
768 738 823 788 ἐν
853 735 929 804 τῷ
945 736 1290 791 ἐπιλαθέσθαι
1315 737 1478 806 ὑμᾶς,
1510 737 1678 806 ἤγουν

105 824 492 888 ἀποτάξασθαι
519 826 785 894 γονεῦσιν,
830 827 1073 896 ἀδελφοῖς
1127 844 1187 881 τε
1241 829 1335 882 καὶ⁵
1368 827 1675 895 συγγενέσι,

106 917 293 984 φίλοις
333 935 392 970 τε
441 919 535 971 καὶ
566 921 698 972 πᾶσι
728 922 839 982 τοῖς
875 920 1012 973 κατὰ
1039 921 1129 973 τὸν
1158 919 1289 990 βίον,
1337 918 1678 990 ἐπεθύμησεν

104 1011 269 1078 ὑμῶν
314 1012 341 1063 ὁ
371 1010 620 1080 βασιλεὺς
642 1013 736 1065 τοῦ
770 1013 998 1075 κάλλους
1018 1013 1116 1083 τῆς
1135 1014 1313 1084 ψυχῆς
1333 1016 1412 1077 είς
1435 1015 1682 1084 νυμφίω-

104 1119 228 1168 σιν;
265 1102 337 1156 Τὸ
364 1104 440 1169 δὲ,
465 1107 651 1169 Αὐτός
675 1105 805 1158 ἐστι
833 1106 1047 1172 Κύριός
1078 1121 1214 1171 σου,
1282 1106 1379 1158 καὶ
1413 1121 1680 1175 προσκυ-

101 1191 326 1258 νήσεις
356 1193 535 1258 αὐτῷ,
568 1197 855 1265 γενήσεται
885 1196 1013 1266 ὑμῖν
1053 1198 1110 1249 ἐν
1127 1199 1193 1267 τῇ
1226 1196 1409 1267 ἡμέρᾳ
1439 1197 1537 1266 τῆς
1560 1198 1683 1249 ἐπι-

103 1284 345 1352 φανείας
379 1285 563 1340 αὑτοῦ.

185 1375 272 1438 Ὢ,
306 1373 373 1440 ὣ,
409 1369 519 1428 οἷον
553 1377 890 1447 ἐφρονήσατε
921 1377 1308 1448 ἐπιλαϐόμεναι
1348 1378 1458 1431 τῶν
1510 1379 1682 1433 ἀπάν-

98 1468 240 1518 τωνι
270 1466 463 1530 Βαϐαῖ,
493 1467 672 1536 βαϐαὶ,
690 1468 803 1520 οἴου
832 1468 1120 1538 ἐπετύχετε
1149 1470 1399 1540 Νυμφίου
1426 1472 1439 1523 l
1464 1470 1683 1540 Κροτή·

99 1575 262 1612 σατε
286 1558 488 1627 χεῖρας
511 1559 854 1623 ἀλαλάξαι-ε
889 1560 972 1626 τῷ
1016 1559 1137 1626 Θεῷ
1164 1561 1234 1615 ἐν
1283 1561 1453 1631 φωνῇ
1507 1564 1682 1632 ἀναλ-

99 1645 376 1711 λιὰσεως
406 1661 419 1675 ·
449 1648 530 1699 ὅτι
560 1647 698 1718 ὑπὲρ
741 1648 921 1710 πάσας
975 1649 1073 1712 τὰς
1109 1651 1199 1702 ἐπὶ
1249 1651 1353 1718 γῆς
1403 1651 1680 1721 βασιλείας

100 1735 366 1807 ὑψώθητε
391 1754 406 1768 ·
440 1739 577 1809 ὑπὲρ
609 1740 784 1794 πάντα
809 1740 878 1793 τὰ
892 1740 1066 1812 ὡραῖα
1085 1742 1186 1808 τῆς
1214 1743 1317 1811 γῆς
1345 1742 1676 1814 ὠραϊσθητε.

1775 564 1868 604 rex
1891 549 2127 603 decorem
2155 559 2304 604 tuum
2326 567 2345 604 :
2365 553 2613 620 quoniam
2645 554 2762 620 ipse
2787 560 2866 605 est
2905 552 3161 607 Dominus
3196 562 3341 618 tuus,

1776 654 1825 698 et
1856 645 2102 698 adorabis
2129 660 2247 697 eum
2278 644 2340 697 “.
2380 643 2538 698 Vides
2594 647 2736 715 quod
2781 686 2796 710 ,
2826 646 2957 699 dum
3016 647 3198 700 oblitae
3246 661 3344 702 vos

1776 743 1931 800 estis,
1970 737 2075 791 hoc
2105 743 2208 802 est,
2245 738 2595 793 renuntiastis
2647 729 2985 807 parentibus,
3049 738 3340 793 fratribus—-

1777 843 1884 897 que
1954 837 2007 882 et
2084 831 2346 898 cognatis,
2404 829 2701 898 amicisque
2777 838 2832 884 et
2896 831 3106 884 cunctis
3183 830 3343 897 hujus

1779 919 1959 975 saeculi
1997 920 2182 982 rebus,
2211 921 2520 990 concupivit
2543 936 2634 974 rex
2663 921 3119 990 pulchritudinem
3149 923 3345 977 anima:

1777 1022 1971 1066 vestra:
2021 1013 2088 1065 ad
2114 1012 2585 1082 desponsationem
2636 1012 2659 1065 ?
2712 1011 2845 1065 lllud
2906 1027 3076 1068 vero:
3110 1016 3236 1077 Ipse
3266 1023 3343 1067 est

1780 1102 2036 1156 Dominus
2069 1111 2188 1158 tuus
2213 1144 2228 1170 ,
2278 1114 2327 1159 et
2365 1105 2610 1158 adorabis
2661 1121 2777 1158 eum
2806 1103 2852 1135 ⁸³
2881 1119 2896 1169 ;
2935 1103 3112 1168 vobis,
3169 1105 3224 1158 in
3256 1105 3346 1159 die

1780 1195 2045 1250 adventus
2084 1195 2253 1266 ipsius
2279 1196 2550 1251 Obveniet.

1851 1372 1917 1437 Ο,
1934 1388 1967 1428 o
1982 1389 2142 1444 quam
2165 1374 2438 1443 sapienter
2456 1375 2642 1444 egistis
2658 1375 3036 1431 obliviscentes
3060 1377 3301 1430 omnium
3326 1378 3339 1429 !

1779 1462 1957 1535 Papia,
1983 1480 2152 1534 papae,
2191 1468 2402 1534 qualem
2435 1464 2704 1534 Sponsum
2737 1467 2943 1535 adeptae
2988 1468 3140 1522 estis!
3176 1467 3345 1520 Plau-

1781 1559 1887 1612 dite
1932 1558 2194 1621 manibus,
2220 1557 2447 1626 jubilate
2477 1557 2578 1611 Deo
2607 1560 2661 1612 in
2703 1574 2824 1612 voce
2851 1558 3224 1612 exsultationis
3257 1559 3342 1615 3‘:

1780 1665 1846 1705 eo
1883 1650 2025 1719 quod
2055 1665 2221 1720 super
2251 1650 2432 1703 omnia
2467 1660 2621 1704 terra:
2671 1664 2834 1718 regna
2875 1650 3125 1703 exaltata:
3166 1651 3298 1705 estis
3327 1668 3343 1704 :

1783 1755 1946 1809 super
1971 1740 2152 1794 omnia
2206 1740 2450 1810 speciosa
2498 1751 2653 1794 terra:
2699 1740 2961 1808 speciosae
2996 1739 3151 1794 factae
3189 1742 3344 1796 estis.

97 1805 394 1882 Αἰδοῦνται
416 1805 559 1900 ὑμᾶς
587 1832 681 1884 καὶ
706 1805 954 1901 ἄγγελοι,
981 1805 1332 1904 περιέπουσιν
1390 1805 1532 1904 μᾶς
1581 1805 1680 1889 καὶ

1787 1830 2118 1885 Revereatur
2147 1846 2243 1887 vos
2283 1832 2443 1886 etiam
2499 1826 2696 1899 angeli,
2743 1830 3100 1886 circumstant
3149 1847 3247 1884 vos
3292 1841 3346 1885 et

101 1923 443 1993 αρχάγγελοι
463 1941 476 1954 ·
506 1924 834 1995 προῦχουσαι
859 1927 1014 1997 ὑμεῖς
1029 1926 1295 1994 βασιλίδες
1326 1927 1384 1980 ἐν
1409 1928 1676 1998 οὐρανοῖς,

100 2014 370 2082 ὑπεράνω
405 2015 596 2068 πασῶν
633 2016 880 2088 μητέρων
923 2018 1015 2069 καὶ
1044 2017 1357 2087 θυγατέρων
1406 2018 1513 2072 τῶν
1572 2020 1679 2074 ἀπὸ

101 2107 318 2174 σαρκὸς
363 2107 686 2176 ἐρχομένων.
721 2106 925 2160 Οὐκοῦν
949 2106 1185 2177 χαίρετε,
1214 2111 1308 2161 καὶ
1355 2111 1677 2180 συγχαίρετε

99 2197 391 2265 ἀλλήλαις·
424 2197 492 2248 τὰ
524 2197 755 2249 ἐπίπονα
782 2196 1028 2250 ἐντεῦθεν
1066 2199 1166 2268 τῆς
1215 2201 1523 2266 ἀσκήσεως,
1579 2202 1675 2255 εἴτ’

97 2283 205 2339 οὖν
259 2285 668 2354 θαλαμεὺσεως,
701 2287 956 2357 φέρουσαι
1006 2288 1288 2360 εὐψύχως·
1345 2291 1558 2348 εἰδυῖαι
1589 2293 1678 2347 ὅτι

100 2376 283 2432 πᾶσα
315 2377 472 2444 σὰρξ
527 2379 776 2446 χόρτος·
825 2375 993 2433 πᾶσα
1039 2379 1190 2443 δόξα
1233 2380 1546 2449 ἀνθρώπου
1600 2384 1680 2450 ὡς

99 2472 295 2537 ἄνθος
323 2472 541 2540 χόρτου
565 2488 580 2501 ·
613 2471 783 2524 πᾶσαί
807 2489 866 2524 τε
898 2472 1180 2543 ἐπιθυμίαι
1208 2473 1300 2526 τοῦ
1332 2473 1524 2538 αἰῶνος
1556 2475 1681 2528 τοὺ-

99 2582 204 2617 του
261 2567 324 2617 ἐκ
355 2565 558 2635 φθορᾶς
583 2564 676 2617 καὶ
704 2566 782 2628 εἰς
810 2565 1016 2636 φθορὰν
1049 2568 1450 2637 καταλήγουσαι
1476 2586 1489 2598 ·
1521 2570 1680 2639 μόνον

100 2658 168 2710 δὲ
202 2657 359 2728 ὑμῶν
388 2658 580 2728 ὁ-ἔρως
607 2657 701 2710 καὶ
727 2659 758 2726 ἡ
790 2661 1056 2729 ἐπιθυμία
1095 2661 1320 2731 ἄπειρος
1351 2663 1443 2714 καὶ
1469 2663 1681 2731 ἄφθαρ-

100 2767 223 2811 τος.
262 2749 474 2818 Μικρὸν
501 2747 686 2800 λοιπὸν
738 2750 863 2802 ὅσον
910 2752 1264 2822 ἀναμείνατε,
1326 2754 1676 2823 ὑπομείνατε,

105 2842 552 2910 ὑποτασσόμεναι
586 2840 682 2910 μὲν
725 2842 882 2912 ὑμεῖς
913 2847 978 2913 τῇ
1009 2843 1173 2914 κυρίᾳ
1204 2847 1268 2916 τῇ
1299 2846 1680 2917 πρωτονὺμφῳ

104 2931 296 2993 καλῶς
329 2930 424 2982 καὶ
457 2930 720 2999 εὑηκόως,
751 2931 820 2984 τὰ
845 2931 1222 3002 τοῦσΝυμφίου
1255 2934 1492 3005 Χριστοῦ
1542 2938 1680 3007 ἐρω-

103 3024 242 3078 τικὰ
288 3022 552 3092 ἰδιώματα
581 3026 674 3077 καί
705 3025 1028 3094 φυλάγματα
1078 3026 1442 3097 ἐπιταττούσῃ
1469 3043 1482 3058 ·
1544 3025 1680 3096 αὑτὴ

1779 1923 2085 1992 archangeli
2115 1942 2128 1976 :
2173 1923 2537 1992 pracellentes
2566 1924 2618 1976 in
2654 1922 2804 1977 ccelis
2829 1923 3026 1991 regina:
3076 1936 3171 1974 vos
3211 1923 3346 1976 estis

1778 2029 1941 2082 supra
1991 2030 2182 2068 omnes
2239 2023 2440 2068 matres
2483 2030 2548 2068 ac
2579 2015 2718 2069 tilias
2756 2028 2877 2083 quae
2919 2028 2982 2067 ex
3038 2027 3201 2066 carne
3239 2030 3342 2066 na-

1779 2115 2026 2160 scuntur.
2056 2104 2393 2174 Quapropter
2442 2106 2686 2174 gaudete,
2734 2114 2787 2158 et
2816 2104 3150 2174 congaudete
3205 2105 3347 2156 invi-

1777 2213 1892 2252 cem
1921 2217 1933 2251 :
1961 2197 2170 2252 labores
2201 2198 2326 2252 inde
2354 2197 2606 2251 aseeticat
2632 2197 2777 2258 vitae,
2805 2206 3064 2266 tanquam
3105 2195 3194 2250 illa
3227 2195 3346 2249 tha-

1781 2291 1955 2345 lamus
1990 2291 2059 2344 sit
2102 2290 2276 2356 vobis,
2311 2288 2544 2344 ferentes
2599 2290 2882 2355 alacriter;
2925 2289 3158 2343 scientes
3198 2289 3345 2356 quod

1781 2385 1948 2437 omnis
1983 2400 2105 2436 caro
2140 2383 2358 2452 fenum:
2384 2384 2552 2438 omnis
2606 2383 2774 2453 gloria
2813 2382 3038 2435 hominis
3070 2383 3205 2434 sicut
3249 2382 3347 2450 ﬂos

1779 2476 1963 2545 feni“;
1982 2477 2227 2530 etomnia
2248 2477 2409 2546 hujus
2426 2474 2605 2529 saeculi
2627 2475 2889 2529 desideria
2912 2489 2976 2528 ex
2995 2475 3347 2543 corruptione

1779 2569 1833 2623 in
1864 2570 2267 2637 corruptionem
2291 2567 2577 2633 desinunt;
2608 2567 2755 2620 solus
2773 2580 2901 2619 vero
2917 2581 3072 2618 amor
3090 2575 3269 2619 vester
3294 2574 3350 2618 et

1781 2658 2106 2713 desiderium
2131 2675 2324 2730 expers
2340 2669 2424 2714 est
2446 2658 2570 2713 ﬁnis
2594 2667 2646 2712 et
2675 2657 3056 2726 corruptionis.
3081 2657 3347 2711 Pusillum

1780 2751 1922 2821 quod
1951 2759 2121 2804 restat
2148 2758 2478 2820 exspectate,
2508 2749 2770 2804 sustinete
2798 2763 2812 2800 :
2838 2763 2931 2802 vos
2975 2747 3191 2816 quidem
3228 2762 3349 2814 quae

1785 2843 1852 2896 ad
1885 2842 2090 2897 Christi
2125 2840 2323 2911 Sponsi
2380 2855 2619 2895 amorem
2675 2839 3081 2894 conciliandum
3120 2847 3174 2893 et
3216 2854 3349 2892 con-

1782 2936 2103 2992 servandum
2139 2934 2366 2999 faciunt,
2402 2933 2688 3002 imperanti
2721 2931 3032 2985 ohedientes
3054 2940 3111 2984 ut
3152 2930 3304 2984 decet
3334 2947 3351 2996 ;

1784 3029 1898 3097 ipsa
1946 3044 2073 3081 vero
2109 3027 2353 3089 domina,
2396 3033 2456 3078 ut
2511 3022 2781 3092 Sponsum
2835 3031 3249 3091 repraesentans,
3300 3031 3354 3075 et

105 3118 167 3170 δὲ
201 3117 369 3185 κυρία
395 3115 468 3176 ὡς
494 3115 882 3186 νυμφιοφόρος,
910 3116 1003 3167 καὶ
1033 3114 1130 3185 τὴν
1150 3115 1326 3186 ψυχὴν
1356 3116 1672 3186 προϊεμένη,

1793 3119 2027 3171 animam
2062 3132 2368 3187 exponens,
2425 3130 2494 3169 ne
2549 3115 2655 3168 alia
2711 3114 2910 3178 dicam,
2947 3113 3014 3167 ad
3049 3113 3352 3182 puellarum

113 3211 192 3279 μὴ
221 3209 302 3259 ὅτι
339 3206 403 3273 γέ
439 3223 490 3259 τι
539 3206 646 3260 τῶν
675 3206 872 3270 ἄλλων,
906 3207 986 3269 εἰς
1008 3208 1356 3277 περιποίησιν
1385 3208 1493 3260 τῶν
1556 3225 1682 3262 νεα-

109 3301 296 3363 νίδων,
333 3299 394 3352 οὑ
433 3299 575 3366 λέγω
610 3299 788 3369 ψυχῆς
817 3299 1005 3368 μόνης,
1068 3299 1201 3352 ἀλλὰ
1260 3302 1351 3352 καὶ
1397 3300 1645 3370 σώματος
1669 3317 1682 3330 ·

108 3391 401 3462 πληροῦσα
429 3391 486 3442 τὸ
523 3392 627 3442 ὑπὸ
656 3391 746 3442 τοῦ
792 3391 1109 3444 Ἀποστόλου
1141 3392 1427 3460 εἰρημένον
1454 3408 1467 3421 ·
1516 3393 1685 3461 Ἰμει-

98 3481 354 3551 ρόμενοι
383 3480 750 3548 εὐδοκοῦμεν
767 3481 1128 3550 μεταδοῦναι
1159 3482 1322 3547 ὑμῖν,
1373 3483 1443 3535 οὺ
1490 3483 1681 3550 μόνον

109 3575 178 3626 τὸ
212 3570 584 3639 Εὐαγγέλιον
613 3571 714 3624 τοῦ
757 3572 922 3639 Θεοῦ,
975 3572 1132 3625 ἀλλὰ
1184 3575 1280 3625 καὶ
1317 3572 1424 3639 τὰς
1456 3572 1683 3627 ἑαυτῶν

85 3662 344 3732 -ψυχὰς,
378 3664 435 3714 ἐν
466 3661 688 3731 Χριστῷ
732 3661 904 3732 Ἰησοῦ
934 3660 1010 3729 τῷ
1044 3662 1232 3732 Κυρίῳ
1257 3662 1446 3732 ἡμῶν·
1481 3663 1539 3714 ὃν
1589 3665 1683 3716 καὶ

110 3759 248 3824 περὶ
276 3755 434 3826 ἡμῶν
463 3756 696 3807 αἰτεῖσθε
710 3755 807 3824 τὴν
839 3754 1216 3824 σωτηρίαντῆς
1237 3756 1495 3824 ταπεινῆς
1524 3758 1555 3824 ὴ
1566 3756 1681 3824 μῶν

109 3848 292 3915 ψυχῆς
318 3863 330 3875 ·
359 3847 442 3897 ἵνα
484 3839 564 3906 οἷς
594 3844 1023 3913 ἐνουθετήσαμεν
1080 3844 1532 3915 νενουθετήμεθα.
1589 3849 1682 3901 καὶ

113 3936 430 4007 σωζοίμεθα
481 3937 680 3999 πάντες
708 3935 815 3990 ἀπὸ
845 3934 938 3987 τοῦ
962 3935 1230 4007 Ιιονηροῦ.

110 4052 269 4107 ΡΝΛ⁹
310 4051 444 4121 (42).
483 4076 552 4088 -·
586 4045 927 4118 Σευηριανῷ
977 4048 1084 4114 υἱῷ
1125 4052 1501 4119 πνευματικῷ
1542 4053 1676 4125 (45).

1786 3209 2153 3265 defensionem
2204 3227 2218 3274 ;
2261 3222 2438 3276 neque
2481 3207 2674 3260 animze
2731 3215 2938 3259 tantum
2974 3247 2989 3271 ,
3037 3206 3131 3261 sed
3189 3207 3354 3260 etiam

1785 3303 2030 3371 corporis
2080 3324 2092 3357 :
2150 3301 2380 3372 implens
2429 3300 2572 3369 quod
2625 3299 2756 3353 dicit
2788 3298 3079 3368 Apostolus
3117 3296 3352 3366 :Cupide

1785 3395 2084 3450 volebamus
2107 3395 2311 3448 tradere
2333 3394 2496 3456 vobis,
2529 3408 2630 3444 non
2660 3392 2829 3445 solum
2859 3389 3200 3459 Evangelium
3232 3389 3352 3453 Dei,

1787 3490 1874 3542 sed
1901 3490 2061 3542 etiam
2082 3488 2289 3540 animas
2317 3496 2526 3540 nostras
2545 3485 2610 3548 ⁸⁸,
2636 3485 2688 3537 in
2715 3482 2934 3536 Christo
2967 3479 3093 3534 Jesu
3118 3479 3352 3533 Domino

1789 3588 2022 3647 nostro;
2060 3595 2089 3633 a
2121 3595 2228 3647 quo
2257 3589 2308 3633 et
2348 3594 2444 3632 vos
2498 3594 2596 3647 pro
2639 3577 2796 3631 nobis
2855 3573 3083 3628 salutem
3133 3573 3356 3626 humilis

1789 3675 1984 3728 anima:
2040 3684 2240 3726 nostrae
2283 3671 2446 3740 petite
2481 3689 2494 3723 :
2526 3680 2585 3724 ut
2617 3670 2681 3724 de
2709 3669 2908 3738 quibus
2944 3668 3080 3721 alios
3141 3665 3358 3719 monui-

1789 3779 1933 3828 mus,
1970 3779 2158 3817 eorum
2202 3762 2612 3817 meminerimus
2651 3760 2788 3830 ipsi,
2828 3767 2881 3812 et
2910 3773 2940 3811 a
2965 3757 3109 3810 malo
3163 3769 3357 3810 omnes

1785 3856 2099 3910 liberemur.

2015 4053 2142 4109 CLI.
2180 4082 2249 4093 ——
2284 4051 2566 4108 Severiano
2598 4051 2711 4121 ﬁlio
2750 4049 3025 4120 spirituali
3049 4047 3132 4119 (').

504 4163 644 4222 Quod
669 4175 836 4224 neque
858 4160 1079 4212 Christus
1110 4161 1162 4212 in
1193 4177 1278 4212 sua
1304 4163 1515 4228 imagine
1534 4166 1714 4216 colitur
1744 4168 1921 4228 latria;
1956 4181 2121 4228 neque
2156 4165 2315 4228 imago
2347 4165 2527 4216 Christi
2548 4165 2690 4216 latria
2717 4164 2942 4214 colenda.

183 4253 352 4305 Ὄσον
398 4248 665 4318 εὔφρανεν
708 4248 851 4318 ἡμᾶς
886 4248 920 4315 ἡ
974 4249 1144 4317 μικρὰ
1179 4249 1683 4318 ἐπιστολὴ,τέκνον,

108 4345 372 4400 τοσοῦτον
397 4341 725 4409 ἐλύπησενὴ
766 4339 985 4408 μείζων.
1033 4341 1120 4403 Ὠς
1154 4340 1263 4408 γὰρ
1305 4342 1379 4412 μή
1402 4361 1488 4394 πω
1528 4344 1683 4413 κινή-

1861 4254 2077 4317 Quanto
2109 4266 2207 4304 nos
2234 4250 2436 4319 gaudio
2467 4248 2722 4303 ail‘ecerat
2754 4249 2934 4303 brevis
2977 4243 3209 4314 epistola
3238 4253 3355 4303 tua,

1793 4345 1888 4404 ﬁli,
1915 4353 2125 4397 tantum
2163 4342 2368 4397 doloris
2389 4357 2455 4396 ex
2490 4342 2783 4410 prolixiore
2819 4339 3084 4407 cepimus.
3121 4336 3356 4391 Perinde

113 4434 314 4493 παντὸς
380 4449 474 4483 σου
505 4430 661 4496 λόγον
689 4432 817 4500 περὶ
853 4427 961 4479 τῶν
1003 4429 1061 4480 ὲν
1106 4430 1242 4498 αὑτῇ
1294 4432 1683 4501 ἐμφερομένων

1791 4437 1931 4491 enim
1960 4450 2026 4490 ac
2054 4435 2100 4490 si
2130 4435 2195 4488 de
2228 4434 2499 4488 contentis
2528 4434 2581 4485 in
2607 4448 2667 4485 ea
2700 4429 3170 4500 propositionibus
3213 4443 3355 4480 non-

111 4525 474 4597 προτάσεων·
515 4519 651 4590 μήτε
685 4518 983 4589 ἀκηκοότος
1029 4519 1164 4590 πρὸς
1210 4521 1366 4590 ἡμῶν
1413 4522 1474 4575 τὸ
1521 4523 1678 4576 δέον·

110 4618 290 4689 ﬁxam;
322 4615 416 4667 νῦν
464 4615 739 4684 προτεῖναι
782 4613 881 4674 τὰς
927 4613 1129 4680 φωνὰς,
1180 4613 1338 4681 δῆθεν
1394 4617 1491 4685 μὲν
1541 4618 1685 4688 ἄλλῳ

116 4709 433 4779 μαχόμενος
485 4703 783 4775 προσώπῳ,
821 4700 1019 4771 μᾶλλον
1070 4704 1166 4773 μὲν
1199 4699 1293 4756 οὖν
1337 4707 1402 4775 τῇ
1459 4706 1687 4780 ἀληθείᾳ

112 4798 642 4865 ἁντικαθιστάμενος
669 4812 682 4825 ·
739 4795 916 4848 καίτοι
978 4794 1053 4865 μὴ
1097 4796 1328 4864 ὀφείλων
1374 4798 1645 4854 διδάσκειν
1671 4818 1685 4831 ·

111 4895 174 4946 οὑ
210 4892 355 4959 λέγω
377 4887 633 4941 τοσοῦτον
664 4886 750 4939 διὰ
785 4888 844 4938 τὸ
873 4887 1162 4955 ὑφειμένον
1189 4905 1247 4939 σε
1290 4885 1427 4942 εἶναι
1455 4908 1467 4920 ·
1498 4893 1591 4944 καί
1623 4910 1687 4960 γε

116 4989 251 5055 φέρε
290 4980 661 5052 μακροθύμως
689 4993 702 5006 ο
737 4976 872 5028 ἀλλὰ
901 4978 1009 5046 γὰρ
1036 4979 1129 5030 καὶ
1150 4978 1237 5030 διὰ
1269 4979 1331 5031 τὸ
1361 4983 1488 5044 τοὺς
1530 4983 1686 5036 ἁλόν-

115 5097 216 5141 τας
256 5079 324 5145 τῇ
382 5073 631 5143 αἱρετικῇ
678 5068 957 5140 κοινωνίᾳ,
987 5069 1045 5135 ἐξ
1090 5063 1163 5122 ὦν
1196 5064 1276 5132 εἷς
1317 5071 1404 5134 σὺ,
1441 5073 1516 5144 μὴ
1542 5075 1688 5144 ἔχειν

113 5169 436 5241 παρρησίαν
464 5166 698 5232 ἀνοίγειν
727 5165 786 5217 τὺ
832 5165 1005 5231 στόμα
1032 5179 1044 5192 ·
1082 5163 1264 5232 μένειν
1299 5163 1354 5215 δὲ
1393 5165 1453 5217 ἐν
1487 5167 1689 5239 ἡσυχίᾳ

119 5259 464 5330 καθηκοὺσῃ,
511 5257 607 5309 καὶ
656 5255 920 5308 αἰτεῖσθαι
965 5253 1296 5325 συγγνώμην
1357 5255 1520 5324 μέχρι
1567 5257 1683 5326 βίου

191 5377 238 5408 ⁸²
269 5374 415 5429 Psal.
449 5387 594 5435 xuv,
629 5370 715 5433 Η,
759 5369 845 5422 12.
874 5369 919 5400 ⁸³
947 5367 1082 5422 ibid.
1142 5367 1228 5420 12.

1788 4526 1916 4580 dum
1943 4525 2103 4579 verba
2135 4524 2325 4578 feceris
2351 4563 2367 4586 ,
2430 4538 2603 4591 neque
2657 4538 2686 4576 a
2737 4521 2893 4576 nobis
2931 4520 3074 4590 quod
3113 4533 3209 4587 par
3239 4527 3358 4572 erat

1792 4620 2102 4682 audiveris;
2139 4618 2195 4670 in
2231 4618 2364 4671 istas
2409 4631 2556 4670 nunc
2590 4628 2749 4669 voces
2779 4615 3044 4683 erumpis,
3101 4628 3197 4681 per
3228 4627 3355 4680 spe-

1787 4712 1923 4765 ciem
1961 4711 2176 4779 quidem
2209 4707 2364 4777 quasi
2397 4723 2520 4762 cum
2551 4708 2658 4761 alio
2694 4706 2965 4760 dimicans
2989 4744 3003 4768 ,
3048 4705 3224 4772 reipsa
3253 4718 3354 4754 au-

1791 4815 1896 4859 tem
1949 4802 2162 4857 veritati
2203 4813 2512 4870 repugnans
2546 4817 2559 4853 :
2593 4799 2844 4868 quamvis
2892 4799 3089 4851 docere
3127 4795 3353 4848 omnino

1787 4898 1883 4950 tibi
1916 4911 2021 4949 non
2054 4895 2233 4947 liceat.
2270 4891 2376 4945 Nec
2402 4891 2579 4944 solum
2606 4891 2676 4943 ob
2715 4889 3033 4943 tenuitatem
3071 4897 3219 4940 tuam
3250 4884 3355 4936 hoc

1794 4989 1937 5052 dico,
1969 4987 2235 5056 patienter
2260 4982 2490 5044 sustine,
2521 4982 2613 5036 sed
2643 4981 2770 5050 quia
2795 4979 2888 5047 qui
2918 4977 3169 5031 haeretica
3198 4988 3353 5026 com-

1796 5080 2056 5133 munione
2087 5074 2334 5130 obstricti
2367 5081 2648 5133 teneutur,
2677 5085 2909 5140 quorum
2953 5084 2983 5123 e
3031 5080 3257 5120 numero
3296 5075 3353 5118 tu

1795 5185 1937 5224 unus
1961 5184 2039 5234 es,
2063 5165 2174 5220 oris
2204 5162 2477 5218 reserandi
2513 5161 2819 5214 facultatem
2852 5175 2958 5213 non
2990 5158 3192 5210 habent
3219 5173 3232 5206 :
3261 5155 3354 5208 sed

1795 5261 1850 5315 in
1883 5257 2227 5314 convenienti
2255 5253 2473 5310 silentio
2503 5267 2722 5305 manere
2749 5292 2764 5316 ,
2812 5267 2878 5305 ac
2923 5249 3134 5304 veniam
3173 5255 3355 5315 petere

1327 5367 1376 5399 ⁸⁸
1400 5367 1544 5426 Psal.
1590 5389 1711 5430 va1
1745 5415 1760 5439 ,
1796 5377 1852 5433 2.
1926 5377 1975 5408 ⁸⁸
2017 5374 2121 5429 lsa.
2153 5389 2238 5438 XL,
2272 5371 2326 5426 6.
2400 5369 2447 5402 ⁸⁸
2482 5369 2501 5422 l
2535 5366 2725 5424 Thess.
2757 5381 2815 5430 tt,
2840 5365 2894 5419 8.

1631 5463 1857 5522 NOT/E.

193 5564 310 5632 (42)
334 5561 394 5632 ιιι
416 5558 698 5632 cod.Beg.
719 5555 818 5625 per.

195 5624 312 5704 (45)
335 5629 455 5704 Harc
476 5624 930 5704 ρρίειιιιιικιψιω
956 5632 1259 5704 sequuntur
1280 5638 1448 5694 usque
1474 5625 1536 5678 ad
1564 5624 1685 5686 174,

125 5709 175 5759 in
204 5697 336 5758 ‘cod.
377 5697 542 5769 Regio
571 5697 1113 5769 separatimscriptte
1169 5706 1296 5746 sunt
1353 5705 1478 5769 ante
1533 5710 1692 5769 supe-

126 5780 297 5831 riores
344 5763 572 5834 umnves,
615 5763 776 5836 atque
824 5767 1015 5820 ibidem
1057 5763 1310 5818 dicuntur
1350 5765 1415 5818 ad
1474 5765 1688 5818 tertium

1792 5557 2068 5612 Theodori
2126 5555 2377 5608 exsilium
2430 5551 2742 5618 pertinere,
2793 5545 3099 5615 habentque
3138 5543 3356 5598 titulum

1794 5629 1960 5691 hunc,
1993 5627 2160 5694 Ἀρχὴ
2188 5624 2282 5675 τοῦ
2319 5620 2539 5692 πρώτου
2569 5619 2797 5689 βιϐλίου.

1869 5698 1932 5769 (‘)
1965 5694 2291 5765 Dogmatica.
