3964 6320
602 342 734 407 1471

1791 340 1852 397 S.
1887 334 2282 397 THEODORI
2314 330 2662 392 STUDszE

3753 322 3880 382 1in

600 460 716 504 tota
749 448 858 502 vita
893 447 1112 501 debent.
1142 447 1401 508 Accedit,
1433 444 1577 515 quod
1609 459 1717 498 non
1751 454 1903 498 tanta
1938 443 2178 497 scientiae

2285 441 2503 498 παντός.
2545 439 2799 500 Ἔπειτα,
2833 435 2952 488 οὐδὲ
2974 433 3208 502 τοσαύτη
3229 450 3310 485 σοι
3345 433 3654 502 εὐτεχνξας
3679 431 3884 499 δογμα-

599 541 922 611 ὁοςῐηαιὶοαι
961 541 1155 610 peritia
1185 548 1268 593 est
1302 539 1420 600 tibi,
1446 546 1505 592 ut
1535 546 1787 592 accurate
1822 535 1968 604 loqui
1997 535 2172 588 scias:

600 647 727 686 cum
756 647 858 684 nec
889 631 1330 699 grammaticam,
1351 643 1449 682 nec
1467 627 1868 697 philosophiam
1895 625 2172 695 attigeris:

601 739 838 792 cumque
872 723 906 776 ii
942 723 1108 776 etiam
1154 723 1246 792 qui
1294 722 1345 774 in
1386 722 1470 775 his
1505 721 1751 791 apprime
1787 720 1989 773 versati
2028 727 2173 782 sunt,

601 817 669 871 de
703 815 811 871 Deo
840 817 1121 886 proprium
1154 816 1352 885 dogma
1394 815 1603 869 nullum
1644 814 1873 868 aﬂ'erant
1908 814 2030 882 ipsi,
2083 811 2176 866 sed

602 909 915 962 divinorum
966 911 1210 962 virorum
1272 909 1517 977 vestigiis
1569 908 1845 961 insistant.
1893 905 2174 959 Undenam

603 1015 735 1070 ergo
779 1000 910 1065 tibi,
962 1016 1171 1070 quaeso,
1207 1001 1374 1054 subiit
1403 1001 1624 1054 dicere:
1659 998 1761 1051 Per
1801 994 2173 1049 habitudinem

605 1107 712 1146 non
742 1094 1002 1146 adoratur
1029 1093 1208 1160 imago
1234 1092 1477 1145 Christi?
1506 1093 1586 1142 An
1638 1091 1779 1143 nosti
1808 1088 1934 1156 quid
1978 1087 2047 1140 sit
2077 1086 2177 1138 ha-

606 1183 842 1236 bitudo?
875 1181 1147 1236 Habitudo
1185 1198 1372 1235 eorum
1399 1192 1481 1235 est
1510 1197 1631 1249 qua:
1662 1190 1788 1234 sunt
1826 1180 1891 1232 ad
1924 1177 2129 1246 aliquid
2159 1195 2174 1232 :

607 1276 672 1328 ad
705 1275 909 1342 aliquid
946 1265 1076 1328 vero
1109 1284 1490 1344 prototypum,
1541 1283 1594 1326 et
1625 1272 1767 1341 quod
1804 1271 1928 1324 inde
1956 1283 2179 1337 expres-

609 1383 729 1421 sum
763 1375 892 1420 est:
934 1367 1083 1419 verbi
1119 1367 1325 1434 gratia,
1376 1364 1626 1419 Christus
1676 1373 1731 1417 et
1786 1363 1904 1428 ejus
1951 1363 2174 1431 imago:

608 1457 737 1527 quia
777 1466 1070 1524 utrumque
1094 1457 1145 1509 in
1180 1467 1411 1523 utroque
1442 1455 1690 1515 habetur,
1722 1468 1820 1506 nec
1845 1452 2176 1520 disjunctum

607 1558 692 1603 est
725 1548 808 1602 vel
835 1548 1096 1617 potentia,
1138 1548 1224 1601 vel
1262 1547 1454 1613 gloria.
1483 1544 1642 1606 Ecce,
1671 1544 1941 1612 imperite,
1975 1544 2176 1607 nescis,

608 1651 770 1711 atque
794 1644 894 1697 hoc
915 1657 1184 1712 usurpare
1209 1643 1367 1695 licet:
1394 1639 1514 1693 Vidi
1549 1640 1887 1707 iniquitatem
1916 1638 2016 1692 sub
2039 1639 2175 1702 sole,

606 1733 783 1786 virum
839 1735 931 1802 qui
984 1735 1087 1787 sibi
1141 1749 1331 1802 sapere
1371 1733 1688 1797 videbatur;
1741 1739 1814 1796 et,
1843 1730 1988 1800 quod
2023 1729 2179 1799 pejus

607 1836 710 1887 est.
743 1826 876 1883 alios
912 1828 1108 1880 docere
1143 1828 1468 1880 conabatur.
1817 1888 1832 1901 .

677 1918 864 1984 Qualis
892 1935 1057 1988 porro
1090 1929 1171 1971 est
1212 1920 1446 1974 secunda
1487 1929 1572 1970 tua
1606 1916 1950 1987 prOpositio?
1993 1916 2176 1970 Latria

607 2010 808 2063 colitur
840 2011 893 2062 in
942 2011 1177 2078 imagine
1207 2028 1302 2065 sua
1339 2011 1589 2064 Christus
1618 2030 1630 2063 :
1669 2012 1851 2078 itaque
1888 2010 2039 2062 latria
2072 2010 2176 2062 coli

607 2102 942 2156 «lebetetiam
962 2102 1160 2172 imago.
1198 2101 1352 2157 Unde
1389 2104 1463 2156 vel
1495 2118 1648 2171 aquo
1671 2102 1907 2156 didicisti
1936 2103 2034 2155 ista
2057 2119 2179 2171 qua:

607 2195 776 2248 doces
812 2194 834 2246 ?
868 2193 1004 2248 Nam
1054 2205 1372 2249 Sanctorum
1435 2195 1614 2250 nullus
1656 2195 1755 2249 hoc
1793 2196 2008 2258 dixerit,
2061 2196 2176 2260 sed,

609 2287 826 2340 adorari
891 2287 943 2340 in
997 2287 1231 2358 imagine
1289 2302 1385 2342 sua
1419 2286 1717 2351 Christum,
1751 2296 1804 2340 et
1846 2287 2180 2341 adorandam

609 2394 733 2433 esse
767 2380 1083 2448 imaginem,
1117 2381 1167 2434 id
1202 2389 1305 2444 est,
1349 2381 1748 2442 honorandam,
1784 2396 1879 2432 seu
1915 2395 2181 2434 veneran-

609 2473 733 2524 dam
768 2472 1074 2540 (amborum
1121 2472 1264 2525 enim
1312 2471 1454 2526 idem
1499 2480 1583 2525 est
1615 2471 1834 2540 sensus)
1861 2479 1913 2523 et
1944 2473 2138 2525 merito
2166 2490 2177 2524 :

609 2564 869 2630 quoniam
899 2563 1077 2623 latria,
1131 2563 1273 2616 sicut
1308 2573 1360 2617 et
1392 2561 1547 2628 lides,
1576 2563 1678 2617 soli
1709 2572 1910 2617 sanctze
1931 2561 2179 2616 Trinitati

610 2657 871 2722 competit
900 2674 911 2706 :
945 2656 1048 2708 alia
1072 2672 1200 2710 vero
1239 2657 1384 2718 aliis,
1416 2655 1721 2719 NatrLDei,
1767 2667 1969 2710 sancta:
2007 2656 2178 2720 cruci,

610 2744 840 2807 sanctis,
871 2745 1195 2799 veneranda:
1223 2746 1442 2816 imagini
1469 2735 1693 2809 Christi,
1713 2747 1905 2801 etaliis
1925 2748 2181 2801 omnibus

611 2836 842 2890 sacratis
872 2837 1200 2905 imaginibus
1232 2855 1244 2890 :
1280 2846 1440 2907 atque
1502 2839 1557 2891 in
1609 2847 1816 2890 tantum
1839 2878 1853 2900 ,
1919 2847 2180 2907 quantum

611 2928 1022 2996 supereminent
1067 2937 1352 2997 prototypa
1392 2929 1461 2982 iis
1507 2943 1630 2996 qua:
1672 2943 1737 2980 ex
1786 2928 1892 2980 illis
1927 2943 2182 2995 expressa

611 3031 758 3076 sunt.
795 3020 950 3087 Quod
979 3022 1023 3075 si
1055 3021 1213 3075 latria
1245 3021 1464 3082 colitur,
1485 3031 1545 3073 ut
1572 3020 1671 3081 ais,
1695 3021 1746 3073 in
1771 3020 2002 3090 imagine
2022 3022 2181 3075 Chri-

2276 531 2433 599 τικῆς
2462 530 2767 597 ἐπιστήμη,
2812 528 2888 590 ὡς
2937 527 3134 579 εἰδέναι
3182 525 3430 595 ἀκριϐῶς
3481 523 3878 590 ςθέτγετθαι,

2281 626 2420 694 μήτε
2480 623 2896 692 γραμματικῆς,

2278 715 2436 767 ὁπότε
2461 716 2558 766 καὶ⁹
2589 714 2636 766 οἱ
2665 713 2868 765 τούτων
2903 713 3268 779 ἐπιστήμονες
3287 710 3432 762 κατὰ
3450 710 3594 761 Θεὸν
3618 711 3733 762 οὐκ
3756 710 3879 760 ἵετε-ν

2276 822 2330 856 τι
2367 803 2800 872 δογματίζουσιν,
2822 804 2936 856 ἀλλ’
2963 802 3244 869 ἑπομένως
3266 803 3378 864 τοῖς
3423 800 3756 870 θεοᾳόροις.
3782 801 3880 852 Πέ-

2279 898 2368 951 θεν
2401 893 2493 950 οὖν
2520 914 2600 949 σοι
2651 895 2905 965 ἐπῆλθεν,
2967 893 3175 964 ἐρωτῶ,
3223 892 3432 958 λέγειν·
3469 893 3552 943 Οὐ
3607 892 3880 960 axz-axi;

2279 991 2664 1058 προσκυνεῖται
2711 989 2742 1054 ἡ
2799 984 2961 1038 εἰκὼν
3003 983 3098 1036 τοῦ
3149 981 3428 1051 Χριστοῦ;
3462 977 3622 1042 οἶδας
3677 982 3790 1048 γὰρ
3833 981 3879 1030 τὲ

2280 1085 2393 1135 ἐστι
2419 1083 2601 1151 σχέσις
2625 1097 2639 1145 ;
2681 1081 2742 1134 Ἥ
2760 1081 2944 1148 σχέσις
2971 1080 3079 1132 τῶν
3104 1079 3240 1148 πρός
3269 1078 3321 1129 τί
3352 1079 3479 1130 ἐστι
3499 1093 3514 1104 ·
3547 1076 3698 1146 πρός
3725 1093 3776 1126 τι
3803 1076 3877 1136 δὲ,

2277 1175 2340 1227 τὸ
2368 1174 2724 1244 πρωτότυπον
2752 1174 2847 1225 καὶ
2870 1174 3202 1240 παράγωγον
3222 1189 3235 1201 ·
3274 1172 3395 1241 ῆτοι
3426 1170 3455 1220 ὁ
3501 1169 3762 1237 Χριστιξ
3789 1172 3880 1218 καί

2279 1268 2312 1335 ἠ
2342 1266 2505 1319 αὐτοῦ
2535 1266 2718 1327 εἰκὼν,
2753 1266 2833 1318 ὅτι
2861 1263 3043 1333 ἔχεται
3075 1267 3132 1316 ὲν
3156 1263 3410 1332 ἐκατέρῳ
3447 1262 3757 1330 ἐκατεῳν,
3789 1260 3881 1309 καὶ

2277 1359 2375 1411 οὐκ
2396 1358 2719 1427 ἀπέσχισται
2753 1355 2878 1408 οὔτε
2908 1356 2984 1424 τῷ
3015 1356 3230 1426 κράτει,
3261 1353 3385 1406 οὔτε
3419 1357 3487 1422 τῇ
3523 1353 3686 1422 δόξῃ,
3721 1351 3878 1410 Ἰδοὺ,

2975 623 3114 689 μήτε
3178 619 3508 687 φιλοσοφίας
3561 619 3686 686 ﬁt}:
3697 619 3876 685 μένῳ·

2278 1449 2616 1519 ἀμαθαίνωνν
2635 1451 2697 1504 οὗ
2715 1446 2893 1514 οἶσθα,
2922 1449 3017 1501 καὶ
3047 1448 3227 1509 καλῶς
3254 1447 3404 1499 ἐστιν
3436 1448 3627 1497 ἐκεῖνο
3661 1446 3844 1496 εἰπεῖν
3864 1460 3874 1470 ·

2280 1539 2431 1595 Εἶδον
2455 1543 2687 1612 ἀνομίαν
2709 1543 2812 1595 ὑπὸ
2825 1542 2916 1593 τὸν
2935 1542 3107 1610 ἣλιον,
3126 1540 3293 1610 ἄνδρα
3315 1536 3554 1602 δόξαντα
3581 1556 3662 1588 πα
3672 1539 3722 1607 ρ’
3751 1539 3880 1589 ἐατ-

2279 1633 2355 1703 τῷ
2386 1634 2547 1700 σοφὸν
2581 1629 2740 1694 εἶναι,
2803 1634 2915 1696 καὶ,
2955 1632 2984 1685 ὅ
3031 1632 3222 1684 τούτου
3275 1630 3701 1702 χαλεπώτερον,
3743 1647 3876 1682 παι-

2279 1726 2457 1778 δεύειν
2487 1725 2680 1788 ἄλλους
2709 1725 3144 1793 φιλονεικοῦντα.

2351 1918 2475 1978 Οἷον
2497 1925 2550 1976 δέ
2578 1942 2670 1977 σου
2706 1925 2799 1976 καὶ
2828 1924 2892 1977 τὺ
2917 1924 3170 1995 δεύτερον
3195 1925 3493 1994 πρόϐλημα
3525 1941 3541 1989 ;
3585 1923 3876 1993 Λατρεὺε-

2279 2033 2369 2069 ται
2407 2018 2434 2065 ό
2468 2018 2704 2086 Χριστὸς
2739 2019 2797 2068 ὲν
2854 2018 2920 2086 τῇ
2971 2016 3134 2069 αὑτοῦ
3173 2016 3377 2069 εἰκόνι¹’
3420 2017 3569 2068 ὣστε
3601 2017 3708 2068 καὶ
3737 2019 3768 2087 ἡ
3801 2019 3872 2068 εξ-

2281 2107 2392 2161 κὼν
2415 2109 2708 2178 λατρευτή.
2742 2107 2911 2160 Πόθεν
2939 2107 3149 2177 τοῦτοῆ
3181 2111 3330 2177 παρὰ
3360 2111 3509 2169 τίνος
3537 2109 3743 2177 μαθὼν
3793 2110 3876 2161 ὅςν-

2281 2201 2601 2270 γματίξεις;
2631 2201 2804 2262 οὐδεὶς
2831 2201 2939 2269 γάρ
2971 2215 3058 2252 πω
3102 2200 3212 2252 τῶν
3266 2202 3440 2265 ἁγίων
3468 2201 3639 2253 τοῦτο
3699 2205 3832 2268 φαίη
3860 2219 3870 2230 ·

2281 2292 2418 2356 ἀλλ’,
2451 2294 2531 2346 ὅτι
2560 2295 2946 2363 προσκυνεῖται
2981 2293 3037 2344 ἐν
3059 2294 3123 2361 τῇ
3166 2292 3332 2344 αὑτοῦ
3383 2295 3560 2346 εἰκόνι
3605 2294 3870 2363 Χριστὸς.

2283 2385 2375 2436 καὶ
2406 2383 2755 2454 προσκυνητὴ
2795 2387 2827 2454 ἡ
2859 2385 3052 2446 εἰκὼν,
3087 2379 3295 2436 εἴτόῦν
3323 2385 3616 2454 τιμητικὴ.
3650 2385 3758 2437 εἴτ’
3782 2380 3873 2435 οἷν

2285 2476 2520 2541 σεόαστή
2547 2492 2560 2504 ·
2593 2476 2880 2546 ἀμφότερα
2916 2476 3024 2546 γὰρ
3055 2478 3134 2539 εἰς
3163 2475 3353 2528 ταυτὸν
3382 2477 3543 2544 φέρει
3573 2477 3672 2529 τὸν
3706 2476 3832 2529 νοῦν
3857 2494 3868 2506 ·

2283 2568 2377 2620 καὶ
2401 2567 2624 2632 εἰκότως
2645 2584 2657 2596 ·
2685 2568 2874 2637 ἐπειδὴ
2907 2571 2940 2636 ἡ
2977 2569 3224 2638 λατρεία,
3254 2568 3442 2636 ὥσπερ
3465 2568 3563 2619 καὶ
3595 2570 3628 2635 ἡ
3667 2568 3870 2628 πίστις,

2282 2665 2346 2728 τῇ
2384 2661 2516 2732 ἁγία
2556 2662 2747 2732 Τριάδι
2804 2661 2941 2732 μόνῃ
2980 2662 3345 2731 ἀναφέρεται·
3395 2661 3462 2712 τὰ
3493 2659 3539 2711 δ’
3573 2660 3719 2713 ἄλλα
3762 2665 3874 2723 τοῖς

2283 2752 2483 2816 ἄλλοις,
2521 2755 2586 2822 τῇ
2624 2753 2812 2824 Μητρὶ
2839 2752 2934 2804 τοῦ
2967 2753 3122 2815 θεοῦ,
3173 2753 3249 2821 τῷ
3289 2754 3432 2821 ἁγίῳ
3466 2752 3725 2821 σταυρῷ,
3765 2757 3874 2815 τοῖς

2281 2843 2478 2908 ἁγίοις,
2513 2845 2577 2912 τῇ
2608 2846 2776 2914 σεπτῇ
2811 2843 2981 2896 εἰκόνι
3013 2844 3270 2914 Χριστοῦ,
3303 2845 3399 2896 καὶ
3428 2845 3639 2904 πάσαις
3683 2844 3873 2906 ἅλὶαις

2285 2935 2600 3000 ἁγιωτικαῖς
2639 2936 2811 2987 εἰκόσι
2836 2951 2850 2966 ο
2877 2937 2972 2988 καὶ
3024 2935 3274 2988 τοσοῦτον
3306 2939 3430 2989 ὅσον
3483 2936 3763 3003 ὑπερέχει
3809 2938 3875 2986 τὰ

3817 3024 3842 3042 Ὗ

2287 3025 2622 3091 πρωτὸτυπα
2667 3027 2776 3078 τῶν
2821 3028 2962 3080 κατὰ
3009 3028 3178 3079 ταῦτα
3235 3029 3613 3095 παραγώγων.
3664 3029 3732 3080 Εἰ
3784 3025 3875 3080 of»:

611 3125 730 3171 stus
762 3132 777 3168 :
807 3131 928 3169 cum
960 3113 1246 3168 Trinitatis
1278 3114 1555 3182 proprium
1589 3118 1658 3168 sit
1690 3115 1843 3167 latria
1873 3115 2000 3176 coli,
2025 3114 2178 3167 latria

2285 3116 2624 3182 λατρεύεται,
2649 3118 2723 3179 ὼς
2758 3120 2884 3186 φὴς,
2915 3121 2974 3170 ἐν
3017 3122 3082 3189 τῇ
3131 3123 3301 3172 εἰκόνι
3351 3120 3596 3188 Χριστός
3623 3135 3637 3148 ’
3679 3121 3874 3187 ἐπειδὴ

610 3207 780 3262 simul
809 3208 1008 3261 colitur
1051 3206 1103 3258 in
1140 3205 1376 3274 imagine
1404 3215 1457 3258 et
1489 3206 1646 3259 Pater
1669 3216 1722 3260 et
1755 3207 2012 3274 Spiritus.
2041 3205 2180 3271 Quid

609 3310 794 3354 autem
823 3299 950 3353 inde
985 3300 1314 3352 coniicitur?
1344 3299 1407 3352 Et
1438 3297 1650 3352 Patrem
1677 3309 1729 3352 et
1761 3298 2018 3366 Spiritum
2063 3315 2184 3353 car-

611 3407 735 3445 nem
766 3392 1009 3446 induisse
1035 3406 1175 3459 :quo
1203 3391 1424 3458 quidem
1462 3392 1684 3459 impium
1718 3391 1887 3459 magis
1920 3393 2021 3446 dici
2053 3391 2183 3461 quid

611 3484 835 3555 possit?
866 3483 927 3536 Et
950 3499 1143 3537 rursus
1173 3503 1185 3536 :
1221 3483 1514 3548 Quoniam.
1557 3493 1615 3537 ut
1641 3483 1744 3547 ais,
1803 3484 1954 3537 latria
1997 3484 2182 3538 itidem

611 3576 841 3632 colenda
875 3587 956 3630 est
986 3577 1161 3645 imago
1179 3575 1380 3629 Christi
1405 3592 1776 3645 ;consequens
1798 3587 1880 3629 est
1907 3587 1965 3630 ut
1991 3575 2183 3631 Tetra-

611 3669 724 3722 dita
772 3667 1198 3736 deprehendaris
1229 3705 1244 3729 ,
1301 3668 1458 3720 latria
1505 3667 1690 3721 colens
1746 3684 1868 3722 cum
1918 3667 2186 3724 Trinitate

613 3761 906 3831 imaginem
929 3760 1158 3814 Christi.
1200 3759 1269 3814 At
1306 3776 1434 3813 vero
1462 3761 1506 3813 si
1537 3759 1660 3828 quis
1691 3758 2015 3816 Trinitatem
2048 3763 2183 3817 ado-

612 3866 720 3918 ret,
757 3871 967 3910 necnon
1001 3866 1052 3908 et
1075 3855 1390 3923 imaginem,
1458 3869 1566 3907 non
1616 3854 1753 3908 idem
1804 3847 2061 3923 sequetur
2087 3856 2185 3910 ab~

614 3950 864 4004 surdum.
899 3947 1111 4000 Dictum
1142 3955 1225 3999 est
1257 3948 1425 4008 enim,
1459 3946 1718 3999 honorem
1742 3947 2181 4002 etadorationem

615 4041 1008 4099 communicari
1041 4040 1204 4094 etiam
1240 4040 1446 4093 homini
1499 4039 1731 4108 simplici
1762 4060 1776 4094 :
1808 4056 1918 4094 non
1948 4057 2077 4096 vero
2119 4043 2183 4096 ﬂ-

613 4139 736 4191 dem
768 4146 822 4188 et
851 4135 1088 4188 latriam.
1129 4133 1601 4198 Quemadmodum
1650 4133 1796 4186 enim
1843 4134 2185 4188 solummodo

614 4230 669 4283 in
693 4228 906 4282 Patrem
929 4225 1196 4282 etFilium
1237 4236 1290 4279 et
1317 4224 1576 4293 Spiritum
1599 4235 1846 4280 sanctum
1879 4225 2180 4280 credimus:

614 4323 695 4376 sic
723 4331 778 4374 et
802 4319 1018 4373 latriam
1043 4319 1386 4374 exhibemus.
1430 4313 1523 4369 His
1565 4331 1724 4370 aures
1750 4316 1996 4385 prabens
2035 4331 2184 4369 rece-

611 4415 703 4479 de,
741 4413 930 4476 l'rater,
971 4426 1090 4474 oro,
1140 4427 1170 4464 a
1205 4411 1517 4477 vaniloquio
1569 4409 1794 4464 haeresis
1847 4408 2177 4478 szcalicae;

616 4507 730 4560 sive
757 4502 1178 4565 Centucladicae,
1234 4517 1355 4569 quae
1404 4515 1469 4553 ex
1521 4500 1789 4554 diametro
1818 4510 2021 4570 pugnat
2057 4516 2180 4554 cum

615 4594 1052 4650 lconomacbica.
1092 4592 1186 4645 Sin
1221 4600 1425 4655 autem,
1467 4591 1609 4659 quod
1659 4592 1821 4654 absit,
1857 4594 2182 4662 perstiteris,

617 4689 757 4744 scito
787 4698 838 4742 te
866 4687 1178 4749 nobiscum,
1230 4684 1314 4737 vel
1343 4685 1522 4752 ponus
1553 4698 1675 4737 cum
1708 4685 1963 4739 omnibus
1992 4687 2184 4740 ortho-

618 4783 794 4844 doxis,
823 4791 1032 4852 partem
1065 4795 1171 4833 non
1199 4778 1419 4833 habere.
1443 4775 1669 4832 Nonnisi
1697 4793 1838 4849 aegre
1869 4781 2010 4834 banc
2035 4780 2103 4833 ad
2135 4789 2186 4834 te

618 4875 902 4946 epistolam
931 4872 1152 4928 dictavi.

919 5069 1077 5124 CLII.
1117 5101 1183 5112 --
1215 5069 1483 5126 Theodoro
1513 5071 1770 5125 monacho
1799 5071 1884 5140 (').

2283 3209 2384 3278 τῆς
2415 3211 2713 3282 Τριάδοςτὸ
2739 3212 3124 3282 λατρεύεσθαι,
3156 3213 3582 3283 συλλατρεὼται
3605 3213 3670 3264 ὲν
3701 3216 3768 3283 τῇ
3802 3216 3874 3264 εξ-

2284 3304 2399 3355 κόνι
2433 3306 2526 3355 καὶ
2553 3305 2580 3355 ὁ
2609 3303 2815 3374 Πατὴρ,
2850 3304 2942 3356 καὶ
2975 3304 3036 3356 τὸ
3069 3305 3309 3374 Πνεῦμα.
3338 3305 3451 3358 Καὶ
3481 3305 3536 3356 τε
3587 3305 3650 3356 τὸ
3685 3305 3871 3358 ἐντεῦ-

2285 3394 2375 3446 θεν
2405 3395 2799 3463 συναγόμενον;
2825 3395 2906 3458 τὸ,
2939 3395 3139 3447 καὶτὸν
3166 3395 3385 3465 Πατέρα
3418 3397 3515 3448 καὶ
3546 3394 3611 3446 τὸ
3633 3394 3866 3463 Πνεῦμα

2286 3485 2665 3554 σεσαρκῶσθαι
2692 3501 2706 3514 ⁸
2747 3481 2808 3538 οὗ
2834 3485 2887 3536 τί
2915 3484 2981 3538 ἂν
3010 3487 3216 3552 γένοιτο
3249 3486 3611 3555 ἀσεϐέστερον
3635 3502 3654 3550 ς
3691 3487 3870 3539 Ἐπει-

2284 3575 2346 3645 δὴ
2374 3576 2431 3629 δὲ
2463 3572 2618 3639 αὖθις
2662 3577 2787 3646 φὴς,
2838 3576 3120 3648 Λατρευτὴ
3167 3579 3258 3629 καὶ
3305 3579 3338 3647 ὴ
3376 3576 3616 3646 Χριστοῦ
3664 3576 3830 3629 εἰκὼν
3857 3594 3868 3607 ·

2285 3669 2423 3720 κατὰ
2458 3669 2517 3720 τὺ
2550 3667 2863 3734 ἀκόλουθον,
2900 3669 3054 3721 οὐδὲν
3106 3669 3234 3721 ἄλλο
3259 3668 3290 3739 ἦ
3320 3669 3664 3738 Τετραδὶτης
3709 3672 3868 3737 εὗρε-

2285 3759 2464 3830 Οήσῃ,
2506 3759 2787 3829 λατρεύων
2835 3759 2974 3830 μετὰ
3025 3758 3126 3828 τῆς
3167 3759 3394 3829 Τριάδος
3434 3763 3530 3812 καὶ
3571 3764 3639 3829 τῇ
3699 3763 3867 3813 εἰκόνι

2285 3851 2547 3919 Χριστοῦ.
2581 3853 2654 3904 Οὐ
2691 3851 2819 3922 μὴν,
2853 3853 2935 3905 ὅτι
2970 3851 3063 3906 καὶ
3106 3851 3499 3920 προσκυνοῦντι
3534 3855 3603 3921 τῇ
3650 3853 3866 3922 Τριαέλ

2285 3943 2471 4008 ἐπειδὴ
2502 3943 2598 3995 καὶ
2618 3945 2682 4012 τῇ
2721 3943 2913 4002 εἰκόνι,
2961 3943 3020 3994 τὸ
3053 3942 3185 3994 αὐτὸ
3223 3942 3581 4011 ἀκολουθήσει
3635 3946 3863 3997 ἄτοπον.

2287 4034 2514 4104 Εἴρηται
2553 4035 2682 4104 γὰρ,
2712 4037 2793 4088 ὅτι
2825 4037 2858 4105 ἡ
2894 4035 3028 4104 τιμὴ
3053 4037 3145 4088 καὶ
3186 4037 3218 4105 ή
3261 4035 3643 4105 προσκύνησις
3694 4055 3867 4088 κοινο-

2285 4127 2564 4178 ποιοῦνται
2589 4126 2747 4197 μέχρι
2777 4127 2871 4179 καὶ
2899 4127 2992 4178 τοῦ
3026 4128 3276 4195 τυχόντος
3292 4126 3586 4196 ἀνθρώπου
3617 4144 3633 4155 ·
3671 4130 3734 4179 οὐ
3766 4130 3864 4197 μὴν

2285 4218 2318 4286 ἡ
2347 4218 2528 4280 πίστις
2555 4222 2650 4272 καὶ
2677 4221 2710 4289 ή
2743 4219 2990 4290 λατρεία.
3029 4219 3242 4289 Ὠσπερ
3265 4219 3373 4286 γὰρ
3409 4219 3759 4289 πιστεύομεν
3791 4225 3864 4282 εἰς

2285 4311 2506 4381 Πατέρα
2554 4311 2649 4364 καὶ
2701 4311 2829 4364 Υἰδν
2874 4312 2970 4363 καὶ
3018 4311 3172 4378 ἅγιον
3214 4310 3437 4380 Πνεῦμα
3479 4313 3650 4380 μόνον
3676 4327 3693 4340 °
3729 4313 3866 4366 οὕτω

2287 4405 2380 4457 καὶ
2412 4403 2766 4473 λατρεύομεν.
2797 4403 2981 4456 Ταῦτα
3013 4403 3324 4466 ὲνωτισθεὶς
3353 4402 3622 4471 ἁπόσχου,
3647 4405 3862 4474 mea,

2286 4497 2607 4568 παρακαλῶ,
2635 4497 2733 4566 τῆς
2767 4498 3102 4566 κενοφωνίας
3141 4499 3231 4550 καὶ
3262 4497 3636 4566 Τζυκαλικῆς,
3702 4501 3864 4570 ἦγον-ν

2285 4588 2755 4659 Κεντουκλαδικῆς
2790 4590 3070 4660 αἱρέσεως,
3105 4591 3226 4659 ἥτις
3268 4591 3332 4642 ὲκ
3367 4590 3677 4660 διαμέτρου

2283 4682 2380 4752 τὴν
2406 4683 2840 4751 Εἰκονομαχικὴν
2872 4683 3246 4751 ἁντιφέρεται.
3282 4684 3344 4735 Εἰ
3373 4683 3454 4748 δὲ,
3484 4684 3630 4754 ὅπερ
3666 4687 3746 4754 μὴ
3784 4686 3866 4754 τὲ.

2284 4791 2448 4836 νοιτο,
2477 4776 2774 4844 ὲπιμενείς,
2800 4776 3032 4841 γίνωσκε
3059 4776 3227 4844 μέρος
3257 4775 3376 4842 μεθ’
3395 4776 3560 4842 ἡμῶν
3596 4774 3678 4845 μὴ
3703 4778 3861 4844 ἔχειν,

2285 4866 2486 4938 μᾶλλον
2517 4867 2573 4919 δὲ
2602 4867 2733 4935 μηδὲ
2774 4866 2909 4934 μετὰ
2943 4867 3140 4928 παντὸς
3169 4866 3474 4935 όρθοόόξου.
3504 4867 3669 4918 Μετᾶ
3695 4869 3853 4920 πόνου

2296 4974 2387 5026 μοι
2415 4958 2543 5027 περὶ
2566 4957 2659 5009 σοῦ
2699 4958 3050 5028 ὑπηγορεύθη
3083 4960 3115 5027 ἡ
3146 4957 3406 5026 ἐπιστολὴ
3435 4957 3598 5025 αὓτη.

2383 5071 2519 5122 PNB
2565 5071 2695 5140 (44).
2734 5103 2803 5111 —
2852 5070 3127 5139 Θεοδώρῳ
3190 5069 3534 5139 μονάζοντι.
3578 5069 3779 5145 [pit]

617 5183 695 5236 De
726 5184 1062 5234 sacerdotibus
1089 5191 1136 5234 et
1160 5183 1376 5234 diaconis
1417 5185 1561 5249 lapsis
1583 5198 1673 5249 per
1703 5184 2122 5294 subscriptionemj
2148 5189 2196 5294 ett
2222 5180 2614 5292 cognmlunionem
2642 5181 2949 5230 haereticam:
2977 5187 3031 5230 et
3058 5182 3122 5231 de
3156 5180 3400 5231 Ecclesiis
3423 5194 3539 5243 quae
3575 5179 3635 5228 ab
3661 5183 3860 5232 hrreii-

2002 5262 2074 5294 εις
2128 5259 2155 5294 e
2185 5257 2265 5293 me
2305 5257 2364 5290 an
2392 5257 2465 5290 ur.

2002 5262 2074 5296 ClS
2093 5257 2155 5294 de
2164 5257 2465 5294 tineoantur.

689 5349 979 5420 Voluptate
1026 5368 1133 5406 non
1165 5354 1413 5409 molestia
1460 5354 1878 5412 meaﬂ‘eéerunt
1904 5370 1963 5410 ea
1982 5354 2180 5424 quibus

622 5459 708 5499 me
753 5446 1122 5514 perstrinxisti
1150 5488 1164 5511 ,
1218 5447 1300 5500 vir
1350 5450 1662 5504 reverende.
1705 5448 1821 5505 Non
1881 5449 2022 5501 enim
2059 5461 2178 5499 sum

2370 5347 2658 5418 Ἥδύνθην,
2684 5350 2782 5402 οὐκ
2828 5349 3079 5419 ὲὸαχθην,
3111 5350 3198 5419 ἐφ’
3221 5343 3303 5413 οἷς
3326 5350 3564 5419 καθὴψω
3619 5370 3750 5420 μου,
3795 5375 3858 5408 τεο

2291 5440 2546 5510 μιώτατε.
2597 5442 2730 5495 Οὐδὲ
2780 5442 2885 5512 γὰρ
2942 5441 3116 5506 οὕτως
3143 5443 3508 5515 ἁνουθὲτητός
3545 5444 3686 5514 εἰμι,
3712 5447 3786 5512 ὠς
3811 5451 3856 5501 ἐν

2114 5650 2336 5707 NOTAE.

689 5813 752 5878 (')
779 5807 1107 5878 Dogmatica.

2371 5806 2479 5878 (ιι)
2511 5805 2567 5860 In
2602 5806 2722 5861 cod.
2756 5804 2889 5874 Reg.
2916 5805 3032 5875 ρς’.
