3964 6320
132 379 312 445 1473
1357 384 1768 443 EPISTOLAR

1875 386 1894 444 Ι
1950 385 2097 444 LIB.
2140 384 2228 443 II.
3280 371 3416 435 14⁸14

127 498 290 557 ταῖς
325 493 692 562 ἀγαπητικαῖς
756 492 1121 561 ὑποκρούσεσι
1164 492 1562 562 δυσχεραίνειν.
1596 493 1738 546 Εἰδέ

1879 495 1980 548 deo
2021 492 2294 554 indocilis,
2349 501 2405 544 ut
2459 491 2664 545 amicas
2730 491 3141 562 obiurgationes
3179 489 3416 558 graviter

133 588 426 656 ὲδάχθην,
458 585 517 638 οὐ
548 586 633 638 διὰ
664 586 764 654 τὴν
815 586 1141 653 ὑπόμνησιν,
1174 586 1308 638 ἀλλὰ
1353 585 1440 638 διὰ
1485 585 1582 654 τὴν
1615 585 1744 638 ἐκά-

1875 602 2042 640 erant.
2078 585 2235 650 Quod
2284 584 2329 637 si
2375 599 2480 652 qua
2511 582 2761 636 molestia
2810 581 2931 646 fuit,
2987 596 3050 635 ea
3090 596 3198 636 non
3233 581 3420 649 utique

133 696 301 731 στου
331 679 542 747 αἰρεσιν
562 692 576 706 ο
614 676 673 740 ἐξ
705 671 771 745 ἧς
803 677 1067 744 τέτμηται
1096 677 1156 728 τὸ
1185 678 1341 745 σῶμα
1368 676 1467 729 τοῦ
1502 677 1740 748 Χριστοῦ

1875 679 1916 730 ιιι
1941 676 2444 740 commonitionem,
2479 675 2572 728 sed
2605 676 2674 728 ob
2707 675 2973 743 cujusque
3004 673 3274 737 haeresim,
3310 688 3414 742 qua

137 770 240 828 εἰς
276 766 479 836 μυρίας
520 765 675 828 δόξας
727 763 1124 833 διαιρούμενον.
1176 762 1316 832 Ἐγὼ
1359 765 1536 818 τοίνυν
1571 767 1656 818 ἵνα
1680 769 1744 819 ἐκ

1875 769 2045 823 Ξὴι-ίδιὶ
2071 782 2274 836 corpus
2315 766 2606 828 scinditur,
2647 765 2826 819 varias
2865 765 2918 816 in
2971 764 3260 832 opiniones
3281 762 3419 814 divi-

136 857 424 925 βαλϐῖδος
455 857 826 926 ἀφηγήσωμαι
871 855 970 922 (δεῖ
1017 857 1123 923 γάρ
1183 873 1248 925 με
1299 857 1744 928 ἀπολογήσασθαι

1879 879 1990 915 υηι.
2023 859 2218 913 Verum
2259 867 2316 912 ut
2348 875 2377 911 a
2410 858 2679 927 principio
2715 872 2829 911 rem
2861 872 3171 924 exponam;
3204 863 3420 925 oportet

136 949 561 1020 ἐγκληθέντα),
602 949 720 1010 δοὺς
745 948 1021 1016 ἐπιτίμιον
1071 947 1616 1016 καταναγκαζόμενος
1640 949 1746 1002 ἀπὸ

1875 953 1994 1007 :nim
2049 960 2108 1004 ut
2155 958 2440 1004 accusatus
2486 949 2755 1018 mcipsum
2811 947 3131 1013 defendam;
3195 948 3340 1017 quod
3387 963 3416 1000 a

135 1041 401 1111 πρώτης
434 1043 662 1112 ἡμέρας,
697 1043 788 1093 καὶ
833 1040 988 1092 τοῦτο
1034 1039 1140 1093 ἀπὸ
1184 1039 1428 1106 φυλακῆς
1451 1040 1536 1092 διὰ
1565 1056 1746 1109 γραμ-

1875 1045 2022 1097 prima
2057 1043 2143 1095 die
2177 1055 2366 1110 poenas
2413 1042 2657 1109 irrogare
2689 1049 2912 1095 coactus
2971 1038 3086 1103 fui,
3134 1039 3297 1108 idque
3352 1055 3416 1093 ex

141 1133 398 1201 μάτων
433 1133 514 1184 ὅτι
566 1132 661 1182 καὶ
711 1130 797 1181 διὰ
844 1129 1166 1199 γράμματος
1273 1128 1550 1199 ἐξαίτησις
1584 1146 1746 1198 μονα-

1875 1150 2068 1187 :arcere
2091 1147 2186 1201 per
2217 1133 2422 1186 litteras
2449 1149 2464 1196 ;
2495 1135 2753 1201 quoniam
2785 1135 2987 1204 pariter
3026 1147 3120 1201 per
3155 1132 3416 1197 scriptum

138 1226 376 1288 ζόντων
409 1241 467 1276 τε
498 1223 589 1276 καὶ
632 1223 941 1292 ἱερωμένων
964 1238 976 1250 ’
1014 1221 1170 1274 τοῦτο
1189 1220 1494 1292 ἀπεκρίθην
1526 1222 1602 1284 ώς
1650 1223 1749 1290 οὐχ

1875 1225 2104 1281 nonachi
2138 1236 2191 1279 ct
2225 1225 2535 1279 sacerdotes
2569 1240 2667 1293 pro
2688 1241 2746 1280 se
2780 1226 3055 1295 deprecati
3096 1233 3254 1287 sunt;
3288 1223 3419 1277 illtnl

142 1317 492 1386 ὁριστικῶς,
522 1313 657 1367 ἀλλὰ
692 1313 1167 1382 συμόουλευτικῶς
1208 1313 1343 1384 πρὸς
1387 1313 1521 1382 ἐμοῦ
1550 1313 1610 1364 τὸ
1635 1315 1753 1365 ἐπι-

1875 1335 1948 1388 τςο
1987 1334 2093 1370 non
2123 1327 2380 1386 tauquam
2404 1315 2683 1369 deﬁnirem
2712 1316 2916 1384 aliquid
2938 1355 2953 1379 ,
3020 1317 3112 1369 sed
3160 1322 3420 1381 tanquam

139 1407 378 1476 τίμιον.
415 1403 514 1456 Διὰ
547 1403 636 1466 τίς
670 1403 751 1455 ὅτι
776 1403 875 1471 οὐχ
927 1402 1186 1472 ἰεράρχης
1240 1400 1369 1470 ἐγὼ,
1407 1402 1521 1455 ἀλλ’
1550 1402 1746 1467 ἱερεὺς,

1875 1410 2138 1464 :onsilium
2173 1408 2309 1462 dans
2349 1407 2599 1476 respondi
2635 1407 2778 1460 circa
2821 1421 3010 1475 ptenas
3035 1420 3063 1458 a
3097 1420 3182 1458 me
3213 1407 3423 1472 irroga-

142 1499 311 1567 πρὸς
353 1495 450 1565 μὲν
500 1497 627 1558 τοὺς
673 1494 906 1556 οἰκείους
946 1495 1192 1565 μαθητάς
1235 1496 1560 1558 νουθετικῶς
1589 1495 1749 1568 [Reg.

1875 1517 1952 1556 as.
1987 1502 2099 1556 Cur
2123 1501 2236 1554 ita?
2270 1501 2528 1569 quoniam
2565 1515 2662 1569 ego
2693 1499 2981 1568 episcopus
3016 1512 3122 1550 non
3159 1513 3298 1560 sum,
3329 1497 3421 1551 sed

145 1589 296 1641 cod.
363 1585 756 1657 νομοθετικῶς]
795 1589 1061 1656 ἀγόμενος
1085 1604 1100 1618 ο
1139 1588 1273 1657 πρὸς
1304 1589 1358 1640 δέ
1411 1588 1604 1652 ἄλλους
1656 1590 1752 1658 οὐχ

1875 1594 2106 1645 .acerdos
2128 1630 2142 1653 ,
2173 1592 2266 1657 qui
2299 1589 2547 1658 proprios
2584 1588 2805 1658 quidem
2857 1587 3158 1656 discipulos
3190 1588 3420 1656 castigo,

139 1678 347 1740 οὕτως
379 1693 392 1705 ·
432 1677 546 1729 ἀλλ’
573 1676 648 1738 ώς
687 1677 921 1746 εἴρηται,
963 1676 1290 1746 ἀναθέμενος
1339 1678 1430 1729 τὸν
1476 1677 1631 1746 λόγον
1659 1679 1754 1730 αὑ-

1875 1683 1991 1736 dios
2023 1698 2151 1736 vero
2189 1697 2296 1734 non
2327 1682 2477 1742 item,
2501 1681 2592 1735 sed
2620 1680 2964 1757 sententiam,
2997 1691 3055 1734 ut
3083 1680 3288 1734 dictum
3319 1687 3424 1744 est,

147 1771 281 1827 τοῖς
319 1769 427 1828 ἓως
460 1766 650 1837 καιροῦ
676 1768 917 1838 εἰρήνης,
956 1770 1050 1821 καὶ
1077 1769 1378 1838 τηνικαῦτα
1423 1771 1559 1840 ὅπερ
1588 1772 1743 1841 διορι-

1877 1778 2027 1847 psius
2061 1777 2320 1845 proposui
2357 1790 2527 1844 usque
2551 1776 2615 1829 ad
2649 1774 2799 1844 pacis
2833 1783 3067 1842 tempus.
3122 1782 3284 1841 atque
3337 1771 3427 1823 in-

150 1858 268 1927 σθῇ
310 1858 471 1926 παρὰ
499 1857 591 1909 τοῦ
625 1859 926 1925 ἁγιωτάτου
967 1837 1330 1930 πατριάρχου,
1363 1861 1458 1911 σὺν
1482 1837 1752 1930 ἐπικρίσει

1875 1870 2012 1922 erim
2051 1871 2099 1922 id
2132 1869 2425 1922 admittere
2477 1868 2618 1936 quod
2654 1882 2684 1920 a
2735 1866 3082 1920 sanctissimo
3116 1862 3424 1932 patriarcha

148 1951 266 2019 τῆς
306 1949 475 2017 ἁγίας
499 1949 738 2013 συνόδου,
767 1951 1126 2017 εἰσδέξασθαι,
1153 1951 1262 2003 εἴτε
1285 1951 1574 2021 πρόσθεσιν
1601 1952 1752 2020 ἕχον-

1875 1961 2135 2015 lelinitutn
2200 1967 2284 2014 est
2340 1973 2464 2012 cum
2509 1968 2712 2012 sanctae
2769 1957 2958 2028 synodi
3011 1954 3427 2024 approbatione,

143 2059 251 2104 τος
282 2039 387 2093 τοῦ
414 2040 712 2112 ἐπιτιμίου,
733 2043 840 2095 εἴτε
867 2041 1076 2110 ὕφεσιν.
1113 2043 1224 2097 Καὶ
1265 2044 1364 2095 οὐκ
1421 2043 1547 2108 ἔξω,
1575 2039 1750 2112 οἶμαι,

1875 2054 1969 2106 sive
1996 2056 2139 2120 quod
2181 2066 2396 2122 poenam
2424 2051 2804 2118 imponendam
2841 2057 3085 2118 spectat,
3133 2048 3247 2100 sive
3280 2045 3424 2114 quod

146 2135 256 2187 τοῦ
323 2134 539 2196 εἰκότος
595 2135 909 2206 πεποίηκα⁸
944 2133 1136 2205 ὀρέξας
1183 2137 1339 2204 χεῖρα
1379 2137 1490 2198 τοῖς
1537 2152 1752 2187 πεπτω-

1875 2141 2256 2196 emittendam.
2289 2141 2472 2210 Neque
2497 2141 2815 2210 quidquam,
2850 2148 2908 2192 ut
2941 2153 3084 2202 reor,
3120 2146 3310 2206 praeter
3335 2135 3426 2205 jus

148 2228 290 2280 κόσι
330 2225 733 2296 φιλανθρώπως
760 2243 772 2256 ·
800 2229 860 2279 οὐ
901 2227 1006 2296 μὴν
1039 2229 1119 2288 εἰς
1142 2227 1377 2297 ἐμαυτὸν
1413 2229 1752 2298 περιστήσας

1875 2235 1954 2288 eei
1991 2252 2002 2286 :
2037 2234 2207 2303 lapsis
2234 2233 2509 2288 dexteram
2546 2233 2776 2301 benigne
2811 2231 3163 2302 protendens,
3191 2244 3301 2282 non
3332 2242 3429 2280 au-

147 2320 218 2373 τδ
249 2320 496 2389 κράτος·
530 2320 666 2388 ὅπερ
702 2319 949 2372 ἔκτοπον.
977 2319 1040 2370 Τί
1088 2319 1142 2371 ’1:
1192 2319 1251 2372 τὸ
1282 2320 1556 2389 ἐπιτίμιον
1582 2336 1596 2383 ;
1637 2337 1756 2372 ποι-

1879 2341 1962 2380 em
2002 2334 2320 2395 potestatem
2363 2323 2494 2377 mihi
2547 2338 2854 2391 arrogans,
2917 2321 3062 2390 quod
3121 2328 3267 2373 certe
3319 2333 3427 2372 non

149 2411 325 2463 κίλον
349 2411 445 2462 ἐπὶ
504 2409 770 2473 ποικίλοις
823 2413 931 2472 τοῖς
987 2411 1379 2480 ἁμαρτήμασιν
1433 2410 1576 2482 [eod.
1619 2409 1750 2478 Reg.

1875 2415 2055 2471 lecuit.
2098 2415 2356 2481 Qutenam
2392 2426 2571 2468 autem
2609 2430 2766 2482 ptBlta
2802 2413 2937 2466 illa?
2963 2413 3176 2466 diversa
3209 2426 3305 2480 pro
3344 2409 3429 2463 di-

153 2501 673 2574 παραπτώμαοιν]
707 2518 717 2529 ·
748 2504 885 2574 ὅπερ
906 2501 1004 2555 οὐκ
1025 2502 1314 2570 ἐπιστολῆς
1339 2503 1534 2573 μέτρον
1563 2503 1754 2570 ἐξαγα-

1875 2509 2029 2563 tersis
2057 2508 2292 2576 peccatis
2328 2525 2340 2560 :
2371 2506 2420 2558 id
2460 2506 2604 2575 quod
2662 2505 2908 2574 epistolae
2960 2501 3197 2556 brevitas
3244 2500 3430 2554 deela-

154 2595 348 2666 ρεύει.
403 2594 491 2648 Ἐν
525 2597 806 2666 κεφαλαίῳ
835 2595 890 2648 δέ
943 2595 1138 2658 εἰπεῖν,
1171 2595 1260 2647 τὸν
1306 2595 1337 2663 ἢ
1383 2597 1672 2665 ὑπογραφῇ
1719 2596 1751 2664 ἢ

1875 2617 1977 2656 'are
2010 2617 2114 2654 non
2139 2599 2284 2654 sinit.
2313 2597 2707 2652 Utsuinmatim
2733 2605 2916 2650 autem
2966 2596 3167 2660 dicam,
3191 2593 3429 2663 quicun-

153 2686 440 2754 κοινωνίᾳ
471 2686 724 2756 αίρετικῇ
763 2687 960 2738 ἁλόντα
1006 2686 1178 2754 ἱερέα,
1221 2686 1252 2748 ἦ
1285 2685 1466 2748 ἁπλῶς
1512 2686 1756 2739 διάκονον

1875 2709 1964 2761 tne
2003 2692 2295 2757 sacerdos,
2333 2700 2389 2744 ut
2440 2706 2601 2760 porro
2651 2691 2915 2745 diaconus
2943 2688 3226 2743 convictus
3264 2685 3432 2740 fuerit

156 2779 468 2850 εἴργεσθαι
504 2780 816 2844 παντάπασι
852 2782 949 2849 τῆς
991 2779 1299 2850 ίερουργίας
1326 2776 1506 2831 σ’ἁλλὰ
1528 2779 1636 2848 γὰρ
1657 2779 1756 2830 καὶ

1875 2785 2274 2852 subscriptionis
2317 2793 2412 2837 aut
2461 2783 2865 2837 communionis
2931 2797 3055 2836 cum
3133 2778 3425 2839 hazreticis,

155 2874 263 2940 τῆς
299 2870 596 2932 κοινωνίας
621 2887 634 2900 ο
661 2871 795 2939 μετὰ
817 2871 874 2923 δὲ
898 2869 995 2940 τὴν
1011 2870 1107 2939 τῆς
1125 2869 1407 2938 ἐπιτιμίας
1431 2870 1752 2938 περαίωσιν,

1875 2892 2086 2930 )rorsus
2118 2878 2269 2930 illum
2299 2892 2327 2930 a
2358 2875 2658 2930 ministerio
2703 2889 2861 2928 sacro
2890 2874 3089 2934 arceri,
3131 2872 3428 2940 quinetiam

156 2963 275 3014 τῶν
309 2963 418 3031 μέν
451 2961 806 3030 ἁγιασμάτων
859 2961 1126 3029 μετέχειν,
1170 2961 1268 3028 τῆς
1303 2959 1358 3010 δέ
1395 2959 1755 3026 λειτουργίας

1875 2982 1890 3020 ι
1919 2967 2301 3020 communione
2331 2983 2342 3017 :
2370 2975 2656 3033 postquam
2689 2973 2866 3017 autem
2900 2978 3092 3032 pinnas
3115 2960 3427 3021 exsolverit,

157 3052 454 3123 οὐδαμῶς,
500 3053 604 3116 ἕως
654 3053 815 3118 ἁγίας
867 3052 1084 3104 συνόδου
1117 3067 1129 3078 °
1166 3052 1405 3118 εὐλογεῖν
1446 3049 1560 3118 δὲῆ
1600 3048 1754 3116 εὔχε-

1875 3067 2328 3112 iacramentorum
2366 3057 2583 3124 quidem
2618 3055 2934 3124 participem
2975 3055 3092 3109 ﬁeri
3123 3092 3138 3116 ,
3207 3061 3263 3106 at
3316 3067 3428 3106 non

162 3140 297 3192 σθαι
355 3141 434 3199 ὡς
479 3143 655 3191 κοινὸν
709 3139 967 3208 μοναχὸν,
994 3141 1090 3207 οὺχ
1142 3140 1215 3200 ὡς
1261 3139 1591 3208 ἱερωμένονο
1622 3138 1755 3188 ἀλλὰ

1875 3147 2152 3201 ninisterii
2184 3148 2323 3200 sacri
2350 3187 2364 3208 ,
2407 3162 2579 3216 usque
2611 3148 2674 3200 ad
2713 3155 2954 3200 sanctam
2985 3148 3254 3215 synodum
3285 3158 3298 3194 :
3337 3143 3430 3196 sed

161 3233 266 3285 καὶ
295 3231 467 3284 τοῦτο
497 3232 635 3285 μετὰ
690 3231 1091 3300 συμπλήρωσιν
1131 3231 1539 3299 ἐπιτιμητικήν.
1584 3229 1674 3289 Εἷς
1699 3245 1757 3280 τε

1875 3238 2183 3290 benedicere
2209 3247 2263 3290 et
2294 3252 2450 3289 orare
2476 3248 2734 3306 tanquam
2770 3235 3100 3288 monachum
3143 3234 3430 3298 duntaxat,

162 3323 270 3386 τὰς
334 3324 446 3376 ὑπὸ
494 3324 788 3394 αἱρετικῶν
830 3323 1199 3390 κατεχομένας
1229 3320 1526 3390 ἐκκλησίας
1554 3321 1625 3389 μὴ
1652 3323 1766 3372 εἰσ-

1875 3345 1972 3382 non
2010 3340 2066 3382 ut
2091 3330 2424 3384 sacerdotem
2456 3348 2468 3382 :
2499 3330 2588 3384 sed
2617 3345 2792 3398 neque
2824 3327 2874 3379 id
2911 3329 3227 3396 priusquam
3259 3328 3402 3395 ι)ωηί

169 3415 337 3478 ιέναι,
397 3417 534 3485 μήτε
586 3416 679 3468 ἐάν
723 3415 854 3484 ἐαθῇ
929 3414 1077 3474 ναὸς,
1125 3411 1445 3481 κρατεῖσθαι
1473 3412 1575 3462 ὑπὸ
1607 3411 1762 3480 ὀρθο-

1875 3423 2087 3476 Lentiam
2110 3423 2405 3491 expleverit
2437 3440 2449 3473 :
2481 3437 2656 3490 neque
2685 3418 2894 3487 ingredi
2924 3419 2976 3471 in
3011 3418 3272 3472 ecclesias
3311 3433 3433 3485 qua:

165 3505 330 3570 δόξου
367 3509 506 3576 μετὰ
536 3510 596 3561 τὸ
618 3511 792 3560 ἐκεῖσε
840 3507 1122 3577 αἰρετικὰς
1175 3504 1447 3574 ἀναφορὰς
1491 3505 1763 3571 γενέσθαι,

1875 3515 1933 3569 ab
1966 3516 2235 3568 hatreticis
2266 3523 2538 3574 tenentur,
2571 3529 2767 3582 neque,
2802 3513 2846 3566 si
2879 3511 3137 3579 templum
3157 3520 3277 3578 post
3305 3527 3431 3579 per-

167 3597 523 3668 λειτουργεῖν
540 3601 627 3651 τὸν
644 3599 948 3670 ὀρθόδοξον,
969 3599 1096 3651 ἄνευ
1125 3596 1329 3659 λύσεως
1352 3595 1763 3666 ὀρθοδοξοῦντος

1875 3616 2019 3658 actas
2076 3604 2148 3658 ibi
2184 3604 2466 3655 luereticas
2494 3603 2826 3664 oblationes,
2881 3616 2910 3653 a
2968 3599 3236 3654 catholico
3265 3598 3433 3652 teneri

171 3692 513 3744 ἐπισκόπου.
1864 3695 2162 3763 contingat,
2219 3694 2272 3746 in
2303 3708 2367 3747 eo
2408 3708 2562 3747 sacra
2598 3693 2776 3744 lacere
2807 3691 3193 3754 orthodoxum,
3227 3691 3434 3759 absque

1864 3788 2131 3856 permisso
2157 3785 2394 3854 episcopi
2419 3783 2728 3836 orthodoxi.

1936 3877 2164 3942 Quando
2193 3877 2376 3945 igitur,
2418 3875 2510 3928 Dei
2565 3873 2899 3944 benignitate
2920 3912 2934 3936 ,
2966 3871 3178 3926 dimissi
3211 3889 3276 3926 ex
3306 3887 3432 3927 car-

1865 3987 2008 4034 cere,
2044 3981 2096 4024 et
2126 3985 2248 4023 cum
2282 3969 2628 4022 sanctissimo
2663 3966 2972 4035 patriarcha
3009 3975 3062 4019 et
3085 3967 3287 4020 sanctis
3316 3966 3432 4034 epi-

1866 4064 2047 4132 scopis
2100 4061 2367 4117 coneiliati
2438 4075 2662 4122 sumus,
2717 4069 2879 4127 atque
2954 4061 3174 4126 insuper
3229 4061 3433 4113 sanctis

1865 4152 2168 4221 praepositis
2209 4151 2470 4203 rationem
2506 4149 2857 4211 reddidimus,
2910 4165 3085 4218 neque
3130 4151 3237 4203 tilla
3275 4151 3327 4204 in
3379 4167 3435 4204 re

1863 4245 1929 4298 de
1973 4243 2132 4310 nobis
2191 4241 2482 4310 quisquam
2553 4251 2884 4310 conquestus
2943 4254 3070 4307 est,
3128 4243 3232 4296 nisi
3293 4259 3434 4298 unus

261 3872 426 3924 Ἐπεὶ
453 3870 548 3924 οῦν
600 3869 820 3938 εὐδοκία
854 3870 989 3923 Θεοῦ
1027 3871 1333 3941 ἀφείοημεν
1375 3870 1484 3922 τῶν
1513 3869 1766 3936 φυλακῶν

175 3966 276 4014 καὶ
336 3963 698 4032 συνήφθημεν
750 3961 826 4030 τῷ
880 3980 937 4014 τε
983 3966 1271 4034 ἁγιωτάτῳ
1299 3965 1636 4033 πατριάρχῃ,
1671 3961 1767 4014 καὶ

175 4058 293 4116 τοῖς
347 4056 529 4120 ἁγίοις
578 4054 918 4116 ἐπισκόποις,
957 4056 1093 4121 πρὸς
1145 4057 1198 4106 δέ
1260 4058 1352 4107 καὶ
1395 4055 1561 4116 ὁσίοις
1599 4057 1761 4123 ήγου-

182 4145 374 4214 μένοις
425 4145 728 4213 ἀνεθέμεθα
753 4146 878 4206 τοὺς
907 4145 1116 4211 λόγους,
1175 4147 1266 4197 καὶ
1315 4146 1414 4197 οὑκ
1475 4143 1764 4214 ἐμέμφθη»

182 4252 287 4303 μεν
365 4234 523 4303 παρά
580 4251 722 4295 τινος
769 4237 826 4288 ἐν
880 4234 1096 4286 οὐδενί·
1155 4233 1186 4302 ἢ
1241 4235 1398 4302 μόνον
1463 4233 1596 4302 πρὸς
1648 4232 1765 4294 ἐνὸς

179 4326 278 4379 ἐπὶ
317 4327 400 4393 τῷ
424 4327 668 4392 εὐλογεῖν
692 4343 705 4355 ’
733 4319 883 4391 ᾧτινι
937 4325 1382 4394 άπέκρινάμεθαξ·
1425 4325 1506 4375 ὅτι
1547 4326 1594 4375 εί
1624 4339 1764 4391 μεμ-

1875 4336 1920 4388 in
1951 4352 2016 4390 eo
2049 4335 2189 4403 quod
2223 4344 2430 4402 spectat
2475 4335 2540 4386 ad
2595 4335 3054 4400 benedictionem;
3084 4335 3170 4389 cui
3203 4337 3304 4389 hoc
3351 4351 3436 4389 re.-

179 4421 348 4471 πτέον
374 4436 390 4450 ο
440 4418 758 4486 Ἐξενεχθῇ
801 4419 936 4485 ὅρος
971 4418 1131 4482 παρά
1179 4415 1288 4484 τῆς
1326 4413 1627 4484 κεφαλῆς-ο
1671 4415 1765 4467 καὶ

1875 4424 2225 4492 spondimus:
2261 4422 2314 4473 Si
2345 4421 2701 4477 oll‘ensionem
2735 4423 2896 4477 habet
2927 4424 3071 4477 istud
3107 4442 3119 4478 :
3155 4421 3308 4478 Mons
3343 4439 3436 4477 ex-

177 4511 348 4579 ἡμεῖς
389 4511 705 4580 σιωπῶμεν.
761 4512 924 4564 Ὥστε
960 4513 1008 4563 οἰ
1061 4510 1437 4578 ἐγκαλοῦντες,
1477 4510 1551 4580 μή
1598 4511 1749 4580 ἡμῖν,

1875 4515 1996 4567 :isus
2023 4523 2097 4566 est
2118 4513 2180 4565 ab
2200 4513 2311 4580 ipso
2328 4515 2518 4567 vertice
2542 4514 2694 4580 ⁸⁷·⁸⁸;
2717 4531 2818 4571 nos
2837 4531 2963 4570 vero
2993 4516 3274 4570 silebimus
3301 4535 3313 4570 :
3343 4532 3437 4570 ace

184 4602 331 4656 ἀλλὰ
371 4606 488 4665 τοῖς
554 4605 763 4672 κυρίοις
805 4604 1126 4664 ἐπισκόποις
1185 4601 1593 4668 ἐγκαλείτωσαν
1622 4616 1634 4628 ο
1686 4594 1767 4660 οἷς

1875 4615 2153 4658 cusatores
2181 4604 2345 4672 igitur
2364 4619 2468 4657 non
2496 4604 2610 4673 jam
2634 4621 2754 4668 nos,
2779 4608 2872 4661 sed
2905 4607 3156 4662 dominos
3179 4616 3437 4662 accusent

183 4694 350 4764 ἡμεῖς
402 4697 453 4748 οἰ
481 4695 712 4757 εὐτελεῖς
741 4695 833 4747 καὶ
869 4695 1149 4764 ὑφειμένοι
1179 4696 1436 4764 ἑπόμενοι
1466 4709 1478 4720 ·
1509 4692 1602 4744 καὶ
1635 4693 1764 4761 παρ’

1875 4695 2180 4764 episcopos,
2217 4707 2357 4760 quos
2399 4694 2679 4761 sequimur
2727 4709 2826 4748 nos
2859 4695 3093 4749 humiles
3127 4705 3179 4749 et
3220 4696 3389 4748 intimi
3419 4713 3433 4748 :

1873 4797 2036 4856 atque
2069 4787 2137 4840 ab
2168 4785 2232 4839 iis
2255 4785 2409 4852 quasi
2447 4801 2542 4854 per
2575 4787 2681 4839 vim
2730 4786 2948 4857 impulsi
2992 4789 3058 4842 ad
3090 4789 3235 4841 hunc
3265 4805 3437 4856 usque

1873 4881 2037 4944 diem,
2064 4888 2116 4933 et
2140 4893 2328 4947 ptenas
2362 4878 2721 4947 imposuimus
2751 4895 2816 4933 eo
2845 4896 3007 4949 quem
3034 4881 3270 4934 diximus
3308 4882 3436 4946 ritu,

1870 4980 1924 5025 et
1953 4987 2075 5025 cum
2104 4985 2240 5038 opus
2262 4978 2340 5024 est
2371 4970 2720 5039 imponimus.
2756 4971 2984 5026 Videant
3026 4982 3203 5025 autem
3232 4973 3440 5025 delato-

183 4788 369 4840 αὐτῶν
430 4787 850 4854 ἁναγκαστικῶς
900 4789 1334 4858 προτρεπόμενοι
1402 4785 1562 4856 μέχρι
1598 4787 1767 4854 σήμε-

191 4894 284 4940 ρον
334 4880 433 4932 καὶ
487 4878 770 4947 ἐδώκαμεν
841 4879 1094 4947 ἐπιτίμια
1177 4881 1317 4932 κατὰ
1378 4878 1468 4930 τὸν
1535 4876 1766 4947 εἰρημέ-

188 4986 278 5021 νον
327 4972 559 5042 είρμὸν,
609 4972 701 5024 καὶ
772 4970 1112 5039 ἐπιδιόοῦμεν
1204 4972 1365 5024 ὁπότε
1410 4969 1570 5040 τύχῃ.
1634 4971 1770 5021 Σκο-

197 5061 478 5116 πείτωσαν
503 5062 558 5113 δέ
593 5065 638 5114 οἱ
666 5062 1121 5130 φιλεγκλήμονες,
1158 5061 1350 5128 μήπως
1397 5060 1488 5111 τὸν
1535 5058 1772 5110 κώνωπα

197 5150 556 5216 διῦλίζοντες,
602 5152 859 5222 λελήθασι
894 5156 995 5220 τὴν
1045 5150 1291 5218 κάμηλον
1339 5149 1727 5209 καταπίνοντες
1755 5165 1768 5178 ·

198 5245 292 5296 καὶ
313 5245 382 5298 τὰ
406 5245 594 5314 κάρφη
621 5245 1000 5314 ψηλαφῶντες,
1033 5245 1131 5295 οὐκ
1184 5242 1529 5295 αἰσθάνονται
1555 5241 1650 5309 τὴν
1684 5239 1770 5292 δο-

197 5334 294 5386 κῆν
321 5337 739 5408 περιφέροντες.
787 5337 978 5406 Ἡμεῖς
999 5331 1091 5386 οὖν
1111 5333 1273 5396 οὕτω,
1297 5332 1590 5400 θεοτίμητε
1619 5329 1773 5382 ἁδελ-

199 5425 287 5492 φέ,
325 5428 401 5489 ὡς
437 5428 543 5480 ὑπὸ
600 5427 716 5496 Θεῴ
763 5428 1000 5497 μάρτυρι
1054 5426 1404 5497 διεγενόμεθα
1465 5426 1775 5494 συμπαθείᾳ

199 5516 293 5568 καὶ
317 5517 664 5588 φιλαδελφίᾳ,
690 5519 748 5570 οὺ
786 5519 943 5569 κατὰ’
977 5515 1334 5584 πρόσκλησιν,
1372 5517 1404 5585 ἦ
1448 5533 1568 5566 τινα
1603 5513 1768 5581 ἄλλην

202 5609 561 5674 περιπέτειαν
585 5608 947 5678 ἀνθρωπίνην.
1000 5608 1060 5658 '0
1101 5605 1167 5658 δὲ
1222 5607 1544 5677 ταράσσων
1592 5604 1769 5673 ἡμᾶς,

205 5699 366 5763 φησιν
414 5701 442 5751 ὁ
484 5698 822 5763 Ἀπόστολος,
871 5698 1174 5762 ,ϐαστάσει
1238 5701 1305 5753 τὸ
1359 5698 1554 5766 κρῖμα,
1608 5699 1775 5760 ὅστις

207 5782 280 5835 ἂν

277 5902 391 5936 ⁸¹·⁸⁸
420 5906 553 5961 Dan.
589 5922 648 5972 It,
675 5908 760 5962 34.
838 5911 884 5941 ⁸³
917 5908 1105 5963 Matth.
1142 5926 1238 5976 vn,
1277 5912 1340 5974 5;
1394 5924 1548 5972 κι¹¹¹ι
1575 5909 1662 5963 Ἡ·

1872 5078 1959 5119 res
2010 5064 2124 5124 illi,
2171 5079 2238 5116 ne
2292 5063 2520 5116 culicem
2554 5065 2889 5121 excolantes.
2922 5063 3192 5118 camelum
3233 5065 3436 5118 incauti

1869 5153 2238 5224 deglutiant”
2274 5171 2287 5206 :
2321 5169 2456 5206 neve
2492 5153 2620 5207 dntn
2655 5154 2924 5223 vestigant
2949 5153 3206 5209 festucas.
3231 5156 3436 5207 trabem

1869 5246 2224 5302 circumferre
2265 5260 2321 5300 se
2355 5260 2462 5299 non
2501 5249 2763 5300 sentiant.
2811 5245 2918 5300 Nos
2971 5247 3157 5314 igitur.
3211 5246 3378 5298 frater
3408 5261 3438 5296 a

1871 5340 1983 5394 Deo
2017 5341 2306 5401 honorate,
2352 5338 2433 5392 sic
2461 5347 2718 5408 tanquam
2749 5339 2850 5392 sub
2888 5337 2997 5392 Deo
3028 5346 3164 5391 teste
3192 5352 3440 5405 perseve-

1872 5435 2114 5486 ravimus
2173 5431 2226 5484 in
2271 5431 2555 5484 concordia
2613 5442 2666 5486 et
2705 5432 3037 5500 benignitate
3086 5430 3137 5482 in
3195 5432 3439 5492 fratrem,

1877 5541 1984 5579 non
2022 5526 2176 5592 juxta
2206 5522 2624 5590 propensionem
2655 5522 2844 5584 animi,
2872 5533 2962 5574 aut
2992 5521 3216 5574 alterius
3252 5520 3442 5572 Imma-

1881 5620 1935 5672 ni
1970 5618 2188 5671 allectus
2225 5617 2604 5670 temeritatem.
2641 5616 2742 5680 Qui
2794 5625 2968 5667 autent
2996 5611 3274 5666 conturbat
3324 5627 3438 5666 nos.

1883 5711 1956 5761 ait
1977 5708 2833 5777 Apostolus,portabitjudicium,
2851 5707 3140 5775 quicunque
3165 5713 3237 5755 est
3264 5702 3349 5754 ille
3373 5701 3436 5754 °°.

1741 5910 1784 5942 ’°
1820 5913 1995 5966 Galat.
2027 5926 2077 5974 ν,
2119 5908 2201 5962 l0.
