3964 6320
537 295 677 364 1475
1721 303 1782 362 S.
1809 300 2102 362 THEODG

2261 296 2583 360 iTUDITiﬂ
3672 289 3783 353 147
3796 293 3826 352 6

907 414 1091 472 XLIII.
1117 447 1188 457 —-
1215 415 1508 472 Laurentio
1529 417 1644 487 ﬁlio
1668 419 1755 486 (‘).
2376 420 2470 475 ΡΝ

2376 420 2530 475 ΡΝΓ¹
2560 412 2694 487 (45).
2724 443 2792 454 -
2820 410 3157 479 Λαυρεντίῳ
3213 406 3428 473 τέκνῳ.
3469 402 3686 476 [χλβ”.]

874 532 951 584 Ne
974 535 1059 584 ﬂat
1081 534 1269 585 oblatio
1294 544 1347 587 et
1385 551 1471 588 res
1494 552 1635 588 sacra
1658 553 1748 601 pro
1786 538 1995 600 quodam
2026 538 2113 600 qui
2136 550 2192 587 se
2214 536 2396 599 laqueo
2436 532 2781 596 suspenderat,
2807 528 2898 578 sed
2922 526 3085 576 solum
3109 523 3459 581 cleemosyna.

607 643 687 698 Ad
726 658 889 698 aures
918 652 1136 697 nostras
1178 646 1426 713 pervenit
1462 645 1698 711 facinus,
1731 645 1805 699 fili
1834 645 2113 711 Laurenti,
2140 646 2172 705 Α

2298 630 2591 695 Ἀκουστδν
2617 640 2750 707 ἡμῖν
2782 634 3019 703 ἐγένετο,
3044 631 3233 684 τέκνον
3283 630 3635 699 Λαυρέντιε,
3690 626 3832 697 ὅπερ

541 736 690 807 quod
742 736 869 789 mali
920 735 1189 789 daemonis
1253 737 1513 793 instinctu
1574 739 1628 792 in
1677 737 2106 791 Antisarensinm

2271 751 2286 787 t
2314 731 2407 785 τοῦ
2436 728 2675 800 πονηροῦ
2697 727 2950 797 δαίμονος
2983 719 3235 790 ἐτελέσθη
3260 720 3447 789 δρᾶμα
3485 719 3547 769 ἐν
3582 719 3664 786 τῇ
3708 716 3836 767 Ἀν-

538 826 820 895 Comopoli
851 835 1125 894 patratum
1154 836 1238 881 est
1265 845 1279 893 ;
1307 828 1535 897 ejusque
1565 843 1726 881 causa
1769 827 2103 881 vehementer

2268 826 2457 893 odptov
2505 820 2652 894 [cod.
2690 818 2825 888 Reg.
2892 810 3251 883 Ἀντιζάρχῳ]
3296 810 3677 879 κωμοπόλει”
3732 809 3833 859 καὶ

539 917 930 986 ingemnimus,
961 924 1072 969 tum
1106 931 1171 969 ex
1198 919 1475 972 communi
1507 919 1621 988 lege
1653 919 1903 972 humana:
1930 918 2104 973 chari-

2263 914 2583 983 ττενάξαμεν
2611 911 2701 965 ἐπ’
2732 909 2880 980 αὐτῷ
2914 907 3187 977 μεγάλως,
3210 903 3308 956 καὶ
3330 902 3478 955 κατά
3503 902 3608 953 τὸν
3639 900 3828 954 atomi-1

540 1008 670 1059 tatis
693 1046 707 1069 ,
740 1016 855 1059 tum
892 1006 1019 1075 quia
1068 1006 1223 1060 fratri
1254 1008 1558 1063 Athanasio
1608 1008 2105 1078 protopresbytero,

2265 1007 2380 1075 ίμον
2414 1007 2512 1074 τῆς
2542 1002 2888 1074 ἀνθρωπίνης
2945 998 3189 1065 ἀγάπης,
3248 993 3342 1047 καὶ
3397 993 3545 1045 διότι
3597 992 3702 1059 ἀφ’
3738 990 3830 1042 αῖ-

539 1100 699 1165 cujns
731 1113 857 1168 ergo
886 1098 1154 1152 adductus
1178 1114 1297 1152 sum
1347 1110 1406 1153 ut
1457 1100 1750 1154 scriberem
1777 1137 1793 1162 ,
1851 1098 2104 1167 sanguine

2265 1114 2386 1158 ατος
2418 1094 2512 1149 τοῦ
2544 1093 2775 1163 ἀδελφοῦ
2810 1090 3131 1144 Ἀθανασίου
3164 1087 3259 1138 καὶ
3300 1081 3830 1155 πρωτοπρεσὸυτέ-

536 1190 762 1261 junctus
788 1201 906 1244 erat
935 1192 979 1245 is
1009 1193 1103 1261 qui
1132 1192 1370 1261 seipsum
1410 1192 1741 1264 praafocavit.
1774 1189 1817 1245 Ο
1844 1194 2101 1262 tragicum

2268 1206 2310 1240 IU
2344 1188 2456 1259 (ὑφ’
2482 1180 2545 1239 οὗ
2600 1186 2695 1239 καὶ
2719 1183 2960 1253 κινηθεὶς
2984 1178 3202 1250 γράφω)
3239 1178 3397 1229 ἐστὶν
3434 1175 3466 1225 6
3505 1176 3833 1242 ἀπαγχονι-

539 1283 947 1357 spectaculum!
981 1283 1258 1337 hominem
1292 1284 1620 1339 honoratum
1642 1324 1657 1348 ,
1704 1282 1973 1352 indigenis
2007 1283 2104 1339 loci

2263 1280 2380 1343 ιείς.
2416 1280 2478 1331 Ὢ
2507 1277 2740 1346 φοῦεροῦ
2774 1273 3201 1346 τραγῳδήματος
3231 1268 3568 1337 Ιάνθρωπος
3606 1268 3671 1317 ἐν
3691 1269 3828 1335 τιμῇ

540 1373 977 1436 antecellentem,
1028 1374 1113 1428 cui
1165 1374 1369 1428 afl‘atim
1410 1376 1534 1429 vitae
1578 1373 1824 1428 subsidio
1853 1382 2105 1443 suppete-

2264 1390 2304 1436 ν,
2335 1371 2772 1441 προφερέστερος
2793 1368 2899 1420 τῶν
2918 1367 3096 1417 ἐκεῖσε
3128 1361 3497 1431 αὐτοχθόνων,
3519 1360 3829 1428 αὐτάρκης

538 1464 691 1526 bant,
720 1465 894 1518 virum
930 1465 1271 1533 prudentem,
1300 1466 1353 1520 in
1389 1467 1728 1520 orationibus
1752 1467 2103 1535 precibusque

2263 1462 2354 1515 ιτά
2383 1462 2475 1515 τὸν
2507 1460 2643 1531 βίον,
2670 1460 2813 1532 ἀνὴρ
2857 1456 3099 1517 συνετὸς,
3129 1451 3572 1524 προσκαρτερῶν
3626 1452 3828 1518 εὐχαῖς

538 1554 823 1609 assiduum
849 1597 864 1620 ,
896 1564 1059 1624 atque
1099 1555 1154 1609 in
1190 1556 1405 1622 reliquo
1455 1557 1575 1610 vitae
1603 1572 1766 1611 cursu
1796 1555 2103 1624 probatum,

2261 1596 2264 1604 .
2294 1556 2387 1608 καὶ
2407 1555 2649 1625 δεήσεσι,
2668 1553 2765 1606 καὶ⁴
2794 1554 2859 1621 τῇ
2884 1551 3044 1619 λοιπῇ
3067 1548 3167 1618 τῆς
3185 1546 3331 1615 ζωῆς
3364 1546 3571 1613 ἀγωγῇ
3597 1544 3826 1610 ἐμπρέ-

540 1661 663 1701 cum
702 1646 838 1703 nihil
871 1648 1159 1702 accidisset
1191 1647 1398 1702 sinistri
1428 1656 1677 1711 eventus,
1708 1663 1829 1717 quae
1867 1663 2105 1716 persaepe

2259 1666 2323 1701 »ν
2346 1664 2361 1678 ⁶
2398 1647 2625 1717 μηδενὸς
2654 1640 3043 1714 περιστατικοῦ
3076 1657 3139 1691 συ
3151 1637 3525 1707 μὸεὸηκότος,
3558 1635 3624 1698 ἐξ
3647 1628 3824 1702 οὗπερ

537 1752 701 1792 causa
732 1746 817 1792 est
846 1739 915 1791 ab
945 1738 1121 1793 officio
1154 1738 1509 1805 deflectendi;
1542 1741 1621 1794 sic
1655 1740 1708 1792 in
1745 1739 1889 1793 nulla
1920 1755 2102 1793 rerum

2261 1738 2462 1801 ιλλάκις
2493 1730 2613 1789 ἔστι
2648 1732 3075 1806 περιτρέπεσθαι
3096 1730 3191 1782 τοῦ
3215 1729 3430 1789 δέοντος
3452 1726 3613 1778 κατά
3643 1742 3699 1775 τι
3735 1742 3826 1791 μι-

537 1829 944 1899 perturbatione
972 1830 1023 1883 id
1058 1830 1280 1886 sceleris
1310 1831 1619 1896 admisisse,
1646 1840 1704 1884 ιιι
1738 1831 1987 1901 laqueum
2017 1832 2101 1885 in-

2255 1830 2332 1883 σόν
2351 1846 2364 1861 ·
2384 1830 2556 1889 οὕτως
2569 1830 2626 1881 ἐν
2640 1825 2910 1897 ἀταραξίᾳ
2929 1822 3274 1894 πραγμάτων
3290 1818 3629 1889 τηλικοῦτον
3651 1818 3820 1868 κακὸν

537 1920 745 1975 dueret.
797 1919 860 1985 0,
894 1928 947 1975 et
979 1922 1175 1975 iterum
1212 1921 1388 1976 dicam
1416 1962 1431 1987 ,
1471 1921 1838 1977 detestandam
1867 1936 2055 1976 vocem
2085 1923 2098 1974 l

2254 1919 2619 1993 τεργάσασοαι
2644 1918 2849 1990 ἀγχόνῃ
2863 1915 3209 1985 χρησάμενος
3230 1914 3243 1965 ι
3273 1913 3355 1973 Ὦ,
3378 1912 3477 1963 καὶ
3498 1906 3609 1962 αὖθ
3620 1926 3673 1971 ις
3690 1908 3819 1978 ἐρῶ,

540 2012 699 2065 Tales
732 2020 859 2067 sunt
888 2012 1088 2067 diaboli
1118 2014 1573 2070 machinationes.
1610 2013 1713 2067 Ille
1752 2015 2017 2068 homicida
2039 2013 2103 2067 ab

2258 2016 2304 2078 is
2354 2010 2636 2079 ἀπευκτῆς
2681 2010 2866 2079 φωνῆς
2923 2006 3068 2079 [cod.
3096 2006 3227 2076 Reg.
3265 2000 3469 2073 ἀκοῆς]
3518 2004 3531 2054 !
3571 2000 3823 2053 Τοιαῦτα

537 2102 716 2167 initio,
744 2115 800 2157 ut
822 2104 897 2158 ait
929 2104 1192 2159 Dominus
1214 2106 1280 2160 ⁹¹.
1311 2106 1406 2162 llle
1435 2108 1669 2177 primum
1688 2107 1907 2178 quidem
1945 2106 2102 2160 Achi-

2259 2102 2303 2155 δῦ
2331 2102 2575 2155 διαϐόλου
2598 2110 2665 2152 τα
2686 2099 3142 2170 μηχανήματα.Ἐ
3149 2098 3346 2159 κεῖνος
3386 2092 3824 2160 ἀνθρωποκτό-

538 2193 742 2261 tophel,
778 2194 975 2247 deinde
1000 2192 1195 2248 Judam
1222 2194 1402 2265 adegit
1428 2198 1493 2251 ad
1522 2196 1877 2267 suspendium
1914 2214 1928 2250 :
1962 2206 2017 2251 et
2042 2197 2103 2251 ad

2255 2211 2315 2257 ος
2336 2192 2436 2246 ἀπ’
2462 2189 2676 2260 ἀρχῆς,
2700 2187 2884 2252 καθὼς
2915 2188 3019 2259 ἔφη
3036 2192 3062 2241 6
3080 2188 3305 2257 Κύριος.
3326 2185 3586 2245 Ἐκεῖνος
3620 2184 3820 2253 πρῶτα

537 2282 682 2337 hanc
718 2298 891 2351 usque
931 2284 1072 2337 diem
1116 2298 1221 2335 non
1276 2295 1456 2338 cessat
1501 2284 1643 2339 idem
1679 2284 2013 2354 persuadere
2043 2283 2102 2338 iis

2249 2284 2311 2337 γὲν
2332 2283 2422 2336 τὸν
2462 2282 2767 2353 Ἀχιτόφελ,
2798 2280 2989 2334 ἔπειτα
3017 2280 3106 2333 τὸν
3151 2278 3348 2331 Ἰούδαν
3371 2276 3607 2328 ἔπεισεν
3639 2278 3814 2342 ἀπάγ·

537 2375 628 2442 qui
657 2374 757 2441 ipsi
790 2375 1189 2442 obtemperant.
1221 2374 1443 2430 Duobus
1471 2384 1673 2441 autem,
1700 2375 1913 2443 Opinor,
1934 2374 2102 2429 modis

2253 2376 2406 2429 ισθαι
2429 2388 2443 2402 ⁶
2476 2375 2533 2437 ὃς
2555 2375 2614 2427 οὑ
2679 2372 2916 2427 παύεται
2952 2374 3047 2426 καὶ
3082 2371 3243 2441 μέχρι
3284 2368 3544 2436 σήμερον
3596 2369 3662 2418 τὸ
3691 2366 3818 2418 αὐτὸ

539 2462 815 2515 lintnincm
852 2465 1144 2530 prazdatur,
1170 2464 1311 2517 sicut
1338 2464 1671 2531 experientia
1699 2465 2068 2532 comperimus
2092 2480 2104 2515 :

2250 2466 2492 2518 ποτελεῖν
2518 2465 2577 2516 ἐν
2600 2466 2714 2526 τοῖς
2743 2462 3082 2532 πειθομένοις
3126 2457 3290 2528 αὐτῷ.
3329 2451 3511 2525 Οἶμαι
3559 2457 3619 2508 δὲ
3680 2455 3815 2507 κατὰ

537 2565 632 2608 aut
674 2570 738 2609 ex
792 2556 980 2609 dolore
1033 2557 1213 2609 cordis
1241 2555 1653 2619 inconsolabili,
1687 2564 1781 2609 aut
1820 2571 1886 2610 ex
1917 2556 2102 2610 insana

2250 2557 2307 2611 ύο
2364 2556 2600 2627 τρόπους
2658 2556 2822 2626 συλᾷν
2862 2555 2951 2606 τὸν
2976 2553 3282 2619 ἄνθρωπον,
3317 2549 3393 2611 ὡς
3432 2550 3614 2617 πείρᾳ.
3648 2549 3815 2613 ἐγνω-

538 2643 851 2710 cupiditate,
872 2646 1120 2698 tenebras
1136 2644 1438 2708 effundens,
1457 2656 1508 2700 et
1524 2645 1900 2716 pessumdans.
1914 2645 2103 2712 Quem-

2249 2648 2555 2720 ιενσῆἀπδ
2600 2647 2794 2717 ὀδύνης
2839 2644 3068 2714 καρδίας
3130 2642 3559 2711 ἀπαρακλήτου,
3607 2639 3641 2707 ἦ

541 2736 833 2789 admodum
860 2736 1004 2789 enim
1044 2736 1097 2789 in
1121 2738 1433 2803 homicidio,
1464 2739 1548 2792 vel
1574 2739 1840 2793 adulterio
1867 2778 1883 2802 ,
1928 2740 2014 2794 vel
2056 2741 2106 2793 in

2249 2742 2457 2811 φέσεως
2488 2740 2794 2809 ἀλογίστου,
2826 2736 3127 2797 σκοτώσας.
3159 2733 3256 2785 καὶ
3304 2730 3687 2801 περιτρέψας.
3732 2728 3814 2789 Ὠς

543 2827 753 2880 caeteris
778 2827 1020 2896 ﬂagitiis,
1057 2829 1309 2882 tenebras
1342 2828 1564 2883 exhibet
1594 2830 1752 2899 quasi
1799 2830 2006 2895 lucem,
2059 2838 2108 2883 et

2245 2833 2325 2904 ’ὰρ
2357 2834 2451 2885 ἐπὶ
2478 2833 2663 2902 φόνου,
2698 2831 2730 2901 ἢ
2771 2826 3020 2898 μοιχείας
3061 2826 3155 2878 καὶ
3184 2825 3291 2876 τῶν
3330 2823 3545 2892 ὁμοίων
3575 2819 3810 2888 ἀσελγη-

541 2930 791 2969 amarum
822 2925 882 2969 ut
913 2916 1111 2983 dulce;
1140 2932 1315 2985 neque
1346 2916 1513 2983 enim,
1558 2917 1664 2972 nisi
1716 2917 1788 2971 ita
1816 2918 2020 2972 sentire
2046 2918 2106 2971 de

2244 2926 2420 2990 ιάτων,
2478 2920 2822 2975 ὑποδείκνυσι
2864 2923 2924 2971 τὸ
2969 2918 3157 2979 σκότος
3185 2916 3322 2985 φῶς,
3378 2915 3477 2965 καὶ
3513 2914 3579 2964 τὸ
3615 2912 3809 2981 πικρὸν

542 3007 707 3061 rebus
747 3008 984 3070 doceret,
1016 3010 1198 3061 venari
1242 3018 1295 3061 et
1316 3024 1511 3077 capere
1545 3024 1644 3063 nos
1673 3019 1861 3079 posset
1897 3026 1912 3062 :
1946 3009 2025 3063 sic
2058 3017 2107 3061 et

2241 3014 2436 3069 ⁹λὺκιον
2480 3013 2562 3085 (οὐ
2594 3014 2701 3081 γὰρ
2732 3010 2821 3073 ἂν,
2855 3012 2904 3062 εί
2932 3010 3006 3081 μὴ
3027 3009 3198 3070 οὕτως
3222 3003 3693 3073 ἀναστοιχειὼσει
3726 3004 3806 3054 λο-

542 3100 596 3153 in
617 3101 934 3169 suspendio,
955 3099 1168 3153 dulcem
1194 3098 1319 3154 fecit
1342 3110 1593 3164 mortem,
1616 3102 1857 3155 tenebris
1876 3109 2107 3155 mentem

2241 3106 2490 3168 ’ίσασθαι,
2547 3104 2696 3173 ἡμᾶς
2757 3102 2985 3173 εὑρίσκῃ
3035 3096 3353 3168 θηρεῦσαι)’
3388 3094 3542 3147 οὓτω
3587 3097 3686 3147 καὶ
3719 3094 3806 3145 ἐπὶ

541 3191 792 3254 obduxit,
827 3191 1034 3262 peregit
1061 3192 1436 3263 suspendium.
1469 3191 1643 3246 Credo
1662 3193 1947 3262 equidem;
1978 3209 2106 3263 qua-

2235 3201 2311 3272 πῆς
2344 3198 2600 3268 ἀγχόνης,
2619 3196 2793 3267 -ἦδυνε
2833 3194 2923 3248 τὸν
2956 3194 3207 3253 θάνατον,
3243 3189 3492 3256 ὲζόφωσε
3532 3190 3629 3241 τὸν
3663 3189 3800 3244 νοῦν.

542 3284 612 3339 lis
637 3294 721 3339 est
746 3285 912 3339 draco
947 3286 1057 3350 ille,
1086 3294 1141 3340 et
1168 3300 1330 3351 quam
1357 3284 1541 3340 multis
1572 3286 1897 3355 praestigiis;
1936 3285 2107 3339 homi-

2235 3290 2509 3359 ιπετέλεσε
2558 3287 2655 3359 τὴν
2707 3287 2965 3357 ἀγχόνην.
3008 3281 3172 3352 Οἶμαι
3207 3281 3352 3352 [cod.
3388 3279 3527 3349 Reg.
3565 3282 3637 3333 Οἵ
3672 3280 3800 3351 pot],

542 3389 642 3429 nes
663 3375 867 3445 ubique
898 3375 1191 3441 interimet,
1218 3375 1320 3429 hoc
1342 3375 1506 3430 istum
1531 3376 1715 3441 modo,
1740 3376 1904 3430 alium
1925 3377 2107 3442 aliter;

2235 3377 2322 3445 ιῖός
2375 3381 2523 3433 ἐστιν
2550 3383 2578 3434 6
2609 3379 2842 3450 δράκων,
2888 3377 2983 3431 καὶ
3022 3376 3106 3443 ἐφ’
3132 3377 3277 3435 ὅσοις
3335 3373 3800 3442 μαγγανεύμασιν

544 3482 645 3520 nec
671 3468 960 3536 quisquam
989 3476 1071 3520 est
1098 3466 1193 3535 qui
1229 3466 1349 3536 ejus
1404 3466 1623 3536 pedicas
1645 3468 1869 3531 evadat,
1904 3467 2109 3535 absque

2235 3472 2650 3542 ινθρωποκτονεϊ
2671 3472 2951 3524 ἑκάστοτε.
2999 3467 3201 3520 Τοῦτον
3251 3465 3451 3529 οὕτως,
3501 3465 3669 3517 ἄλλον

544 3556 638 3612 Dei
675 3558 898 3621 auxilio,
926 3557 1070 3627 quod
1100 3556 1274 3613 aderit
1315 3558 1519 3613 viventi
1555 3556 1783 3613 fideliter
1810 3572 1933 3612 cum
1964 3567 2109 3613 metu

2233 3583 2320 3628 ita;
2342 3582 2357 3596 ο
2387 3566 2483 3617 καὶ
2516 3565 2613 3616 οὐκ
2649 3562 2794 3614 ἔστιν
2823 3561 2879 3624 ὃς
2912 3559 3234 3629 ἐκφεύξεται
3260 3559 3360 3620 τὰς
3385 3559 3578 3623 πάγας
3614 3558 3798 3617 αὐτοῦ,

543 3659 598 3703 et
630 3656 889 3715 tremore,
910 3647 1067 3718 juxta
1096 3648 1267 3719 ipsius
1301 3651 1617 3704 mandatum
1642 3651 1710 3703 ⁸⁸.
2212 3657 2342 3710 ἀνευ
2386 3653 2640 3725 βοηθείας
2682 3652 2777 3705 τοῦ
2812 3650 2970 3717 Θεοῦ,
2996 3652 3119 3720 ἦτις
3163 3650 3247 3719 εἴη
3298 3648 3439 3717 μετά
3484 3647 3661 3715 φόϐου
3714 3648 3800 3700 καὶ

2212 3749 2414 3822 τρόμου
2442 3744 2518 3815 τῷ
2548 3743 2670 3799 κατ’
2700 3743 2919 3813 ἐντολὴν
2946 3739 3111 3793 αὑτοῦ
3165 3738 3371 3801 πιστῶς
3415 3739 3655 3807 βιοῦντι.

620 3826 725 3881 Sed
758 3826 823 3881 ad
853 3826 1156 3881 institutum
1190 3826 1374 3880 veniat
1404 3826 1599 3880 oratio.
1630 3825 1958 3897 Significasti
1988 3842 2109 3882 om—

2296 3840 2435 3893 Ἀλλ’
2476 3838 2569 3891 ἐπὶ
2595 3838 2656 3890 τὸ
2697 3838 3028 3903 κατεπεῖγον
3059 3837 3086 3887 ὀ
3134 3833 3309 3901 λόγος.
3353 3833 3698 3904 Ἑδήλωσας,
3727 3834 3795 3895 ὡς

544 3934 643 3974 nes
676 3918 782 3972 loci
821 3918 963 3972 illius
1012 3917 1217 3973 incolas
1271 3918 1511 3973 aversari
1543 3918 1764 3973 domum
1794 3919 1968 3988 ipsius
1995 3958 2011 3984 ,
2058 3932 2109 3974 et

2229 3933 2263 3986 il
2289 3930 2383 3984 τοῦ
2412 3931 2611 4001 χωρίου
2635 3928 2772 3999 ὁμοῦ
2796 3928 3036 3990 ἅπαντες
3062 3925 3473 3997 ἀποτρέπονται
3496 3926 3603 3995 τῆς
3626 3926 3794 3986 οἰκίας

546 4030 797 4077 uxorem,
831 4024 885 4069 et
914 4015 1137 4079 liberos,
1174 4029 1351 4084 neque
1379 4022 1755 4081 contrectare,
1799 4014 1968 4077 velle,
2020 4025 2111 4071 aut

2225 4024 2404 4090 αὑτοῦ,
2446 4025 2613 4096 ἤγουν
2666 4020 2946 4091 γυναικὸς,
2995 4020 3091 4074 καὶ
3141 4019 3368 4084 τέκνων,
3432 4021 3575 4089 μήτε
3633 4019 3790 4072 ἄπτε-

546 4108 813 4175 attingere
856 4107 1178 4177 quidquam,
1221 4122 1286 4162 ac
1318 4122 1386 4162 ne
1424 4123 1615 4177 panem
1654 4108 1871 4177 quidem
1924 4115 2111 4164 mutuo

2223 4119 2360 4182 σθαι,
2392 4118 2529 4188 μήτε
2568 4116 2760 4185 θίγειν,
2799 4114 2961 4184 μέχρι
2993 4114 3089 4167 ml.
3118 4113 3458 4182 μεταδόσεως
3492 4112 3666 4181 ἄρτου
3704 4112 3788 4165 δα·

546 4199 758 4254 datum.
788 4196 854 4252 Et
883 4199 1102 4267 quidem
1136 4198 1182 4252 si
1207 4198 1347 4267 ejus,
1378 4200 1471 4268 qui
1502 4214 1563 4254 se
1593 4201 1972 4269 strangulavit,
2018 4200 2111 4255 fa-

2223 4206 2452 4261 νειακοῦ.
2497 4206 2607 4261 Καὶ
2654 4208 2701 4258 εἰ
2751 4205 3098 4271 ἐπιλέγουσιν
3147 4205 3194 4255 oi
3256 4201 3351 4253 τοῦ
3403 4202 3788 4269 ἀπαγξαμένου

546 4289 789 4345 miliares
817 4290 1005 4344 dicunt
1032 4297 1179 4343 recte
1212 4290 1361 4343 illum
1395 4290 1612 4358 fecisse,
1645 4308 1813 4361 seque
1842 4305 2027 4363 optare
2056 4303 2111 4349 ut

2223 4298 2385 4367 καλὴν
2415 4294 2551 4352 εἶναι
2585 4297 2681 4367 τὴν
2715 4297 2916 4367 πρᾶξιν
2956 4299 3054 4366 τῆς
3100 4294 3540 4363 ἀπαγχονίσεως,
3575 4294 3673 4345 καὶ
3704 4297 3788 4362 τὴν

545 4381 651 4436 sibi
688 4380 829 4435 idem
859 4382 1038 4435 exitus
1068 4382 1349 4449 contingat
1378 4398 1391 4447 ;
1454 4384 1647 4435 merito
1680 4384 2067 4452 relinquunlur
2093 4402 2109 4451 ;

2217 4387 2384 4456 αὐτὴν
2408 4386 2556 4454 αὐτῴ
2583 4386 2755 4452 φιλεῖν
2780 4384 2999 4437 τελέσαι
3020 4385 3260 4436 κάκεῖνοι
3287 4398 3301 4411 ·
3324 4382 3507 4445 καλῶς
3529 4385 3782 4450 ἀφίσταν-

547 4488 857 4543 quanquam
889 4487 1068 4543 neque
1114 4473 1166 4527 id
1206 4473 1413 4541 statim.
1448 4474 1744 4543 Oportebat
1773 4475 1919 4529 enim
1960 4478 2112 4545 prius

2222 4492 2336 4529 ταν
2368 4476 2528 4528 ὁπότε
2574 4475 2680 4527 οὐδ’
2711 4474 2883 4537 οὕτως
2927 4474 3110 4535 εὐθύς.
3153 4475 3271 4525 Δεῖν
3318 4473 3429 4543 γὰρ
3462 4474 3683 4543 πρῶτον
3720 4476 3787 4527 δι-

546 4582 643 4621 eos
671 4567 888 4631 docere,
924 4565 1249 4627 illuminare,
1284 4565 1493 4620 hortari
1536 4576 1594 4620 ut
1644 4566 1891 4637 fugerent
1918 4567 2110 4622 interi-

2215 4567 2387 4633 δάξαι,
2443 4567 2693 4636 φωτίσαι,
2738 4565 3119 4635 παρακαλέσαι
3168 4568 3363 4633 φυγεῖν
3409 4566 3503 4618 τὸν
3532 4566 3780 4637 δλεθρον-

547 4658 835 4713 ιιιιῐιειιοο
883 4658 1027 4712 enim
1070 4656 1506 4711 Christianorum
1560 4666 1645 4712 est
1693 4676 1707 4711 :
1756 4658 1856 4712 hoc
1914 4657 2110 4715 fratres

2219 4660 2370 4713 τοῦτο
2398 4659 2505 4729 γὰρ
2540 4658 2881 4728 Χριστιανῶν
2902 4674 2916 4688 ο
2945 4657 3103 4710 τοῦτο
3153 4657 3502 4725 φιλαδέλφων
3524 4676 3541 4690 θ
3578 4661 3660 4712 ὅτι
3703 4660 3784 4713 καί

546 4750 878 4816 amantium;
927 4750 1055 4820 quia
1098 4758 1152 4802 et
1195 4747 1627 4817 Dominus,cum
1654 4751 1819 4805 sciret
1874 4751 2004 4820 quid
2035 4751 2111 4805 fa-

2220 4754 2237 4804 5
2265 4752 2469 4821 Κύριος
2496 4750 2587 4803 τὸν
2629 4750 2827 4803 Ἰούδαν
2853 4750 3067 4813 πολλοῖς
3094 4750 3335 4821 χρηστεύ
3346 4768 3505 4819 μασι,
3530 4755 3633 4806 καὶ
3658 4755 3785 4823 διορ-

546 4856 736 4898 cmrus
786 4852 933 4898 esset
959 4841 1172 4907 Iudas,
1224 4843 1409 4897 multis
1434 4842 1828 4900 benevolentiae
1876 4845 2111 4913 indiciis,

2215 4845 2461 4907 θωτικοῖς
2529 4841 3002 4912 προφητεύμασιν,
3074 4842 3229 4905 εἰδὼς
3262 4842 3289 4895 ὃ
3342 4843 3544 4912 ἔμελλε
3603 4849 3780 4907 ποιεῖν,

547 4936 865 5005 idoneisque
899 4937 967 4989 ad
1000 4936 1396 5005 correptionem
1438 4937 1881 5006 przedictionibus
1926 4938 2112 4993 deter-

2213 4935 2467 5003 ἐπειρᾶτο
2493 4933 2832 4985 ἀναπείθειν*
2861 4932 2922 4983 τὸ
2954 4932 3077 4984 οὐαὶ
3108 4933 3255 5002 αὐτῷ
3291 4934 3778 5005 ἐπιφθεγγόμενος,

547 5043 667 5080 rcre
700 5028 848 5081 illum
876 5029 1195 5093 conabatur,
1224 5044 1304 5083 vat
1332 5028 1433 5097 ipsi
1470 5029 1796 5084 denuntians
1816 5070 1831 5094 ,
1863 5040 1919 5084 et
1942 5046 2109 5100 expe-

2215 5028 2404 5089 καὶτὸ,
2432 5045 2450 5077 ι
2473 5026 2772 5095 Συνέφερεν
2801 5026 2847 5077 εί
2874 5026 2974 5077 οὐκ
3004 5026 3270 5095 ἐγεννήθη
3293 5029 3321 5078 6
3341 5028 3439 5080 ἄνθ
3452 5044 3639 5099 ρωπος
3655 5033 3780 5081 ἐκεῖ·

545 5120 661 5173 dire
689 5120 875 5176 dicens
895 5133 953 5176 ut
978 5131 1136 5177 natus
1166 5137 1272 5176 non
1290 5131 1435 5176 esset
1467 5121 1631 5177 homo
1657 5122 1745 5177 ille
1764 5123 1830 5176 ".
1870 5121 1974 5178 Sed
2003 5141 2108 5179 non

2218 5135 2333 5181 νος,
2362 5136 2380 5169 ι
2411 5116 2729 5186 λέγων.κᾶν
2763 5118 2822 5169 οὐ
2852 5117 3084 5185 συνῆκεν
3103 5120 3130 5169 6
3164 5117 3353 5179 τάλας.
3380 5117 3444 5170 ΕΞ
3471 5121 3639 5184 δὲ,ιῦς
3670 5120 3776 5189 φὴς,

546 5209 811 5264 intellexit
841 5210 1025 5266 miser.
1064 5210 1220 5277 Quod
1254 5212 1340 5275 si,
1378 5220 1437 5265 ut
1486 5211 1569 5267 ais
1594 5249 1610 5276 ,
1648 5221 1703 5265 et
1743 5212 1894 5266 illum
1925 5213 2109 5282 lugent

2215 5214 2310 5266 καὶ
2339 5209 2844 5281 καταθρηνοῦσιτδν
2874 5209 3309 5275 Ἰουδοτὲλεστον,
3339 5214 3437 5264 καὶ
3461 5214 3776 5283 ἀπεύχονται

544 5301 639 5369 qui
669 5300 859 5355 eodem
890 5316 954 5356 ac
986 5300 1155 5359 ludas
1181 5304 1347 5357 exitio
1369 5303 1550 5373 periit,
1575 5310 1629 5357 et
1673 5303 1741 5358 ab
1765 5303 1910 5359 omni
1948 5303 2107 5357 Chri-

2211 5304 2308 5374 τῆς
2343 5303 2560 5374 μερίδος
2589 5303 2802 5373 ἐκείνης
2824 5301 3002 5356 πάντα
3026 5301 3379 5372 Χριστιανὸν,
3407 5304 3507 5357 καὶ
3540 5306 3776 5357 ἔκστασιν

613 5437 663 5473 ἰ
688 5437 849 5495 Joan.
882 5457 1001 5510 vttl,
1030 5443 1121 5499 44.
1182 5445 1229 5478 θ’
1258 5441 1455 5514 Philip.
1490 5458 1550 5514 ιι,
1585 5444 1667 5500 l2.
1743 5445 1788 5478 "
1824 5443 2013 5501 Matth.
2038 5458 2193 5511 τινι,
2230 5442 2323 5499 24.

2043 5587 2276 5645 NOTAE.

615 5715 676 5785 (⁹)
708 5716 1035 5787 Dogmatica.

2284 5720 2393 5790 (lii)
2419 5717 2478 5777 In
2516 5718 2636 5774 cod.
2666 5718 2797 5789 Reg.
2834 5722 2968 5789 ρνγθ.
