3964 6320
150 351 311 414 1477

1352 357 1888 421 EPISTOLARUM
1928 361 2074 425 LIB.
2137 363 2220 424 II.

3268 374 3401 441 1478

141 467 466 536 ἐξέστησαν
501 466 840 540 ἀναφορήτου
884 469 1138 540 Θλίψεως,
1169 472 1264 526 καλ.
1295 471 1517 545 ζητοῦσι
1553 475 1733 545 παρά-

1836 477 2013 532 stiauo
2034 487 2234 533 sortem
2264 479 2410 536 illam
2437 481 2815 552 deprecantur,
2839 485 3191 544 intoleranda:
3221 503 3400 549 autem

139 559 397 630 κλησινο
438 560 492 612 τί
539 559 698 613 τοῦτο
751 562 888 633 ὅπερ
937 563 1120 635 διηγῇ,
1173 567 1206 638 ἤ
1266 566 1347 618 ὃτι
1406 566 1483 636 τῷ
1517 567 1736 637 Χριστῷ

141 650 537 704 ἐναντιοῦνται
561 652 610 702 οί
635 655 883 721 χωρῖται,
926 655 1021 706 καὶ
1071 655 1148 725 τῷ
1199 656 1429 725 διαϐόλῳ
1462 658 1735 725 ἀνοίγουσι

141 741 221 792 θύ
233 761 336 812 ραν
359 744 633 806 ἀπωλείας
650 745 756 795 τῶν
774 744 1284 817 ἁξιοπαρακλὴτωνς
1313 749 1450 801 Οὐαὶ
1465 753 1574 812 τοῖς
1597 749 1737 802 οὕτω

141 833 559 895 ποιοῦσιν,ὄτι
615 834 868 903 συνεργοί
906 837 1012 887 εἰσι
1063 835 1158 889 τοῦ
1221 837 1484 892 διαϐόλου.
1542 839 1737 902 Καλῶς

139 918 258 973 οὖν
294 925 320 974 ὁ
372 923 560 992 κύριος
580 925 866 995 Μακάριος
886 927 978 979 καὶ
1000 931 1364 997 πνευματικὸς
1383 931 1569 1002 Πατὴρ
1599 948 1739 1002 παρ-

141 1013 394 1064 εκάλεσε
415 1015 541 1076 τοὺς
566 1015 837 1076 τοιούτους
863 1033 876 1046 ·
905 1017 1087 1080 καλῶς
1111 1019 1205 1070 καὶ
1233 1020 1454 1090 ἑστιάθη
1482 1024 1538 1074 ἐν
1557 1023 1738 1094 ἐκείνῃ

142 1105 223 1170 τῇ
266 1103 442 1169 οἰκίᾳ·
475 1103 569 1154 καὶ
601 1105 784 1174 μηδεὶς
819 1107 1142 1176 Χριστιανὸς
1180 1109 1500 1179 διακρινέτω
1528 1111 1588 1163 τὸ
1607 1111 1737 1164 αὐτὸ

145 1197 362 1246 ποιεῖν.
410 1193 627 1265 Ἐπειδὴ
678 1196 734 1248 δὲ
791 1197 948 1265 λόγος
997 1201 1127 1269 περὶ
1178 1202 1490 1268 ἐπιτιμίουο
1522 1203 1618 1272 ούχ
1655 1204 1737 1256 ὅτι

145 1286 411 1338 ὑπαίτιοι
467 1289 788 1355 (Ἕκαστος
815 1291 946 1358 γὰρ,
967 1293 1151 1362 φησὶν,
1182 1293 1251 1345 ἐν
1275 1293 1349 1361 τῇ
1363 1295 1613 1362 ἁμαρτίᾳ
1634 1299 1738 1349 αὑ-

145 1376 272 1428 τοῦ
305 1378 711 1443 ἀποθανεῖται,
770 1381 868 1434 καὶ
921 1385 1031 1436 οὐκ
1078 1385 1518 1439 ἀποθανοῦνται
1556 1387 1738 1441 τέκνα

146 1468 320 1535 ὑπὲρ
350 1472 640 1537 πατέρων,
670 1474 743 1537 ὡς
778 1476 869 1527 καὶ
893 1476 1173 1547 ἔμπαλιν),
1219 1479 1353 1549 πρὸς
1397 1479 1453 1531 δὲ
1488 1497 1736 1550 παρηγο-

148 1559 314 1626 ρίαν,
369 1563 464 1631 μιᾷ
509 1564 928 1638 Τεσσαρακοστῇ
985 1570 1305 1636 φυλάξονται
1362 1573 1732 1641 κρεωφαγίας,

142 1651 409 1719 δηλονότι
443 1656 536 1707 καὶ
566 1658 660 1710 τοῦ
695 1659 770 1730 μὴ
802 1662 1050 1730 μετέχειν
1091 1664 1197 1723 τῶν
1232 1665 1607 1734 ἁγιασμάτων.
1641 1668 1736 1730 Εἰς

143 1742 214 1793 δὲ
255 1743 353 1813 τὴν
405 1747 704 1816 ἐκκλησίαν
755 1753 1070 1805 εἰσιέτωσαν
1100 1755 1401 1824 εὐχόμενοι,
1441 1757 1600 1826 μέχρι
1628 1759 1734 1811 τῶν

1838 568 2145 624 aﬂlictionis
2171 572 2513 628 vehementia
2546 587 2695 630 extra
2729 593 2785 630 se
2816 579 3017 647 positi,
3069 585 3402 642 consolatio-

1837 676 1959 713 nem
1990 673 2274 731 quaarunt;
2303 666 2430 734 quid
2469 668 2570 721 hoc
2602 677 2683 722 est
2710 673 2851 738 quod
2878 688 3092 734 narras,
3131 677 3231 730 nisi
3259 678 3403 746 quod

1837 750 2055 806 Christo
2109 755 2470 810 adversantur
2533 759 2746 825 vicani,
2805 769 2858 815 et
2908 762 3123 820 diabolo
3178 769 3401 836 januam

1838 843 2088 910 aperiunt
2109 845 2174 898 ad
2203 846 2494 913 perniciem
2525 864 2712 903 eorum
2741 851 2833 919 qui
2859 855 3236 910 consolatione
3255 860 3401 926 digni

1838 937 2001 987 sunt?
2031 935 2120 988 Vae
2153 936 2219 990 iis
2251 938 2342 1006 qui
2375 939 2452 993 sic
2485 949 2669 1010 agunt,
2705 943 2831 1010 quia
2861 957 3242 1013 cooperatores
3276 960 3404 1004 sunt

1836 1027 2059 1079 diaboli.
2097 1028 2258 1082 Recte
2285 1030 2442 1099 igitur
2472 1032 2726 1088 dominus
2767 1035 3036 1092 Macarius
3067 1048 3118 1092 et
3149 1041 3404 1109 spiritua-

1838 1118 1905 1170 lis
1945 1116 2103 1172 Pater
2137 1120 2270 1175 istos
2295 1124 2604 1177 consolatus
2644 1137 2758 1190 est;
2798 1138 2944 1182 recte
2967 1140 3018 1183 et
3044 1131 3094 1182 in
3129 1132 3213 1184 illa
3241 1133 3403 1186 domo

1838 1209 2014 1264 cibum
2046 1213 2310 1280 sumpsit;
2367 1230 2465 1268 nec
2509 1215 2651 1268 ullus
2681 1216 3028 1274 Christianus
3056 1221 3195 1275 idem
3223 1223 3402 1279 facere

1838 1311 2141 1356 cunctetur.
2160 1303 2425 1368 Quoniam
2459 1317 2638 1360 autem
2661 1309 2725 1361 de
2746 1308 3022 1366 indicenda
3043 1329 3201 1381 paena
3222 1331 3401 1371 sermo

1836 1402 1948 1456 est;
1984 1409 2089 1446 non
2117 1397 2259 1462 quod
2286 1399 2394 1449 sint
2419 1398 2706 1466 culpandi:
2735 1397 3096 1473 Unusquisque
3117 1409 3275 1466 enim,
3304 1409 3401 1474 ait,

1838 1486 1892 1537 in
1923 1499 2130 1553 peccato
2158 1504 2254 1539 suo
2287 1490 2571 1553 morietur;
2612 1499 2659 1543 et
2707 1508 2807 1544 non
2860 1499 3151 1549 morientur
3179 1499 3280 1566 ﬁlii
3307 1517 3402 1568 pro

1835 1579 2073 1648 patribus
2099 1580 2164 1632 9‘.
2200 1581 2308 1634 Aut
2336 1583 2454 1636 vice
2485 1599 2641 1637 versa
2673 1603 2686 1638 :
2718 1585 2811 1639 sed
2838 1588 2900 1640 ad
2932 1592 3359 1646 consolationem
3386 1612 3399 1647 :

1835 1670 2260 1740 Quadragesima
2293 1688 2398 1726 una
2438 1674 2506 1726 ab
2527 1689 2620 1728 esu
2662 1677 2908 1729 carnium
2933 1678 3315 1742 abstinehunt,
3353 1692 3406 1734 et

1837 1765 2026 1833 utique
2058 1765 2421 1819 sacramentis
2469 1782 2685 1837 quoque
2721 1785 2828 1823 non
2874 1773 3298 1841 participabunt.
3344 1775 3405 1828 In

145 1839 588 1906 κατηχουμένων
642 1843 1015 1911 ἐπιμένοντες,
1062 1845 1300 1899 δότωσαν
1342 1824 1451 1900 καὶ.
1485 1824 1585 1920 την
1644 1851 1733 1902 ἀν-

1838 1853 2134 1909 Ecclesiam
2164 1864 2342 1908 autem
2379 1856 2750 1926 ingrediantur
2779 1859 3010 1920 oraturi,
3046 1860 3230 1911 tandiu
3273 1861 3406 1913 dum

145 1928 408 1996 ήκουσαν
443 1934 636 2001 μοῖραν
671 1934 764 1986 τοῦ
797 1934 980 1988 ἀθλίου
1006 1940 1115 2000 τοῖς
1145 1943 1382 2009 πτωχοῖς
1419 1939 1577 2012 [Begu
1609 1943 1733 1997 cod.

144 2020 242 2080 εἰς
297 2021 588 2093 πτωχούς].
637 2025 932 2096 Προσφορά
981 2029 1079 2096 μὲν
1127 2029 1235 2100 γὰρ
1283 2033 1376 2084 καὶ
1433 2033 1737 2103 λειτουργία

147 2109 308 2180 ὑπὲρ
329 2113 492 2164 αὐτοῦ
527 2114 586 2165 ού
622 2114 779 2184 θέμις
812 2118 1059 2185 γίνεσθαι
1109 2121 1321 2193 πάντηξ⁶
1363 2123 1476 2194 ἡδὲ
1512 2124 1738 2194 ἐλεημο-

148 2202 300 2271 σύνη
335 2204 606 2269 γινέσθω·
639 2209 841 2276 ὠφελεῖ
887 2213 999 2283 γὰρ
1048 2213 1184 2282 αὕτη
1225 2219 1318 2268 καὶ
1364 2218 1443 2279 εἰς
1485 2218 1732 2283 ἄπιστον,

146 2293 238 2355 ὥς
267 2312 428 2364 φησιν
461 2299 487 2349 ὁ
516 2299 901 2372 Χρυσόστομος
924 2320 936 2332 ⁸
976 2305 1068 2357 καὶ
1109 2306 1282 2370 ἄλλως
1320 2309 1400 2360 ὅτι
1432 2309 1524 2362 τοῦ
1564 2310 1736 2364 Ἰούδα

145 2387 226 2438 τὰ
271 2387 509 2454 ἀγκτικά
544 2393 786 2462 ἀργύρια
831 2398 910 2457 είς
954 2399 1128 2467 ταφὴν
1170 2403 1284 2463 τοῖς
1336 2401 1506 2466 ξένοις
1553 2404 1733 2475 ἐδόθη.

147 2477 502 2548 Πηξάτωσαν
542 2491 635 2537 καὶ⁵
667 2486 726 2539 τὸ
780 2492 1003 2557 σημεῖον
1051 2492 1142 2544 τοῦ
1176 2492 1438 2556 ζωοποιοῦ
1501 2496 1734 2568 σταυροῦ

147 2575 243 2632 εἰς
272 2575 365 2624 τὸν
393 2576 574 2638 τόπον,
603 2572 665 2631 οὗ
694 2581 726 2648 ή
758 2580 960 2652 ἀγχόνη
984 2599 999 2614 ο
1035 2585 1115 2638 ὅτι
1146 2589 1239 2638 καὶ
1262 2589 1422 2651 αὐτὸς
1443 2591 1469 2641 ὁ
1502 2591 1734 2661 σταυρὸς

149 2665 218 2714 ὲν
255 2664 330 2732 τῷ
345 2666 584 2734 Κρανίου
607 2669 755 2739 τόπῳ
785 2673 1059 2741 πήγνυται
1084 2692 1098 2705 ’
1127 2676 1260 2729 διότι
1285 2681 1401 2730 ἐκεῖ
1425 2680 1514 2731 τοῦ
1531 2681 1736 2751 ἀνθρωο

147 2756 589 2825 ποκτονηθέντος
632 2759 800 2831 ’Λδάμ
829 2764 890 2816 τὸ
918 2769 1156 2834 κρανίον,
1182 2769 1274 2836 ἀφ’
1304 2765 1363 2823 οὗ
1393 2771 1488 2823 καὶ
1512 2772 1729 2840 ὠνόμα-

150 2863 306 2900 σται.
333 2849 580 2903 Τοσαῦτα
602 2850 797 2923 ἔχομεν
815 2856 994 2924 λέγειν
1031 2863 1095 2913 ἐκ
1119 2861 1227 2913 τῶν
1243 2863 1300 2914 ὲν
1334 2863 1575 2935 Γραφαῖς
1601 2879 1614 2894 '
1641 2863 1737 2916 καὶ

147 2938 287 3000 τοὺς
331 2939 428 3008 μὲν
458 2942 616 2994 τοῦτο
651 2946 921 3010 παθόντας
953 2952 1395 3020 παρακαλοῦντες
1431 2954 1734 3024 καταλῆξαι

147 3030 257 3096 τῆς
287 3028 492 3098 πολλῆς
519 3031 720 3105 λύπης,
769 3038 867 3089 καὶ
882 3038 948 3090 δι’
971 3042 1322 3110 εὐχαριστίας
1345 3045 1440 3096 καὶ
1466 3045 1733 3114 ἀγαθοερ-

1837 1946 2215 2001 catechumeni
2281 1948 2659 2009 dimittantur,
2723 1959 3136 2017 permanentes;
3196 1963 3402 2020 partem

1835 2039 1998 2093 etiam
2032 2053 2152 2107 qua:
2185 2038 2250 2091 ad
2281 2037 2542 2092 miserum
2577 2038 2730 2092 illum
2758 2041 3076 2108 pertinebat,
3115 2042 3243 2095 dent
3269 2059 3406 2112 pau—

1835 2131 2077 2200 peribus.
2110 2129 2244 2183 Nam
2273 2131 2600 2183 oblationem
2643 2142 2696 2184 et
2730 2131 3002 2200 liturgiam
3040 2148 3137 2200 pro
3172 2135 3262 2188 illo
3292 2135 3405 2188 fieri

1835 2221 2057 2277 omnino
2107 2237 2213 2274 non
2261 2222 2424 2276 licet:
2457 2223 2798 2293 eleemosyna
2846 2239 2975 2278 vero
3019 2227 3153 2279 fiat:
3188 2227 3405 2294 prodest

1833 2312 1978 2366 enim
2017 2313 2129 2367 haec
2164 2315 2324 2367 etiam
2359 2312 2584 2374 infideli,
2624 2322 2682 2365 ut
2708 2314 2840 2367 dicit
2864 2314 3323 2385 Chrysostomus;
3353 2328 3405 2372 et

1834 2421 1898 2459 ex
1933 2402 2083 2459 Judaa
2117 2405 2314 2475 laqueo
2347 2406 2554 2459 nummi
2582 2406 2822 2472 argentei
2852 2407 2915 2459 ad
2958 2409 3288 2475 sepulturam
3310 2426 3402 2477 pe-

1835 2496 2172 2564 regrinorum
2200 2496 2382 2550 donati
2408 2507 2554 2550 sunt.
2588 2495 2814 2564 Signum
2843 2499 3002 2550 etiam
3037 2501 3262 2553 vivilicae
3287 2517 3406 2554 cru-

1835 2585 1982 2638 cisin
2001 2602 2066 2640 eo
2083 2587 2204 2639 loco
2225 2586 2480 2656 deligant,
2509 2585 2597 2638 ubi
2616 2587 2942 2656 praafocatus
2967 2587 3068 2641 fuit
3091 2606 3103 2641 :
3130 2590 3400 2658 siquidem

1835 2691 1968 2730 crux
2002 2677 2116 2744 ipsa
2151 2678 2200 2729 in
2230 2677 2492 2734 Calvaria:
2525 2678 2646 2732 loco
2676 2678 2854 2732 deﬁxa
2886 2679 3024 2743 fuit,
3055 2696 3120 2734 eo
3147 2683 3290 2750 quod
3329 2684 3399 2735 ibi

1836 2770 2074 2822 hominis
2129 2770 2323 2822 mortui
2374 2769 2544 2823 Adam
2591 2770 2873 2826 calvaria:
2911 2773 3052 2826 unde
3106 2783 3157 2826 et
3205 2789 3402 2829 nomen

1836 2863 1958 2916 loco
1991 2863 2196 2916 datum.
2230 2861 2354 2915 Haec
2379 2861 2674 2916 habuimus
2722 2878 2841 2931 qua:
2867 2879 2930 2916 ex
2980 2863 3279 2934 Scripturis
3319 2868 3403 2919 di-

1837 2969 2118 3019 ceremus;
2147 2969 2255 3021 quo
2281 2953 2400 3007 illos
2432 2953 2778 3007 hortaremur
2799 2953 2996 3023 quibus
3022 2953 3072 3007 id
3096 2956 3313 3018 accidit,
3344 2964 3404 3011 ut

1836 3064 2034 3119 magno
2065 3049 2241 3103 dolori
2281 3049 2444 3104 finem
2500 3050 2802 3118 imponant,
2851 3059 2906 3104 et
2949 3065 3074 3104 cum
3105 3051 3402 3120 gratiarum

147 3116 284 3183 γίας
315 3122 697 3194 προσεδρεύειν
716 3127 795 3199 τῷ
826 3130 1018 3201 ἀγαθῷ
1056 3132 1193 3201 Θεῷ,
1240 3134 1377 3196 Τοὺς
1409 3134 1464 3187 δὲ
1496 3135 1588 3187 τοῦ
1620 3154 1727 3206 χω-

1838 3142 2069 3205 actione,
2119 3141 2262 3194 bona
2307 3156 2471 3209 opera
2517 3142 2659 3196 hono
2703 3140 2814 3196 Deo
2861 3144 3050 3198 sedulo
3089 3146 3400 3199 exhibeant.

152 3207 278 3276 ρίου
310 3213 708 3280 παραινοῦντες
751 3219 1058 3289 ἀφεμένους
1100 3222 1199 3290 τῆς
1243 3226 1484 3294 πονηρᾶς
1518 3226 1734 3296 διακρί-

152 3317 320 3366 σεως,
381 3307 674 3371 κοινωνοὺς
723 3308 866 3379 ἔχειν
923 3312 999 3374 ὡς
1047 3314 1176 3384 πρὶν
1225 3316 1351 3378 τοὺς
1399 3317 1499 3386 τῆς
1555 3317 1734 3382 οίκίας

148 3391 419 3464 ἐκείνης,
476 3397 534 3449 ὲν
599 3400 821 3473 Χριστῷ
895 3404 1070 3475 Ἰησοῦ
1139 3406 1216 3478 τῷ
1279 3408 1470 3480 Κυρίῳ
1549 3409 1728 3480 ἡμῶν.

164 3481 370 3556 Ἀμήν.

335 3626 632 3702 ΡΝΔ’(46).
661 3665 730 3673 -
754 3635 980 3704 Νικήτᾳ
1009 3638 1335 3708 ἡγουμένῳ.
1364 3641 1547 3715 [χλβ’.]

1837 3234 2070 3287 Vicanos
2088 3246 2212 3286 vero
2237 3232 2616 3299 admonemus,
2646 3242 2706 3288 ut
2731 3249 2896 3303 pravo
2917 3235 3110 3290 affectu
3135 3239 3398 3307 deposito,

1833 3340 1957 3379 cum
1993 3323 2058 3377 iis
2085 3322 2177 3391 qui
2221 3321 2274 3374 in
2310 3322 2471 3375 domo
2511 3323 2600 3376 illa
2631 3333 2780 3388 sunt,
2820 3326 3046 3394 pristino
3074 3343 3223 3381 more
3254 3344 3404 3382 com-

1831 3415 2133 3476 municent,
2171 3413 2223 3467 in
2255 3412 2472 3468 Christo
2490 3413 2622 3470 Jesu
2656 3413 2888 3470 Domino
2916 3427 3126 3472 nostro.
3170 3418 3364 3474 Amen.

2143 3636 2318 3692 CLIV.
2350 3667 2420 3675 —
2458 3636 2657 3693 Niccta:
2687 3642 2964 3709 praeposito
2988 3642 3076 3713 (‘).

155 3769 303 3827 Quod
329 3771 638 3835 participatio
658 3780 713 3824 et
733 3776 1010 3827 communio
1034 3779 1164 3829 idem
1191 3780 1310 3831 sint:
1338 3788 1488 3892 msice
1512 3783 1636 3892 aggo
1652 3779 2186 3892 ιριιῗὲὲέξέξοὲἓὲρῖἓιιη,
2207 3791 2318 3827 cum
2354 3776 2674 3840 participatur
2729 3780 2788 3828 ab
2812 3778 3077 3843 aliquibus,
3101 3794 3213 3830 cum
3242 3782 3406 3833 haere-

1487 3859 1512 3892 s
1603 3859 1648 3892 m
2043 3856 2054 3869 ‘
2139 3868 2152 3879 -

1401 3853 1512 3894 UClS
1542 3853 1926 3894 commmcantes
1946 3853 2152 3891 81110131.-

236 3941 347 3994 Οὐκ
396 3943 644 4015 ἄκαιρον,
699 3942 890 4019 οἴμαι,
929 3949 991 4002 τὺ
1029 3950 1202 4021 παρὸν
1241 3954 1622 4023 γραμματεῖον
1663 3957 1729 4025 τῇ

149 4037 404 4104 πατρικῇ
440 4052 530 4088 σου
560 4039 838 4113 ἁγιωσύνῃ
863 4056 878 4071 ·
915 4041 976 4094 οὐ
1015 4041 1174 4110 μόνον
1198 4043 1278 4096 ὅτι
1307 4044 1369 4097 τὸ
1388 4045 1488 4114 τῆς
1508 4045 1732 4116 ἀγάπης

149 4126 397 4194 πληροῖ·
435 4128 550 4181 ἀλλ’
578 4131 660 4185 ὅτι
706 4135 801 4185 καὶ
843 4135 1087 4204 λυπηρόν
1116 4152 1168 4188 τι
1206 4136 1450 4201 ὲνιζάνον
1476 4137 1638 4208 ἡμῶν
1662 4140 1728 4208 τῇ

146 4219 388 4287 ταπεινῇ
413 4218 558 4290 ψυχῇ
580 4263 594 4286 ,
629 4229 996 4294 φανεροποιεϊ.
1031 4229 1158 4291 Καὶ,
1191 4230 1238 4281 εί
1264 4229 1530 4295 κελεύεις,
1557 4233 1728 4301 πρόσ-

1906 3952 2025 4007 Non
2073 3951 2380 4020 importuna
2433 3950 2554 4014 erit,
2585 3952 2800 4020 opinor,
2837 3951 2955 4006 haec
3011 3952 3243 4023 epistola
3304 3971 3404 4025 pa-

1834 4056 2004 4100 ternae
2028 4043 2301 4099 sanctitati
2335 4051 2442 4098 tua:
2485 4063 2499 4097 :
2541 4058 2650 4097 non
2685 4044 2862 4099 solum
2902 4046 3030 4114 quia
3069 4044 3243 4100 ofﬁcio
3275 4046 3406 4102 fun-

1833 4135 1977 4206 gitur
2015 4135 2298 4190 charitatis
2323 4152 2339 4201 ;
2379 4150 2567 4189 verum
2594 4135 2758 4189 etiam
2788 4135 2915 4204 quia
2944 4138 3099 4190 triste
3121 4138 3403 4205 quiddam,

1831 4228 1977 4298 quod
2029 4229 2083 4281 in
2111 4226 2304 4281 humili
2359 4227 2540 4282 anima
2617 4236 2801 4282 nostra
2845 4227 3061 4295 insidet,
3123 4229 3400 4298 patefacit.

147 4321 251 4377 χες
316 4311 428 4371 τοῖς
490 4310 826 4380 λεγομένοις.
876 4315 1010 4370 Μεθ’
1058 4318 1408 4389 ὑποστροφὴν
1434 4320 1535 4390 τῆς
1563 4322 1622 4375 ὲν
1649 4321 1728 4391 τῷ

1836 4319 1916 4382 Ει,
1962 4319 2008 4373 si
2055 4320 2234 4389 iubes,
2268 4319 2486 4374 attende
2513 4335 2636 4389 quae
2693 4319 2892 4374 dicam.
2928 4319 3062 4376 Post
3103 4322 3335 4376 reditum
3373 4339 3402 4377 a

162 4397 398 4470 Ἀκρίτα
449 4404 720 4472 συνόψεως
756 4408 912 4477 ἡμῶν
951 4408 1058 4462 τῶν
1098 4411 1268 4479 ἁγίων
1291 4413 1571 4480 Πατέρων,
1605 4431 1730 4467 συν-

1836 4421 2120 4479 conspectu
2178 4420 2377 4464 sanctae
2444 4409 2793 4479 paternitatis
2853 4419 3051 4466 vestra;
3091 4411 3144 4464 in
3193 4412 3401 4479 Acrita,

147 4489 351 4560 έτυχον
379 4492 453 4562 τῷ
483 4496 736 4567 ἡμετέρῳ
759 4499 972 4570 ἀδελφῷ
1010 4500 1335 4573 Ἀθανασίῳ,
1369 4503 1730 4574 διηγούμενος

1827 4515 2152 4567 congressus
2213 4515 2334 4552 sum
2392 4513 2515 4553 cum
2593 4499 2761 4554 fratre
2802 4509 2992 4554 nostro
3063 4501 3402 4568 Athanasio,

147 4582 364 4635 ’ἐκαστα
397 4586 502 4638 τῶν
533 4592 589 4639 ἐν
616 4590 803 4662 Κυρίῳ
823 4593 1226 4664 διειλεγμένωνο
1251 4595 1514 4660 ἐπειπὼν,
1539 4597 1618 4649 ὅτι
1637 4598 1733 4650 καὶ

1836 4591 2041 4660 singula
2079 4605 2340 4644 enarratis
2394 4590 2462 4644 de
2494 4591 2690 4660 quibus
2738 4591 2793 4644 in
2853 4590 3082 4647 Domino
3117 4592 3400 4648 disserue-

146 4676 178 4727 δ
209 4677 305 4728 τοῦ
341 4678 632 4747 Μηδικίου,
678 4684 956 4755 συνίστησι
1014 4686 1104 4739 τὸν
1159 4686 1465 4757 Μαξιμίνου
1521 4689 1612 4741 ἐπὶ
1657 4692 1724 4759 τῇ
1761 4684 1803 4738 D
1833 4699 2017 4737 ramus
2062 4701 2075 4737 :

147 4767 420 4840 καλλίστῃ
452 4773 719 4844 μεταϐολῇ
746 4777 930 4841 αὑτοῦ,
968 4778 1134 4848 ἤγουν
1170 4780 1434 4848 ἀπολογία
1477 4781 1574 4832 καὶ
1608 4782 1730 4849 ὁμο-

145 4859 334 4931 λογίᾳ.
382 4860 438 4912 ’0
465 4863 520 4914 δὲ
548 4865 825 4930 ἀνένευσε,
857 4870 953 4922 καὶ
995 4870 1094 4939 τὴν
1140 4873 1324 4926 αἰτίαν
1369 4873 1467 4942 τῆς
1501 4872 1728 4927 ἀνανεύ-

150 4968 329 5014 σεως·
361 4951 473 5020 ἐγὼ
523 4957 622 5023 μὲν
670 4958 933 5029 ἀπῄτουν,
966 4963 1171 5025 ἐκεῖνος
1217 4963 1273 5016 δέ
1311 4981 1497 5034 φησιν’
1540 4965 1726 5036 Ἐντῷ

145 5041 568 5114 ’Δπολογητικῷ
585 5047 720 5118 ὅπερ
741 5051 1138 5120 συνεγράψατο,
1159 5052 1254 5104 καὶ
1274 5053 1438 5116 αὐτὸς
1461 5053 1724 5122 ἀνέγνων,

753 5142 854 5162 3-⁸,ἵῖ

2123 4683 2326 4738 addens
2383 4683 2625 4754 insuper,
2662 4683 2806 4753 quod
2876 4684 3218 4739 Mediciensis
3247 4701 3402 4740 com-

1835 4776 2053 4829 mendat
2090 4773 2442 4828 Maximinum
2475 4775 2528 4828 in
2569 4774 2937 4846 pulcherrima
2991 4778 3109 4845 ejus
3167 4792 3404 4832 conver-

1835 4866 2010 4931 sione,
2030 4866 2131 4921 hoc
2142 4875 2245 4930 est,
2261 4866 2313 4919 in
2331 4867 2579 4936 apologia
2599 4877 2652 4921 et
2669 4864 3035 4924 confessione.
3057 4867 3150 4922 Ille
3169 4884 3293 4921 vero
3307 4871 3404 4925 ab-

1831 4963 1951 5016 nuit
1967 4981 1980 5016 :
1999 4977 2159 5030 cumq
2171 4976 2236 5015 uc
2251 4976 2471 5015 causam
2488 4977 2735 5031 rogarem
2754 4976 2851 5015 cur
2869 4962 3134 5017 abnueret
3158 4961 3246 5030 :[ln
3265 4962 3406 5032 Apo-

1825 5053 2288 5124 logetico,inquit,
2308 5068 2468 5122 quem
2493 5053 2840 5122 conscripsit,
2859 5063 2914 5108 et
2948 5069 3109 5124 quem
3136 5055 3253 5122 ipse
3273 5055 3400 5124 legi,

146 5135 300 5203 λέγει
335 5137 663 5205 μεταλαϐεῖν
686 5155 700 5170 ο
741 5142 854 5194 ἀλλ’
885 5143 1006 5212 οὐχ).
1039 5145 1388 5215 κοινωνῆσαι,
1414 5145 1507 5197 καὶ
1524 5148 1728 5199 οἰκονο-

1836 5147 1905 5201 ait
1954 5147 2330 5216 participasse,
2373 5161 2478 5199 non
2522 5156 2702 5201 autem
2738 5147 3197 5207 communicasse,
3240 5153 3404 5215 atque

151 5229 289 5299 μίαν
315 5225 458 5283 εἶναι
483 5232 608 5288 καθ’
634 5232 825 5300 ὖφεσιν
852 5235 1143 5306 ἀκριϐείας
1163 5274 1177 5298 ,
1196 5238 1312 5290 ἀλλ’
1339 5239 1438 5290 οὐκ
1454 5237 1728 5290 ἔκπτωσιν

1837 5238 1943 5292 hoc
1983 5238 2446 5306 dispensationem
2478 5251 2620 5303 esse,
2652 5252 2756 5306 qua
2789 5237 3151 5306 exactumjus
3181 5237 3400 5291 emitta-

147 5322 416 5390 ἀληθείας
445 5323 625 5376 τοῦτο.
654 5326 718 5378 Τί
743 5325 933 5390 ταῦτα,
958 5321 1003 5379 ὦ
1041 5328 1221 5396 Πάτερ
1243 5329 1545 5399 τιμιώτατε
1571 5346 1585 5394 ;
1622 5329 1733 5400 Οὐχ

1836 5338 1939 5394 tur,
1961 5330 2163 5384 veritas
2184 5338 2363 5382 autem
2390 5345 2497 5384 non
2527 5331 2828 5384 amittatur.
2865 5329 3136 5395 Quidnam
3170 5337 3272 5382 hoc
3295 5337 3399 5394 est,

148 5414 428 5483 ὁμολογεῖ,
457 5414 534 5478 ὡς
563 5417 621 5468 ὲν
647 5416 801 5489 τύπῳ
824 5421 1019 5486 εἰπεῖν,
1061 5419 1142 5473 ὄτι
1177 5422 1350 5491 φειδοῖ
1368 5419 1463 5474 τοῦ
1501 5421 1726 5492 γήρους,

225 5550 276 5582 ’⁸
310 5551 464 5606 Deut.
515 5567 666 5616 xxw,
710 5552 796 5609 i6.

1829 5419 1987 5476 Pater
2005 5421 2458 5476 honoratissime?
2488 5421 2680 5478 Annon
2704 5421 2786 5478 sic
2801 5422 3111 5488 confitetur,
3139 5429 3201 5475 ut
3245 5435 3400 5475 sum-

1672 5669 1896 5726 ΝΟΤᾸΕ.

231 5780 347 5849 (46)
382 5779 438 5835 In
468 5781 589 5838 cod.
620 5780 748 5854 Reg.
787 5787 902 5855 ριδ’.

1888 5789 1964 5858 (⁸)
2002 5787 2332 5860 Dogmatica.
