  <div class='ocr_page' id='page_1' title='image "/cluster/home/n/w/nwhite01/storage/ocr_20150623/99/pst.000005714063/801.png"; bbox 0 0 3964 6320; ppageno 0'>
   <div class='ocr_carea' id='block_1_1' title="bbox 570 320 2151 393">
    <p class='ocr_par' dir='ltr' id='par_1_1' title="bbox 570 324 2151 393">
     <span class='ocr_line' id='line_1_1' title="bbox 570 324 2151 393; baseline -0.005 -2"><span class='ocrx_word' id='word_1_1' title='bbox 570 327 707 393; x_wconf 69' lang='grc'><strong>1479</strong></span> <span class='ocrx_word' id='word_1_2' title='bbox 1748 328 1808 387; x_wconf 90' lang='lat' dir='ltr'><strong>S.</strong></span> <span class='ocrx_word' id='word_1_3' title='bbox 1852 324 2151 385; x_wconf 82' lang='lat' dir='ltr'><strong>THEODO</strong></span> 
     </span>
    </p>
   </div>
   <div class='ocr_carea' id='block_1_2' title="bbox 2252 320 3853 393">
    <p class='ocr_par' dir='ltr' id='par_1_2' title="bbox 2277 320 3853 384">
     <span class='ocr_line' id='line_1_2' title="bbox 2277 320 3853 384; baseline -0.001 -2"><span class='ocrx_word' id='word_1_4' title='bbox 2277 323 2623 384; x_wconf 78' lang='lat' dir='ltr'><strong>S’l‘UDlT/E</strong></span> <span class='ocrx_word' id='word_1_5' title='bbox 3716 320 3853 383; x_wconf 71' lang='grc'><strong>1480</strong></span> 
     </span>
    </p>
   </div>
   <div class='ocr_carea' id='block_1_3' title="bbox 568 433 2151 505">
    <p class='ocr_par' dir='ltr' id='par_1_3' title="bbox 568 433 2130 505">
     <span class='ocr_line' id='line_1_3' title="bbox 568 433 2130 505; baseline -0.003 -12"><span class='ocrx_word' id='word_1_6' title='bbox 568 439 757 493; x_wconf 88' lang='lat' dir='ltr'><strong>matim</strong></span> <span class='ocrx_word' id='word_1_7' title='bbox 788 435 967 491; x_wconf 88' lang='lat' dir='ltr'><strong>dicam</strong></span> <span class='ocrx_word' id='word_1_8' title='bbox 998 454 1012 490; x_wconf 91' lang='lat'>:</span> <span class='ocrx_word' id='word_1_9' title='bbox 1046 433 1320 491; x_wconf 87' lang='lat' dir='ltr'><strong>Senectuti</strong></span> <span class='ocrx_word' id='word_1_10' title='bbox 1374 450 1626 505; x_wconf 87' lang='lat' dir='ltr'><strong>parcens,</strong></span> <span class='ocrx_word' id='word_1_11' title='bbox 1667 437 1905 491; x_wconf 91' lang='lat' dir='ltr'><strong>animam</strong></span> <span class='ocrx_word' id='word_1_12' title='bbox 1957 452 2130 490; x_wconf 84' lang='lat' dir='ltr'><strong>meam</strong></span> 
     </span>
    </p>
   </div>
   <div class='ocr_carea' id='block_1_4' title="bbox 2252 433 3851 505">
    <p class='ocr_par' dir='ltr' id='par_1_4' title="bbox 2252 434 3851 505">
     <span class='ocr_line' id='line_1_4' title="bbox 2252 434 3851 505; baseline 0.001 -21"><span class='ocrx_word' id='word_1_13' title='bbox 2252 434 2408 489; x_wconf 52' lang='lat' dir='ltr'><strong>maca</strong></span> <span class='ocrx_word' id='word_1_14' title='bbox 2439 453 2545 504; x_wconf 78' lang='grc' dir='ltr'><strong>μου</strong></span> <span class='ocrx_word' id='word_1_15' title='bbox 2570 436 2668 503; x_wconf 81' lang='grc' dir='ltr'>τὴν</span> <span class='ocrx_word' id='word_1_16' title='bbox 2697 436 2893 504; x_wconf 67' lang='grc' dir='ltr'>ψυχὴν,</span> <span class='ocrx_word' id='word_1_17' title='bbox 2939 435 3280 503; x_wconf 75' lang='grc' dir='ltr'>κοινωνήσας</span> <span class='ocrx_word' id='word_1_18' title='bbox 3320 435 3416 488; x_wconf 77' lang='grc' dir='ltr'>ἐπὶ</span> <span class='ocrx_word' id='word_1_19' title='bbox 3461 436 3538 505; x_wconf 83' lang='grc' dir='ltr'>τῇ</span> <span class='ocrx_word' id='word_1_20' title='bbox 3600 435 3851 505; x_wconf 68' lang='grc' dir='ltr'>ἀρνήσει</span> 
     </span>
    </p>
   </div>
   <div class='ocr_carea' id='block_1_5' title="bbox 565 527 2151 601">
    <p class='ocr_par' dir='ltr' id='par_1_5' title="bbox 565 528 2131 601">
     <span class='ocr_line' id='line_1_5' title="bbox 565 528 2131 601; baseline -0.001 -18"><span class='ocrx_word' id='word_1_21' title='bbox 565 529 797 601; x_wconf 86' lang='lat' dir='ltr'><strong>perdidi,</strong></span> <span class='ocrx_word' id='word_1_22' title='bbox 823 528 1305 583; x_wconf 86' lang='lat' dir='ltr'><strong>communicansin</strong></span> <span class='ocrx_word' id='word_1_23' title='bbox 1330 530 1615 599; x_wconf 73' lang='lat' dir='ltr'><strong>negatione</strong></span> <span class='ocrx_word' id='word_1_24' title='bbox 1634 529 1886 600; x_wconf 82' lang='lat' dir='ltr'><strong>imaginis</strong></span> <span class='ocrx_word' id='word_1_25' title='bbox 1905 528 2131 595; x_wconf 88' lang='lat' dir='ltr'><strong>Christi,</strong></span> 
     </span>
    </p>
   </div>
   <div class='ocr_carea' id='block_1_6' title="bbox 2252 527 3851 601">
    <p class='ocr_par' dir='ltr' id='par_1_6' title="bbox 2252 527 3851 598">
     <span class='ocr_line' id='line_1_6' title="bbox 2252 527 3851 598; baseline -0.003 -19"><span class='ocrx_word' id='word_1_26' title='bbox 2252 528 2335 596; x_wconf 69' lang='grc' dir='ltr'><strong>τῆς</strong></span> <span class='ocrx_word' id='word_1_27' title='bbox 2363 529 2575 591; x_wconf 80' lang='grc' dir='ltr'><strong>εἰκόνος</strong></span> <span class='ocrx_word' id='word_1_28' title='bbox 2606 528 2863 598; x_wconf 80' lang='grc' dir='ltr'><strong>Χριστοῦ,</strong></span> <span class='ocrx_word' id='word_1_29' title='bbox 2899 528 2997 596; x_wconf 82' lang='grc' dir='ltr'>τῆς</span> <span class='ocrx_word' id='word_1_30' title='bbox 3027 544 3087 579; x_wconf 89' lang='grc' dir='ltr'><strong>τε</strong></span> <span class='ocrx_word' id='word_1_31' title='bbox 3117 527 3407 590; x_wconf 81' lang='grc' dir='ltr'>Θεοτόκου,</span> <span class='ocrx_word' id='word_1_32' title='bbox 3459 529 3566 581; x_wconf 73' lang='grc' dir='ltr'><strong>καὶ</strong></span> <span class='ocrx_word' id='word_1_33' title='bbox 3610 527 3851 579; x_wconf 67' lang='grc' dir='ltr'>πάντων</span> 
     </span>
    </p>
   </div>
   <div class='ocr_carea' id='block_1_7' title="bbox 564 619 2151 689">
    <p class='ocr_par' dir='ltr' id='par_1_7' title="bbox 564 619 2135 689">
     <span class='ocr_line' id='line_1_7' title="bbox 564 619 2135 689; baseline -0.001 -14"><span class='ocrx_word' id='word_1_34' title='bbox 564 628 619 675; x_wconf 89' lang='lat' dir='ltr'><strong>et</strong></span> <span class='ocrx_word' id='word_1_35' title='bbox 641 619 905 688; x_wconf 68' lang='lat' dir='ltr'><strong>Deiparze,</strong></span> <span class='ocrx_word' id='word_1_36' title='bbox 928 629 1354 689; x_wconf 91' lang='lat' dir='ltr'><strong>sanctorumque</strong></span> <span class='ocrx_word' id='word_1_37' title='bbox 1377 620 1621 673; x_wconf 90' lang='lat' dir='ltr'><strong>omnium</strong></span> <span class='ocrx_word' id='word_1_38' title='bbox 1657 640 1672 674; x_wconf 89' lang='lat'><strong>:</strong></span> <span class='ocrx_word' id='word_1_39' title='bbox 1709 621 1824 676; x_wconf 70' lang='lat' dir='ltr'><strong>haec</strong></span> <span class='ocrx_word' id='word_1_40' title='bbox 1845 623 1989 675; x_wconf 90' lang='lat' dir='ltr'><strong>enim</strong></span> <span class='ocrx_word' id='word_1_41' title='bbox 2017 622 2135 675; x_wconf 88' lang='lat' dir='ltr'><strong>Ico-</strong></span> 
     </span>
    </p>
   </div>
   <div class='ocr_carea' id='block_1_8' title="bbox 2252 619 3847 689">
    <p class='ocr_par' dir='ltr' id='par_1_8' title="bbox 2252 619 3847 688">
     <span class='ocr_line' id='line_1_8' title="bbox 2252 619 3847 688; baseline -0.001 -19"><span class='ocrx_word' id='word_1_42' title='bbox 2252 620 2626 686; x_wconf 65' lang='grc' dir='ltr'>ἱγίωνυτοῦτο</span> <span class='ocrx_word' id='word_1_43' title='bbox 2686 620 2793 688; x_wconf 78' lang='grc' dir='ltr'><strong>γὰρ</strong></span> <span class='ocrx_word' id='word_1_44' title='bbox 2854 621 2887 688; x_wconf 86' lang='grc' dir='ltr'>ή</span> <span class='ocrx_word' id='word_1_45' title='bbox 2944 619 3351 687; x_wconf 79' lang='grc' dir='ltr'>Εἰκονομαχικὴ</span> <span class='ocrx_word' id='word_1_46' title='bbox 3424 620 3710 688; x_wconf 78' lang='grc' dir='ltr'>αἵρεσις·</span> <span class='ocrx_word' id='word_1_47' title='bbox 3748 622 3847 671; x_wconf 67' lang='grc' dir='ltr'>κᾶν</span> 
     </span>
    </p>
   </div>
   <div class='ocr_carea' id='block_1_9' title="bbox 566 705 2151 781">
    <p class='ocr_par' dir='ltr' id='par_1_9' title="bbox 566 710 2135 781">
     <span class='ocr_line' id='line_1_9' title="bbox 566 710 2135 781; baseline 0 -17"><span class='ocrx_word' id='word_1_48' title='bbox 566 711 884 765; x_wconf 90' lang='lat' dir='ltr'><strong>nomachica</strong></span> <span class='ocrx_word' id='word_1_49' title='bbox 907 719 989 764; x_wconf 91' lang='lat' dir='ltr'><strong>est</strong></span> <span class='ocrx_word' id='word_1_50' title='bbox 1006 710 1251 774; x_wconf 65' lang='lat' dir='ltr'><strong>haeresis,</strong></span> <span class='ocrx_word' id='word_1_51' title='bbox 1283 718 1445 779; x_wconf 89' lang='lat' dir='ltr'><strong>atque</strong></span> <span class='ocrx_word' id='word_1_52' title='bbox 1478 711 1531 764; x_wconf 90' lang='lat' dir='ltr'><strong>in</strong></span> <span class='ocrx_word' id='word_1_53' title='bbox 1561 711 1662 765; x_wconf 89' lang='lat' dir='ltr'><strong>hoc</strong></span> <span class='ocrx_word' id='word_1_54' title='bbox 1690 726 1813 764; x_wconf 91' lang='lat' dir='ltr'><strong>cum</strong></span> <span class='ocrx_word' id='word_1_55' title='bbox 1838 711 2019 781; x_wconf 89' lang='lat' dir='ltr'><strong>impiis</strong></span> <span class='ocrx_word' id='word_1_56' title='bbox 2038 726 2135 781; x_wconf 86' lang='lat' dir='ltr'><strong>ag-</strong></span> 
     </span>
    </p>
   </div>
   <div class='ocr_carea' id='block_1_10' title="bbox 2252 705 3847 781">
    <p class='ocr_par' dir='ltr' id='par_1_10' title="bbox 2252 705 3847 780">
     <span class='ocr_line' id='line_1_10' title="bbox 2252 705 3847 780; baseline -0.001 -18"><span class='ocrx_word' id='word_1_57' title='bbox 2252 711 2412 780; x_wconf 74' lang='grc' dir='ltr'>τούτῳ</span> <span class='ocrx_word' id='word_1_58' title='bbox 2439 710 2767 779; x_wconf 88' lang='grc' dir='ltr'>συνηλίσθην</span> <span class='ocrx_word' id='word_1_59' title='bbox 2791 712 2901 771; x_wconf 85' lang='grc' dir='ltr'>τοϊς</span> <span class='ocrx_word' id='word_1_60' title='bbox 2920 710 3193 763; x_wconf 78' lang='grc' dir='ltr'>ἀσεϐέσιν.</span> <span class='ocrx_word' id='word_1_61' title='bbox 3224 705 3357 762; x_wconf 80' lang='grc' dir='ltr'>Εἶτα</span> <span class='ocrx_word' id='word_1_62' title='bbox 3382 712 3479 761; x_wconf 68' lang='grc' dir='ltr'><strong>καὶ</strong></span> <span class='ocrx_word' id='word_1_63' title='bbox 3504 709 3623 769; x_wconf 80' lang='grc' dir='ltr'>ἓως</span> <span class='ocrx_word' id='word_1_64' title='bbox 3650 708 3847 769; x_wconf 56' lang='grc' dir='ltr'>τέὶοις</span> 
     </span>
    </p>
   </div>
   <div class='ocr_carea' id='block_1_11' title="bbox 567 798 2151 871">
    <p class='ocr_par' dir='ltr' id='par_1_11' title="bbox 567 798 2138 870">
     <span class='ocr_line' id='line_1_11' title="bbox 567 798 2138 870; baseline 0.001 -17"><span class='ocrx_word' id='word_1_65' title='bbox 567 810 824 870; x_wconf 85' lang='lat' dir='ltr'><strong>gregatus</strong></span> <span class='ocrx_word' id='word_1_66' title='bbox 849 815 993 854; x_wconf 88' lang='lat' dir='ltr'><strong>sum.</strong></span> <span class='ocrx_word' id='word_1_67' title='bbox 1042 798 1246 854; x_wconf 88' lang='lat' dir='ltr'><strong>Deinde</strong></span> <span class='ocrx_word' id='word_1_68' title='bbox 1272 801 1337 854; x_wconf 93' lang='lat' dir='ltr'><strong>ad</strong></span> <span class='ocrx_word' id='word_1_69' title='bbox 1366 800 1529 854; x_wconf 85' lang='lat' dir='ltr'><strong>ﬁnem</strong></span> <span class='ocrx_word' id='word_1_70' title='bbox 1562 817 1734 870; x_wconf 86' lang='lat' dir='ltr'><strong>usque</strong></span> <span class='ocrx_word' id='word_1_71' title='bbox 1765 800 1819 854; x_wconf 90' lang='lat' dir='ltr'><strong>in</strong></span> <span class='ocrx_word' id='word_1_72' title='bbox 1862 813 2138 855; x_wconf 84' lang='lat' dir='ltr'><strong>monaste-</strong></span> 
     </span>
    </p>
   </div>
   <div class='ocr_carea' id='block_1_12' title="bbox 2252 798 3845 871">
    <p class='ocr_par' dir='ltr' id='par_1_12' title="bbox 2252 800 3845 871">
     <span class='ocr_line' id='line_1_12' title="bbox 2252 800 3845 871; baseline -0.002 -17"><span class='ocrx_word' id='word_1_73' title='bbox 2252 804 2487 871; x_wconf 67' lang='grc' dir='ltr'>ίνέμεινα</span> <span class='ocrx_word' id='word_1_74' title='bbox 2516 804 2572 855; x_wconf 75' lang='grc' dir='ltr'>ὲν</span> <span class='ocrx_word' id='word_1_75' title='bbox 2588 802 2663 871; x_wconf 82' lang='grc' dir='ltr'><strong>τῷ</strong></span> <span class='ocrx_word' id='word_1_76' title='bbox 2692 801 3038 871; x_wconf 75' lang='grc' dir='ltr'>μοναστηρίῳ</span> <span class='ocrx_word' id='word_1_77' title='bbox 3062 818 3160 868; x_wconf 80' lang='grc' dir='ltr'>μου</span> <span class='ocrx_word' id='word_1_78' title='bbox 3184 800 3457 862; x_wconf 82' lang='grc' dir='ltr'>ἀδίωκτος</span> <span class='ocrx_word' id='word_1_79' title='bbox 3486 800 3661 853; x_wconf 77' lang='grc' dir='ltr'>δονου</span> <span class='ocrx_word' id='word_1_80' title='bbox 3673 801 3845 869; x_wconf 67' lang='grc' dir='ltr'>μένης</span> 
     </span>
    </p>
   </div>
   <div class='ocr_carea' id='block_1_13' title="bbox 568 891 2151 965">
    <p class='ocr_par' dir='ltr' id='par_1_13' title="bbox 568 892 2136 962">
     <span class='ocr_line' id='line_1_13' title="bbox 568 892 2136 962; baseline 0.001 -18"><span class='ocrx_word' id='word_1_81' title='bbox 568 892 655 945; x_wconf 89' lang='lat' dir='ltr'><strong>rio</strong></span> <span class='ocrx_word' id='word_1_82' title='bbox 689 908 807 945; x_wconf 92' lang='lat' dir='ltr'><strong>meo</strong></span> <span class='ocrx_word' id='word_1_83' title='bbox 836 892 1112 961; x_wconf 89' lang='lat' dir='ltr'><strong>permansi</strong></span> <span class='ocrx_word' id='word_1_84' title='bbox 1141 892 1544 960; x_wconf 74' lang='lat' dir='ltr'><strong>persecutionis</strong></span> <span class='ocrx_word' id='word_1_85' title='bbox 1593 908 1806 961; x_wconf 84' lang='lat' dir='ltr'><strong>expers,</strong></span> <span class='ocrx_word' id='word_1_86' title='bbox 1843 907 1967 947; x_wconf 90' lang='lat' dir='ltr'><strong>cum</strong></span> <span class='ocrx_word' id='word_1_87' title='bbox 2020 892 2136 962; x_wconf 88' lang='lat' dir='ltr'><strong>agi-</strong></span> 
     </span>
    </p>
   </div>
   <div class='ocr_carea' id='block_1_14' title="bbox 2252 891 3841 965">
    <p class='ocr_par' dir='ltr' id='par_1_14' title="bbox 2252 891 3841 965">
     <span class='ocr_line' id='line_1_14' title="bbox 2252 891 3841 965; baseline -0.002 -19"><span class='ocrx_word' id='word_1_88' title='bbox 2252 894 2338 963; x_wconf 80' lang='grc' dir='ltr'>τῆς</span> <span class='ocrx_word' id='word_1_89' title='bbox 2368 893 2489 946; x_wconf 85' lang='grc' dir='ltr'>καθ’</span> <span class='ocrx_word' id='word_1_90' title='bbox 2512 895 3014 965; x_wconf 79' lang='grc' dir='ltr'>ἡμᾶς-Ἐκκλησίας</span> <span class='ocrx_word' id='word_1_91' title='bbox 3049 892 3192 964; x_wconf 90' lang='lat' dir='ltr'><strong>[c0d.</strong></span> <span class='ocrx_word' id='word_1_92' title='bbox 3235 892 3369 962; x_wconf 78' lang='lat' dir='ltr'><strong>Reg.</strong></span> <span class='ocrx_word' id='word_1_93' title='bbox 3422 891 3841 962; x_wconf 49' lang='grc' dir='ltr'>οἰκουμένης)</span> 
     </span>
    </p>
   </div>
   <div class='ocr_carea' id='block_1_15' title="bbox 569 981 2151 1055">
    <p class='ocr_par' dir='ltr' id='par_1_15' title="bbox 569 981 2138 1039">
     <span class='ocr_line' id='line_1_15' title="bbox 569 981 2138 1039; baseline 0.002 -4"><span class='ocrx_word' id='word_1_94' title='bbox 569 991 777 1035; x_wconf 88' lang='lat' dir='ltr'><strong>taretnr</strong></span> <span class='ocrx_word' id='word_1_95' title='bbox 801 981 1042 1037; x_wconf 85' lang='lat' dir='ltr'><strong>Ecclesia</strong></span> <span class='ocrx_word' id='word_1_96' title='bbox 1076 994 1280 1037; x_wconf 89' lang='lat' dir='ltr'><strong>nostra.</strong></span> <span class='ocrx_word' id='word_1_97' title='bbox 1306 985 1503 1039; x_wconf 87' lang='lat' dir='ltr'><strong>Annon</strong></span> <span class='ocrx_word' id='word_1_98' title='bbox 1546 984 1619 1039; x_wconf 92' lang='lat' dir='ltr'><strong>ita</strong></span> <span class='ocrx_word' id='word_1_99' title='bbox 1644 984 1930 1039; x_wconf 85' lang='lat' dir='ltr'><strong>comitetur</strong></span> <span class='ocrx_word' id='word_1_100' title='bbox 1956 993 2007 1038; x_wconf 92' lang='lat' dir='ltr'><strong>et</strong></span> <span class='ocrx_word' id='word_1_101' title='bbox 2038 984 2138 1038; x_wconf 90' lang='lat' dir='ltr'><strong>de-</strong></span> 
     </span>
    </p>
   </div>
   <div class='ocr_carea' id='block_1_16' title="bbox 2252 981 3844 1055">
    <p class='ocr_par' dir='ltr' id='par_1_16' title="bbox 2252 984 3844 1055">
     <span class='ocr_line' id='line_1_16' title="bbox 2252 984 3844 1055; baseline -0.001 -19"><span class='ocrx_word' id='word_1_102' title='bbox 2252 986 2351 1054; x_wconf 72' lang='grc' dir='ltr'>υὺχ</span> <span class='ocrx_word' id='word_1_103' title='bbox 2372 984 2544 1048; x_wconf 74' lang='grc' dir='ltr'>οὕτως</span> <span class='ocrx_word' id='word_1_104' title='bbox 2575 986 2975 1055; x_wconf 78' lang='grc' dir='ltr'>ὲξομολογεϊται</span> <span class='ocrx_word' id='word_1_105' title='bbox 3024 984 3119 1037; x_wconf 71' lang='grc' dir='ltr'>καὶ</span> <span class='ocrx_word' id='word_1_106' title='bbox 3161 984 3493 1055; x_wconf 71' lang='grc' dir='ltr'>προσκλαίει</span> <span class='ocrx_word' id='word_1_107' title='bbox 3524 1001 3542 1051; x_wconf 89' lang='grc'>;</span> <span class='ocrx_word' id='word_1_108' title='bbox 3596 984 3751 1036; x_wconf 71' lang='grc' dir='ltr'>ἀλλὰ</span> <span class='ocrx_word' id='word_1_109' title='bbox 3779 990 3844 1035; x_wconf 63' lang='grc' dir='ltr'>τὰ</span> 
     </span>
    </p>
   </div>
   <div class='ocr_carea' id='block_1_17' title="bbox 570 1072 2151 1146">
    <p class='ocr_par' dir='ltr' id='par_1_17' title="bbox 570 1072 2138 1146">
     <span class='ocr_line' id='line_1_17' title="bbox 570 1072 2138 1146; baseline 0.003 -20"><span class='ocrx_word' id='word_1_110' title='bbox 570 1074 779 1143; x_wconf 81' lang='lat' dir='ltr'><strong>plorat?</strong></span> <span class='ocrx_word' id='word_1_111' title='bbox 811 1072 1009 1127; x_wconf 85' lang='lat' dir='ltr'><strong>Verum</strong></span> <span class='ocrx_word' id='word_1_112' title='bbox 1049 1090 1219 1144; x_wconf 91' lang='lat' dir='ltr'><strong>nugas</strong></span> <span class='ocrx_word' id='word_1_113' title='bbox 1269 1075 1393 1131; x_wconf 89' lang='lat' dir='ltr'><strong>illas</strong></span> <span class='ocrx_word' id='word_1_114' title='bbox 1423 1076 1642 1142; x_wconf 87' lang='lat' dir='ltr'><strong>occinit,</strong></span> <span class='ocrx_word' id='word_1_115' title='bbox 1670 1086 1850 1146; x_wconf 88' lang='lat' dir='ltr'><strong>atque,</strong></span> <span class='ocrx_word' id='word_1_116' title='bbox 1884 1085 1943 1131; x_wconf 92' lang='lat' dir='ltr'><strong>ut</strong></span> <span class='ocrx_word' id='word_1_117' title='bbox 1973 1074 2138 1131; x_wconf 77' lang='lat' dir='ltr'><strong>refert</strong></span> 
     </span>
    </p>
   </div>
   <div class='ocr_carea' id='block_1_18' title="bbox 2252 1072 3844 1146">
    <p class='ocr_par' dir='ltr' id='par_1_18' title="bbox 2252 1074 3844 1146">
     <span class='ocr_line' id='line_1_18' title="bbox 2252 1074 3844 1146; baseline -0.003 -17"><span class='ocrx_word' id='word_1_118' title='bbox 2252 1075 2654 1145; x_wconf 65' lang='grc' dir='ltr'>Βατταρίσματα</span> <span class='ocrx_word' id='word_1_119' title='bbox 2678 1079 2868 1128; x_wconf 81' lang='grc' dir='ltr'>ἐκεῖνα</span> <span class='ocrx_word' id='word_1_120' title='bbox 2901 1076 3055 1146; x_wconf 82' lang='grc' dir='ltr'>φαίη,</span> <span class='ocrx_word' id='word_1_121' title='bbox 3084 1077 3181 1128; x_wconf 73' lang='grc' dir='ltr'><strong>καὶ</strong></span> <span class='ocrx_word' id='word_1_122' title='bbox 3222 1074 3297 1136; x_wconf 82' lang='grc' dir='ltr'>ὥς</span> <span class='ocrx_word' id='word_1_123' title='bbox 3328 1092 3504 1143; x_wconf 73' lang='grc' dir='ltr'>φησιν</span> <span class='ocrx_word' id='word_1_124' title='bbox 3534 1078 3565 1127; x_wconf 84' lang='grc' dir='ltr'>ὁ</span> <span class='ocrx_word' id='word_1_125' title='bbox 3606 1075 3844 1142; x_wconf 74' lang='grc' dir='ltr'>ἐξηγού-</span> 
     </span>
    </p>
   </div>
   <div class='ocr_carea' id='block_1_19' title="bbox 570 1165 2151 1238">
    <p class='ocr_par' dir='ltr' id='par_1_19' title="bbox 570 1165 2134 1234">
     <span class='ocr_line' id='line_1_19' title="bbox 570 1165 2134 1234; baseline -0.001 -12"><span class='ocrx_word' id='word_1_126' title='bbox 570 1166 618 1222; x_wconf 88' lang='lat' dir='ltr'><strong>is</strong></span> <span class='ocrx_word' id='word_1_127' title='bbox 648 1165 738 1234; x_wconf 89' lang='lat' dir='ltr'><strong>qui</strong></span> <span class='ocrx_word' id='word_1_128' title='bbox 771 1166 902 1219; x_wconf 92' lang='lat' dir='ltr'><strong>mihi</strong></span> <span class='ocrx_word' id='word_1_129' title='bbox 932 1168 1171 1220; x_wconf 85' lang='lat' dir='ltr'><strong>narravit</strong></span> <span class='ocrx_word' id='word_1_130' title='bbox 1191 1165 1259 1220; x_wconf 86' lang='lat' dir='ltr'><strong>ad</strong></span> <span class='ocrx_word' id='word_1_131' title='bbox 1292 1182 1447 1222; x_wconf 90' lang='lat' dir='ltr'><strong>suam</strong></span> <span class='ocrx_word' id='word_1_132' title='bbox 1479 1166 1849 1221; x_wconf 91' lang='lat' dir='ltr'><strong>defensionem</strong></span> <span class='ocrx_word' id='word_1_133' title='bbox 1876 1166 2134 1221; x_wconf 88' lang='lat' dir='ltr'><strong>Dianium</strong></span> 
     </span>
    </p>
   </div>
   <div class='ocr_carea' id='block_1_20' title="bbox 2252 1165 3844 1238">
    <p class='ocr_par' dir='ltr' id='par_1_20' title="bbox 2252 1165 3844 1237">
     <span class='ocr_line' id='line_1_20' title="bbox 2252 1165 3844 1237; baseline -0.003 -18"><span class='ocrx_word' id='word_1_134' title='bbox 2252 1184 2423 1237; x_wconf 76' lang='grc' dir='ltr'>μενος,</span> <span class='ocrx_word' id='word_1_135' title='bbox 2456 1167 2537 1220; x_wconf 82' lang='grc' dir='ltr'>ὅτι</span> <span class='ocrx_word' id='word_1_136' title='bbox 2558 1185 2620 1232; x_wconf 91' lang='grc' dir='ltr'><strong>γε</strong></span> <span class='ocrx_word' id='word_1_137' title='bbox 2656 1168 2750 1220; x_wconf 84' lang='grc' dir='ltr'>καὶ</span> <span class='ocrx_word' id='word_1_138' title='bbox 2779 1167 3020 1235; x_wconf 81' lang='grc' dir='ltr'><strong>παράγει</strong></span> <span class='ocrx_word' id='word_1_139' title='bbox 3044 1169 3123 1229; x_wconf 86' lang='grc' dir='ltr'><strong>είς</strong></span> <span class='ocrx_word' id='word_1_140' title='bbox 3146 1166 3485 1236; x_wconf 81' lang='grc' dir='ltr'><strong>συνηγορίαν</strong></span> <span class='ocrx_word' id='word_1_141' title='bbox 3505 1165 3691 1218; x_wconf 77' lang='grc' dir='ltr'>αὐτοῦ</span> <span class='ocrx_word' id='word_1_142' title='bbox 3717 1166 3844 1216; x_wconf 77' lang='grc' dir='ltr'><strong>Δια-</strong></span> 
     </span>
    </p>
   </div>
   <div class='ocr_carea' id='block_1_21' title="bbox 569 1254 2151 1329">
    <p class='ocr_par' dir='ltr' id='par_1_21' title="bbox 569 1254 2134 1326">
     <span class='ocr_line' id='line_1_21' title="bbox 569 1254 2134 1326; baseline 0.003 -21"><span class='ocrx_word' id='word_1_143' title='bbox 569 1256 860 1325; x_wconf 83' lang='lat' dir='ltr'><strong>quemdam</strong></span> <span class='ocrx_word' id='word_1_144' title='bbox 887 1270 917 1309; x_wconf 93' lang='lat' dir='ltr'><strong>e</strong></span> <span class='ocrx_word' id='word_1_145' title='bbox 952 1254 1208 1312; x_wconf 88' lang='lat' dir='ltr'><strong>Patribus</strong></span> <span class='ocrx_word' id='word_1_146' title='bbox 1264 1257 1535 1326; x_wconf 86' lang='lat' dir='ltr'><strong>producit,</strong></span> <span class='ocrx_word' id='word_1_147' title='bbox 1591 1257 1685 1326; x_wconf 91' lang='lat' dir='ltr'><strong>qui</strong></span> <span class='ocrx_word' id='word_1_148' title='bbox 1749 1257 1889 1310; x_wconf 89' lang='lat' dir='ltr'><strong>idem</strong></span> <span class='ocrx_word' id='word_1_149' title='bbox 1925 1256 2134 1318; x_wconf 86' lang='lat' dir='ltr'><strong>fecerit,</strong></span> 
     </span>
    </p>
   </div>
   <div class='ocr_carea' id='block_1_22' title="bbox 2252 1254 3840 1329">
    <p class='ocr_par' dir='ltr' id='par_1_22' title="bbox 2252 1257 3840 1329">
     <span class='ocr_line' id='line_1_22' title="bbox 2252 1257 3840 1329; baseline -0.003 -17"><span class='ocrx_word' id='word_1_150' title='bbox 2252 1260 2349 1313; x_wconf 69' lang='lat' dir='ltr'><strong>itov</strong></span> <span class='ocrx_word' id='word_1_151' title='bbox 2377 1277 2495 1314; x_wconf 87' lang='grc' dir='ltr'>τινα</span> <span class='ocrx_word' id='word_1_152' title='bbox 2523 1258 2630 1312; x_wconf 83' lang='grc' dir='ltr'><strong>τῶν</strong></span> <span class='ocrx_word' id='word_1_153' title='bbox 2655 1259 2910 1329; x_wconf 82' lang='grc' dir='ltr'>Πατέρων</span> <span class='ocrx_word' id='word_1_154' title='bbox 2941 1257 3107 1310; x_wconf 81' lang='grc' dir='ltr'>ταυτδ</span> <span class='ocrx_word' id='word_1_155' title='bbox 3127 1257 3495 1328; x_wconf 78' lang='grc' dir='ltr'><strong>πεποιηκότα,</strong></span> <span class='ocrx_word' id='word_1_156' title='bbox 3526 1257 3616 1318; x_wconf 74' lang='grc' dir='ltr'>ὃν,</span> <span class='ocrx_word' id='word_1_157' title='bbox 3646 1257 3840 1324; x_wconf 69' lang='grc' dir='ltr'>φησὶ-ιι,</span> 
     </span>
    </p>
   </div>
   <div class='ocr_carea' id='block_1_23' title="bbox 570 1347 2151 1419">
    <p class='ocr_par' dir='ltr' id='par_1_23' title="bbox 570 1347 2137 1418">
     <span class='ocr_line' id='line_1_23' title="bbox 570 1347 2137 1418; baseline 0.001 -17"><span class='ocrx_word' id='word_1_158' title='bbox 570 1354 625 1401; x_wconf 91' lang='lat' dir='ltr'><strong>et</strong></span> <span class='ocrx_word' id='word_1_159' title='bbox 656 1364 685 1401; x_wconf 90' lang='lat' dir='ltr'><strong>a</strong></span> <span class='ocrx_word' id='word_1_160' title='bbox 734 1357 925 1403; x_wconf 88' lang='lat' dir='ltr'><strong>sancto</strong></span> <span class='ocrx_word' id='word_1_161' title='bbox 986 1347 1210 1414; x_wconf 89' lang='lat' dir='ltr'><strong>Basilio,</strong></span> <span class='ocrx_word' id='word_1_162' title='bbox 1267 1356 1327 1402; x_wconf 90' lang='lat' dir='ltr'><strong>ut</strong></span> <span class='ocrx_word' id='word_1_163' title='bbox 1374 1351 1470 1415; x_wconf 89' lang='lat' dir='ltr'><strong>ait,</strong></span> <span class='ocrx_word' id='word_1_164' title='bbox 1522 1359 1809 1418; x_wconf 87' lang='lat' dir='ltr'><strong>susceptus</strong></span> <span class='ocrx_word' id='word_1_165' title='bbox 1863 1349 1984 1415; x_wconf 88' lang='lat' dir='ltr'><strong>sit;</strong></span> <span class='ocrx_word' id='word_1_166' title='bbox 2023 1357 2137 1403; x_wconf 91' lang='lat' dir='ltr'><strong>tum</strong></span> 
     </span>
    </p>
   </div>
   <div class='ocr_carea' id='block_1_24' title="bbox 2252 1347 3840 1419">
    <p class='ocr_par' dir='ltr' id='par_1_24' title="bbox 2252 1348 3840 1419">
     <span class='ocr_line' id='line_1_24' title="bbox 2252 1348 3840 1419; baseline -0.005 -13"><span class='ocrx_word' id='word_1_167' title='bbox 2252 1351 2541 1417; x_wconf 72' lang='grc' dir='ltr'><strong>εἰσεδέξατο</strong></span> <span class='ocrx_word' id='word_1_168' title='bbox 2573 1354 2602 1404; x_wconf 85' lang='grc' dir='ltr'><strong>ό</strong></span> <span class='ocrx_word' id='word_1_169' title='bbox 2626 1351 2780 1419; x_wconf 79' lang='grc' dir='ltr'>ἅγιος</span> <span class='ocrx_word' id='word_1_170' title='bbox 2810 1348 3089 1412; x_wconf 82' lang='grc' dir='ltr'>Βασίλειος</span> <span class='ocrx_word' id='word_1_171' title='bbox 3110 1367 3122 1379; x_wconf 94' lang='grc'><strong>·</strong></span> <span class='ocrx_word' id='word_1_172' title='bbox 3152 1351 3274 1402; x_wconf 74' lang='grc' dir='ltr'>ἐπεὶ</span> <span class='ocrx_word' id='word_1_173' title='bbox 3316 1350 3415 1403; x_wconf 83' lang='grc' dir='ltr'>καὶ</span> <span class='ocrx_word' id='word_1_174' title='bbox 3451 1350 3555 1402; x_wconf 73' lang='grc' dir='ltr'>τὸν</span> <span class='ocrx_word' id='word_1_175' title='bbox 3612 1350 3840 1416; x_wconf 73' lang='grc' dir='ltr'>πατέρα</span> 
     </span>
    </p>
   </div>
   <div class='ocr_carea' id='block_1_25' title="bbox 572 1439 2151 1518">
    <p class='ocr_par' dir='ltr' id='par_1_25' title="bbox 572 1439 2102 1518">
     <span class='ocr_line' id='line_1_25' title="bbox 572 1439 2102 1518; baseline 0.002 -25"><span class='ocrx_word' id='word_1_176' title='bbox 572 1440 737 1493; x_wconf 91' lang='lat' dir='ltr'><strong>etiam</strong></span> <span class='ocrx_word' id='word_1_177' title='bbox 780 1451 987 1509; x_wconf 87' lang='lat' dir='ltr'><strong>patrem</strong></span> <span class='ocrx_word' id='word_1_178' title='bbox 1031 1439 1275 1509; x_wconf 77' lang='lat' dir='ltr'><strong>Gregorii</strong></span> <span class='ocrx_word' id='word_1_179' title='bbox 1309 1439 1591 1511; x_wconf 85' lang='lat' dir='ltr'><strong>Theologi.</strong></span> <span class='ocrx_word' id='word_1_180' title='bbox 2092 1504 2102 1518; x_wconf 35' lang='grc' dir='ltr'>ι</span> 
     </span>
    </p>
   </div>
   <div class='ocr_carea' id='block_1_26' title="bbox 2252 1439 2986 1518">
    <p class='ocr_par' dir='ltr' id='par_1_26' title="bbox 2252 1440 2986 1513">
     <span class='ocr_line' id='line_1_26' title="bbox 2252 1440 2986 1513; baseline 0.001 -19"><span class='ocrx_word' id='word_1_181' title='bbox 2252 1442 2542 1513; x_wconf 82' lang='grc' dir='ltr'>Γρηγορίου</span> <span class='ocrx_word' id='word_1_182' title='bbox 2571 1440 2665 1492; x_wconf 79' lang='grc' dir='ltr'>τοῦ</span> <span class='ocrx_word' id='word_1_183' title='bbox 2696 1440 2986 1509; x_wconf 80' lang='grc' dir='ltr'>Θεολόγου.</span> 
     </span>
    </p>
   </div>
   <div class='ocr_carea' id='block_1_27' title="bbox 641 1529 2151 1603">
    <p class='ocr_par' dir='ltr' id='par_1_27' title="bbox 641 1529 2139 1603">
     <span class='ocr_line' id='line_1_27' title="bbox 641 1529 2139 1603; baseline 0.002 -17"><span class='ocrx_word' id='word_1_184' title='bbox 641 1529 687 1586; x_wconf 89' lang='grc' dir='ltr'><strong>Ο</strong></span> <span class='ocrx_word' id='word_1_185' title='bbox 749 1533 950 1601; x_wconf 82' lang='lat' dir='ltr'><strong>justam</strong></span> <span class='ocrx_word' id='word_1_186' title='bbox 1014 1532 1476 1603; x_wconf 77' lang='lat' dir='ltr'><strong>indignationem,</strong></span> <span class='ocrx_word' id='word_1_187' title='bbox 1537 1541 1593 1588; x_wconf 89' lang='lat' dir='ltr'><strong>et</strong></span> <span class='ocrx_word' id='word_1_188' title='bbox 1660 1533 1801 1588; x_wconf 83' lang='lat' dir='ltr'><strong>sacri</strong></span> <span class='ocrx_word' id='word_1_189' title='bbox 1878 1533 2139 1589; x_wconf 85' lang='lat' dir='ltr'><strong>antistitis</strong></span> 
     </span>
    </p>
   </div>
   <div class='ocr_carea' id='block_1_28' title="bbox 2252 1529 3835 1603">
    <p class='ocr_par' dir='ltr' id='par_1_28' title="bbox 2310 1529 3835 1601">
     <span class='ocr_line' id='line_1_28' title="bbox 2310 1529 3835 1601; baseline -0.003 -16"><span class='ocrx_word' id='word_1_190' title='bbox 2310 1534 2374 1585; x_wconf 83' lang='grc' dir='ltr'><strong>Ὢ</strong></span> <span class='ocrx_word' id='word_1_191' title='bbox 2391 1530 2601 1592; x_wconf 76' lang='grc' dir='ltr'><strong>δικαίας</strong></span> <span class='ocrx_word' id='word_1_192' title='bbox 2623 1532 3065 1601; x_wconf 78' lang='grc' dir='ltr'><strong>ἀγανακτήσεως,</strong></span> <span class='ocrx_word' id='word_1_193' title='bbox 3078 1530 3174 1583; x_wconf 82' lang='grc' dir='ltr'>τοῦ</span> <span class='ocrx_word' id='word_1_194' title='bbox 3194 1548 3251 1582; x_wconf 86' lang='grc' dir='ltr'><strong>τε</strong></span> <span class='ocrx_word' id='word_1_195' title='bbox 3268 1531 3420 1600; x_wconf 73' lang='grc' dir='ltr'>ἱεροῦ</span> <span class='ocrx_word' id='word_1_196' title='bbox 3435 1529 3609 1599; x_wconf 79' lang='grc' dir='ltr'>ἡμῶν</span> <span class='ocrx_word' id='word_1_197' title='bbox 3634 1531 3835 1601; x_wconf 80' lang='grc' dir='ltr'>ἀρχιε-</span> 
     </span>
    </p>
   </div>
   <div class='ocr_carea' id='block_1_29' title="bbox 570 1621 2151 1696">
    <p class='ocr_par' dir='ltr' id='par_1_29' title="bbox 570 1621 2140 1685">
     <span class='ocr_line' id='line_1_29' title="bbox 570 1621 2140 1685; baseline 0.002 -10"><span class='ocrx_word' id='word_1_198' title='bbox 570 1621 771 1685; x_wconf 86' lang='lat' dir='ltr'><strong>nostri,</strong></span> <span class='ocrx_word' id='word_1_199' title='bbox 803 1629 858 1675; x_wconf 92' lang='lat' dir='ltr'><strong>et</strong></span> <span class='ocrx_word' id='word_1_200' title='bbox 891 1622 1055 1677; x_wconf 88' lang='lat' dir='ltr'><strong>totius</strong></span> <span class='ocrx_word' id='word_1_201' title='bbox 1087 1621 1465 1677; x_wconf 85' lang='lat' dir='ltr'><strong>conlessorum</strong></span> <span class='ocrx_word' id='word_1_202' title='bbox 1508 1623 1697 1677; x_wconf 81' lang='lat' dir='ltr'><strong>chori!</strong></span> <span class='ocrx_word' id='word_1_203' title='bbox 1741 1622 1798 1677; x_wconf 88' lang='lat' dir='ltr'><strong>Si</strong></span> <span class='ocrx_word' id='word_1_204' title='bbox 1844 1624 1992 1677; x_wconf 90' lang='lat' dir='ltr'><strong>enim</strong></span> <span class='ocrx_word' id='word_1_205' title='bbox 2038 1625 2140 1678; x_wconf 91' lang='lat' dir='ltr'><strong>hoc</strong></span> 
     </span>
    </p>
   </div>
   <div class='ocr_carea' id='block_1_30' title="bbox 2252 1621 3839 1696">
    <p class='ocr_par' dir='ltr' id='par_1_30' title="bbox 2252 1621 3839 1693">
     <span class='ocr_line' id='line_1_30' title="bbox 2252 1621 3839 1693; baseline -0.004 -15"><span class='ocrx_word' id='word_1_206' title='bbox 2252 1627 2402 1693; x_wconf 71' lang='grc' dir='ltr'>οὲως,</span> <span class='ocrx_word' id='word_1_207' title='bbox 2444 1624 2538 1676; x_wconf 80' lang='grc' dir='ltr'><strong>καὶ</strong></span> <span class='ocrx_word' id='word_1_208' title='bbox 2588 1623 2895 1686; x_wconf 78' lang='grc' dir='ltr'>παντὸςτοῦ</span> <span class='ocrx_word' id='word_1_209' title='bbox 2913 1621 3301 1693; x_wconf 81' lang='grc' dir='ltr'>ὁμολογητικοῦ</span> <span class='ocrx_word' id='word_1_210' title='bbox 3328 1621 3727 1691; x_wconf 73' lang='grc' dir='ltr'><strong>πληρώματος</strong></span> <span class='ocrx_word' id='word_1_211' title='bbox 3750 1622 3839 1674; x_wconf 77' lang='grc' dir='ltr'>εει</span> 
     </span>
    </p>
   </div>
   <div class='ocr_carea' id='block_1_31' title="bbox 574 1714 2151 1787">
    <p class='ocr_par' dir='ltr' id='par_1_31' title="bbox 574 1716 2133 1785">
     <span class='ocr_line' id='line_1_31' title="bbox 574 1716 2133 1785; baseline 0 -16"><span class='ocrx_word' id='word_1_212' title='bbox 574 1718 982 1773; x_wconf 89' lang='lat' dir='ltr'><strong>communicare</strong></span> <span class='ocrx_word' id='word_1_213' title='bbox 1050 1730 1159 1769; x_wconf 90' lang='lat' dir='ltr'><strong>non</strong></span> <span class='ocrx_word' id='word_1_214' title='bbox 1207 1724 1311 1777; x_wconf 89' lang='lat' dir='ltr'><strong>est,</strong></span> <span class='ocrx_word' id='word_1_215' title='bbox 1376 1730 1550 1784; x_wconf 90' lang='lat' dir='ltr'><strong>neque</strong></span> <span class='ocrx_word' id='word_1_216' title='bbox 1597 1716 1851 1785; x_wconf 89' lang='lat' dir='ltr'><strong>prolabi;</strong></span> <span class='ocrx_word' id='word_1_217' title='bbox 1884 1717 2133 1785; x_wconf 85' lang='lat' dir='ltr'><strong>quisnam</strong></span> 
     </span>
    </p>
   </div>
   <div class='ocr_carea' id='block_1_32' title="bbox 2252 1714 3840 1787">
    <p class='ocr_par' dir='ltr' id='par_1_32' title="bbox 2252 1714 3840 1787">
     <span class='ocr_line' id='line_1_32' title="bbox 2252 1714 3840 1787; baseline -0.003 -18"><span class='ocrx_word' id='word_1_218' title='bbox 2252 1718 2347 1787; x_wconf 76' lang='grc' dir='ltr'>γὰρ</span> <span class='ocrx_word' id='word_1_219' title='bbox 2359 1717 2531 1769; x_wconf 76' lang='grc' dir='ltr'>ἐκεῖνο</span> <span class='ocrx_word' id='word_1_220' title='bbox 2543 1715 2604 1767; x_wconf 77' lang='grc' dir='ltr'><strong>οὐ</strong></span> <span class='ocrx_word' id='word_1_221' title='bbox 2624 1715 2898 1777; x_wconf 83' lang='grc' dir='ltr'><strong>κοινωνία,</strong></span> <span class='ocrx_word' id='word_1_222' title='bbox 2914 1714 3031 1768; x_wconf 73' lang='grc' dir='ltr'>οὐδὲ</span> <span class='ocrx_word' id='word_1_223' title='bbox 3047 1716 3315 1776; x_wconf 74' lang='grc' dir='ltr'><strong>ἔκπτωσις</strong></span> <span class='ocrx_word' id='word_1_224' title='bbox 3327 1729 3341 1742; x_wconf 98' lang='grc'><strong>·</strong></span> <span class='ocrx_word' id='word_1_225' title='bbox 3359 1715 3415 1767; x_wconf 89' lang='grc' dir='ltr'><strong>τί</strong></span> <span class='ocrx_word' id='word_1_226' title='bbox 3427 1714 3490 1765; x_wconf 78' lang='grc' dir='ltr'><strong>τὸ</strong></span> <span class='ocrx_word' id='word_1_227' title='bbox 3508 1715 3718 1783; x_wconf 72' lang='grc' dir='ltr'>ὄφελος</span> <span class='ocrx_word' id='word_1_228' title='bbox 3732 1714 3840 1766; x_wconf 78' lang='grc' dir='ltr'><strong>τῶν</strong></span> 
     </span>
    </p>
   </div>
   <div class='ocr_carea' id='block_1_33' title="bbox 575 1805 2151 1876">
    <p class='ocr_par' dir='ltr' id='par_1_33' title="bbox 575 1806 2137 1876">
     <span class='ocr_line' id='line_1_33' title="bbox 575 1806 2137 1876; baseline -0.002 -12"><span class='ocrx_word' id='word_1_229' title='bbox 575 1807 789 1864; x_wconf 90' lang='lat' dir='ltr'><strong>fructus</strong></span> <span class='ocrx_word' id='word_1_230' title='bbox 847 1815 929 1862; x_wconf 90' lang='lat' dir='ltr'><strong>est</strong></span> <span class='ocrx_word' id='word_1_231' title='bbox 983 1816 1360 1876; x_wconf 88' lang='lat' dir='ltr'><strong>susceptorum</strong></span> <span class='ocrx_word' id='word_1_232' title='bbox 1406 1806 1475 1860; x_wconf 90' lang='lat' dir='ltr'><strong>ab</strong></span> <span class='ocrx_word' id='word_1_233' title='bbox 1532 1807 1641 1862; x_wconf 91' lang='lat' dir='ltr'><strong>illis</strong></span> <span class='ocrx_word' id='word_1_234' title='bbox 1688 1808 2048 1861; x_wconf 88' lang='lat' dir='ltr'><strong>certaminum</strong></span> <span class='ocrx_word' id='word_1_235' title='bbox 2083 1816 2137 1861; x_wconf 88' lang='lat' dir='ltr'><strong>et</strong></span> 
     </span>
    </p>
   </div>
   <div class='ocr_carea' id='block_1_34' title="bbox 2252 1805 3836 1876">
    <p class='ocr_par' dir='ltr' id='par_1_34' title="bbox 2252 1805 3836 1876">
     <span class='ocr_line' id='line_1_34' title="bbox 2252 1805 3836 1876; baseline -0.003 -15"><span class='ocrx_word' id='word_1_236' title='bbox 2252 1808 2462 1870; x_wconf 70' lang='lat' dir='ltr'><strong>:xaivoc;</strong></span> <span class='ocrx_word' id='word_1_237' title='bbox 2486 1805 2711 1875; x_wconf 84' lang='grc' dir='ltr'>ἀγώνων</span> <span class='ocrx_word' id='word_1_238' title='bbox 2746 1822 2807 1858; x_wconf 87' lang='grc' dir='ltr'><strong>τε</strong></span> <span class='ocrx_word' id='word_1_239' title='bbox 2834 1808 2927 1859; x_wconf 63' lang='grc' dir='ltr'><strong>καὶ</strong></span> <span class='ocrx_word' id='word_1_240' title='bbox 2943 1806 3140 1871; x_wconf 78' lang='grc' dir='ltr'>ἄθλων,</span> <span class='ocrx_word' id='word_1_241' title='bbox 3158 1807 3411 1876; x_wconf 75' lang='grc' dir='ltr'>αἱμάτων</span> <span class='ocrx_word' id='word_1_242' title='bbox 3424 1823 3486 1858; x_wconf 89' lang='grc' dir='ltr'><strong>τε</strong></span> <span class='ocrx_word' id='word_1_243' title='bbox 3518 1807 3623 1859; x_wconf 73' lang='grc' dir='ltr'>καὶ</span> <span class='ocrx_word' id='word_1_244' title='bbox 3642 1806 3836 1859; x_wconf 70' lang='grc' dir='ltr'>ταλαι-</span> 
     </span>
    </p>
   </div>
   <div class='ocr_carea' id='block_1_35' title="bbox 574 1892 2151 1972">
    <p class='ocr_par' dir='ltr' id='par_1_35' title="bbox 574 1897 2136 1972">
     <span class='ocr_line' id='line_1_35' title="bbox 574 1897 2136 1972; baseline -0.003 -15"><span class='ocrx_word' id='word_1_245' title='bbox 574 1902 907 1972; x_wconf 72' lang='lat' dir='ltr'><strong>prteliorum,</strong></span> <span class='ocrx_word' id='word_1_246' title='bbox 942 1915 1006 1955; x_wconf 90' lang='lat' dir='ltr'><strong>ac</strong></span> <span class='ocrx_word' id='word_1_247' title='bbox 1054 1900 1335 1971; x_wconf 75' lang='lat' dir='ltr'><strong>sanguinis</strong></span> <span class='ocrx_word' id='word_1_248' title='bbox 1371 1897 1577 1969; x_wconf 81' lang='lat' dir='ltr'><strong>profusi</strong></span> <span class='ocrx_word' id='word_1_249' title='bbox 1637 1908 1693 1954; x_wconf 91' lang='lat' dir='ltr'><strong>et</strong></span> <span class='ocrx_word' id='word_1_250' title='bbox 1717 1914 2082 1954; x_wconf 63' lang='lat' dir='ltr'><strong>aerumnarum</strong></span> <span class='ocrx_word' id='word_1_251' title='bbox 2112 1901 2136 1953; x_wconf 75' lang='grc' dir='ltr'>’ί</span> 
     </span>
    </p>
   </div>
   <div class='ocr_carea' id='block_1_36' title="bbox 2252 1892 3834 1972">
    <p class='ocr_par' dir='ltr' id='par_1_36' title="bbox 2252 1892 3834 1968">
     <span class='ocr_line' id='line_1_36' title="bbox 2252 1892 3834 1968; baseline -0.004 -17"><span class='ocrx_word' id='word_1_252' title='bbox 2252 1893 2787 1968; x_wconf 77' lang='grc' dir='ltr'>πωρημάτωνςτίδὲ</span> <span class='ocrx_word' id='word_1_253' title='bbox 2840 1895 2936 1947; x_wconf 78' lang='grc' dir='ltr'><strong>καὶ</strong></span> <span class='ocrx_word' id='word_1_254' title='bbox 2984 1896 3145 1957; x_wconf 76' lang='grc' dir='ltr'>αὐτὸς</span> <span class='ocrx_word' id='word_1_255' title='bbox 3178 1894 3446 1964; x_wconf 77' lang='grc' dir='ltr'>ἁπεμήθη</span> <span class='ocrx_word' id='word_1_256' title='bbox 3498 1893 3664 1964; x_wconf 69' lang='lat' dir='ltr'><strong>[cor].</strong></span> <span class='ocrx_word' id='word_1_257' title='bbox 3705 1892 3834 1961; x_wconf 76' lang='lat' dir='ltr'><strong>Reg.</strong></span> 
     </span>
    </p>
   </div>
   <div class='ocr_carea' id='block_1_37' title="bbox 576 1986 2151 2061">
    <p class='ocr_par' dir='ltr' id='par_1_37' title="bbox 576 1988 2137 2061">
     <span class='ocr_line' id='line_1_37' title="bbox 576 1988 2137 2061; baseline 0 -15"><span class='ocrx_word' id='word_1_258' title='bbox 576 2008 676 2047; x_wconf 89' lang='lat' dir='ltr'><strong>cur</strong></span> <span class='ocrx_word' id='word_1_259' title='bbox 701 2002 755 2047; x_wconf 89' lang='lat' dir='ltr'><strong>et</strong></span> <span class='ocrx_word' id='word_1_260' title='bbox 786 1992 900 2061; x_wconf 91' lang='lat' dir='ltr'><strong>ipse</strong></span> <span class='ocrx_word' id='word_1_261' title='bbox 962 1991 1239 2046; x_wconf 84' lang='lat' dir='ltr'><strong>abscissus</strong></span> <span class='ocrx_word' id='word_1_262' title='bbox 1261 1988 1389 2045; x_wconf 82' lang='lat' dir='ltr'><strong>est?</strong></span> <span class='ocrx_word' id='word_1_263' title='bbox 1423 2006 1521 2046; x_wconf 88' lang='lat' dir='ltr'><strong>cur</strong></span> <span class='ocrx_word' id='word_1_264' title='bbox 1551 1991 1944 2046; x_wconf 87' lang='lat' dir='ltr'><strong>monasterium</strong></span> <span class='ocrx_word' id='word_1_265' title='bbox 1975 1992 2137 2046; x_wconf 83' lang='lat' dir='ltr'><strong>relin-</strong></span> 
     </span>
    </p>
   </div>
   <div class='ocr_carea' id='block_1_38' title="bbox 2252 1986 3835 2061">
    <p class='ocr_par' dir='ltr' id='par_1_38' title="bbox 2252 1986 3835 2061">
     <span class='ocr_line' id='line_1_38' title="bbox 2252 1986 3835 2061; baseline -0.005 -17"><span class='ocrx_word' id='word_1_266' title='bbox 2252 1988 2564 2061; x_wconf 66' lang='grc' dir='ltr'>ιπετιμήθη]</span> <span class='ocrx_word' id='word_1_267' title='bbox 2586 2006 2602 2055; x_wconf 90' lang='lat'><strong>;</strong></span> <span class='ocrx_word' id='word_1_268' title='bbox 2628 1988 2681 2039; x_wconf 86' lang='grc' dir='ltr'><strong>τί</strong></span> <span class='ocrx_word' id='word_1_269' title='bbox 2709 1987 2766 2040; x_wconf 82' lang='grc' dir='ltr'><strong>δὲ</strong></span> <span class='ocrx_word' id='word_1_270' title='bbox 2796 1988 2891 2039; x_wconf 78' lang='grc' dir='ltr'>καὶ</span> <span class='ocrx_word' id='word_1_271' title='bbox 2943 1986 3140 2055; x_wconf 77' lang='grc' dir='ltr'>ἀφίησι</span> <span class='ocrx_word' id='word_1_272' title='bbox 3168 1986 3228 2038; x_wconf 74' lang='grc' dir='ltr'>τὸ</span> <span class='ocrx_word' id='word_1_273' title='bbox 3261 1988 3647 2056; x_wconf 82' lang='grc' dir='ltr'>μοναστὴριον</span> <span class='ocrx_word' id='word_1_274' title='bbox 3670 2004 3686 2049; x_wconf 87' lang='lat'><strong>;</strong></span> <span class='ocrx_word' id='word_1_275' title='bbox 3710 1988 3761 2039; x_wconf 80' lang='grc' dir='ltr'><strong>τί</strong></span> <span class='ocrx_word' id='word_1_276' title='bbox 3783 1987 3835 2037; x_wconf 75' lang='grc' dir='ltr'><strong>δὲ</strong></span> 
     </span>
    </p>
   </div>
   <div class='ocr_carea' id='block_1_39' title="bbox 573 2076 2151 2154">
    <p class='ocr_par' dir='ltr' id='par_1_39' title="bbox 573 2080 2135 2153">
     <span class='ocr_line' id='line_1_39' title="bbox 573 2080 2135 2153; baseline 0.002 -16"><span class='ocrx_word' id='word_1_277' title='bbox 573 2082 740 2153; x_wconf 84' lang='lat' dir='ltr'><strong>quit?</strong></span> <span class='ocrx_word' id='word_1_278' title='bbox 771 2098 869 2137; x_wconf 92' lang='lat' dir='ltr'><strong>cur</strong></span> <span class='ocrx_word' id='word_1_279' title='bbox 901 2083 1178 2137; x_wconf 89' lang='lat' dir='ltr'><strong>inhibetur</strong></span> <span class='ocrx_word' id='word_1_280' title='bbox 1208 2098 1239 2136; x_wconf 91' lang='lat' dir='ltr'><strong>a</strong></span> <span class='ocrx_word' id='word_1_281' title='bbox 1270 2080 1575 2138; x_wconf 75' lang='lat' dir='ltr'><strong>sacrificio?</strong></span> <span class='ocrx_word' id='word_1_282' title='bbox 1598 2083 1663 2148; x_wconf 89' lang='grc' dir='ltr'>Ο,</span> <span class='ocrx_word' id='word_1_283' title='bbox 1690 2094 1744 2138; x_wconf 88' lang='lat' dir='ltr'><strong>et</strong></span> <span class='ocrx_word' id='word_1_284' title='bbox 1764 2084 1962 2139; x_wconf 86' lang='lat' dir='ltr'><strong>iterum</strong></span> <span class='ocrx_word' id='word_1_285' title='bbox 1993 2086 2135 2150; x_wconf 87' lang='lat' dir='ltr'><strong>dico,</strong></span> 
     </span>
    </p>
   </div>
   <div class='ocr_carea' id='block_1_40' title="bbox 2252 2076 3832 2154">
    <p class='ocr_par' dir='ltr' id='par_1_40' title="bbox 2252 2076 3832 2154">
     <span class='ocr_line' id='line_1_40' title="bbox 2252 2076 3832 2154; baseline -0.003 -17"><span class='ocrx_word' id='word_1_286' title='bbox 2252 2084 2586 2154; x_wconf 72' lang='grc' dir='ltr'>ιαὶεῖργεται</span> <span class='ocrx_word' id='word_1_287' title='bbox 2632 2081 2733 2150; x_wconf 82' lang='grc' dir='ltr'>τῆς</span> <span class='ocrx_word' id='word_1_288' title='bbox 2767 2080 3119 2151; x_wconf 74' lang='grc' dir='ltr'>ἱερουργίας;</span> <span class='ocrx_word' id='word_1_289' title='bbox 3171 2079 3256 2142; x_wconf 83' lang='grc' dir='ltr'>Ὠ,</span> <span class='ocrx_word' id='word_1_290' title='bbox 3300 2081 3397 2129; x_wconf 76' lang='grc' dir='ltr'><strong>καὶ</strong></span> <span class='ocrx_word' id='word_1_291' title='bbox 3447 2076 3621 2141; x_wconf 75' lang='grc' dir='ltr'>αὖθις</span> <span class='ocrx_word' id='word_1_292' title='bbox 3673 2079 3832 2146; x_wconf 78' lang='grc' dir='ltr'>λέγω.</span> 
     </span>
    </p>
   </div>
   <div class='ocr_carea' id='block_1_41' title="bbox 575 2169 2151 2249">
    <p class='ocr_par' dir='ltr' id='par_1_41' title="bbox 575 2176 2139 2249">
     <span class='ocr_line' id='line_1_41' title="bbox 575 2176 2139 2249; baseline 0.003 -20"><span class='ocrx_word' id='word_1_293' title='bbox 575 2176 816 2230; x_wconf 81' lang='lat' dir='ltr'><strong>divinam</strong></span> <span class='ocrx_word' id='word_1_294' title='bbox 854 2176 1278 2246; x_wconf 75' lang='lat' dir='ltr'><strong>indignationem</strong></span> <span class='ocrx_word' id='word_1_295' title='bbox 1317 2177 1506 2244; x_wconf 89' lang='lat' dir='ltr'><strong>:quod</strong></span> <span class='ocrx_word' id='word_1_296' title='bbox 1566 2178 1844 2231; x_wconf 82' lang='lat' dir='ltr'><strong>veritatem</strong></span> <span class='ocrx_word' id='word_1_297' title='bbox 1889 2178 1945 2232; x_wconf 91' lang='lat' dir='ltr'><strong>in</strong></span> <span class='ocrx_word' id='word_1_298' title='bbox 1992 2178 2139 2249; x_wconf 79' lang='lat' dir='ltr'><strong>inju-</strong></span> 
     </span>
    </p>
   </div>
   <div class='ocr_carea' id='block_1_42' title="bbox 2252 2169 3832 2249">
    <p class='ocr_par' dir='ltr' id='par_1_42' title="bbox 2252 2169 3832 2244">
     <span class='ocr_line' id='line_1_42' title="bbox 2252 2169 3832 2244; baseline -0.004 -17"><span class='ocrx_word' id='word_1_299' title='bbox 2252 2176 2331 2244; x_wconf 72' lang='grc' dir='ltr'>τῆς</span> <span class='ocrx_word' id='word_1_300' title='bbox 2356 2174 2503 2238; x_wconf 84' lang='grc' dir='ltr'><strong>θείας</strong></span> <span class='ocrx_word' id='word_1_301' title='bbox 2532 2173 2958 2243; x_wconf 77' lang='grc' dir='ltr'><strong>ἀγανακτήσεως</strong></span> <span class='ocrx_word' id='word_1_302' title='bbox 2985 2173 2999 2225; x_wconf 84' lang='lat' dir='ltr'><strong>l</strong></span> <span class='ocrx_word' id='word_1_303' title='bbox 3033 2172 3115 2223; x_wconf 82' lang='grc' dir='ltr'>ὅτι</span> <span class='ocrx_word' id='word_1_304' title='bbox 3136 2169 3235 2239; x_wconf 81' lang='grc' dir='ltr'><strong>τὴν</strong></span> <span class='ocrx_word' id='word_1_305' title='bbox 3262 2170 3537 2238; x_wconf 77' lang='grc' dir='ltr'>ἀλήθειαν</span> <span class='ocrx_word' id='word_1_306' title='bbox 3562 2174 3626 2222; x_wconf 76' lang='grc' dir='ltr'><strong>ὲν</strong></span> <span class='ocrx_word' id='word_1_307' title='bbox 3656 2172 3832 2239; x_wconf 64' lang='grc' dir='ltr'>ἀδικίᾳ</span> 
     </span>
    </p>
   </div>
   <div class='ocr_carea' id='block_1_43' title="bbox 576 2262 2151 2337">
    <p class='ocr_par' dir='ltr' id='par_1_43' title="bbox 576 2266 2138 2337">
     <span class='ocr_line' id='line_1_43' title="bbox 576 2266 2138 2337; baseline 0.001 -15"><span class='ocrx_word' id='word_1_308' title='bbox 576 2267 725 2322; x_wconf 87' lang='lat' dir='ltr'><strong>stitia</strong></span> <span class='ocrx_word' id='word_1_309' title='bbox 756 2266 1003 2321; x_wconf 83' lang='lat' dir='ltr'><strong>detinens</strong></span> <span class='ocrx_word' id='word_1_310' title='bbox 1036 2268 1103 2332; x_wconf 81' lang='grc'>’⁸,</span> <span class='ocrx_word' id='word_1_311' title='bbox 1135 2266 1276 2321; x_wconf 90' lang='lat' dir='ltr'><strong>idem</strong></span> <span class='ocrx_word' id='word_1_312' title='bbox 1306 2268 1449 2337; x_wconf 91' lang='lat' dir='ltr'><strong>quod</strong></span> <span class='ocrx_word' id='word_1_313' title='bbox 1482 2269 1597 2337; x_wconf 89' lang='lat' dir='ltr'><strong>ipse</strong></span> <span class='ocrx_word' id='word_1_314' title='bbox 1649 2267 1796 2333; x_wconf 84' lang='lat' dir='ltr'><strong>fecit,</strong></span> <span class='ocrx_word' id='word_1_315' title='bbox 1831 2269 2021 2325; x_wconf 88' lang='lat' dir='ltr'><strong>Patres</strong></span> <span class='ocrx_word' id='word_1_316' title='bbox 2055 2272 2138 2324; x_wconf 87' lang='lat' dir='ltr'><strong>le-</strong></span> 
     </span>
    </p>
   </div>
   <div class='ocr_carea' id='block_1_44' title="bbox 2252 2262 3831 2337">
    <p class='ocr_par' dir='ltr' id='par_1_44' title="bbox 2252 2262 3831 2332">
     <span class='ocr_line' id='line_1_44' title="bbox 2252 2262 3831 2332; baseline -0.003 -16"><span class='ocrx_word' id='word_1_317' title='bbox 2252 2264 2501 2332; x_wconf 77' lang='grc' dir='ltr'>ιατέχων.</span> <span class='ocrx_word' id='word_1_318' title='bbox 2524 2264 2691 2315; x_wconf 74' lang='grc' dir='ltr'>οἴεται</span> <span class='ocrx_word' id='word_1_319' title='bbox 2737 2265 2831 2315; x_wconf 72' lang='grc' dir='ltr'>καὶ</span> <span class='ocrx_word' id='word_1_320' title='bbox 2885 2262 3011 2323; x_wconf 65' lang='grc' dir='ltr'>τοὺς</span> <span class='ocrx_word' id='word_1_321' title='bbox 3055 2262 3305 2332; x_wconf 76' lang='grc' dir='ltr'>Πατέρας</span> <span class='ocrx_word' id='word_1_322' title='bbox 3325 2262 3717 2313; x_wconf 79' lang='grc' dir='ltr'>ταυτοτταθείν</span> <span class='ocrx_word' id='word_1_323' title='bbox 3738 2262 3831 2313; x_wconf 69' lang='grc' dir='ltr'><strong>αὺ-</strong></span> 
     </span>
    </p>
   </div>
   <div class='ocr_carea' id='block_1_45' title="bbox 577 2350 2151 2431">
    <p class='ocr_par' dir='ltr' id='par_1_45' title="bbox 577 2362 2140 2431">
     <span class='ocr_line' id='line_1_45' title="bbox 577 2362 2140 2431; baseline -0.002 -13"><span class='ocrx_word' id='word_1_324' title='bbox 577 2362 719 2418; x_wconf 89' lang='lat' dir='ltr'><strong>cisse</strong></span> <span class='ocrx_word' id='word_1_325' title='bbox 747 2362 1046 2417; x_wconf 77' lang='lat' dir='ltr'><strong>existimat.</strong></span> <span class='ocrx_word' id='word_1_326' title='bbox 1077 2362 1187 2431; x_wconf 83' lang='lat' dir='ltr'><strong>Age</strong></span> <span class='ocrx_word' id='word_1_327' title='bbox 1236 2376 1382 2430; x_wconf 84' lang='lat' dir='ltr'><strong>ergo,</strong></span> <span class='ocrx_word' id='word_1_328' title='bbox 1416 2362 1781 2416; x_wconf 91' lang='lat' dir='ltr'><strong>inconsultum</strong></span> <span class='ocrx_word' id='word_1_329' title='bbox 1832 2376 2140 2415; x_wconf 89' lang='lat' dir='ltr'><strong>sermonem</strong></span> 
     </span>
    </p>
   </div>
   <div class='ocr_carea' id='block_1_46' title="bbox 2252 2350 3831 2431">
    <p class='ocr_par' dir='ltr' id='par_1_46' title="bbox 2252 2350 3831 2425">
     <span class='ocr_line' id='line_1_46' title="bbox 2252 2350 3831 2425; baseline -0.003 -17"><span class='ocrx_word' id='word_1_330' title='bbox 2252 2354 2332 2425; x_wconf 67' lang='grc' dir='ltr'><strong>τῷ.</strong></span> <span class='ocrx_word' id='word_1_331' title='bbox 2348 2356 2483 2422; x_wconf 76' lang='grc' dir='ltr'>Φέρε</span> <span class='ocrx_word' id='word_1_332' title='bbox 2500 2350 2613 2419; x_wconf 71' lang='grc' dir='ltr'>οὖν,</span> <span class='ocrx_word' id='word_1_333' title='bbox 2632 2355 2829 2423; x_wconf 81' lang='grc' dir='ltr'>ἴδωμεν</span> <span class='ocrx_word' id='word_1_334' title='bbox 2840 2355 2928 2406; x_wconf 80' lang='grc' dir='ltr'><strong>τὸν</strong></span> <span class='ocrx_word' id='word_1_335' title='bbox 2950 2352 3229 2419; x_wconf 84' lang='grc' dir='ltr'>ἀλόγιστον</span> <span class='ocrx_word' id='word_1_336' title='bbox 3250 2352 3410 2418; x_wconf 71' lang='grc' dir='ltr'>λόγον</span> <span class='ocrx_word' id='word_1_337' title='bbox 3444 2370 3459 2383; x_wconf 88' lang='grc'><strong>·</strong></span> <span class='ocrx_word' id='word_1_338' title='bbox 3485 2352 3831 2415; x_wconf 53' lang='lat' dir='ltr'><strong>Masilam,</strong></span> 
     </span>
    </p>
   </div>
   <div class='ocr_carea' id='block_1_47' title="bbox 576 2437 2151 2526">
    <p class='ocr_par' dir='ltr' id='par_1_47' title="bbox 576 2455 2144 2526">
     <span class='ocr_line' id='line_1_47' title="bbox 576 2455 2144 2526; baseline -0.001 -15"><span class='ocrx_word' id='word_1_339' title='bbox 576 2456 963 2526; x_wconf 81' lang='lat' dir='ltr'><strong>expendamus.</strong></span> <span class='ocrx_word' id='word_1_340' title='bbox 981 2455 1326 2523; x_wconf 86' lang='lat' dir='ltr'><strong>Participavi,</strong></span> <span class='ocrx_word' id='word_1_341' title='bbox 1367 2455 1461 2509; x_wconf 88' lang='lat' dir='ltr'><strong>sed</strong></span> <span class='ocrx_word' id='word_1_342' title='bbox 1484 2472 1589 2509; x_wconf 92' lang='lat' dir='ltr'><strong>non</strong></span> <span class='ocrx_word' id='word_1_343' title='bbox 1612 2455 2034 2511; x_wconf 80' lang='lat' dir='ltr'><strong>communicavi.</strong></span> <span class='ocrx_word' id='word_1_344' title='bbox 2052 2456 2144 2509; x_wconf 85' lang='lat' dir='ltr'><strong>Ait</strong></span> 
     </span>
    </p>
   </div>
   <div class='ocr_carea' id='block_1_48' title="bbox 2252 2437 3830 2526">
    <p class='ocr_par' dir='ltr' id='par_1_48' title="bbox 2252 2437 3830 2514">
     <span class='ocr_line' id='line_1_48' title="bbox 2252 2437 3830 2514; baseline -0.004 -14"><span class='ocrx_word' id='word_1_345' title='bbox 2252 2446 2352 2500; x_wconf 57' lang='grc' dir='ltr'>ἀλλ’</span> <span class='ocrx_word' id='word_1_346' title='bbox 2383 2446 2480 2498; x_wconf 74' lang='grc' dir='ltr'><strong>οὐκ</strong></span> <span class='ocrx_word' id='word_1_347' title='bbox 2534 2447 2888 2514; x_wconf 79' lang='grc' dir='ltr'>ἐκοινώνησα.</span> <span class='ocrx_word' id='word_1_348' title='bbox 2916 2443 3078 2511; x_wconf 84' lang='grc' dir='ltr'>Λέγει</span> <span class='ocrx_word' id='word_1_349' title='bbox 3126 2443 3422 2512; x_wconf 74' lang='grc' dir='ltr'>τοιγαροῦν</span> <span class='ocrx_word' id='word_1_350' title='bbox 3450 2437 3565 2495; x_wconf 79' lang='grc' dir='ltr'><strong>ὦδέ</strong></span> <span class='ocrx_word' id='word_1_351' title='bbox 3584 2461 3692 2496; x_wconf 78' lang='grc' dir='ltr'>που</span> <span class='ocrx_word' id='word_1_352' title='bbox 3728 2445 3830 2497; x_wconf 72' lang='grc' dir='ltr'>τῶν</span> 
     </span>
    </p>
   </div>
   <div class='ocr_carea' id='block_1_49' title="bbox 576 2530 2151 2615">
    <p class='ocr_par' dir='ltr' id='par_1_49' title="bbox 576 2544 2143 2615">
     <span class='ocr_line' id='line_1_49' title="bbox 576 2544 2143 2615; baseline 0 -15"><span class='ocrx_word' id='word_1_353' title='bbox 576 2546 759 2614; x_wconf 90' lang='lat' dir='ltr'><strong>itaque</strong></span> <span class='ocrx_word' id='word_1_354' title='bbox 818 2545 1029 2615; x_wconf 89' lang='lat' dir='ltr'><strong>uspiam</strong></span> <span class='ocrx_word' id='word_1_355' title='bbox 1080 2545 1456 2614; x_wconf 85' lang='lat' dir='ltr'><strong>theologorum</strong></span> <span class='ocrx_word' id='word_1_356' title='bbox 1496 2544 1888 2602; x_wconf 86' lang='lat' dir='ltr'><strong>celeberrimus</strong></span> <span class='ocrx_word' id='word_1_357' title='bbox 1923 2565 1935 2600; x_wconf 89' lang='lat'><strong>:</strong></span> <span class='ocrx_word' id='word_1_358' title='bbox 1973 2546 2143 2601; x_wconf 79' lang='lat' dir='ltr'><strong>Parti-</strong></span> 
     </span>
    </p>
   </div>
   <div class='ocr_carea' id='block_1_50' title="bbox 2252 2530 3830 2615">
    <p class='ocr_par' dir='ltr' id='par_1_50' title="bbox 2252 2530 3830 2601">
     <span class='ocr_line' id='line_1_50' title="bbox 2252 2530 3830 2601; baseline -0.003 -14"><span class='ocrx_word' id='word_1_359' title='bbox 2252 2533 2505 2601; x_wconf 67' lang='grc' dir='ltr'>θεολόγων</span> <span class='ocrx_word' id='word_1_360' title='bbox 2537 2538 2563 2585; x_wconf 78' lang='grc' dir='ltr'><strong>ὸ</strong></span> <span class='ocrx_word' id='word_1_361' title='bbox 2579 2531 2876 2601; x_wconf 72' lang='grc' dir='ltr'>διαϐόητος·</span> <span class='ocrx_word' id='word_1_362' title='bbox 2897 2531 3203 2584; x_wconf 79' lang='grc' dir='ltr'>Μετέλαὸον</span> <span class='ocrx_word' id='word_1_363' title='bbox 3221 2532 3317 2600; x_wconf 83' lang='grc' dir='ltr'>τῆς</span> <span class='ocrx_word' id='word_1_364' title='bbox 3336 2530 3581 2593; x_wconf 77' lang='grc' dir='ltr'>εἰκόνος,</span> <span class='ocrx_word' id='word_1_365' title='bbox 3608 2534 3707 2583; x_wconf 73' lang='grc' dir='ltr'>καὶ</span> <span class='ocrx_word' id='word_1_366' title='bbox 3736 2534 3830 2582; x_wconf 61' lang='grc' dir='ltr'><strong>οὐκ</strong></span> 
     </span>
    </p>
   </div>
   <div class='ocr_carea' id='block_1_51' title="bbox 578 2624 2151 2706">
    <p class='ocr_par' dir='ltr' id='par_1_51' title="bbox 578 2636 2143 2706">
     <span class='ocr_line' id='line_1_51' title="bbox 578 2636 2143 2706; baseline 0.001 -14"><span class='ocrx_word' id='word_1_367' title='bbox 578 2652 707 2706; x_wconf 81' lang='lat' dir='ltr'><strong>ceps</strong></span> <span class='ocrx_word' id='word_1_368' title='bbox 735 2636 912 2693; x_wconf 85' lang='lat' dir='ltr'><strong>factus</strong></span> <span class='ocrx_word' id='word_1_369' title='bbox 971 2653 1091 2692; x_wconf 88' lang='lat' dir='ltr'><strong>sum</strong></span> <span class='ocrx_word' id='word_1_370' title='bbox 1120 2637 1395 2706; x_wconf 86' lang='lat' dir='ltr'><strong>imaginis,</strong></span> <span class='ocrx_word' id='word_1_371' title='bbox 1436 2646 1623 2693; x_wconf 84' lang='lat' dir='ltr'><strong>etnon</strong></span> <span class='ocrx_word' id='word_1_372' title='bbox 1673 2639 1970 2694; x_wconf 91' lang='lat' dir='ltr'><strong>custodivi.</strong></span> <span class='ocrx_word' id='word_1_373' title='bbox 2009 2636 2143 2693; x_wconf 87' lang='lat' dir='ltr'><strong>Par-</strong></span> 
     </span>
    </p>
   </div>
   <div class='ocr_carea' id='block_1_52' title="bbox 2252 2624 3830 2706">
    <p class='ocr_par' dir='ltr' id='par_1_52' title="bbox 2252 2624 3830 2697">
     <span class='ocr_line' id='line_1_52' title="bbox 2252 2624 3830 2697; baseline -0.004 -17"><span class='ocrx_word' id='word_1_374' title='bbox 2252 2626 2477 2697; x_wconf 69' lang='grc' dir='ltr'><strong>ὲφύλαξα</strong></span> <span class='ocrx_word' id='word_1_375' title='bbox 2499 2642 2512 2656; x_wconf 90' lang='grc'><strong>·</strong></span> <span class='ocrx_word' id='word_1_376' title='bbox 2548 2624 2962 2696; x_wconf 75' lang='grc' dir='ltr'>μεταλαμϐάνει</span> <span class='ocrx_word' id='word_1_377' title='bbox 2991 2626 3087 2695; x_wconf 82' lang='grc' dir='ltr'><strong>τῆς</strong></span> <span class='ocrx_word' id='word_1_378' title='bbox 3110 2626 3247 2695; x_wconf 77' lang='grc' dir='ltr'>ἐμῆς</span> <span class='ocrx_word' id='word_1_379' title='bbox 3267 2624 3599 2687; x_wconf 69' lang='grc' dir='ltr'>ἀσθενείας,</span> <span class='ocrx_word' id='word_1_380' title='bbox 3630 2625 3723 2677; x_wconf 87' lang='grc' dir='ltr'>ἶνα</span> <span class='ocrx_word' id='word_1_381' title='bbox 3746 2624 3830 2676; x_wconf 66' lang='grc' dir='ltr'>καὶ</span> 
     </span>
    </p>
   </div>
   <div class='ocr_carea' id='block_1_53' title="bbox 581 2713 2151 2803">
    <p class='ocr_par' dir='ltr' id='par_1_53' title="bbox 581 2729 2142 2803">
     <span class='ocr_line' id='line_1_53' title="bbox 581 2729 2142 2803; baseline 0.002 -20"><span class='ocrx_word' id='word_1_382' title='bbox 581 2730 749 2799; x_wconf 81' lang='lat' dir='ltr'><strong>tireps</strong></span> <span class='ocrx_word' id='word_1_383' title='bbox 789 2729 846 2783; x_wconf 90' lang='lat' dir='ltr'><strong>lit</strong></span> <span class='ocrx_word' id='word_1_384' title='bbox 877 2744 1010 2783; x_wconf 68' lang='lat' dir='ltr'><strong>mete</strong></span> <span class='ocrx_word' id='word_1_385' title='bbox 1051 2729 1402 2795; x_wconf 74' lang='lat' dir='ltr'><strong>infirmitatis,</strong></span> <span class='ocrx_word' id='word_1_386' title='bbox 1437 2741 1496 2785; x_wconf 88' lang='lat' dir='ltr'><strong>ut</strong></span> <span class='ocrx_word' id='word_1_387' title='bbox 1544 2742 1598 2786; x_wconf 88' lang='lat' dir='ltr'><strong>et</strong></span> <span class='ocrx_word' id='word_1_388' title='bbox 1625 2732 1912 2803; x_wconf 84' lang='lat' dir='ltr'><strong>imaginem</strong></span> <span class='ocrx_word' id='word_1_389' title='bbox 1941 2740 2142 2797; x_wconf 83' lang='lat' dir='ltr'><strong>servet,</strong></span> 
     </span>
    </p>
   </div>
   <div class='ocr_carea' id='block_1_54' title="bbox 2252 2713 3827 2803">
    <p class='ocr_par' dir='ltr' id='par_1_54' title="bbox 2252 2713 3827 2801">
     <span class='ocr_line' id='line_1_54' title="bbox 2252 2713 3827 2801; baseline -0.004 -31"><span class='ocrx_word' id='word_1_390' title='bbox 2252 2717 2336 2788; x_wconf 75' lang='grc' dir='ltr'>τὴν</span> <span class='ocrx_word' id='word_1_391' title='bbox 2365 2717 2545 2769; x_wconf 77' lang='grc' dir='ltr'>είκόνα</span> <span class='ocrx_word' id='word_1_392' title='bbox 2579 2715 2750 2786; x_wconf 80' lang='grc' dir='ltr'>σώσῃ,</span> <span class='ocrx_word' id='word_1_393' title='bbox 2783 2714 2877 2767; x_wconf 71' lang='grc' dir='ltr'>καὶ</span> <span class='ocrx_word' id='word_1_394' title='bbox 2904 2713 3002 2785; x_wconf 79' lang='grc' dir='ltr'>τὴν</span> <span class='ocrx_word' id='word_1_395' title='bbox 3038 2715 3223 2801; x_wconf 66' lang='grc' dir='ltr'>σάρκα</span> <span class='ocrx_word' id='word_1_396' title='bbox 3258 2714 3605 2785; x_wconf 73' lang='grc' dir='ltr'>ἀθανατίσῃ.</span> <span class='ocrx_word' id='word_1_397' title='bbox 3640 2715 3827 2767; x_wconf 76' lang='grc' dir='ltr'>Δευτὲ-</span> 
     </span>
    </p>
   </div>
   <div class='ocr_carea' id='block_1_55' title="bbox 580 2802 2151 2891">
    <p class='ocr_par' dir='ltr' id='par_1_55' title="bbox 580 2802 2142 2891">
     <span class='ocr_line' id='line_1_55' title="bbox 580 2802 2142 2891; baseline 0.003 -21"><span class='ocrx_word' id='word_1_398' title='bbox 580 2826 634 2870; x_wconf 91' lang='lat' dir='ltr'><strong>et</strong></span> <span class='ocrx_word' id='word_1_399' title='bbox 672 2832 891 2871; x_wconf 91' lang='lat' dir='ltr'><strong>carnem</strong></span> <span class='ocrx_word' id='word_1_400' title='bbox 934 2818 1099 2871; x_wconf 87' lang='lat' dir='ltr'><strong>morti</strong></span> <span class='ocrx_word' id='word_1_401' title='bbox 1159 2819 1359 2873; x_wconf 83' lang='lat' dir='ltr'><strong>tradat.</strong></span> <span class='ocrx_word' id='word_1_402' title='bbox 1414 2820 1662 2876; x_wconf 90' lang='lat' dir='ltr'><strong>Secunda</strong></span> <span class='ocrx_word' id='word_1_403' title='bbox 1729 2802 1859 2891; x_wconf 84' lang='lat' dir='ltr'><strong>ergo</strong></span> <span class='ocrx_word' id='word_1_404' title='bbox 1896 2836 2142 2875; x_wconf 91' lang='lat' dir='ltr'><strong>commu-</strong></span> 
     </span>
    </p>
   </div>
   <div class='ocr_carea' id='block_1_56' title="bbox 2252 2802 3830 2891">
    <p class='ocr_par' dir='ltr' id='par_1_56' title="bbox 2252 2802 3830 2876">
     <span class='ocr_line' id='line_1_56' title="bbox 2252 2802 3830 2876; baseline 0.004 -17"><span class='ocrx_word' id='word_1_405' title='bbox 2252 2824 2343 2876; x_wconf 93' lang='grc' dir='ltr'><strong>ραν</strong></span> <span class='ocrx_word' id='word_1_406' title='bbox 2369 2802 2461 2860; x_wconf 76' lang='grc' dir='ltr'><strong>οὖν</strong></span> <span class='ocrx_word' id='word_1_407' title='bbox 2492 2807 2779 2860; x_wconf 86' lang='grc' dir='ltr'>κοινωνίαν</span> <span class='ocrx_word' id='word_1_408' title='bbox 2808 2806 3074 2868; x_wconf 74' lang='grc' dir='ltr'>κοινωνεῖ,</span> <span class='ocrx_word' id='word_1_409' title='bbox 3127 2805 3217 2856; x_wconf 72' lang='grc' dir='ltr'><strong>καὶ</strong></span> <span class='ocrx_word' id='word_1_410' title='bbox 3244 2804 3378 2857; x_wconf 73' lang='grc' dir='ltr'>πολὺ</span> <span class='ocrx_word' id='word_1_411' title='bbox 3409 2804 3517 2873; x_wconf 79' lang='grc' dir='ltr'>τῆς</span> <span class='ocrx_word' id='word_1_412' title='bbox 3548 2806 3830 2873; x_wconf 69' lang='grc' dir='ltr'>προτέρας</span> 
     </span>
    </p>
   </div>
   <div class='ocr_carea' id='block_1_57' title="bbox 581 2894 2151 2982">
    <p class='ocr_par' dir='ltr' id='par_1_57' title="bbox 581 2910 2146 2982">
     <span class='ocr_line' id='line_1_57' title="bbox 581 2910 2146 2982; baseline 0.002 -20"><span class='ocrx_word' id='word_1_413' title='bbox 581 2910 745 2963; x_wconf 89' lang='lat' dir='ltr'><strong>nione</strong></span> <span class='ocrx_word' id='word_1_414' title='bbox 791 2910 1239 2974; x_wconf 86' lang='lat' dir='ltr'><strong>communicavit,</strong></span> <span class='ocrx_word' id='word_1_415' title='bbox 1281 2925 1402 2979; x_wconf 68' lang='lat' dir='ltr'><strong>qua:</strong></span> <span class='ocrx_word' id='word_1_416' title='bbox 1441 2911 1615 2980; x_wconf 91' lang='lat' dir='ltr'><strong>priori</strong></span> <span class='ocrx_word' id='word_1_417' title='bbox 1645 2911 1805 2982; x_wconf 86' lang='lat' dir='ltr'><strong>longe</strong></span> <span class='ocrx_word' id='word_1_418' title='bbox 1856 2911 2146 2966; x_wconf 84' lang='lat' dir='ltr'><strong>admirabi-</strong></span> 
     </span>
    </p>
   </div>
   <div class='ocr_carea' id='block_1_58' title="bbox 2252 2894 3829 2982">
    <p class='ocr_par' dir='ltr' id='par_1_58' title="bbox 2252 2894 3829 2970">
     <span class='ocr_line' id='line_1_58' title="bbox 2252 2894 3829 2970; baseline -0.003 -19"><span class='ocrx_word' id='word_1_419' title='bbox 2252 2899 2689 2970; x_wconf 75' lang='grc' dir='ltr'>παραδοξοτέραν.</span> <span class='ocrx_word' id='word_1_420' title='bbox 2715 2898 2871 2960; x_wconf 81' lang='grc' dir='ltr'>Ἰδοὺ,</span> <span class='ocrx_word' id='word_1_421' title='bbox 2900 2897 2981 2962; x_wconf 83' lang='grc' dir='ltr'><strong>τὸ,</strong></span> <span class='ocrx_word' id='word_1_422' title='bbox 2998 2894 3343 2964; x_wconf 76' lang='grc' dir='ltr'>μετέλαϐον,</span> <span class='ocrx_word' id='word_1_423' title='bbox 3379 2900 3706 2961; x_wconf 74' lang='grc' dir='ltr'>κοινωνεῖν,</span> <span class='ocrx_word' id='word_1_424' title='bbox 3739 2896 3829 2947; x_wconf 81' lang='grc' dir='ltr'><strong>ἐκ·</strong></span> 
     </span>
    </p>
   </div>
   <div class='ocr_carea' id='block_1_59' title="bbox 581 2987 2151 3071">
    <p class='ocr_par' dir='ltr' id='par_1_59' title="bbox 581 2999 2147 3071">
     <span class='ocr_line' id='line_1_59' title="bbox 581 2999 2147 3071; baseline 0.003 -20"><span class='ocrx_word' id='word_1_425' title='bbox 581 2999 689 3054; x_wconf 90' lang='lat' dir='ltr'><strong>lior</strong></span> <span class='ocrx_word' id='word_1_426' title='bbox 723 3008 824 3055; x_wconf 87' lang='lat' dir='ltr'><strong>est.</strong></span> <span class='ocrx_word' id='word_1_427' title='bbox 854 3000 993 3056; x_wconf 83' lang='lat' dir='ltr'><strong>Ecce</strong></span> <span class='ocrx_word' id='word_1_428' title='bbox 1028 3016 1215 3055; x_wconf 90' lang='lat' dir='ltr'><strong>vocem</strong></span> <span class='ocrx_word' id='word_1_429' title='bbox 1251 3001 1413 3065; x_wconf 90' lang='lat' dir='ltr'><strong>hanc,</strong></span> <span class='ocrx_word' id='word_1_430' title='bbox 1440 3003 1778 3071; x_wconf 70' lang='lat' dir='ltr'><strong>participaui,</strong></span> <span class='ocrx_word' id='word_1_431' title='bbox 1808 3003 2147 3056; x_wconf 85' lang='lat' dir='ltr'><strong>communio-</strong></span> 
     </span>
    </p>
   </div>
   <div class='ocr_carea' id='block_1_60' title="bbox 2252 2987 3824 3071">
    <p class='ocr_par' dir='ltr' id='par_1_60' title="bbox 2252 2987 3824 3057">
     <span class='ocr_line' id='line_1_60' title="bbox 2252 2987 3824 3057; baseline -0.004 -14"><span class='ocrx_word' id='word_1_432' title='bbox 2252 2992 2535 3057; x_wconf 79' lang='grc' dir='ltr'>πέφασται.</span> <span class='ocrx_word' id='word_1_433' title='bbox 2569 2987 2921 3057; x_wconf 70' lang='grc' dir='ltr'>Μετὰληψις</span> <span class='ocrx_word' id='word_1_434' title='bbox 2974 2989 3084 3057; x_wconf 82' lang='grc' dir='ltr'>γὰρ</span> <span class='ocrx_word' id='word_1_435' title='bbox 3124 2988 3217 3040; x_wconf 77' lang='grc' dir='ltr'>καὶ</span> <span class='ocrx_word' id='word_1_436' title='bbox 3284 2990 3555 3041; x_wconf 76' lang='grc' dir='ltr'>κοινωνία</span> <span class='ocrx_word' id='word_1_437' title='bbox 3590 2988 3824 3043; x_wconf 83' lang='grc' dir='ltr'>ταυτόν·</span> 
     </span>
    </p>
   </div>
   <div class='ocr_carea' id='block_1_61' title="bbox 581 3082 2151 3182">
    <p class='ocr_par' dir='ltr' id='par_1_61' title="bbox 581 3092 2141 3162">
     <span class='ocr_line' id='line_1_61' title="bbox 581 3092 2141 3162; baseline -0.002 -14"><span class='ocrx_word' id='word_1_438' title='bbox 581 3110 703 3149; x_wconf 90' lang='lat' dir='ltr'><strong>nem</strong></span> <span class='ocrx_word' id='word_1_439' title='bbox 744 3093 1052 3162; x_wconf 79' lang='lat' dir='ltr'><strong>signiﬁcare</strong></span> <span class='ocrx_word' id='word_1_440' title='bbox 1098 3106 1382 3147; x_wconf 80' lang='lat' dir='ltr'><strong>OStensum</strong></span> <span class='ocrx_word' id='word_1_441' title='bbox 1412 3101 1516 3147; x_wconf 89' lang='lat' dir='ltr'><strong>est.</strong></span> <span class='ocrx_word' id='word_1_442' title='bbox 1582 3092 1933 3161; x_wconf 83' lang='lat' dir='ltr'><strong>Participatio</strong></span> <span class='ocrx_word' id='word_1_443' title='bbox 1997 3094 2141 3147; x_wconf 92' lang='lat' dir='ltr'><strong>enim</strong></span> 
     </span>
    </p>
   </div>
   <div class='ocr_carea' id='block_1_62' title="bbox 2252 3082 3825 3182">
    <p class='ocr_par' dir='ltr' id='par_1_62' title="bbox 2252 3082 3825 3154">
     <span class='ocr_line' id='line_1_62' title="bbox 2252 3082 3825 3154; baseline 0 -20"><span class='ocrx_word' id='word_1_444' title='bbox 2252 3085 2280 3153; x_wconf 75' lang='grc' dir='ltr'>ἡ</span> <span class='ocrx_word' id='word_1_445' title='bbox 2310 3083 2409 3154; x_wconf 77' lang='grc' dir='ltr'><strong>μὲν</strong></span> <span class='ocrx_word' id='word_1_446' title='bbox 2438 3086 2502 3135; x_wconf 83' lang='grc' dir='ltr'><strong>ἐκ</strong></span> <span class='ocrx_word' id='word_1_447' title='bbox 2529 3083 2621 3135; x_wconf 77' lang='grc' dir='ltr'>τοῦ</span> <span class='ocrx_word' id='word_1_448' title='bbox 2677 3084 3001 3152; x_wconf 78' lang='grc' dir='ltr'>μετέχεσθαι</span> <span class='ocrx_word' id='word_1_449' title='bbox 3026 3099 3039 3114; x_wconf 91' lang='grc'><strong>·</strong></span> <span class='ocrx_word' id='word_1_450' title='bbox 3069 3084 3101 3149; x_wconf 82' lang='grc' dir='ltr'>ἡ</span> <span class='ocrx_word' id='word_1_451' title='bbox 3137 3082 3193 3133; x_wconf 81' lang='grc' dir='ltr'>δὲ</span> <span class='ocrx_word' id='word_1_452' title='bbox 3243 3085 3307 3134; x_wconf 79' lang='grc' dir='ltr'><strong>ἐκ</strong></span> <span class='ocrx_word' id='word_1_453' title='bbox 3356 3082 3457 3135; x_wconf 76' lang='grc' dir='ltr'>τοῦ</span> <span class='ocrx_word' id='word_1_454' title='bbox 3507 3084 3651 3149; x_wconf 73' lang='grc' dir='ltr'>τοὺς</span> <span class='ocrx_word' id='word_1_455' title='bbox 3704 3098 3825 3153; x_wconf 79' lang='grc' dir='ltr'>μετ·-</span> 
     </span>
    </p>
   </div>
   <div class='ocr_carea' id='block_1_63' title="bbox 580 3184 2147 3255">
    <p class='ocr_par' dir='ltr' id='par_1_63' title="bbox 580 3184 2147 3255">
     <span class='ocr_line' id='line_1_63' title="bbox 580 3184 2147 3255; baseline 0.001 -16"><span class='ocrx_word' id='word_1_456' title='bbox 580 3202 675 3242; x_wconf 83' lang='lat' dir='ltr'><strong>scu</strong></span> <span class='ocrx_word' id='word_1_457' title='bbox 739 3184 1054 3255; x_wconf 77' lang='grc' dir='ltr'>μετάληψις,</span> <span class='ocrx_word' id='word_1_458' title='bbox 1108 3193 1161 3237; x_wconf 91' lang='lat' dir='ltr'><strong>et</strong></span> <span class='ocrx_word' id='word_1_459' title='bbox 1211 3184 1658 3251; x_wconf 86' lang='lat' dir='ltr'><strong>communicatio,</strong></span> <span class='ocrx_word' id='word_1_460' title='bbox 1692 3185 1831 3239; x_wconf 90' lang='lat' dir='ltr'><strong>idem</strong></span> <span class='ocrx_word' id='word_1_461' title='bbox 1868 3193 2147 3251; x_wconf 90' lang='lat' dir='ltr'><strong>sunt;at—</strong></span> 
     </span>
    </p>
   </div>
   <div class='ocr_carea' id='block_1_64' title="bbox 580 3276 2146 3347">
    <p class='ocr_par' dir='ltr' id='par_1_64' title="bbox 580 3276 2146 3347">
     <span class='ocr_line' id='line_1_64' title="bbox 580 3276 2146 3347; baseline 0.003 -16"><span class='ocrx_word' id='word_1_462' title='bbox 580 3294 686 3347; x_wconf 89' lang='lat' dir='ltr'><strong>que</strong></span> <span class='ocrx_word' id='word_1_463' title='bbox 724 3277 813 3330; x_wconf 91' lang='lat' dir='ltr'><strong>illa</strong></span> <span class='ocrx_word' id='word_1_464' title='bbox 868 3278 1087 3345; x_wconf 86' lang='lat' dir='ltr'><strong>quidem</strong></span> <span class='ocrx_word' id='word_1_465' title='bbox 1142 3277 1221 3330; x_wconf 90' lang='lat' dir='ltr'><strong>sic</strong></span> <span class='ocrx_word' id='word_1_466' title='bbox 1251 3276 1393 3329; x_wconf 87' lang='lat' dir='ltr'><strong>dicta</strong></span> <span class='ocrx_word' id='word_1_467' title='bbox 1436 3291 1501 3329; x_wconf 91' lang='lat' dir='ltr'><strong>ex</strong></span> <span class='ocrx_word' id='word_1_468' title='bbox 1537 3292 1603 3330; x_wconf 92' lang='lat' dir='ltr'><strong>eo</strong></span> <span class='ocrx_word' id='word_1_469' title='bbox 1636 3278 1782 3346; x_wconf 88' lang='lat' dir='ltr'><strong>quod</strong></span> <span class='ocrx_word' id='word_1_470' title='bbox 1842 3288 1926 3334; x_wconf 87' lang='lat' dir='ltr'><strong>est</strong></span> <span class='ocrx_word' id='word_1_471' title='bbox 1980 3280 2146 3336; x_wconf 88' lang='lat' dir='ltr'><strong>simul</strong></span> 
     </span>
    </p>
   </div>
   <div class='ocr_carea' id='block_1_65' title="bbox 581 3367 2143 3439">
    <p class='ocr_par' dir='ltr' id='par_1_65' title="bbox 581 3367 2143 3439">
     <span class='ocr_line' id='line_1_65' title="bbox 581 3367 2143 3439; baseline 0.003 -16"><span class='ocrx_word' id='word_1_472' title='bbox 581 3367 809 3432; x_wconf 88' lang='lat' dir='ltr'><strong>haberi;</strong></span> <span class='ocrx_word' id='word_1_473' title='bbox 848 3369 961 3421; x_wconf 72' lang='lat' dir='ltr'><strong>haec</strong></span> <span class='ocrx_word' id='word_1_474' title='bbox 991 3376 1171 3421; x_wconf 87' lang='lat' dir='ltr'><strong>autem</strong></span> <span class='ocrx_word' id='word_1_475' title='bbox 1201 3382 1268 3421; x_wconf 90' lang='lat' dir='ltr'><strong>ex</strong></span> <span class='ocrx_word' id='word_1_476' title='bbox 1305 3382 1371 3421; x_wconf 87' lang='lat' dir='ltr'><strong>eo</strong></span> <span class='ocrx_word' id='word_1_477' title='bbox 1400 3368 1548 3436; x_wconf 89' lang='lat' dir='ltr'><strong>quod</strong></span> <span class='ocrx_word' id='word_1_478' title='bbox 1580 3370 1672 3437; x_wconf 90' lang='lat' dir='ltr'><strong>qui</strong></span> <span class='ocrx_word' id='word_1_479' title='bbox 1720 3370 1888 3425; x_wconf 88' lang='lat' dir='ltr'><strong>simul</strong></span> <span class='ocrx_word' id='word_1_480' title='bbox 1920 3372 2143 3439; x_wconf 83' lang='lat' dir='ltr'><strong>habent,</strong></span> 
     </span>
    </p>
   </div>
   <div class='ocr_carea' id='block_1_66' title="bbox 580 3458 2144 3530">
    <p class='ocr_par' dir='ltr' id='par_1_66' title="bbox 580 3458 2144 3530">
     <span class='ocr_line' id='line_1_66' title="bbox 580 3458 2144 3530; baseline 0.003 -16"><span class='ocrx_word' id='word_1_481' title='bbox 580 3473 870 3514; x_wconf 86' lang='lat' dir='ltr'><strong>commune</strong></span> <span class='ocrx_word' id='word_1_482' title='bbox 905 3458 1124 3513; x_wconf 89' lang='lat' dir='ltr'><strong>faciant.</strong></span> <span class='ocrx_word' id='word_1_483' title='bbox 1158 3458 1465 3513; x_wconf 85' lang='lat' dir='ltr'><strong>Etdivinus</strong></span> <span class='ocrx_word' id='word_1_484' title='bbox 1500 3462 1626 3515; x_wconf 90' lang='lat' dir='ltr'><strong>item</strong></span> <span class='ocrx_word' id='word_1_485' title='bbox 1653 3461 1946 3530; x_wconf 82' lang='lat' dir='ltr'><strong>Apostolus</strong></span> <span class='ocrx_word' id='word_1_486' title='bbox 1985 3481 2001 3516; x_wconf 94' lang='lat'><strong>:</strong></span> <span class='ocrx_word' id='word_1_487' title='bbox 2039 3462 2144 3519; x_wconf 86' lang='lat' dir='ltr'><strong>Ca-</strong></span> 
     </span>
    </p>
   </div>
   <div class='ocr_carea' id='block_1_67' title="bbox 582 3552 2148 3618">
    <p class='ocr_par' dir='ltr' id='par_1_67' title="bbox 582 3552 2148 3618">
     <span class='ocr_line' id='line_1_67' title="bbox 582 3552 2148 3618; baseline 0.002 -12"><span class='ocrx_word' id='word_1_488' title='bbox 582 3552 661 3606; x_wconf 75' lang='lat' dir='ltr'><strong>liJ:</strong></span> <span class='ocrx_word' id='word_1_489' title='bbox 690 3552 1055 3605; x_wconf 81' lang='lat' dir='ltr'><strong>benedictionis</strong></span> <span class='ocrx_word' id='word_1_490' title='bbox 1090 3552 1174 3605; x_wconf 85' lang='lat' dir='ltr'><strong>cui</strong></span> <span class='ocrx_word' id='word_1_491' title='bbox 1201 3553 1570 3618; x_wconf 79' lang='lat' dir='ltr'><strong>benedicimus,</strong></span> <span class='ocrx_word' id='word_1_492' title='bbox 1598 3570 1765 3608; x_wconf 83' lang='lat' dir='ltr'><strong>nonne</strong></span> <span class='ocrx_word' id='word_1_493' title='bbox 1789 3558 2148 3609; x_wconf 85' lang='lat' dir='ltr'><strong>communica-</strong></span> 
     </span>
    </p>
   </div>
   <div class='ocr_carea' id='block_1_68' title="bbox 583 3643 2147 3716">
    <p class='ocr_par' dir='ltr' id='par_1_68' title="bbox 583 3643 2147 3716">
     <span class='ocr_line' id='line_1_68' title="bbox 583 3643 2147 3716; baseline 0.002 -19"><span class='ocrx_word' id='word_1_494' title='bbox 583 3646 655 3698; x_wconf 89' lang='lat' dir='ltr'><strong>tio</strong></span> <span class='ocrx_word' id='word_1_495' title='bbox 696 3644 968 3713; x_wconf 82' lang='lat' dir='ltr'><strong>sanguinis</strong></span> <span class='ocrx_word' id='word_1_496' title='bbox 1008 3643 1216 3696; x_wconf 82' lang='lat' dir='ltr'><strong>Domini</strong></span> <span class='ocrx_word' id='word_1_497' title='bbox 1247 3644 1371 3697; x_wconf 81' lang='lat' dir='ltr'><strong>est?</strong></span> <span class='ocrx_word' id='word_1_498' title='bbox 1406 3646 1558 3713; x_wconf 81' lang='lat' dir='ltr'><strong>panis</strong></span> <span class='ocrx_word' id='word_1_499' title='bbox 1613 3661 1766 3716; x_wconf 83' lang='lat' dir='ltr'><strong>quem</strong></span> <span class='ocrx_word' id='word_1_500' title='bbox 1828 3648 2147 3716; x_wconf 77' lang='lat' dir='ltr'><strong>frangimus,</strong></span> 
     </span>
    </p>
   </div>
   <div class='ocr_carea' id='block_1_69' title="bbox 583 3737 2147 3805">
    <p class='ocr_par' dir='ltr' id='par_1_69' title="bbox 583 3737 2147 3805">
     <span class='ocr_line' id='line_1_69' title="bbox 583 3737 2147 3805; baseline 0.001 -14"><span class='ocrx_word' id='word_1_501' title='bbox 583 3754 751 3791; x_wconf 77' lang='lat' dir='ltr'><strong>nonne</strong></span> <span class='ocrx_word' id='word_1_502' title='bbox 783 3737 1130 3805; x_wconf 83' lang='lat' dir='ltr'><strong>participatio</strong></span> <span class='ocrx_word' id='word_1_503' title='bbox 1162 3737 1396 3805; x_wconf 80' lang='lat' dir='ltr'><strong>corporis</strong></span> <span class='ocrx_word' id='word_1_504' title='bbox 1458 3737 1672 3791; x_wconf 84' lang='lat' dir='ltr'><strong>Domini</strong></span> <span class='ocrx_word' id='word_1_505' title='bbox 1703 3747 1780 3791; x_wconf 78' lang='lat' dir='ltr'><strong>est</strong></span> <span class='ocrx_word' id='word_1_506' title='bbox 1803 3739 1829 3791; x_wconf 74' lang='grc' dir='ltr'><strong>ἰ)</strong></span> <span class='ocrx_word' id='word_1_507' title='bbox 1886 3737 2147 3803; x_wconf 87' lang='lat' dir='ltr'><strong>Quoniam</strong></span> 
     </span>
    </p>
   </div>
   <div class='ocr_carea' id='block_1_70' title="bbox 583 3828 2148 3899">
    <p class='ocr_par' dir='ltr' id='par_1_70' title="bbox 583 3828 2148 3899">
     <span class='ocr_line' id='line_1_70' title="bbox 583 3828 2148 3899; baseline 0.001 -17"><span class='ocrx_word' id='word_1_508' title='bbox 583 3846 717 3883; x_wconf 84' lang='lat' dir='ltr'><strong>unus</strong></span> <span class='ocrx_word' id='word_1_509' title='bbox 744 3830 919 3897; x_wconf 86' lang='lat' dir='ltr'><strong>panis,</strong></span> <span class='ocrx_word' id='word_1_510' title='bbox 955 3844 1115 3880; x_wconf 87' lang='lat' dir='ltr'><strong>unum</strong></span> <span class='ocrx_word' id='word_1_511' title='bbox 1153 3844 1343 3895; x_wconf 85' lang='lat' dir='ltr'><strong>corpus</strong></span> <span class='ocrx_word' id='word_1_512' title='bbox 1391 3828 1548 3881; x_wconf 84' lang='lat' dir='ltr'><strong>multi</strong></span> <span class='ocrx_word' id='word_1_513' title='bbox 1600 3844 1810 3891; x_wconf 81' lang='lat' dir='ltr'><strong>sumus,</strong></span> <span class='ocrx_word' id='word_1_514' title='bbox 1852 3845 2029 3883; x_wconf 86' lang='lat' dir='ltr'><strong>omnes</strong></span> <span class='ocrx_word' id='word_1_515' title='bbox 2058 3831 2148 3899; x_wconf 83' lang='lat' dir='ltr'><strong>qui</strong></span> 
     </span>
    </p>
   </div>
   <div class='ocr_carea' id='block_1_71' title="bbox 583 3921 1437 3988">
    <p class='ocr_par' dir='ltr' id='par_1_71' title="bbox 583 3921 1437 3988">
     <span class='ocr_line' id='line_1_71' title="bbox 583 3921 1437 3988; baseline -0.001 -14"><span class='ocrx_word' id='word_1_516' title='bbox 583 3921 647 3974; x_wconf 83' lang='lat' dir='ltr'><strong>de</strong></span> <span class='ocrx_word' id='word_1_517' title='bbox 683 3938 785 3974; x_wconf 85' lang='lat' dir='ltr'><strong>uno</strong></span> <span class='ocrx_word' id='word_1_518' title='bbox 805 3935 937 3987; x_wconf 77' lang='lat' dir='ltr'><strong>pane</strong></span> <span class='ocrx_word' id='word_1_519' title='bbox 962 3921 1335 3988; x_wconf 83' lang='lat' dir='ltr'><strong>participamus</strong></span> <span class='ocrx_word' id='word_1_520' title='bbox 1371 3921 1437 3973; x_wconf 79' lang='lat'><strong>&quot;.</strong></span> 
     </span>
    </p>
   </div>
   <div class='ocr_carea' id='block_1_72' title="bbox 657 4011 2148 4081">
    <p class='ocr_par' dir='ltr' id='par_1_72' title="bbox 657 4011 2148 4081">
     <span class='ocr_line' id='line_1_72' title="bbox 657 4011 2148 4081; baseline 0 -14"><span class='ocrx_word' id='word_1_521' title='bbox 657 4013 795 4067; x_wconf 87' lang='lat' dir='ltr'><strong>Ecce</strong></span> <span class='ocrx_word' id='word_1_522' title='bbox 827 4014 914 4066; x_wconf 91' lang='lat' dir='ltr'><strong>hic</strong></span> <span class='ocrx_word' id='word_1_523' title='bbox 969 4013 1129 4066; x_wconf 82' lang='lat' dir='ltr'><strong>etiam</strong></span> <span class='ocrx_word' id='word_1_524' title='bbox 1167 4012 1260 4080; x_wconf 85' lang='lat' dir='ltr'><strong>qui</strong></span> <span class='ocrx_word' id='word_1_525' title='bbox 1303 4012 1489 4066; x_wconf 87' lang='lat' dir='ltr'><strong>mttndi</strong></span> <span class='ocrx_word' id='word_1_526' title='bbox 1521 4012 1705 4066; x_wconf 89' lang='lat' dir='ltr'><strong>lumen</strong></span> <span class='ocrx_word' id='word_1_527' title='bbox 1736 4011 1859 4078; x_wconf 91' lang='lat' dir='ltr'><strong>fuit,</strong></span> <span class='ocrx_word' id='word_1_528' title='bbox 1888 4013 2148 4081; x_wconf 89' lang='lat' dir='ltr'><strong>ostendit,</strong></span> 
     </span>
    </p>
   </div>
   <div class='ocr_carea' id='block_1_73' title="bbox 589 4100 2149 4172">
    <p class='ocr_par' dir='ltr' id='par_1_73' title="bbox 589 4100 2149 4172">
     <span class='ocr_line' id='line_1_73' title="bbox 589 4100 2149 4172; baseline -0.001 -16"><span class='ocrx_word' id='word_1_529' title='bbox 589 4102 1054 4172; x_wconf 83' lang='lat' dir='ltr'><strong>participationem</strong></span> <span class='ocrx_word' id='word_1_530' title='bbox 1085 4100 1198 4154; x_wconf 83' lang='lat' dir='ltr'><strong>sive</strong></span> <span class='ocrx_word' id='word_1_531' title='bbox 1260 4100 1493 4169; x_wconf 76' lang='grc' dir='ltr'>μετοχὴν</span> <span class='ocrx_word' id='word_1_532' title='bbox 1524 4114 1647 4154; x_wconf 90' lang='lat' dir='ltr'><strong>esse</strong></span> <span class='ocrx_word' id='word_1_533' title='bbox 1684 4100 2149 4155; x_wconf 87' lang='lat' dir='ltr'><strong>communionem.</strong></span> 
     </span>
    </p>
   </div>
   <div class='ocr_carea' id='block_1_74' title="bbox 588 4191 2151 4262">
    <p class='ocr_par' dir='ltr' id='par_1_74' title="bbox 588 4191 2151 4262">
     <span class='ocr_line' id='line_1_74' title="bbox 588 4191 2151 4262; baseline -0.001 -16"><span class='ocrx_word' id='word_1_534' title='bbox 588 4192 760 4247; x_wconf 85' lang='lat' dir='ltr'><strong>Nemo</strong></span> <span class='ocrx_word' id='word_1_535' title='bbox 817 4201 993 4246; x_wconf 88' lang='lat' dir='ltr'><strong>antem</strong></span> <span class='ocrx_word' id='word_1_536' title='bbox 1032 4191 1233 4245; x_wconf 81' lang='lat' dir='ltr'><strong>mentis</strong></span> <span class='ocrx_word' id='word_1_537' title='bbox 1293 4206 1539 4261; x_wconf 85' lang='lat' dir='ltr'><strong>compos,</strong></span> <span class='ocrx_word' id='word_1_538' title='bbox 1581 4191 1674 4260; x_wconf 88' lang='lat' dir='ltr'><strong>qui</strong></span> <span class='ocrx_word' id='word_1_539' title='bbox 1706 4199 1861 4261; x_wconf 87' lang='lat' dir='ltr'><strong>neget</strong></span> <span class='ocrx_word' id='word_1_540' title='bbox 1919 4193 2151 4262; x_wconf 82' lang='grc' dir='ltr'>μετοχὴν</span> 
     </span>
    </p>
   </div>
   <div class='ocr_carea' id='block_1_75' title="bbox 588 4282 2149 4356">
    <p class='ocr_par' dir='ltr' id='par_1_75' title="bbox 588 4282 2149 4356">
     <span class='ocr_line' id='line_1_75' title="bbox 588 4282 2149 4356; baseline 0.001 -16"><span class='ocrx_word' id='word_1_541' title='bbox 588 4302 710 4342; x_wconf 65' lang='lat' dir='ltr'><strong>esst:</strong></span> <span class='ocrx_word' id='word_1_542' title='bbox 734 4284 1056 4356; x_wconf 80' lang='grc' dir='ltr'>μετάληψιν.</span> <span class='ocrx_word' id='word_1_543' title='bbox 1084 4282 1237 4338; x_wconf 91' lang='lat' dir='ltr'><strong>Sicut</strong></span> <span class='ocrx_word' id='word_1_544' title='bbox 1273 4298 1403 4354; x_wconf 86' lang='lat' dir='ltr'><strong>ergo</strong></span> <span class='ocrx_word' id='word_1_545' title='bbox 1426 4283 1645 4339; x_wconf 85' lang='lat' dir='ltr'><strong>divinus</strong></span> <span class='ocrx_word' id='word_1_546' title='bbox 1667 4284 1823 4353; x_wconf 89' lang='lat' dir='ltr'><strong>panis</strong></span> <span class='ocrx_word' id='word_1_547' title='bbox 1859 4286 1929 4339; x_wconf 88' lang='lat' dir='ltr'><strong>ah</strong></span> <span class='ocrx_word' id='word_1_548' title='bbox 1956 4286 2149 4341; x_wconf 85' lang='lat' dir='ltr'><strong>ortho-</strong></span> 
     </span>
    </p>
   </div>
   <div class='ocr_carea' id='block_1_76' title="bbox 590 4371 2147 4445">
    <p class='ocr_par' dir='ltr' id='par_1_76' title="bbox 590 4371 2147 4445">
     <span class='ocr_line' id='line_1_76' title="bbox 590 4371 2147 4445; baseline -0.003 -13"><span class='ocrx_word' id='word_1_549' title='bbox 590 4375 745 4432; x_wconf 82' lang='lat' dir='ltr'><strong>doxis</strong></span> <span class='ocrx_word' id='word_1_550' title='bbox 794 4373 1167 4445; x_wconf 87' lang='lat' dir='ltr'><strong>participatus,</strong></span> <span class='ocrx_word' id='word_1_551' title='bbox 1225 4387 1416 4426; x_wconf 90' lang='lat' dir='ltr'><strong>omnes</strong></span> <span class='ocrx_word' id='word_1_552' title='bbox 1461 4371 1554 4441; x_wconf 92' lang='lat' dir='ltr'><strong>qui</strong></span> <span class='ocrx_word' id='word_1_553' title='bbox 1607 4373 1931 4441; x_wconf 81' lang='lat' dir='ltr'><strong>participant</strong></span> <span class='ocrx_word' id='word_1_554' title='bbox 1982 4389 2147 4428; x_wconf 89' lang='lat' dir='ltr'><strong>unum</strong></span> 
     </span>
    </p>
   </div>
   <div class='ocr_carea' id='block_1_77' title="bbox 588 4461 2150 4536">
    <p class='ocr_par' dir='ltr' id='par_1_77' title="bbox 588 4461 2150 4536">
     <span class='ocr_line' id='line_1_77' title="bbox 588 4461 2150 4536; baseline 0 -15"><span class='ocrx_word' id='word_1_555' title='bbox 588 4482 786 4536; x_wconf 84' lang='lat' dir='ltr'><strong>corpus</strong></span> <span class='ocrx_word' id='word_1_556' title='bbox 854 4463 1038 4530; x_wconf 78' lang='lat' dir='ltr'><strong>eﬂicit,</strong></span> <span class='ocrx_word' id='word_1_557' title='bbox 1113 4465 1192 4519; x_wconf 90' lang='lat' dir='ltr'><strong>sic</strong></span> <span class='ocrx_word' id='word_1_558' title='bbox 1245 4461 1487 4534; x_wconf 86' lang='lat' dir='ltr'><strong>profecto</strong></span> <span class='ocrx_word' id='word_1_559' title='bbox 1541 4472 1595 4517; x_wconf 92' lang='lat' dir='ltr'><strong>et</strong></span> <span class='ocrx_word' id='word_1_560' title='bbox 1655 4464 1940 4519; x_wconf 63' lang='lat' dir='ltr'><strong>hareticus</strong></span> <span class='ocrx_word' id='word_1_561' title='bbox 1993 4467 2150 4535; x_wconf 88' lang='lat' dir='ltr'><strong>panis</strong></span> 
     </span>
    </p>
   </div>
   <div class='ocr_carea' id='block_1_78' title="bbox 588 4555 2150 4627">
    <p class='ocr_par' dir='ltr' id='par_1_78' title="bbox 588 4555 2150 4627">
     <span class='ocr_line' id='line_1_78' title="bbox 588 4555 2150 4627; baseline -0.001 -14"><span class='ocrx_word' id='word_1_562' title='bbox 588 4558 924 4627; x_wconf 67' lang='lat' dir='ltr'><strong>coniungens</strong></span> <span class='ocrx_word' id='word_1_563' title='bbox 963 4556 1103 4610; x_wconf 90' lang='lat' dir='ltr'><strong>inter</strong></span> <span class='ocrx_word' id='word_1_564' title='bbox 1122 4571 1181 4611; x_wconf 88' lang='lat' dir='ltr'><strong>se</strong></span> <span class='ocrx_word' id='word_1_565' title='bbox 1213 4570 1307 4608; x_wconf 82' lang='lat' dir='ltr'><strong>eos</strong></span> <span class='ocrx_word' id='word_1_566' title='bbox 1324 4555 1416 4625; x_wconf 91' lang='lat' dir='ltr'><strong>qui</strong></span> <span class='ocrx_word' id='word_1_567' title='bbox 1446 4556 1594 4609; x_wconf 89' lang='lat' dir='ltr'><strong>illum</strong></span> <span class='ocrx_word' id='word_1_568' title='bbox 1616 4556 1958 4626; x_wconf 83' lang='lat' dir='ltr'><strong>participant,</strong></span> <span class='ocrx_word' id='word_1_569' title='bbox 1982 4573 2150 4611; x_wconf 89' lang='lat' dir='ltr'><strong>unum</strong></span> 
     </span>
    </p>
   </div>
   <div class='ocr_carea' id='block_1_79' title="bbox 590 4645 2151 4716">
    <p class='ocr_par' dir='ltr' id='par_1_79' title="bbox 590 4645 2151 4716">
     <span class='ocr_line' id='line_1_79' title="bbox 590 4645 2151 4716; baseline 0.001 -14"><span class='ocrx_word' id='word_1_570' title='bbox 590 4663 791 4715; x_wconf 85' lang='lat' dir='ltr'><strong>corpus</strong></span> <span class='ocrx_word' id='word_1_571' title='bbox 852 4648 1163 4716; x_wconf 84' lang='lat' dir='ltr'><strong>oppositum</strong></span> <span class='ocrx_word' id='word_1_572' title='bbox 1202 4646 1421 4700; x_wconf 82' lang='lat' dir='ltr'><strong>Christo</strong></span> <span class='ocrx_word' id='word_1_573' title='bbox 1479 4645 1816 4701; x_wconf 78' lang='lat' dir='ltr'><strong>exhibetzet</strong></span> <span class='ocrx_word' id='word_1_574' title='bbox 1862 4648 1954 4716; x_wconf 91' lang='lat' dir='ltr'><strong>qui</strong></span> <span class='ocrx_word' id='word_1_575' title='bbox 2003 4648 2151 4703; x_wconf 90' lang='lat' dir='ltr'><strong>aliud</strong></span> 
     </span>
    </p>
   </div>
   <div class='ocr_carea' id='block_1_80' title="bbox 591 4736 2149 4807">
    <p class='ocr_par' dir='ltr' id='par_1_80' title="bbox 591 4736 2149 4807">
     <span class='ocr_line' id='line_1_80' title="bbox 591 4736 2149 4807; baseline -0.001 -14"><span class='ocrx_word' id='word_1_576' title='bbox 591 4738 789 4803; x_wconf 82' lang='lat' dir='ltr'><strong>ellutit,</strong></span> <span class='ocrx_word' id='word_1_577' title='bbox 840 4738 1021 4807; x_wconf 85' lang='lat' dir='ltr'><strong>inepte</strong></span> <span class='ocrx_word' id='word_1_578' title='bbox 1067 4746 1122 4792; x_wconf 91' lang='lat' dir='ltr'><strong>et</strong></span> <span class='ocrx_word' id='word_1_579' title='bbox 1154 4736 1361 4791; x_wconf 86' lang='lat' dir='ltr'><strong>frustra</strong></span> <span class='ocrx_word' id='word_1_580' title='bbox 1389 4738 1648 4807; x_wconf 88' lang='lat' dir='ltr'><strong>loquitur.</strong></span> <span class='ocrx_word' id='word_1_581' title='bbox 1691 4736 1846 4802; x_wconf 88' lang='lat' dir='ltr'><strong>Quod</strong></span> <span class='ocrx_word' id='word_1_582' title='bbox 1880 4738 1924 4791; x_wconf 92' lang='lat' dir='ltr'><strong>si</strong></span> <span class='ocrx_word' id='word_1_583' title='bbox 1975 4753 2149 4805; x_wconf 91' lang='lat' dir='ltr'><strong>mens,</strong></span> 
     </span>
    </p>
   </div>
   <div class='ocr_carea' id='block_1_81' title="bbox 596 4826 2151 4896">
    <p class='ocr_par' dir='ltr' id='par_1_81' title="bbox 596 4826 2151 4896">
     <span class='ocr_line' id='line_1_81' title="bbox 596 4826 2151 4896; baseline 0.001 -17"><span class='ocrx_word' id='word_1_584' title='bbox 596 4836 727 4881; x_wconf 90' lang='lat' dir='ltr'><strong>tunc</strong></span> <span class='ocrx_word' id='word_1_585' title='bbox 745 4842 868 4880; x_wconf 89' lang='lat' dir='ltr'><strong>cum</strong></span> <span class='ocrx_word' id='word_1_586' title='bbox 888 4828 1003 4896; x_wconf 88' lang='lat' dir='ltr'><strong>ipse</strong></span> <span class='ocrx_word' id='word_1_587' title='bbox 1028 4826 1403 4896; x_wconf 87' lang='lat' dir='ltr'><strong>participabat,</strong></span> <span class='ocrx_word' id='word_1_588' title='bbox 1434 4829 1574 4880; x_wconf 85' lang='lat' dir='ltr'><strong>facto</strong></span> <span class='ocrx_word' id='word_1_589' title='bbox 1612 4842 1719 4880; x_wconf 92' lang='lat' dir='ltr'><strong>non</strong></span> <span class='ocrx_word' id='word_1_590' title='bbox 1750 4828 2151 4893; x_wconf 84' lang='lat' dir='ltr'><strong>consentiebat;</strong></span> 
     </span>
    </p>
   </div>
   <div class='ocr_carea' id='block_1_82' title="bbox 598 4918 2160 4988">
    <p class='ocr_par' dir='ltr' id='par_1_82' title="bbox 598 4918 2160 4988">
     <span class='ocr_line' id='line_1_82' title="bbox 598 4918 2160 4988; baseline 0.001 -15"><span class='ocrx_word' id='word_1_591' title='bbox 598 4920 702 4973; x_wconf 87' lang='lat' dir='ltr'><strong>hoc</strong></span> <span class='ocrx_word' id='word_1_592' title='bbox 734 4920 907 4987; x_wconf 83' lang='lat' dir='ltr'><strong>magis</strong></span> <span class='ocrx_word' id='word_1_593' title='bbox 938 4932 1138 4988; x_wconf 88' lang='lat' dir='ltr'><strong>negare</strong></span> <span class='ocrx_word' id='word_1_594' title='bbox 1164 4928 1270 4983; x_wconf 89' lang='lat' dir='ltr'><strong>est,</strong></span> <span class='ocrx_word' id='word_1_595' title='bbox 1302 4919 1371 4985; x_wconf 88' lang='lat' dir='ltr'><strong>si,</strong></span> <span class='ocrx_word' id='word_1_596' title='bbox 1407 4933 1512 4973; x_wconf 81' lang='lat' dir='ltr'><strong>non</strong></span> <span class='ocrx_word' id='word_1_597' title='bbox 1547 4918 1801 4988; x_wconf 85' lang='lat' dir='ltr'><strong>ignorans</strong></span> <span class='ocrx_word' id='word_1_598' title='bbox 1832 4919 2064 4973; x_wconf 84' lang='lat' dir='ltr'><strong>absurde</strong></span> <span class='ocrx_word' id='word_1_599' title='bbox 2103 4936 2160 4974; x_wconf 89' lang='lat' dir='ltr'><strong>se</strong></span> 
     </span>
    </p>
   </div>
   <div class='ocr_carea' id='block_1_83' title="bbox 598 5010 2159 5080">
    <p class='ocr_par' dir='ltr' id='par_1_83' title="bbox 598 5010 2159 5080">
     <span class='ocr_line' id='line_1_83' title="bbox 598 5010 2159 5080; baseline 0.003 -19"><span class='ocrx_word' id='word_1_600' title='bbox 598 5026 781 5080; x_wconf 83' lang='lat' dir='ltr'><strong>agere,</strong></span> <span class='ocrx_word' id='word_1_601' title='bbox 843 5010 897 5063; x_wconf 90' lang='lat' dir='ltr'><strong>in</strong></span> <span class='ocrx_word' id='word_1_602' title='bbox 956 5012 1182 5065; x_wconf 82' lang='lat' dir='ltr'><strong>scientia</strong></span> <span class='ocrx_word' id='word_1_603' title='bbox 1236 5020 1413 5065; x_wconf 90' lang='lat' dir='ltr'><strong>tamen</strong></span> <span class='ocrx_word' id='word_1_604' title='bbox 1473 5010 1733 5078; x_wconf 80' lang='lat' dir='ltr'><strong>peccavit,</strong></span> <span class='ocrx_word' id='word_1_605' title='bbox 1793 5024 1901 5063; x_wconf 89' lang='lat' dir='ltr'><strong>non</strong></span> <span class='ocrx_word' id='word_1_606' title='bbox 1959 5010 2159 5065; x_wconf 84' lang='lat' dir='ltr'><strong>veritus</strong></span> 
     </span>
    </p>
   </div>
   <div class='ocr_carea' id='block_1_84' title="bbox 603 5101 2160 5171">
    <p class='ocr_par' dir='ltr' id='par_1_84' title="bbox 603 5101 2160 5171">
     <span class='ocr_line' id='line_1_84' title="bbox 603 5101 2160 5171; baseline 0.001 -14"><span class='ocrx_word' id='word_1_607' title='bbox 603 5104 791 5168; x_wconf 91' lang='lat' dir='ltr'><strong>Deum,</strong></span> <span class='ocrx_word' id='word_1_608' title='bbox 833 5102 928 5171; x_wconf 88' lang='lat' dir='ltr'><strong>qui</strong></span> <span class='ocrx_word' id='word_1_609' title='bbox 973 5110 1030 5157; x_wconf 92' lang='lat' dir='ltr'><strong>et</strong></span> <span class='ocrx_word' id='word_1_610' title='bbox 1076 5103 1313 5156; x_wconf 84' lang='lat' dir='ltr'><strong>animam</strong></span> <span class='ocrx_word' id='word_1_611' title='bbox 1345 5111 1400 5155; x_wconf 89' lang='lat' dir='ltr'><strong>et</strong></span> <span class='ocrx_word' id='word_1_612' title='bbox 1442 5116 1642 5170; x_wconf 90' lang='lat' dir='ltr'><strong>corpus</strong></span> <span class='ocrx_word' id='word_1_613' title='bbox 1693 5101 1908 5165; x_wconf 91' lang='lat' dir='ltr'><strong>occidit,</strong></span> <span class='ocrx_word' id='word_1_614' title='bbox 1940 5104 2160 5158; x_wconf 86' lang='lat' dir='ltr'><strong>mittens</strong></span> 
     </span>
    </p>
   </div>
   <div class='ocr_carea' id='block_1_85' title="bbox 603 5192 2157 5264">
    <p class='ocr_par' dir='ltr' id='par_1_85' title="bbox 603 5192 2157 5264">
     <span class='ocr_line' id='line_1_85' title="bbox 603 5192 2157 5264; baseline 0.001 -16"><span class='ocrx_word' id='word_1_615' title='bbox 603 5196 656 5248; x_wconf 91' lang='lat' dir='ltr'><strong>in</strong></span> <span class='ocrx_word' id='word_1_616' title='bbox 708 5200 1006 5264; x_wconf 86' lang='lat' dir='ltr'><strong>gehennam</strong></span> <span class='ocrx_word' id='word_1_617' title='bbox 1036 5213 1050 5256; x_wconf 84' lang='lat'>;</span> <span class='ocrx_word' id='word_1_618' title='bbox 1096 5196 1189 5248; x_wconf 87' lang='lat' dir='ltr'><strong>sed</strong></span> <span class='ocrx_word' id='word_1_619' title='bbox 1222 5193 1374 5247; x_wconf 92' lang='lat' dir='ltr'><strong>illum</strong></span> <span class='ocrx_word' id='word_1_620' title='bbox 1430 5192 1701 5248; x_wconf 85' lang='lat' dir='ltr'><strong>reveritus</strong></span> <span class='ocrx_word' id='word_1_621' title='bbox 1728 5195 1820 5262; x_wconf 91' lang='lat' dir='ltr'><strong>qui</strong></span> <span class='ocrx_word' id='word_1_622' title='bbox 1852 5209 2050 5264; x_wconf 90' lang='lat' dir='ltr'><strong>corpus</strong></span> <span class='ocrx_word' id='word_1_623' title='bbox 2093 5198 2157 5249; x_wconf 86' lang='lat' dir='ltr'><strong>ad</strong></span> 
     </span>
    </p>
   </div>
   <div class='ocr_carea' id='block_1_86' title="bbox 603 5285 2163 5357">
    <p class='ocr_par' dir='ltr' id='par_1_86' title="bbox 603 5285 2163 5357">
     <span class='ocr_line' id='line_1_86' title="bbox 603 5285 2163 5357; baseline 0 -16"><span class='ocrx_word' id='word_1_624' title='bbox 603 5297 813 5357; x_wconf 90' lang='lat' dir='ltr'><strong>tempus</strong></span> <span class='ocrx_word' id='word_1_625' title='bbox 856 5287 1029 5341; x_wconf 60' lang='lat' dir='ltr'><strong>caedit.</strong></span> <span class='ocrx_word' id='word_1_626' title='bbox 1081 5285 1220 5352; x_wconf 88' lang='lat' dir='ltr'><strong>Quid</strong></span> <span class='ocrx_word' id='word_1_627' title='bbox 1269 5286 1463 5355; x_wconf 85' lang='lat' dir='ltr'><strong>juvant</strong></span> <span class='ocrx_word' id='word_1_628' title='bbox 1503 5300 1623 5356; x_wconf 73' lang='lat' dir='ltr'><strong>qua:</strong></span> <span class='ocrx_word' id='word_1_629' title='bbox 1654 5300 1758 5339; x_wconf 90' lang='lat' dir='ltr'><strong>non</strong></span> <span class='ocrx_word' id='word_1_630' title='bbox 1816 5289 2163 5356; x_wconf 81' lang='lat' dir='ltr'><strong>congruunt?</strong></span> 
     </span>
    </p>
   </div>
   <div class='ocr_carea' id='block_1_87' title="bbox 601 5376 2164 5447">
    <p class='ocr_par' dir='ltr' id='par_1_87' title="bbox 601 5376 2164 5447">
     <span class='ocr_line' id='line_1_87' title="bbox 601 5376 2164 5447; baseline 0.004 -18"><span class='ocrx_word' id='word_1_631' title='bbox 601 5378 739 5444; x_wconf 86' lang='lat' dir='ltr'><strong>Quid</strong></span> <span class='ocrx_word' id='word_1_632' title='bbox 778 5378 1018 5432; x_wconf 88' lang='lat' dir='ltr'><strong>faventes</strong></span> <span class='ocrx_word' id='word_1_633' title='bbox 1044 5378 1146 5432; x_wconf 88' lang='lat' dir='ltr'><strong>sibi</strong></span> <span class='ocrx_word' id='word_1_634' title='bbox 1173 5388 1323 5447; x_wconf 86' lang='lat' dir='ltr'><strong>putat</strong></span> <span class='ocrx_word' id='word_1_635' title='bbox 1352 5389 1593 5443; x_wconf 89' lang='lat' dir='ltr'><strong>sanctos,</strong></span> <span class='ocrx_word' id='word_1_636' title='bbox 1625 5379 1719 5447; x_wconf 90' lang='lat' dir='ltr'><strong>qui</strong></span> <span class='ocrx_word' id='word_1_637' title='bbox 1745 5376 2164 5435; x_wconf 82' lang='lat' dir='ltr'><strong>cantradicunt?</strong></span> 
     </span>
    </p>
   </div>
   <div class='ocr_carea' id='block_1_88' title="bbox 602 5468 2160 5537">
    <p class='ocr_par' dir='ltr' id='par_1_88' title="bbox 602 5468 2160 5537">
     <span class='ocr_line' id='line_1_88' title="bbox 602 5468 2160 5537; baseline 0.004 -16"><span class='ocrx_word' id='word_1_638' title='bbox 602 5468 824 5523; x_wconf 85' lang='lat' dir='ltr'><strong>lllorum</strong></span> <span class='ocrx_word' id='word_1_639' title='bbox 880 5468 1107 5537; x_wconf 81' lang='lat' dir='ltr'><strong>judicio,</strong></span> <span class='ocrx_word' id='word_1_640' title='bbox 1146 5470 1405 5524; x_wconf 89' lang='lat' dir='ltr'><strong>annuisse</strong></span> <span class='ocrx_word' id='word_1_641' title='bbox 1442 5470 1704 5523; x_wconf 88' lang='lat' dir='ltr'><strong>duntaxat</strong></span> <span class='ocrx_word' id='word_1_642' title='bbox 1748 5470 1829 5524; x_wconf 89' lang='lat' dir='ltr'><strong>vel</strong></span> <span class='ocrx_word' id='word_1_643' title='bbox 1881 5472 2160 5537; x_wconf 89' lang='lat' dir='ltr'><strong>abnuisse,</strong></span> 
     </span>
    </p>
   </div>
   <div class='ocr_carea' id='block_1_89' title="bbox 606 5559 2161 5638">
    <p class='ocr_par' dir='ltr' id='par_1_89' title="bbox 606 5559 2161 5638">
     <span class='ocr_line' id='line_1_89' title="bbox 606 5559 2161 5638; baseline 0.006 -23"><span class='ocrx_word' id='word_1_644' title='bbox 606 5577 729 5615; x_wconf 88' lang='lat' dir='ltr'><strong>cum</strong></span> <span class='ocrx_word' id='word_1_645' title='bbox 758 5563 823 5617; x_wconf 90' lang='lat' dir='ltr'><strong>de</strong></span> <span class='ocrx_word' id='word_1_646' title='bbox 864 5559 1208 5616; x_wconf 85' lang='lat' dir='ltr'><strong>confessione</strong></span> <span class='ocrx_word' id='word_1_647' title='bbox 1242 5572 1335 5616; x_wconf 89' lang='lat' dir='ltr'><strong>aut</strong></span> <span class='ocrx_word' id='word_1_648' title='bbox 1384 5565 1667 5633; x_wconf 86' lang='lat' dir='ltr'><strong>negatione</strong></span> <span class='ocrx_word' id='word_1_649' title='bbox 1711 5567 1910 5636; x_wconf 88' lang='lat' dir='ltr'><strong>agitur,</strong></span> <span class='ocrx_word' id='word_1_650' title='bbox 1942 5569 2161 5638; x_wconf 86' lang='lat' dir='ltr'><strong>perinde</strong></span> 
     </span>
    </p>
   </div>
   <div class='ocr_carea' id='block_1_90' title="bbox 674 5740 1764 5810">
    <p class='ocr_par' dir='ltr' id='par_1_90' title="bbox 674 5740 1764 5810">
     <span class='ocr_line' id='line_1_90' title="bbox 674 5740 1764 5810; baseline 0.007 -17"><span class='ocrx_word' id='word_1_651' title='bbox 674 5741 719 5770; x_wconf 81' lang='lat'>”</span> <span class='ocrx_word' id='word_1_652' title='bbox 749 5740 904 5794; x_wconf 79' lang='lat' dir='ltr'><strong>an.</strong></span> <span class='ocrx_word' id='word_1_653' title='bbox 940 5756 975 5808; x_wconf 87' lang='grc' dir='ltr'><strong>ι,</strong></span> <span class='ocrx_word' id='word_1_654' title='bbox 1016 5742 1101 5795; x_wconf 75' lang='grc'><strong>18.</strong></span> <span class='ocrx_word' id='word_1_655' title='bbox 1180 5743 1224 5774; x_wconf 75' lang='grc'><em>’⁸</em></span> <span class='ocrx_word' id='word_1_656' title='bbox 1258 5742 1296 5797; x_wconf 91' lang='lat' dir='ltr'><strong>ll</strong></span> <span class='ocrx_word' id='word_1_657' title='bbox 1336 5744 1461 5799; x_wconf 87' lang='lat' dir='ltr'><strong>Cor.</strong></span> <span class='ocrx_word' id='word_1_658' title='bbox 1492 5761 1547 5810; x_wconf 77' lang='grc' dir='ltr'>χ,</span> <span class='ocrx_word' id='word_1_659' title='bbox 1578 5745 1764 5801; x_wconf 76' lang='grc'><strong>16-18.</strong></span> 
     </span>
    </p>
   </div>
   <div class='ocr_carea' id='block_1_91' title="bbox 2247 3173 3826 3247">
    <p class='ocr_par' dir='ltr' id='par_1_91' title="bbox 2247 3173 3826 3247">
     <span class='ocr_line' id='line_1_91' title="bbox 2247 3173 3826 3247; baseline -0.002 -17"><span class='ocrx_word' id='word_1_660' title='bbox 2247 3178 2467 3247; x_wconf 71' lang='grc' dir='ltr'>ἔχοντας</span> <span class='ocrx_word' id='word_1_661' title='bbox 2512 3173 2952 3235; x_wconf 75' lang='grc' dir='ltr'>κοινοποιεῖσθαι,</span> <span class='ocrx_word' id='word_1_662' title='bbox 2984 3174 3384 3247; x_wconf 73' lang='grc' dir='ltr'>ὀνομαζομένη.</span> <span class='ocrx_word' id='word_1_663' title='bbox 3448 3177 3569 3230; x_wconf 69' lang='grc' dir='ltr'><strong>Καὶ</strong></span> <span class='ocrx_word' id='word_1_664' title='bbox 3600 3176 3779 3229; x_wconf 69' lang='grc' dir='ltr'>τοίνυν</span> <span class='ocrx_word' id='word_1_665' title='bbox 3800 3176 3826 3227; x_wconf 76' lang='grc' dir='ltr'><em>ὁ</em></span> 
     </span>
    </p>
   </div>
   <div class='ocr_carea' id='block_1_92' title="bbox 2246 3265 3825 3336">
    <p class='ocr_par' dir='ltr' id='par_1_92' title="bbox 2246 3265 3825 3336">
     <span class='ocr_line' id='line_1_92' title="bbox 2246 3265 3825 3336; baseline -0.004 -11"><span class='ocrx_word' id='word_1_666' title='bbox 2246 3268 2527 3333; x_wconf 78' lang='grc' dir='ltr'>θεσπέσιος</span> <span class='ocrx_word' id='word_1_667' title='bbox 2569 3267 2927 3329; x_wconf 83' lang='grc' dir='ltr'>Ἀπόστολος·</span> <span class='ocrx_word' id='word_1_668' title='bbox 2969 3268 3038 3319; x_wconf 83' lang='grc' dir='ltr'><em>Τὸ</em></span> <span class='ocrx_word' id='word_1_669' title='bbox 3062 3266 3348 3333; x_wconf 79' lang='grc' dir='ltr'>ποτήριον</span> <span class='ocrx_word' id='word_1_670' title='bbox 3390 3265 3504 3332; x_wconf 82' lang='grc' dir='ltr'>τῆς</span> <span class='ocrx_word' id='word_1_671' title='bbox 3545 3269 3825 3336; x_wconf 69' lang='grc' dir='ltr'>εὐλογίας</span> 
     </span>
    </p>
   </div>
   <div class='ocr_carea' id='block_1_93' title="bbox 2214 3357 3822 3435">
    <p class='ocr_par' dir='ltr' id='par_1_93' title="bbox 2214 3357 3822 3435">
     <span class='ocr_line' id='line_1_93' title="bbox 2214 3357 3822 3435; baseline -0.004 -18"><span class='ocrx_word' id='word_1_672' title='bbox 2214 3362 2689 3435; x_wconf 74' lang='grc' dir='ltr'>’δεύλογοῦμεν,</span> <span class='ocrx_word' id='word_1_673' title='bbox 2724 3360 2861 3428; x_wconf 78' lang='grc' dir='ltr'><strong>οὐχὶ</strong></span> <span class='ocrx_word' id='word_1_674' title='bbox 2912 3359 3190 3412; x_wconf 79' lang='grc' dir='ltr'>κοινωνία</span> <span class='ocrx_word' id='word_1_675' title='bbox 3241 3357 3348 3411; x_wconf 89' lang='grc' dir='ltr'>τοῦ</span> <span class='ocrx_word' id='word_1_676' title='bbox 3410 3360 3669 3425; x_wconf 81' lang='grc' dir='ltr'>αἵματος</span> <span class='ocrx_word' id='word_1_677' title='bbox 3728 3358 3822 3411; x_wconf 79' lang='grc' dir='ltr'>τοῦ</span> 
     </span>
    </p>
   </div>
   <div class='ocr_carea' id='block_1_94' title="bbox 2248 3448 3823 3523">
    <p class='ocr_par' dir='ltr' id='par_1_94' title="bbox 2248 3448 3823 3523">
     <span class='ocr_line' id='line_1_94' title="bbox 2248 3448 3823 3523; baseline -0.005 -14"><span class='ocrx_word' id='word_1_678' title='bbox 2248 3456 2465 3523; x_wconf 84' lang='grc' dir='ltr'><strong>Κυρίου</strong></span> <span class='ocrx_word' id='word_1_679' title='bbox 2484 3456 2617 3508; x_wconf 86' lang='grc' dir='ltr'>ἐστί</span> <span class='ocrx_word' id='word_1_680' title='bbox 2636 3470 2655 3518; x_wconf 91' lang='grc'><strong><em>;</em></strong></span> <span class='ocrx_word' id='word_1_681' title='bbox 2674 3454 2780 3507; x_wconf 83' lang='grc' dir='ltr'>τὸν</span> <span class='ocrx_word' id='word_1_682' title='bbox 2793 3452 2995 3520; x_wconf 82' lang='grc' dir='ltr'>ἄρτον,</span> <span class='ocrx_word' id='word_1_683' title='bbox 3014 3451 3087 3504; x_wconf 82' lang='grc' dir='ltr'>ὃν</span> <span class='ocrx_word' id='word_1_684' title='bbox 3100 3448 3359 3519; x_wconf 76' lang='grc' dir='ltr'>κλῶμεν,</span> <span class='ocrx_word' id='word_1_685' title='bbox 3382 3450 3523 3515; x_wconf 80' lang='grc' dir='ltr'><strong>οὐχὶ</strong></span> <span class='ocrx_word' id='word_1_686' title='bbox 3549 3450 3823 3503; x_wconf 78' lang='grc' dir='ltr'>κοινωνιά</span> 
     </span>
    </p>
   </div>
   <div class='ocr_carea' id='block_1_95' title="bbox 2246 3532 3821 3612">
    <p class='ocr_par' dir='ltr' id='par_1_95' title="bbox 2246 3532 3821 3612">
     <span class='ocr_line' id='line_1_95' title="bbox 2246 3532 3821 3612; baseline -0.006 -14"><span class='ocrx_word' id='word_1_687' title='bbox 2246 3546 2353 3600; x_wconf 85' lang='grc' dir='ltr'><strong>τοῦ</strong></span> <span class='ocrx_word' id='word_1_688' title='bbox 2380 3532 2650 3612; x_wconf 82' lang='grc' dir='ltr'>σώματος</span> <span class='ocrx_word' id='word_1_689' title='bbox 2685 3542 2791 3595; x_wconf 85' lang='grc' dir='ltr'>τοῦ</span> <span class='ocrx_word' id='word_1_690' title='bbox 2821 3542 3043 3609; x_wconf 85' lang='grc' dir='ltr'>Κυρίου</span> <span class='ocrx_word' id='word_1_691' title='bbox 3075 3541 3281 3603; x_wconf 76' lang='grc' dir='ltr'>ἐστι’ν;</span> <span class='ocrx_word' id='word_1_692' title='bbox 3305 3540 3397 3593; x_wconf 84' lang='grc' dir='ltr'>ὅτι</span> <span class='ocrx_word' id='word_1_693' title='bbox 3424 3534 3512 3604; x_wconf 76' lang='grc' dir='ltr'>εἶς</span> <span class='ocrx_word' id='word_1_694' title='bbox 3538 3540 3737 3607; x_wconf 78' lang='grc' dir='ltr'>ἄρτος,</span> <span class='ocrx_word' id='word_1_695' title='bbox 3761 3538 3821 3591; x_wconf 76' lang='grc' dir='ltr'>ἓν</span> 
     </span>
    </p>
   </div>
   <div class='ocr_carea' id='block_1_96' title="bbox 2248 3629 3820 3704">
    <p class='ocr_par' dir='ltr' id='par_1_96' title="bbox 2248 3629 3820 3704">
     <span class='ocr_line' id='line_1_96' title="bbox 2248 3629 3820 3704; baseline -0.003 -16"><span class='ocrx_word' id='word_1_696' title='bbox 2248 3634 2417 3704; x_wconf 81' lang='grc' dir='ltr'><strong>σῶμα</strong></span> <span class='ocrx_word' id='word_1_697' title='bbox 2446 3638 2499 3688; x_wconf 76' lang='lat' dir='ltr'><strong>oi</strong></span> <span class='ocrx_word' id='word_1_698' title='bbox 2530 3634 2747 3687; x_wconf 71' lang='grc' dir='ltr'>πολλοί</span> <span class='ocrx_word' id='word_1_699' title='bbox 2776 3633 2981 3702; x_wconf 81' lang='grc' dir='ltr'>ἐσμεν·</span> <span class='ocrx_word' id='word_1_700' title='bbox 3017 3634 3071 3685; x_wconf 78' lang='lat' dir='ltr'><strong>oi</strong></span> <span class='ocrx_word' id='word_1_701' title='bbox 3098 3631 3205 3701; x_wconf 69' lang='grc' dir='ltr'><strong>γὰρ</strong></span> <span class='ocrx_word' id='word_1_702' title='bbox 3228 3629 3453 3695; x_wconf 80' lang='grc' dir='ltr'>πάντες</span> <span class='ocrx_word' id='word_1_703' title='bbox 3471 3632 3543 3684; x_wconf 80' lang='grc' dir='ltr'>ἐκ</span> <span class='ocrx_word' id='word_1_704' title='bbox 3570 3632 3676 3686; x_wconf 86' lang='grc' dir='ltr'>τοῦ</span> <span class='ocrx_word' id='word_1_705' title='bbox 3694 3632 3820 3694; x_wconf 74' lang='grc' dir='ltr'><strong>ἐνές</strong></span> 
     </span>
    </p>
   </div>
   <div class='ocr_carea' id='block_1_97' title="bbox 2248 3722 2804 3795">
    <p class='ocr_par' dir='ltr' id='par_1_97' title="bbox 2248 3722 2804 3795">
     <span class='ocr_line' id='line_1_97' title="bbox 2248 3722 2804 3795; baseline -0.005 -15"><span class='ocrx_word' id='word_1_706' title='bbox 2248 3725 2427 3795; x_wconf 78' lang='grc' dir='ltr'>ἄρτου</span> <span class='ocrx_word' id='word_1_707' title='bbox 2446 3722 2804 3795; x_wconf 77' lang='grc' dir='ltr'>μετέχομεν.</span> 
     </span>
    </p>
   </div>
   <div class='ocr_carea' id='block_1_98' title="bbox 2333 4006 3816 4077">
    <p class='ocr_par' dir='ltr' id='par_1_98' title="bbox 2333 4006 3816 4077">
     <span class='ocr_line' id='line_1_98' title="bbox 2333 4006 3816 4077; baseline -0.003 -16"><span class='ocrx_word' id='word_1_708' title='bbox 2333 4009 2463 4063; x_wconf 78' lang='grc' dir='ltr'>Ἰδοὺ</span> <span class='ocrx_word' id='word_1_709' title='bbox 2490 4008 2687 4077; x_wconf 81' lang='grc' dir='ltr'>δέδειχε</span> <span class='ocrx_word' id='word_1_710' title='bbox 2734 4008 3012 4062; x_wconf 72' lang='grc' dir='ltr'>κάνταῦθα</span> <span class='ocrx_word' id='word_1_711' title='bbox 3052 4008 3114 4059; x_wconf 85' lang='grc' dir='ltr'><strong>τὸ</strong></span> <span class='ocrx_word' id='word_1_712' title='bbox 3159 4007 3271 4075; x_wconf 81' lang='grc' dir='ltr'><strong>φῶς</strong></span> <span class='ocrx_word' id='word_1_713' title='bbox 3309 4007 3405 4059; x_wconf 79' lang='grc' dir='ltr'><strong>τοῦ</strong></span> <span class='ocrx_word' id='word_1_714' title='bbox 3455 4006 3675 4076; x_wconf 78' lang='grc' dir='ltr'>κόσμου</span> <span class='ocrx_word' id='word_1_715' title='bbox 3704 4045 3717 4070; x_wconf 95' lang='grc'><strong>,</strong></span> <span class='ocrx_word' id='word_1_716' title='bbox 3750 4008 3816 4057; x_wconf 78' lang='grc' dir='ltr'>ὅτι</span> 
     </span>
    </p>
   </div>
   <div class='ocr_carea' id='block_1_99' title="bbox 2252 4099 3818 4170">
    <p class='ocr_par' dir='ltr' id='par_1_99' title="bbox 2252 4099 3818 4170">
     <span class='ocr_line' id='line_1_99' title="bbox 2252 4099 3818 4170; baseline -0.004 -16"><span class='ocrx_word' id='word_1_717' title='bbox 2252 4102 2502 4154; x_wconf 83' lang='grc' dir='ltr'>κοινωνία</span> <span class='ocrx_word' id='word_1_718' title='bbox 2529 4102 2675 4154; x_wconf 78' lang='grc' dir='ltr'>ἐστὶν</span> <span class='ocrx_word' id='word_1_719' title='bbox 2701 4102 2733 4167; x_wconf 78' lang='grc' dir='ltr'>ἡ</span> <span class='ocrx_word' id='word_1_720' title='bbox 2750 4100 2978 4170; x_wconf 81' lang='grc' dir='ltr'>μετοχή</span> <span class='ocrx_word' id='word_1_721' title='bbox 3002 4117 3015 4129; x_wconf 89' lang='grc'><strong>·</strong></span> <span class='ocrx_word' id='word_1_722' title='bbox 3044 4100 3144 4152; x_wconf 85' lang='grc' dir='ltr'><strong>οὑκ</strong></span> <span class='ocrx_word' id='word_1_723' title='bbox 3164 4100 3228 4153; x_wconf 86' lang='grc' dir='ltr'><strong>ἀν</strong></span> <span class='ocrx_word' id='word_1_724' title='bbox 3253 4117 3337 4162; x_wconf 92' lang='grc' dir='ltr'><strong>τις</strong></span> <span class='ocrx_word' id='word_1_725' title='bbox 3363 4099 3421 4151; x_wconf 79' lang='grc' dir='ltr'><strong>δὲ</strong></span> <span class='ocrx_word' id='word_1_726' title='bbox 3453 4101 3679 4169; x_wconf 74' lang='grc' dir='ltr'>φρενῶν</span> <span class='ocrx_word' id='word_1_727' title='bbox 3702 4100 3818 4151; x_wconf 77' lang='grc' dir='ltr'>εἴσω</span> 
     </span>
    </p>
   </div>
   <div class='ocr_carea' id='block_1_100' title="bbox 2251 4189 3818 4262">
    <p class='ocr_par' dir='ltr' id='par_1_100' title="bbox 2251 4189 3818 4262">
     <span class='ocr_line' id='line_1_100' title="bbox 2251 4189 3818 4262; baseline -0.003 -16"><span class='ocrx_word' id='word_1_728' title='bbox 2251 4193 2348 4260; x_wconf 82' lang='grc' dir='ltr'><strong>ὢν,</strong></span> <span class='ocrx_word' id='word_1_729' title='bbox 2377 4193 2496 4262; x_wconf 77' lang='grc' dir='ltr'>οὐχὶ</span> <span class='ocrx_word' id='word_1_730' title='bbox 2528 4194 2626 4261; x_wconf 75' lang='grc' dir='ltr'>τὴν</span> <span class='ocrx_word' id='word_1_731' title='bbox 2641 4194 2930 4261; x_wconf 75' lang='grc' dir='ltr'>μετοχὴν,</span> <span class='ocrx_word' id='word_1_732' title='bbox 2968 4194 3313 4260; x_wconf 66' lang='grc' dir='ltr'>μετάληψιν</span> <span class='ocrx_word' id='word_1_733' title='bbox 3357 4193 3527 4244; x_wconf 71' lang='grc' dir='ltr'>εἴποι.</span> <span class='ocrx_word' id='word_1_734' title='bbox 3573 4192 3663 4254; x_wconf 84' lang='grc' dir='ltr'>Ὠς</span> <span class='ocrx_word' id='word_1_735' title='bbox 3688 4189 3818 4245; x_wconf 66' lang='grc' dir='ltr'><strong>οὗνό</strong></span> 
     </span>
    </p>
   </div>
   <div class='ocr_carea' id='block_1_101' title="bbox 2254 4283 3817 4355">
    <p class='ocr_par' dir='ltr' id='par_1_101' title="bbox 2254 4283 3817 4355">
     <span class='ocr_line' id='line_1_101' title="bbox 2254 4283 3817 4355; baseline -0.001 -18"><span class='ocrx_word' id='word_1_736' title='bbox 2254 4284 2396 4347; x_wconf 86' lang='grc' dir='ltr'>θεῖος</span> <span class='ocrx_word' id='word_1_737' title='bbox 2424 4284 2587 4353; x_wconf 80' lang='grc' dir='ltr'>ἄρτος</span> <span class='ocrx_word' id='word_1_738' title='bbox 2621 4285 2725 4337; x_wconf 81' lang='grc' dir='ltr'><strong>ὑπὸ</strong></span> <span class='ocrx_word' id='word_1_739' title='bbox 2758 4283 2867 4337; x_wconf 83' lang='grc' dir='ltr'>τῶν</span> <span class='ocrx_word' id='word_1_740' title='bbox 2890 4283 3187 4355; x_wconf 80' lang='grc' dir='ltr'>ὀρθοδόξων</span> <span class='ocrx_word' id='word_1_741' title='bbox 3212 4284 3605 4353; x_wconf 83' lang='grc' dir='ltr'>μετεχόμενος,</span> <span class='ocrx_word' id='word_1_742' title='bbox 3626 4286 3817 4344; x_wconf 73' lang='grc' dir='ltr'>πάντας</span> 
     </span>
    </p>
   </div>
   <div class='ocr_carea' id='block_1_102' title="bbox 2252 4375 3817 4446">
    <p class='ocr_par' dir='ltr' id='par_1_102' title="bbox 2252 4375 3817 4446">
     <span class='ocr_line' id='line_1_102' title="bbox 2252 4375 3817 4446; baseline -0.001 -18"><span class='ocrx_word' id='word_1_743' title='bbox 2252 4377 2378 4439; x_wconf 85' lang='grc' dir='ltr'>τοὺς</span> <span class='ocrx_word' id='word_1_744' title='bbox 2414 4376 2673 4444; x_wconf 82' lang='grc' dir='ltr'>μετόχους</span> <span class='ocrx_word' id='word_1_745' title='bbox 2702 4375 2761 4427; x_wconf 80' lang='grc' dir='ltr'><strong>ἒν</strong></span> <span class='ocrx_word' id='word_1_746' title='bbox 2790 4376 2947 4445; x_wconf 84' lang='grc' dir='ltr'>σῶμα</span> <span class='ocrx_word' id='word_1_747' title='bbox 2982 4375 3268 4429; x_wconf 80' lang='grc' dir='ltr'>ἀποτελεῖ·</span> <span class='ocrx_word' id='word_1_748' title='bbox 3306 4375 3452 4427; x_wconf 73' lang='grc' dir='ltr'>οὕτω</span> <span class='ocrx_word' id='word_1_749' title='bbox 3486 4376 3556 4446; x_wconf 76' lang='grc' dir='ltr'><strong>δὴ</strong></span> <span class='ocrx_word' id='word_1_750' title='bbox 3588 4378 3679 4428; x_wconf 66' lang='grc' dir='ltr'>καὶ</span> <span class='ocrx_word' id='word_1_751' title='bbox 3706 4378 3817 4427; x_wconf 71' lang='lat' dir='ltr'><strong>eaa-</strong></span> 
     </span>
    </p>
   </div>
   <div class='ocr_carea' id='block_1_103' title="bbox 2186 4465 3819 4550">
    <p class='ocr_par' dir='ltr' id='par_1_103' title="bbox 2186 4465 3819 4550">
     <span class='ocr_line' id='line_1_103' title="bbox 2186 4465 3819 4550; baseline 0.001 -33"><span class='ocrx_word' id='word_1_752' title='bbox 2186 4496 2227 4550; x_wconf 71' lang='grc' dir='ltr'>υ</span> <span class='ocrx_word' id='word_1_753' title='bbox 2258 4466 2471 4537; x_wconf 83' lang='grc' dir='ltr'>ρετικὸς</span> <span class='ocrx_word' id='word_1_754' title='bbox 2504 4466 2667 4535; x_wconf 82' lang='grc' dir='ltr'>ἄρτος</span> <span class='ocrx_word' id='word_1_755' title='bbox 2700 4466 2991 4529; x_wconf 81' lang='grc' dir='ltr'>κοινωνοὺς</span> <span class='ocrx_word' id='word_1_756' title='bbox 3027 4468 3151 4528; x_wconf 82' lang='grc' dir='ltr'>τοὺς</span> <span class='ocrx_word' id='word_1_757' title='bbox 3182 4465 3325 4519; x_wconf 78' lang='grc' dir='ltr'>οὓτω</span> <span class='ocrx_word' id='word_1_758' title='bbox 3353 4465 3523 4519; x_wconf 77' lang='grc' dir='ltr'>αὑτοῦ</span> <span class='ocrx_word' id='word_1_759' title='bbox 3586 4469 3819 4535; x_wconf 74' lang='grc' dir='ltr'>μετέχονσ</span> 
     </span>
    </p>
   </div>
   <div class='ocr_carea' id='block_1_104' title="bbox 2257 4558 3817 4630">
    <p class='ocr_par' dir='ltr' id='par_1_104' title="bbox 2257 4558 3817 4630">
     <span class='ocr_line' id='line_1_104' title="bbox 2257 4558 3817 4630; baseline 0.001 -18"><span class='ocrx_word' id='word_1_760' title='bbox 2257 4576 2354 4623; x_wconf 87' lang='grc' dir='ltr'><strong>τας</strong></span> <span class='ocrx_word' id='word_1_761' title='bbox 2376 4558 2619 4628; x_wconf 83' lang='grc' dir='ltr'>ἀλλήλων</span> <span class='ocrx_word' id='word_1_762' title='bbox 2643 4563 2746 4613; x_wconf 83' lang='grc' dir='ltr'><strong>ἀπε</strong></span> <span class='ocrx_word' id='word_1_763' title='bbox 2755 4558 3108 4629; x_wconf 77' lang='grc' dir='ltr'>ργαζόμενος,</span> <span class='ocrx_word' id='word_1_764' title='bbox 3138 4559 3195 4611; x_wconf 80' lang='grc' dir='ltr'>ἓν</span> <span class='ocrx_word' id='word_1_765' title='bbox 3216 4558 3375 4630; x_wconf 84' lang='grc' dir='ltr'>σῶμα</span> <span class='ocrx_word' id='word_1_766' title='bbox 3395 4559 3684 4612; x_wconf 79' lang='grc' dir='ltr'>ἀντίθετον</span> <span class='ocrx_word' id='word_1_767' title='bbox 3702 4561 3817 4630; x_wconf 75' lang='grc' dir='ltr'>Χρι-</span> 
     </span>
    </p>
   </div>
   <div class='ocr_carea' id='block_1_105' title="bbox 2260 4651 3813 4722">
    <p class='ocr_par' dir='ltr' id='par_1_105' title="bbox 2260 4651 3813 4722">
     <span class='ocr_line' id='line_1_105' title="bbox 2260 4651 3813 4722; baseline 0 -19"><span class='ocrx_word' id='word_1_768' title='bbox 2260 4652 2369 4721; x_wconf 84' lang='grc' dir='ltr'><strong>στῷ</strong></span> <span class='ocrx_word' id='word_1_769' title='bbox 2400 4651 2726 4722; x_wconf 85' lang='grc' dir='ltr'>παρίστησι·</span> <span class='ocrx_word' id='word_1_770' title='bbox 2767 4653 2861 4704; x_wconf 78' lang='grc' dir='ltr'><strong>καὶ</strong></span> <span class='ocrx_word' id='word_1_771' title='bbox 2914 4653 2942 4704; x_wconf 85' lang='grc' dir='ltr'><strong>ό</strong></span> <span class='ocrx_word' id='word_1_772' title='bbox 2979 4651 3266 4718; x_wconf 85' lang='grc' dir='ltr'>κενολόγος</span> <span class='ocrx_word' id='word_1_773' title='bbox 3306 4652 3487 4722; x_wconf 80' lang='grc' dir='ltr'>μάτην</span> <span class='ocrx_word' id='word_1_774' title='bbox 3534 4653 3813 4720; x_wconf 73' lang='grc' dir='ltr'>κενολογεί.</span> 
     </span>
    </p>
   </div>
   <div class='ocr_carea' id='block_1_106' title="bbox 2258 4739 3816 4811">
    <p class='ocr_par' dir='ltr' id='par_1_106' title="bbox 2258 4739 3816 4811">
     <span class='ocr_line' id='line_1_106' title="bbox 2258 4739 3816 4811; baseline -0.001 -18"><span class='ocrx_word' id='word_1_775' title='bbox 2258 4742 2322 4793; x_wconf 82' lang='lat' dir='ltr'><strong>Ei</strong></span> <span class='ocrx_word' id='word_1_776' title='bbox 2347 4742 2403 4794; x_wconf 82' lang='grc' dir='ltr'><strong>δὲ</strong></span> <span class='ocrx_word' id='word_1_777' title='bbox 2431 4742 2511 4794; x_wconf 86' lang='grc' dir='ltr'>ὃτι</span> <span class='ocrx_word' id='word_1_778' title='bbox 2550 4743 2577 4793; x_wconf 87' lang='grc' dir='ltr'>ὁ</span> <span class='ocrx_word' id='word_1_779' title='bbox 2606 4739 2750 4803; x_wconf 83' lang='grc' dir='ltr'>νοῦς,</span> <span class='ocrx_word' id='word_1_780' title='bbox 2788 4740 2948 4793; x_wconf 87' lang='grc' dir='ltr'>ὁπότε</span> <span class='ocrx_word' id='word_1_781' title='bbox 2998 4740 3427 4811; x_wconf 75' lang='grc' dir='ltr'>μετελάμϐανεν,</span> <span class='ocrx_word' id='word_1_782' title='bbox 3462 4742 3525 4793; x_wconf 72' lang='grc' dir='ltr'><strong>οὐ</strong></span> <span class='ocrx_word' id='word_1_783' title='bbox 3577 4742 3816 4795; x_wconf 80' lang='grc' dir='ltr'>συνδιετί-</span> 
     </span>
    </p>
   </div>
   <div class='ocr_carea' id='block_1_107' title="bbox 2263 4832 3818 4904">
    <p class='ocr_par' dir='ltr' id='par_1_107' title="bbox 2263 4832 3818 4904">
     <span class='ocr_line' id='line_1_107' title="bbox 2263 4832 3818 4904; baseline 0 -19"><span class='ocrx_word' id='word_1_784' title='bbox 2263 4832 2387 4885; x_wconf 88' lang='grc' dir='ltr'>θετο</span> <span class='ocrx_word' id='word_1_785' title='bbox 2414 4833 2493 4902; x_wconf 83' lang='grc' dir='ltr'>τῷ</span> <span class='ocrx_word' id='word_1_786' title='bbox 2530 4832 2911 4902; x_wconf 83' lang='grc' dir='ltr'>πραττομένῳ,</span> <span class='ocrx_word' id='word_1_787' title='bbox 2951 4832 3108 4885; x_wconf 80' lang='grc' dir='ltr'>τοῦτό</span> <span class='ocrx_word' id='word_1_788' title='bbox 3142 4834 3259 4885; x_wconf 80' lang='grc' dir='ltr'>ἐστι</span> <span class='ocrx_word' id='word_1_789' title='bbox 3292 4833 3354 4885; x_wconf 79' lang='grc' dir='ltr'><strong>τὸ</strong></span> <span class='ocrx_word' id='word_1_790' title='bbox 3387 4832 3598 4902; x_wconf 78' lang='grc' dir='ltr'>μᾶλλον</span> <span class='ocrx_word' id='word_1_791' title='bbox 3624 4836 3818 4904; x_wconf 80' lang='grc' dir='ltr'>ἀναιρε-</span> 
     </span>
    </p>
   </div>
   <div class='ocr_carea' id='block_1_108' title="bbox 2258 4920 3815 4994">
    <p class='ocr_par' dir='ltr' id='par_1_108' title="bbox 2258 4920 3815 4994">
     <span class='ocr_line' id='line_1_108' title="bbox 2258 4920 3815 4994; baseline 0.001 -18"><span class='ocrx_word' id='word_1_792' title='bbox 2258 4925 2411 4977; x_wconf 85' lang='grc' dir='ltr'>τικόν</span> <span class='ocrx_word' id='word_1_793' title='bbox 2440 4940 2454 4955; x_wconf 96' lang='grc'><strong>·</strong></span> <span class='ocrx_word' id='word_1_794' title='bbox 2488 4926 2567 4976; x_wconf 81' lang='grc' dir='ltr'><strong>ὅτι</strong></span> <span class='ocrx_word' id='word_1_795' title='bbox 2595 4925 2795 4993; x_wconf 87' lang='grc' dir='ltr'>καίπερ</span> <span class='ocrx_word' id='word_1_796' title='bbox 2824 4920 2980 4987; x_wconf 84' lang='grc' dir='ltr'>εἰδὼς</span> <span class='ocrx_word' id='word_1_797' title='bbox 2999 4926 3406 4993; x_wconf 84' lang='grc' dir='ltr'>ὲκτοπουργεῖν,</span> <span class='ocrx_word' id='word_1_798' title='bbox 3430 4926 3587 4994; x_wconf 81' lang='grc' dir='ltr'>ὅμως</span> <span class='ocrx_word' id='word_1_799' title='bbox 3617 4929 3674 4979; x_wconf 82' lang='grc' dir='ltr'>ἐν</span> <span class='ocrx_word' id='word_1_800' title='bbox 3698 4926 3815 4993; x_wconf 62' lang='grc' dir='ltr'>γνιὶι-</span> 
     </span>
    </p>
   </div>
   <div class='ocr_carea' id='block_1_109' title="bbox 2262 5015 3815 5085">
    <p class='ocr_par' dir='ltr' id='par_1_109' title="bbox 2262 5015 3815 5085">
     <span class='ocr_line' id='line_1_109' title="bbox 2262 5015 3815 5085; baseline -0.002 -16"><span class='ocrx_word' id='word_1_801' title='bbox 2262 5034 2345 5069; x_wconf 88' lang='grc' dir='ltr'><strong>σει</strong></span> <span class='ocrx_word' id='word_1_802' title='bbox 2380 5018 2686 5085; x_wconf 74' lang='grc' dir='ltr'>ἡμάρτανε,</span> <span class='ocrx_word' id='word_1_803' title='bbox 2732 5017 2806 5085; x_wconf 78' lang='grc' dir='ltr'><strong>μὴ</strong></span> <span class='ocrx_word' id='word_1_804' title='bbox 2848 5015 3103 5085; x_wconf 75' lang='grc' dir='ltr'>φοϐηθεὶς</span> <span class='ocrx_word' id='word_1_805' title='bbox 3142 5016 3236 5067; x_wconf 81' lang='grc' dir='ltr'>τὸν</span> <span class='ocrx_word' id='word_1_806' title='bbox 3284 5017 3663 5070; x_wconf 83' lang='grc' dir='ltr'>ἀποκτένοντα</span> <span class='ocrx_word' id='word_1_807' title='bbox 3707 5018 3815 5071; x_wconf 67' lang='grc' dir='ltr'>Θεὸν</span> 
     </span>
    </p>
   </div>
   <div class='ocr_carea' id='block_1_110' title="bbox 2262 5107 3811 5180">
    <p class='ocr_par' dir='ltr' id='par_1_110' title="bbox 2262 5107 3811 5180">
     <span class='ocr_line' id='line_1_110' title="bbox 2262 5107 3811 5180; baseline 0 -20"><span class='ocrx_word' id='word_1_808' title='bbox 2262 5110 2355 5160; x_wconf 70' lang='grc' dir='ltr'>καὶ</span> <span class='ocrx_word' id='word_1_809' title='bbox 2376 5108 2552 5177; x_wconf 48' lang='lat' dir='ltr'><strong>dtur?”</strong></span> <span class='ocrx_word' id='word_1_810' title='bbox 2609 5110 2701 5161; x_wconf 71' lang='grc' dir='ltr'><strong>καὶ</strong></span> <span class='ocrx_word' id='word_1_811' title='bbox 2766 5108 2925 5177; x_wconf 84' lang='grc' dir='ltr'>σῶμα</span> <span class='ocrx_word' id='word_1_812' title='bbox 2983 5107 3071 5159; x_wconf 77' lang='grc' dir='ltr'>διὰ</span> <span class='ocrx_word' id='word_1_813' title='bbox 3113 5108 3210 5177; x_wconf 84' lang='grc' dir='ltr'>τῆς</span> <span class='ocrx_word' id='word_1_814' title='bbox 3252 5110 3309 5160; x_wconf 82' lang='grc' dir='ltr'>ὲν</span> <span class='ocrx_word' id='word_1_815' title='bbox 3346 5110 3549 5179; x_wconf 82' lang='grc' dir='ltr'>γεέννῃ</span> <span class='ocrx_word' id='word_1_816' title='bbox 3582 5110 3811 5180; x_wconf 69' lang='grc' dir='ltr'>ἐμϐολῆς,</span> 
     </span>
    </p>
   </div>
   <div class='ocr_carea' id='block_1_111' title="bbox 2264 5198 3814 5272">
    <p class='ocr_par' dir='ltr' id='par_1_111' title="bbox 2264 5198 3814 5272">
     <span class='ocr_line' id='line_1_111' title="bbox 2264 5198 3814 5272; baseline -0.001 -19"><span class='ocrx_word' id='word_1_817' title='bbox 2264 5201 2398 5253; x_wconf 79' lang='grc' dir='ltr'>ἀλλὰ</span> <span class='ocrx_word' id='word_1_818' title='bbox 2431 5202 2519 5253; x_wconf 81' lang='grc' dir='ltr'><strong>τὸν</strong></span> <span class='ocrx_word' id='word_1_819' title='bbox 2544 5201 2892 5272; x_wconf 83' lang='grc' dir='ltr'>προσκαίρως</span> <span class='ocrx_word' id='word_1_820' title='bbox 2924 5200 3082 5268; x_wconf 86' lang='grc' dir='ltr'>σῶμα</span> <span class='ocrx_word' id='word_1_821' title='bbox 3122 5198 3415 5254; x_wconf 79' lang='grc' dir='ltr'>τύπτοντα.</span> <span class='ocrx_word' id='word_1_822' title='bbox 3457 5203 3524 5254; x_wconf 91' lang='grc' dir='ltr'><strong>Τί</strong></span> <span class='ocrx_word' id='word_1_823' title='bbox 3580 5203 3814 5271; x_wconf 66' lang='grc' dir='ltr'>συμφέρει</span> 
     </span>
    </p>
   </div>
   <div class='ocr_carea' id='block_1_112' title="bbox 2265 5292 3814 5367">
    <p class='ocr_par' dir='ltr' id='par_1_112' title="bbox 2265 5292 3814 5367">
     <span class='ocr_line' id='line_1_112' title="bbox 2265 5292 3814 5367; baseline 0 -22"><span class='ocrx_word' id='word_1_824' title='bbox 2265 5294 2334 5345; x_wconf 83' lang='grc' dir='ltr'>τὰ</span> <span class='ocrx_word' id='word_1_825' title='bbox 2361 5293 2646 5361; x_wconf 77' lang='grc' dir='ltr'>ἁσύμϐατα</span> <span class='ocrx_word' id='word_1_826' title='bbox 2672 5310 2687 5359; x_wconf 89' lang='lat'><strong>;</strong></span> <span class='ocrx_word' id='word_1_827' title='bbox 2717 5292 2768 5343; x_wconf 89' lang='grc' dir='ltr'><strong>τί</strong></span> <span class='ocrx_word' id='word_1_828' title='bbox 2789 5294 2959 5345; x_wconf 81' lang='grc' dir='ltr'>οἴεται</span> <span class='ocrx_word' id='word_1_829' title='bbox 2981 5293 3314 5362; x_wconf 82' lang='grc' dir='ltr'>συνηγόρους</span> <span class='ocrx_word' id='word_1_830' title='bbox 3353 5294 3485 5357; x_wconf 74' lang='grc' dir='ltr'>τοὺς</span> <span class='ocrx_word' id='word_1_831' title='bbox 3508 5295 3814 5367; x_wconf 73' lang='grc' dir='ltr'>ἀντηγὸρους</span> 
     </span>
    </p>
   </div>
   <div class='ocr_carea' id='block_1_113' title="bbox 2268 5382 3814 5457">
    <p class='ocr_par' dir='ltr' id='par_1_113' title="bbox 2268 5382 3814 5457">
     <span class='ocr_line' id='line_1_113' title="bbox 2268 5382 3814 5457; baseline 0.001 -20"><span class='ocrx_word' id='word_1_832' title='bbox 2268 5382 2433 5437; x_wconf 76' lang='grc' dir='ltr'>αὐτοῦ</span> <span class='ocrx_word' id='word_1_833' title='bbox 2463 5384 2689 5450; x_wconf 77' lang='grc' dir='ltr'>ἁγίουςς</span> <span class='ocrx_word' id='word_1_834' title='bbox 2726 5384 2830 5453; x_wconf 71' lang='grc' dir='ltr'>ἤδη</span> <span class='ocrx_word' id='word_1_835' title='bbox 2860 5384 2955 5436; x_wconf 77' lang='grc' dir='ltr'>καὶ</span> <span class='ocrx_word' id='word_1_836' title='bbox 2992 5385 3148 5453; x_wconf 91' lang='grc' dir='ltr'>μόνον</span> <span class='ocrx_word' id='word_1_837' title='bbox 3191 5385 3527 5451; x_wconf 83' lang='grc' dir='ltr'>κατάνευσις</span> <span class='ocrx_word' id='word_1_838' title='bbox 3561 5389 3596 5457; x_wconf 78' lang='grc' dir='ltr'>ἦ</span> <span class='ocrx_word' id='word_1_839' title='bbox 3624 5391 3814 5441; x_wconf 71' lang='grc' dir='ltr'>ἀνάνευ-</span> 
     </span>
    </p>
   </div>
   <div class='ocr_carea' id='block_1_114' title="bbox 2271 5475 3814 5550">
    <p class='ocr_par' dir='ltr' id='par_1_114' title="bbox 2271 5475 3814 5550">
     <span class='ocr_line' id='line_1_114' title="bbox 2271 5475 3814 5550; baseline 0.001 -23"><span class='ocrx_word' id='word_1_840' title='bbox 2271 5494 2378 5538; x_wconf 84' lang='grc' dir='ltr'>σις,</span> <span class='ocrx_word' id='word_1_841' title='bbox 2418 5476 2508 5527; x_wconf 80' lang='grc' dir='ltr'>ὲπί</span> <span class='ocrx_word' id='word_1_842' title='bbox 2534 5492 2593 5526; x_wconf 91' lang='grc' dir='ltr'><strong>τε</strong></span> <span class='ocrx_word' id='word_1_843' title='bbox 2613 5475 2899 5543; x_wconf 84' lang='grc' dir='ltr'>ὁμολογίας</span> <span class='ocrx_word' id='word_1_844' title='bbox 2927 5475 3021 5527; x_wconf 70' lang='grc' dir='ltr'><strong>καὶ</strong></span> <span class='ocrx_word' id='word_1_845' title='bbox 3046 5476 3354 5546; x_wconf 80' lang='grc' dir='ltr'>ἀρνήσεως,</span> <span class='ocrx_word' id='word_1_846' title='bbox 3379 5477 3550 5547; x_wconf 73' lang='grc' dir='ltr'>ἔργου</span> <span class='ocrx_word' id='word_1_847' title='bbox 3572 5482 3814 5550; x_wconf 72' lang='grc' dir='ltr'>πλήρωπις</span> 
     </span>
    </p>
   </div>
   <div class='ocr_carea' id='block_1_115' title="bbox 2272 5565 3812 5643">
    <p class='ocr_par' dir='ltr' id='par_1_115' title="bbox 2272 5565 3812 5643">
     <span class='ocr_line' id='line_1_115' title="bbox 2272 5565 3812 5643; baseline 0.001 -23"><span class='ocrx_word' id='word_1_848' title='bbox 2272 5567 2449 5630; x_wconf 79' lang='grc' dir='ltr'>αὐτοῖς</span> <span class='ocrx_word' id='word_1_849' title='bbox 2474 5565 2863 5634; x_wconf 77' lang='grc' dir='ltr'>δογματίζεται</span> <span class='ocrx_word' id='word_1_850' title='bbox 2883 5584 2896 5596; x_wconf 92' lang='grc'><strong>·</strong></span> <span class='ocrx_word' id='word_1_851' title='bbox 2928 5566 3016 5619; x_wconf 70' lang='grc' dir='ltr'>καὶ</span> <span class='ocrx_word' id='word_1_852' title='bbox 3044 5566 3166 5618; x_wconf 80' lang='grc' dir='ltr'>οὐδὲ</span> <span class='ocrx_word' id='word_1_853' title='bbox 3200 5567 3504 5639; x_wconf 76' lang='grc' dir='ltr'>ὑπόκρισιν</span> <span class='ocrx_word' id='word_1_854' title='bbox 3536 5574 3615 5635; x_wconf 80' lang='lat' dir='ltr'><strong>sl;</strong></span> <span class='ocrx_word' id='word_1_855' title='bbox 3645 5570 3812 5643; x_wconf 63' lang='lat' dir='ltr'><strong>papti-</strong></span> 
     </span>
    </p>
   </div>
  </div>
