3964 6320
102 357 240 422 1481

1295 368 1652 433 EPISTULA
1663 373 1830 434 RUM
1890 374 2036 433 LIB.
2081 372 2164 433 ΙΙ.

3215 376 3356 440 1482

96 477 622 548 ριον-προσήκαντο,
653 479 748 534 τοῦ
785 485 944 552 μόνον
987 481 1230 551 ἅψασθαι
1279 486 1544 559 θύματος,
1583 507 1664 542 ou:

1785 502 1867 544 est
1909 505 1973 546 ac
2026 505 2166 559 opus
2228 491 2407 560 ipsum
2463 489 2762 559 perieclsse
2798 510 2810 545 :
2845 505 2910 544 ac
2951 507 3019 546 ne
3055 491 3366 549 simulatio-

96 568 415 635 ειδωλικοῦ,
448 571 563 624 ἀλλ’
585 572 705 625 οὐδέ
734 572 994 626 ίδιοθύτου
1016 589 1030 604 ⁸
1057 577 1153 628 καὶ
1177 577 1242 628 τὰ
1262 579 1684 652 παραδείγματα

95 659 332 731 ἄπειρα.
364 662 428 714 Τί
458 662 522 731 δὴ
549 661 645 716 οὖν
668 663 796 717 ἄλλο
831 663 864 734 ἦ
894 664 1057 720 τοῦτο
1090 667 1218 738 ἐνῆν
1252 670 1329 740 τῷ
1356 673 1686 743 προλαϐόντι

91 751 332 823 διωγμῷ
361 771 376 819 ;
424 753 481 806 Ὀ
514 754 660 823 ίερὺς
687 758 1032 828 πατριάρχης
1058 761 1388 834 κατηνέχθη,
1409 765 1687 837 ἐξωστρα-

91 842 292 914 κίσθη,
333 844 672 915 περιωρίσθη
698 847 756 899 ἐν
785 849 1122 921 παραϐύστῳ
1151 852 1304 923 τόπῳ
1324 870 1338 884 ·
1371 855 1685 926 άντίθρονος

91 935 489 1005 Χριστομάχος
508 953 522 966 ’
574 935 789 1002 σύνοδος
817 940 1157 996 άθετούντων
1180 961 1194 974 ·
1239 945 1684 1020 άναθεματισμὸς

87 1027 202 1096 τῆς
237 1026 294 1080 ἐν
319 1027 369 1080 Ν
376 1027 528 1096 ικαίςι⁵
557 1028 720 1098 ἁγίας
754 1031 977 1084 συνόδου
1006 1050 1019 1064 ·
1056 1034 1362 1107 άνάρρησις
1390 1039 1490 1108 τῆς
1513 1040 1682 1096 πάλαι

89 1118 555 1191 ἁντιχριστούσης
582 1138 598 1155 ο
633 1122 924 1194 ὑπερορίαι
949 1124 1057 1179 τῶν
1084 1127 1256 1195 ἁγίων
1286 1130 1604 1186 ἐπισκόπων
1621 1150 1680 1188 τε

89 1211 197 1265 καὶ
226 1213 567 1283 ἡγουμένων,
626 1215 970 1284 μοναζόντων
1027 1220 1122 1272 καὶ
1163 1220 1512 1289 μοναζουσῶν
1540 1241 1554 1254 ο
1589 1224 1678 1278 αῖ-

92 1321 250 1372 ματα
283 1304 542 1374 χεόμενα,
577 1305 796 1360 θάνατοι
820 1308 1012 1379 ἄωροι,
1052 1310 1291 1381 είρκταὶ,
1346 1314 1679 1388 λιμαγχονή-

88 1407 237 1458 σεις,
266 1391 553 1463 λεηλασίαι
579 1411 593 1426 ο
621 1395 684 1448 τὸ
731 1397 1111 1470 φοϐερώτερον
1153 1401 1248 1455 καὶ
1283 1401 1562 1474 ὁρώμενον
1584 1407 1680 1459 καὶ

85 1483 459 1554 ὰκουόμενον,
485 1488 519 1557 ἡ
555 1488 728 1560 σεπτὴ
773 1489 941 1545 εικὼν
984 1492 1080 1546 τοῦ
1121 1494 1362 1566 Χριστοῦ
1401 1497 1680 1570 ἐνυϐριςο-

88 1576 262 1647 μένη,
294 1581 782 1651 καταπατουμένη,
817 1582 918 1651 τῆς
969 1585 1258 1651 Θεοτόκου,
1294 1588 1400 1641 τῶν
1425 1590 1679 1645 ἁπάντων

86 1667 271 1734 ἁγίων
293 1684 307 1698 ·
339 1670 480 1724 οἵτε
511 1673 631 1725 ναοὶ
662 1675 756 1727 καὶ
785 1675 854 1728 τὰ
874 1674 1237 1748 θυσιαστήρια
1285 1681 1675 1752 ἐρειπούμεναο

1790 597 1912 637 nem
1960 584 2180 654 quidem
2238 583 2537 637 admittunt
2568 582 2852 653 tangenda:
2904 582 3163 649 victima,
3194 601 3370 654 neque

1786 676 1965 730 solum
2002 675 2325 731 sacriﬁcam
2357 673 2539 738 idolis,
2573 675 2667 729 sed
2720 689 2822 732 nec
2879 675 3134 745 privatim
3165 693 3317 734 caesa:
3350 699 3365 734 :

1785 764 2095 830 cujusmodi
2122 766 2367 835 exempla
2394 774 2524 819 sunt
2569 764 2880 820 innumera.
2919 765 3051 833 Qua:
3078 769 3226 823 enim
3263 771 3366 824 alia

1783 873 1946 928 quam
1979 859 2093 914 haec
2129 868 2285 912 erant
2326 858 2378 911 in
2411 857 2578 928 priori
2611 857 3034 928 persecutione?
3063 860 3233 917 Sacer
3264 878 3368 933 pa-

1785 951 2020 1006 triarcha
2052 951 2301 1006 detentus
2324 961 2432 1016 est,
2489 951 2544 1006 in
2584 951 2840 1006 exsilium
2902 953 3120 1023 pulsus,
3156 953 3212 1009 in
3263 956 3368 1011 ob-

1783 1059 2005 1098 scurum
2065 1043 2246 1097 locum
2303 1044 2630 1115 relegatus:
2670 1044 2728 1098 in
2787 1044 2908 1113 ejus
2956 1047 3088 1101 sede
3143 1047 3363 1103 locatus

1783 1134 1944 1189 homo
1989 1133 2444 1191 Christomachus
2473 1154 2488 1190 :
2517 1137 2760 1206 synodus
2792 1137 3200 1209 abrogantium,
3232 1156 3364 1195 ana-

1780 1224 2149 1280 thematizatio
2225 1237 2432 1280 sanctae
2477 1226 2672 1297 synodi
2730 1225 2982 1292 Nicaeum,
3036 1228 3365 1284 instauratio

1779 1317 1904 1372 belli
1934 1328 2122 1373 contra
2151 1318 2451 1384 Christum,
2477 1319 2672 1375 exsilia
2705 1329 3024 1375 sanctorum
3063 1321 3354 1392 episcOpo-

1779 1424 1898 1463 rum
1920 1420 1973 1464 et
2000 1411 2443 1481 praepositorum,
2475 1413 2874 1466 monachorum
2904 1426 2970 1467 ac
2998 1413 3317 1468 monialium
3343 1431 3359 1468 :

1778 1501 2002 1571 sanguis
2029 1500 2259 1568 eﬂ'usus,
2289 1511 2497 1557 mortes
2556 1502 2884 1568 immatura,
2940 1518 3208 1567 carceres,
3260 1505 3359 1559 ho-

1775 1595 1954 1647 mines
1983 1591 2124 1648 fame
2153 1593 2330 1649 enecti
2363 1610 2378 1648 :
2408 1593 2846 1664 depraedationes
2876 1602 2952 1660 et,
2985 1595 3127 1664 quod
3184 1597 3361 1650 oculis

1776 1686 2113 1756 auribusque
2144 1686 2502 1752 horrendum,
2535 1687 2938 1742 contumeliose
2995 1689 3204 1756 habita,
3231 1705 3362 1758 pro-

189 1753 328 1821 ἇγια
378 1755 775 1829 βεϐηλούμενα,
800 1763 953 1833 ,πυρὶ
980 1766 1402 1836 παραδιδόμενα.
1460 1771 1664 1826 Τούτωι

1777 1778 2010 1843 culcata,
2065 1778 2245 1848 imago
2297 1776 2501 1833 Christi
2542 1779 2879 1844 veneranda,
2915 1776 3185 1848 Deiparze,
3242 1796 3360 1833 0m-

83 1843 271 1909 οὖτως
304 1847 558 1918 ἐχόντων,
587 1851 646 1904 οὐ
684 1853 792 1916 πᾶς
823 1853 851 1906 ὁ
876 1857 1213 1927 κοινωνήσας
1241 1859 1408 1928 ἦγουν
1440 1863 1664 1931 μεταλα-

1777 1873 1927 1927 nium
1979 1882 2292 1930 sanctorum
2327 1891 2342 1927 :
2376 1875 2573 1944 templa
2625 1884 2680 1930 et
2734 1875 2931 1929 altaria
2972 1876 3091 1929 solo
3121 1885 3354 1943 a-quata,

87 1937 204 1988 ϐὼν
255 1937 352 1992 τοῦ
409 1940 615 1994 ίοϐὁλου
665 1942 858 2015 ἄρτου,
911 1946 1368 2018 άρνησίχριστος,
1429 1951 1672 2021 ἐκθετος,

80 2029 310 2094 ἀνόσιος
333 2045 349 2061 ο
379 2034 428 2085 εί
470 2036 606 2104 μήτε
652 2035 740 2088 διὰ
788 2037 1079 2105 μετανοίας
1120 2041 1400 2115 άνακληθῇ
1439 2062 1453 2109 ;
1486 2045 1674 2111 Οὕτως

86 2120 208 2191 ἔχει
246 2123 282 2192 ἡ
318 2122 546 2194 ἀλήθεια
567 2139 580 2153 °
610 2126 704 2178 καὶ
733 2127 904 2199 ταύτῃ
927 2129 1347 2206 ἀπεκτάνθησαν
1377 2138 1425 2189 οἱ
1457 2138 1673 2211 μάρτυ-

82 2229 200 2280 ρες,
240 2215 340 2268 καὶ
371 2215 600 2270 ὑποῖσαν
634 2218 852 2274 ἅπαντα
892 2223 942 2274 oi
972 2223 1342 2297 ἀντεχόμενοι.
1373 2233 1481 2286 Καὶ
1504 2233 1670 2299 εἴτις

78 2300 163 2368 τῷ
197 2306 418 2359 κανόνι
443 2306 632 2373 τούτῳ
675 2313 927 2381 στοιχεῖ,
968 2317 1131 2389 φησὶν
1155 2319 1184 2371 ό
1220 2318 1563 2388 Ἀπόστολος,
1588 2329 1670 2380 εί·-

73 2392 241 2461 ρήνη
272 2395 372 2448 ἐπ’
400 2397 611 2463 αὐτὸν,
658 2402 760 2457 καί
805 2404 1000 2472 ἕλεος,
1031 2409 1131 2462 καί
1165 2411 1264 2465 ἐπὶ
1291 2413 1400 2466 τόν
1430 2415 1668 2485 Ἰσραὴλ

77 2485 197 2575 τοῦν
223 2485 400 2575 Θεοῦ.
429 2489 504 2542 Τὸ
529 2491 636 2564 γὰρ
662 2494 757 2547 τοῦ
783 2497 1021 2563 Διανίου,
1056 2503 1151 2554 καὶ
1207 2505 1300 2556 τοῦ
1336 2505 1547 2575 Πατρὸς
1575 2510 1667 2563 τοῦ

79 2574 376 2672 Θεολόγοο,
412 2578 467 2672 εί
491 2597 546 2634 τι
571 2583 667 2636 καὶ
690 2586 930 2642 τοιοῦτον
952 2589 1139 2662 ἕτερον
1171 2609 1184 2622 ⁸
1215 2574 1464 2665 τεχνικοῦ
1490 2601 1669 2672 γράμ-

83 2682 260 2765 paro;
332 2669 440 2724 ὑπὸ
502 2674 797 2746 αίρετικῶν
864 2686 1295 2755 σκαιωρηθέντος
1322 2704 1336 2718 °
1366 2669 1542 2762 κλοπῆ
1598 2669 1667 2765 ἦν

82 2758 396 2849 άπλότητος
427 2768 956 2840 ωτασοφισθὲντων,
982 2778 1078 2829 καὶ
1109 2777 1292 2830 οὐκέκ
1311 2779 1479 2849 φόϐου
1499 2758 1664 2849 τίνὸξ,

78 2847 266 2945 ἄπαγε
293 2854 307 2906 ι
343 2853 781 2945 θπογραψάντων
821 2863 933 2918 τῶν
963 2866 1135 2934 ἁγίων
1168 2847 1414 2927 ἐκείνων.
1467 2847 1665 2945 Διόπερ

81 2939 268 3035 aurci;
309 2941 474 3035 εθθὺς
504 2945 621 3015 ἅμα
650 2947 744 3003 τοῦ
774 2952 977 3019 γνῶναι
1003 2957 1094 3010 τὸν
1121 2957 1271 3012 δόλον
1301 2962 1334 3031 ὴ
1362 2939 1665 3035 ἀνάκτησιξ

84 3030 186 3122 καὶ
213 3032 248 3102 ἠ
279 3031 552 3104 εὕθαρσος
575 3036 864 3109 ἀπολογία.
893 3042 1096 3111 Ταῦτα,
1129 3051 1306 3122 Πάτερ
1325 3030 1473 3122 fama,
1503 3030 1663 3112 eivoot

1775 1976 1960 2021 sancta
1987 1964 2295 2036 profanata,
2331 1966 2554 2036 ignique
2587 1967 2808 2022 tradita.
2873 1966 3008 2032 Quae
3035 1981 3159 2020 cum
3189 1966 3260 2018 ita
3290 1979 3351 2018 se

1775 2058 2041 2124 habeant,
2090 2060 2404 2129 quicunque
2459 2060 2828 2114 communicat
2891 2074 2989 2114 seu
3064 2057 3356 2128 participat

1773 2159 2095 2204 venenatum
2163 2165 2380 2220 panem,
2452 2164 2634 2204 nonne
2692 2147 2897 2204 Christi
2952 2158 3037 2202 est
3083 2156 3350 2216 negator;

1771 2243 2000 2312 ejectus,
2034 2244 2255 2312 impius,
2317 2244 2424 2300 nisi
2462 2259 2557 2314 per
2578 2244 2954 2315 paenitentiam
3013 2243 3298 2312 resipiscat
3330 2244 3353 2295 ?

1771 2339 1862 2393 Sic
1892 2340 2049 2393 habet
2080 2341 2279 2393 veritas
2295 2353 2311 2392 :
2327 2350 2381 2394 et
2407 2355 2506 2410 pro
2528 2341 2630 2396 hac
2647 2340 2815 2396 occisi
2837 2351 2964 2394 sunt
2989 2348 3274 2409 martyres,
3295 2350 3351 2392 et

1769 2432 1951 2485 omnia
1978 2445 2073 2500 pro
2100 2431 2245 2486 illius
2273 2431 2593 2487 defensione
2626 2432 2966 2502 pertulerunt
2996 2449 3009 2484 :
3045 2429 3110 2483 Et
3147 2429 3194 2483 si
3227 2431 3347 2499 quis

1768 2519 1904 2572 hanc
1953 2518 2188 2589 regulam
2236 2533 2443 2575 secutus
2500 2521 2683 2590 fuerit,
2719 2521 2799 2574 ait
2853 2520 3178 2590 Apostolus,
3241 2533 3350 2587 pax

1767 2628 1922 2681 super
1951 2613 2146 2685 ipsum,
2180 2621 2230 2666 et
2284 2613 2672 2678 misericordia,
2698 2622 2747 2668 et
2770 2630 2926 2677 super
2954 2610 3127 2666 Israel
3155 2610 3247 2664 Dei
3277 2613 3345 2664 ".

1767 2699 1920 2766 Quod
1950 2701 2097 2756 enim
2132 2701 2199 2757 de
2228 2700 2443 2766 Dianio,
2473 2710 2528 2757 et
2557 2701 2626 2757 de
2675 2699 2939 2773 Theologi
2993 2711 3166 2771 patre,
3213 2709 3270 2755 et
3298 2701 3347 2756 si

1766 2793 1894 2861 quid
1929 2792 2074 2846 aliud
2127 2792 2421 2861 ejusmodi,
2474 2792 2859 2848 haereticorum
2917 2793 3153 2848 artiﬁcio
3203 2792 3343 2846 scri-

1767 2894 1918 2950 ptum
1951 2892 2007 2936 et
2053 2883 2424 2954 excogitatum
2450 2923 2466 2949 ,
2508 2885 2661 2939 fraus
2689 2883 2794 2939 fuit
2822 2885 2893 2939 ad
2920 2883 3188 2938 fallendos
3212 2884 3344 2938 sim-

1767 2976 2023 3044 pliciores
2045 3015 2061 3038 ,
2096 2989 2204 3029 non
2235 2975 2381 3044 quod
2421 2976 2616 3029 timore
2647 2976 2855 3045 aliquo,
2905 2975 3074 3041 absit,
3100 2975 3341 3030 subscri-

1765 3067 1973 3134 pserint
2024 3066 2203 3120 sancti
2260 3065 2359 3119 illi.
2414 3062 2680 3131 Quocirca
2715 3064 2879 3120 simul
2941 3075 3104 3135 atque
3155 3064 3341 3119 dolum

82 3118 327 3241 θεμιτδῖ
357 3123 805 3241 ἐκιφερομύθησον
820 3134 898 3204 τῷ
919 3136 1091 3208 ἀνδρὶ,
1112 3139 1199 3194 ἵνα
1227 3118 1389 3208 εἰδῶς’
1414 3118 1513 3218 την
1536 3147 1663 3220 ἀλή-

1769 3170 2122 3227 agnoverunt,
2156 3166 2483 3211 revocarunt
2532 3172 2612 3220 se,
2645 3165 2702 3211 et
2729 3172 2854 3212 cum
2885 3156 3085 3212 ﬁducia
3117 3171 3345 3226 respon-

81 3211 260 3316 θειαν,
288 3217 593 3316 άπορρίψοι
625 3223 725 3295 τὴν
750 3226 936 3282 ἄδικον
962 3246 1285 3307 συγγραφην
1301 3211 1536 3310 ἐκείνην,
1565 3211 1662 3295 κοὶι

1769 3254 1977 3308 derunt.
2011 3250 2157 3316 Haec,
2181 3250 2341 3305 Pater
2365 3258 2575 3315 sancte,
2608 3250 2655 3304 si
2684 3248 2768 3305 ias
2794 3249 2919 3316 erit,
2961 3249 3079 3304 viro
3135 3264 3343 3303 renun-

83 3308 228 3376 μετὰ
259 3309 507 3366 εὐσεϐῶν
534 3315 780 3370 τάττοιτο
803 3335 818 3349 '
853 3321 942 3373 ἐπ’
973 3322 1040 3376 ἂν
1070 3326 1165 3378 καὶ
1189 3327 1390 3397 γέρων,
1417 3308 1511 3383 καὶ
1538 3333 1658 3385 ἐπι-

77 3399 362 3494 τιμηθεὶί,
399 3405 493 3494 καὶ
539 3404 630 3458 διά
663 3424 745 3460 τοι
792 3408 950 3463 τοῦτο
984 3412 1154 3479 ἐάσας
1187 3416 1286 3489 τὴν
1337 3421 1661 3494 περιϐόητον

83 3491 274 3561 μονήν.
309 3492 374 3545 El
404 3492 461 3547 δέ
496 3493 596 3565 μὴ,
621 3497 736 3549 ἀλλ’
766 3500 898 3568 ἡμῖν
925 3517 988 3568 γε
1033 3501 1187 3570 εὖξαι
1241 3511 1512 3582 μηδεμίαν
1546 3491 1662 3566 κοι-

79 3582 275 3676 νωνίαν
298 3582 448 3655 ἔχειν
471 3587 534 3676 ἐν
553 3585 690 3652 τῷδε
715 3588 793 3658 τῷ
818 3589 976 3661 μέρει
996 3598 1134 3662 μετὰ
1154 3599 1248 3653 τοῦ
1266 3601 1477 3674 ἀνδρὸς,
1504 3605 1660 3676 είπερ

83 3671 177 3723 καὶ
208 3672 271 3725 οὐ
301 3674 694 3746 μεταμέλοιτο.

200 3980 357 4036 PNE’
378 3983 514 4055 (47).
543 4016 612 4027 --
638 3989 900 4058 Θεοφίλῳ
915 3989 1025 4058 τῆς
1051 3993 1322 4064 Ἐφέσου.
1367 3999 1544 4073 [χλο¹.]

1760 3345 1898 3398 tia:
1952 3353 2010 3397 ut
2081 3342 2260 3412 agnita
2330 3342 2578 3408 veritate,
2648 3341 2907 3408 injustam
2971 3340 3339 3412 syngrapham

1770 3436 1919 3489 illam
1957 3434 2198 3502 abjiciat,
2227 3442 2283 3488 et
2338 3434 2393 3488 in
2446 3448 2735 3488 numerum
2768 3435 2979 3504 piorum
3010 3433 3341 3491 ascrihatur.

1765 3527 2198 3596 quandoquidem
2232 3534 2286 3580 et
2336 3540 2522 3591 senex,
2555 3533 2610 3579 et
2652 3526 3042 3596 reprehensus,
3102 3534 3156 3578 et
3209 3538 3336 3593 pro—

1765 3627 1948 3685 pterea
2012 3615 2233 3684 reliquit
2308 3613 2722 3668 celeberrimum
2774 3613 3170 3668 monasterium
3204 3628 3219 3677 ;
3251 3613 3336 3666 sin

1763 3709 1944 3762 minus
1968 3725 1980 3759 :
2005 3715 2061 3760 at
2107 3721 2205 3776 pro
2234 3705 2392 3760 nobis
2421 3720 2542 3770 ora,
2570 3713 2631 3760 ut
2658 3705 2860 3760 nullam
2889 3720 3010 3759 cum
3046 3705 3159 3757 viro
3181 3718 3336 3757 com-

1761 3798 2077 3851 muniouem
2148 3797 2446 3851 habeamus
2474 3795 2531 3849 in
2589 3795 2694 3851 hac
2745 3806 2920 3865 parte,
2952 3796 3057 3851 nisi
3094 3796 3336 3850 animum

1764 3900 1957 3944 mutet.

2102 4000 2259 4058 CLV.
2294 4032 2364 4044 -—
2394 4000 2674 4070 Theophila
2719 4000 2904 4070 Ephesi
2944 4003 3030 4071 (‘).

1064 4109 1204 4168 Quod
1239 4113 1503 4164 haereticos
1524 4115 1712 4176 doceri,
1733 4131 1833 4167 non
1855 4115 2070 4167 interﬁci
2091 4122 2337 4178 oporteat.

149 4181 385 4236 Ἐλαϐον
413 4183 507 4236 ἐπὶ
522 4186 712 4255 χεῖρας
729 4188 791 4241 τὸ
811 4196 1211 4262 γραμματεῖον,
1233 4197 1368 4269 ὅπερ
1403 4200 1654 4253 ἐπέστει-

75 4266 166 4322 λεν
197 4273 230 4343 ἡ
268 4275 394 4345 ίερά
421 4291 516 4328 σου
546 4277 759 4352 κορυφὴ
793 4281 1096 4355 Ἀθανασίῳ
1131 4286 1210 4357 τῷ
1232 4266 1488 4360 ἡμετέρῳ
1505 4292 1657 4345 ἁδελ-

79 4361 184 4454 ιρῷ,
216 4365 314 4418 καὶ
341 4368 614 4434 ἀναγνοὺς
642 4371 942 4445 ἐλυπήθην,
967 4378 1264 4446 τιμιώτατέ
1321 4400 1424 4452 μου
1452 4384 1655 4454 Πάτερ,

79 4448 255 4526 λύπην
278 4457 490 4528 ἱκανήν.
527 4459 749 4530 Πρῶτον
777 4463 877 4532 μὲν
917 4466 999 4518 ὅτι
1040 4469 1098 4520 ἐν
1142 4470 1273 4539 ἡμῖν
1323 4448 1508 4538 αὐτοῖς
1543 4448 1652 4538 acie

75 4541 432 4636 θρθοτομοῦσι
461 4551 554 4603 τὸν
581 4551 735 4621 λόγον
779 4555 881 4625 τῆς
922 4557 1178 4626 ἀληθείας
1223 4565 1364 4616 κατὰ
1402 4563 1500 4636 τὴν
1557 4567 1651 4621 νῦν

78 4631 356 4696 λυττῶσαν
401 4644 617 4716 αἵρεσιν
654 4649 762 4702 τῶν
782 4652 1189 4725 Είκονομάχων,
1227 4631 1530 4730 ἐρεσχελίαι
1559 4663 1647 4731 γί-

79 4743 278 4799 νονται,
317 4738 414 4790 καὶ
440 4740 715 4812 σχίσματα
761 4745 1115 4814 ἐπιφύονται·
1151 4750 1338 4804 ἔπειτα
1369 4753 1451 4806 ὅτι
1477 4754 1647 4824 ἀναγ-

79 4821 316 4916 κάζομαι
336 4830 364 4881 ὁ
395 4831 677 4902 ἐλάχιστος
704 4837 1059 4904 άντιθετικῶς
1103 4842 1200 4914 τὴν
1228 4843 1461 4909 διάλεξιν
1487 4821 1646 4916 ποιῆη

77 4913 295 4973 σασθαι.
365 4921 526 4976 Ἀλλὰ
575 4932 994 4995 συγγινωσκέτω
1041 4933 1074 5001 ἡ
1108 4913 1463 5005 μεγαλειότης

80 5007 204 5097 περὶ
222 5010 330 5081 γάρ
359 5012 621 5084 ἀληθείας
649 5018 678 5069 ό
709 5018 864 5088 λόγος
884 5038 899 5052 ο
936 5017 1005 5092 ἦς
1043 5024 1191 5077 οὐδὲν
1232 5027 1648 5097 προτιμότερον.

78 5095 192 5191 οθδὲ
221 5102 647 5177 αίδεσιμώτερον
673 5109 822 5184 [cod.
852 5112 985 5185 Reg.
1027 5095 1547 5191 αἰδεστικῶτερονᾞ
1580 5123 1646 5175 Τί

184 5191 245 5243 τὺ
303 5183 690 5269 ἐμφερόμενον
724 5204 786 5257 ἐν
836 5183 955 5270 τοϊξ
1013 5207 1326 5278 γράμμασι,
1365 5183 1646 5286 περίτιῦή

79 5273 260 5351 λύπης
300 5287 517 5359 Ἡμεῖς,
557 5297 744 5362 φησὶν,
784 5297 908 5350 οὔτε
966 5273 1251 5356 κτένεσθαι
1300 5273 1450 5366 τοὺς.
1474 5273 1650 5359 Μανιί

82 5370 284 5465 καίους,
314 5379 444 5434 οὔτε
482 5383 557 5452 μὴ
593 5387 910 5453 κτένεσθαι,
933 5390 1460 5465 συνεϐουλεύσαμεν.
1496 5397 1555 5448 Εἰ
1584 5397 1642 5450 δέ

81 5462 589 5544 καὶέπετρέψαμεν,
615 5477 721 5532 τῶν
739 5482 1040 5536 καλλίστων
1067 5485 1127 5538 τὸ
1148 5462 1408 5558 μέγιστον
1431 5489 1650 5559 εἴχομεν

173 5577 219 5607 ’⁷
245 5578 424 5641 Calat.
469 5601 547 5652 vi,
582 5587 668 5644 l6.

1828 4201 2052 4270 Sumpta
2085 4201 2140 4255 in
2187 4215 2384 4255 manus
2421 4200 2653 4270 epistola
2687 4215 2854 4268 quam
2892 4215 3050 4255 sacra
3085 4200 3337 4255 sublimi.

1765 4306 1848 4348 tas
1900 4303 1991 4347 tua
2050 4293 2207 4347 fratri
2271 4303 2460 4347 nostro
2487 4291 2789 4346 Athanasio
2848 4292 3024 4358 misit,
3058 4293 3155 4348 ubi
3195 4294 3335 4350 hanc

1758 4387 1881 4456 legi,
1926 4386 2075 4456 gravi
2121 4385 2306 4439 dolore
2336 4383 2561 4439 allectus
2600 4399 2744 4448 sum,
2777 4382 2939 4438 Pater
2985 4386 3058 4438 mi
3094 4385 3336 4440 honora-

1687 4479 2006 4564 Dtissime;
2053 4478 2286 4546 primum
2342 4476 2559 4546 quidem
2614 4475 2760 4545 quod
2811 4476 2976 4530 etiam
3038 4476 3180 4532 inter
3233 4495 3334 4534 nos

1758 4572 1926 4640 ipsos,
1972 4569 2066 4639 qui
2125 4567 2336 4623 furente
2369 4582 2512 4622 nunc
2550 4567 3041 4622 lconomachorum
3115 4569 3331 4633 haeresi,

1754 4677 1818 4716 ex
1871 4677 2060 4716 norma
2103 4661 2344 4715 veritatis
2375 4648 2673 4728 loquimur,
2705 4660 2838 4713 rixae
2867 4659 3121 4715 oriantur
3150 4670 3204 4714 et
3234 4679 3332 4715 ex-

1755 4757 1950 4813 sistant
2009 4754 2304 4810 schismata
2341 4771 2354 4806 :
2386 4752 2583 4808 deinde
2641 4753 2786 4823 quod
2840 4767 3007 4822 cogar
3034 4767 3135 4824 ego
3167 4753 3333 4807 mini-

1758 4865 1878 4904 mus
1932 4848 2258 4903 contrariam
2294 4861 2361 4900 ex
2383 4847 2615 4901 adverso
2665 4847 3104 4902 dissertationem
3170 4848 3328 4902 insti-

1756 4953 1930 4996 tuere.
1988 4938 2093 4993 Sed
2137 4940 2385 5008 ignoscat
2442 4939 2843 5010 magniﬁcentia
2901 4949 3037 5005 tua;
3099 4955 3223 4994 cum
3262 4939 3328 4994 de

1756 5035 1981 5089 veritate
2013 5041 2224 5102 agatur,
2263 5033 2537 5106 quaEnihil
2581 5042 2662 5087 est
2716 5032 2946 5098 honore,
2983 5033 3118 5086 nihil
3163 5049 3326 5087 vene-

1753 5125 1967 5179 ratione
2000 5122 2237 5193 dignius.
2293 5122 2435 5188 Quid
2468 5131 2645 5176 antem
2685 5131 2769 5177 est
2799 5124 2853 5178 in
2879 5123 3074 5178 litteris
3106 5125 3173 5179 de
3213 5141 3326 5196 quo

1754 5216 1869 5285 ipsa
1925 5215 2147 5270 doleat?
2185 5213 2316 5278 Nos,
2387 5215 2590 5284 inquis,
2649 5229 2824 5284 neque
2879 5223 2939 5271 ut
3005 5216 3326 5271 occidantur

1753 5305 2055 5370 Manichazi,
2107 5321 2283 5375 neque
2309 5314 2366 5358 ut
2398 5320 2506 5359 non
2530 5305 2875 5372 occidantur,
2907 5306 3204 5361 consilium
3229 5307 3324 5361 de-

1756 5399 1954 5453 dimus.
2009 5397 2063 5452 ld
2115 5413 2244 5452 vero
2291 5397 2338 5452 si
2391 5398 2856 5467 permitterenius,
2928 5396 3323 5468 pulcherrima-

1758 5507 1877 5545 rum
1919 5505 2098 5545 rerum
2135 5489 2428 5544 maximam
2487 5489 2810 5546 faceremus.
2879 5490 3018 5557 Quid
3053 5490 3156 5556 ais,
3181 5490 3265 5544 vir
3291 5504 3321 5541 ι

1577 5685 1802 5743 ΝΟΤᾺΕ.

152 5755 262 5828 (47)
293 5763 349 5821 ln
374 5770 497 5824 cod.
533 5770 664 5841 Reg.
695 5771 814 5840 ριζ’.

404 5861 670 5921 ΡΑτιιοι..
701 5864 816 5925 Gn.
856 5859 1069 5921 XCIX.

1844 5777 1915 5848 (λι)
1953 5780 2286 5849 Dogmatica.
