3964 6320
598 370 735 432 1483

1784 369 1845 427 S.
1884 364 2276 426 THEODORI
2316 362 2663 423 STUDIT/E

3754 371 3878 438 l-iS-i

590 482 704 537 Deo
744 481 1062 536 honorate?
1101 480 1364 536 Dominus
1409 482 1462 535 in
1518 481 1821 550 Evangeliis
1864 481 2052 539 vetuit.
2084 477 2163 531 di-

2282 472 2338 527 ἱν
2373 474 2619 543 ποιῆσαι.
2660 473 2725 524 Τῐ
2760 472 2884 542 φὴς,
2914 468 2957 527 ὧ
2980 473 3269 547 θεοτίμητε
3294 494 3310 544 ;
3337 481 3366 532 ὁ
3400 480 3631 551 Κύριος
3666 484 3875 556 ἀπηγό.

590 589 721 630 cens
752 592 767 630 :
807 572 953 642 Non,
989 589 1052 627 ne
1080 574 1218 642 forte
1248 574 1547 644 colligentes
1608 573 1839 635 zizania,
1888 571 2165 626 eradicetis

591 668 753 719 simul
806 682 927 720 cum
973 667 1047 720 eis
1109 667 1368 720 triticum.
1419 664 1590 720 Sinite
1647 680 1876 720 crescere
1906 679 2070 733 usque
2098 662 2166 714 ad

558 785 562 788 ‹
592 774 809 812 messem
835 759 901 812 ’⁸.
950 758 1016 812 Ει
1045 771 1101 814 ιιι
1133 760 1625 828 pulcherrimarum
1661 775 1844 813 rerum
1874 758 2167 812 maximam

592 850 818 916 dixeris,
882 851 1309 906 eradicationem
1390 850 1745 919 permittere?
1793 847 1951 915 Quod
2023 848 2168 903 enim

594 946 805 1000 zizania
840 947 1052 1001 vocarit
1077 947 1382 1012 hereticos,
1418 953 1536 1001 tum
1569 961 1663 1001 eos
1717 944 1811 1015 qui
1852 951 1981 998 tunc
2017 948 2173 995 erant

594 1039 863 1104 videlicet,
904 1048 1020 1093 tum
1075 1053 1267 1093 omnes
1301 1040 1394 1108 qui
1453 1047 1642 1108 postea
1710 1036 1908 1093 orituri
1960 1043 2170 1098 essent,

593 1123 1044 1195 Cbrysostomum
1081 1126 1369 1181 audiamus
1420 1127 1523 1181 hoc
1568 1127 1744 1196 ipsum
1811 1126 2174 1193 interpretan—

596 1225 705 1270 tem
759 1216 841 1271 his
889 1217 1070 1271 verbis
1099 1219 1144 1249 ⁹⁹
1173 1235 1187 1271 :
1222 1234 1240 1267 ι
1278 1216 1416 1282 Quid
1451 1234 1577 1288 ergo
1608 1226 1751 1272 vetat
1806 1216 2069 1271 Dominus
2096 1216 2175 1270 di-

592 1324 723 1365 cens
758 1328 770 1362 :
805 1308 888 1362 Ne
917 1310 1053 1378 forte
1099 1309 1378 1363 eradicetis
1410 1310 1569 1363 simul
1615 1327 1734 1363 cum
1782 1310 1855 1363 eis
1909 1308 2171 1361 triticum.

594 1403 709 1457 Hoc
742 1417 870 1456 vero
899 1403 1097 1467 aiebat,
1133 1403 1269 1457 bella
1302 1413 1513 1470 vetans,
1546 1412 1600 1458 et
1646 1404 1967 1472 sanguinem
2022 1401 2174 1454 fundi

594 1500 650 1547 et
679 1493 854 1549 cedes
886 1491 1024 1545 ﬁeri.
1088 1490 1206 1545 Non
1235 1492 1380 1547 enim
1440 1501 1653 1562 oportet
1680 1493 1966 1547 hereticos
2028 1493 2175 1545 occi-

593 1582 771 1649 dere;
817 1582 1025 1653 alioqui
1076 1583 1279 1637 bellum
1316 1584 1658 1654 implacabile
1710 1585 1766 1638 in
1816 1586 1978 1641 terris
2027 1582 2176 1637 futu-

594 1689 718 1731 rum
747 1674 980 1729 erat.-'Et
1004 1684 1127 1744 post
1152 1676 1257 1730 alia
1286 1694 1299 1729 :
1334 1677 1473 1742 Quid
1504 1692 1667 1746 porro
1697 1677 1867 1741 aliud,
1926 1676 2004 1731 Ne
2056 1694 2178 1731 era-

594 1764 784 1819 dicetis
817 1781 932 1818 cum
961 1767 1034 1818 eis
1070 1765 1327 1831 triticum,
1385 1782 1547 1837 quam
1607 1766 1712 1822 hoc
1750 1767 1978 1821 innuit?
2015 1764 2171 1832 Quod

596 1858 642 1912 si
672 1871 827 1911 arma
859 1871 1080 1910 movere
1103 1858 1403 1924 ceperitis,
1441 1865 1496 1912 et
1525 1858 1812 1913 hereticos
1835 1859 2161 1924 interﬁcere,

593 1947 798 2002 inultos
830 1961 1049 2017 quoque
1075 1948 1143 2002 de
1169 1947 1387 2004 Sanctis
1419 1965 1524 2003 una
1558 1950 1731 2019 perire
1762 1965 1983 2006 necesse
2011 1961 2113 2006 est.
2149 1970 2167 2002 ι

596 2036 752 2103 Quod
786 2047 840 2091 et
858 2038 1195 2107 temporibus
1217 2041 1421 2095 nostris
1450 2041 1666 2095 accidit.
1697 2039 1831 2095 Nam
1864 2050 1919 2095 et
1952 2043 2173 2112 sanguis

594 2129 823 2194 etl‘usus,
864 2140 920 2186 et
970 2132 1148 2188 cedes
1205 2134 1483 2202 regionem
1541 2144 1781 2188 nostram
1812 2136 2172 2205 complevere,

599 2222 864 2293 multique
891 2222 958 2277 de
985 2238 1216 2278 numero
1243 2232 1558 2279 sanctorum
1595 2226 1758 2281 simul
1800 2227 1997 2281 sublati
2026 2240 2171 2292 sunt,

598 2321 655 2368 et
686 2314 910 2368 verbum
946 2314 1157 2370 Domini
1194 2332 1299 2370 non
1322 2316 1525 2371 excidit
1557 2336 1570 2370 :
1606 2319 1747 2371 sicut
1783 2327 2038 2373 testatum
2093 2332 2175 2373 est

600 2402 746 2473 apud
779 2403 1000 2459 multos.
1035 2403 1176 2470 Quid
1206 2416 1389 2461 autem
1414 2407 1667 2474 dicimus,
1702 2423 1809 2463 non
1856 2411 2173 2478 permitten-

598 2494 733 2549 dum
767 2505 828 2551 ut
862 2497 1186 2552 occidantur
1220 2498 1503 2554 heretici?
1537 2500 1645 2554 illis
1690 2515 1759 2555 ne
1799 2501 2018 2571 quidem
2071 2502 2174 2555 im-

598 2591 812 2660 precari
838 2605 1163 2647 concessum
1198 2592 1357 2648 nobis
1402 2602 1503 2648 est.
1538 2593 1840 2651 Audiamus
1879 2597 2025 2651 enim
2056 2613 2178 2652 rur-

599 2696 698 2737 sus
750 2680 1042 2741 Dominum
1074 2695 1265 2739 sancto
1298 2684 1497 2755 Carpo,
1547 2698 1605 2740 ut
1637 2688 2023 2756 sapientissimi
2053 2690 2175 2744 Dio-

602 2776 744 2844 nysii
799 2776 965 2831 verba
1021 2777 1326 2841 insinuant,
1351 2779 1430 2833 sic
1477 2779 1837 2849 loquentem:
1876 2802 1895 2832 (ι
1947 2782 2177 2838 Percute

602 2881 692 2921 me
719 2867 1013 2937 deinceps;
1042 2877 1267 2937 paratus
1292 2869 1435 2923 enim
1480 2886 1598 2925 sum
1632 2887 1731 2940 pro
1762 2873 2042 2927 hominum
2083 2890 2174 2929 sa-

601 2958 715 3011 lute
741 2964 798 3010 et
831 2958 1029 3011 iterum
1074 2959 1185 3027 pati
1219 2976 1232 3013 :
1268 2968 1581 3028 pergratum
1612 2962 1813 3030 quippe
1844 2961 1948 3017 hoc
1997 2964 2128 3017 mihi
2158 2982 2173 3030 ;

601 3049 731 3102 dum
759 3049 849 3103 alii
872 3049 1125 3106 homines
1156 3065 1265 3103 non
1295 3060 1543 3120 peccent.
1586 3052 1855 3109 Ceterum
1921 3057 2045 3112 vide
2104 3073 2172 3111 an

2274 582 2466 635 ρευσεν
2492 569 2551 618 ὲν
2580 569 2693 628 τοῖς
2724 568 3080 634 Εὑαγγελίοις
3112 568 3291 635 τοῦτο,
3338 574 3522 626 εἰπών
3548 592 3564 606 ·
3604 578 3703 629 Οὔ
3731 596 3745 607 ·
3772 581 3877 647 μή·

2272 672 2415 710 ποτε
2447 672 2529 710 συ
2544 657 2855 725 ιλέγοντες
2874 660 2942 711 τὰ
2964 658 3199 722 ζῖζάνια,
3225 662 3605 732 ἐκριζώσητε
3633 668 3763 738 ἅμα
3784 676 3875 723 air-

2271 748 2392 813 τοῖς
2428 747 2536 801 τὸν
2556 749 2747 802 σῖτον.
2794 752 3007 818 Ἄφετε
3029 753 3538 817 συναυξάνεσθαι
3568 761 3762 829 μέχρι
3784 766 3874 817 τεῦ

2273 843 2577 909 θερισμοῦ.
2594 843 2702 894 Kal
2720 843 2879 904 αὐτὸς
2892 843 2997 895 τῶν
3015 844 3315 899 καλλίστων
3333 849 3393 900 τὺ
3415 849 3701 918 μέγιστον
3722 857 3874 924 φαίης

2275 927 2436 997 εἶναι,
2468 934 2567 1003 τὴν
2624 934 2926 1006 ἐπιτροπὴν
2973 935 3072 1006 τῆς
3131 937 3485 1009 ἑκριζώσεως
3516 958 3534 1005 ;
3566 943 3694 995 Καὶ
3720 946 3874 999 ὅτιτᾶ

2276 1025 2491 1090 ζιζάνια
2518 1027 2643 1089 τοὺς
2675 1029 2987 1097 αἱρετικοὺς
3018 1029 3205 1101 εἴρηκε
3225 1071 3240 1095 ,
3273 1030 3404 1095 τούς
3450 1051 3518 1086 τε
3564 1038 3873 1104 τηνικαῦτα

2275 1117 2538 1188 δηλονότι,
2564 1119 2659 1171 καὶ
2683 1120 2808 1181 τοὺς
2835 1122 2925 1187 ὑφ’
2946 1121 3171 1190 ἑτέρων,
3200 1122 3371 1193 ἤγουν
3399 1124 3697 1191 ἅπαντας,
3719 1130 3873 1182 ἀκου-

2280 1208 2501 1278 σώμεθα
2558 1210 2650 1262 “cmi
2697 1211 3086 1279 Χρυσοστὸμου
3122 1213 3256 1266 αὐτὸ
3304 1214 3471 1268 τοῦτο
3528 1218 3872 1289 ἑρμηνεύον-

2275 1317 2404 1363 τος·
2454 1301 2542 1367 ἐφ’
2598 1293 2643 1369 ᾧ
2694 1301 2846 1353 τάδε·
2921 1321 2938 1351 ι
2997 1304 3061 1355 Τί
3095 1300 3189 1357 οὖν
3224 1306 3253 1358 ὁ
3311 1308 3613 1378 Δεσπότης
3684 1312 3872 1363 κωλύει

2278 1392 2472 1461 λέγων,
2508 1391 2753 1459 Μήποτε
2772 1392 3126 1461 ἐκριζώσητε
3153 1395 3274 1465 ἅμα
3290 1398 3508 1466 αὐτοῖς
3531 1401 3653 1454 τὸν
3672 1402 3873 1467 tritor;

2279 1485 2449 1537 Τοῦτο
2484 1485 2540 1538 δὲ
2571 1485 2748 1555 ἔλεγε,
2776 1485 2999 1539 κωλύων
3052 1486 3319 1557 πολέμους
3362 1492 3633 1559 γίνεσθαι
3671 1495 3771 1547 καὶ
3798 1496 3871 1547 al-

2283 1595 2428 1647 ματα
2454 1578 2548 1631 καὶ
2579 1579 2814 1646 σφαγάς.
2868 1580 2942 1632 οὐ
2979 1580 3087 1650 γὰρ
3114 1579 3197 1633 δεῖ
3222 1582 3475 1653 ἀναιρεῖν
3512 1588 3834 1657 αἱρετιιωύς
3855 1604 3870 1619 '

2279 1669 2401 1721 ἐπεὶ
2425 1670 2453 1721 ὁ
2484 1669 2718 1739 πόλεμος
2751 1670 3017 1733 ἄσπονδος
3038 1672 3261 1742 ἔμελλεν
3290 1676 3372 1737 είς
3400 1676 3509 1747 τὴν
3542 1682 3871 1751 οἰκουμένην

2280 1759 2651 1827 εἰσάγεσθαι.)
2687 1760 2798 1813 Καὶ
2833 1761 2954 1831 μεθ’
2986 1763 3151 1834 ἓτερα
3178 1780 3192 1794 ·
3223 1782 3242 1817 ι
3274 1764 3339 1819 Τί
3367 1766 3425 1819 δὲ
3448 1767 3612 1832 ἄλλο,
3646 1773 3739 1824 διὰ
3763 1773 3867 1837 τοῦ,

2275 1851 2371 1918 Μὴ
2430 1850 2785 1920 ἐκριζώσητε
2836 1852 2957 1921 ἅμα
3014 1855 3220 1921 αὐτοῖς
3262 1854 3367 1909 τὸν
3406 1857 3619 1922 σῖτον,
3655 1862 3689 1930 ἢ
3729 1862 3869 1915 τοῦτό

2276 1958 2462 2011 φησιν,
2484 1943 2563 1994 ὅτι
2591 1942 2652 1994 ΕΞ
2687 1941 2929 2011 μέλλοιτε
2967 1948 3131 1998 κινεῖν
3151 1946 3308 2011 ὅπλα,
3326 1949 3425 2002 καὶ
3453 1952 3865 2019 κατασφάττειν

2276 2035 2605 2101 αἱρετικοίις.
2639 2034 2853 2103 ἀνάγκη
2881 2036 3113 2100 πολλοὺς
3139 2039 3232 2092 καὶ
3269 2040 3381 2092 τῶν
3433 2042 3629 2108 ἁγίων
3664 2062 3862 2113 συγκα-

2276 2122 2661 2177 ταϐάλλεσθαι.
2725 2140 2745 2174 ι
2782 2123 2961 2195 Ὅπερ
3019 2127 3110 2179 καὶ
3165 2128 3393 2196 γέγονεν
3459 2133 3526 2184 ὲν
3585 2137 3710 2195 τοῖς
3759 2136 3864 2188 καθ’

2278 2216 2423 2285 ἡμᾶς
2458 2215 2691 2285 χρόνοις.
2726 2216 2835 2269 Καὶ
2868 2217 2977 2288 γὰρ
3006 2218 3211 2286 αἵματα
3241 2220 3336 2272 καὶ
3370 2224 3595 2289 σφαγαὶ
3618 2225 3865 2295 ἐπλήρω-

2278 2322 2378 2359 σαν
2406 2307 2499 2375 τὴν
2526 2306 2647 2360 καθ’
2664 2308 2811 2377 ἡμᾶς
2824 2308 3153 2378 οἰκουμένην
3180 2326 3195 2341 ·
3224 2310 3317 2363 καὶ
3344 2312 3549 2365 πολλοὶ
3563 2316 3683 2367 τῶν
3712 2318 3865 2385 ἁγίων

2279 2399 2619 2467 συναπῆλθον
2645 2415 2659 2429 ο
2700 2399 3025 2469 καὶὸλόγος
3070 2402 3161 2455 τοῦ
3208 2404 3417 2474 Κυρίου
3472 2406 3544 2459 οὐ
3601 2408 3860 2475 διέπεσεν,

2278 2490 2354 2552 ὡς
2385 2490 2731 2561 ὡμολόγηται
2772 2494 2923 2562 παρά
2957 2494 3190 2558 πολλοῖς.
3219 2497 3329 2549 Καὶ
3360 2497 3418 2550 τί
3463 2498 3717 2570 λέγομεν
3750 2505 3863 2570 περὶ

2277 2580 2372 2632 τοῦ
2406 2578 2480 2650 μὴ
2541 2580 2856 2650 ἐπιτρέπειν
2913 2584 3199 2636 κτένεσθαι
3250 2587 3613 2655 αἱρετικοὺς;
3656 2592 3778 2644 οὐδέ
3809 2608 3861 2657 γε

2279 2673 2641 2744 κατεύχεσθαι
2686 2675 2864 2729 αὐτῶν
2910 2678 3326 2750 συγκεχώρηται
3376 2684 3542 2751 ἡμῖν.
3598 2685 3862 2740 Ἄκουσὼ-

2282 2764 2420 2835 μεθα
2448 2767 2558 2835 γὰρ
2589 2765 2745 2829 αὖθις
2777 2766 2871 2820 τοῦ
2902 2770 3107 2839 Κυρίου
3133 2770 3266 2841 πρὸς
3300 2773 3541 2843 Κάρπον
3570 2776 3668 2828 τὸν
3698 2780 3860 2844 ᾰγιον,

2277 2857 2351 2920 ὡς
2381 2859 2782 2929 ὑποδεδήλωται
2814 2860 2900 2913 διὰ
2921 2862 3107 2930 φωνῆς
3125 2865 3402 2917 Διονυσίου
3432 2867 3538 2920 τοῦ
3563 2870 3859 2937 πανσόφου,

2279 2948 2529 3016 λέγοντος
2558 2966 2571 2981 ο
2631 2968 2650 2999 ι
2688 2952 2822 3003 Παῖε
2860 2951 2981 3004 κατ’
3024 2952 3157 3022 ἐμοῦ
3214 2955 3438 3009 λοιπόν·
3472 2958 3709 3030 ἕτοιμος
3764 2964 3860 3033 γάρ

2280 3042 2397 3109 είμι
2430 3045 2524 3095 καὶ
2555 3038 2711 3105 αὖθις
2753 3042 2892 3114 ὑπὲρ
2943 3043 3246 3115 ἀνθρώπων
3294 3049 3751 3122 ἀνασωζομένων
3777 3072 3862 3107 πα-

600 3155 632 3191 e
656 3154 716 3192 re
742 3146 833 3193 tua
860 3140 952 3206 sit,
977 3138 1370 3193 habitationem
1400 3140 1450 3192 in
1479 3143 1737 3212 voragine
1756 3158 1879 3197 cum
1916 3147 2176 3214 serpenti-

2282 3132 2394 3186 θεῖν
2414 3152 2428 3166 ·
2470 3135 2766 3204 προσφιλές
2797 3154 2886 3206 μοι
2908 3135 3067 3190 τοῦτο
3091 3154 3105 3167 ο
3130 3137 3204 3209 μὴ
3232 3138 3413 3193 ἄλλων
3429 3143 3859 3214 ἁμαρτανόντων

600 3232 729 3295 bus,
778 3242 1093 3300 permutare
1136 3247 1262 3287 cum
1292 3231 1384 3286 illa
1431 3248 1552 3302 que
1581 3248 1704 3287 cum
1733 3234 1842 3289 Deo
1876 3247 1961 3290 est
1988 3239 2176 3293 bonis-

602 3338 713 3393 que
763 3331 819 3377 et
875 3324 1128 3378 homines
1162 3324 1473 3379 amantibus
1507 3326 1714 3396 angelis
1746 3328 1786 3381 ¹.
1819 3346 1838 3378 ι
1874 3326 2060 3394 Vides,
2097 3330 2180 3383 vir

599 3414 1046 3485 prudentissime,
1072 3415 1313 3470 divinam
1350 3416 1796 3485 indignationem,
1819 3434 1883 3473 eo
1905 3422 2049 3489 quod
2093 3421 2180 3476 ille

603 3517 794 3564 contra
851 3509 1137 3563 hereticos
1200 3516 1538 3579 precaretur,
1598 3520 1658 3564 ut
1708 3527 1740 3565 e
1792 3510 1903 3564 vita
1946 3514 2176 3567 excede-

604 3607 727 3653 rent
762 3616 776 3652 :
815 3606 867 3652 et
888 3613 997 3668 quo
1025 3608 1184 3669 pacto
1206 3600 1654 3655 condemnandus
1680 3611 1798 3656 erat
1827 3604 1909 3657 vir
1931 3613 2176 3668 sanctus,

604 3690 651 3744 si
686 3690 741 3742 in
775 3690 1058 3759 proposito
1110 3691 1458 3758 perstitisset.
1514 3690 1867 3762 Nequaquam
1923 3708 2074 3765 ergo,
2125 3707 2181 3749 ut

603 3782 808 3837 veritas
852 3781 1199 3847 monstravit,
1237 3782 1525 3850 imprecari
1576 3783 1659 3837 fas
1688 3794 1771 3839 est
1799 3804 1812 3838 :
1841 3785 1950 3839 imo
1999 3788 2181 3855 potius

601 3886 703 3943 pro
732 3872 821 3926 bis
851 3872 1117 3925 orandum
1148 3890 1161 3926 :
1195 3871 1339 3926 sicut
1376 3872 1637 3928 Dominus
1672 3876 1783 3944 ipse
1806 3892 1926 3930 cum
1968 3888 2179 3947 patere-

604 3976 715 4031 tur,
751 3964 967 4019 Patrem
1018 3980 1176 4019 suum
1225 3965 1402 4019 aravit
1458 3966 1649 4021 dicens
1690 3967 1925 4033 :Pater,
1975 3972 2183 4026 dimitte

601 4055 713 4108 illis
772 4066 1097 4123 peccatum:
1131 4070 1236 4108 non
1300 4055 1439 4108 enim
1513 4056 1687 4109 sciunt
1745 4059 1871 4128 quid
1908 4058 2110 4127 faciunt
2136 4062 2179 4111 '.

602 4147 758 4216 Quod
803 4158 932 4203 vero
981 4146 1115 4202 dicit
1164 4148 1427 4203 sanctitas
1472 4157 1585 4213 tua,
1617 4149 1820 4203 habere
1848 4164 1907 4203 se
1968 4151 2182 4218 aliquos

602 4245 824 4289 sanctos
842 4234 937 4304 qui
985 4234 1039 4287 in
1063 4235 1254 4288 eadem
1290 4249 1353 4287 ac
1386 4243 1442 4288 tu
1465 4235 1733 4288 sententia
1757 4233 1866 4289 sint
1890 4252 1904 4301 ;
1941 4234 2180 4307 ignosce,

604 4328 787 4393 Pater,
830 4336 1145 4382 sanctorom
1170 4327 1336 4381 verba
1365 4341 1473 4382 non
1500 4335 1647 4382 recte
1669 4328 1989 4398 accipimus,
2020 4340 2183 4400 atque

604 4421 730 4476 inde
764 4420 1121 4489 intelligimur
1148 4419 1403 4474 Patribus
1460 4429 1515 4475 et
1545 4418 1654 4474 Deo
1684 4419 1785 4490 ipsi
1852 4434 2176 4492 repugnare.

2286 3224 2610 3294 ἀνθρώπων.
2650 3226 2796 3294 Πλὴν
2824 3227 2923 3296 ὅρα
2953 3229 3002 3280 εί
3031 3227 3211 3291 καλῶς
3255 3229 3369 3299 ἔχει
3406 3248 3515 3293 σοι,
3552 3237 3660 3305 τὴν
3707 3240 3764 3289 ὲν
3793 3237 3861 3307 τῷ

2281 3317 2521 3385 χάσματι
2553 3317 2688 3387 μετά
2710 3316 2817 3369 τῶν
2852 3318 3030 3384 ὄφεων
3070 3319 3238 3388 μονὴν
3290 3322 3747 3391 ἀνταλλάξασθαι
3773 3329 3863 3396 τῆς

2285 3408 2423 3475 μετά
2450 3408 2583 3460 Θεοῦ
2605 3409 2699 3461 καὶ
2728 3408 2836 3461 τῶν
2861 3407 3083 3474 ἀγαθῶν
3117 3411 3208 3461 καὶ
3238 3409 3659 3482 φιλανθρώπων
3698 3419 3857 3485 ἀγγέ-

2280 3498 2408 3552 λων.
2452 3518 2470 3551 ι
2522 3501 2703 3570 Ὁρᾷς,
2752 3499 3055 3564 θεοσύνετε,
3104 3497 3202 3570 τὴν
3242 3499 3392 3554 θείαν
3439 3504 3856 3577 ἀγανάκτησιν

2281 3590 2467 3661 ἐπειδὴ
2505 3591 2805 3661 κατηύχετο
2845 3591 2956 3644 τῶν
2999 3592 3292 3663 αἱρετικῶν
3341 3595 3748 3668 ἀπαλλαγῆναι
3775 3601 3859 3667 τῆς

2283 3680 2428 3749 ζωῆς
2453 3697 2466 3711 ⁸
2505 3681 2597 3733 καὶ
2619 3682 2786 3745 ὅπως,
2820 3684 2867 3734 εί
2898 3682 3173 3752 ἐπιμένων
3202 3686 3268 3754 τῇ
3296 3684 3547 3738 διαθέσει
3571 3694 3753 3761 ταύτῃ
3781 3686 3857 3760 ἦν,

2282 3773 2507 3844 ἔμελλεν
2539 3777 2566 3827 ὁ
2589 3774 2744 3843 ἆγιος
2769 3774 3245 3840 καταδικάζεσθαι.
3278 3777 3420 3831 Οὔτε
3450 3779 3577 3848 οὖν,
3604 3782 3688 3847 ὡς
3716 3785 3860 3839 δέδει-

2284 3882 2376 3935 χεν
2404 3868 2437 3936 ὴ
2463 3865 2709 3936 ἀλήθεια,
2767 3866 3129 3938 κατεύχεσθαι
3162 3868 3244 3921 δεῖ
3290 3869 3427 3933 ὅλως
3456 3887 3469 3901 ’
3513 3874 3730 3941 μᾶλλον
3775 3879 3856 3947 μὲν

2282 3952 2375 4009 οὖν
2404 3956 2806 4028 ὑπερεύχεσθαι
2834 3974 2846 3987 ·
2878 3957 2952 4020 ὡς
2976 3958 3142 4020 αὐτὸς
3169 3959 3197 4010 ὁ
3229 3958 3433 4029 Κύριος
3480 3962 3773 4030 ὑπέδειξεν
3811 3968 3856 4017 ὲν

2280 4048 2361 4118 τῷ
2392 4048 2488 4102 τοῦ
2513 4048 2716 4114 πάθους
2741 4048 2937 4120 καιρῷ,
2970 4049 3142 4117 λέγων
3192 4051 3326 4121 πρὸς
3352 4050 3447 4103 τὸν
3485 4055 3699 4109 ἑαυτοῦ
3758 4058 3855 4111 Ila-

2284 4145 2455 4214 τέραο
2494 4144 2707 4211 Πάτερ,
2734 4144 2884 4212 ἄφες
2922 4143 3129 4209 αὐτοῖς
3152 4142 3265 4212 τὴν
3290 4146 3624 4213 ἁμαρτίαν·
3654 4152 3731 4205 οὐ
3764 4151 3855 4220 γὰρ

2283 4236 2486 4289 οἴδασι
2519 4236 2576 4289 τί
2603 4236 2867 4289 ποιοῦσι.
2897 4234 2971 4288 Τὸ
2997 4234 3050 4287 δὲ
3073 4236 3237 4303 φάναι
3266 4252 3358 4288 σου
3387 4236 3489 4307 τὴν
3546 4240 3855 4311 ἁγιωσύνην

2283 4327 2427 4398 ἔχειν
2462 4328 2662 4390 αὐτοὺς
2696 4324 3119 4397 συμφωνοῦντας
3138 4328 3196 4379 ὲν
3228 4326 3304 4395 τῷ
3326 4328 3696 4401 προϐλήματι
3720 4334 3849 4407 [ςοό.

2287 4419 2419 4489 Reg.
2451 4418 2882 4490 προδηλώματι]
2910 4417 3099 4471 τούσδε
3126 4421 3251 4483 τοὺς
3302 4421 3490 4487 ἁγίους
3512 4438 3525 4449 ·
3564 4423 3853 4493 σύγγνωθι,

606 4511 832 4565 Divinus
860 4511 1006 4564 enim
1035 4508 1273 4581 Cyrillus
1321 4509 1377 4564 in
1433 4524 1598 4581 opere
1635 4520 1824 4566 contra
1875 4511 2176 4577 lulianum,

2291 4513 2496 4583 Πάτερ,
2526 4513 2585 4565 οὐ
2623 4511 2802 4573 καλῶς
2837 4510 3251 4580 ὲκλαμὸάνομεν
3295 4512 3391 4573 τὰς
3423 4514 3538 4565 τῶν
3570 4516 3750 4583 ἁγίων
3770 4535 3856 4586 φω-

602 4606 772 4676 juxta.
798 4603 853 4659 id
880 4604 1025 4674 quod
1056 4602 1186 4657 olim
1218 4602 1490 4656 sancitum
1549 4602 1751 4666 fuerat,
1788 4601 2007 4658 locutus
2049 4612 2133 4659 est
2166 4624 2178 4658 :

607 4714 715 4753 non
771 4696 1186 4755 Testamentum
1234 4693 1406 4750 Vetus
1446 4709 1570 4749 cum
1592 4692 1745 4748 Novo
1783 4695 2131 4751 committens
2166 4714 2180 4763 ;

606 4788 791 4855 absit;
822 4802 999 4858 neque
1047 4787 1188 4842 enim
1246 4786 1541 4850 nesciebat,
1588 4800 1931 4855 quecunque
1984 4786 2069 4841 lex
2111 4788 2186 4841 lo-

606 4884 819 4953 quitur,
852 4882 920 4937 iis
959 4882 1052 4950 qui
1092 4882 1193 4935 sub
1223 4880 1338 4949 lege
1382 4887 1559 4944 erant,
1587 4879 1778 4948 loqui:
1813 4894 1988 4948 neque
2032 4881 2185 4951 igno-

610 4977 764 5030 rabat
792 4972 1257 5043 comparationem
1285 4987 1388 5040 qua
1423 4972 1581 5025 utitui
1620 4971 1892 5035 Salvator,
1916 4987 2041 5027 cum
2073 4974 2147 5027 ait
2175 4995 2186 5027 :

606 5069 824 5124 Dictum
878 5076 954 5121 est
990 5066 1126 5119 illud
1165 5064 1395 5133 antiquis
1423 5081 1442 5129 ,°
1499 5079 1589 5133 ego
1619 5072 1792 5116 autem
1824 5064 1919 5117 hoc
1947 5064 2062 5119 dico
2100 5084 2193 5120 vo-

2287 4605 2406 4668 νάς,
2441 4602 2734 4655 κάντεῦθεν
2766 4599 3133 4671 εὑρισκόμεθα
3194 4604 3614 4674 πατρομαχίαν,
3670 4611 3854 4677 μᾶλλον

2288 4696 2344 4748 δὲ
2379 4691 2676 4761 θεομαχίαν
2706 4690 3070 4761 εἰσφέροντες.
3115 4690 3172 4742 Ὀ
3201 4694 3309 4760 γάρ
3354 4709 3440 4744 τοι
3493 4693 3647 4759 θεῖος
3670 4699 3855 4767 Κύριλ.

2290 4787 2379 4851 λος
2411 4789 2468 4840 ὲν
2496 4788 2609 4850 τοῖς
2655 4784 2796 4839 κατὰ
2834 4784 3122 4837 Ἰουλιανὺν
3172 4786 3314 4837 κατά
3349 4787 3410 4838 τὸ
3439 4788 3620 4843 πάλαι
3651 4810 3855 4861 νενομο-

2294 4880 2589 4951 θετημένον
2621 4878 2906 4950 προῦτεινε
2949 4877 3047 4949 τὴν
3092 4878 3281 4948 ῥῆσιν·
3322 4877 3424 4931 οὐκ
3476 4882 3855 4953 ὲφάμιλλοντῇ

2290 4977 2406 5045 Νέᾳ
2436 4974 2533 5045 τὴν
2591 4971 2834 5024 Παλαιὰν
2872 4968 3191 5039 συμϐάλλων
3213 4985 3227 4999 ο
3263 4969 3338 5039 μὴ
3388 4971 3607 5038 γένοιτο
3633 4993 3647 5005 ·
3679 4978 3740 5029 οὐ
3767 4978 3855 5045 γὰρ

2290 5068 2475 5139 ἠγνόει
2509 5068 2590 5118 ὅτι
2620 5066 2719 5116 ὅσα
2747 5066 2779 5114 ὁ
2802 5063 2961 5126 νόμος
2992 5062 3159 5128 λέγει,
3190 5065 3297 5123 τοῖς
3330 5064 3386 5114 ὲν
3417 5065 3496 5134 τῷ
3527 5067 3685 5138 νόμῳ
3706 5069 3853 5121 λαλεῖ.

610 5162 685 5215 bis
711 5162 753 5215 ³.
804 5159 1003 5225 Quare,
1043 5157 1186 5211 sicut
1259 5155 1576 5224 DemOphilo
1611 5155 1825 5209 cuidam
1858 5155 2077 5211 divinus
2108 5158 2176 5211 di-

2293 5161 2426 5215 Οὐδὲ
2454 5159 2555 5228 τὴν
2590 5156 2682 5209 τοῦ
2717 5154 2963 5224 Σωτῆρος
2988 5152 3296 5221 σύγκρισιν,
3323 5156 3381 5206 ὲν
3474 5174 3651 5227 φησιν
3680 5179 3695 5191 .
3742 5163 3854 5228 Ἑρ,

607 5258 683 5310 cit
735 5252 1048 5323 Dionysius,
1090 5249 1317 5303 minime
1373 5248 1708 5303 emulandos
1765 5248 2002 5319 impetus
2071 5261 2176 5305 tuo:

2287 5250 2445 5318 ῥήθη
2479 5247 2599 5312 τοῖς
2628 5248 2897 5313 ἀρχαίοις
2921 5242 3081 5295 τάδε’
3253 5244 3323 5295 δὲ
3345 5248 3507 5315 λέγω
3546 5252 3697 5319 ὑμῖν
3720 5254 3853 5305 τόδε.

608 5363 718 5402 non
747 5343 1192 5417 approbabimus,
1227 5340 1331 5395 etsi
1363 5339 1561 5394 millies
1608 5339 1853 5409 proferas
1877 5341 2108 5399 Phinees
2141 5359 2195 5403 et

608 5440 805 5495 Eliam.
849 5435 975 5491 Hec
1030 5435 1175 5489 enim
1231 5448 1355 5487 cum
1393 5432 1608 5487 audiret
1637 5432 1821 5501 Iesus,
1850 5452 2191 5507 nequaquam

609 5528 716 5598 ipsi
748 5527 1075 5597 placuerunt
1105 5524 1270 5592 hujus
1302 5523 1573 5577 mansueti
1613 5533 1667 5577 et
1691 5526 1819 5579 boni
1850 5528 2079 5596 spiritus
2100 5544 2194 5583 ex-

610 5630 793 5692 pertes
826 5618 1102 5689 discipuli.
1132 5614 1266 5670 Nam
1299 5624 1353 5670 et
1378 5615 1755 5675 diviniSSImus
1788 5629 1972 5677 noster
1995 5636 2184 5677 sacro-

2303 5344 2487 5406 ”Ωστε,
2523 5337 2666 5391 καθά
2702 5353 2863 5406 φησιν
2888 5338 2914 5388 ὁ
2941 5334 3253 5405 θεοφάντωρ
3278 5337 3568 5403 Διονύσιος
3593 5345 3733 5412 πρὸς
3757 5362 3855 5395 τινα

2300 5424 3101 5505 Δημὸφιλον,οὑκάποδεξόμεθά
3118 5441 3207 5477 σου
3226 5425 3324 5488 τὰς
3342 5429 3664 5498 ἀζηλὼτους
3683 5438 3814 5505 ὀρμὰ
3842 5475 3855 5497 ,

2301 5528 2404 5580 κᾶν
2429 5529 2475 5577 εἰ
2493 5524 2636 5596 loud.
2653 5523 2785 5591 Reg.
2802 5519 2908 5572 οὐδ’
2927 5516 2999 5590 εί]
3019 5517 3280 5587 μυριάκις
3300 5521 3682 5589 ἐπαναλάὸοις
3696 5529 3778 5579 τὸν
3792 5530 3859 5579 ιιι.

2303 5620 2416 5681 νεὲς
2440 5617 2534 5670 καὶ
2560 5615 2650 5669 τδν
2682 5611 2890 5667 Ἠλίαν.
2913 5607 3216 5680 Ταῦτα-γὰρ
3235 5610 3514 5667 ἀκούοντα
3529 5616 3623 5671 τὸν
3649 5618 3856 5687 Ἰησοῦν,

680 5763 726 5795 an
754 5759 947 5815 Μειιιι,
975 5773 1097 5831 χιιι,
1138 5756 1227 5831 29.
1303 5752 1551 5831 "illum.
1590 5755 1657 5808 l7
1693 5746 1973 5813 in‘Matth.
2054 5760 2069 5790 ¹
2106 5760 2279 5831 Epist.
2325 5758 2376 5820 7,
2417 5754 2480 5808 ad
2540 5748 2913 5820 Denmphilum
2984 5743 3338 5813 monachum,
3374 5765 3536 5807 num.
3569 5754 3621 5810 6.
3698 5758 3718 5787 ³
3744 5754 3857 5810 an.

613 5848 766 5899 mn,
801 5832 890 5887 54.
970 5829 992 5861 ³
1022 5827 1212 5882 Matth.
1246 5839 1297 5887 v,
1330 5822 1418 5888 (21,
1459 5825 1548 5875 22.
