3964 6320
120 390 249 454 1485

1297 390 1836 453 EPIS'I‘OLARUM
1878 391 2028 452 LIB.
2074 389 2156 450 II.

3222 382 3359 446 1486

117 509 209 560 οὐκ
235 507 473 580 ἤρεσκον
507 507 556 560 οῑ
577 505 671 561 ΙΙτοῦ
701 508 903 579 πραέος
929 525 1122 562 τουτου
1166 510 1261 564 καὶ
1283 511 1492 577 ἀγάθοῦ
1520 512 1682 564 πνεύο

1793 525 1903 564 rum
1936 509 2214 563 institutor
2243 505 2297 560 in
2344 502 2759 559 mansuetudine
2787 499 2946 555 docet
2975 512 3070 554 eos
3125 499 3218 568 qui
3259 497 3360 552 do-

120 614 281 669 ματος
305 600 566 669 ἀμέτοχοι
594 601 857 671 μαθηταί,
891 604 1001 655 Καὶ
1055 604 1163 675 γὰρ
1202 605 1293 657 καὶ
1340 603 1371 656 6
1409 605 1682 667 θειότατος

117 691 264 760 ἡμῶν
296 689 571 760 ἱεροθέτης
606 694 663 743 ἐν
695 692 962 762 πραότητι
987 692 1231 752 διδάσκει
1288 697 1414 758 τοὺς
1438 696 1680 748 ἀντιδια-

115 783 426 853 τιθεμένους
471 787 536 854 τῇ
581 784 901 857 διδασκαλίᾳ
957 788 1050 838 τοῦ
1106 787 1268 840 Θεοῦ.
1324 789 1682 842 Διδάσκεσθαι

116 876 240 945 γὰρ,
272 876 333 928 οὐ
356 878 717 946 τιμωρεῖσθαι
765 879 867 950 χρὴ
919 881 1044 942 τοὺς
1065 881 1412 948 ἀγνοοῦντας.
1456 871 1684 936 Ἥνωτῖ-

117 969 286 1037 σμεθα
317 969 432 1033 οὖν,
466 963 510 1020 ὧ
542 971 748 1042 μάκαρ,
783 971 816 1024 ἃ
863 973 1043 1041 λέλεχε
1087 977 1183 1027 καὶ
1204 976 1230 1027 6
1262 977 1402 1047 ἱερὸς
1451 976 1682 1043 Παῦλος,

114 1063 141 1113 6
165 1060 313 1130 ἥλιος
342 1061 442 1129 τῆς
474 1061 566 1114 ὑπ’
600 1062 850 1132 οὐρανόν.
873 1065 1035 1132 Λέγει
1061 1067 1240 1119 τοίνυν
1265 1071 1357 1120 καὶ
1380 1069 1407 1119 6
1427 1068 1684 1142 θεοφόρος

127 1153 380 1220 Ἰγνάτιος
405 1169 418 1182 ·
445 1155 583 1217 Τοὺς
620 1155 914 1225 μισοῦντας
940 1154 1036 1211 οῦν
1071 1159 1160 1210 τὸν
1191 1160 1321 1212 Θεὸν
1355 1165 1529 1230 μισεῖν
1556 1165 1680 1234 χρὴ,

114 1245 203 1296 καὶ
232 1246 326 1297 ἐπὶ
349 1248 460 1306 τοῖς
491 1247 706 1316 ἐχθροῖς
745 1248 911 1302 αὐτοῦ
950 1251 1309 1321 ἐκτετηκέναι
1335 1271 1347 1282 ·
1383 1255 1443 1306 οὐ
1493 1256 1600 1324 μὴν
1627 1256 1683 1308 δὲ

111 1337 326 1393 διώκειν
361 1342 509 1408 ἡμᾶς
549 1341 749 1403 αὐτοὺς
804 1341 835 1410 ἦ
881 1339 1108 1396 τύπτειν
1131 1356 1144 1370 ⁸
1182 1344 1431 1414 καθάπερ
1461 1347 1529 1398 τά
1559 1346 1683 1417 ἔθνη

113 1431 176 1486 τὰ
208 1433 282 1501 μὴ
317 1433 497 1484 εἰδότα
529 1433 619 1484 τὸν
653 1430 809 1487 Θέόν.
840 1436 901 1487 Ei
934 1435 990 1488 δὲ
1017 1437 1077 1488 οὐ
1127 1436 1350 1490 τύπτειν
1384 1439 1482 1503 δεῖ,
1520 1441 1682 1512 σχολῇ

112 1521 237 1589 γοῦν
273 1522 473 1584 αὐτοὺς
505 1524 739 1577 κτένειν.
788 1525 1004 1595 Ἐπειδὴ
1032 1527 1089 1579 δὲ
1130 1529 1224 1580 καὶ
1246 1528 1336 1580 τὸν
1388 1529 1542 1596 ἅγιον
1577 1532 1684 1581 Συ-

118 1613 258 1682 μεὼν
283 1613 375 1665 τὸν
427 1614 520 1666 τοῦ
577 1615 892 1683 θαυμαστοῦ
931 1617 1090 1689 ὅρους
1140 1618 1387 1688 εἴληφας,
1427 1620 1682 1686 δέσποτα,

112 1707 360 1760 συνάδειν
399 1724 502 1759 σοι·
552 1711 627 1778 μὴ
659 1709 817 1761 τοῦτο
845 1711 982 1774 οἴου,
1011 1711 1142 1781 ἱερὲ,
1183 1713 1258 1775 ὡς
1286 1713 1516 1783 μάχεται
1550 1716 1684 1786 Χρι-

113 1797 241 1865 στῷ,
275 1797 308 1866 ἢ
343 1800 457 1858 τοῖς
487 1799 626 1868 ὑπὲρ
656 1801 818 1852 αὐτὸν
861 1802 1225 1866 διδασκάλοις.
1265 1805 1426 1857 Ἀλλὰ
1470 1807 1560 1871 τί;
1596 1809 1685 1860 ἐπὶ

1785 601 1972 655 ctrinae
2012 599 2104 653 Dei
2162 599 2539 654 adversantur.
2593 593 2786 649 Doceri
2822 591 2967 646 enim
3017 605 3124 644 non
3177 588 3362 658 puniri

1783 702 1995 762 Oportet
2032 694 2368 763 ignorantes.
2401 690 2723 743 Audivimus
2755 686 2939 756 igitur,
2971 699 3004 738 ο
3033 684 3208 746 beate,
3239 696 3362 750 quae

1784 786 2091 840 dixitsacer
2112 783 2338 846 Paulus,
2382 784 2462 837 sol
2496 781 2645 834 orbis
2686 777 2946 833 universi.
2980 775 3070 830 Ait
3094 783 3272 828 autem
3307 782 3362 826 et

1786 877 1957 931 deifer
1986 875 2224 947 lgnatius
2245 875 2267 907 ’⁸
2287 875 2452 930 :Odio
2480 874 2663 942 itaque
2687 871 2854 925 Deum
2881 869 3142 922 habentes
3157 879 3360 920 conve-

1785 971 1864 1024 nit
1897 969 2024 1024 odio
2062 969 2282 1034 habere,
2319 976 2374 1024 et
2398 982 2563 1036 super
2618 965 2869 1018 inimicos
2897 962 3020 1030 ejus
3042 960 3359 1020 tabescere;

1787 1069 2104 1114 nontamen
2135 1059 2257 1113 illos
2283 1056 2532 1128 persequi
2554 1054 2970 1118 autverberare,
3000 1052 3143 1106 sicut
3172 1058 3362 1118 gentes

1785 1168 1904 1222 quas
1922 1168 2030 1206 non
2070 1159 2340 1205 noverunt
2392 1149 2581 1203 Deum.
2639 1147 2794 1213 Quod
2851 1146 2894 1200 si
2927 1145 3213 1198 verberare
3255 1155 3361 1193 non

1787 1253 2017 1314 oportet,
2077 1242 2230 1296 nullo
2272 1242 2460 1310 utique
2512 1240 2674 1293 modo
2728 1237 2850 1289 illos
2881 1234 3150 1289 occidere.
3205 1227 3362 1295 Quod

1785 1345 1963 1390 autem
2016 1335 2068 1389 id
2122 1335 2424 1401 sumpsisti,
2457 1345 2707 1386 sanctum
2771 1341 2991 1397 quoque
3028 1324 3360 1383 Simeonem,

1786 1429 1878 1497 qui
1928 1427 1981 1480 in
2029 1427 2352 1480 admirando
2387 1433 2573 1477 monte
2599 1432 2702 1485 est,
2729 1431 2928 1484 tecum,
2962 1416 3203 1479 domine,
3233 1428 3366 1467 con-

1785 1520 1987 1574 sentire
2021 1535 2034 1571 :
2068 1519 2176 1572 noli
2220 1518 2320 1571 hoc
2358 1516 2695 1579 existimare,
2729 1513 2812 1564 vir
2854 1525 3030 1571 sacer,
3078 1505 3227 1577 quod
3275 1503 3366 1558 ille

1785 1611 2003 1665 Christo
2065 1619 2344 1679 repugnet,
2381 1615 2474 1660 aut
2521 1605 2795 1675 magistris
2838 1599 3146 1672 potioribus
3197 1611 3362 1666 quam

1788 1705 1903 1773 ipse
1933 1704 2020 1758 sit.
2076 1702 2181 1756 Sed
2215 1702 2344 1772 quid
2374 1699 2398 1751 ?
2440 1699 2634 1753 Sermo
2679 1697 2756 1750 illi
2791 1705 2908 1749 erat
2933 1692 3275 1747 hortatorius
3296 1689 3364 1744 ad

1789 1795 1933 1850 illius
1988 1795 2245 1862 temporis
2307 1794 2710 1862 imperatorem,
2752 1789 2818 1842 de
2856 1796 3016 1858 gente
3045 1800 3165 1855 quae
3192 1798 3366 1853 popu-

110 1889 251 1941 ἔθνει
321 1891 752 1960 τραυματίζοντι
811 1894 870 1946 τὸ
912 1896 1236 1960 ΧριστιανὲΝ
1281 1897 1499 1965 φῦλονό
1527 1899 1683 1968 λόγος

1793 1889 1896 1942 lum
1942 1887 2313 1942 Christianum
2340 1885 2636 1940 infestabat
2668 1901 2681 1935 :
2713 1896 2781 1935 ne
2811 1896 2839 1934 a
2863 1878 3149 1934 Samaritis
3177 1876 3366 1945 oppri-

109 1983 256 2054 αὑτῷ
288 1987 390 2052 τῆς
415 1985 550 2052 πρὸς
577 1984 667 2036 τὸν
685 1986 989 2054 τηνικαῦτα
1013 1986 1236 2055 βασιλέα
1259 1989 1680 2059 παρακλήσεως,

105 2075 181 2136 ὡς
212 2075 278 2128 ἂν
318 2076 392 2146 μὴ
430 2077 718 2146 πορθοίντο
741 2079 844 2129 ὑπὸ
877 2077 1231 2150 Σαμαρειτῶν
1266 2082 1315 2132 οἱ
1344 2081 1680 2152 Χριστιανοί.

108 2168 214 2220 Καὶ
248 2162 383 2235 εὖγε
412 2168 547 2238 ἔχει.
579 2169 689 2221 Καὶ
720 2170 814 2222 νῦν
844 2170 1008 2222 ταυτὸ
1031 2172 1188 2224 τοῦτο
1225 2173 1682 2242 παρακαλοῦμεν·

109 2259 202 2311 καὶ
237 2259 453 2321 Σκύθας
479 2261 572 2312 καὶ
610 2261 894 2332 Ἀρῤαϐας
933 2261 1294 2326 θανατοῦντας
1325 2264 1416 2316 τὸν
1437 2264 1562 2316 λαὸν
1590 2263 1684 2317 τοῦ

106 2348 243 2401 Θεοῦ
311 2349 590 2418 πολεμεῖν,
625 2351 720 2402 καὶ
774 2350 848 2419 μὴ
907 2351 1185 2418 φείδεσθαι
1235 2353 1360 2414 τοὺς
1406 2353 1683 2422 βασιλέας.

112 2441 274 2492 Ἀλλο
305 2440 484 2502 τοῦτο,
519 2442 739 2493 κάκεῖνο
769 2444 955 2512 ἕτερον
981 2458 995 2473 ⁸
1025 2442 1086 2494 τὸ
1116 2443 1214 2511 μὲν
1249 2445 1341 2496 ἐπὶ
1373 2447 1499 2507 τοὺς
1521 2445 1682 2497 πολε-

111 2532 303 2598 μίους’
335 2533 399 2582 τὸ
465 2531 520 2583 δὲ
589 2533 682 2584 ἐπὶ
733 2535 859 2594 τοὺς
902 2533 1006 2584 ὑπὸ
1053 2535 1212 2602 χεῖρα
1254 2535 1581 2603 αἱρετικούς.
1613 2535 1688 2588 Τὸ

108 2622 216 2692 γάρ
248 2637 331 2673 τοι
360 2622 490 2692 περὶ
520 2622 612 2675 τοῦ
642 2623 951 2692 Νηστευτοῦ
994 2624 1241 2677 Ἰωάννου
1275 2624 1366 2675 τοῦ
1396 2625 1493 2694 τῆς
1531 2626 1687 2678 Κων-

110 2712 613 2774 σταντινουπόλεως
643 2712 930 2782 προέδρου,
963 2712 1024 2766 οῦ
1055 2732 1145 2784 μοι
1171 2714 1418 2780 φαίνεται
1466 2716 1684 2784 ἀληθὲς,

109 2801 407 2871 ἐπιτρέψαι
481 2801 1011 2877 ἀνασκολοπισθῆναι
1073 2805 1198 2866 τοὺς
1262 2805 1501 2872 γόητας,
1555 2806 1690 2857 ἀλλά

109 2891 665 2963 παρακεχωρηκέναι.
711 2895 895 2955 Φονεῖς
944 2894 1052 2964 γὰρ
1111 2896 1335 2948 καύτοί⁹
1372 2898 1456 2965 ἐφ’
1488 2896 1583 2960 οὓς
1627 2899 1689 2951 οὐ

109 2984 385 3036 κωλυτέον
413 2986 527 3046 τοῖς
577 2985 933 3052 κρατοῦσιτά
978 2986 1088 3039 τῶν
1136 2987 1461 3057 Ῥωμαϊκῶν
1511 2990 1691 3057 νόμων

109 3076 265 3146 δρᾷν;
304 3076 390 3128 Οὐ
423 3074 532 3143 γὰρ
565 3075 715 3143 εἰκῆ,
741 3078 893 3146 φησὶ,
914 3077 1030 3144 τὴν
1042 3076 1343 3145 μάχαιραν
1362 3079 1655 3147 φοροῦσιν
1673 3095 1687 3109 ·

108 3166 342 3220 ἔκδικοι
366 3169 486 3219 εἱσι
518 3165 596 3230 τῷ
623 3169 689 3219 τὸ
730 3164 919 3221 κακόν
959 3167 1296 3236 πράσσοντι
1321 3186 1334 3198 ·
1369 3170 1430 3222 οὐ
1477 3170 1582 3240 μὴν
1605 3169 1689 3238 ἐφ’

1784 1988 2060 2032 merentur
2086 1976 2404 2031 Christiani.
2437 1974 2593 2040 Quod
2622 1975 2761 2028 bene
2793 1971 2974 2026 habet.
3017 1968 3174 2024 Nunc
3197 1968 3363 2022 etiam

1786 2073 2020 2141 idipsum
2046 2070 2406 2135 obtestamur,
2443 2079 2503 2122 ut
2532 2067 2766 2138 Scythas
2788 2073 2843 2119 et
2874 2062 3108 2125 Arabas,
3142 2061 3238 2130 qui
3271 2059 3363 2114 Dei

1787 2165 2046 2234 populum
2112 2164 2407 2231 perimunt,
2441 2161 2582 2215 bello
2631 2167 2836 2228 petant,
2872 2171 2975 2211 nec
3011 2155 3090 2209 illi
3141 2163 3366 2224 parcant

1785 2257 2162 2326 imperatores.
2211 2254 2317 2308 Sed
2361 2264 2445 2308 est
2493 2253 2632 2307 istud
2681 2253 2748 2306 ab
2782 2251 2875 2305 illo
2909 2249 3221 2314 diversum;
3259 2246 3365 2299 hoc

1785 2348 1927 2404 enim
1961 2347 2224 2401 adversus
2264 2346 2466 2411 hostes,
2501 2345 2625 2398 illud
2657 2353 2845 2397 contra
2895 2339 3145 2395 subditos
3185 2339 3361 2392 luere-

1787 2439 1945 2492 ticos.
1982 2437 2184 2502 Quare,
2217 2437 2359 2506 quod
2387 2438 2453 2491 de
2486 2435 2702 2491 Joanne
2726 2433 3057 2502 jejunatore,
3093 2431 3366 2486 Constan-

1786 2530 2152 2600 tinopolitano
2209 2528 2452 2584 antistite
2493 2529 2694 2591 lerunt,
2735 2528 3028 2581 mandasse
3055 2537 3116 2579 ut
3142 2531 3362 2594 ιιι-διευ-

1788 2623 2026 2690 giatores
2058 2623 2111 2675 in
2135 2637 2354 2677 crucem
2391 2628 2702 2690 agerentur,
2736 2619 2870 2673 mihi
2910 2633 3098 2672 verum
3149 2631 3260 2671 non
3286 2616 3368 2669 vi-

1787 2715 1967 2778 detur,
1997 2713 2086 2767 sed
2117 2713 2452 2781 permisisse.
2489 2708 2784 2764 Homicida:
2831 2723 3070 2774 namque
3123 2717 3250 2762 sunt
3309 2715 3368 2761 et

1789 2805 1931 2873 ipsi:
1960 2805 2027 2858 de
2059 2804 2259 2874 quibus
2307 2804 2599 2858 vetandum
2655 2816 2762 2856 non
2809 2807 2911 2866 est,
2944 2801 3238 2869 quominus
3272 2801 3366 2867 qui

1789 2912 1970 2950 rerum
2025 2897 2327 2966 potiuntur,
2363 2911 2429 2950 ex
2487 2895 2696 2964 legibus
2753 2893 3018 2947 Romanis
3046 2893 3364 2947 decernant.

1792 2987 1916 3042 Non
1968 2989 2106 3040 enim
2154 2989 2265 3041 sine
2317 3004 2500 3051 causa,
2534 2986 2731 3056 inquit,
2795 2986 3034 3053 gladium
3091 2993 3348 3052 portant;

1790 3080 2016 3133 vindices
2049 3089 2169 3133 sunt
2202 3081 2249 3133 ei
2270 3081 2360 3149 qui
2397 3079 2599 3132 malum
2627 3079 2734 3147 agit
2763 3078 2865 3143 "7;
2907 3077 3000 3131 sed
3027 3091 3132 3130 non
3172 3077 3224 3130 in
3273 3091 3370 3131 eos

1791 3170 1858 3223 de
1883 3170 2084 3238 quibus
2115 3169 2380 3223 Dominus
2434 3169 2733 3239 prohibuit,
2765 3166 3081 3236 permittere
3133 3172 3366 3234 oportet.

109 3259 202 3321 οὓς
232 3263 261 3312 6
291 3258 498 3328 Κύριος
532 3259 828 3324 ἐκώλυσεν,
875 3261 1192 3330 ἐπιτρέπειν
1239 3262 1370 3330 χρή.
1413 3236 1686 3330 Σωμάτων

1793 3257 1896 3324 Qui
1924 3259 2070 3313 enim
2104 3261 2424 3328 corporibus
2450 3267 2712 3328 praesunt,
2735 3258 2820 3312 his
2861 3259 2984 3312 licet
3015 3257 3251 3327 plectere
3276 3270 3370 3310 eos

107 3351 217 3418 γὰρ
249 3353 534 3421 ἄρχοντες,
573 3352 698 3414 τοὺς
730 3353 786 3403 ὲν
818 3356 930 3416 τοῖς
960 3356 1293 3422 σωματικοῖς
1318 3353 1544 3416 ἁλόντας
1571 3353 1691 3419 ἐξὸν

108 3444 296 3504 αὐτοῖς
325 3441 580 3505 κολάζειν
603 3460 616 3472 ·
651 3442 772 3512 οὐχὶ
799 3444 925 3506 τοὺς
945 3446 1002 3495 έν
1025 3446 1139 3507 τοῖς
1173 3445 1312 3498 κατὰ
1335 3446 1514 3515 ψυχήν
1538 3462 1552 3476 ο
1584 3446 1692 3499 τῶν

109 3534 218 3603 γὰρ
243 3533 436 3603 ψυχῶν
460 3532 741 3602 ἀρχόντων
773 3533 933 3585 τοῦτο
964 3551 976 3562 ”
1002 3528 1076 3585 ὧν
1106 3535 1174 3586 τὰ
1202 3533 1558 3606 κολαστήρια,
1589 3538 1693 3604 ἀφ-

109 3628 360 3696 ορισμοὶ,
399 3627 492 3676 καὶ
527 3627 583 3676 αὶ
611 3625 794 3677 λοιπαὶ
815 3625 1108 3696 ὲπιτιμίαι.

179 3717 380 3780 Οὕτως
425 3709 541 3780 οὖν,
579 3712 623 3771 ὦ
651 3717 904 3780 δέσποτα,
932 3719 1094 3788 ἡμεῖς
1119 3719 1168 3770 οἱ
1195 3717 1433 3779 εὐτελεῖς
1466 3719 1692 3790 φρονοῦ-

111 3826 244 3877 μεν·
278 3807 380 3861 και
408 3824 492 3873 γε,
522 3809 607 3859 ἵνα
651 3810 708 3859 ὲν
738 3805 1022 3876 ἀφροσύνῃ
1047 3806 1316 3875 εἴποιμεν,
1354 3806 1449 3858 καὶ
1473 3808 1693 3877 παρρη-

107 3900 201 3969 σία¹
234 3898 624 3969 λελαλήκαμεν
652 3897 728 3967 τῷ
752 3899 850 3968 μὲν
883 3898 1289 3966 μακαριωτάτῳ
1317 3897 1475 3967 ἡμῶν
1498 3914 1693 3966 πατρι-

106 3992 256 4061 ἁρχῃ
285 4031 300 4055 ,
353 3992 438 4044 ὅτι
491 3990 732 4059 μαχαίρᾳ
765 3992 798 4060 ἡ
839 3990 1137 4059 Ἐκκλησία
1167 3991 1269 4042 οὐκ
1316 3989 1558 4052 ἑκδικεῖ,
1599 3990 1691 4041 καὶ

104 4083 448 4133 κατένευσεο
483 4085 594 4144 τοῖς
631 4081 686 4132 δὲ
713 4081 812 4150 τὴν
845 4082 1060 4149 σφαγὴν
1085 4081 1319 4149 δράσασι
1367 4079 1687 4151 βασιλεῦσι·

102 4173 182 4241 τῷ
216 4175 319 4242 μὲν
353 4170 579 4242 πρώτῳ,
608 4171 697 4222 ὅτι
724 4172 838 4223 Οὐκ
864 4171 1069 4241 ἠρέσθη
1103 4172 1233 4234 Θεὸς
1257 4174 1346 4225 ἐπὶ
1376 4177 1439 4241 τῇ
1468 4177 1692 4242 τοιαυτῃ

100 4264 430 4332 ἀναιρέσει·
480 4261 562 4331 τῷ
605 4261 660 4312 δὲ
695 4261 933 4330 δευτέρῳ
967 4261 1284 4314 ἀπαιτοῦντι
1323 4263 1422 4332 τὴν
1458 4278 1690 4329 συνηγο-

104 4357 230 4424 ρίαν
275 4355 383 4423 τῆς
427 4351 786 4422 ἀναιρέσεως,
819 4354 903 4405 ὃτι
937 4354 1208 4426 Πρότερον
1251 4355 1283 4424 ή
1332 4354 1542 4424 κεφαλή
1586 4371 1689 4422 μου

98 4448 347 4518 αἴρεται,
380 4447 529 4516 ἣπερ
566 4445 859 4499 συνθέσθαι
904 4462 971 4515 με
1014 4447 1206 4515 τούτῳ.
1243 4445 1428 4499 Ταῦτα
1455 4446 1520 4513 δὴ
1559 4446 1690 4515 παρ’

1791 3351 1886 3421 qui
1937 3352 1992 3404 in
2041 3353 2416 3421 corporalibus
2467 3352 2700 3406 convicti
2744 3350 2947 3405 fuerint
2979 3368 2991 3403 :
3028 3365 3134 3404 non
3188 3360 3370 3403 autem

1791 3458 1886 3498 eos
1911 3443 2003 3512 qui
2035 3444 2088 3498 in
2114 3444 2491 3514 spiritualibus
2521 3462 2534 3510 ;
2575 3444 2679 3497 hoc
2739 3443 2883 3496 enim
2939 3457 3133 3496 eorum
3160 3453 3244 3496 est
3274 3441 3368 3511 qui

1791 3537 2001 3590 animas
2029 3547 2222 3606 regunt
2252 3555 2267 3604 ;
2310 3552 2544 3606 quorum
2572 3535 3073 3609 animadversiones
3105 3546 3232 3590 sunt
3260 3550 3361 3591 ex-

1791 3629 2336 3694 communicationes,
2368 3637 2422 3683 et
2451 3629 2671 3697 reliqua:
2712 3641 2905 3696 paenae.

1864 3721 1955 3774 Sic
1983 3735 2136 3790 ergo,
2162 3720 2400 3787 domine,
2430 3737 2530 3775 nos
2575 3721 2806 3774 humiles
2835 3718 3135 3773 sentimus:
3163 3726 3216 3772 et
3247 3731 3353 3785 qui-

1791 3813 1936 3876 dem,
1973 3823 2031 3866 ut
2053 3813 2105 3865 in
2138 3812 2453 3882 insipientia
2481 3811 2749 3875 dicamus,
2784 3810 2953 3864 libere
2983 3811 3146 3865 locuti
3176 3825 3370 3866 sumus

1790 3901 2106 3956 beatiSSimo
2140 3903 2466 3971 patriarcha:
2505 3910 2720 3964 nostro,
2749 3903 2893 3970 quod
2923 3898 3162 3954 Ecclesia
3188 3901 3370 3971 gladio

1791 4009 1898 4047 non
1933 3994 2172 4047 vindicet
2202 4011 2217 4060 ;
2251 3995 2344 4063 qui
2405 3993 2624 4062 quidem
2659 3991 2849 4046 annuit
2879 4007 2894 4057 ;
2953 3991 3369 4056 imperatoribus

1790 4100 1940 4149 vero,
1979 4086 2072 4154 qui
2107 4085 2310 4139 caedem
2362 4093 2668 4154 patrarunt,
2720 4085 2889 4152 priori
2945 4085 3185 4153 quidem,
3224 4084 3369 4153 quod

1793 4178 1902 4231 Deo
1951 4178 2074 4231 talis
2106 4177 2280 4231 caedes
2319 4192 2428 4230 non
2488 4176 2795 4246 placuerit;
2830 4172 3123 4244 posteriori
3162 4185 3367 4236 autem,

1791 4283 1917 4322 cum
1946 4269 2110 4323 caedis
2144 4269 2513 4323 defensionem
2552 4270 2811 4337 exigeret,
2860 4268 3010 4333 prius
3058 4265 3193 4319 mihi
3250 4264 3370 4318 adi-

1792 4363 2048 4415 mendum
2106 4370 2288 4429 caput,
2355 4377 2519 4430 quam
2574 4369 2632 4413 ut
2664 4361 2746 4414 his
2788 4360 3174 4414 consentirem.
3245 4355 3371 4412 Hazc

1792 4451 1981 4521 itaque
2012 4469 2040 4506 a
2070 4453 2226 4507 nobis
2266 4441 2666 4522 peccatoribus.
2697 4450 2802 4505 Vos
2826 4464 2974 4513 vero,
3008 4449 3367 4510 sanctissimi,

97 4539 261 4608 ἡμῶν
292 4538 410 4589 τῶν
443 4537 810 4607 ἁμαρτωλῶν.
828 4537 1014 4608 Ὑμεῖς
1040 4538 1117 4600 δὲ,
1153 4537 1470 4605 ἁγιώτατοι,
1495 4540 1541 4590 εἰ
1568 4539 1686 4592 ἓτε-

1793 4545 1837 4599 si
1865 4545 2011 4600 aliud
2031 4546 2385 4615 Evangelium
2410 4545 2636 4614 legistis,
2656 4542 2800 4611 quod
2833 4557 2933 4596 nos
2958 4556 3068 4595 non
3089 4541 3366 4605 novimus,

97 4648 192 4700 ρον
227 4629 574 4698 Εὑαγγέλιον
609 4629 904 4696 ἀνέγνωτε,
941 4631 1078 4700 ὅπερ
1109 4631 1268 4700 ἡμεῖς
1297 4631 1396 4683 οὐκ
1429 4631 1606 4700 ἴσμεν,
1628 4625 1686 4684 εὖ

95 4723 164 4773 ἂν
199 4722 318 4791 ἔχοι
342 4736 356 4749 °
392 4722 441 4772 ei
475 4719 534 4770 δὲ
573 4716 668 4788 μὴ,
704 4720 1019 4789 σκοπήσατε
1053 4718 1104 4770 τί
1137 4719 1164 4769 6
1203 4718 1525 4782 Ἀπόστολος
1554 4721 1690 4771 ἀπο-

95 4813 379 4881 φαίνοιτο.

93 4929 268 4995 ΡΝζῖν
304 4927 447 4995 (48).
480 4955 550 4965 -
582 4925 658 4993 Τῇ
690 4923 951 5051 περὶότὸν
983 4925 1305 4992 Πατρίκιον
1339 4925 1475 4979 υἱὸν
1511 4926 1688 4981 ἀδελ-

781 5017 820 5051 cc
859 5013 1007 5051 τητι.

778 5013 1007 5065 gomet.

1794 4638 1931 4692 bene
1985 4639 2248 4703 habebit;
2298 4638 2380 4692 sin
2437 4639 2642 4703 minus,
2698 4635 3043 4690 considerate
3065 4635 3193 4704 quid
3221 4636 3369 4690 dicat

1794 4730 2111 4798 Apostolus.

1856 4928 2037 4986 CLVI.
2064 4962 2133 4971 —
2161 4929 2446 4984 Fratribus
2472 4931 2560 5001 qui
2590 4948 2708 4984 cum
2739 4929 2974 4984 Patricio
2999 4929 3112 5000 ﬁlio
3138 4940 3257 4983 sunt
3279 4929 3366 4999 (‘).

612 5113 684 5160 Dc
709 5113 1000 5176 Theologia,
1030 5120 1082 5161 et
1107 5113 1170 5174 de
1196 5112 1501 5161 immaculata
1534 5111 1744 5174 imagine
1762 5123 1897 5160 sacra
1930 5111 2126 5162 Domini
2150 5117 2203 5161 et
2224 5111 2319 5162 Dei
2342 5111 2501 5160 nostri
2525 5113 2645 5160 Jesu
2678 5108 2871 5161 Christi.

180 5220 441 5288 Ἀδελφοὶ
466 5219 564 5272 καὶ
590 5221 853 5290 Πατέρες,
884 5221 1265 5291 παρακληθεὶς
1294 5225 1442 5291 παρὰ
1471 5220 1565 5272 τοῦ
1583 5222 1688 5272 Ila-

92 5313 223 5384 τρὸς
257 5311 448 5382 ὑμῶν,
476 5308 553 5369 ὼς
585 5308 776 5380 Πατὴρ
809 5309 1063 5362 κάκείνου
1091 5348 1106 5372 ,
1137 5311 1232 5361 καὶ
1260 5311 1413 5378 ὑμῶν
1443 5308 1508 5360 δι’
1544 5309 1690 5360 ὲκεί-

90 5421 211 5471 νου,
247 5404 494 5472 λαλῆσαι
528 5401 658 5471 ὑμῖν
690 5403 757 5454 τὰ
786 5402 921 5474 πρὸς
955 5399 1258 5470 σωτηρίαν*
1308 5401 1403 5454 καὶ
1430 5398 1690 5469 ἐπείσθην

93 5499 356 5561 εἰκότως,
411 5494 510 5548 καὶ
541 5491 852 5562 φθέγγομαι
892 5497 919 5547 6
949 5491 1204 5556 ταπεινὸς
1241 5493 1392 5546 ἔνθεν
1423 5491 1583 5545 ’ἑλώνο
1626 5492 1693 5543 Ἦ

1868 5220 2094 5275 Fratres
2138 5220 2456 5289 Patresque,
2490 5231 2709 5291 rogatus
2744 5236 2774 5274 a
2803 5221 2964 5275 Patre
3013 5227 3219 5286 vestro,
3249 5226 3368 5272 tan-

1797 5328 1961 5380 quam
2007 5324 2060 5368 et
2118 5313 2268 5368 illius
2321 5325 2495 5383 pater,
2527 5323 2581 5368 et
2632 5322 2806 5368 vester
2835 5329 2930 5382 per
2961 5313 3158 5383 ipsum,
3188 5311 3255 5366 ad
3281 5327 3370 5367 sa-

1801 5403 2028 5457 lutarem
2052 5419 2358 5459 sermonem
2379 5404 2531 5460 vobis
2556 5405 2969 5476 impertiendum
2990 5413 3074 5470 ;et
3096 5403 3368 5474 acquievi,

1802 5503 1861 5547 ut
1906 5511 2004 5564 par
2051 5504 2190 5561 erat,
2227 5503 2282 5550 et
2313 5496 2437 5552 inde
2493 5497 2640 5569 loqui
2694 5496 2917 5552 humilis
2946 5495 3168 5565 incipio.
3208 5493 3370 5549 Salus

183 5614 206 5640 ¹⁴
230 5613 418 5674 Epist.
442 5611 769 5680 interpolata
801 5615 868 5668 ad
894 5610 1235 5681 Philadelph.
1271 5629 1326 5667 ιι.
1358 5613 1410 5665 5.
1487 5611 1507 5642 ⁵
1541 5609 1688 5666 Psal.
1721 5623 1946 5676 Lxxvm,
1972 5609 2022 5664 6.
2103 5610 2168 5640 ⁶·⁷
2203 5612 2360 5665 Rom.
2392 5628 2507 5679 xm,
2529 5616 2577 5669 4.

1643 5721 1874 5778 NOTAE.

165 5825 283 5892 (48)
316 5821 376 5876 In
409 5819 536 5874 cod.
575 5817 709 5888 Reg,
743 5825 851 5891 pt'q'.

1873 5811 1946 5882 (")
1975 5811 2305 5882 Dogmatica.
