3964 6320
589 373 721 436 H87

1768 375 1830 432 S.
1871 370 2262 434 THEODORI
2303 376 2649 438 STUDITE

3739 382 3859 444 14θὲ

586 490 793 542 nostra,
830 479 923 532 tllii
965 480 1299 544 charissimi,
1337 493 1484 537 recte
1537 483 1758 538 credere
1815 484 1868 537 in
1907 493 2151 538 sanciam

2273 487 2509 555 σωτηρία
2541 487 2719 559 ἡμῶν,
2761 488 2925 541 τέκνα
2970 490 3302 561 ὴγαπημένα
3333 491 3500 564 [Reg
3551 495 3692 548 Cod.
3731 496 3858 561 ἀγα-

584 572 929 640 Trinitatem,
953 583 1008 629 et
1033 589 1198 644 opera
1220 575 1398 630 facere
1431 592 1552 646 quas
1591 593 1617 626 a
1649 575 1853 631 sanctis
1881 577 1972 631 Dei
2002 593 2159 633 man-

586 666 733 723 datis
774 665 1152 720 testimonium
1197 666 1453 721 habeam.
1490 666 1558 720 In
1601 666 1812 722 Christo
1837 669 1978 721 enim
2005 668 2156 734 Jesu,

588 756 1050 825 quemadmodum
1100 757 1179 811 ait
1237 757 1550 827 Apostolus,
1611 774 1772 829 neque
1828 759 2161 813 circumcisio

587 847 794 919 aliquid
841 848 996 914 valet,
1049 865 1210 917 neque
1259 853 1596 918 prwputium,
1648 853 1738 905 sed
1766 852 1896 920 ﬁdes
1929 868 2046 921 quae
2071 867 2162 921 per

589 941 903 995 charitatem
957 951 1206 1011 operatur
1234 944 1278 996 ⁸.
1325 942 1389 996 Et
1433 946 1557 999 fidei
1621 944 1840 1015 quidem
1895 948 2038 1000 ratio
2092 947 2161 1002 ad

591 1033 788 1101 dogma
812 1033 1187 1099 orthodoxiaa;
1210 1034 1495 1091 charitatis
1523 1053 1674 1101 vero,
1700 1037 1767 1091 ad
1792 1038 1947 1093 bonae
1967 1053 2164 1108 opera-

591 1124 1290 1180 tionis-considerationem
1333 1127 1633 1183 reducitur.
1697 1129 1988 1186 Credimus
2030 1145 2164 1201 ergo

590 1213 648 1269 in
669 1214 882 1269 Patrem
914 1227 970 1269 et
1001 1213 1199 1270 Filium
1230 1227 1283 1270 et
1309 1216 1571 1286 Spiritum
1603 1228 1874 1286 sanctum,
1906 1234 2028 1289 quae
2054 1229 2165 1274 tres

592 1314 723 1361 sunt
779 1320 1048 1375 personae,
1118 1316 1314 1363 natura
1382 1324 1512 1375 una,
1567 1325 1671 1365 una
1705 1319 1966 1380 potestas,
1993 1325 2162 1364 unum

590 1398 834 1454 omnium
865 1398 1116 1470 princeps
1146 1415 1394 1470 regnum,
1425 1401 1481 1456 in
1519 1416 1646 1468 uno,
1700 1411 1761 1457 ut
1812 1410 2031 1469 natura,
2087 1403 2166 1457 sic

591 1499 648 1546 et
687 1491 990 1555 voluntate,
1038 1501 1094 1547 et
1132 1495 1453 1561 Operatione
1502 1495 1788 1552 adoratum
1846 1498 2078 1568 imperio
2113 1506 2168 1551 et

591 1583 784 1651 gloria.
841 1581 1131 1640 Credimus
1177 1586 1322 1654 quod
1364 1603 1508 1642 unus
1569 1587 1638 1643 de
1666 1599 1855 1644 sancta
1882 1588 2164 1654 Trinitate,

591 1675 764 1731 Filius
797 1682 852 1730 et
880 1672 1120 1730 Verbum
1153 1674 1246 1730 Dei
1288 1687 1344 1731 et
1400 1676 1598 1745 Patris,
1640 1695 1734 1751 per
1773 1696 2042 1736 summam
2072 1682 2170 1736 bo-

593 1768 820 1822 nitatem
869 1767 1174 1823 exinanivit
1223 1770 1598 1839 semetipsum,
1645 1783 1701 1827 et
1741 1771 1972 1828 formam
2024 1775 2166 1828 servi

592 1861 826 1930 accepit,
857 1859 911 1914 in
938 1858 1113 1915 forma
1148 1871 1338 1916 nostra
1373 1876 1721 1934 conspectus.
1771 1865 1886 1922 Hoc
1909 1866 2051 1921 enim
2084 1877 2167 1922 est

592 1952 740 2022 quod
771 1953 849 2006 ait
874 1949 1186 2022 Theologns
1236 1969 1253 2008 :
1284 1953 1352 2009 Et
1389 1953 1614 2009 Verbum
1635 1975 1759 2011 caro
1780 1958 1977 2027 factum
2004 1967 2082 2012 est
2101 1960 2121 1992 ’
2150 1975 2165 2022 ;

594 2055 649 2100 et
687 2043 835 2113 quod
885 2059 1117 2114 magnus
1165 2045 1458 2114 Apostolus
1512 2047 1682 2102 dicit:
1737 2046 1878 2103 Deus
1919 2049 2166 2118 apparuit

592 2137 651 2191 in
678 2152 838 2191 carne
868 2136 933 2191 ¹⁰.
967 2134 1033 2191 Et
1070 2152 1212 2191 unus
1251 2137 1506 2208 idemque
1539 2149 1623 2194 est
1669 2141 1722 2194 in
1759 2141 1970 2196 duabus
2005 2151 2166 2195 natu-

594 2229 696 2294 ris,
725 2227 1002 2298 perfectus
1031 2227 1193 2290 Deus.
1226 2238 1281 2282 et
1305 2229 1579 2298 perfectus
1609 2233 1812 2287 homo:
1845 2233 1977 2287 etin
2015 2244 2168 2288 utro-

595 2337 705 2392 que
756 2320 998 2392 perfecto
1028 2321 1414 2391 proprietatem
1460 2325 1667 2380 nullam
1702 2343 1809 2381 non
1841 2327 2164 2395 assumpsit,

598 2413 807 2469 habens
827 2413 1036 2468 scilicet
1063 2421 1122 2468 ut
1155 2413 1298 2469 Deus
1357 2419 1545 2471 omnia
1614 2433 1736 2487 qua:
1775 2417 1957 2472 Patris
1988 2429 2116 2473 sunt
2148 2436 2163 2485 ;

595 2511 651 2556 et
672 2511 732 2556 ut
756 2502 941 2567 homo,
972 2506 1156 2558 omnia
1190 2520 1312 2573 qua:
1357 2504 1568 2570 Matris,
1598 2521 1854 2578 tanquam
1880 2525 2168 2578 germanus

596 2592 764 2650 ﬁlius.
799 2593 1268 2660 Quemadmodum
1305 2613 1434 2668 ergo
1479 2615 1545 2652 ex
1577 2599 1735 2654 Patre
1764 2600 2168 2654 incircumscri-

598 2697 746 2755 ptus,
787 2686 870 2740 sic
917 2700 985 2742 ex
1036 2685 1210 2742 Matre
1263 2689 1716 2760 circumscriptus
1743 2731 1758 2754 ,
1793 2691 1893 2743 hoc
1922 2699 2024 2755 est,
2073 2693 2166 2759 qui

597 2791 697 2849 per
723 2778 1038 2849 imaginem,
1059 2780 1283 2849 perinde
1307 2797 1370 2835 ac
1390 2792 1581 2845 mater,
1607 2782 1963 2850 exprimatur.
1987 2782 2169 2847 Quare

602 2872 976 2938 lconomachi,
1010 2873 1077 2927 ad
1109 2888 1250 2941 quos
1291 2875 1525 2942 pertinet
1552 2875 1665 2929 haec
1692 2875 2030 2944 disceptatio,
2059 2891 2166 2930 non

598 2964 923 3020 conﬁtentes
982 2965 1135 3019 illum
1188 2966 1592 3029 circumscribi,
1659 2968 1800 3022 haud
1861 2967 2024 3021 dubie
2068 2983 2170 3022 nec

599 3071 922 3127 germanum
952 3056 1140 3113 Matris
1158 3058 1328 3112 lilium
1363 3060 1610 3113 contiteri
1661 3058 2167 3128 deprehenduntur,

2260 576 2431 649 πητὰ]
2458 619 2474 641 ,
2519 580 2794 632 πιστεύειν
2820 581 2997 651 ὀρθῶς
3023 583 3101 645 είς
3128 583 3225 650 τὴν
3266 583 3430 649 ἁγίαν
3463 584 3702 654 Τριάδα
3723 626 3737 647 ,
3779 590 3860 639 καὶ

2261 663 2400 733 ἔργα
2442 665 2587 734 ἔχειν
2637 667 3059 736 μαρτυρούμενα
3106 670 3210 722 ὑπὸ
3241 671 3351 722 τῶν
3397 671 3588 738 ἁγίων
3631 674 3860 726 ἐντολῶν

2259 755 2354 808 τοῦ
2383 756 2542 811 Θεοῦ.
2582 759 2684 811 Ἔν
2708 759 2819 828 γὰρ
2847 761 3078 827 Χριστῷ
3135 763 3349 828 Ἰησοῦ,
3394 763 3597 826 καθώς
3635 781 3807 834 φησιν
3837 771 3858 817 ὁ

2274 848 2620 914 Ἀπόστολος,
2651 850 2789 904 οὔτε
2817 852 3101 920 περιτομὴ
3145 853 3345 919 ισχύει
3371 893 3384 914 ,
3424 855 3577 908 οὔτε
3603 855 3858 923 disparit-

2263 942 2431 994 στίαο
2459 941 2618 996 ἀλλὰ
2655 943 2860 1008 πίστις
2896 943 2971 996 δι’
3003 945 3236 1013 ἀγάπης
3263 947 3719 1017 ἐνερπυυμέι-η.
3756 951 3857 1002 Καὶ

2262 1035 2290 1086 6
2317 1032 2415 1101 μὲν
2439 1034 2539 1102 τῆς
2582 1034 2818 1098 πίστεως
2849 1035 3009 1103 λόγος
3031 1076 3044 1100 ,
3075 1040 3155 1099 είς
3182 1037 3245 1090 τὸ
3272 1038 3375 1108 τῆς
3407 1038 3743 1109 ὁρθοδοξξας
3779 1042 3856 1094 δή·

2263 1140 2380 1195 γμα
2407 1141 2421 1156 ⁶
2463 1128 2492 1179 6
2517 1126 2575 1180 δὲ
2607 1128 2706 1194 τῆς
2744 1127 2987 1200 ἀγάπης,
3030 1130 3109 1192 εἰς
3135 1131 3196 1182 τὸ
3228 1131 3328 1199 τῆς
3372 1132 3704 1202 εὐπραξίας
3734 1135 3854 1186 θεώ-

2267 1236 2420 1289 ρημα
2453 1219 2806 1290 ἀναφέρεται.
2857 1222 3193 1292 Πιστεύομεν
3235 1221 3330 1277 οὖν
3373 1227 3458 1288 είς
3493 1227 3734 1298 Πατέρα
3768 1232 3855 1280 καὶ

2267 1310 2396 1364 Υιὸν
2433 1312 2525 1364 καὶ
2552 1311 2710 1380 ἆγιον
2754 1313 2979 1382 Πνεῦμα
3000 1332 3013 1344 ·
3042 1316 3185 1386 ἆπερ
3225 1317 3340 1368 ἐστὶ
3371 1318 3505 1388 τρῖα
3556 1322 3852 1387 πρόσωπα,

2271 1402 2368 1470 μία
2414 1402 2595 1471 φύσις,
2645 1405 2744 1472 μία
2771 1403 3019 1473 δύναμις,
3071 1406 3170 1475 μία
3197 1407 3404 1477 ἀρχικὴ
3440 1407 3559 1460 τῶν
3595 1410 3856 1464 ἁπάντων

2269 1493 2546 1562 βασιλεία’
2581 1497 2639 1548 ὲν
2667 1497 2764 1558 ἑνὶ,
2817 1496 2893 1560 ὡς
2923 1497 3108 1566 φύσει,
3146 1500 3240 1551 καὶ
3272 1499 3493 1568 θελήσει
3517 1539 3532 1559 ,
3575 1503 3679 1554 καὶ
3709 1504 3855 1573 ἐνερ-

2269 1585 2394 1655 γείιτ⁸
2425 1588 2881 1658 προσκυνουμένη
2926 1589 3116 1658 κράτει
3160 1590 3254 1642 καὶ
3300 1591 3470 1645 κλέει.
3508 1593 3855 1665 Πιστεύομεν

2268 1677 2346 1742 ὡς
2377 1679 2406 1731 6
2437 1674 2519 1742 εἷς
2549 1680 2649 1750 τῆς
2693 1681 2852 1748 ἁγίας
2900 1682 3159 1752 Τριάδος,
3193 1687 3220 1736 6
3251 1684 3379 1747 Υἱὸς
3416 1685 3515 1737 καὶ
3546 1687 3731 1755 Λόγος
3770 1691 3852 1740 τοῦ

2272 1766 2408 1820 Θεοῦ
2464 1769 2560 1821 καὶ
2614 1770 2862 1840 Πατρός,
2907 1770 2974 1822 δι’
3021 1771 3198 1840 ἄκραν
3242 1770 3566 1840 ἀγαθότητα
3610 1772 3856 1832 κενώσας

2274 1860 2487 1923 ἑαυτὸν,
2521 1861 2735 1931 μορφὴν
2753 1861 2940 1914 δούλου
2971 1861 3162 1914 ἐλαϐεν
3186 1863 3242 1914 ὲν
3264 1861 3342 1932 τῷ
3373 1864 3501 1915 καθ’
3537 1865 3696 1934 ἡμᾶς
3736 1866 3855 1917 εῖδει

2272 1951 2476 2020 ὀφθείς.
2502 1950 2671 2004 Τοῦτο
2704 1953 2813 2024 γάρ
2843 1955 2990 2006 ἐστιν
3015 1954 3043 2005 ὃ
3073 1969 3235 2021 φησιν
3277 1956 3305 2006 6
3344 1953 3652 2022 Θεολόγος·
3692 1957 3800 2008 Καὶ
3830 1961 3855 2009 ό

2273 2045 2464 2113 Λόγος
2507 2045 2664 2112 σὰρξ
2710 2044 2978 2114 ἐγένετο·
3023 2046 3118 2099 καὶ
3146 2047 3173 2099 ὃ
3203 2063 3367 2115 φησιν
3395 2049 3424 2100 6
3466 2047 3654 2117 μέγας
3705 2049 3854 2101 Ἀπὸο

2276 2136 2486 2199 στολος·
2524 2139 2668 2203 Θεὸς
2711 2137 3050 2206 ἐφανερώθη
3078 2137 3148 2190 ἐν
3178 2139 3377 2206 σαρκί.
3426 2139 3546 2192 Καὶ
3591 2139 3749 2192 ἐστιν
3787 2135 3855 2196 εἷς

2275 2227 2368 2278 καὶ
2395 2228 2422 2279 ὀ
2447 2227 2607 2290 αὐτὸς
2637 2229 2694 2278 ἐν
2725 2227 2846 2279 δυσὶ
2874 2226 3067 2294 φύσεσι
3094 2226 3295 2290 τέλειος
3325 2227 3481 2292 Θεὸς,
3525 2231 3630 2282 καὶ
3660 2230 3855 2291 silem;

2275 2317 2580 2386 ἄνθρωπος,
2633 2319 2729 2371 καὶ
2779 2319 2837 2370 ὲν
2884 2318 3132 2389 ἑκατέρῳ
3181 2318 3370 2388 τελείῳ
3434 2319 3539 2390 οὐχ
3594 2321 3761 2388 ὑφξίς
3810 2337 3855 2373 τι

2279 2407 2475 2476 ἰδίωμα
2507 2409 2909 2480 ἀπρόσ).ηπτον,
2951 2410 3088 2480 ἔχων
3119 2410 3177 2463 δὲ
3216 2411 3418 2479 μᾶλλον
3451 2415 3524 2465 τὰ
3556 2414 3747 2467 πάντα
3770 2415 3853 2467 τοῦ

2277 2500 2488 2569 Πατρὸς
2522 2500 2738 2564 θεῖκῶς,
2772 2503 2863 2554 καὶ
2897 2502 3161 2555 πάντατὰ
3189 2503 3288 2571 τῆς
3320 2502 3547 2574 Μητρὸς
3580 2504 3854 2574 ἀνθρωπι-

2275 2592 2406 2654 κῶς,
2462 2592 2538 2654 ὡς
2601 2592 2715 2654 υἱὸς
2771 2593 3014 2662 γνήσιος.
3065 2594 3154 2657 Ὠς
3207 2591 3300 2647 οὖν
3353 2595 3420 2648 ἐκ
3478 2595 3582 2648 τοῦ
3649 2599 3853 2668 Πατρὸς

2273 2683 2687 2752 ἀπερίγραπτος
2709 2725 2724 2748 ,
2760 2683 2933 2746 οὕτως
2959 2686 3024 2737 ὲκ
3053 2687 3152 2756 τῆς
3178 2684 3400 2756 Μητρὸς
3432 2692 3849 2758 περιγραπτὸς,

2275 2777 2442 2846 ἤγουν
2475 2775 2930 2847 ἐξεικτνιξόμενος
2966 2777 3332 2847 μητρομοίως.
3381 2779 3446 2830 Οἱ
3495 2773 3596 2831 οὖν
3644 2780 3854 2832 Εἰκονο-

2278 2868 2443 2937 μάχοι
2465 2907 2480 2933 ,
2511 2869 2639 2939 περὶ
2669 2862 2744 2922 ὧν
2774 2869 2869 2922 καὶ
2899 2870 2960 2922 τὸ
2987 2869 3159 2922 ταῦτα
3191 2869 3568 2940 δογματίζειν,
3609 2871 3690 2941 μὴ
3734 2872 3853 2941 ὁμο⁸

2275 2959 2561 3027 λογοῦντες
2603 2961 2764 3013 αὑτὸν
2795 2960 3259 3032 περιγράφεσθαι,
3291 2962 3650 3031 εὑρίσκονται
3685 2965 3854 3031 ἀσφα-

2276 3053 2381 3116 λῶς
2415 3054 2548 3122 μηδὲ
2568 3053 2850 3121 ὁμολογεῖν
2880 3055 3042 3106 αὑτὸν
3072 3057 3295 3123 γνήσιον
3325 3055 3440 3107 υἱὸν
3469 3055 3576 3124 τῆς
3603 3057 3850 3128 Μητρός·

601 3150 698 3206 sed
750 3149 987 3205 alienum
1022 3150 1218 3218 potius.
1265 3150 1368 3216 Qui
1402 3152 1546 3204 enim
1597 3165 1936 3219 germanum,
1980 3162 2034 3205 et
2063 3168 2167 3206 non

2278 3142 2381 3195 ποῦ
2407 3147 2514 3212 γὰρ
2539 3144 2596 3194 τὺ
2626 3143 2872 3212 γνήσιον,
2892 3144 2987 3194 καὶ
3003 3143 3063 3194 ού
3094 3144 3273 3212 πάντη
3309 3143 3514 3213 μᾶλλον
3549 3146 3852 3217 ἀλλότριον,

602 3243 840 3296 alienum
874 3242 1115 3310 penitus,
1165 3242 1266 3295 nisi
1301 3243 1353 3296 in
1392 3243 1651 3297 omnibus
1690 3253 1897 3296 naturae
1929 3245 2168 3312 proprie-

2276 3234 2340 3284 ἂν
2377 3234 2450 3302 μὴ
2481 3233 2622 3285 κατὰ
2665 3233 2763 3302 τὴν
2795 3233 3137 3302 γεννήσασαν
3169 3234 3226 3285 ὲν
3254 3234 3387 3285 πᾶσι
3433 3235 3554 3297 τοῖς
3607 3240 3855 3302 φυσικοῖς

601 3333 809 3388 tatibus
852 3333 1102 3403 genitrici
1142 3332 1320 3387 simile
1374 3333 1444 3387 sit
1485 3334 1627 3402 quod
1662 3348 1729 3387 ex
1760 3332 1851 3386 illa
1885 3334 2168 3402 genitum‘i

2279 3324 2564 3392 [διώμασιν
2610 3318 2721 3377 εἷεν
2755 3325 2820 3377 ἂν
2855 3325 2947 3377 καὶ
2979 3324 3043 3377 τὸ
3088 3325 3366 3396 γέννημα;
3429 3325 3522 3388 Ὧς
3558 3326 3674 3394 γὰρ
3715 3327 3850 3381 κατὰ

603 3421 675 3479 Ut
719 3423 863 3476 enim
905 3422 1206 3478 secundum
1261 3424 1829 3492 circumscriptionem
1883 3439 2168 3481 commune

2274 3415 2371 3486 τὴν
2399 3415 2748 3486 περιγραφὴν
2799 3417 3058 3486 οὐδεμίαν
3106 3417 3389 3470 κοινωνίαν
3428 3416 3548 3485 ἔχει
3590 3419 3733 3488 πρὸς
3769 3421 3851 3470 τὸν

603 3514 742 3569 nihil
771 3513 934 3568 habet
964 3529 1086 3568 cum
1115 3512 1295 3578 Patre,
1330 3515 1423 3568 sed
1465 3530 1588 3568 cum
1623 3514 1816 3580 Matre,
1873 3516 1947 3569 ita
1981 3532 2168 3571 secun-

2277 3509 2500 3579 Πατέρα
2523 3549 2537 3571 ,
2569 3509 2706 3562 ἀλλὰ
2732 3510 2866 3580 πρὸς
2889 3511 2989 3579 τὴν
3026 3510 3286 3579 Μητέραο
3327 3508 3502 3573 οὕτως
3550 3512 3681 3564 οὐδὲ
3719 3511 3850 3565 κατὰ

603 3604 734 3657 dum
774 3603 1420 3673 incircumscriptionem,
1460 3605 1579 3659 vice
1598 3620 1749 3670 vera,
1772 3621 1894 3660 cum
1922 3606 2168 3662 Genitore

2275 3601 2373 3670 τὴν
2405 3601 2680 3669 ἀγραφίαν
2712 3600 2773 3651 τὺ
2798 3600 3034 3668 ἔμπαλιν
3056 3613 3069 3627 °
3097 3601 3232 3669 πρὸς
3263 3599 3353 3652 τὸν
3376 3603 3729 3672 γεννήσαντα
3751 3606 3847 3673 γὰρ

604 3694 924 3748 communio
953 3703 1055 3756 est,
1083 3708 1192 3748 non
1223 3709 1346 3748 cum
1388 3693 1684 3751 Genitricc.

2276 3692 2309 3760 η
2341 3691 2619 3753 κοινωνία,
2651 3691 2711 3741 οὐ
2750 3689 2884 3757 πρὸς
2917 3689 3016 3757 τὴν
3045 3687 3330 3742 τεκοῦσαν.

677 3782 770 3839 Sic
805 3799 866 3839 se
919 3783 1080 3838 habet
1123 3793 1331 3838 rectum
1364 3786 1615 3838 veritatis
1639 3786 1839 3854 dogma
1871 3804 1883 3837 :
1919 3785 2029 3838 haec
2050 3801 2168 3853 apo-

2347 3778 2531 3842 οὕτως
2550 3779 2610 3831 τὸ
2639 3779 2798 3848 ὁρθὸν
2825 3778 3001 3848 δόγμα
3024 3778 3121 3848 τῆς
3153 3778 3413 3848 ἀληθείας
3436 3780 3616 3852 ἀὕτη
3646 3783 3681 3850 ἡ
3722 3784 3845 3837 ἀπο-

605 3878 796 3932 stolica
842 3877 1021 3930 fides:
1074 3877 1552 3945 circumscriptum
1603 3877 1848 3930 contiteri
1896 3876 2168 3929 Christum

2279 3869 2498 3941 στολικὴ
2524 3870 2707 3932 πίστις
2729 3886 2744 3899 ·
2780 3870 3159 3941 περιγραπτὸν
3188 3870 3473 3938 ὁμολογεῖν
3497 3871 3595 3926 τὸν
3622 3875 3851 3946 Χριστὶν

607 3970 660 4022 ιιι
684 3983 870 4022 carne.
913 3967 1007 4022 Sic
1036 3966 1182 4019 enim
1214 3982 1443 4034 magnus
1482 3966 1752 4022 Basilius:
1791 3988 1810 4019 ι
1845 3967 2168 4036 Depingatnt

2276 3963 2334 4014 ὲν
2361 3963 2546 4030 σαρκί.
2582 3961 2690 4014 Καὶ
2723 3961 2853 4030 γοῦν
2875 3964 2904 4014 6
2937 3961 3108 4032 μέγας
3144 3961 3425 4027 Βασίλειος
3447 3979 3460 3993 ·
3506 3983 3527 4016 ι
3551 3965 3851 4038 Ἐγγραφὲ-

607 4058 660 4111 in
687 4057 871 4110 tabula
910 4055 1273 4110 certaminum
1322 4071 1522 4125 praeses
1571 4055 1846 4113 Christus.
1886 4076 1904 4108 ι
1934 4057 1998 4110 Et
2027 4059 2168 4127 depi-

2279 4052 2393 4106 σθω
2425 4054 2502 4125 τῷ
2532 4055 2719 4107 πίνακι
2761 4054 2856 4108 καὶ
2884 4057 2912 4108 ὁ
2934 4055 3045 4106 τῶν
3079 4056 3482 4126 παλαισμάτων
3511 4057 3851 4129 ἀγωνοθέτης

604 4160 749 4203 ctam
805 4148 1096 4217 imaginem
1143 4148 1412 4215 venerari,
1462 4157 1722 4218 tanquam
1771 4150 1998 4206 adorato
2034 4153 2086 4205 in
2118 4168 2168 4206 ea

2284 4147 2539 4216 Χριστός.
2563 4166 2581 4199 ι
2619 4148 2727 4200 Καὶ
2753 4147 2850 4217 τὴν
2875 4149 3334 4220 ὲγγεγραμμὲνην
3369 4150 3560 4203 εἰκόνα
3582 4169 3637 4204 τι
3647 4156 3774 4222 μᾷν,
3789 4153 3852 4212 ὡς

605 4237 846 4294 Christo.
886 4237 945 4291 in
975 4238 1211 4307 imagine
1251 4239 1452 4308 quippe
1486 4240 1669 4294 videre
1695 4256 1754 4296 se
1788 4244 2038 4314 angelum
2075 4244 2168 4298 cla-

2282 4239 2340 4290 ὲν
2369 4239 2505 4308 αὐτῇ
2545 4240 3020 4310 προσκυνούμενον
3051 4239 3308 4311 Χριστοῦ.
3342 4240 3430 4293 Ἐν
3465 4244 3579 4312 γὰρ
3601 4247 3672 4313 τῇ
3697 4243 3850 4295 είκὸνι

606 4342 719 4384 tnat
755 4345 959 4383 aureus
1004 4327 1456 4398 Chrysostomns.
1490 4327 1547 4381 Si
1585 4338 1766 4382 autem
1804 4331 2168 4398 incorporeutr

2286 4332 2384 4404 βοᾷ
2413 4333 2440 4383 6
2473 4331 2708 4400 χρυσοῦς
2751 4332 3138 4400 Χρυσόστομος
3189 4332 3316 4383 ίδεῖν
3350 4332 3610 4398 ἄγγελον.
3671 4335 3780 4386 Καὶ
3810 4332 3849 4382 εἰ

607 4421 660 4474 in
679 4421 937 4490 imagine,
959 4430 1164 4488 quanto
1190 4420 1364 4488 magis
1388 4435 1615 4487 corpore
1639 4422 1886 4474 indutum
1914 4421 2168 4475 Verbum?

2283 4425 2373 4477 τὸν
2403 4424 2694 4489 ἀσώματον
2720 4423 2778 4473 ἐν
2804 4426 2974 4477 εἰκόνι
2997 4439 3012 4454 ο
3044 4425 3194 4492 πόσῳ
3218 4420 3309 4475 οὖν
3337 4420 3545 4490 μᾶλλον
3571 4423 3667 4475 τὸν
3701 4424 3852 4476 ἐνσώ-

607 4509 764 4576 Quod
812 4511 858 4564 si
890 4509 1058 4573 videt,
1114 4518 1323 4563 certum
1364 4516 1448 4564 est
1490 4508 1637 4577 quod
1696 4510 1860 4564 etiam
1909 4513 2095 4564 adoret
2127 4513 2168 4565 it:

2291 4535 2458 4587 ματον
2501 4519 2707 4584 Λόγον;
2739 4518 2849 4570 Καὶ
2885 4519 2932 4569 εἰ
2965 4519 3089 4586 ὁρᾷ,
3123 4516 3279 4585 δῆλον
3320 4517 3402 4567 ὅτι
3433 4519 3534 4570 καὶ
3563 4520 3853 4586 προσκυνεῖ

608 4601 842 4670 imagine
905 4600 1210 4670 angelum:
1264 4600 1728 4670 quemadmodum
1784 4610 1840 4656 et
1885 4603 2183 4657 Christum.

608 4695 669 4746 In
702 4694 937 4762 imagine
969 4693 1113 4745 enim
1161 4694 1342 4747 videre
1377 4693 1666 4758 meruisse,
1702 4709 1801 4763 par
1843 4704 1925 4749 est
1958 4710 2023 4749 ac
2053 4696 2184 4750 ado-

608 4799 732 4839 rare
765 4801 778 4837 :
821 4802 839 4835 ι
867 4781 1318 4853 Quandoquidem
1359 4784 1534 4838 honor
1565 4784 1815 4853 imaginis
1843 4786 1909 4840 ad
1940 4796 2186 4858 prototy-

607 4891 737 4946 pum
809 4877 1026 4944 transit,
1062 4895 1079 4928 ι
1122 4885 1181 4930 ut
1229 4892 1442 4930 rursum
1509 4876 1585 4929 ait
1641 4893 1872 4947 magnus
1927 4878 2183 4936 Basilius.

609 4966 908 5038 Negatores
935 4967 1115 5035 itaque
1135 4977 1263 5020 sunt
1284 4966 1508 5032 Christi,
1539 4966 2026 5035 quicontutneliosi
2059 4979 2184 5024 sunt

612 5059 665 5112 in
711 5059 1003 5128 imaginem
1040 5077 1053 5111 :
1088 5068 1249 5127 atque
1280 5057 1419 5110 hanc
1451 5069 1790 5126 spernentes,
1823 5061 2183 5130 contemptio-

2287 4613 2347 4662 ὲν
2391 4611 2559 4663 εἰκόνι
2590 4610 2682 4662 τὸν
2712 4610 2972 4678 ἄγγελον·
3015 4608 3203 4678 ὥσπερ
3232 4609 3327 4660 καὶ
3355 4608 3449 4660 τὸν
3481 4609 3746 4678 Χριστόν.
3795 4609 3854 4660 Τὸ

2286 4704 2395 4773 γὰρ
2443 4702 2740 4771 ἀξιωθῆναι
2777 4703 2904 4755 ἰδεῖν
2930 4704 2988 4753 ὲν
3016 4702 3206 4770 Γραφῇ
3230 4701 3366 4764 ,ἴσον
3412 4702 3537 4754 ἐστὶ
3570 4702 3649 4772 τῷ
3691 4720 3848 4773 προσ-

2286 4798 2501 4849 κυνεῖν·
2540 4812 2559 4845 ι
2608 4793 2868 4861 Ἐπείπερ
2907 4794 3001 4847 καὶ
3025 4794 3058 4863 ἡ
3085 4792 3184 4861 τῆς
3226 4793 3432 4854 εἰκόνος
3464 4795 3631 4863 τιμὴ,
3677 4796 3771 4848 ἐπὶ
3804 4795 3853 4846 τδ

2287 4890 2643 4959 πρωτότυπον
2699 4887 2996 4950 ἀναϐαίνει,
3037 4906 3055 4938 ι
3107 4886 3184 4948 ὼς
3245 4885 3402 4938 πάλιν
3451 4889 3624 4956 φησὶν
3688 4891 3718 4941 6
3775 4888 3854 4958 μέυ

2290 4997 2394 5048 γας
2443 4979 2589 5050 [cod.
2627 4978 2761 5049 Reg.
2793 4979 2930 5048 φαίη
2972 4980 3000 5030 6
3045 4974 3211 5040 θεῖος]
3254 4974 3563 5038 Βασίλειος.
3611 4977 3854 5048 Ἀρνηταὶ

2287 5068 2578 5138 τοιγαροῦν
2608 5070 2715 5120 εἱσι
2743 5067 3001 5138 Χριστοῦ,
3027 5067 3076 5118 oi
3127 5065 3228 5134 τῆς
3256 5065 3468 5127 εἰκόνος
3501 5065 3678 5119 αὑτοῦ
3714 5067 3854 5136 ὑδρι-

613 5164 737 5206 nem
797 5148 854 5201 in
931 5148 1107 5217 ipsum
1161 5147 1518 5214 transferunt,
1563 5148 1688 5201 licet
1736 5149 2014 5205 Christum
2046 5167 2168 5206 con-

2290 5162 2432 5225 σταὶ,
2479 5159 2568 5210 διὰ
2592 5159 2702 5228 -τῆς
2731 5161 2818 5212 ἐπ’
2855 5157 3022 5226 αὐτῆς
3051 5156 3363 5225 ἀθετήσεως
3389 5195 3405 5219 ,
3443 5157 3530 5219 εἰς
3565 5158 3734 5210 αὐτὸν
3770 5158 3850 5225 τὴν

615 5241 752 5296 titeri
786 5255 848 5295 se
905 5241 1085 5295 dicant
1122 5258 1136 5293 :
1184 5239 1461 5309 quomodo
1507 5238 1784 5296 daemones
1814 5244 1978 5297 etiam
2010 5243 2168 5298 conﬂ-

2288 5251 2546 5318 ἀθέτησιν
2590 5250 2950 5320 ἀναφέροντες
2969 5265 2981 5280 '
3013 5248 3116 5301 κᾶν
3143 5246 3377 5315 λέγωσιν
3405 5249 3704 5318 ὁμολογεῖν
3733 5251 3850 5318 Χριο

611 5342 796 5388 tentur
831 5332 895 5397 ",
939 5332 1136 5401 inquit,
1187 5330 1487 5396 Christum,
1529 5329 1686 5386 factis
1732 5347 1860 5386 vero
1886 5346 2084 5405 negant
2114 5335 2168 5391 ".

2289 5340 2447 5393 στόνο
2477 5340 2601 5392 ἐπεὶ
2626 5339 2807 5390 καὶτὰ
2844 5336 3099 5406 δαιμόνια
3129 5336 3481 5405 ὁμολογοῦσι,
3515 5341 3677 5409 φησὶ,
3713 5341 3847 5394 Θεὸν.

611 5426 806 5498 Magna
833 5425 1018 5495 igitur,
1045 5422 1263 5486 fratres,
1289 5424 1539 5494 impietas
1562 5423 1802 5490 illorum,
1838 5434 1891 5479 et
1920 5427 2168 5495 praeclara

2286 5433 2397 5493 τοῖς
2438 5430 2493 5483 δὲ
2544 5431 2725 5500 ἔργοις
2772 5429 3081 5499 ἀρνοῦνται.
3134 5428 3293 5497 Μέγα
3339 5425 3458 5491 οὖν,
3510 5432 3766 5500 ἀδελφοὶ,
3803 5432 3850 5480 τὸ

612 5517 884 5574 confessio
935 5526 1147 5576 nostra,
1205 5516 1377 5570 nihilo
1417 5516 1642 5570 inferior
1679 5533 1841 5586 quam
1882 5529 2168 5588 martyrum

2289 5520 2460 5590 ἀαέὁη
2471 5539 2543 5590 μα
2577 5522 2750 5573 αὐτῶν
2772 5537 2784 5550 ·
2819 5521 2910 5573 καὶ
2942 5520 3150 5589 μεγάλη
3178 5521 3212 5590 ἡ
3237 5520 3507 5588 ὁμολογία
3537 5524 3706 5594 ἡμῶν
3728 5540 3741 5555 ·
3769 5523 3849 5574 καὶ

614 5606 988 5676 antiquorum.
1041 5603 1190 5659 State
1220 5604 1382 5676 igitur
1420 5605 1651 5672 fortiter,
1696 5607 2008 5664 nullatenus
2053 5611 2168 5662 titu-

2289 5612 2512 5666 οὑτίπου
2563 5610 2865 5664 ἀποδέουσα
2892 5608 3001 5661 τῶν
3041 5608 3206 5663 πάλαι
3235 5610 3563 5680 μαρτύρων.
3584 5612 3752 5682 Στῆτε
3774 5608 3853 5663 οὖν

689 5789 907 5848 ⁸021³1.
941 5803 993 5850 v,
1037 5791 1090 5853 6.
1166 5787 1186 5818 ³
1216 5783 1369 5841 Joan.
1405 5803 1440 5850 ι,
1473 5785 1559 5842 14.
1638 5787 1680 5817 ¹⁰
1712 5785 1727 5840 l
1764 5785 1906 5843 Tim.
1944 5803 2023 5856 ιιι,
2056 5788 2119 5843 ιο

2288 5786 2401 5843 Jac.
2438 5805 2493 5852 ιι,
2538 5789 2618 5842 19.
2698 5791 2738 5820 "
2767 5788 2850 5844 Tit
2900 5806 2945 5859 ι,
2981 5787 3064 5844 l6.
