3964 6320
126 377 264 444 1489

1317 366 1856 430 EPISTOLARUM
1897 368 2049 430 LIB.
2121 367 2203 428 II-

3263 363 3400 432 1490

125 487 411 561 κραταιῶς
439 483 585 557 [cod.
618 483 754 556 Reg.
787 479 1078 555 κραταιοὶ]
1111 480 1355 552 μηδό).ως
1395 479 1718 545 ὀκλάζοντες

1841 487 2017 534 iantes
2074 478 2126 532 in
2171 477 2258 534 his
2301 491 2424 550 quae
2461 490 2588 533 vera
2630 491 2754 533 esse
2796 476 3234 532 demonstratum
3265 485 3399 544 est;

125 582 260 652 περὶ
320 579 429 632 τῶν
485 577 589 649 ἤδη
651 570 1058 637 ἀποδεικτικῶς
1120 571 1538 642 ἠληθευμένων·
1578 571 1714 626 ἀλλά

122 672 297 743 ταύτῃ
328 675 394 743 τῇ
436 671 617 724 πίστει
653 667 845 740 μέχρις
877 665 1111 735 αἵματος
1134 705 1148 729 ,
1183 667 1233 719 εί
1277 662 1470 734 καλοίη
1501 663 1712 735 καιρὸς,

126 765 489 833 ὑποδυόμενοι
540 763 665 826 τοὺς
697 759 941 830 ἀγῶνας.
980 758 1261 813 Ἐντεῦθεν
1305 756 1584 814 ἀνατέλλει
1622 757 1718 811 καὶ

126 863 156 913 ὀ
187 859 410 929 φαεινὸς
436 857 574 929 βίος,
607 857 666 923 ἐξ
695 855 848 926 ἡλίου
878 855 1032 926 ἥλιος
1052 869 1066 884 ⁸
1104 853 1337 924 ἐπείπερ
1365 853 1594 925 θάτερον
1624 853 1720 908 θα-

124 951 289 1021 τέρου
339 948 642 1020 μαρτύριον
695 948 724 999 6
776 943 1100 1014 άδελφόθεος
1148 943 1494 1015 ἀποδέδειχεν
1548 939 1710 998 εἶναι.

139 1042 420 1110 Ἀγαπᾶτε
447 1039 538 1094 τὸν
578 1038 712 1099 Θεὸν
759 1037 820 1102 ἐξ
860 1035 1159 1108 ὁλοκλήρου
1196 1035 1305 1088 τῶν
1338 1034 1508 1106 τριῶν
1553 1033 1717 1088 δυνά-

131 1149 302 1204 μεων,
361 1129 544 1194 καθὼς
575 1130 607 1199 ἡ
638 1127 827 1198 ἐντολὴ
861 1126 1099 1181 κελεύει.
1148 1126 1424 1193 Ἀγαπᾶτε
1458 1126 1554 1179 καὶ
1591 1125 1719 1179 ἑαυ-

127 1226 261 1288 τοὺς
296 1224 373 1286 ῶς
402 1221 541 1293 μέλη
564 1221 825 1292 Χριστοῦ.
885 1221 982 1272 Ἐν
1007 1219 1194 1282 τούτῳ
1220 1219 1350 1287 γὰρ,
1388 1219 1547 1289 φησι,
1571 1220 1723 1287 γνὼ-

129 1331 348 1371 σονται
375 1315 620 1382 πάντες,
651 1315 740 1368 ὅτι
786 1314 918 1384 ἐμοὶ
942 1313 1205 1384 μαθηταί
1236 1313 1402 1378 ἐστε,
1433 1311 1542 1366 ἐὰν
1572 1309 1721 1381 ἁγά-

131 1425 260 1478 amr
308 1409 483 1479 ἔχετε
536 1408 607 1462 ἐν
636 1407 956 1476 ἀλλήλοις.
1002 1404 1103 1458 Διά
1145 1404 1382 1468 πίστεως
1429 1402 1594 1473 ἀγετε
1631 1402 1724 1457 τὸν

131 1500 551 1570 καθηγούμενον
601 1499 794 1570 ὑμῶν·
847 1496 1038 1568 μηδεὶς
1098 1495 1241 1550 ἔστω
1297 1494 1725 1564 ἀνεξαγόρευτος

133 1591 287 1662 αὖτῷ
308 1607 325 1623 °
357 1595 386 1646 6
417 1591 526 1663 γὰρ
552 1590 794 1654 τοιοῦτος
821 1589 1166 1660 ὀφιοτρόφος.
1201 1588 1409 1658 Μηδεὶς
1436 1587 1724 1657 χλιαρόπι-

135 1701 262 1748 στος
283 1699 295 1713 ·
328 1686 358 1737 6
389 1684 501 1756 γάρ
526 1681 770 1745 τοιοῦτος
804 1681 1072 1752 ἀμέτοχος
1099 1681 1198 1749 τῆς
1236 1679 1330 1732 τοῦ
1363 1678 1521 1745 ἁγίου
1550 1675 1723 1731 Πνεύ-

139 1791 315 1846 ματος
342 1774 569 1839 ζέσεως.
602 1772 808 1842 Μηδεὶς
874 1771 1302 1842 κρυφιοκτήμων
1321 1785 1335 1799 ο
1359 1771 1386 1820 6
1414 1768 1524 1839 γὰρ
1549 1767 1726 1822 τοιοῦ-

135 1840 229 1927 τος
265 1840 703 1935 ’ίουδοκλέπτηςξ
719 1840 926 1933 Μηδεὶς
948 1840 1285 1932 ίδιόγνωμοςο
1313 1861 1340 1912 ὁ
1360 1860 1468 1930 γὰρ
1486 1857 1724 1922 τοιοῦτος
1756 1840 1801 1898 Β

137 1955 511 2028 ὲξωμόναχος.
545 1955 750 2024 Μηδεὶς
779 1953 1245 2026 παρῤησιοποιός·
1287 1953 1315 2007 6
1348 1953 1458 2030 γὰρ
1490 1951 1728 2015 τοιοῦτος

139 2048 547 2121 φθορεργάτης.
582 2046 791 2118 Μηδεὶς
829 2044 1204 2115 κλεψιφάγος⁶
1254 2046 1284 2099 6
1326 2045 1436 2114 γὰρ
1489 2043 1730 2107 τοιοῦτος

139 2141 480 2212 δουλόμοιος.
511 2141 719 2209 Μηδεὶς
745 2138 816 2192 ἐν
834 2137 1050 2208 μηδενὶ
1076 2137 1286 2204 διδοὺς
1325 2137 1692 2209 προσκοπήν
1713 2153 1726 2167 ·

140 2234 245 2288 ινα
272 2231 363 2302 μὴ
383 2229 637 2302 μωμηθῇ
665 2231 702 2299 ἡ
737 2229 1047 2296 διακονία,
1090 2229 1164 2293 ὡς
1195 2229 1293 2300 βοᾷ
1324 2231 1352 2282 ὁ
1388 2227 1728 2290 Ἀπόστολος’

144 2325 288 2380 ἀλλ’
320 2323 390 2376 ἐν
424 2322 606 2376 παντί
667 2320 983 2377 συνιστῶν
1015 2319 1237 2376 ἑαυτὸν
1264 2321 1344 2388 ὡς
1371 2319 1519 2375 Θεοῦ
1543 2317 1736 2372 διάκο-

139 2433 275 2480 νον,
301 2415 372 2468 ἐν
401 2413 679 2484 ὑπομονῇ
708 2413 912 2482 πολλῇ
936 2453 951 2478 ,
980 2414 1051 2468 ἐν
1079 2414 1384 2483 θλίψεσιν,
1425 2412 1495 2466 ἐν
1522 2428 1732 2466 στενο-

146 2510 423 2577 χωρίαις,
458 2508 553 2559 καὶ
584 2509 696 2568 τοῖς
730 2506 960 2572 λοιποῖς,
988 2500 1069 2570 οἷς
1097 2505 1259 2570 αὐτὸς
1284 2504 1731 2576 ἁπηριθμήσατο,

143 2596 500 2669 καταρτίζων
542 2597 632 2650 τὸν
667 2595 920 2667 ἀληθινὸν
963 2597 1312 2668 Χριστιανὸν.
1343 2597 1406 2648 El
1452 2596 1512 2649 δὲ
1551 2597 1580 2648 6
1632 2595 1736 2647 ὑπ-

143 2693 314 2763 ήκοος
357 2689 535 2753 οὕτως
558 2707 571 2719 ο
617 2689 671 2741 τί
697 2690 789 2743 καὶ
819 2690 985 2744 πόσον
1029 2692 1313 2750 ἀπαιτοῖτο
1336 2692 1364 2745 6
1388 2689 1736 2763 καθηγούμε-

145 2801 258 2848 νος,
289 2781 462 2845 τύπος
495 2779 697 2848 ἀγαθὸς
722 2774 796 2833 ὧν
835 2780 1080 2835 διδάσκει
1110 2780 1343 2850 ὀφείλων
1378 2781 1734 2850 προκεῖσθαι;

145 2875 342 2943 Μέγας
380 2875 409 2926 6
437 2871 621 2940 ἀγών·
667 2871 806 2926 ἀλλὰ
846 2873 939 2926 καὶ
984 2874 1013 2926 6
1063 2872 1249 2944 μισθὸς
1281 2871 1734 2942 ἁπειροπλὰσιος,

149 2963 408 3037 βασιλεία.
433 2962 702 3033 οὐρανῶν,
733 2957 801 3035 ἦς
830 2948 1194 3032 άξὶωθείημεν
1220 2964 1314 3015 καὶ
1343 2961 1605 3031 ἄρχοντες
1645 2967 1737 3014 καὶ

149 3056 475 3128 ἀρχόμενοι,
525 3053 686 3117 θείως
715 3054 1052 3126 βιοτεύοντες
1100 3055 1158 3106 ὲν
1189 3052 1412 3123 Χριστῴ
1448 3053 1623 3120 Ἰησοῦ
1660 3053 1738 3122 τῷ

149 3149 344 3220 Κυρίῳ
375 3140 633 3220 ήμῶν.ᾯ
661 3149 695 3220 ἡ
722 3147 851 3214 δόξα
886 3146 1064 3200 καὶτὸ
1093 3145 1296 3216 κράτος
1324 3146 1421 3198 σὺν
1450 3145 1529 3215 τῷ
1560 3146 1738 3215 Ilath

151 3242 244 3293 καὶ
289 3239 372 3311 τῷ
427 3240 571 3311 άγίῳ
611 3238 915 3310 Πνεύματι,
949 3237 1045 3292 νῦν
1086 3239 1182 3293 καὶ
1224 3237 1334 3306 ἀεὶ,
1371 3236 1465 3290 καὶ
1490 3238 1569 3299 εἰς
1613 3238 1736 3303 τοὺς

152 3331 359 3396 αἰῶνας
395 3330 507 3385 τῶν
538 3331 773 3385 αἰώνων.
816 3331 1011 3400 ’Δμήν.

293 3444 450 3501 PNZ'
482 3445 616 3517 (49).
643 3443 1011 3509 -Ὰντωνίφ
1036 3442 1115 3510 τῷ
1149 3443 1505 3515 Δυρῤαχιου.
1531 3441 1734 3515 [mon]

1821 573 1916 628 sed
1960 586 2065 642 pro
2111 571 2215 627 hac
2246 571 2354 627 tlde
2399 571 2703 627 certamina
2743 586 2919 641 usque
2965 569 3033 625 ad
3055 567 3401 642 sanguinem,

1820 664 1867 721 si
1921 680 2012 720 res
2062 665 2264 736 exigat,
2311 676 2419 718 n0n
2469 663 2819 734 refugientes.
2876 662 3019 718 Hinc
3061 663 3311 718 exoritur
3347 671 3404 719 et

1819 755 2002 811 lucida
2034 755 2168 822 vita,
2195 771 2260 810 ex
2297 756 2410 811 sole
2450 755 2573 822 sol;
2625 756 2858 810 alterum
2889 753 3159 826 siquidem
3177 753 3406 811 alterius

1823 849 2086 904 indicium
2125 862 2247 904 esse
2279 848 2448 904 frater
2483 848 2697 903 Domini
2747 847 3126 917 comprobavit
3155 849 3223 903 ¹³.
3267 845 3406 902 Dili-

1823 942 1932 1011 gite
1971 942 2138 996 Deum
2179 956 2246 997 ex
2285 941 2414 998 totis
2440 941 2617 998 tribus
2669 940 3018 996 facultatibus
3050 940 3408 1012 quemadmo-

1823 1037 1954 1092 dum
2006 1035 2252 1107 praacipit
2290 1035 2610 1091 mandatum
2643 1035 2708 1090 “.
2747 1034 2963 1107 Diligite
2995 1043 3051 1090 et
3113 1049 3208 1089 vos
3255 1034 3408 1104 ipsos

1824 1127 1977 1183 velut
2014 1126 2259 1183 membra
2282 1125 2509 1182 Christi.
2556 1125 2622 1180 In
2654 1126 2751 1180 hoc
2776 1127 2938 1191 enim,
2970 1125 3066 1190 ait,
3097 1135 3408 1196 cognoscent

1827 1236 2026 1287 omnes,
2077 1220 2205 1290 quia
2259 1219 2512 1287 discipuli
2561 1220 2665 1274 mei
2720 1221 2846 1274 estis
2873 1220 2920 1273 si
2952 1219 3409 1274 dilectionemha-

1826 1313 2043 1367 bueritis
2088 1313 2157 1366 ad
2219 1313 2443 1366 inuicem
2476 1312 2540 1365 ι’.
2585 1310 2770 1366 Fidem
2812 1312 3012 1366 habete
3051 1309 3352 1381 praeposito
3390 1327 3405 1365 :

1830 1419 1992 1459 nemo
2040 1403 2113 1460 sit
2143 1403 2238 1474 qui
2289 1417 2349 1458 se
2378 1402 2456 1457 illi
2506 1416 2617 1457 non
2677 1403 2930 1472 aperiat:
2964 1403 3057 1473 qui
3087 1401 3238 1458 enim
3283 1401 3408 1456 talis

1829 1507 1913 1554 est
1945 1505 2254 1567 serpentem
2275 1497 2464 1550 nutrit.
2493 1493 2686 1551 Nullus
2713 1495 2945 1564 tepidam
2990 1493 3148 1549 ﬁdem
3177 1493 3406 1549 haheat:

1829 1592 1922 1662 qui
1958 1591 2102 1646 enim
2136 1590 2262 1644 talis
2301 1597 2404 1652 est,
2428 1589 2474 1642 is
2519 1587 2756 1658 Spiritus
2785 1588 2960 1644 sancti
3001 1586 3270 1643 fervorem
3302 1602 3410 1642 nou

1830 1682 2137 1753 participat.
2184 1680 2378 1736 Nullus
2416 1680 2557 1736 clam
2612 1682 2752 1736 bona
2782 1681 3064 1751 possideat
3099 1698 3113 1735 :
3144 1679 3238 1751 qui
3266 1678 3410 1734 enim

1832 1772 1958 1827 talis
1995 1781 2100 1833 est,
2130 1771 2384 1827 occultus
2419 1780 2505 1826 est
2547 1769 2740 1827 ludas.
2769 1770 2962 1826 Nullus
2990 1770 3227 1840 propriae
3251 1776 3413 1824 tenax

1833 1862 2117 1917 sententiae
2147 1863 2223 1917 sit
2249 1879 2264 1916 :
2289 1861 2382 1932 qui
2408 1863 2554 1918 enim
2596 1863 2720 1916 talis
2747 1872 2852 1926 est,
2901 1871 3056 1917 extra
3083 1859 3414 1916 monachum

1829 1961 1935 2007 est.
1960 1949 2176 2007 Nullius
2209 1966 2392 2007 sermo
2417 1951 2490 2008 sit
2525 1951 2774 2006 licentior
2807 1968 2821 2016 ;
2859 1950 2952 2020 qui
2983 1949 3130 2006 enim
3165 1948 3290 2004 talis
3308 1957 3414 2014 est,

1834 2043 2133 2114 perniciem
2179 2050 2459 2113 operatur.
2501 2040 2696 2097 Nullus
2738 2041 2924 2096 furtim
2984 2041 3238 2096 comedat
3273 2057 3289 2107 ;
3322 2041 3418 2112 qui

1831 2137 1976 2193 enim
2012 2135 2134 2190 talis
2177 2143 2282 2199 est,
2319 2149 2538 2189 servum
2589 2134 2857 2189 imitatur.
2902 2130 3098 2189 Nullus
3125 2133 3183 2187 in
3220 2131 3335 2186 ulla
3363 2148 3420 2188 re

1831 2227 1918 2282 det
1940 2227 2278 2296 oﬁ‘ertsionem
2305 2266 2320 2290 ,
2376 2233 2436 2279 ut
2500 2241 2606 2279 nou
2657 2227 2982 2297 vituperetur
3013 2224 3371 2279 ministerium
3401 2263 3417 2288 ,

1834 2320 1978 2374 sicut
2032 2317 2233 2373 clamat
2285 2318 2632 2387 Apostolus;
2689 2318 2778 2372 sed
2813 2318 2868 2371 in
2893 2317 3134 2372 omnibus
3177 2317 3421 2372 exhibeat

1833 2413 2063 2480 seipsum
2087 2412 2226 2465 sicut
2254 2409 2353 2465 Dei
2382 2411 2707 2474 ministrum,
2741 2412 2795 2465 in
2839 2415 3007 2466 multa
3061 2411 3343 2480 patientia,
3364 2411 3423 2466 in

1838 2503 2293 2572 tribulationibus,
2351 2504 2410 2558 in
2464 2504 2728 2574 angustiis
2764 2505 2829 2570 ¹⁶,
2873 2512 2928 2560 et
2979 2505 3228 2576 reliquis,
3299 2520 3424 2576 quae

1837 2597 1982 2652 idem
2013 2605 2283 2664 recenset,
2313 2598 2604 2668 perliciens
2625 2614 2814 2653 verum
2839 2598 3239 2654 Christianum.
3265 2598 3426 2667 Quod

1837 2689 1884 2746 si
1922 2690 2036 2745 haec
2075 2704 2106 2742 a
2138 2691 2358 2746 subdito
2385 2731 2400 2756 ,
2452 2691 2651 2761 ecquid
2700 2701 2756 2746 et
2799 2702 3066 2762 quantum
3111 2693 3426 2763 requiratur

1837 2797 1871 2838 a
1927 2781 2242 2852 praeposito,
2283 2784 2377 2852 qui
2428 2783 2498 2839 iis
2523 2797 2664 2853 quos
2686 2783 2862 2852 docet,
2906 2793 3166 2854 tanquam
3209 2784 3425 2857 egregia

1839 2869 2016 2925 forma
2066 2872 2298 2940 proponi
2340 2871 2498 2928 debet
2530 2874 2553 2926 ?
2598 2874 2853 2943 Magnum
2886 2882 3161 2928 certamen
3197 2874 3336 2928 :sed
3369 2881 3428 2930 et

1839 2977 2052 3018 merces
2085 2963 2321 3028 infinita,
2364 2979 2592 3036 regnum
2629 2966 2897 3021 cmlorum
2929 2983 2945 3033 ;
2977 2981 3088 3037 quo
3123 2967 3336 3022 utinam
3369 2977 3427 3023 et

1842 3055 2099 3124 praesides
2131 3065 2185 3110 et
2239 3055 2441 3111 subditi
2490 3056 2779 3124 donemur,
2834 3057 2948 3112 Deo
2983 3058 3146 3128 digne
3176 3059 3425 3116 viventes

1765 3177 1809 3234 υ
1841 3147 1894 3201 in
1913 3146 2132 3202 Christo
2164 3145 2289 3201 Jesu
2319 3146 2552 3202 Domino
2594 3159 2803 3215 nostro,
2832 3148 2923 3204 cui
2953 3150 3131 3221 gloria
3162 3159 3217 3207 et
3257 3152 3427 3222 impe-

1846 3239 1990 3292 rium
2026 3254 2153 3292 cum
2199 3237 2358 3293 Patre
2388 3247 2444 3293 et
2472 3249 2663 3295 sancto
2693 3240 2902 3311 Spiritu
2939 3257 3088 3298 nunc
3114 3251 3170 3298 et
3188 3256 3423 3314 semper,

1845 3339 1901 3384 et
1929 3330 1982 3383 in
2010 3330 2208 3385 saecula
2240 3332 2591 3390 saeculorum.
2629 3333 2826 3388 Amen.
2862 3368 2876 3382 .

2121 3444 2323 3501 CLVII.
2353 3477 2426 3487 —
2453 3451 2685 3504 Antonio
2712 3449 3034 3521 Dyrrhachii

1271 3563 1348 3614 De
1379 3561 1622 3626 baptismo
1641 3560 1727 3623 qui
1763 3561 1817 3612 ﬁt
1842 3574 1906 3612 ex
1937 3562 2258 3616 necessitate.

241 3673 373 3745 Ὀψὲ
410 3671 510 3744 μὲν
537 3669 632 3724 τοῦ
659 3668 879 3740 καιροῦ,
925 3670 1078 3740 ὅμως
1108 3670 1190 3724 ὄτι
1219 3669 1597 3742 κατελάϐομεν
1635 3669 1739 3723 τῶν

157 3768 332 3823 πάλαι
360 3761 768 3835 γεγραμμένων
788 3761 1077 3831 επιστολὴν
1103 3761 1294 3832 τιμίαν
1316 3761 1410 3815 τοῦ
1439 3759 1743 3829 ἀγιωτάτου

157 3859 318 3933 ἡμῶν
351 3857 592 3927 Πατρὸς,
621 3854 764 3910 πάνυ
789 3853 1039 3927 ἥσθημεν
1068 3854 1117 3907 οί
1148 3852 1414 3906 ταπεινοί·
1447 3853 1603 3906 οὐδὲν
1632 3851 1743 3922 γὰρ

159 3955 335 4018 οὕτως
371 3953 583 4007 συνδεῖν
615 3948 757 4005 οἶδεν
804 3952 1027 4020 ἀγάπην
1056 3951 1151 4005 καὶ
1179 3949 1604 4004 ἀδιασκέδαστον
1637 3966 1742 4017 (ρυ-

161 4046 381 4100 λάττειν
401 4082 417 4109 ,
446 4043 522 4107 ὡς
550 4042 930 4112 ἀντιδιδομένη
964 4041 1228 4105 διάθεσις.
1269 4040 1436 4094 Ἀλλά
1457 4039 1509 4092 τί
1538 4042 1620 4093 ὅτι
1646 4038 1738 4094 οὒ-

158 4157 289 4205 τως,
318 4133 363 4192 ὦ
410 4136 670 4200 δέσποτα,
716 4131 850 4208 ἦρες
886 4136 962 4206 τῷ
1011 4133 1434 4204 ἐγκωμιαστικῷ
1465 4132 1608 4204 λόγῳ
1645 4135 1744 4204 τῆς

160 4233 475 4302 πολυσὸφου
524 4248 617 4284 σου
675 4229 961 4301 γλώττης,
989 4229 1059 4282 τὰ
1093 4227 1214 4280 καθ’
1261 4229 1411 4299 ἡμᾶς
1458 4227 1584 4290 τοὺς
1618 4225 1742 4297 μηδ’

159 4323 343 4378 ὁτιοῦν
370 4321 576 4391 ἀγαθὸν
619 4319 879 4390 ἔχονταςς
918 4320 988 4372 Ἢ
1043 4317 1260 4381 πάντως
1291 4319 1324 4388 ἡ
1355 4317 1546 4387 ἀγάπη
1576 4317 1747 4396 αἰτία,

162 4415 478 4470 κλέπτουσα
508 4413 556 4464 τ’
603 4411 778 4481 ἀληθῆ
804 4450 819 4474 ,
850 4412 944 4463 καὶ
975 4410 1045 4464 τὰ
1095 4410 1170 4481 μὴ
1202 4409 1335 4463 ὄντα
1365 4409 1440 4472 ὡς
1470 4408 1600 4462 ὅντα
1637 4411 1750 4470 τοῖς

1925 3669 2060 3726 Sero
2102 3672 2345 3741 quidem,
2393 3675 2522 3745 quia
2552 3683 2733 3730 tamen
2777 3675 2986 3731 dudum
3010 3676 3272 3748 scriptam
3303 3694 3432 3736 san-

1850 3765 2084 3819 ctissimi
2125 3765 2305 3821 Patris
2350 3766 2525 3823 nostri
2572 3768 2860 3838 epistolam
2908 3770 3246 3842 accepimus,
3273 3772 3433 3830 valde

1851 3873 1952 3912 nos
1981 3858 2213 3914 humiles
2243 3860 2416 3930 gavisi
2483 3876 2695 3918 sumus.
2739 3860 2886 3918 Nihil
2911 3863 3057 3920 enim
3083 3865 3221 3921 adeo
3246 3865 3434 3923 chari-

1851 3957 2016 4002 tatem
2046 3950 2322 4022 colligare,
2354 3953 2904 4024 indissolubilemque
2932 3971 3154 4013 servare
3176 3959 3338 4024 solet,
3365 3974 3433 4017 ac

1849 4041 2130 4111 reciproca
2154 4045 2610 4101 communicatio.
2639 4045 2746 4102 Sed
2775 4048 2909 4118 quid
2938 4049 3017 4105 ita
3042 4065 3164 4117 nos,
3186 4050 3431 4118 domine,

1850 4133 1943 4205 qui
1965 4135 2194 4191 omnino
2221 4136 2358 4192 nihil
2382 4137 2512 4192 boni
2537 4137 2828 4207 habemus,
2849 4143 3259 4201 encomiasticis
3285 4146 3434 4216 peri—

1851 4228 2076 4283 tissimte
2104 4229 2304 4300 linguae
2337 4238 2444 4286 tute
2485 4232 2669 4288 verbis
2713 4233 3001 4289 extulisti?
3033 4235 3118 4291 An
3156 4251 3324 4295 causa
3348 4249 3435 4297 est

1855 4334 2083 4389 prorsus
2143 4321 2408 4392 charitas,
2466 4338 2595 4380 vera
2637 4325 3012 4396 supprimens,
3059 4338 3113 4383 et
3152 4344 3275 4400 quae
3320 4346 3433 4387 nou

1855 4421 2007 4478 sunt,
2056 4426 2122 4468 ac
2166 4413 2214 4468 si
2256 4423 2463 4484 essent,
2512 4415 2705 4472 amicis
2763 4416 3079 4487 adaptans?
3115 4419 3237 4477 Nisi
3285 4422 3436 4493 quod

161 4507 516 4578 φιλουμένοις
572 4506 934 4567 ἀνάπτουσα;
989 4502 1137 4573 Πλὴν
1187 4503 1268 4555 ὅτι
1321 4504 1380 4555 ἐν
1426 4518 1600 4571 τουτῳ
1652 4501 1737 4552 καλ

1857 4503 2122 4560 habemus
2175 4519 2228 4562 et
2258 4522 2360 4562 nos
2392 4508 2538 4564 istud
2569 4519 2718 4564 certe
2754 4509 3091 4580 (dicendum
3122 4523 3210 4568 est
3238 4515 3432 4586 enim)

160 4601 324 4670 ἡμεῖς
359 4600 559 4669 ἔχομεν
591 4592 1069 4668 (είρήσεταιγάρ),
1099 4594 1148 4644 εί
1183 4594 1256 4662 μὴ
1290 4591 1658 4662 ἀπατώμεθα,
1688 4592 1749 4645 τὸ

163 4693 423 4763 στέργειν
465 4692 560 4744 καὶ
606 4691 832 4761 ἀγαπᾷν
859 4689 989 4751 τοὺς
1034 4685 1295 4754 ἀδελφοὺς
1333 4687 1429 4738 καὶ
1475 4685 1745 4756 Πατέρας,

162 4786 256 4838 καί
281 4802 346 4852 γε
377 4786 504 4847 τοὺς
553 4778 666 4849 οἷος
715 4785 780 4839 σὺ
829 4779 910 4848 εἴ,
943 4781 1118 4837 ἕλκων
1163 4783 1226 4852 τῇ
1278 4779 1606 4851 χρηστότητι
1642 4777 1749 4833 τῶν

163 4876 388 4944 ἀγαθῶν
440 4875 660 4947 τρόπων
718 4874 854 4944 πρὸς
902 4873 1090 4942 φιλίαν
1132 4872 1227 4924 καὶ
1271 4871 1363 4924 τὸν
1408 4868 1752 4940 ἠγριωμένον

163 4969 307 5040 ήθει.
342 4968 535 5022 Ταῦτα
567 4967 666 5039 μὲν
703 4962 797 5020 οὖν
827 4968 960 5037 παρ’
987 4964 1318 5035 ἀμφοτέρων
1343 4963 1499 5034 ἡμῶν
1533 4965 1599 5032 τῇ
1629 4963 1752 5032 ἱερᾷ

166 5079 260 5116 σου
313 5063 532 5132 κορυφῇ
585 5059 812 5130 βραχέσι
861 5057 1154 5119 συλλαϐαῖς
1203 5055 1596 5127 ἀμειψαμένων
1650 5055 1750 5123 τὴν

166 5155 498 5223 πολύστιχον
549 5152 646 5204 καὶ
709 5149 1009 5204 πολύολδον
1059 5148 1366 5218 ἐπιστολήν.
1406 5149 1474 5201 Ἀ
1512 5147 1567 5200 δὲ
1615 5146 1751 5218 πρὸς

166 5245 325 5314 ἡμῶν
356 5247 440 5307 είς
471 5241 772 5310 ἀπολογίαν
800 5243 899 5311 τῆς
930 5239 1064 5311 περὶ
1098 5239 1190 5290 τὸν
1221 5238 1450 5307 ἀδελφὸν
1490 5238 1759 5308 Ἔραστον

167 5339 507 5408 ἑγκλήσεως,
560 5337 618 5386 ὲν
673 5334 911 5397 τούτοις.
958 5332 1177 5402 Ἡμεῖς,
1231 5330 1513 5401 ἱερώτατε,
1557 5332 1606 5382 εἰ
1665 5330 1761 5381 καὶ

166 5429 341 5493 άλλως
371 5427 614 5486 εὐτελεῖς
665 5426 852 5496 ἐσμεν,
907 5426 972 5479 οὐ
1028 5422 1137 5494 μὴν
1189 5421 1362 5486 οὕτως
1410 5419 1678 5492 ἀμαθεῖς,
1722 5420 1755 5491 ἢ

238 5565 284 5598 ⁸³
315 5565 436 5621 Jac.
475 5579 538 5626 tt,
571 5561 661 5617 l8.
738 5563 783 5595 “
812 5561 1002 5620 Matth.
1057 5573 1170 5616 xxn
1220 5559 1312 5615 27.
1393 5559 1434 5590 ³³
1463 5555 1622 5614 Joan.
1651 5572 1746 5623 xu,
1785 5557 1873 5613 55.

1850 4596 2018 4665 quod,
2053 4598 2098 4654 si
2152 4615 2264 4656 non
2311 4601 2569 4667 fallimur,
2613 4602 2807 4657 fratres
2845 4612 3133 4672 patresque
3183 4621 3436 4666 amamus

1849 4697 1904 4742 et
1956 4689 2257 4760 diligimus,
2313 4708 2409 4747 eos
2463 4696 2766 4762 prmsertim
2817 4697 2911 4766 qui
2942 4684 3153 4754 similes
3179 4709 3307 4756 sunt
3335 4701 3435 4767 tui,

1852 4781 1943 4849 qui
2000 4783 2213 4854 egregia
2268 4799 2486 4840 morum
2535 4787 2806 4856 probitate
2857 4789 2910 4842 in
2963 4805 3206 4845 amorem
3250 4791 3438 4849 trahas

1857 4873 2022 4926 etiam
2074 4877 2305 4944 agrestis
2356 4877 2562 4949 ingenii
2629 4879 2927 4936 hominem.
2981 4883 3159 4952 Atque
3202 4884 3317 4940 haec
3370 4885 3441 4941 de

1862 4974 2093 5035 utroque
2120 4979 2394 5033 nostrum,
2429 4985 2590 5025 sacro
2622 4971 2810 5026 vertici
2856 4981 2952 5027 tuo
2981 4989 3176 5043 pauca,
3209 4975 3276 5029 ad
3306 4990 3437 5046 pro-

1859 5056 2025 5111 lixam
2053 5065 2109 5110 et
2149 5058 2471 5130 locupletem
2506 5064 2792 5133 epistolam
2835 5064 3069 5121 breviter
3101 5068 3439 5137 responden-

1859 5159 1959 5202 tes.
2009 5147 2142 5214 ρυλε
2193 5164 2324 5207 vero
2372 5152 2442 5208 ad
2481 5154 2667 5211 fratris
2694 5155 2893 5221 Erasti,
2950 5172 3113 5228 quem
3155 5169 3441 5228 accusant,

1858 5238 2234 5295 defensionem
2283 5243 2576 5308 habemus,
2624 5248 2741 5302 haac
2778 5255 2929 5304 sunt.
2977 5247 3109 5316 Nos,
3140 5251 3224 5304 vir
3252 5265 3444 5306 sacra-

1861 5330 2092 5395 tissime,
2133 5334 2237 5387 etsi
2296 5335 2430 5390 viles
2466 5338 2670 5409 alioqui
2703 5355 2914 5408 sumus,
2946 5356 3057 5396 non
3093 5350 3276 5396 tamen
3302 5339 3441 5396 adeo

1860 5425 2119 5495 imperiti,
2151 5437 2246 5482 aut
2294 5429 2601 5486 divinarum
2663 5432 3118 5489 constitutionum
3195 5440 3443 5488 contem-

1955 5562 1997 5592 ¹⁵
2030 5564 2044 5615 Ι
2081 5563 2205 5618 Cor.
2240 5580 2312 5630 vr,
2345 5564 2399 5628 5,
2434 5565 2486 5620 ιι.

1685 5675 1912 5733 NOTAE.

240 5799 356 5872 (19)
388 5799 448 5855 lu
474 5795 602 5854 cod.
649 5795 776 5867 lleg.
811 5799 929 5870 ριθ’.

1905 5791 1977 5862 (⁸)
2013 5792 2324 5865 Dogmatica
