3964 6320
532 317 664 384 1491

1719 319 1780 378 S.
1819 314 2212 378 THEODORI
2255 316 2598 379 STUDITIE

3711 322 3847 387 ΜΩ

526 441 735 501 ptores,
791 433 853 481 ut
903 425 1177 498 discipulo
1238 435 1455 494 nostro,
1520 434 1677 482 extra
1742 427 2143 491 sacerdotium,

2250 426 2325 479 ὢν
2353 426 2513 479 θείων
2542 425 2816 495 διαταγῶν
2862 429 3274 498 καταφρονηταὶ
3306 471 3321 494 ,
3353 429 3433 491 ὡς
3467 428 3845 485 ἐντείλασθαι

528 517 848 580 constituto,
907 518 1331 588 praeciperemus
1375 526 1439 573 ut
1466 534 1589 588 quae
1635 518 1941 573 sacerdotis
1968 528 2117 584 sunt,

532 610 751 680 aggredi
774 609 1025 674 auderet,
1048 626 1113 667 ac
1135 611 1365 681 proinde
1393 612 1650 680 parvulos
1671 612 1971 681 baptizare.
1996 610 2122 666 Haec

532 704 679 757 enim
701 714 785 759 est
815 707 1119 760 accusatio.
1165 704 1323 771 Quod
1374 705 1422 759 si
1473 705 1822 760 necessitatis
1882 707 2021 759 ratio
2067 704 2121 759 id

533 794 785 867 exigebat
825 797 894 852 iis
944 796 1162 861 diebus,
1204 798 1260 852 in
1310 798 1514 867 quibus
1583 798 1811 853 hzeresis
1857 798 2122 867 populum

536 887 804 944 seducens
853 888 1210 959 grassabatur
1256 906 1271 953 ;
1325 892 1675 959 maximeque
1734 890 1789 943 in
1834 890 2123 959 praeteritis

535 980 1057 1050 depraadationibus,
1088 982 1307 1052 quando
1333 983 1383 1039 ei
1414 983 1509 1053 qni
1557 984 1662 1038 sibi
1694 992 1913 1038 cautum
1944 983 2122 1047 vellet,

537 1087 642 1127 nec
671 1082 823 1127 extra
859 1073 1210 1128 domunculae
1262 1074 1500 1130 latebras
1533 1076 1850 1144 prospicere
1878 1074 2078 1129 licebat
2106 1092 2122 1140 ;

538 1178 651 1218 non
684 1177 930 1233 possum,
963 1178 1063 1235 pro
1109 1167 1307 1235 exigua
1354 1180 1475 1221 mea
1528 1166 1910 1237 intelligentia,
1949 1181 2127 1237 neque

541 1254 689 1309 hunc
722 1255 1076 1322 monachum,
1109 1270 1287 1327 neque
1312 1258 1481 1312 alium
1525 1258 1790 1313 damnare
1823 1276 1838 1325 ;
1873 1260 2125 1328 quando-

542 1348 765 1418 quidem
794 1363 863 1403 ex
914 1349 1264 1415 necessitate,
1306 1350 1440 1421 legis
1499 1366 1718 1420 quoque
1768 1353 2021 1407 mutatio.
2058 1353 2130 1406 Et

542 1439 764 1508 quidem
811 1439 1008 1510 priscis
1060 1441 1401 1509 temporibus
1449 1442 1577 1496 talia
1628 1442 1768 1497 facta
1798 1443 2073 1498 cernimus
2111 1461 2127 1510 ;

544 1541 710 1601 atque
740 1532 888 1586 hunc
916 1546 1080 1587 arena
1130 1532 1331 1597 infusa,
1370 1532 1424 1587 in
1449 1534 1689 1599 deserto,
1717 1549 1783 1589 eo
1813 1535 1956 1605 quod
1984 1550 2130 1590 mors

546 1623 797 1687 instaret,
836 1622 1143 1693 baptizasse
1172 1634 1226 1679 et
1284 1624 1619 1693 baptizatum
1651 1639 1792 1689 esse,
1852 1635 1906 1681 et
1961 1626 2130 1680 alium

546 1716 705 1771 aliter
740 1733 754 1771 :
785 1731 886 1771 nec
914 1731 1043 1771 vero
1077 1716 1469 1787 perfectionem
1515 1727 1662 1771 tuam
1691 1717 1880 1785 latent,
1912 1733 2035 1788 quae
2063 1718 2131 1773 ad

548 1814 803 1860 sanctum
860 1815 1105 1876 spectant
1169 1806 1556 1862 Athanasium.
1614 1810 1865 1863 Attamen
1909 1808 2135 1879 puerilis

550 1897 695 1952 actio
740 1913 773 1952 a
822 1898 1139 1953 beatissimo
1174 1897 1487 1953 Alexandro
1542 1909 1859 1968 conspecta,
1916 1909 2134 1970 recepta

550 1997 635 2045 est
661 1999 923 2061 tanquam
953 1990 1216 2045 divinitus
1244 1992 1382 2046 facta
1415 2007 1429 2045 :
1466 1999 1521 2045 et
1561 1994 1655 2061 qui
1683 1993 1938 2059 initiavit,
1982 1993 2136 2049 habi-

554 2093 643 2137 tus
671 2097 771 2153 pro
794 2084 1078 2138 sacerdote
1106 2099 1121 2149 ;
1154 2091 1208 2137 et
1237 2083 1331 2153 qui
1354 2083 1620 2148 initiatus,
1668 2100 1765 2153 pro
1796 2096 2135 2155 regenerato,

550 2189 868 2245 quanquam
900 2175 1042 2229 nulla
1081 2185 1208 2231 tunc
1249 2185 1370 2232 erat
1415 2179 1738 2232 necessitas.
1778 2175 1883 2231 Sed
1907 2188 1961 2231 et
1984 2187 2137 2233 sexta

554 2266 798 2337 synodus
830 2266 885 2320 in
924 2266 1125 2322 divinis
1158 2267 1463 2323 canonibus
1488 2268 1753 2338 permittit
1784 2268 1848 2331 ",
1879 2280 1940 2323 ut
1967 2269 2139 2324 laicus

554 2375 622 2415 ex
651 2362 1001 2424 necessitate,
1034 2360 1082 2416 si
1120 2375 1230 2415 non
1260 2361 1404 2415 adsit
1429 2360 1709 2426 sacerdos,
1747 2362 1851 2416 sibi
1883 2363 1986 2429 ipsi
2015 2378 2140 2432 por-

556 2453 696 2523 rigat
744 2464 1133 2509 sacramenta:
1176 2453 1323 2522 quod
1391 2453 1612 2524 quidem
1666 2455 1803 2509 citra
1860 2466 2140 2525 urgentem

555 2546 827 2603 rationem
855 2562 964 2601 non
1000 2554 1085 2601 est
1112 2547 1509 2615 recipiendum.

626 2638 809 2709 Quare
864 2639 912 2694 si
960 2639 1065 2695 hoc
1114 2642 1274 2695 modo
1320 2655 1409 2696 res
1452 2651 1602 2712 gesta
1631 2650 1762 2707 est;
1799 2643 2037 2713 ignosce,
2061 2643 2144 2697 vir

559 2732 1009 2798 honoratissime,
1066 2749 1177 2787 non
1228 2734 1497 2788 audemus
1541 2745 1733 2803 praeter
1760 2750 1823 2789 ea
1855 2751 1977 2805 qua:
2006 2735 2144 2790 divi-

557 2827 710 2879 nitus
743 2839 772 2877 a
806 2823 1062 2880 Patrihus
1103 2832 1403 2879 monstrata
1447 2835 1595 2891 sunt,
1633 2827 1813 2882 dicere
1843 2828 2140 2898 quidquam

558 2922 655 2968 aut
703 2914 1123 2982 reprehendere.
1171 2913 1509 2983 Comprobat
1552 2926 1734 2970 autem
1795 2916 2013 2972 fratrem
2064 2920 2147 2974 sic

559 3006 779 3072 fecisse,
831 3007 995 3077 idque
1047 3022 1249 3077 magno
1292 3024 1417 3061 cum
1444 3009 1613 3062 animi
1648 3024 1872 3079 angore,
1909 3014 2143 3080 primum

2226 518 2444 590 μαθητῇ
2491 504 2649 588 ημῶν
2682 518 2787 585 ἔξω
2824 520 3123 591 ἱερωσύνης
3152 521 3424 589 τελοῦντι,
3459 524 3847 596 κατα-τολμᾷν

2223 613 2495 682 ἐγχειρεῖν
2526 612 2597 666 τὰ
2636 613 2734 682 τῆς
2785 612 3119 684 ἱερωσύνης,
3172 614 3483 670 κάντεῦθεν
3534 616 3847 687 βαπτίζειν

2224 703 2415 757 παιδία
2433 718 2447 733 ·
2476 703 2633 757 τοῦτο
2660 704 2771 774 γὰρ
2811 705 2874 757 τὸ
2901 703 3171 776 ἔγκλημα.
3204 707 3269 760 Εί
3297 706 3358 761 δὲ
3387 709 3415 761 ό
3452 706 3637 776 λόγος
3670 710 3849 774 ἀνάγ-

2225 814 2330 867 κης
2371 797 2653 867 ἀπῄτησεν
2692 799 2753 852 ἐν
2789 798 3018 861 ταύταις
3050 802 3171 862 ταῖς
3215 800 3491 869 ἡμέραις,
3534 802 3603 853 ἑν
3636 795 3737 863 αἷς
3763 801 3846 853 αἰ-

2228 907 2379 960 ρεσις
2407 890 2728 955 λαοπλάνος,
2758 891 2849 944 καὶ
2892 891 3131 962 μάλιστα
3164 894 3222 945 ἐν
3252 896 3376 956 ταῖς
3406 893 3847 964 προλαόούσαις

2226 981 2564 1052 λεηλασίαις,
2598 983 2685 1051 ἐφ’
2720 979 2810 1046 αἷς
2851 984 2972 1037 οὐδὲ
3003 985 3342 1054 προκύπτειν
3375 981 3449 1055 ἦν
3484 986 3598 1042 τὸν,
3628 987 3846 1054 φυλατ-

2225 1070 2455 1140 τόμενον
2479 1070 2576 1124 τοῦ
2623 1072 2927 1143 κρυπτικοῦ
2957 1072 3234 1142 δωματίου
3259 1091 3273 1105 υ
3305 1075 3411 1128 οὐκ
3438 1073 3561 1144 ἔχω
3592 1076 3847 1142 ἀποκρί-

2229 1181 2361 1229 νειν,
2412 1165 2554 1219 κατά
2586 1165 2684 1234 τὴν
2719 1166 2950 1219 ἐνοῦσάν
2988 1182 3080 1236 μοι
3116 1166 3380 1237 βραχεῖαν
3407 1166 3678 1234 σύνεσιν,
3720 1166 3847 1220 οὔτε

2228 1257 2378 1311 τόνδε
2421 1257 2514 1311 τὸν
2567 1257 2869 1328 μονάζοντα
2893 1298 2909 1322 ,
2957 1256 3069 1311 οὒτ’
3120 1259 3190 1312 αὖ
3234 1259 3465 1330 ἕτερον·
3522 1257 3737 1329 ἐπειδὴ
3790 1257 3851 1323 ἐξ

2229 1350 2477 1421 ἀνάγκης
2512 1350 2609 1404 καὶ
2638 1350 2807 1420 νόμου
2836 1350 3147 1420 μετάθεσις.
3170 1351 3345 1419 Καίγε
3375 1350 3617 1422 ὁρῶμεν
3646 1352 3712 1403 ἐν
3733 1354 3848 1413 τοῖς

2233 1443 2401 1497 πάλαι
2427 1444 2642 1514 χρόνοις
2674 1443 2899 1497 τοιαῦτα
2926 1445 3255 1511 γιγνόμενα·
3280 1444 3377 1497 καὶ
3403 1443 3466 1496 ὃν
3497 1445 3610 1512 μέν
3646 1444 3848 1512 ἀμμώ-

2231 1534 2312 1588 δει
2358 1534 2612 1605 ἐπιχύτει
2645 1534 2768 1589 κατ’
2808 1536 3068 1606 ἐρημίαν⁹
3105 1535 3292 1607 ἐπειδὴ
3329 1535 3578 1598 θάνατος
3626 1535 3841 1607 παρῆν,

2237 1628 2579 1699 βαπτίσαντα
2610 1629 2704 1682 καὶ
2735 1627 3121 1698 βαπτισθέντα,
3156 1629 3247 1681 καὶ
3279 1628 3441 1683 ἄλλον
3471 1627 3705 1693 ἄλλως·
3747 1629 3847 1683 οὐκ

2236 1723 2341 1788 ἔξω
2362 1724 2419 1776 δὲ
2441 1722 2700 1791 γνώσεως
2726 1725 2794 1793 τῇ
2815 1722 3119 1792 τελειότητι
3154 1740 3249 1775 σου
3273 1723 3344 1777 τὰ
3371 1721 3524 1775 κατά
3545 1723 3653 1777 τὸν
3684 1724 3845 1790 ἄτιον

2250 1816 2592 1871 Ἀθανάσιον.
2611 1816 2802 1885 Ὅμως
2828 1817 2863 1885 ἠ
2902 1816 3129 1887 παιδικὴ
3161 1817 3361 1886 πρᾶξις
3391 1817 3679 1889 όραθείσα
3706 1818 3846 1887 πρὸς

2238 1912 2331 1964 τοῦ
2361 1913 2783 1982 μακαριωτάτου
2814 1909 3191 1982 Ἀλεξάνδρου,
3226 1910 3494 1981 ἐνεκρίθη
3543 1910 3630 1975 ὡς
3668 1911 3845 1965 θεοτε-

2237 2003 2338 2074 λὴς
2361 2045 2377 2070 ,
2427 2006 2522 2057 καὶ
2559 2004 2814 2074 ἐλογίσθη
2843 2003 2873 2056 δ
2904 2003 3127 2065 τελέσας
3170 2003 3245 2066 ὡς
3276 2003 3461 2073 ἱερεὺς
3488 2043 3507 2067 ,
3554 2003 3667 2055 καὶ
3699 2005 3731 2056 δ
3755 2020 3844 2055 τε-

2239 2096 2468 2159 λειώσας
2493 2095 2568 2158 ὡς
2597 2094 2990 2165 ἀναγεννηθείς
3011 2110 3026 2124 ·
3058 2094 3262 2163 καίπερ
3290 2096 3394 2147 οὐκ
3424 2094 3487 2159 ἐξ
3524 2096 3795 2163 ἀνάγκης
3817 2098 3844 2146 ό

2240 2187 2449 2255 καιρός.
2506 2186 2834 2255 Παραχωρεί
2866 2184 2922 2236 δὲ
2970 2185 3066 2237 καὶ
3111 2184 3145 2254 ἠ
3189 2184 3321 2254 ἕκτη
3368 2184 3601 2248 σύνοδος
3637 2187 3704 2239 ἐν
3731 2188 3843 2248 τοῖς

2241 2278 2407 2341 θείοις
2431 2278 2673 2342 κανόσιν,
2700 2280 2749 2332 εί
2771 2277 2846 2348 μὴ
2872 2279 3140 2349 πάρεστιν
3159 2277 3480 2347 ίερωμένος,
3504 2279 3843 2349 ἐξάνάγκης

2242 2369 2430 2423 λαῖκὸν
2460 2368 2638 2438 ἐαυτῷ
2665 2368 2991 2440 μεταδοῦναι
3018 2369 3127 2421 τῶν
3160 2370 3563 2439 ἀγιασμάτων·
3594 2372 3747 2443 ὅπερ
3783 2374 3838 2425 οὐ

2243 2462 2483 2533 θεμιτὸν,
2516 2461 2645 2516 ἄνευ
2678 2462 3069 2533 περιστατικοῦ
3104 2462 3287 2531 λόγου.

2318 2638 2505 2701 Οὕτως
2533 2635 2626 2693 οὖν
2657 2641 2706 2692 εί
2737 2639 2985 2706 γέγονεν,
3017 2641 3198 2710 ἡμεῖς,
3224 2639 3532 2708 σύγγνωθι,
3564 2640 3836 2710 πάν-τιμε,

2245 2733 2309 2787 ού
2336 2731 2629 2803 τολμῶμεν
2676 2732 2825 2802 παρὰ
2863 2735 2933 2786 τά
2965 2732 3202 2797 θειωδῶς
3245 2736 3358 2797 τοῖς
3406 2735 3710 2804 Πατράσιν
3746 2736 3837 2787 ἐκ·

2247 2824 2577 2896 πεφασμένα
2604 2825 2781 2877 εἰπεῖν
2807 2841 2860 2876 τι
2885 2824 2916 2894 ἢ
2951 2825 3298 2895 ἐπιτιμῆσαι.
3331 2826 3645 2893 Συνίστησι
3665 2826 3728 2879 δὲ
3754 2827 3837 2880 τὸν

2246 2910 2479 2986 ἀδελφὸν
2524 2915 2669 2969 οὕτω
2691 2914 3001 2986 πράξαντα,
3038 2916 3135 2968 καὶ
3163 2916 3303 2985 μετά
3330 2916 3541 2987 πολλῆς
3570 2919 3833 2985 ἀγωνίας,

2248 3009 2469 3080 πρῶτον
2514 3010 2614 3078 μὲν
2662 3008 2824 3072 αὐτὸς
2866 3010 2895 3062 ό
2929 3008 3269 3077 ἀναγκάσας,
3304 3010 3400 3064 καὶ
3432 3010 3588 3063 ἐστιν
3632 3014 3665 3064 ὁ
3702 3010 3835 3081 ἀνὴρ

559 3099 779 3170 quidem
812 3101 928 3170 ipse
962 3100 1053 3169 qui
1084 3102 1285 3170 coegit,
1319 3102 1401 3155 vir
1425 3101 1567 3157 inter
1592 3103 1831 3172 insignes
1865 3106 2062 3174 pietate
2090 3121 2143 3164 ac

2253 3100 2363 3155 τῶν
2388 3100 2505 3153 λίαν
2534 3101 2626 3153 καὶ
2652 3099 2893 3153 εὐσεϐῶν
2928 3100 3025 3153 καὶ
3048 3100 3358 3171 ἐμφρόνων,
3392 3099 3561 3167 καίγε
3595 3117 3835 3171 περιφα-

559 3189 872 3263 prudentia,
906 3201 1072 3261 atque
1102 3193 1247 3246 inter
1287 3192 1547 3258 illustres,
1610 3194 1853 3247 Thomas
1878 3196 2069 3250 consul
2092 3207 2143 3251 et

2254 3196 2382 3259 νῶν,
2411 3195 2612 3263 Θωμᾶς
2640 3196 2668 3246 ό
2708 3193 2913 3257 ὕπατός
2957 3209 3018 3245 τε
3051 3194 3148 3246 καὶ
3182 3193 3613 3263 χαρτουλάριος·
3646 3193 3835 3247 ἔπειτα

560 3284 929 3339 ehartularius
966 3301 979 3339 :
1036 3284 1233 3339 deinde
1260 3284 1501 3341 Jacobus
1551 3287 1996 3357 religiosissimus
2025 3304 2145 3344 mo-

560 3376 793 3441 nachus,
835 3376 923 3431 cui
962 3391 1091 3446 pars
1129 3377 1277 3430 nulla
1324 3392 1448 3431 cum
1491 3378 1685 3433 haeresi
1722 3397 1736 3432 :
1771 3390 1881 3435 tum
1938 3380 2146 3452 Euthy-

564 3467 730 3531 mius,
759 3469 1103 3522 venerandus
1136 3467 1271 3521 alter
1298 3469 1601 3523 monachus
1625 3479 1679 3524 et
1711 3474 2144 3539 persecutionem

562 3576 779 3630 passus.
819 3560 884 3614 In
910 3561 1115 3614 duobus
1143 3561 1221 3615 vel
1265 3561 1435 3615 tribus
1479 3563 1694 3618 testibus
1743 3564 1925 3628 stabit,
1951 3566 2147 3638 inquit,

563 3669 717 3708 omne
746 3654 957 3708 verbum
987 3655 1050 3708 η.
1081 3655 1198 3721 Ais,
1241 3654 1478 3720 domine,
1507 3669 1614 3710 non
1648 3656 1721 3709 ita
1756 3672 1870 3711 rem
1905 3657 2104 3711 habere
2131 3673 2147 3724 ;

564 3757 627 3801 tu
676 3746 899 3817 quidem
954 3748 1210 3801 omnibus
1258 3747 1404 3801 haud
1453 3748 1617 3803 dubie
1666 3748 1951 3804 illustrior.
2008 3747 2149 3814 Quid

566 3840 732 3911 igitur
764 3838 987 3903 faciam,
1020 3842 1073 3893 in
1112 3839 1291 3894 medio
1325 3849 1599 3894 tantorum
1636 3842 1853 3895 testium
1881 3842 2150 3899 constitu-

565 3944 658 3990 tus
686 3932 710 3987 ?
739 3932 797 3988 Si
824 3933 899 3987 ita
948 3947 1036 3987 res
1066 3932 1230 3986 habet
1264 3941 1321 3985 ut
1347 3932 1503 3997 dicis,
1538 3942 1701 4001 atque
1725 3932 1811 3987 ille
1848 3933 2152 3988 astantibus

566 4028 925 4099 presbyteris,
989 4027 1307 4080 dominandi
1364 4027 1548 4081 studio
1612 4028 1973 4081 sacerdotium
2048 4027 2151 4082 sibi

567 4121 917 4191 despondens
947 4120 1053 4175 hoc
1090 4120 1216 4190 egit,
1250 4136 1530 4190 nunquam
1560 4121 1701 4190 apud
1731 4137 1831 4176 nos
1875 4124 1942 4176 ad
1976 4122 2153 4194 digni-

570 4224 737 4270 tatem
792 4212 1086 4269 sacerdotii
1124 4213 1481 4282 provehetur,
1516 4220 1709 4283 praeter
1748 4214 1885 4268 alias
1939 4229 2150 4284 pmnas.

571 4309 688 4363 Hoc
716 4308 861 4363 enim
892 4306 1126 4376 justum.
1175 4303 1269 4360 Sin
1301 4314 1484 4361 autem
1529 4317 1774 4373 coactus,
1811 4316 1869 4361 ut
1906 4315 2070 4363 testes
2102 4317 2156 4362 et

570 4400 801 4468 ipsemet
839 4405 1086 4459 narrant,
1121 4405 1174 4451 et
1208 4411 1332 4450 cum
1381 4396 1488 4448 duo
1518 4398 1793 4465 pmposita
1831 4406 2034 4458 essent,
2063 4405 2157 4451 aut

2267 3288 2523 3350 Ἰάκωϐος
2551 3288 2579 3340 ὁ
2606 3286 3001 3347 εύλαϐἐστατος
3032 3282 3303 3356 μονάζων,
3329 3285 3424 3338 καὶ
3445 3285 3551 3354 τῆς
3572 3286 3835 3356 αἱρέσεως

2253 3380 2540 3449 ἀμέτοχος.
2574 3375 2710 3435 Εἶτα
2739 3379 2837 3433 καὶ
2866 3378 3159 3450 Εὑθύμιος,
3187 3376 3374 3447 ἕτερος
3427 3378 3720 3449 αἰδέσιμος
3752 3396 3834 3449 μο-

2256 3472 2454 3536 νάζων,
2491 3472 2584 3523 καὶ
2614 3469 2989 3539 δεδιωγμένος.
3030 3468 3158 3523 Ἐπί
3199 3467 3308 3521 δύο
3344 3467 3446 3521 καὶ
3486 3467 3677 3536 τριῶν
3693 3486 3833 3539 μαρ-

2256 3566 2449 3632 τύρων
2487 3561 2878 3630 σταθήσεται,
2926 3562 3091 3632 φησὶ,
3130 3558 3253 3617 πᾶν
3286 3558 3476 3631 ῥῆμα.
3531 3563 3771 3630 Λέγεις,
3807 3562 3833 3614 ὁ

2256 3656 2545 3725 δεσπότης,
2580 3654 2679 3724 ούχ
2708 3652 2882 3714 οὕτως
2917 3652 3092 3720 ἔχειν’
3139 3651 3234 3706 καὶ
3262 3653 3716 3723 προφερέστερος
3743 3653 3832 3723 δη.

2256 3746 2430 3799 λονὸτι
2455 3745 2562 3798 τῶν
2593 3744 2837 3798 πάντων.
2866 3740 2931 3794 Τί
2955 3738 3086 3811 γοῦν
3118 3740 3330 3810 ποιήσω
3354 3739 3467 3806 ἐγὼ
3488 3740 3833 3812 ἀπειλημμέ-

2257 3856 2346 3902 νος
2372 3842 2428 3891 ἐν
2454 3838 2604 3909 μέσῳ
2619 3836 2887 3891 τοσούτων
2908 3833 3199 3907 μαρτύρων
3217 3849 3233 3899 ;
3249 3832 3399 3899 Ἐὰν,
3420 3832 3495 3894 ὦς
3519 3834 3690 3898 αὐτὸς
3714 3836 3830 3905 vix.

2259 3931 2357 4003 ἔχῃ
2382 3972 2397 3995 ,
2430 3932 2509 3985 ὅτι
2542 3931 2826 4000 παρόντων
2857 3927 3070 4001 ἱερέων,
3120 3925 3387 3997 φιλαρχίᾳ
3421 3927 3831 3995 προμνηστευό-

2264 4041 2424 4095 μενος
2468 4022 2618 4093 αύτῷ
2662 4021 2984 4094 ἱερωσύνην,
3026 4018 3185 4072 τοῦτο
3217 4016 3549 4087 είργάσατοο
3580 4017 3671 4088 εἴη
3708 4016 3831 4087 πρὸς

2259 4117 2292 4183 ὴ
2304 4112 2419 4183 μῶν
2453 4116 2662 4182 μήποτε
2690 4114 2769 4174 εἰς
2808 4111 2870 4164 τὺ
2902 4110 2999 4180 τῆς
3030 4107 3332 4180 ἱερωσύνης
3359 4105 3585 4178 ἀξίωμα
3626 4108 3831 4181 προϐαί-

2260 4226 2387 4271 νων,
2410 4206 2548 4278 μετὰ
2579 4206 2674 4260 καὶ
2701 4206 2903 4276 ἐτέρων
2931 4204 3227 4273 ἐπιτιμίων
3244 4222 3258 4235 σ
3284 4202 3492 4257 δίκαιον
3517 4203 3653 4274 γάρ.
3675 4203 3734 4257 El
3759 4202 3828 4269 δὲ,

2262 4303 2338 4366 ὡς
2382 4302 2432 4353 οί
2495 4300 2768 4372 μάρτυρες
2809 4300 2903 4353 καὶ
2930 4298 3091 4361 αὐτὸς
3118 4299 3407 4368 διηγεῖται,
3444 4298 3828 4367 ἀναγκασθεὶς,

2267 4398 2362 4453 καὶ
2395 4396 2541 4449 δυοῖν
2570 4394 2948 4467 προκειμένων
2968 4409 2984 4423 ο
3018 4391 3052 4462 ἢ
3084 4392 3327 4462 ἀμύητον
3364 4390 3426 4443 τὺ
3468 4389 3677 4461 βρέφος
3708 4392 3830 4444 ἀπο-

571 4490 839 4545 inl‘antem
872 4503 981 4542 non
1020 4487 1295 4542 initiatum
1329 4488 1490 4553 mori,
1526 4488 1673 4557 quod
1718 4489 1771 4540 in
1812 4488 2025 4544 duobus
2065 4504 2143 4541 an

2265 4488 2553 4541 τεθνάναιο
2590 4487 2726 4555 ὅπερ
2748 4484 2949 4538 ἔπαθεν
2977 4485 3035 4536 ἐν
3068 4483 3189 4536 δυσὶ
3222 4481 3571 4551 πρότερονού
3603 4480 3831 4544 πεισθεὶς

572 4593 659 4638 tea
707 4581 913 4652 pueris,
973 4579 1102 4649 quia
1146 4580 1523 4648 obtemperare
1585 4581 1777 4645 noluit,
1830 4582 2158 4646 acciderat;

572 4684 668 4731 aut
701 4673 973 4729 haereticis
1008 4672 1174 4741 objici
1203 4686 1299 4726 eos
1330 4677 1423 4741 qui
1455 4673 1709 4742 pietatem
1752 4673 2115 4727 observabant
2144 4685 2159 4726 :

574 4769 711 4825 nihil
766 4767 940 4820 ausim
972 4779 1075 4833 ego
1107 4776 1363 4830 peccator
1408 4766 1710 4836 iniungere,
1747 4765 1928 4834 quoad
1966 4766 2161 4820 beatis-

573 4861 752 4917 simus
782 4870 1068 4913 sacrorum
1094 4856 1322 4910 antistes
1363 4864 1549 4912 noster
1578 4873 1635 4912 re
1664 4858 2009 4912 considerata
2032 4873 2161 4927 pro-

574 4952 715 5006 ferat
754 4946 1105 5004 sententiam.
1138 4945 1217 4999 Tu
1248 4963 1377 5003 vero
1408 4949 1671 5004 vilitatem
1717 4966 1913 5015 meum,
1939 4950 2158 5004 Patrum

574 5042 934 5106 amicissime,
975 5054 1044 5093 ne
1085 5043 1334 5107 deplores
1367 5060 1380 5095 :
1425 5045 1519 5099 sed
1561 5045 1739 5112 potius
1780 5059 1898 5109 ora,
1931 5056 1989 5099 ut
2018 5045 2159 5098 intra

574 5138 861 5194 modulum
878 5145 1126 5190 nostrum
1147 5135 1533 5202 consistamus,
1549 5137 1974 5206 rnendosamque
1995 5136 2161 5191 vitam

574 5232 939 5302 corrigamus.
981 5228 1055 5283 De
1082 5228 1206 5283 aliis
1256 5239 1437 5285 autem
1464 5233 1682 5294 erratis,
1737 5245 1969 5301 quorum
2013 5230 2165 5285 indi—

576 5326 721 5381 cium
774 5322 937 5378 nobis
980 5321 1173 5392 religio
1225 5331 1317 5377 tua
1373 5331 1427 5377 et
1473 5322 1928 5393 signiﬁcationem
1991 5322 2159 5384 dedit,

576 5419 727 5475 nullo
759 5418 923 5473 modo
954 5416 1139 5486 inique
1170 5415 1323 5470 illum
1353 5416 1531 5485 egisse
1562 5415 2003 5470 existimavimus
2031 5433 2044 5479 ;
2069 5415 2161 5470 sed

578 5525 691 5564 rem
746 5508 906 5562 laude
957 5507 1198 5578 dignam,
1224 5508 1290 5574 si,
1323 5509 1590 5577 quosdam
1622 5507 1884 5565 moechari
1910 5507 2160 5573 audiens,

582 5601 785 5657 veritus
838 5614 945 5653 non
996 5608 1080 5654 est
1139 5614 1254 5654 rem
1293 5600 1617 5655 denuntiare
1660 5601 1727 5655 iis
1779 5601 1873 5671 qui
1919 5600 2164 5655 inhibere

655 5776 693 5810 ³⁷
724 5772 899 5831 Trull.
937 5787 1060 5829 can.
1100 5773 1187 5829 58.
1268 5773 1309 5806 ¹³
1342 5772 1499 5831 Deut.
1545 5790 1654 5841 sui,
1696 5773 1779 5828 15.

2265 4581 2483 4634 παισίνο
2513 4579 2545 4649 ἢ
2581 4578 2844 4649 προέσθαι
2872 4578 2986 4639 τοῖς
3013 4575 3316 4646 αἱρετικοῐς
3339 4574 3468 4637 τοὺς
3497 4573 3830 4644 φυλαττομέ-

2266 4691 2390 4737 νους
2415 4673 2516 4744 τὴν
2545 4670 2831 4724 εὐσέϐειαν
2855 4685 2869 4699 ⁸
2907 4669 3059 4723 οὐδὲν
3098 4666 3210 4737 ἐγὼ
3245 4667 3273 4719 ὁ
3303 4667 3638 4738 ἁμαρτωλὸς
3666 4666 3829 4737 τολμῶ

2268 4765 2593 4835 ἐπισκῆψαι,
2641 4763 2753 4826 ἓως
2782 4762 2848 4819 ἂν
2876 4764 2905 4815 ό
2935 4758 3354 4832 μακαριώτατος
3386 4760 3550 4828 ἡμῶν
3584 4760 3830 4831 ίεροτελε-

2268 4858 2398 4929 στὴς
2445 4856 2829 4925 ἐπιθεωρήσας
2858 4853 3052 4917 ἐξοίσει
3099 4851 3300 4923 κρίσιν.
3346 4851 3459 4929 Kal
3494 4851 3574 4921 μή
3613 4869 3713 4921 μου
3746 4851 3829 4915 τίς

2266 4947 2687 5011 ταπεινώσεως,
2742 4947 3003 5017 Πατέρων
3038 4944 3281 5015 φίλτατε,
3346 4926 3826 5010 κατὶστενάξειας·

2268 5043 2381 5096 ἀλλ’
2441 5045 2475 5113 ἢ
2535 5041 2734 5112 μᾶλλον
2784 5040 3088 5112 προσεύχου
3138 5040 3196 5092 ἐν
3245 5040 3359 5101 τοῖς
3422 5037 3578 5101 ίδίοις
3635 5039 3828 5107 μέτροις

2270 5139 2526 5200 ἑστάναι,
2594 5136 2689 5189 καὶ
2743 5134 2835 5187 τὸν
2880 5131 3219 5202 ἐσφαλμένον
3282 5129 3395 5200 βίον
3451 5130 3825 5201 διορθώσασθαι

2270 5230 2439 5298 ἡμᾶς.
2468 5228 2603 5297 Περὶ
2631 5226 2687 5278 δὲ
2715 5226 2915 5294 ἐτέρων
2943 5223 3294 5293 σφαλμάτων,
3324 5216 3401 5276 ὧν
3445 5222 3651 5276 ἔδωκεν
3673 5223 3823 5293 ἐμφα-

2273 5340 2358 5375 σιν
2408 5323 2440 5390 ἡ
2490 5319 2770 5373 θεοσέϐειά
2817 5335 2949 5383 σου,
2995 5318 3097 5381 ,καὶ
3143 5317 3509 5387 ἐξηγόρευε-τεν
3560 5319 3715 5389 ἡμῖν,
3749 5316 3822 5369 καὶ

2269 5414 2379 5466 οὐδ’
2433 5413 2568 5476 ὅλως
2629 5410 2997 5481 ἐπενοήσαμεν
3043 5408 3325 5478 ἐκθὲσμως
3394 5408 3564 5461 αὑτὸν
3626 5408 3819 5482 πρᾶξαι,

2267 5505 2383 5561 ἀλλ’
2420 5505 2452 5573 ἢ
2483 5505 2574 5558 καὶ
2605 5502 2829 5556 ἐπαίνου
2886 5500 3063 5566 ἀξιον,
3108 5501 3157 5552 εί
3210 5499 3575 5568 μοιχεύοντας
3620 5500 3819 5561 ἀκούων,

2270 5603 2368 5668 οὐχ
2394 5596 2752 5651 ὑπεστείλατο
2794 5594 2870 5667 μὴ
2900 5593 3017 5665 οὐχὶ
3045 5591 3372 5661 ἀναγγεῖλαι
3393 5596 3511 5657 τοίς
3545 5593 3821 5663 δυναμέναις
