  <div class='ocr_page' id='page_1' title='image "/cluster/home/n/w/nwhite01/storage/ocr_20150623/99/pst.000005714063/808.png"; bbox 0 0 3964 6320; ppageno 0'>
   <div class='ocr_carea' id='block_1_1' title="bbox 137 379 276 443">
    <p class='ocr_par' dir='ltr' id='par_1_1' title="bbox 137 379 276 443">
     <span class='ocr_line' id='line_1_1' title="bbox 137 379 276 443; baseline -0.029 0"><span class='ocrx_word' id='word_1_1' title='bbox 137 379 276 443; x_wconf 71' lang='grc'><strong>1493</strong></span> 
     </span>
    </p>
   </div>
   <div class='ocr_carea' id='block_1_2' title="bbox 1319 364 2191 431">
    <p class='ocr_par' dir='ltr' id='par_1_2' title="bbox 1319 364 2191 431">
     <span class='ocr_line' id='line_1_2' title="bbox 1319 364 2191 431; baseline -0.01 0"><span class='ocrx_word' id='word_1_2' title='bbox 1319 368 1857 431; x_wconf 79' lang='lat' dir='ltr'><strong>EPISTOLARUM</strong></span> <span class='ocrx_word' id='word_1_3' title='bbox 1903 366 2048 426; x_wconf 85' lang='lat' dir='ltr'><strong>LIB.</strong></span> <span class='ocrx_word' id='word_1_4' title='bbox 2108 364 2191 423; x_wconf 88' lang='grc' dir='ltr'><strong>ΙΙ.</strong></span> 
     </span>
    </p>
   </div>
   <div class='ocr_carea' id='block_1_3' title="bbox 3245 355 3380 418">
    <p class='ocr_par' dir='ltr' id='par_1_3' title="bbox 3245 355 3380 418">
     <span class='ocr_line' id='line_1_3' title="bbox 3245 355 3380 418; baseline 0 0"><span class='ocrx_word' id='word_1_5' title='bbox 3245 355 3380 418; x_wconf 70' lang='grc'><strong>1494</strong></span> 
     </span>
    </p>
   </div>
   <div class='ocr_carea' id='block_1_4' title="bbox 135 474 1728 565">
    <p class='ocr_par' dir='ltr' id='par_1_4' title="bbox 135 485 1707 565">
     <span class='ocr_line' id='line_1_4' title="bbox 135 485 1707 565; baseline -0.007 -18"><span class='ocrx_word' id='word_1_6' title='bbox 135 494 394 564; x_wconf 83' lang='grc' dir='ltr'>ἀπεῖρξαι</span> <span class='ocrx_word' id='word_1_7' title='bbox 427 491 486 543; x_wconf 89' lang='grc' dir='ltr'><strong>τὸ</strong></span> <span class='ocrx_word' id='word_1_8' title='bbox 516 490 774 558; x_wconf 76' lang='grc' dir='ltr'>ἀσέϐημα</span> <span class='ocrx_word' id='word_1_9' title='bbox 807 489 953 559; x_wconf 73' lang='lat' dir='ltr'><strong>[cod.</strong></span> <span class='ocrx_word' id='word_1_10' title='bbox 1004 487 1138 557; x_wconf 79' lang='lat' dir='ltr'><strong>Reg.</strong></span> <span class='ocrx_word' id='word_1_11' title='bbox 1190 486 1537 565; x_wconf 79' lang='grc' dir='ltr'>ἀσέλγημα]·</span> <span class='ocrx_word' id='word_1_12' title='bbox 1579 485 1612 554; x_wconf 85' lang='grc' dir='ltr'>ἢ</span> <span class='ocrx_word' id='word_1_13' title='bbox 1648 485 1707 536; x_wconf 91' lang='grc' dir='ltr'><strong>τὸ</strong></span> 
     </span>
    </p>
   </div>
   <div class='ocr_carea' id='block_1_5' title="bbox 1832 474 3386 565">
    <p class='ocr_par' dir='ltr' id='par_1_5' title="bbox 1832 474 3386 550">
     <span class='ocr_line' id='line_1_5' title="bbox 1832 474 3386 550; baseline -0.006 -13"><span class='ocrx_word' id='word_1_14' title='bbox 1832 491 2058 538; x_wconf 63' lang='lat' dir='ltr'><strong>tolerant</strong></span> <span class='ocrx_word' id='word_1_15' title='bbox 2098 479 2428 550; x_wconf 75' lang='lat' dir='ltr'><strong>impietatem</strong></span> <span class='ocrx_word' id='word_1_16' title='bbox 2465 519 2478 544; x_wconf 92' lang='lat'><strong>,</strong></span> <span class='ocrx_word' id='word_1_17' title='bbox 2505 485 2635 540; x_wconf 89' lang='lat' dir='ltr'><strong>aut,</strong></span> <span class='ocrx_word' id='word_1_18' title='bbox 2704 489 2826 531; x_wconf 91' lang='lat' dir='ltr'><strong>cum</strong></span> <span class='ocrx_word' id='word_1_19' title='bbox 2873 475 2949 530; x_wconf 91' lang='lat' dir='ltr'><strong>uti</strong></span> <span class='ocrx_word' id='word_1_20' title='bbox 2997 474 3191 543; x_wconf 83' lang='lat' dir='ltr'><strong>laqueo</strong></span> <span class='ocrx_word' id='word_1_21' title='bbox 3221 474 3386 530; x_wconf 88' lang='lat' dir='ltr'><strong>vellet</strong></span> 
     </span>
    </p>
   </div>
   <div class='ocr_carea' id='block_1_6' title="bbox 133 565 1728 654">
    <p class='ocr_par' dir='ltr' id='par_1_6' title="bbox 133 577 1699 654">
     <span class='ocr_line' id='line_1_6' title="bbox 133 577 1699 654; baseline -0.006 -18"><span class='ocrx_word' id='word_1_22' title='bbox 133 588 201 654; x_wconf 83' lang='grc' dir='ltr'>τῇ</span> <span class='ocrx_word' id='word_1_23' title='bbox 243 581 535 652; x_wconf 78' lang='grc' dir='ltr'>κομιτίσσῃ</span> <span class='ocrx_word' id='word_1_24' title='bbox 572 579 871 649; x_wconf 79' lang='grc' dir='ltr'>αἱρουμένῃ</span> <span class='ocrx_word' id='word_1_25' title='bbox 923 579 1123 648; x_wconf 80' lang='grc' dir='ltr'><strong>ἀγχόνῃ</strong></span> <span class='ocrx_word' id='word_1_26' title='bbox 1180 577 1516 648; x_wconf 80' lang='grc' dir='ltr'>χρήσασθαι·</span> <span class='ocrx_word' id='word_1_27' title='bbox 1574 577 1699 627; x_wconf 79' lang='grc' dir='ltr'>ἰδεῖν</span> 
     </span>
    </p>
   </div>
   <div class='ocr_carea' id='block_1_7' title="bbox 1832 565 3383 654">
    <p class='ocr_par' dir='ltr' id='par_1_7' title="bbox 1836 565 3383 642">
     <span class='ocr_line' id='line_1_7' title="bbox 1836 565 3383 642; baseline -0.007 -12"><span class='ocrx_word' id='word_1_28' title='bbox 1836 576 2084 630; x_wconf 89' lang='lat' dir='ltr'><strong>omitissa</strong></span> <span class='ocrx_word' id='word_1_29' title='bbox 2109 613 2125 640; x_wconf 96' lang='lat'><strong>,</strong></span> <span class='ocrx_word' id='word_1_30' title='bbox 2161 573 2342 627; x_wconf 88' lang='lat' dir='ltr'><strong>videre</strong></span> <span class='ocrx_word' id='word_1_31' title='bbox 2373 571 2503 642; x_wconf 88' lang='lat' dir='ltr'><strong>quid</strong></span> <span class='ocrx_word' id='word_1_32' title='bbox 2538 570 2681 624; x_wconf 85' lang='lat' dir='ltr'><strong>facto</strong></span> <span class='ocrx_word' id='word_1_33' title='bbox 2703 579 2846 624; x_wconf 85' lang='lat' dir='ltr'><strong>esset</strong></span> <span class='ocrx_word' id='word_1_34' title='bbox 2893 584 3049 638; x_wconf 89' lang='lat' dir='ltr'><strong>opus.</strong></span> <span class='ocrx_word' id='word_1_35' title='bbox 3088 565 3212 622; x_wconf 64' lang='lat' dir='ltr'><strong>Haec</strong></span> <span class='ocrx_word' id='word_1_36' title='bbox 3236 567 3383 622; x_wconf 89' lang='lat' dir='ltr'><strong>enim</strong></span> 
     </span>
    </p>
   </div>
   <div class='ocr_carea' id='block_1_8' title="bbox 134 663 1702 744">
    <p class='ocr_par' dir='ltr' id='par_1_8' title="bbox 134 663 1702 744">
     <span class='ocr_line' id='line_1_8' title="bbox 134 663 1702 744; baseline -0.009 -17"><span class='ocrx_word' id='word_1_37' title='bbox 134 677 202 727; x_wconf 78' lang='grc' dir='ltr'><strong>τὰ</strong></span> <span class='ocrx_word' id='word_1_38' title='bbox 228 671 574 744; x_wconf 84' lang='grc' dir='ltr'>προσήκοντα</span> <span class='ocrx_word' id='word_1_39' title='bbox 607 668 1035 739; x_wconf 80' lang='grc' dir='ltr'>ἐπιπράξασθαι.</span> <span class='ocrx_word' id='word_1_40' title='bbox 1065 667 1202 720; x_wconf 81' lang='grc' dir='ltr'>Τάδε</span> <span class='ocrx_word' id='word_1_41' title='bbox 1232 667 1339 737; x_wconf 85' lang='grc' dir='ltr'><strong>γὰρ</strong></span> <span class='ocrx_word' id='word_1_42' title='bbox 1364 663 1502 719; x_wconf 80' lang='grc' dir='ltr'>οἶδεν</span> <span class='ocrx_word' id='word_1_43' title='bbox 1525 666 1702 733; x_wconf 63' lang='grc' dir='ltr'>ὠφλη-</span> 
     </span>
    </p>
   </div>
   <div class='ocr_carea' id='block_1_9' title="bbox 135 755 1703 828">
    <p class='ocr_par' dir='ltr' id='par_1_9' title="bbox 135 755 1703 828">
     <span class='ocr_line' id='line_1_9' title="bbox 135 755 1703 828; baseline -0.008 -9"><span class='ocrx_word' id='word_1_44' title='bbox 135 767 313 828; x_wconf 81' lang='grc' dir='ltr'><strong>κέναι,</strong></span> <span class='ocrx_word' id='word_1_45' title='bbox 347 765 438 817; x_wconf 85' lang='grc' dir='ltr'>κα“ι</span> <span class='ocrx_word' id='word_1_46' title='bbox 465 763 563 814; x_wconf 84' lang='grc' dir='ltr'><strong>οὐκ</strong></span> <span class='ocrx_word' id='word_1_47' title='bbox 602 759 729 814; x_wconf 81' lang='grc' dir='ltr'>ἄλλο</span> <span class='ocrx_word' id='word_1_48' title='bbox 749 774 762 787; x_wconf 89' lang='grc'><strong>·</strong></span> <span class='ocrx_word' id='word_1_49' title='bbox 793 762 888 812; x_wconf 69' lang='grc' dir='ltr'>καὶ</span> <span class='ocrx_word' id='word_1_50' title='bbox 912 760 1108 828; x_wconf 78' lang='grc' dir='ltr'>πολλῆς</span> <span class='ocrx_word' id='word_1_51' title='bbox 1136 756 1410 826; x_wconf 64' lang='grc' dir='ltr'>εὐφημίας</span> <span class='ocrx_word' id='word_1_52' title='bbox 1440 756 1574 828; x_wconf 88' lang='grc' dir='ltr'>πρὸς</span> <span class='ocrx_word' id='word_1_53' title='bbox 1598 755 1703 808; x_wconf 81' lang='grc' dir='ltr'>τῶν</span> 
     </span>
    </p>
   </div>
   <div class='ocr_carea' id='block_1_10' title="bbox 134 849 1705 926">
    <p class='ocr_par' dir='ltr' id='par_1_10' title="bbox 134 849 1705 926">
     <span class='ocr_line' id='line_1_10' title="bbox 134 849 1705 926; baseline -0.004 -18"><span class='ocrx_word' id='word_1_54' title='bbox 134 856 393 926; x_wconf 84' lang='grc' dir='ltr'><strong>ἀνωτέρω</strong></span> <span class='ocrx_word' id='word_1_55' title='bbox 429 852 778 920; x_wconf 79' lang='grc' dir='ltr'><strong>δηλωθέντων</strong></span> <span class='ocrx_word' id='word_1_56' title='bbox 825 851 1054 919; x_wconf 82' lang='grc' dir='ltr'>ἀνδρῶν,</span> <span class='ocrx_word' id='word_1_57' title='bbox 1107 849 1181 912; x_wconf 86' lang='grc' dir='ltr'>ὼς</span> <span class='ocrx_word' id='word_1_58' title='bbox 1227 850 1492 920; x_wconf 81' lang='grc' dir='ltr'>αὐτήκοος</span> <span class='ocrx_word' id='word_1_59' title='bbox 1525 849 1705 916; x_wconf 84' lang='grc' dir='ltr'>ἐγενό-</span> 
     </span>
    </p>
   </div>
   <div class='ocr_carea' id='block_1_11' title="bbox 140 939 1706 1018">
    <p class='ocr_par' dir='ltr' id='par_1_11' title="bbox 140 939 1706 1018">
     <span class='ocr_line' id='line_1_11' title="bbox 140 939 1706 1018; baseline -0.006 -16"><span class='ocrx_word' id='word_1_60' title='bbox 140 966 273 1018; x_wconf 81' lang='grc' dir='ltr'>μην,</span> <span class='ocrx_word' id='word_1_61' title='bbox 306 945 711 1015; x_wconf 85' lang='grc' dir='ltr'>προανεδήσατο</span> <span class='ocrx_word' id='word_1_62' title='bbox 735 945 762 996; x_wconf 99' lang='lat'><strong>6</strong></span> <span class='ocrx_word' id='word_1_63' title='bbox 790 942 1015 1010; x_wconf 71' lang='grc' dir='ltr'>ἁδελφὸς</span> <span class='ocrx_word' id='word_1_64' title='bbox 1041 941 1307 1011; x_wconf 82' lang='grc' dir='ltr'>Ἔραστος</span> <span class='ocrx_word' id='word_1_65' title='bbox 1342 939 1706 1002; x_wconf 88' lang='grc' dir='ltr'>ἐπαίνους.οὐ</span> 
     </span>
    </p>
   </div>
   <div class='ocr_carea' id='block_1_12' title="bbox 138 1031 1708 1107">
    <p class='ocr_par' dir='ltr' id='par_1_12' title="bbox 138 1031 1708 1107">
     <span class='ocr_line' id='line_1_12' title="bbox 138 1031 1708 1107; baseline -0.006 -13"><span class='ocrx_word' id='word_1_66' title='bbox 138 1043 341 1106; x_wconf 79' lang='grc' dir='ltr'>τοίνυν,</span> <span class='ocrx_word' id='word_1_67' title='bbox 379 1038 522 1107; x_wconf 78' lang='grc' dir='ltr'>ἀγιε,</span> <span class='ocrx_word' id='word_1_68' title='bbox 551 1037 640 1092; x_wconf 77' lang='grc' dir='ltr'><strong>δια</strong></span> <span class='ocrx_word' id='word_1_69' title='bbox 671 1036 730 1088; x_wconf 90' lang='grc' dir='ltr'><strong>τὸ</strong></span> <span class='ocrx_word' id='word_1_70' title='bbox 759 1033 1084 1104; x_wconf 85' lang='grc' dir='ltr'>σκινδαλμὸν</span> <span class='ocrx_word' id='word_1_71' title='bbox 1114 1033 1274 1086; x_wconf 78' lang='grc' dir='ltr'>αὐτὸν</span> <span class='ocrx_word' id='word_1_72' title='bbox 1312 1031 1609 1102; x_wconf 70' lang='grc' dir='ltr'><strong>ἐμποιῆσαι</strong></span> <span class='ocrx_word' id='word_1_73' title='bbox 1650 1035 1708 1085; x_wconf 84' lang='grc' dir='ltr'><strong>ἐν</strong></span> 
     </span>
    </p>
   </div>
   <div class='ocr_carea' id='block_1_13' title="bbox 139 1122 1707 1198">
    <p class='ocr_par' dir='ltr' id='par_1_13' title="bbox 139 1122 1707 1198">
     <span class='ocr_line' id='line_1_13' title="bbox 139 1122 1707 1198; baseline -0.007 -12"><span class='ocrx_word' id='word_1_74' title='bbox 139 1137 252 1196; x_wconf 88' lang='grc' dir='ltr'>τοῖς</span> <span class='ocrx_word' id='word_1_75' title='bbox 277 1131 488 1196; x_wconf 79' lang='grc' dir='ltr'>αὐτόθι,</span> <span class='ocrx_word' id='word_1_76' title='bbox 515 1128 651 1185; x_wconf 85' lang='grc' dir='ltr'><strong>ἀλλά</strong></span> <span class='ocrx_word' id='word_1_77' title='bbox 678 1129 765 1182; x_wconf 81' lang='grc' dir='ltr'><strong>διὰ</strong></span> <span class='ocrx_word' id='word_1_78' title='bbox 794 1127 864 1180; x_wconf 78' lang='grc' dir='ltr'>τὰ</span> <span class='ocrx_word' id='word_1_79' title='bbox 892 1126 1195 1198; x_wconf 81' lang='grc' dir='ltr'>ἀδιόρθωτα</span> <span class='ocrx_word' id='word_1_80' title='bbox 1226 1124 1516 1188; x_wconf 83' lang='grc' dir='ltr'>σκάνδαλα,</span> <span class='ocrx_word' id='word_1_81' title='bbox 1553 1122 1707 1191; x_wconf 77' lang='grc' dir='ltr'>εἷρξα</span> 
     </span>
    </p>
   </div>
   <div class='ocr_carea' id='block_1_14' title="bbox 138 1216 1707 1292">
    <p class='ocr_par' dir='ltr' id='par_1_14' title="bbox 138 1216 1707 1292">
     <span class='ocr_line' id='line_1_14' title="bbox 138 1216 1707 1292; baseline -0.006 -14"><span class='ocrx_word' id='word_1_82' title='bbox 138 1225 231 1278; x_wconf 85' lang='grc' dir='ltr'><strong>τὸν</strong></span> <span class='ocrx_word' id='word_1_83' title='bbox 267 1223 493 1292; x_wconf 76' lang='grc' dir='ltr'>ἀδελφὸν</span> <span class='ocrx_word' id='word_1_84' title='bbox 518 1223 616 1291; x_wconf 85' lang='grc' dir='ltr'><strong>τῆς</strong></span> <span class='ocrx_word' id='word_1_85' title='bbox 657 1218 1013 1288; x_wconf 72' lang='grc' dir='ltr'>παλινῳδίας*</span> <span class='ocrx_word' id='word_1_86' title='bbox 1044 1217 1118 1280; x_wconf 85' lang='grc' dir='ltr'><strong>ὡς</strong></span> <span class='ocrx_word' id='word_1_87' title='bbox 1146 1217 1211 1275; x_wconf 81' lang='grc' dir='ltr'><strong>ἂν</strong></span> <span class='ocrx_word' id='word_1_88' title='bbox 1241 1216 1489 1270; x_wconf 88' lang='grc' dir='ltr'>ἐντεῦθεν</span> <span class='ocrx_word' id='word_1_89' title='bbox 1520 1217 1707 1270; x_wconf 88' lang='grc' dir='ltr'>ἀθωω-</span> 
     </span>
    </p>
   </div>
   <div class='ocr_carea' id='block_1_15' title="bbox 141 1307 1710 1389">
    <p class='ocr_par' dir='ltr' id='par_1_15' title="bbox 141 1307 1710 1389">
     <span class='ocr_line' id='line_1_15' title="bbox 141 1307 1710 1389; baseline -0.01 -16"><span class='ocrx_word' id='word_1_90' title='bbox 141 1319 260 1388; x_wconf 87' lang='grc' dir='ltr'>θείη</span> <span class='ocrx_word' id='word_1_91' title='bbox 298 1319 395 1389; x_wconf 84' lang='grc' dir='ltr'>μὲν</span> <span class='ocrx_word' id='word_1_92' title='bbox 423 1320 451 1368; x_wconf 91' lang='lat'><strong>6</strong></span> <span class='ocrx_word' id='word_1_93' title='bbox 482 1311 958 1383; x_wconf 73' lang='grc' dir='ltr'>κατηγορούμενος</span> <span class='ocrx_word' id='word_1_94' title='bbox 989 1308 1097 1362; x_wconf 87' lang='grc' dir='ltr'><strong>τῶν</strong></span> <span class='ocrx_word' id='word_1_95' title='bbox 1125 1307 1489 1378; x_wconf 79' lang='grc' dir='ltr'>ἐγκλημάτων</span> <span class='ocrx_word' id='word_1_96' title='bbox 1509 1325 1522 1338; x_wconf 69' lang='grc'><strong><em>⁸</em></strong></span> <span class='ocrx_word' id='word_1_97' title='bbox 1557 1309 1710 1378; x_wconf 76' lang='grc' dir='ltr'>εἰρη-</span> 
     </span>
    </p>
   </div>
   <div class='ocr_carea' id='block_1_16' title="bbox 141 1400 1709 1473">
    <p class='ocr_par' dir='ltr' id='par_1_16' title="bbox 141 1400 1709 1473">
     <span class='ocr_line' id='line_1_16' title="bbox 141 1400 1709 1473; baseline -0.006 -11"><span class='ocrx_word' id='word_1_98' title='bbox 141 1413 396 1464; x_wconf 80' lang='grc' dir='ltr'>νεύσειαν</span> <span class='ocrx_word' id='word_1_99' title='bbox 448 1408 505 1461; x_wconf 82' lang='grc' dir='ltr'><strong>δὲ</strong></span> <span class='ocrx_word' id='word_1_100' title='bbox 554 1407 604 1459; x_wconf 83' lang='grc' dir='ltr'><strong>οἱ</strong></span> <span class='ocrx_word' id='word_1_101' title='bbox 661 1403 1121 1473; x_wconf 84' lang='grc' dir='ltr'>φιλεγκλήμονες,</span> <span class='ocrx_word' id='word_1_102' title='bbox 1177 1401 1284 1454; x_wconf 66' lang='grc' dir='ltr'><strong>,κοιλ⁸</strong></span> <span class='ocrx_word' id='word_1_103' title='bbox 1343 1400 1709 1471; x_wconf 84' lang='grc' dir='ltr'>παθοπράται.</span> 
     </span>
    </p>
   </div>
   <div class='ocr_carea' id='block_1_17' title="bbox 146 1491 1715 1568">
    <p class='ocr_par' dir='ltr' id='par_1_17' title="bbox 146 1491 1715 1568">
     <span class='ocr_line' id='line_1_17' title="bbox 146 1491 1715 1568; baseline -0.009 -14"><span class='ocrx_word' id='word_1_104' title='bbox 146 1503 214 1554; x_wconf 84' lang='lat'><strong>&#39;0</strong></span> <span class='ocrx_word' id='word_1_105' title='bbox 234 1519 292 1552; x_wconf 92' lang='grc' dir='ltr'><strong>τε</strong></span> <span class='ocrx_word' id='word_1_106' title='bbox 340 1496 758 1568; x_wconf 86' lang='grc' dir='ltr'>μακαριώτατος</span> <span class='ocrx_word' id='word_1_107' title='bbox 795 1493 952 1564; x_wconf 81' lang='grc' dir='ltr'>ἡμῶν</span> <span class='ocrx_word' id='word_1_108' title='bbox 981 1494 1170 1562; x_wconf 80' lang='grc' dir='ltr'>Πατὴρ</span> <span class='ocrx_word' id='word_1_109' title='bbox 1203 1491 1587 1555; x_wconf 77' lang='grc' dir='ltr'>ὐπακουσθεὶς,</span> <span class='ocrx_word' id='word_1_110' title='bbox 1617 1508 1715 1559; x_wconf 87' lang='grc' dir='ltr'>χα-</span> 
     </span>
    </p>
   </div>
   <div class='ocr_carea' id='block_1_18' title="bbox 150 1580 1715 1661">
    <p class='ocr_par' dir='ltr' id='par_1_18' title="bbox 150 1580 1715 1661">
     <span class='ocr_line' id='line_1_18' title="bbox 150 1580 1715 1661; baseline -0.005 -21"><span class='ocrx_word' id='word_1_111' title='bbox 150 1592 276 1661; x_wconf 77' lang='grc' dir='ltr'>ρίσῃ</span> <span class='ocrx_word' id='word_1_112' title='bbox 305 1591 437 1659; x_wconf 80' lang='grc' dir='ltr'>ἡμῖν</span> <span class='ocrx_word' id='word_1_113' title='bbox 463 1588 561 1649; x_wconf 87' lang='grc' dir='ltr'><strong>τὰς</strong></span> <span class='ocrx_word' id='word_1_114' title='bbox 593 1585 885 1646; x_wconf 84' lang='grc' dir='ltr'>θεοκλινεῖς</span> <span class='ocrx_word' id='word_1_115' title='bbox 940 1599 1032 1634; x_wconf 82' lang='grc' dir='ltr'><strong>σου</strong></span> <span class='ocrx_word' id='word_1_116' title='bbox 1076 1582 1421 1651; x_wconf 81' lang='grc' dir='ltr'>προσευχὰς,</span> <span class='ocrx_word' id='word_1_117' title='bbox 1465 1581 1585 1632; x_wconf 80' lang='grc' dir='ltr'>ἐπεὶ</span> <span class='ocrx_word' id='word_1_118' title='bbox 1626 1580 1715 1632; x_wconf 78' lang='grc' dir='ltr'>καὶ</span> 
     </span>
    </p>
   </div>
   <div class='ocr_carea' id='block_1_19' title="bbox 145 1676 868 1754">
    <p class='ocr_par' dir='ltr' id='par_1_19' title="bbox 145 1676 868 1754">
     <span class='ocr_line' id='line_1_19' title="bbox 145 1676 868 1754; baseline -0.011 -17"><span class='ocrx_word' id='word_1_119' title='bbox 145 1682 224 1754; x_wconf 83' lang='grc' dir='ltr'>τῷ</span> <span class='ocrx_word' id='word_1_120' title='bbox 252 1680 469 1748; x_wconf 81' lang='grc' dir='ltr'>ἀδελφῷ</span> <span class='ocrx_word' id='word_1_121' title='bbox 501 1676 868 1747; x_wconf 84' lang='grc' dir='ltr'>συγχώρησιν.</span> 
     </span>
    </p>
   </div>
   <div class='ocr_carea' id='block_1_20' title="bbox 379 1783 1472 1860">
    <p class='ocr_par' dir='ltr' id='par_1_20' title="bbox 379 1783 1472 1860">
     <span class='ocr_line' id='line_1_20' title="bbox 379 1783 1472 1860; baseline -0.006 -16"><span class='ocrx_word' id='word_1_122' title='bbox 379 1790 536 1845; x_wconf 80' lang='grc' dir='ltr'><strong>ὶ³ΝΗ¹</strong></span> <span class='ocrx_word' id='word_1_123' title='bbox 572 1786 704 1860; x_wconf 83' lang='lat'><strong>(50).</strong></span> <span class='ocrx_word' id='word_1_124' title='bbox 743 1813 816 1825; x_wconf 86' lang='lat'><strong>—-</strong></span> <span class='ocrx_word' id='word_1_125' title='bbox 861 1783 1107 1852; x_wconf 68' lang='grc' dir='ltr'><strong>Ἰωάννῃ</strong></span> <span class='ocrx_word' id='word_1_126' title='bbox 1141 1784 1472 1852; x_wconf 76' lang='grc' dir='ltr'>Σπαθαρίῳ.</span> 
     </span>
    </p>
   </div>
   <div class='ocr_carea' id='block_1_21' title="bbox 1805 661 3380 730">
    <p class='ocr_par' dir='ltr' id='par_1_21' title="bbox 1805 661 3380 730">
     <span class='ocr_line' id='line_1_21' title="bbox 1805 661 3380 730; baseline -0.003 -12"><span class='ocrx_word' id='word_1_127' title='bbox 1805 666 1963 720; x_wconf 81' lang='lat' dir='ltr'><strong>ofﬁcii</strong></span> <span class='ocrx_word' id='word_1_128' title='bbox 2009 668 2094 721; x_wconf 89' lang='lat' dir='ltr'><strong>sui</strong></span> <span class='ocrx_word' id='word_1_129' title='bbox 2140 665 2311 719; x_wconf 87' lang='lat' dir='ltr'><strong>fuisse</strong></span> <span class='ocrx_word' id='word_1_130' title='bbox 2353 665 2524 727; x_wconf 87' lang='lat' dir='ltr'><strong>novit,</strong></span> <span class='ocrx_word' id='word_1_131' title='bbox 2554 672 2607 717; x_wconf 90' lang='lat' dir='ltr'><strong>et</strong></span> <span class='ocrx_word' id='word_1_132' title='bbox 2647 678 2753 716; x_wconf 92' lang='lat' dir='ltr'><strong>non</strong></span> <span class='ocrx_word' id='word_1_133' title='bbox 2786 661 2959 725; x_wconf 88' lang='lat' dir='ltr'><strong>aliud,</strong></span> <span class='ocrx_word' id='word_1_134' title='bbox 3015 670 3068 715; x_wconf 90' lang='lat' dir='ltr'><strong>et</strong></span> <span class='ocrx_word' id='word_1_135' title='bbox 3105 675 3380 730; x_wconf 85' lang='lat' dir='ltr'><strong>magnasa</strong></span> 
     </span>
    </p>
   </div>
   <div class='ocr_carea' id='block_1_22' title="bbox 1808 753 3384 828">
    <p class='ocr_par' dir='ltr' id='par_1_22' title="bbox 1808 753 3384 828">
     <span class='ocr_line' id='line_1_22' title="bbox 1808 753 3384 828; baseline -0.002 -17"><span class='ocrx_word' id='word_1_136' title='bbox 1808 758 1940 812; x_wconf 89' lang='lat' dir='ltr'><strong>viris</strong></span> <span class='ocrx_word' id='word_1_137' title='bbox 1978 774 2144 828; x_wconf 80' lang='lat' dir='ltr'><strong>supra</strong></span> <span class='ocrx_word' id='word_1_138' title='bbox 2165 755 2499 819; x_wconf 82' lang='lat' dir='ltr'><strong>memoratis,</strong></span> <span class='ocrx_word' id='word_1_139' title='bbox 2536 765 2594 809; x_wconf 87' lang='lat' dir='ltr'><strong>ut</strong></span> <span class='ocrx_word' id='word_1_140' title='bbox 2639 755 2754 823; x_wconf 90' lang='lat' dir='ltr'><strong>ipse</strong></span> <span class='ocrx_word' id='word_1_141' title='bbox 2803 753 3007 818; x_wconf 84' lang='lat' dir='ltr'><strong>audivi,</strong></span> <span class='ocrx_word' id='word_1_142' title='bbox 3056 754 3243 808; x_wconf 84' lang='lat' dir='ltr'><strong>laudes</strong></span> <span class='ocrx_word' id='word_1_143' title='bbox 3295 769 3384 808; x_wconf 87' lang='lat' dir='ltr'><strong>re-</strong></span> 
     </span>
    </p>
   </div>
   <div class='ocr_carea' id='block_1_23' title="bbox 1811 845 3388 916">
    <p class='ocr_par' dir='ltr' id='par_1_23' title="bbox 1811 845 3388 916">
     <span class='ocr_line' id='line_1_23' title="bbox 1811 845 3388 916; baseline -0.003 -13"><span class='ocrx_word' id='word_1_144' title='bbox 1811 851 1932 904; x_wconf 87' lang='lat' dir='ltr'><strong>tulit</strong></span> <span class='ocrx_word' id='word_1_145' title='bbox 1975 851 2140 905; x_wconf 88' lang='lat' dir='ltr'><strong>frater</strong></span> <span class='ocrx_word' id='word_1_146' title='bbox 2183 849 2430 905; x_wconf 87' lang='lat' dir='ltr'><strong>Erastus.</strong></span> <span class='ocrx_word' id='word_1_147' title='bbox 2474 847 2592 902; x_wconf 85' lang='lat' dir='ltr'><strong>Non</strong></span> <span class='ocrx_word' id='word_1_148' title='bbox 2640 848 2824 916; x_wconf 82' lang='lat' dir='ltr'><strong>igitur,</strong></span> <span class='ocrx_word' id='word_1_149' title='bbox 2857 847 2942 901; x_wconf 89' lang='lat' dir='ltr'><strong>vir</strong></span> <span class='ocrx_word' id='word_1_150' title='bbox 2987 853 3196 911; x_wconf 87' lang='lat' dir='ltr'><strong>sancte,</strong></span> <span class='ocrx_word' id='word_1_151' title='bbox 3237 845 3388 915; x_wconf 86' lang='lat' dir='ltr'><strong>quod</strong></span> 
     </span>
    </p>
   </div>
   <div class='ocr_carea' id='block_1_24' title="bbox 1808 921 3388 1009">
    <p class='ocr_par' dir='ltr' id='par_1_24' title="bbox 1808 921 3388 1009">
     <span class='ocr_line' id='line_1_24' title="bbox 1808 921 3388 1009; baseline -0.004 -13"><span class='ocrx_word' id='word_1_152' title='bbox 1808 943 2096 996; x_wconf 66' lang='lat' dir='ltr'><strong>discordia:</strong></span> <span class='ocrx_word' id='word_1_153' title='bbox 2128 943 2232 998; x_wconf 87' lang='lat' dir='ltr'><strong>illis</strong></span> <span class='ocrx_word' id='word_1_154' title='bbox 2257 943 2307 996; x_wconf 88' lang='lat' dir='ltr'><strong>in</strong></span> <span class='ocrx_word' id='word_1_155' title='bbox 2339 943 2474 996; x_wconf 91' lang='lat' dir='ltr'><strong>locis</strong></span> <span class='ocrx_word' id='word_1_156' title='bbox 2514 921 2630 1009; x_wconf 78' lang='lat' dir='ltr'><strong>ipse</strong></span> <span class='ocrx_word' id='word_1_157' title='bbox 2653 948 2843 992; x_wconf 81' lang='lat' dir='ltr'><strong>auctor</strong></span> <span class='ocrx_word' id='word_1_158' title='bbox 2889 937 3074 1001; x_wconf 86' lang='lat' dir='ltr'><strong>fuerit,</strong></span> <span class='ocrx_word' id='word_1_159' title='bbox 3123 937 3220 992; x_wconf 88' lang='lat' dir='ltr'><strong>sed</strong></span> <span class='ocrx_word' id='word_1_160' title='bbox 3260 951 3388 1005; x_wconf 80' lang='lat' dir='ltr'><strong>pro-</strong></span> 
     </span>
    </p>
   </div>
   <div class='ocr_carea' id='block_1_25' title="bbox 1809 1027 3385 1102">
    <p class='ocr_par' dir='ltr' id='par_1_25' title="bbox 1809 1027 3385 1102">
     <span class='ocr_line' id='line_1_25' title="bbox 1809 1027 3385 1102; baseline -0.004 -16"><span class='ocrx_word' id='word_1_161' title='bbox 1809 1042 1928 1102; x_wconf 86' lang='lat' dir='ltr'><strong>pter</strong></span> <span class='ocrx_word' id='word_1_162' title='bbox 1975 1049 2224 1102; x_wconf 86' lang='lat' dir='ltr'><strong>perversa</strong></span> <span class='ocrx_word' id='word_1_163' title='bbox 2255 1033 2537 1097; x_wconf 88' lang='lat' dir='ltr'><strong>scandala,</strong></span> <span class='ocrx_word' id='word_1_164' title='bbox 2569 1030 2714 1084; x_wconf 85' lang='lat' dir='ltr'><strong>vetui</strong></span> <span class='ocrx_word' id='word_1_165' title='bbox 2751 1045 2818 1084; x_wconf 87' lang='lat' dir='ltr'><strong>ne</strong></span> <span class='ocrx_word' id='word_1_166' title='bbox 2849 1027 3016 1084; x_wconf 80' lang='lat' dir='ltr'><strong>frater</strong></span> <span class='ocrx_word' id='word_1_167' title='bbox 3047 1028 3385 1098; x_wconf 85' lang='lat' dir='ltr'><strong>palinodiam</strong></span> 
     </span>
    </p>
   </div>
   <div class='ocr_carea' id='block_1_26' title="bbox 1811 1120 3388 1191">
    <p class='ocr_par' dir='ltr' id='par_1_26' title="bbox 1811 1120 3388 1191">
     <span class='ocr_line' id='line_1_26' title="bbox 1811 1120 3388 1191; baseline -0.004 -12"><span class='ocrx_word' id='word_1_168' title='bbox 1811 1134 2067 1191; x_wconf 84' lang='lat' dir='ltr'><strong>caneret;</strong></span> <span class='ocrx_word' id='word_1_169' title='bbox 2096 1133 2154 1180; x_wconf 92' lang='lat' dir='ltr'><strong>ut</strong></span> <span class='ocrx_word' id='word_1_170' title='bbox 2177 1135 2231 1180; x_wconf 90' lang='lat' dir='ltr'><strong>et</strong></span> <span class='ocrx_word' id='word_1_171' title='bbox 2253 1133 2542 1180; x_wconf 86' lang='lat' dir='ltr'><strong>accusatus</strong></span> <span class='ocrx_word' id='word_1_172' title='bbox 2591 1123 2904 1177; x_wconf 80' lang='lat' dir='ltr'><strong>absolvatur</strong></span> <span class='ocrx_word' id='word_1_173' title='bbox 2950 1120 3303 1184; x_wconf 86' lang='lat' dir='ltr'><strong>criminibus,</strong></span> <span class='ocrx_word' id='word_1_174' title='bbox 3334 1129 3388 1173; x_wconf 89' lang='lat' dir='ltr'><strong>et</strong></span> 
     </span>
    </p>
   </div>
   <div class='ocr_carea' id='block_1_27' title="bbox 1794 1212 3376 1288">
    <p class='ocr_par' dir='ltr' id='par_1_27' title="bbox 1794 1212 3376 1288">
     <span class='ocr_line' id='line_1_27' title="bbox 1794 1212 3376 1288; baseline -0.003 -17"><span class='ocrx_word' id='word_1_175' title='bbox 1794 1218 2098 1286; x_wconf 87' lang='lat' dir='ltr'><strong>quiescant</strong></span> <span class='ocrx_word' id='word_1_176' title='bbox 2120 1218 2214 1288; x_wconf 89' lang='lat' dir='ltr'><strong>qui</strong></span> <span class='ocrx_word' id='word_1_177' title='bbox 2237 1219 2646 1274; x_wconf 87' lang='lat' dir='ltr'><strong>criminationes</strong></span> <span class='ocrx_word' id='word_1_178' title='bbox 2673 1226 2875 1278; x_wconf 89' lang='lat' dir='ltr'><strong>amant,</strong></span> <span class='ocrx_word' id='word_1_179' title='bbox 2895 1223 2946 1268; x_wconf 92' lang='lat' dir='ltr'><strong>et</strong></span> <span class='ocrx_word' id='word_1_180' title='bbox 2971 1214 3098 1267; x_wconf 89' lang='lat' dir='ltr'><strong>vitia</strong></span> <span class='ocrx_word' id='word_1_181' title='bbox 3116 1212 3376 1268; x_wconf 90' lang='lat' dir='ltr'><strong>vendunt.</strong></span> 
     </span>
    </p>
   </div>
   <div class='ocr_carea' id='block_1_28' title="bbox 1813 1305 3387 1378">
    <p class='ocr_par' dir='ltr' id='par_1_28' title="bbox 1813 1305 3387 1378">
     <span class='ocr_line' id='line_1_28' title="bbox 1813 1305 3387 1378; baseline -0.004 -15"><span class='ocrx_word' id='word_1_182' title='bbox 1813 1309 2005 1378; x_wconf 85' lang='lat' dir='ltr'><strong>Tuque</strong></span> <span class='ocrx_word' id='word_1_183' title='bbox 2051 1309 2401 1364; x_wconf 84' lang='lat' dir='ltr'><strong>beatissimus</strong></span> <span class='ocrx_word' id='word_1_184' title='bbox 2437 1307 2596 1361; x_wconf 89' lang='lat' dir='ltr'><strong>Pater</strong></span> <span class='ocrx_word' id='word_1_185' title='bbox 2630 1320 2816 1361; x_wconf 88' lang='lat' dir='ltr'><strong>noster</strong></span> <span class='ocrx_word' id='word_1_186' title='bbox 2855 1307 2939 1360; x_wconf 88' lang='lat' dir='ltr'><strong>his</strong></span> <span class='ocrx_word' id='word_1_187' title='bbox 2967 1305 3166 1363; x_wconf 88' lang='lat' dir='ltr'><strong>auditis</strong></span> <span class='ocrx_word' id='word_1_188' title='bbox 3198 1317 3387 1373; x_wconf 88' lang='lat' dir='ltr'><strong>preces</strong></span> 
     </span>
    </p>
   </div>
   <div class='ocr_carea' id='block_1_29' title="bbox 1817 1396 3384 1471">
    <p class='ocr_par' dir='ltr' id='par_1_29' title="bbox 1817 1396 3384 1471">
     <span class='ocr_line' id='line_1_29' title="bbox 1817 1396 3384 1471; baseline -0.006 -11"><span class='ocrx_word' id='word_1_189' title='bbox 1817 1417 1938 1460; x_wconf 91' lang='lat' dir='ltr'><strong>tuas</strong></span> <span class='ocrx_word' id='word_1_190' title='bbox 1993 1403 2161 1458; x_wconf 88' lang='lat' dir='ltr'><strong>Deum</strong></span> <span class='ocrx_word' id='word_1_191' title='bbox 2214 1404 2550 1458; x_wconf 84' lang='lat' dir='ltr'><strong>inflectentes</strong></span> <span class='ocrx_word' id='word_1_192' title='bbox 2596 1400 2847 1471; x_wconf 85' lang='lat' dir='ltr'><strong>largiaris</strong></span> <span class='ocrx_word' id='word_1_193' title='bbox 2904 1400 3088 1462; x_wconf 90' lang='lat' dir='ltr'><strong>nobis,</strong></span> <span class='ocrx_word' id='word_1_194' title='bbox 3119 1407 3173 1453; x_wconf 89' lang='lat' dir='ltr'><strong>et</strong></span> <span class='ocrx_word' id='word_1_195' title='bbox 3225 1396 3384 1452; x_wconf 80' lang='lat' dir='ltr'><strong>fratri</strong></span> 
     </span>
    </p>
   </div>
   <div class='ocr_carea' id='block_1_30' title="bbox 1816 1511 2029 1550">
    <p class='ocr_par' dir='ltr' id='par_1_30' title="bbox 1816 1511 2029 1550">
     <span class='ocr_line' id='line_1_30' title="bbox 1816 1511 2029 1550; baseline -0.009 0"><span class='ocrx_word' id='word_1_196' title='bbox 1816 1511 2029 1550; x_wconf 78' lang='lat' dir='ltr'><strong>veniam</strong></span> 
     </span>
    </p>
   </div>
   <div class='ocr_carea' id='block_1_31' title="bbox 2133 1787 3068 1857">
    <p class='ocr_par' dir='ltr' id='par_1_31' title="bbox 2133 1787 3068 1857">
     <span class='ocr_line' id='line_1_31' title="bbox 2133 1787 3068 1857; baseline -0.006 -11"><span class='ocrx_word' id='word_1_197' title='bbox 2133 1789 2434 1846; x_wconf 81' lang='lat' dir='ltr'><strong>CLVlll.——</strong></span> <span class='ocrx_word' id='word_1_198' title='bbox 2448 1788 2648 1842; x_wconf 80' lang='lat' dir='ltr'><strong>Joanni</strong></span> <span class='ocrx_word' id='word_1_199' title='bbox 2678 1787 2961 1857; x_wconf 82' lang='lat' dir='ltr'><strong>Spathario</strong></span> <span class='ocrx_word' id='word_1_200' title='bbox 2979 1787 3068 1855; x_wconf 69' lang='grc' dir='ltr'><strong>(Ἴ.</strong></span> 
     </span>
    </p>
   </div>
   <div class='ocr_carea' id='block_1_32' title="bbox 732 1890 2803 1960">
    <p class='ocr_par' dir='ltr' id='par_1_32' title="bbox 732 1890 2803 1960">
     <span class='ocr_line' id='line_1_32' title="bbox 732 1890 2803 1960; baseline -0.001 -12"><span class='ocrx_word' id='word_1_201' title='bbox 732 1899 808 1949; x_wconf 93' lang='lat' dir='ltr'><strong>De</strong></span> <span class='ocrx_word' id='word_1_202' title='bbox 839 1896 1128 1960; x_wconf 84' lang='lat' dir='ltr'><strong>Theologia,</strong></span> <span class='ocrx_word' id='word_1_203' title='bbox 1157 1900 1210 1946; x_wconf 86' lang='lat' dir='ltr'><strong>et</strong></span> <span class='ocrx_word' id='word_1_204' title='bbox 1232 1897 1295 1946; x_wconf 91' lang='lat' dir='ltr'><strong>de</strong></span> <span class='ocrx_word' id='word_1_205' title='bbox 1320 1894 1481 1946; x_wconf 85' lang='lat' dir='ltr'><strong>divina</strong></span> <span class='ocrx_word' id='word_1_206' title='bbox 1499 1893 1852 1957; x_wconf 87' lang='lat' dir='ltr'><strong>incarnatione,</strong></span> <span class='ocrx_word' id='word_1_207' title='bbox 1886 1907 1938 1949; x_wconf 90' lang='lat' dir='ltr'><strong>et</strong></span> <span class='ocrx_word' id='word_1_208' title='bbox 1961 1890 2026 1949; x_wconf 84' lang='lat' dir='ltr'><strong>de</strong></span> <span class='ocrx_word' id='word_1_209' title='bbox 2048 1899 2226 1949; x_wconf 87' lang='lat' dir='ltr'><strong>sanctis</strong></span> <span class='ocrx_word' id='word_1_210' title='bbox 2248 1911 2304 1948; x_wconf 89' lang='lat' dir='ltr'><strong>ac</strong></span> <span class='ocrx_word' id='word_1_211' title='bbox 2323 1897 2479 1948; x_wconf 82' lang='lat' dir='ltr'><strong>sacris</strong></span> <span class='ocrx_word' id='word_1_212' title='bbox 2493 1896 2803 1960; x_wconf 82' lang='lat' dir='ltr'><strong>imaginibus.</strong></span> 
     </span>
    </p>
   </div>
   <div class='ocr_carea' id='block_1_33' title="bbox 224 2007 1728 2080">
    <p class='ocr_par' dir='ltr' id='par_1_33' title="bbox 224 2009 1718 2080">
     <span class='ocr_line' id='line_1_33' title="bbox 224 2009 1718 2080; baseline -0.003 -13"><span class='ocrx_word' id='word_1_213' title='bbox 224 2013 298 2067; x_wconf 86' lang='grc' dir='ltr'>Τὸ</span> <span class='ocrx_word' id='word_1_214' title='bbox 349 2010 683 2079; x_wconf 87' lang='grc' dir='ltr'>Εὐαγγέλιον</span> <span class='ocrx_word' id='word_1_215' title='bbox 731 2009 831 2079; x_wconf 84' lang='grc' dir='ltr'><strong>τῆς</strong></span> <span class='ocrx_word' id='word_1_216' title='bbox 885 2009 1159 2078; x_wconf 76' lang='grc' dir='ltr'>σωτηρίας</span> <span class='ocrx_word' id='word_1_217' title='bbox 1205 2009 1298 2062; x_wconf 87' lang='grc' dir='ltr'><strong>τοῦ</strong></span> <span class='ocrx_word' id='word_1_218' title='bbox 1356 2009 1718 2080; x_wconf 85' lang='grc' dir='ltr'>εὐλογημένου</span> 
     </span>
    </p>
   </div>
   <div class='ocr_carea' id='block_1_34' title="bbox 1832 2007 3392 2080">
    <p class='ocr_par' dir='ltr' id='par_1_34' title="bbox 1894 2007 3392 2076">
     <span class='ocr_line' id='line_1_34' title="bbox 1894 2007 3392 2076; baseline -0.005 -10"><span class='ocrx_word' id='word_1_219' title='bbox 1894 2012 2129 2067; x_wconf 86' lang='lat' dir='ltr'><strong>Faustus</strong></span> <span class='ocrx_word' id='word_1_220' title='bbox 2163 2012 2230 2068; x_wconf 90' lang='lat' dir='ltr'><strong>de</strong></span> <span class='ocrx_word' id='word_1_221' title='bbox 2263 2012 2441 2067; x_wconf 85' lang='lat' dir='ltr'><strong>salute</strong></span> <span class='ocrx_word' id='word_1_222' title='bbox 2476 2009 2747 2066; x_wconf 89' lang='lat' dir='ltr'><strong>benedicti</strong></span> <span class='ocrx_word' id='word_1_223' title='bbox 2779 2009 2986 2063; x_wconf 90' lang='lat' dir='ltr'><strong>domini</strong></span> <span class='ocrx_word' id='word_1_224' title='bbox 3036 2008 3141 2062; x_wconf 91' lang='lat' dir='ltr'><strong>mei</strong></span> <span class='ocrx_word' id='word_1_225' title='bbox 3187 2015 3242 2061; x_wconf 88' lang='lat' dir='ltr'><strong>et</strong></span> <span class='ocrx_word' id='word_1_226' title='bbox 3278 2007 3392 2076; x_wconf 84' lang='lat' dir='ltr'><strong>spi-</strong></span> 
     </span>
    </p>
   </div>
   <div class='ocr_carea' id='block_1_35' title="bbox 155 2101 1721 2178">
    <p class='ocr_par' dir='ltr' id='par_1_35' title="bbox 155 2101 1721 2178">
     <span class='ocr_line' id='line_1_35' title="bbox 155 2101 1721 2178; baseline -0.003 -18"><span class='ocrx_word' id='word_1_227' title='bbox 155 2125 258 2178; x_wconf 87' lang='grc' dir='ltr'><strong>μου</strong></span> <span class='ocrx_word' id='word_1_228' title='bbox 293 2105 558 2159; x_wconf 86' lang='grc' dir='ltr'>δεσπότου</span> <span class='ocrx_word' id='word_1_229' title='bbox 591 2102 682 2157; x_wconf 83' lang='grc' dir='ltr'><strong>καὶ</strong></span> <span class='ocrx_word' id='word_1_230' title='bbox 719 2102 1092 2173; x_wconf 76' lang='grc' dir='ltr'>πνευματικοῦ</span> <span class='ocrx_word' id='word_1_231' title='bbox 1118 2101 1350 2170; x_wconf 77' lang='grc' dir='ltr'>ἀδελφοῦ</span> <span class='ocrx_word' id='word_1_232' title='bbox 1376 2103 1468 2155; x_wconf 76' lang='grc' dir='ltr'><strong>καὶ</strong></span> <span class='ocrx_word' id='word_1_233' title='bbox 1497 2103 1602 2172; x_wconf 89' lang='grc' dir='ltr'><strong>πρὸ</strong></span> <span class='ocrx_word' id='word_1_234' title='bbox 1627 2102 1721 2155; x_wconf 89' lang='grc' dir='ltr'><strong>τοῦ</strong></span> 
     </span>
    </p>
   </div>
   <div class='ocr_carea' id='block_1_36' title="bbox 153 2193 1725 2268">
    <p class='ocr_par' dir='ltr' id='par_1_36' title="bbox 153 2193 1725 2268">
     <span class='ocr_line' id='line_1_36' title="bbox 153 2193 1725 2268; baseline -0.004 -15"><span class='ocrx_word' id='word_1_235' title='bbox 153 2199 487 2268; x_wconf 84' lang='grc' dir='ltr'>γράμματος</span> <span class='ocrx_word' id='word_1_236' title='bbox 517 2193 885 2263; x_wconf 83' lang='grc' dir='ltr'>ἀπαγγελθὲν,</span> <span class='ocrx_word' id='word_1_237' title='bbox 925 2193 1301 2264; x_wconf 79' lang='grc' dir='ltr'>ἧδυνεν“ήμῶν</span> <span class='ocrx_word' id='word_1_238' title='bbox 1330 2194 1426 2252; x_wconf 83' lang='grc' dir='ltr'><strong>τὰς</strong></span> <span class='ocrx_word' id='word_1_239' title='bbox 1463 2195 1725 2257; x_wconf 84' lang='grc' dir='ltr'>ταπεινὰς</span> 
     </span>
    </p>
   </div>
   <div class='ocr_carea' id='block_1_37' title="bbox 158 2282 1724 2361">
    <p class='ocr_par' dir='ltr' id='par_1_37' title="bbox 158 2282 1724 2361">
     <span class='ocr_line' id='line_1_37' title="bbox 158 2282 1724 2361; baseline -0.005 -18"><span class='ocrx_word' id='word_1_240' title='bbox 158 2290 417 2361; x_wconf 78' lang='grc' dir='ltr'>καρδίαςο</span> <span class='ocrx_word' id='word_1_241' title='bbox 463 2289 583 2340; x_wconf 82' lang='grc' dir='ltr'>ἐπεὶ</span> <span class='ocrx_word' id='word_1_242' title='bbox 613 2287 670 2339; x_wconf 82' lang='grc' dir='ltr'><strong>δὲ</strong></span> <span class='ocrx_word' id='word_1_243' title='bbox 705 2287 798 2339; x_wconf 71' lang='grc' dir='ltr'><strong>καὶ</strong></span> <span class='ocrx_word' id='word_1_244' title='bbox 828 2283 1141 2353; x_wconf 85' lang='grc' dir='ltr'>ἀνεγνώσθη</span> <span class='ocrx_word' id='word_1_245' title='bbox 1170 2325 1183 2349; x_wconf 93' lang='grc'><strong>,</strong></span> <span class='ocrx_word' id='word_1_246' title='bbox 1225 2284 1443 2346; x_wconf 83' lang='grc' dir='ltr'>τελείως</span> <span class='ocrx_word' id='word_1_247' title='bbox 1488 2282 1724 2354; x_wconf 81' lang='grc' dir='ltr'>εὐφρανε</span> 
     </span>
    </p>
   </div>
   <div class='ocr_carea' id='block_1_38' title="bbox 157 2376 1722 2452">
    <p class='ocr_par' dir='ltr' id='par_1_38' title="bbox 157 2376 1722 2452">
     <span class='ocr_line' id='line_1_38' title="bbox 157 2376 1722 2452; baseline -0.006 -16"><span class='ocrx_word' id='word_1_248' title='bbox 157 2385 250 2437; x_wconf 82' lang='grc' dir='ltr'><strong>καὶ</strong></span> <span class='ocrx_word' id='word_1_249' title='bbox 279 2381 641 2452; x_wconf 84' lang='grc' dir='ltr'>ἐχαροποίησε</span> <span class='ocrx_word' id='word_1_250' title='bbox 665 2395 679 2408; x_wconf 74' lang='grc'><strong>⁸</strong></span> <span class='ocrx_word' id='word_1_251' title='bbox 715 2379 808 2430; x_wconf 75' lang='grc' dir='ltr'><strong>καὶ</strong></span> <span class='ocrx_word' id='word_1_252' title='bbox 835 2377 932 2446; x_wconf 86' lang='grc' dir='ltr'><strong>οὐχ</strong></span> <span class='ocrx_word' id='word_1_253' title='bbox 963 2377 1112 2445; x_wconf 81' lang='grc' dir='ltr'>ἡμᾶς</span> <span class='ocrx_word' id='word_1_254' title='bbox 1157 2376 1512 2444; x_wconf 80' lang='grc' dir='ltr'>μόνους.τοὺς</span> <span class='ocrx_word' id='word_1_255' title='bbox 1542 2377 1722 2446; x_wconf 86' lang='grc' dir='ltr'>ἁμαρ-</span> 
     </span>
    </p>
   </div>
   <div class='ocr_carea' id='block_1_39' title="bbox 157 2464 1724 2535">
    <p class='ocr_par' dir='ltr' id='par_1_39' title="bbox 157 2464 1724 2535">
     <span class='ocr_line' id='line_1_39' title="bbox 157 2464 1724 2535; baseline -0.006 -10"><span class='ocrx_word' id='word_1_256' title='bbox 157 2471 385 2534; x_wconf 80' lang='grc' dir='ltr'>τωλοὺς,</span> <span class='ocrx_word' id='word_1_257' title='bbox 427 2468 565 2522; x_wconf 83' lang='grc' dir='ltr'>ἀλλὰ</span> <span class='ocrx_word' id='word_1_258' title='bbox 606 2469 700 2520; x_wconf 78' lang='grc' dir='ltr'><strong>καὶ</strong></span> <span class='ocrx_word' id='word_1_259' title='bbox 743 2467 839 2528; x_wconf 87' lang='grc' dir='ltr'>τὰς</span> <span class='ocrx_word' id='word_1_260' title='bbox 887 2464 1185 2534; x_wconf 80' lang='grc' dir='ltr'>ἁγγελικάς</span> <span class='ocrx_word' id='word_1_261' title='bbox 1232 2464 1514 2533; x_wconf 88' lang='grc' dir='ltr'>δυνάμεις·</span> <span class='ocrx_word' id='word_1_262' title='bbox 1568 2465 1724 2535; x_wconf 86' lang='grc' dir='ltr'>εἴπερ</span> 
     </span>
    </p>
   </div>
   <div class='ocr_carea' id='block_1_40' title="bbox 159 2556 1727 2633">
    <p class='ocr_par' dir='ltr' id='par_1_40' title="bbox 159 2556 1727 2633">
     <span class='ocr_line' id='line_1_40' title="bbox 159 2556 1727 2633; baseline -0.004 -19"><span class='ocrx_word' id='word_1_263' title='bbox 159 2562 243 2631; x_wconf 77' lang='grc' dir='ltr'><strong>ἐφ’</strong></span> <span class='ocrx_word' id='word_1_264' title='bbox 268 2564 350 2616; x_wconf 74' lang='grc' dir='ltr'>ἐνὶ</span> <span class='ocrx_word' id='word_1_265' title='bbox 372 2560 642 2633; x_wconf 83' lang='grc' dir='ltr'>ἀνθρώπῳ</span> <span class='ocrx_word' id='word_1_266' title='bbox 680 2556 1026 2629; x_wconf 81' lang='grc' dir='ltr'>μετανοοῦντι</span> <span class='ocrx_word' id='word_1_267' title='bbox 1052 2557 1195 2627; x_wconf 90' lang='grc' dir='ltr'><strong>χαρά</strong></span> <span class='ocrx_word' id='word_1_268' title='bbox 1223 2559 1279 2609; x_wconf 87' lang='grc' dir='ltr'><strong>ἐν</strong></span> <span class='ocrx_word' id='word_1_269' title='bbox 1307 2561 1554 2626; x_wconf 77' lang='grc' dir='ltr'>οὐρανοῖς</span> <span class='ocrx_word' id='word_1_270' title='bbox 1583 2558 1727 2625; x_wconf 80' lang='grc' dir='ltr'>γίνε-</span> 
     </span>
    </p>
   </div>
   <div class='ocr_carea' id='block_1_41' title="bbox 159 2647 1727 2723">
    <p class='ocr_par' dir='ltr' id='par_1_41' title="bbox 159 2647 1727 2723">
     <span class='ocr_line' id='line_1_41' title="bbox 159 2647 1727 2723; baseline -0.005 -15"><span class='ocrx_word' id='word_1_271' title='bbox 159 2673 270 2720; x_wconf 86' lang='grc' dir='ltr'>ται,</span> <span class='ocrx_word' id='word_1_272' title='bbox 301 2657 444 2708; x_wconf 85' lang='grc' dir='ltr'><strong>κατά</strong></span> <span class='ocrx_word' id='word_1_273' title='bbox 475 2654 545 2706; x_wconf 88' lang='grc' dir='ltr'><strong>τά</strong></span> <span class='ocrx_word' id='word_1_274' title='bbox 571 2652 693 2723; x_wconf 81' lang='grc' dir='ltr'><strong>ίερά</strong></span> <span class='ocrx_word' id='word_1_275' title='bbox 737 2649 920 2717; x_wconf 83' lang='grc' dir='ltr'>λόγια.</span> <span class='ocrx_word' id='word_1_276' title='bbox 960 2649 1096 2701; x_wconf 84' lang='grc' dir='ltr'>Ἀλλ’</span> <span class='ocrx_word' id='word_1_277' title='bbox 1132 2647 1423 2723; x_wconf 76' lang='grc' dir='ltr'>εὐλογητὸς</span> <span class='ocrx_word' id='word_1_278' title='bbox 1452 2651 1479 2701; x_wconf 90' lang='lat'><strong>6</strong></span> <span class='ocrx_word' id='word_1_279' title='bbox 1502 2649 1633 2710; x_wconf 86' lang='grc' dir='ltr'>Θεὸς</span> <span class='ocrx_word' id='word_1_280' title='bbox 1671 2649 1727 2709; x_wconf 84' lang='grc' dir='ltr'>ὃς</span> 
     </span>
    </p>
   </div>
   <div class='ocr_carea' id='block_1_42' title="bbox 161 2741 1727 2816">
    <p class='ocr_par' dir='ltr' id='par_1_42' title="bbox 161 2741 1727 2816">
     <span class='ocr_line' id='line_1_42' title="bbox 161 2741 1727 2816; baseline -0.004 -17"><span class='ocrx_word' id='word_1_281' title='bbox 161 2749 259 2800; x_wconf 91' lang='grc' dir='ltr'><strong>οὐκ</strong></span> <span class='ocrx_word' id='word_1_282' title='bbox 288 2749 438 2801; x_wconf 79' lang='grc' dir='ltr'>εἴασε</span> <span class='ocrx_word' id='word_1_283' title='bbox 467 2746 567 2816; x_wconf 83' lang='grc' dir='ltr'>τὴν</span> <span class='ocrx_word' id='word_1_284' title='bbox 596 2743 886 2814; x_wconf 83' lang='grc' dir='ltr'>τιμιότητά</span> <span class='ocrx_word' id='word_1_285' title='bbox 918 2759 1010 2795; x_wconf 89' lang='grc' dir='ltr'><strong>σου</strong></span> <span class='ocrx_word' id='word_1_286' title='bbox 1035 2742 1138 2804; x_wconf 77' lang='grc' dir='ltr'>ἓως</span> <span class='ocrx_word' id='word_1_287' title='bbox 1167 2741 1354 2803; x_wconf 87' lang='grc' dir='ltr'>τέλους</span> <span class='ocrx_word' id='word_1_288' title='bbox 1378 2742 1727 2811; x_wconf 86' lang='grc' dir='ltr'>συναπαχθῆ-</span> 
     </span>
    </p>
   </div>
   <div class='ocr_carea' id='block_1_43' title="bbox 163 2833 1730 2912">
    <p class='ocr_par' dir='ltr' id='par_1_43' title="bbox 163 2833 1730 2912">
     <span class='ocr_line' id='line_1_43' title="bbox 163 2833 1730 2912; baseline -0.005 -17"><span class='ocrx_word' id='word_1_289' title='bbox 163 2861 248 2895; x_wconf 87' lang='grc' dir='ltr'><strong>ναι</strong></span> <span class='ocrx_word' id='word_1_290' title='bbox 286 2845 354 2912; x_wconf 83' lang='grc' dir='ltr'>τῇ</span> <span class='ocrx_word' id='word_1_291' title='bbox 390 2841 605 2910; x_wconf 81' lang='grc' dir='ltr'>πονηρᾷ</span> <span class='ocrx_word' id='word_1_292' title='bbox 639 2837 849 2909; x_wconf 88' lang='grc' dir='ltr'>αἱρέσει</span> <span class='ocrx_word' id='word_1_293' title='bbox 887 2837 994 2888; x_wconf 85' lang='grc' dir='ltr'><strong>τῶν</strong></span> <span class='ocrx_word' id='word_1_294' title='bbox 1020 2835 1446 2905; x_wconf 83' lang='grc' dir='ltr'>Χριστομάχων·</span> <span class='ocrx_word' id='word_1_295' title='bbox 1478 2833 1613 2887; x_wconf 86' lang='grc' dir='ltr'><strong>ἀλλά</strong></span> <span class='ocrx_word' id='word_1_296' title='bbox 1644 2835 1730 2887; x_wconf 75' lang='grc' dir='ltr'><strong>διὰ</strong></span> 
     </span>
    </p>
   </div>
   <div class='ocr_carea' id='block_1_44' title="bbox 163 2926 1730 3004">
    <p class='ocr_par' dir='ltr' id='par_1_44' title="bbox 163 2926 1730 3004">
     <span class='ocr_line' id='line_1_44' title="bbox 163 2926 1730 3004; baseline -0.008 -15"><span class='ocrx_word' id='word_1_297' title='bbox 163 2936 259 3004; x_wconf 79' lang='grc' dir='ltr'>τῆς</span> <span class='ocrx_word' id='word_1_298' title='bbox 286 2934 458 3002; x_wconf 81' lang='grc' dir='ltr'>καλῆς</span> <span class='ocrx_word' id='word_1_299' title='bbox 491 2933 584 2983; x_wconf 80' lang='grc' dir='ltr'><strong>καὶ</strong></span> <span class='ocrx_word' id='word_1_300' title='bbox 607 2929 884 3000; x_wconf 85' lang='grc' dir='ltr'>μακαρίας</span> <span class='ocrx_word' id='word_1_301' title='bbox 920 2926 1184 2996; x_wconf 87' lang='grc' dir='ltr'>θυγατρὸς</span> <span class='ocrx_word' id='word_1_302' title='bbox 1211 2926 1544 2995; x_wconf 71' lang='grc' dir='ltr'>ἐπέστρεψεν</span> <span class='ocrx_word' id='word_1_303' title='bbox 1571 2927 1649 2987; x_wconf 82' lang='grc' dir='ltr'><strong>είς</strong></span> <span class='ocrx_word' id='word_1_304' title='bbox 1673 2929 1730 2977; x_wconf 89' lang='grc' dir='ltr'><strong>τὸ</strong></span> 
     </span>
    </p>
   </div>
   <div class='ocr_carea' id='block_1_45' title="bbox 166 3017 1729 3095">
    <p class='ocr_par' dir='ltr' id='par_1_45' title="bbox 166 3017 1729 3095">
     <span class='ocr_line' id='line_1_45' title="bbox 166 3017 1729 3095; baseline -0.007 -16"><span class='ocrx_word' id='word_1_305' title='bbox 166 3026 280 3095; x_wconf 81' lang='grc' dir='ltr'><strong>φῶς</strong></span> <span class='ocrx_word' id='word_1_306' title='bbox 326 3026 425 3094; x_wconf 82' lang='grc' dir='ltr'>τῆς</span> <span class='ocrx_word' id='word_1_307' title='bbox 458 3023 736 3090; x_wconf 87' lang='grc' dir='ltr'>ἀληθείας.</span> <span class='ocrx_word' id='word_1_308' title='bbox 786 3021 895 3073; x_wconf 76' lang='lat' dir='ltr'><strong>Kal.</strong></span> <span class='ocrx_word' id='word_1_309' title='bbox 939 3018 983 3072; x_wconf 84' lang='grc' dir='ltr'><strong>ὣ</strong></span> <span class='ocrx_word' id='word_1_310' title='bbox 1031 3018 1122 3071; x_wconf 86' lang='grc' dir='ltr'><strong>τοῦ</strong></span> <span class='ocrx_word' id='word_1_311' title='bbox 1167 3017 1460 3088; x_wconf 85' lang='grc' dir='ltr'>θαύματος,</span> <span class='ocrx_word' id='word_1_312' title='bbox 1505 3019 1598 3069; x_wconf 72' lang='grc' dir='ltr'><strong>καὶ⁵</strong></span> <span class='ocrx_word' id='word_1_313' title='bbox 1635 3017 1729 3069; x_wconf 82' lang='grc' dir='ltr'><strong>τοῦ</strong></span> 
     </span>
    </p>
   </div>
   <div class='ocr_carea' id='block_1_46' title="bbox 167 3108 1731 3186">
    <p class='ocr_par' dir='ltr' id='par_1_46' title="bbox 167 3108 1731 3186">
     <span class='ocr_line' id='line_1_46' title="bbox 167 3108 1731 3186; baseline -0.006 -17"><span class='ocrx_word' id='word_1_314' title='bbox 167 3117 550 3186; x_wconf 86' lang='grc' dir='ltr'>γεννήσαντος,</span> <span class='ocrx_word' id='word_1_315' title='bbox 586 3113 680 3166; x_wconf 65' lang='grc' dir='ltr'><strong>κα)⁸</strong></span> <span class='ocrx_word' id='word_1_316' title='bbox 706 3112 805 3181; x_wconf 80' lang='grc' dir='ltr'><strong>τῆς</strong></span> <span class='ocrx_word' id='word_1_317' title='bbox 841 3110 1226 3180; x_wconf 83' lang='grc' dir='ltr'>γεννηθείσηςί</span> <span class='ocrx_word' id='word_1_318' title='bbox 1261 3110 1323 3160; x_wconf 83' lang='grc' dir='ltr'><strong>Ὢ</strong></span> <span class='ocrx_word' id='word_1_319' title='bbox 1351 3109 1450 3177; x_wconf 84' lang='grc' dir='ltr'><strong>τῆς</strong></span> <span class='ocrx_word' id='word_1_320' title='bbox 1479 3108 1585 3160; x_wconf 86' lang='grc' dir='ltr'><strong>τῶν</strong></span> <span class='ocrx_word' id='word_1_321' title='bbox 1622 3109 1731 3177; x_wconf 85' lang='grc' dir='ltr'>ἀμ-</span> 
     </span>
    </p>
   </div>
   <div class='ocr_carea' id='block_1_47' title="bbox 168 3199 1732 3276">
    <p class='ocr_par' dir='ltr' id='par_1_47' title="bbox 168 3199 1732 3276">
     <span class='ocr_line' id='line_1_47' title="bbox 168 3199 1732 3276; baseline -0.008 -15"><span class='ocrx_word' id='word_1_322' title='bbox 168 3210 409 3276; x_wconf 82' lang='grc' dir='ltr'>φοτέρων</span> <span class='ocrx_word' id='word_1_323' title='bbox 441 3203 765 3274; x_wconf 86' lang='grc' dir='ltr'>εἰλικρινοῦς</span> <span class='ocrx_word' id='word_1_324' title='bbox 797 3201 1047 3272; x_wconf 80' lang='grc' dir='ltr'>ἀγάπηςι</span> <span class='ocrx_word' id='word_1_325' title='bbox 1088 3200 1185 3270; x_wconf 83' lang='grc' dir='ltr'><strong>τῆς</strong></span> <span class='ocrx_word' id='word_1_326' title='bbox 1238 3199 1334 3269; x_wconf 81' lang='grc' dir='ltr'><strong>μὲν</strong></span> <span class='ocrx_word' id='word_1_327' title='bbox 1367 3199 1732 3268; x_wconf 82' lang='grc' dir='ltr'>φροντισάσης</span> 
     </span>
    </p>
   </div>
   <div class='ocr_carea' id='block_1_48' title="bbox 170 3290 1730 3359">
    <p class='ocr_par' dir='ltr' id='par_1_48' title="bbox 170 3290 1730 3359">
     <span class='ocr_line' id='line_1_48' title="bbox 170 3290 1730 3359; baseline -0.005 -11"><span class='ocrx_word' id='word_1_328' title='bbox 170 3298 255 3352; x_wconf 82' lang='grc' dir='ltr'>ἐπ’</span> <span class='ocrx_word' id='word_1_329' title='bbox 299 3297 491 3358; x_wconf 85' lang='grc' dir='ltr'>αὐταῖς</span> <span class='ocrx_word' id='word_1_330' title='bbox 531 3298 652 3358; x_wconf 87' lang='grc' dir='ltr'>ταῖς</span> <span class='ocrx_word' id='word_1_331' title='bbox 685 3294 1013 3355; x_wconf 85' lang='grc' dir='ltr'>τελευταίαις</span> <span class='ocrx_word' id='word_1_332' title='bbox 1041 3293 1338 3351; x_wconf 83' lang='grc' dir='ltr'>ἀναπνοαῖς</span> <span class='ocrx_word' id='word_1_333' title='bbox 1369 3291 1430 3342; x_wconf 89' lang='grc' dir='ltr'><strong>τὸ</strong></span> <span class='ocrx_word' id='word_1_334' title='bbox 1469 3290 1730 3359; x_wconf 80' lang='grc' dir='ltr'>πατρικὸν</span> 
     </span>
    </p>
   </div>
   <div class='ocr_carea' id='block_1_49' title="bbox 172 3359 1804 3457">
    <p class='ocr_par' dir='ltr' id='par_1_49' title="bbox 172 3359 1804 3457">
     <span class='ocr_line' id='line_1_49' title="bbox 172 3359 1804 3457; baseline -0.007 -14"><span class='ocrx_word' id='word_1_335' title='bbox 172 3389 396 3457; x_wconf 84' lang='grc' dir='ltr'>σῶσμα·</span> <span class='ocrx_word' id='word_1_336' title='bbox 447 3386 542 3439; x_wconf 86' lang='grc' dir='ltr'><strong>τοῦ</strong></span> <span class='ocrx_word' id='word_1_337' title='bbox 587 3388 644 3439; x_wconf 83' lang='grc' dir='ltr'>δὲ</span> <span class='ocrx_word' id='word_1_338' title='bbox 692 3385 971 3444; x_wconf 86' lang='grc' dir='ltr'>κλίναντος</span> <span class='ocrx_word' id='word_1_339' title='bbox 1009 3381 1327 3451; x_wconf 85' lang='grc' dir='ltr'>θεοπρεπῶς</span> <span class='ocrx_word' id='word_1_340' title='bbox 1379 3382 1438 3433; x_wconf 90' lang='grc' dir='ltr'><strong>τὸ</strong></span> <span class='ocrx_word' id='word_1_341' title='bbox 1484 3380 1595 3444; x_wconf 77' lang='grc' dir='ltr'>οὖς,</span> <span class='ocrx_word' id='word_1_342' title='bbox 1639 3382 1731 3434; x_wconf 75' lang='grc' dir='ltr'><strong>καὶ</strong></span> <span class='ocrx_word' id='word_1_343' title='bbox 1760 3359 1804 3416; x_wconf 75' lang='lat' dir='ltr'>c</span> 
     </span>
    </p>
   </div>
   <div class='ocr_carea' id='block_1_50' title="bbox 170 3473 1732 3550">
    <p class='ocr_par' dir='ltr' id='par_1_50' title="bbox 170 3473 1732 3550">
     <span class='ocr_line' id='line_1_50' title="bbox 170 3473 1732 3550; baseline -0.007 -17"><span class='ocrx_word' id='word_1_344' title='bbox 170 3479 539 3550; x_wconf 84' lang='grc' dir='ltr'>χαρισαμένου</span> <span class='ocrx_word' id='word_1_345' title='bbox 585 3480 650 3546; x_wconf 83' lang='grc' dir='ltr'>τῇ</span> <span class='ocrx_word' id='word_1_346' title='bbox 705 3475 1044 3545; x_wconf 77' lang='grc' dir='ltr'>αἰτησαμένη</span> <span class='ocrx_word' id='word_1_347' title='bbox 1110 3473 1271 3526; x_wconf 89' lang='grc' dir='ltr'>καλὸν</span> <span class='ocrx_word' id='word_1_348' title='bbox 1319 3473 1586 3539; x_wconf 79' lang='grc' dir='ltr'>ἐντάφιον,</span> <span class='ocrx_word' id='word_1_349' title='bbox 1635 3474 1732 3541; x_wconf 80' lang='grc' dir='ltr'><strong>τὴν</strong></span> 
     </span>
    </p>
   </div>
   <div class='ocr_carea' id='block_1_51' title="bbox 170 3563 1734 3641">
    <p class='ocr_par' dir='ltr' id='par_1_51' title="bbox 170 3563 1734 3641">
     <span class='ocr_line' id='line_1_51' title="bbox 170 3563 1734 3641; baseline -0.006 -19"><span class='ocrx_word' id='word_1_350' title='bbox 170 3570 449 3641; x_wconf 82' lang='grc' dir='ltr'>ὀρθὸδοξον</span> <span class='ocrx_word' id='word_1_351' title='bbox 476 3567 829 3637; x_wconf 82' lang='grc' dir='ltr'>ἐπιστροφήν.</span> <span class='ocrx_word' id='word_1_352' title='bbox 875 3565 1141 3633; x_wconf 85' lang='grc' dir='ltr'>Ἀπῆλθεν</span> <span class='ocrx_word' id='word_1_353' title='bbox 1173 3565 1203 3632; x_wconf 86' lang='grc' dir='ltr'><strong>ἠ</strong></span> <span class='ocrx_word' id='word_1_354' title='bbox 1239 3563 1335 3633; x_wconf 81' lang='grc' dir='ltr'><strong>μὲν</strong></span> <span class='ocrx_word' id='word_1_355' title='bbox 1366 3563 1562 3631; x_wconf 79' lang='grc' dir='ltr'>ἔχουσα</span> <span class='ocrx_word' id='word_1_356' title='bbox 1599 3565 1734 3631; x_wconf 73' lang='grc' dir='ltr'>μετὰ</span> 
     </span>
    </p>
   </div>
   <div class='ocr_carea' id='block_1_52' title="bbox 172 3657 1733 3731">
    <p class='ocr_par' dir='ltr' id='par_1_52' title="bbox 172 3657 1733 3731">
     <span class='ocr_line' id='line_1_52' title="bbox 172 3657 1733 3731; baseline -0.004 -19"><span class='ocrx_word' id='word_1_357' title='bbox 172 3663 266 3731; x_wconf 81' lang='grc' dir='ltr'><strong>τῆς</strong></span> <span class='ocrx_word' id='word_1_358' title='bbox 297 3660 508 3724; x_wconf 79' lang='grc' dir='ltr'>οἰκείας</span> <span class='ocrx_word' id='word_1_359' title='bbox 542 3658 947 3726; x_wconf 85' lang='grc' dir='ltr'>καλοκαγαθίας</span> <span class='ocrx_word' id='word_1_360' title='bbox 980 3657 1151 3722; x_wconf 79' lang='grc' dir='ltr'>ξένιον</span> <span class='ocrx_word' id='word_1_361' title='bbox 1180 3658 1407 3726; x_wconf 79' lang='grc' dir='ltr'>τερπνὸν</span> <span class='ocrx_word' id='word_1_362' title='bbox 1446 3657 1733 3724; x_wconf 82' lang='grc' dir='ltr'>προσοῖσαι</span> 
     </span>
    </p>
   </div>
   <div class='ocr_carea' id='block_1_53' title="bbox 173 3747 1736 3825">
    <p class='ocr_par' dir='ltr' id='par_1_53' title="bbox 173 3747 1736 3825">
     <span class='ocr_line' id='line_1_53' title="bbox 173 3747 1736 3825; baseline -0.004 -20"><span class='ocrx_word' id='word_1_363' title='bbox 173 3753 248 3825; x_wconf 86' lang='grc' dir='ltr'>τῷ</span> <span class='ocrx_word' id='word_1_364' title='bbox 276 3753 416 3824; x_wconf 84' lang='grc' dir='ltr'>Θεῷ,</span> <span class='ocrx_word' id='word_1_365' title='bbox 453 3753 513 3806; x_wconf 80' lang='grc' dir='ltr'>τὸ</span> <span class='ocrx_word' id='word_1_366' title='bbox 547 3751 797 3823; x_wconf 88' lang='grc' dir='ltr'>πατρῷον</span> <span class='ocrx_word' id='word_1_367' title='bbox 826 3756 1119 3821; x_wconf 81' lang='grc' dir='ltr'>σωτήριον’</span> <span class='ocrx_word' id='word_1_368' title='bbox 1151 3751 1179 3802; x_wconf 90' lang='lat'><strong>6</strong></span> <span class='ocrx_word' id='word_1_369' title='bbox 1212 3749 1267 3801; x_wconf 81' lang='grc' dir='ltr'>δὲ</span> <span class='ocrx_word' id='word_1_370' title='bbox 1293 3748 1545 3816; x_wconf 75' lang='grc' dir='ltr'>ἐπέμεινε</span> <span class='ocrx_word' id='word_1_371' title='bbox 1574 3747 1736 3812; x_wconf 84' lang='grc' dir='ltr'>θυγα-</span> 
     </span>
    </p>
   </div>
   <div class='ocr_carea' id='block_1_54' title="bbox 173 3838 1735 3917">
    <p class='ocr_par' dir='ltr' id='par_1_54' title="bbox 173 3838 1735 3917">
     <span class='ocr_line' id='line_1_54' title="bbox 173 3838 1735 3917; baseline -0.006 -19"><span class='ocrx_word' id='word_1_372' title='bbox 173 3847 294 3917; x_wconf 88' lang='grc' dir='ltr'>τρὸς</span> <span class='ocrx_word' id='word_1_373' title='bbox 325 3847 480 3915; x_wconf 77' lang='grc' dir='ltr'>ἱερᾶς</span> <span class='ocrx_word' id='word_1_374' title='bbox 511 3844 732 3907; x_wconf 77' lang='grc' dir='ltr'>εὐσεϐὲς</span> <span class='ocrx_word' id='word_1_375' title='bbox 765 3841 1216 3910; x_wconf 85' lang='grc' dir='ltr'>ἐγκαλλώπισμα,</span> <span class='ocrx_word' id='word_1_376' title='bbox 1250 3842 1343 3892; x_wconf 75' lang='grc' dir='ltr'><strong>καὶ</strong></span> <span class='ocrx_word' id='word_1_377' title='bbox 1375 3844 1590 3892; x_wconf 87' lang='grc' dir='ltr'>πάντων</span> <span class='ocrx_word' id='word_1_378' title='bbox 1627 3838 1735 3889; x_wconf 81' lang='grc' dir='ltr'><strong>τῶν</strong></span> 
     </span>
    </p>
   </div>
   <div class='ocr_carea' id='block_1_55' title="bbox 174 3927 1734 4006">
    <p class='ocr_par' dir='ltr' id='par_1_55' title="bbox 174 3927 1734 4006">
     <span class='ocr_line' id='line_1_55' title="bbox 174 3927 1734 4006; baseline -0.004 -17"><span class='ocrx_word' id='word_1_379' title='bbox 174 3938 468 4004; x_wconf 80' lang='grc' dir='ltr'>ὀρθοδόξων</span> <span class='ocrx_word' id='word_1_380' title='bbox 500 3938 574 3999; x_wconf 83' lang='grc' dir='ltr'><strong>ὡς</strong></span> <span class='ocrx_word' id='word_1_381' title='bbox 608 3936 821 4006; x_wconf 85' lang='grc' dir='ltr'>ἀληθῶς</span> <span class='ocrx_word' id='word_1_382' title='bbox 857 3935 1273 4005; x_wconf 82' lang='grc' dir='ltr'>εὐφραντήριον.</span> <span class='ocrx_word' id='word_1_383' title='bbox 1311 3933 1372 3985; x_wconf 75' lang='lat' dir='ltr'><strong>TI</strong></span> <span class='ocrx_word' id='word_1_384' title='bbox 1408 3933 1518 4001; x_wconf 77' lang='grc' dir='ltr'>γὰρ</span> <span class='ocrx_word' id='word_1_385' title='bbox 1547 3927 1734 3996; x_wconf 78' lang='grc' dir='ltr'>οἶδας,</span> 
     </span>
    </p>
   </div>
   <div class='ocr_carea' id='block_1_56' title="bbox 176 4019 1734 4100">
    <p class='ocr_par' dir='ltr' id='par_1_56' title="bbox 176 4019 1734 4100">
     <span class='ocr_line' id='line_1_56' title="bbox 176 4019 1734 4100; baseline -0.004 -19"><span class='ocrx_word' id='word_1_386' title='bbox 176 4028 308 4100; x_wconf 76' lang='grc' dir='ltr'>φησὶ</span> <span class='ocrx_word' id='word_1_387' title='bbox 331 4069 344 4094; x_wconf 95' lang='grc'><strong>,</strong></span> <span class='ocrx_word' id='word_1_388' title='bbox 369 4030 570 4098; x_wconf 80' lang='grc' dir='ltr'>γύναι,</span> <span class='ocrx_word' id='word_1_389' title='bbox 624 4031 676 4081; x_wconf 86' lang='grc' dir='ltr'>εὶ</span> <span class='ocrx_word' id='word_1_390' title='bbox 708 4029 815 4081; x_wconf 77' lang='grc' dir='ltr'>τὸν</span> <span class='ocrx_word' id='word_1_391' title='bbox 851 4027 1041 4094; x_wconf 77' lang='grc' dir='ltr'>ἄνδρα</span> <span class='ocrx_word' id='word_1_392' title='bbox 1074 4026 1293 4089; x_wconf 84' lang='grc' dir='ltr'>σώσεις</span> <span class='ocrx_word' id='word_1_393' title='bbox 1312 4041 1330 4088; x_wconf 90' lang='grc'><strong><em>;</em></strong></span> <span class='ocrx_word' id='word_1_394' title='bbox 1361 4023 1400 4091; x_wconf 75' lang='grc' dir='ltr'>ἡ</span> <span class='ocrx_word' id='word_1_395' title='bbox 1432 4025 1489 4075; x_wconf 87' lang='grc' dir='ltr'><em>τί</em></span> <span class='ocrx_word' id='word_1_396' title='bbox 1530 4019 1696 4086; x_wconf 74' lang='grc' dir='ltr'>οἶδας</span> <span class='ocrx_word' id='word_1_397' title='bbox 1721 4062 1734 4084; x_wconf 90' lang='grc'><strong>,</strong></span> 
     </span>
    </p>
   </div>
   <div class='ocr_carea' id='block_1_57' title="bbox 176 4113 1739 4187">
    <p class='ocr_par' dir='ltr' id='par_1_57' title="bbox 176 4113 1739 4187">
     <span class='ocr_line' id='line_1_57' title="bbox 176 4113 1739 4187; baseline -0.003 -16"><span class='ocrx_word' id='word_1_398' title='bbox 176 4119 334 4187; x_wconf 81' lang='grc' dir='ltr'>ἆνερ,</span> <span class='ocrx_word' id='word_1_399' title='bbox 379 4122 432 4173; x_wconf 84' lang='grc' dir='ltr'>εὶ</span> <span class='ocrx_word' id='word_1_400' title='bbox 479 4119 595 4186; x_wconf 79' lang='grc' dir='ltr'><strong>τὴν</strong></span> <span class='ocrx_word' id='word_1_401' title='bbox 637 4117 889 4187; x_wconf 75' lang='grc' dir='ltr'>γυναῖκα</span> <span class='ocrx_word' id='word_1_402' title='bbox 932 4117 1188 4181; x_wconf 87' lang='grc' dir='ltr'>σώσεις;</span> <span class='ocrx_word' id='word_1_403' title='bbox 1232 4117 1392 4185; x_wconf 81' lang='grc' dir='ltr'>Ἡμῖν</span> <span class='ocrx_word' id='word_1_404' title='bbox 1439 4116 1495 4167; x_wconf 78' lang='grc' dir='ltr'>δὲ</span> <span class='ocrx_word' id='word_1_405' title='bbox 1546 4113 1739 4182; x_wconf 86' lang='grc' dir='ltr'>μικρὸν</span> 
     </span>
    </p>
   </div>
   <div class='ocr_carea' id='block_1_58' title="bbox 178 4205 1739 4278">
    <p class='ocr_par' dir='ltr' id='par_1_58' title="bbox 178 4205 1739 4278">
     <span class='ocr_line' id='line_1_58' title="bbox 178 4205 1739 4278; baseline -0.006 -15"><span class='ocrx_word' id='word_1_406' title='bbox 178 4210 570 4272; x_wconf 85' lang='grc' dir='ltr'>ὐπαλλακτέον,</span> <span class='ocrx_word' id='word_1_407' title='bbox 593 4209 674 4261; x_wconf 86' lang='grc' dir='ltr'>ὅτι</span> <span class='ocrx_word' id='word_1_408' title='bbox 702 4207 904 4260; x_wconf 76' lang='grc' dir='ltr'>ἔσωσεν</span> <span class='ocrx_word' id='word_1_409' title='bbox 932 4210 966 4278; x_wconf 80' lang='grc' dir='ltr'><strong>ἡ</strong></span> <span class='ocrx_word' id='word_1_410' title='bbox 991 4207 1234 4276; x_wconf 86' lang='grc' dir='ltr'>θυγάτηρ</span> <span class='ocrx_word' id='word_1_411' title='bbox 1253 4207 1345 4258; x_wconf 90' lang='grc' dir='ltr'><strong>τὸν</strong></span> <span class='ocrx_word' id='word_1_412' title='bbox 1377 4205 1606 4274; x_wconf 84' lang='grc' dir='ltr'>πατέρα.</span> <span class='ocrx_word' id='word_1_413' title='bbox 1632 4205 1739 4256; x_wconf 71' lang='grc' dir='ltr'>Καὶ</span> 
     </span>
    </p>
   </div>
   <div class='ocr_carea' id='block_1_59' title="bbox 167 4291 1739 4373">
    <p class='ocr_par' dir='ltr' id='par_1_59' title="bbox 167 4291 1739 4373">
     <span class='ocr_line' id='line_1_59' title="bbox 167 4291 1739 4373; baseline -0.004 -19"><span class='ocrx_word' id='word_1_414' title='bbox 167 4304 420 4373; x_wconf 80' lang='grc' dir='ltr'>μακαρία</span> <span class='ocrx_word' id='word_1_415' title='bbox 454 4299 638 4368; x_wconf 84' lang='grc' dir='ltr'>ἐκείνη</span> <span class='ocrx_word' id='word_1_416' title='bbox 675 4301 706 4370; x_wconf 78' lang='grc' dir='ltr'>ἡ</span> <span class='ocrx_word' id='word_1_417' title='bbox 737 4299 879 4361; x_wconf 84' lang='grc' dir='ltr'>ὁσία,</span> <span class='ocrx_word' id='word_1_418' title='bbox 916 4299 1181 4368; x_wconf 82' lang='grc' dir='ltr'>μακάριος</span> <span class='ocrx_word' id='word_1_419' title='bbox 1209 4299 1304 4350; x_wconf 76' lang='grc' dir='ltr'>καὶ</span> <span class='ocrx_word' id='word_1_420' title='bbox 1351 4298 1436 4358; x_wconf 88' lang='grc' dir='ltr'><strong>σὺ,</strong></span> <span class='ocrx_word' id='word_1_421' title='bbox 1478 4291 1522 4349; x_wconf 75' lang='grc' dir='ltr'>ὦ</span> <span class='ocrx_word' id='word_1_422' title='bbox 1551 4297 1739 4366; x_wconf 83' lang='grc' dir='ltr'>τριπό-</span> 
     </span>
    </p>
   </div>
   <div class='ocr_carea' id='block_1_60' title="bbox 179 4387 1740 4462">
    <p class='ocr_par' dir='ltr' id='par_1_60' title="bbox 179 4387 1740 4462">
     <span class='ocr_line' id='line_1_60' title="bbox 179 4387 1740 4462; baseline -0.006 -16"><span class='ocrx_word' id='word_1_423' title='bbox 179 4393 324 4462; x_wconf 84' lang='grc' dir='ltr'>θητε.</span> <span class='ocrx_word' id='word_1_424' title='bbox 358 4391 628 4460; x_wconf 90' lang='grc' dir='ltr'>Πείθομαι</span> <span class='ocrx_word' id='word_1_425' title='bbox 653 4390 761 4460; x_wconf 87' lang='grc' dir='ltr'><strong>γὰρ</strong></span> <span class='ocrx_word' id='word_1_426' title='bbox 788 4390 869 4442; x_wconf 84' lang='grc' dir='ltr'><strong>ὅτι</strong></span> <span class='ocrx_word' id='word_1_427' title='bbox 895 4390 990 4442; x_wconf 79' lang='grc' dir='ltr'><strong>σὺν</strong></span> <span class='ocrx_word' id='word_1_428' title='bbox 1011 4388 1095 4440; x_wconf 63' lang='grc' dir='ltr'><strong>σο)⁸</strong></span> <span class='ocrx_word' id='word_1_429' title='bbox 1125 4389 1218 4440; x_wconf 78' lang='grc' dir='ltr'><strong>καὶ</strong></span> <span class='ocrx_word' id='word_1_430' title='bbox 1241 4387 1370 4457; x_wconf 80' lang='grc' dir='ltr'>ὅλην</span> <span class='ocrx_word' id='word_1_431' title='bbox 1389 4387 1740 4454; x_wconf 81' lang='grc' dir='ltr'>οἱκίαν,τάχα</span> 
     </span>
    </p>
   </div>
   <div class='ocr_carea' id='block_1_61' title="bbox 179 4478 1735 4554">
    <p class='ocr_par' dir='ltr' id='par_1_61' title="bbox 179 4478 1735 4554">
     <span class='ocr_line' id='line_1_61' title="bbox 179 4478 1735 4554; baseline -0.004 -18"><span class='ocrx_word' id='word_1_432' title='bbox 179 4485 234 4537; x_wconf 80' lang='grc' dir='ltr'>δὲ</span> <span class='ocrx_word' id='word_1_433' title='bbox 283 4487 377 4539; x_wconf 75' lang='grc' dir='ltr'><strong>καὶ</strong></span> <span class='ocrx_word' id='word_1_434' title='bbox 422 4485 581 4554; x_wconf 87' lang='grc' dir='ltr'>γένος</span> <span class='ocrx_word' id='word_1_435' title='bbox 628 4483 988 4553; x_wconf 82' lang='grc' dir='ltr'>προσαγάγῃς</span> <span class='ocrx_word' id='word_1_436' title='bbox 1027 4479 1338 4550; x_wconf 79' lang='grc' dir='ltr'>ὀρθοδοξοῦν</span> <span class='ocrx_word' id='word_1_437' title='bbox 1382 4478 1459 4548; x_wconf 81' lang='grc' dir='ltr'><strong>τῷ</strong></span> <span class='ocrx_word' id='word_1_438' title='bbox 1490 4480 1735 4549; x_wconf 82' lang='grc' dir='ltr'>Δεσπότῃ</span> 
     </span>
    </p>
   </div>
   <div class='ocr_carea' id='block_1_62' title="bbox 179 4571 1739 4648">
    <p class='ocr_par' dir='ltr' id='par_1_62' title="bbox 179 4571 1739 4648">
     <span class='ocr_line' id='line_1_62' title="bbox 179 4571 1739 4648; baseline -0.005 -18"><span class='ocrx_word' id='word_1_439' title='bbox 179 4576 426 4648; x_wconf 73' lang='grc' dir='ltr'>Χριστῷο</span> <span class='ocrx_word' id='word_1_440' title='bbox 456 4578 545 4629; x_wconf 82' lang='grc' dir='ltr'><strong>ἵνα</strong></span> <span class='ocrx_word' id='word_1_441' title='bbox 574 4577 638 4627; x_wconf 86' lang='grc' dir='ltr'><strong>ἐκ</strong></span> <span class='ocrx_word' id='word_1_442' title='bbox 686 4573 896 4627; x_wconf 83' lang='grc' dir='ltr'>πολλῶν</span> <span class='ocrx_word' id='word_1_443' title='bbox 932 4571 1254 4643; x_wconf 81' lang='grc' dir='ltr'>προσώπων,</span> <span class='ocrx_word' id='word_1_444' title='bbox 1283 4571 1342 4624; x_wconf 87' lang='grc' dir='ltr'><strong>τὸ</strong></span> <span class='ocrx_word' id='word_1_445' title='bbox 1369 4573 1446 4632; x_wconf 84' lang='grc' dir='ltr'>εἰς</span> <span class='ocrx_word' id='word_1_446' title='bbox 1478 4572 1619 4640; x_wconf 84' lang='grc' dir='ltr'>ὑμᾶς</span> <span class='ocrx_word' id='word_1_447' title='bbox 1645 4571 1739 4641; x_wconf 82' lang='grc' dir='ltr'>χά-</span> 
     </span>
    </p>
   </div>
   <div class='ocr_carea' id='block_1_63' title="bbox 1824 2102 3394 2166">
    <p class='ocr_par' dir='ltr' id='par_1_63' title="bbox 1824 2102 3394 2166">
     <span class='ocr_line' id='line_1_63' title="bbox 1824 2102 3394 2166; baseline -0.003 -7"><span class='ocrx_word' id='word_1_448' title='bbox 1824 2105 2035 2160; x_wconf 86' lang='lat' dir='ltr'><strong>ritualis</strong></span> <span class='ocrx_word' id='word_1_449' title='bbox 2061 2104 2248 2159; x_wconf 82' lang='lat' dir='ltr'><strong>fratris</strong></span> <span class='ocrx_word' id='word_1_450' title='bbox 2280 2103 2510 2159; x_wconf 90' lang='lat' dir='ltr'><strong>nuntius</strong></span> <span class='ocrx_word' id='word_1_451' title='bbox 2540 2114 2665 2158; x_wconf 91' lang='lat' dir='ltr'><strong>ante</strong></span> <span class='ocrx_word' id='word_1_452' title='bbox 2683 2103 2892 2158; x_wconf 89' lang='lat' dir='ltr'><strong>litteras</strong></span> <span class='ocrx_word' id='word_1_453' title='bbox 2928 2102 3394 2166; x_wconf 88' lang='lat' dir='ltr'><strong>allatus,humilia</strong></span> 
     </span>
    </p>
   </div>
   <div class='ocr_carea' id='block_1_64' title="bbox 1824 2195 3396 2269">
    <p class='ocr_par' dir='ltr' id='par_1_64' title="bbox 1824 2195 3396 2269">
     <span class='ocr_line' id='line_1_64' title="bbox 1824 2195 3396 2269; baseline -0.004 -15"><span class='ocrx_word' id='word_1_454' title='bbox 1824 2199 1988 2254; x_wconf 91' lang='lat' dir='ltr'><strong>corda</strong></span> <span class='ocrx_word' id='word_1_455' title='bbox 2025 2206 2214 2253; x_wconf 89' lang='lat' dir='ltr'><strong>nostra</strong></span> <span class='ocrx_word' id='word_1_456' title='bbox 2258 2196 2601 2259; x_wconf 82' lang='lat' dir='ltr'><strong>oblectabat;</strong></span> <span class='ocrx_word' id='word_1_457' title='bbox 2648 2204 2772 2265; x_wconf 83' lang='lat' dir='ltr'><strong>pOst</strong></span> <span class='ocrx_word' id='word_1_458' title='bbox 2805 2196 2977 2250; x_wconf 90' lang='lat' dir='ltr'><strong>lectas</strong></span> <span class='ocrx_word' id='word_1_459' title='bbox 3013 2209 3142 2252; x_wconf 86' lang='lat' dir='ltr'><strong>vero</strong></span> <span class='ocrx_word' id='word_1_460' title='bbox 3183 2195 3396 2269; x_wconf 83' lang='lat' dir='ltr'><strong>litteras</strong></span> 
     </span>
    </p>
   </div>
   <div class='ocr_carea' id='block_1_65' title="bbox 1824 2278 3396 2360">
    <p class='ocr_par' dir='ltr' id='par_1_65' title="bbox 1824 2278 3396 2360">
     <span class='ocr_line' id='line_1_65' title="bbox 1824 2278 3396 2360; baseline -0.003 -16"><span class='ocrx_word' id='word_1_461' title='bbox 1824 2291 1981 2359; x_wconf 80' lang='lat' dir='ltr'><strong>plene</strong></span> <span class='ocrx_word' id='word_1_462' title='bbox 2008 2305 2072 2344; x_wconf 91' lang='lat' dir='ltr'><strong>ac</strong></span> <span class='ocrx_word' id='word_1_463' title='bbox 2102 2289 2336 2360; x_wconf 79' lang='lat' dir='ltr'><strong>perfecte</strong></span> <span class='ocrx_word' id='word_1_464' title='bbox 2365 2289 2693 2344; x_wconf 77' lang='lat' dir='ltr'><strong>exhilaravit</strong></span> <span class='ocrx_word' id='word_1_465' title='bbox 2722 2297 2777 2343; x_wconf 91' lang='lat' dir='ltr'><strong>et</strong></span> <span class='ocrx_word' id='word_1_466' title='bbox 2805 2278 2997 2343; x_wconf 78' lang='lat' dir='ltr'><strong>lzetitia</strong></span> <span class='ocrx_word' id='word_1_467' title='bbox 3032 2286 3243 2353; x_wconf 79' lang='lat' dir='ltr'><strong>affecit;</strong></span> <span class='ocrx_word' id='word_1_468' title='bbox 3298 2301 3396 2341; x_wconf 85' lang='lat' dir='ltr'><strong>ne-</strong></span> 
     </span>
    </p>
   </div>
   <div class='ocr_carea' id='block_1_66' title="bbox 1825 2378 3394 2451">
    <p class='ocr_par' dir='ltr' id='par_1_66' title="bbox 1825 2378 3394 2451">
     <span class='ocr_line' id='line_1_66' title="bbox 1825 2378 3394 2451; baseline -0.002 -16"><span class='ocrx_word' id='word_1_469' title='bbox 1825 2398 1929 2450; x_wconf 92' lang='lat' dir='ltr'><strong>que</strong></span> <span class='ocrx_word' id='word_1_470' title='bbox 1978 2397 2078 2437; x_wconf 86' lang='lat' dir='ltr'><strong>nos</strong></span> <span class='ocrx_word' id='word_1_471' title='bbox 2124 2382 2303 2436; x_wconf 92' lang='lat' dir='ltr'><strong>solum</strong></span> <span class='ocrx_word' id='word_1_472' title='bbox 2340 2390 2696 2451; x_wconf 83' lang='lat' dir='ltr'><strong>peccatores,</strong></span> <span class='ocrx_word' id='word_1_473' title='bbox 2750 2382 2844 2436; x_wconf 87' lang='lat' dir='ltr'><strong>sed</strong></span> <span class='ocrx_word' id='word_1_474' title='bbox 2900 2382 3180 2450; x_wconf 88' lang='lat' dir='ltr'><strong>angelicas</strong></span> <span class='ocrx_word' id='word_1_475' title='bbox 3226 2378 3394 2434; x_wconf 89' lang='lat' dir='ltr'><strong>etiam</strong></span> 
     </span>
    </p>
   </div>
   <div class='ocr_carea' id='block_1_67' title="bbox 1827 2470 3396 2541">
    <p class='ocr_par' dir='ltr' id='par_1_67' title="bbox 1827 2470 3396 2541">
     <span class='ocr_line' id='line_1_67' title="bbox 1827 2470 3396 2541; baseline 0.001 -20"><span class='ocrx_word' id='word_1_476' title='bbox 1827 2471 2055 2524; x_wconf 87' lang='lat' dir='ltr'><strong>virtutes</strong></span> <span class='ocrx_word' id='word_1_477' title='bbox 2096 2487 2109 2522; x_wconf 92' lang='lat'>:</span> <span class='ocrx_word' id='word_1_478' title='bbox 2159 2470 2428 2539; x_wconf 89' lang='lat' dir='ltr'><strong>siquidem</strong></span> <span class='ocrx_word' id='word_1_479' title='bbox 2456 2471 2522 2524; x_wconf 92' lang='lat' dir='ltr'><strong>de</strong></span> <span class='ocrx_word' id='word_1_480' title='bbox 2578 2472 2798 2525; x_wconf 83' lang='lat' dir='ltr'><strong>homine</strong></span> <span class='ocrx_word' id='word_1_481' title='bbox 2856 2486 2967 2526; x_wconf 91' lang='lat' dir='ltr'><strong>uno</strong></span> <span class='ocrx_word' id='word_1_482' title='bbox 3017 2470 3396 2541; x_wconf 71' lang='lat' dir='ltr'><strong>paenitentiam</strong></span> 
     </span>
    </p>
   </div>
   <div class='ocr_carea' id='block_1_68' title="bbox 1827 2561 3396 2668">
    <p class='ocr_par' dir='ltr' id='par_1_68' title="bbox 1827 2561 3396 2668">
     <span class='ocr_line' id='line_1_68' title="bbox 1827 2561 3396 2668; baseline -0.001 -52"><span class='ocrx_word' id='word_1_483' title='bbox 1827 2573 2018 2668; x_wconf 57' lang='lat' dir='ltr'><strong>agente</strong></span> <span class='ocrx_word' id='word_1_484' title='bbox 2046 2563 2307 2634; x_wconf 80' lang='lat' dir='ltr'><strong>gaudium</strong></span> <span class='ocrx_word' id='word_1_485' title='bbox 2334 2572 2418 2617; x_wconf 88' lang='lat' dir='ltr'><strong>est</strong></span> <span class='ocrx_word' id='word_1_486' title='bbox 2440 2565 2494 2616; x_wconf 91' lang='lat' dir='ltr'><strong>in</strong></span> <span class='ocrx_word' id='word_1_487' title='bbox 2519 2563 2693 2628; x_wconf 76' lang='lat' dir='ltr'><strong>ccielis,</strong></span> <span class='ocrx_word' id='word_1_488' title='bbox 2719 2563 2874 2632; x_wconf 81' lang='lat' dir='ltr'><strong>juxta</strong></span> <span class='ocrx_word' id='word_1_489' title='bbox 2907 2578 3060 2618; x_wconf 87' lang='lat' dir='ltr'><strong>sacra</strong></span> <span class='ocrx_word' id='word_1_490' title='bbox 3092 2561 3396 2632; x_wconf 82' lang='lat' dir='ltr'><strong>eloquia&quot;,</strong></span> 
     </span>
    </p>
   </div>
   <div class='ocr_carea' id='block_1_69' title="bbox 1828 2655 3399 2723">
    <p class='ocr_par' dir='ltr' id='par_1_69' title="bbox 1828 2655 3399 2723">
     <span class='ocr_line' id='line_1_69' title="bbox 1828 2655 3399 2723; baseline -0.001 -13"><span class='ocrx_word' id='word_1_491' title='bbox 1828 2655 1930 2710; x_wconf 88' lang='lat' dir='ltr'><strong>Séd</strong></span> <span class='ocrx_word' id='word_1_492' title='bbox 1975 2656 2294 2711; x_wconf 85' lang='lat' dir='ltr'><strong>benedictus</strong></span> <span class='ocrx_word' id='word_1_493' title='bbox 2335 2656 2476 2710; x_wconf 89' lang='lat' dir='ltr'><strong>Deus</strong></span> <span class='ocrx_word' id='word_1_494' title='bbox 2505 2694 2520 2719; x_wconf 92' lang='lat'><strong>,</strong></span> <span class='ocrx_word' id='word_1_495' title='bbox 2573 2656 2664 2723; x_wconf 87' lang='lat' dir='ltr'><strong>qui</strong></span> <span class='ocrx_word' id='word_1_496' title='bbox 2713 2655 3185 2709; x_wconf 83' lang='lat' dir='ltr'><strong>honoriﬁcentiam</strong></span> <span class='ocrx_word' id='word_1_497' title='bbox 3245 2663 3399 2709; x_wconf 87' lang='lat' dir='ltr'><strong>tuam</strong></span> 
     </span>
    </p>
   </div>
   <div class='ocr_carea' id='block_1_70' title="bbox 1835 2747 3402 2817">
    <p class='ocr_par' dir='ltr' id='par_1_70' title="bbox 1835 2747 3402 2817">
     <span class='ocr_line' id='line_1_70' title="bbox 1835 2747 3402 2817; baseline 0 -17"><span class='ocrx_word' id='word_1_498' title='bbox 1835 2763 1944 2801; x_wconf 91' lang='lat' dir='ltr'><strong>non</strong></span> <span class='ocrx_word' id='word_1_499' title='bbox 1982 2747 2235 2817; x_wconf 86' lang='lat' dir='ltr'><strong>permisit</strong></span> <span class='ocrx_word' id='word_1_500' title='bbox 2263 2762 2436 2816; x_wconf 89' lang='lat' dir='ltr'><strong>usque</strong></span> <span class='ocrx_word' id='word_1_501' title='bbox 2469 2747 2525 2800; x_wconf 89' lang='lat' dir='ltr'><strong>in</strong></span> <span class='ocrx_word' id='word_1_502' title='bbox 2572 2747 2733 2800; x_wconf 84' lang='lat' dir='ltr'><strong>linem</strong></span> <span class='ocrx_word' id='word_1_503' title='bbox 2767 2747 2961 2802; x_wconf 89' lang='lat' dir='ltr'><strong>abduci</strong></span> <span class='ocrx_word' id='word_1_504' title='bbox 2993 2762 3248 2816; x_wconf 89' lang='lat' dir='ltr'><strong>perversa</strong></span> <span class='ocrx_word' id='word_1_505' title='bbox 3289 2748 3402 2800; x_wconf 78' lang='lat' dir='ltr'><strong>hae-</strong></span> 
     </span>
    </p>
   </div>
   <div class='ocr_carea' id='block_1_71' title="bbox 1830 2838 3402 2909">
    <p class='ocr_par' dir='ltr' id='par_1_71' title="bbox 1830 2838 3402 2909">
     <span class='ocr_line' id='line_1_71' title="bbox 1830 2838 3402 2909; baseline 0 -17"><span class='ocrx_word' id='word_1_506' title='bbox 1830 2840 1937 2893; x_wconf 85' lang='lat' dir='ltr'><strong>resi</strong></span> <span class='ocrx_word' id='word_1_507' title='bbox 1974 2838 2512 2893; x_wconf 89' lang='lat' dir='ltr'><strong>Christomachorum</strong></span> <span class='ocrx_word' id='word_1_508' title='bbox 2541 2853 2554 2889; x_wconf 93' lang='lat'>:</span> <span class='ocrx_word' id='word_1_509' title='bbox 2585 2839 2680 2893; x_wconf 89' lang='lat' dir='ltr'><strong>sed</strong></span> <span class='ocrx_word' id='word_1_510' title='bbox 2712 2854 2807 2902; x_wconf 88' lang='lat' dir='ltr'><strong>per</strong></span> <span class='ocrx_word' id='word_1_511' title='bbox 2869 2839 3143 2909; x_wconf 80' lang='lat' dir='ltr'><strong>egregiam</strong></span> <span class='ocrx_word' id='word_1_512' title='bbox 3184 2848 3238 2895; x_wconf 90' lang='lat' dir='ltr'><strong>et</strong></span> <span class='ocrx_word' id='word_1_513' title='bbox 3270 2839 3402 2893; x_wconf 89' lang='lat' dir='ltr'><strong>bea-</strong></span> 
     </span>
    </p>
   </div>
   <div class='ocr_carea' id='block_1_72' title="bbox 1831 2928 3399 2995">
    <p class='ocr_par' dir='ltr' id='par_1_72' title="bbox 1831 2928 3399 2995">
     <span class='ocr_line' id='line_1_72' title="bbox 1831 2928 3399 2995; baseline 0.003 -15"><span class='ocrx_word' id='word_1_514' title='bbox 1831 2937 1939 2980; x_wconf 88' lang='lat' dir='ltr'><strong>tam</strong></span> <span class='ocrx_word' id='word_1_515' title='bbox 1977 2928 2140 2982; x_wconf 83' lang='lat' dir='ltr'><strong>filiam</strong></span> <span class='ocrx_word' id='word_1_516' title='bbox 2186 2929 2452 2983; x_wconf 88' lang='lat' dir='ltr'><strong>convertit</strong></span> <span class='ocrx_word' id='word_1_517' title='bbox 2491 2929 2557 2983; x_wconf 87' lang='lat' dir='ltr'><strong>ad</strong></span> <span class='ocrx_word' id='word_1_518' title='bbox 2593 2929 2768 2984; x_wconf 88' lang='lat' dir='ltr'><strong>lucem</strong></span> <span class='ocrx_word' id='word_1_519' title='bbox 2795 2930 3062 2986; x_wconf 86' lang='lat' dir='ltr'><strong>veritatis.</strong></span> <span class='ocrx_word' id='word_1_520' title='bbox 3097 2929 3182 2995; x_wconf 89' lang='lat' dir='ltr'><strong>Et,</strong></span> <span class='ocrx_word' id='word_1_521' title='bbox 3223 2947 3256 2985; x_wconf 91' lang='lat' dir='ltr'><strong>o</strong></span> <span class='ocrx_word' id='word_1_522' title='bbox 3284 2942 3399 2985; x_wconf 88' lang='lat' dir='ltr'><strong>rem</strong></span> 
     </span>
    </p>
   </div>
   <div class='ocr_carea' id='block_1_73' title="bbox 1832 3019 3399 3090">
    <p class='ocr_par' dir='ltr' id='par_1_73' title="bbox 1832 3019 3399 3090">
     <span class='ocr_line' id='line_1_73' title="bbox 1832 3019 3399 3090; baseline 0.002 -19"><span class='ocrx_word' id='word_1_523' title='bbox 1832 3019 2047 3084; x_wconf 86' lang='lat' dir='ltr'><strong>miram,</strong></span> <span class='ocrx_word' id='word_1_524' title='bbox 2084 3028 2195 3073; x_wconf 92' lang='lat' dir='ltr'><strong>tum</strong></span> <span class='ocrx_word' id='word_1_525' title='bbox 2223 3020 2276 3073; x_wconf 92' lang='lat' dir='ltr'><strong>in</strong></span> <span class='ocrx_word' id='word_1_526' title='bbox 2303 3020 2567 3090; x_wconf 76' lang='lat' dir='ltr'><strong>genitore,</strong></span> <span class='ocrx_word' id='word_1_527' title='bbox 2597 3031 2713 3074; x_wconf 90' lang='lat' dir='ltr'><strong>tum</strong></span> <span class='ocrx_word' id='word_1_528' title='bbox 2755 3021 2806 3073; x_wconf 91' lang='lat' dir='ltr'><strong>in</strong></span> <span class='ocrx_word' id='word_1_529' title='bbox 2833 3021 3038 3090; x_wconf 88' lang='lat' dir='ltr'><strong>genita!</strong></span> <span class='ocrx_word' id='word_1_530' title='bbox 3069 3035 3101 3075; x_wconf 91' lang='grc' dir='ltr'><strong>ο</strong></span> <span class='ocrx_word' id='word_1_531' title='bbox 3128 3021 3399 3076; x_wconf 88' lang='lat' dir='ltr'><strong>sinceram</strong></span> 
     </span>
    </p>
   </div>
   <div class='ocr_carea' id='block_1_74' title="bbox 1833 3110 3402 3182">
    <p class='ocr_par' dir='ltr' id='par_1_74' title="bbox 1833 3110 3402 3182">
     <span class='ocr_line' id='line_1_74' title="bbox 1833 3110 3402 3182; baseline 0.002 -18"><span class='ocrx_word' id='word_1_532' title='bbox 1833 3110 2118 3174; x_wconf 83' lang='lat' dir='ltr'><strong>utriusque</strong></span> <span class='ocrx_word' id='word_1_533' title='bbox 2153 3112 2514 3165; x_wconf 91' lang='lat' dir='ltr'><strong>charitatem!</strong></span> <span class='ocrx_word' id='word_1_534' title='bbox 2555 3111 2716 3180; x_wconf 88' lang='lat' dir='ltr'><strong>hujus</strong></span> <span class='ocrx_word' id='word_1_535' title='bbox 2742 3115 2988 3180; x_wconf 85' lang='lat' dir='ltr'><strong>quidem,</strong></span> <span class='ocrx_word' id='word_1_536' title='bbox 3022 3113 3172 3182; x_wconf 89' lang='lat' dir='ltr'><strong>quod</strong></span> <span class='ocrx_word' id='word_1_537' title='bbox 3213 3112 3268 3166; x_wconf 85' lang='lat' dir='ltr'><strong>in</strong></span> <span class='ocrx_word' id='word_1_538' title='bbox 3302 3128 3402 3167; x_wconf 84' lang='lat' dir='ltr'><strong>ex-</strong></span> 
     </span>
    </p>
   </div>
   <div class='ocr_carea' id='block_1_75' title="bbox 1833 3200 3401 3273">
    <p class='ocr_par' dir='ltr' id='par_1_75' title="bbox 1833 3200 3401 3273">
     <span class='ocr_line' id='line_1_75' title="bbox 1833 3200 3401 3273; baseline 0.003 -20"><span class='ocrx_word' id='word_1_539' title='bbox 1833 3209 2006 3254; x_wconf 88' lang='lat' dir='ltr'><strong>tremo</strong></span> <span class='ocrx_word' id='word_1_540' title='bbox 2037 3200 2156 3269; x_wconf 88' lang='lat' dir='ltr'><strong>ipso</strong></span> <span class='ocrx_word' id='word_1_541' title='bbox 2213 3203 2407 3272; x_wconf 71' lang='lat' dir='ltr'><strong>Spiritu</strong></span> <span class='ocrx_word' id='word_1_542' title='bbox 2449 3212 2689 3272; x_wconf 69' lang='lat' dir='ltr'><strong>paternae</strong></span> <span class='ocrx_word' id='word_1_543' title='bbox 2738 3203 2930 3259; x_wconf 89' lang='lat' dir='ltr'><strong>salutis</strong></span> <span class='ocrx_word' id='word_1_544' title='bbox 2969 3220 3157 3259; x_wconf 84' lang='lat' dir='ltr'><strong>curam</strong></span> <span class='ocrx_word' id='word_1_545' title='bbox 3188 3205 3401 3273; x_wconf 84' lang='lat' dir='ltr'><strong>gessit;</strong></span> 
     </span>
    </p>
   </div>
   <div class='ocr_carea' id='block_1_76' title="bbox 1833 3294 3406 3367">
    <p class='ocr_par' dir='ltr' id='par_1_76' title="bbox 1833 3294 3406 3367">
     <span class='ocr_line' id='line_1_76' title="bbox 1833 3294 3406 3367; baseline 0.003 -22"><span class='ocrx_word' id='word_1_546' title='bbox 1833 3294 1983 3347; x_wconf 88' lang='lat' dir='ltr'><strong>illius</strong></span> <span class='ocrx_word' id='word_1_547' title='bbox 2019 3309 2146 3347; x_wconf 89' lang='lat' dir='ltr'><strong>vero</strong></span> <span class='ocrx_word' id='word_1_548' title='bbox 2179 3295 2320 3363; x_wconf 89' lang='lat' dir='ltr'><strong>quod</strong></span> <span class='ocrx_word' id='word_1_549' title='bbox 2369 3306 2549 3351; x_wconf 91' lang='lat' dir='ltr'><strong>autem</strong></span> <span class='ocrx_word' id='word_1_550' title='bbox 2585 3298 2673 3366; x_wconf 86' lang='lat' dir='ltr'><strong>pie</strong></span> <span class='ocrx_word' id='word_1_551' title='bbox 2706 3297 3065 3361; x_wconf 79' lang='lat' dir='ltr'><strong>inclinaverit,</strong></span> <span class='ocrx_word' id='word_1_552' title='bbox 3100 3306 3154 3350; x_wconf 87' lang='lat' dir='ltr'><strong>et</strong></span> <span class='ocrx_word' id='word_1_553' title='bbox 3188 3298 3406 3367; x_wconf 86' lang='lat' dir='ltr'><strong>roganti</strong></span> 
     </span>
    </p>
   </div>
   <div class='ocr_carea' id='block_1_77' title="bbox 1838 3384 3405 3458">
    <p class='ocr_par' dir='ltr' id='par_1_77' title="bbox 1838 3384 3405 3458">
     <span class='ocr_line' id='line_1_77' title="bbox 1838 3384 3405 3458; baseline 0.003 -20"><span class='ocrx_word' id='word_1_554' title='bbox 1838 3384 2094 3452; x_wconf 89' lang='lat' dir='ltr'><strong>pulchras</strong></span> <span class='ocrx_word' id='word_1_555' title='bbox 2144 3388 2452 3455; x_wconf 76' lang='lat' dir='ltr'><strong>exsequias,</strong></span> <span class='ocrx_word' id='word_1_556' title='bbox 2491 3387 2814 3458; x_wconf 76' lang='lat' dir='ltr'><strong>persolverit</strong></span> <span class='ocrx_word' id='word_1_557' title='bbox 2864 3389 3284 3444; x_wconf 86' lang='lat' dir='ltr'><strong>conversionem</strong></span> <span class='ocrx_word' id='word_1_558' title='bbox 3311 3405 3405 3444; x_wconf 62' lang='lat' dir='ltr'><strong>ore</strong></span> 
     </span>
    </p>
   </div>
   <div class='ocr_carea' id='block_1_78' title="bbox 1839 3477 3404 3546">
    <p class='ocr_par' dir='ltr' id='par_1_78' title="bbox 1839 3477 3404 3546">
     <span class='ocr_line' id='line_1_78' title="bbox 1839 3477 3404 3546; baseline 0.005 -19"><span class='ocrx_word' id='word_1_559' title='bbox 1839 3477 2154 3529; x_wconf 76' lang='lat' dir='ltr'><strong>thodoxam.</strong></span> <span class='ocrx_word' id='word_1_560' title='bbox 2229 3477 2470 3533; x_wconf 88' lang='lat' dir='ltr'><strong>Decessit</strong></span> <span class='ocrx_word' id='word_1_561' title='bbox 2527 3477 2621 3532; x_wconf 90' lang='lat' dir='ltr'><strong>illa</strong></span> <span class='ocrx_word' id='word_1_562' title='bbox 2676 3479 2916 3546; x_wconf 88' lang='lat' dir='ltr'><strong>quidem,</strong></span> <span class='ocrx_word' id='word_1_563' title='bbox 2978 3479 3209 3544; x_wconf 88' lang='lat' dir='ltr'><strong>habens,</strong></span> <span class='ocrx_word' id='word_1_564' title='bbox 3277 3495 3404 3535; x_wconf 90' lang='lat' dir='ltr'><strong>cum</strong></span> 
     </span>
    </p>
   </div>
   <div class='ocr_carea' id='block_1_79' title="bbox 1837 3564 3406 3639">
    <p class='ocr_par' dir='ltr' id='par_1_79' title="bbox 1837 3564 3406 3639">
     <span class='ocr_line' id='line_1_79' title="bbox 1837 3564 3406 3639; baseline 0.005 -23"><span class='ocrx_word' id='word_1_565' title='bbox 1837 3567 2058 3634; x_wconf 90' lang='lat' dir='ltr'><strong>propria</strong></span> <span class='ocrx_word' id='word_1_566' title='bbox 2095 3564 2385 3620; x_wconf 91' lang='lat' dir='ltr'><strong>sanctitate</strong></span> <span class='ocrx_word' id='word_1_567' title='bbox 2408 3607 2423 3634; x_wconf 89' lang='lat'><strong>,</strong></span> <span class='ocrx_word' id='word_1_568' title='bbox 2471 3567 2776 3636; x_wconf 88' lang='lat' dir='ltr'><strong>jucundum</strong></span> <span class='ocrx_word' id='word_1_569' title='bbox 2808 3585 3008 3623; x_wconf 86' lang='lat' dir='ltr'><strong>munus</strong></span> <span class='ocrx_word' id='word_1_570' title='bbox 3041 3571 3186 3639; x_wconf 88' lang='lat' dir='ltr'><strong>quod</strong></span> <span class='ocrx_word' id='word_1_571' title='bbox 3215 3571 3406 3626; x_wconf 74' lang='lat' dir='ltr'><strong>offerat</strong></span> 
     </span>
    </p>
   </div>
   <div class='ocr_carea' id='block_1_80' title="bbox 1839 3657 3406 3729">
    <p class='ocr_par' dir='ltr' id='par_1_80' title="bbox 1839 3657 3406 3729">
     <span class='ocr_line' id='line_1_80' title="bbox 1839 3657 3406 3729; baseline 0.006 -22"><span class='ocrx_word' id='word_1_572' title='bbox 1839 3657 1981 3720; x_wconf 85' lang='lat' dir='ltr'><strong>Deo,</strong></span> <span class='ocrx_word' id='word_1_573' title='bbox 2016 3665 2295 3724; x_wconf 88' lang='lat' dir='ltr'><strong>paternam</strong></span> <span class='ocrx_word' id='word_1_574' title='bbox 2341 3659 2608 3724; x_wconf 85' lang='lat' dir='ltr'><strong>salutem;</strong></span> <span class='ocrx_word' id='word_1_575' title='bbox 2663 3660 2750 3712; x_wconf 82' lang='lat' dir='ltr'><strong>hic</strong></span> <span class='ocrx_word' id='word_1_576' title='bbox 2797 3675 2923 3715; x_wconf 76' lang='lat' dir='ltr'><strong>vero</strong></span> <span class='ocrx_word' id='word_1_577' title='bbox 2972 3663 3327 3729; x_wconf 84' lang='lat' dir='ltr'><strong>exspectabat</strong></span> <span class='ocrx_word' id='word_1_578' title='bbox 3374 3678 3406 3716; x_wconf 86' lang='lat' dir='ltr'><strong>a</strong></span> 
     </span>
    </p>
   </div>
   <div class='ocr_carea' id='block_1_81' title="bbox 1837 3748 3407 3822">
    <p class='ocr_par' dir='ltr' id='par_1_81' title="bbox 1837 3748 3407 3822">
     <span class='ocr_line' id='line_1_81' title="bbox 1837 3748 3407 3822; baseline 0.006 -22"><span class='ocrx_word' id='word_1_579' title='bbox 1837 3762 1995 3801; x_wconf 90' lang='lat' dir='ltr'><strong>sacra</strong></span> <span class='ocrx_word' id='word_1_580' title='bbox 2030 3748 2141 3801; x_wconf 84' lang='lat' dir='ltr'><strong>tilia</strong></span> <span class='ocrx_word' id='word_1_581' title='bbox 2195 3749 2341 3817; x_wconf 91' lang='lat' dir='ltr'><strong>pium</strong></span> <span class='ocrx_word' id='word_1_582' title='bbox 2378 3762 2782 3816; x_wconf 83' lang='lat' dir='ltr'><strong>ornamentum,</strong></span> <span class='ocrx_word' id='word_1_583' title='bbox 2815 3754 3167 3822; x_wconf 89' lang='lat' dir='ltr'><strong>omniumque</strong></span> <span class='ocrx_word' id='word_1_584' title='bbox 3218 3770 3407 3810; x_wconf 88' lang='lat' dir='ltr'><strong>revera</strong></span> 
     </span>
    </p>
   </div>
   <div class='ocr_carea' id='block_1_82' title="bbox 1839 3838 3407 3909">
    <p class='ocr_par' dir='ltr' id='par_1_82' title="bbox 1839 3838 3407 3909">
     <span class='ocr_line' id='line_1_82' title="bbox 1839 3838 3407 3909; baseline 0.005 -19"><span class='ocrx_word' id='word_1_585' title='bbox 1839 3838 2271 3892; x_wconf 85' lang='lat' dir='ltr'><strong>orthodoxorum</strong></span> <span class='ocrx_word' id='word_1_586' title='bbox 2303 3841 2750 3896; x_wconf 86' lang='lat' dir='ltr'><strong>exsultationem.</strong></span> <span class='ocrx_word' id='word_1_587' title='bbox 2785 3841 2931 3896; x_wconf 86' lang='lat' dir='ltr'><strong>Unde</strong></span> <span class='ocrx_word' id='word_1_588' title='bbox 2963 3844 3101 3895; x_wconf 83' lang='lat' dir='ltr'><strong>enim</strong></span> <span class='ocrx_word' id='word_1_589' title='bbox 3133 3845 3259 3909; x_wconf 76' lang='lat' dir='ltr'><strong>scis,</strong></span> <span class='ocrx_word' id='word_1_590' title='bbox 3287 3861 3407 3898; x_wconf 86' lang='lat' dir='ltr'><strong>mu-</strong></span> 
     </span>
    </p>
   </div>
   <div class='ocr_carea' id='block_1_83' title="bbox 1840 3931 3406 4004">
    <p class='ocr_par' dir='ltr' id='par_1_83' title="bbox 1840 3931 3406 4004">
     <span class='ocr_line' id='line_1_83' title="bbox 1840 3931 3406 4004; baseline 0.006 -22"><span class='ocrx_word' id='word_1_591' title='bbox 1840 3932 1955 3995; x_wconf 81' lang='lat' dir='ltr'><strong>lier,</strong></span> <span class='ocrx_word' id='word_1_592' title='bbox 1990 3931 2186 4000; x_wconf 86' lang='lat' dir='ltr'><strong>inquit,</strong></span> <span class='ocrx_word' id='word_1_593' title='bbox 2219 3932 2265 3985; x_wconf 78' lang='lat' dir='ltr'><strong>si</strong></span> <span class='ocrx_word' id='word_1_594' title='bbox 2298 3932 2468 3985; x_wconf 83' lang='lat' dir='ltr'><strong>virum</strong></span> <span class='ocrx_word' id='word_1_595' title='bbox 2498 3934 2702 3986; x_wconf 81' lang='lat' dir='ltr'><strong>salvum</strong></span> <span class='ocrx_word' id='word_1_596' title='bbox 2729 3933 2931 4002; x_wconf 74' lang='lat' dir='ltr'><strong>facies?</strong></span> <span class='ocrx_word' id='word_1_597' title='bbox 2974 3947 3063 3988; x_wconf 86' lang='lat' dir='ltr'><strong>aut</strong></span> <span class='ocrx_word' id='word_1_598' title='bbox 3094 3937 3231 3990; x_wconf 82' lang='lat' dir='ltr'><strong>unde</strong></span> <span class='ocrx_word' id='word_1_599' title='bbox 3278 3955 3406 4004; x_wconf 72' lang='lat' dir='ltr'><strong>sets,</strong></span> 
     </span>
    </p>
   </div>
   <div class='ocr_carea' id='block_1_84' title="bbox 1839 4024 3404 4100">
    <p class='ocr_par' dir='ltr' id='par_1_84' title="bbox 1839 4024 3404 4100">
     <span class='ocr_line' id='line_1_84' title="bbox 1839 4024 3404 4100; baseline 0.006 -26"><span class='ocrx_word' id='word_1_600' title='bbox 1839 4026 1938 4087; x_wconf 82' lang='lat' dir='ltr'><strong>vir,</strong></span> <span class='ocrx_word' id='word_1_601' title='bbox 1974 4024 2019 4076; x_wconf 77' lang='lat' dir='ltr'><strong>si</strong></span> <span class='ocrx_word' id='word_1_602' title='bbox 2057 4025 2327 4077; x_wconf 82' lang='lat' dir='ltr'><strong>mulierem</strong></span> <span class='ocrx_word' id='word_1_603' title='bbox 2374 4025 2576 4078; x_wconf 83' lang='lat' dir='ltr'><strong>salvam</strong></span> <span class='ocrx_word' id='word_1_604' title='bbox 2609 4027 2878 4095; x_wconf 74' lang='lat' dir='ltr'><strong>facies“?</strong></span> <span class='ocrx_word' id='word_1_605' title='bbox 2923 4026 3092 4083; x_wconf 90' lang='lat' dir='ltr'><strong>Nobis</strong></span> <span class='ocrx_word' id='word_1_606' title='bbox 3123 4033 3404 4100; x_wconf 89' lang='lat' dir='ltr'><strong>paululum</strong></span> 
     </span>
    </p>
   </div>
   <div class='ocr_carea' id='block_1_85' title="bbox 1841 4118 3404 4192">
    <p class='ocr_par' dir='ltr' id='par_1_85' title="bbox 1841 4118 3404 4192">
     <span class='ocr_line' id='line_1_85' title="bbox 1841 4118 3404 4192; baseline 0.006 -22"><span class='ocrx_word' id='word_1_607' title='bbox 1841 4118 2265 4183; x_wconf 91' lang='lat' dir='ltr'><strong>immutandum,</strong></span> <span class='ocrx_word' id='word_1_608' title='bbox 2297 4118 2424 4188; x_wconf 88' lang='lat' dir='ltr'><strong>quia</strong></span> <span class='ocrx_word' id='word_1_609' title='bbox 2460 4121 2687 4175; x_wconf 85' lang='lat' dir='ltr'><strong>salvavit</strong></span> <span class='ocrx_word' id='word_1_610' title='bbox 2731 4122 2840 4176; x_wconf 83' lang='lat' dir='ltr'><strong>ﬁlia</strong></span> <span class='ocrx_word' id='word_1_611' title='bbox 2892 4135 3122 4192; x_wconf 81' lang='lat' dir='ltr'><strong>patrem.</strong></span> <span class='ocrx_word' id='word_1_612' title='bbox 3170 4125 3235 4180; x_wconf 88' lang='lat' dir='ltr'><strong>Et</strong></span> <span class='ocrx_word' id='word_1_613' title='bbox 3278 4125 3404 4180; x_wconf 79' lang='lat' dir='ltr'><strong>feli-x</strong></span> 
     </span>
    </p>
   </div>
   <div class='ocr_carea' id='block_1_86' title="bbox 1842 4209 3406 4282">
    <p class='ocr_par' dir='ltr' id='par_1_86' title="bbox 1842 4209 3406 4282">
     <span class='ocr_line' id='line_1_86' title="bbox 1842 4209 3406 4282; baseline 0.007 -21"><span class='ocrx_word' id='word_1_614' title='bbox 1842 4210 1930 4264; x_wconf 90' lang='lat' dir='ltr'><strong>illa</strong></span> <span class='ocrx_word' id='word_1_615' title='bbox 1993 4217 2223 4265; x_wconf 88' lang='lat' dir='ltr'><strong>sancta:</strong></span> <span class='ocrx_word' id='word_1_616' title='bbox 2263 4221 2313 4264; x_wconf 85' lang='lat' dir='ltr'><strong>et</strong></span> <span class='ocrx_word' id='word_1_617' title='bbox 2363 4220 2418 4265; x_wconf 91' lang='lat' dir='ltr'><strong>tu</strong></span> <span class='ocrx_word' id='word_1_618' title='bbox 2464 4229 2683 4282; x_wconf 87' lang='lat' dir='ltr'><strong>quoque</strong></span> <span class='ocrx_word' id='word_1_619' title='bbox 2742 4209 2953 4282; x_wconf 80' lang='lat' dir='ltr'><strong>beatus,</strong></span> <span class='ocrx_word' id='word_1_620' title='bbox 2993 4231 3027 4272; x_wconf 91' lang='grc' dir='ltr'><strong>ο</strong></span> <span class='ocrx_word' id='word_1_621' title='bbox 3064 4217 3406 4273; x_wconf 88' lang='lat' dir='ltr'><strong>charissime.</strong></span> 
     </span>
    </p>
   </div>
   <div class='ocr_carea' id='block_1_87' title="bbox 1841 4299 3412 4366">
    <p class='ocr_par' dir='ltr' id='par_1_87' title="bbox 1841 4299 3412 4366">
     <span class='ocr_line' id='line_1_87' title="bbox 1841 4299 3412 4366; baseline 0.007 -14"><span class='ocrx_word' id='word_1_622' title='bbox 1841 4299 2168 4354; x_wconf 86' lang='lat' dir='ltr'><strong>Persuasum</strong></span> <span class='ocrx_word' id='word_1_623' title='bbox 2201 4302 2344 4355; x_wconf 92' lang='lat' dir='ltr'><strong>enim</strong></span> <span class='ocrx_word' id='word_1_624' title='bbox 2379 4302 2553 4357; x_wconf 83' lang='lat' dir='ltr'><strong>habeo</strong></span> <span class='ocrx_word' id='word_1_625' title='bbox 2587 4303 2701 4357; x_wconf 91' lang='lat' dir='ltr'><strong>fore</strong></span> <span class='ocrx_word' id='word_1_626' title='bbox 2730 4313 2787 4357; x_wconf 90' lang='lat' dir='ltr'><strong>ut</strong></span> <span class='ocrx_word' id='word_1_627' title='bbox 2821 4313 2987 4360; x_wconf 91' lang='lat' dir='ltr'><strong>totam</strong></span> <span class='ocrx_word' id='word_1_628' title='bbox 3033 4316 3208 4361; x_wconf 85' lang='lat' dir='ltr'><strong>tecum</strong></span> <span class='ocrx_word' id='word_1_629' title='bbox 3252 4307 3412 4366; x_wconf 86' lang='lat' dir='ltr'><strong>fami-</strong></span> 
     </span>
    </p>
   </div>
   <div class='ocr_carea' id='block_1_88' title="bbox 1845 4393 3405 4467">
    <p class='ocr_par' dir='ltr' id='par_1_88' title="bbox 1845 4393 3405 4467">
     <span class='ocr_line' id='line_1_88' title="bbox 1845 4393 3405 4467; baseline 0.006 -22"><span class='ocrx_word' id='word_1_630' title='bbox 1845 4393 1999 4455; x_wconf 87' lang='lat' dir='ltr'><strong>liam,</strong></span> <span class='ocrx_word' id='word_1_631' title='bbox 2029 4408 2093 4446; x_wconf 91' lang='lat' dir='ltr'><strong>ac</strong></span> <span class='ocrx_word' id='word_1_632' title='bbox 2121 4393 2349 4449; x_wconf 78' lang='lat' dir='ltr'><strong>fortasse</strong></span> <span class='ocrx_word' id='word_1_633' title='bbox 2371 4396 2773 4465; x_wconf 88' lang='lat' dir='ltr'><strong>cognationem.</strong></span> <span class='ocrx_word' id='word_1_634' title='bbox 2799 4400 3158 4453; x_wconf 77' lang='lat' dir='ltr'><strong>orthodoxam</strong></span> <span class='ocrx_word' id='word_1_635' title='bbox 3190 4400 3405 4467; x_wconf 89' lang='lat' dir='ltr'><strong>reddas,</strong></span> 
     </span>
    </p>
   </div>
   <div class='ocr_carea' id='block_1_89' title="bbox 1841 4484 3412 4559">
    <p class='ocr_par' dir='ltr' id='par_1_89' title="bbox 1841 4484 3412 4559">
     <span class='ocr_line' id='line_1_89' title="bbox 1841 4484 3412 4559; baseline 0.004 -21"><span class='ocrx_word' id='word_1_636' title='bbox 1841 4497 1894 4538; x_wconf 90' lang='lat' dir='ltr'><strong>et</strong></span> <span class='ocrx_word' id='word_1_637' title='bbox 1929 4485 1997 4538; x_wconf 92' lang='lat' dir='ltr'><strong>ad</strong></span> <span class='ocrx_word' id='word_1_638' title='bbox 2047 4484 2327 4539; x_wconf 89' lang='lat' dir='ltr'><strong>Christum</strong></span> <span class='ocrx_word' id='word_1_639' title='bbox 2359 4487 2647 4541; x_wconf 89' lang='lat' dir='ltr'><strong>Dominum</strong></span> <span class='ocrx_word' id='word_1_640' title='bbox 2704 4490 2980 4544; x_wconf 87' lang='lat' dir='ltr'><strong>adducas:</strong></span> <span class='ocrx_word' id='word_1_641' title='bbox 3011 4499 3068 4543; x_wconf 91' lang='lat' dir='ltr'><strong>ut</strong></span> <span class='ocrx_word' id='word_1_642' title='bbox 3106 4504 3172 4543; x_wconf 80' lang='lat' dir='ltr'><strong>ex</strong></span> <span class='ocrx_word' id='word_1_643' title='bbox 3227 4505 3412 4559; x_wconf 89' lang='lat' dir='ltr'><strong>perso-</strong></span> 
     </span>
    </p>
   </div>
   <div class='ocr_carea' id='block_1_90' title="bbox 1845 4579 3410 4651">
    <p class='ocr_par' dir='ltr' id='par_1_90' title="bbox 1845 4579 3410 4651">
     <span class='ocr_line' id='line_1_90' title="bbox 1845 4579 3410 4651; baseline 0.004 -23"><span class='ocrx_word' id='word_1_644' title='bbox 1845 4591 2038 4630; x_wconf 88' lang='lat' dir='ltr'><strong>narum</strong></span> <span class='ocrx_word' id='word_1_645' title='bbox 2081 4591 2353 4638; x_wconf 82' lang='lat' dir='ltr'><strong>numero,</strong></span> <span class='ocrx_word' id='word_1_646' title='bbox 2399 4579 2719 4633; x_wconf 74' lang='lat' dir='ltr'><strong>beneficium</strong></span> <span class='ocrx_word' id='word_1_647' title='bbox 2771 4582 2913 4650; x_wconf 89' lang='lat' dir='ltr'><strong>quod</strong></span> <span class='ocrx_word' id='word_1_648' title='bbox 2967 4581 3255 4649; x_wconf 84' lang='lat' dir='ltr'><strong>accepistis</strong></span> <span class='ocrx_word' id='word_1_649' title='bbox 3315 4597 3410 4651; x_wconf 86' lang='lat' dir='ltr'><strong>per</strong></span> 
     </span>
    </p>
   </div>
   <div class='ocr_carea' id='block_1_91' title="bbox 183 4665 1728 4743">
    <p class='ocr_par' dir='ltr' id='par_1_91' title="bbox 183 4665 1728 4741">
     <span class='ocr_line' id='line_1_91' title="bbox 183 4665 1728 4741; baseline -0.005 -20"><span class='ocrx_word' id='word_1_650' title='bbox 183 4687 347 4741; x_wconf 88' lang='grc' dir='ltr'>ρισμα</span> <span class='ocrx_word' id='word_1_651' title='bbox 367 4673 456 4726; x_wconf 89' lang='grc' dir='ltr'><strong>διά</strong></span> <span class='ocrx_word' id='word_1_652' title='bbox 490 4669 702 4725; x_wconf 84' lang='grc' dir='ltr'>πολλῶν</span> <span class='ocrx_word' id='word_1_653' title='bbox 735 4668 1100 4740; x_wconf 85' lang='grc' dir='ltr'>εὐχαριστηθῇ</span> <span class='ocrx_word' id='word_1_654' title='bbox 1133 4666 1273 4738; x_wconf 83' lang='grc' dir='ltr'>ὑπὲρ</span> <span class='ocrx_word' id='word_1_655' title='bbox 1299 4665 1473 4734; x_wconf 84' lang='grc' dir='ltr'>ὑμῶν.</span> <span class='ocrx_word' id='word_1_656' title='bbox 1505 4665 1728 4716; x_wconf 86' lang='grc' dir='ltr'>Τοιαύττ</span> 
     </span>
    </p>
   </div>
   <div class='ocr_carea' id='block_1_92' title="bbox 1832 4665 3410 4743">
    <p class='ocr_par' dir='ltr' id='par_1_92' title="bbox 1849 4669 3410 4743">
     <span class='ocr_line' id='line_1_92' title="bbox 1849 4669 3410 4743; baseline 0.005 -23"><span class='ocrx_word' id='word_1_657' title='bbox 1849 4669 2054 4723; x_wconf 90' lang='lat' dir='ltr'><strong>multos</strong></span> <span class='ocrx_word' id='word_1_658' title='bbox 2092 4683 2214 4721; x_wconf 88' lang='lat' dir='ltr'><strong>cum</strong></span> <span class='ocrx_word' id='word_1_659' title='bbox 2249 4669 2548 4737; x_wconf 82' lang='lat' dir='ltr'><strong>gratiarum</strong></span> <span class='ocrx_word' id='word_1_660' title='bbox 2583 4672 2795 4726; x_wconf 88' lang='lat' dir='ltr'><strong>actione</strong></span> <span class='ocrx_word' id='word_1_661' title='bbox 2833 4689 2931 4743; x_wconf 89' lang='lat' dir='ltr'><strong>pro</strong></span> <span class='ocrx_word' id='word_1_662' title='bbox 2973 4673 3127 4727; x_wconf 82' lang='lat' dir='ltr'><strong>vobis</strong></span> <span class='ocrx_word' id='word_1_663' title='bbox 3169 4673 3410 4729; x_wconf 85' lang='lat' dir='ltr'><strong>celebre-</strong></span> 
     </span>
    </p>
   </div>
   <div class='ocr_carea' id='block_1_93' title="bbox 179 4755 1736 4834">
    <p class='ocr_par' dir='ltr' id='par_1_93' title="bbox 179 4755 1736 4834">
     <span class='ocr_line' id='line_1_93' title="bbox 179 4755 1736 4834; baseline -0.005 -20"><span class='ocrx_word' id='word_1_664' title='bbox 179 4764 212 4829; x_wconf 82' lang='grc' dir='ltr'>ἡ</span> <span class='ocrx_word' id='word_1_665' title='bbox 239 4761 356 4815; x_wconf 85' lang='grc' dir='ltr'>θεία</span> <span class='ocrx_word' id='word_1_666' title='bbox 387 4761 675 4834; x_wconf 81' lang='grc' dir='ltr'>προσφορὰ</span> <span class='ocrx_word' id='word_1_667' title='bbox 701 4800 715 4828; x_wconf 87' lang='grc'><strong>,</strong></span> <span class='ocrx_word' id='word_1_668' title='bbox 743 4762 838 4814; x_wconf 69' lang='grc' dir='ltr'>καὶ</span> <span class='ocrx_word' id='word_1_669' title='bbox 865 4760 1124 4828; x_wconf 84' lang='grc' dir='ltr'>καλλίστη</span> <span class='ocrx_word' id='word_1_670' title='bbox 1159 4776 1253 4811; x_wconf 93' lang='grc' dir='ltr'><strong>σου</strong></span> <span class='ocrx_word' id='word_1_671' title='bbox 1283 4760 1316 4828; x_wconf 85' lang='grc' dir='ltr'><strong>ή</strong></span> <span class='ocrx_word' id='word_1_672' title='bbox 1351 4755 1632 4826; x_wconf 74' lang='grc' dir='ltr'>ὁμολογία,</span> <span class='ocrx_word' id='word_1_673' title='bbox 1672 4757 1736 4824; x_wconf 80' lang='grc' dir='ltr'>ἣν</span> 
     </span>
    </p>
   </div>
   <div class='ocr_carea' id='block_1_94' title="bbox 181 4847 1741 4925">
    <p class='ocr_par' dir='ltr' id='par_1_94' title="bbox 181 4847 1741 4925">
     <span class='ocr_line' id='line_1_94' title="bbox 181 4847 1741 4925; baseline -0.004 -21"><span class='ocrx_word' id='word_1_674' title='bbox 181 4854 237 4904; x_wconf 90' lang='grc' dir='ltr'><strong>ἐν</strong></span> <span class='ocrx_word' id='word_1_675' title='bbox 277 4857 387 4918; x_wconf 84' lang='grc' dir='ltr'>τοῖς</span> <span class='ocrx_word' id='word_1_676' title='bbox 437 4854 766 4925; x_wconf 86' lang='grc' dir='ltr'>γράμμασιν</span> <span class='ocrx_word' id='word_1_677' title='bbox 813 4852 1168 4922; x_wconf 83' lang='grc' dir='ltr'>ὡμολόγησας</span> <span class='ocrx_word' id='word_1_678' title='bbox 1206 4851 1436 4903; x_wconf 89' lang='grc' dir='ltr'>ἐνώπιον</span> <span class='ocrx_word' id='word_1_679' title='bbox 1474 4847 1607 4901; x_wconf 86' lang='grc' dir='ltr'>Θεοῦ</span> <span class='ocrx_word' id='word_1_680' title='bbox 1648 4847 1741 4900; x_wconf 78' lang='grc' dir='ltr'><strong>καὶ</strong></span> 
     </span>
    </p>
   </div>
   <div class='ocr_carea' id='block_1_95' title="bbox 181 4943 500 5014">
    <p class='ocr_par' dir='ltr' id='par_1_95' title="bbox 181 4943 500 5014">
     <span class='ocr_line' id='line_1_95' title="bbox 181 4943 500 5014; baseline 0.003 -17"><span class='ocrx_word' id='word_1_681' title='bbox 181 4944 273 4997; x_wconf 85' lang='grc' dir='ltr'><strong>ἀνθ</strong></span> <span class='ocrx_word' id='word_1_682' title='bbox 282 4943 478 5014; x_wconf 88' lang='grc' dir='ltr'>ρώπων</span> <span class='ocrx_word' id='word_1_683' title='bbox 487 4985 500 4998; x_wconf 92' lang='grc'><strong>.</strong></span> 
     </span>
    </p>
   </div>
   <div class='ocr_carea' id='block_1_96' title="bbox 250 5031 1744 5107">
    <p class='ocr_par' dir='ltr' id='par_1_96' title="bbox 250 5031 1744 5107">
     <span class='ocr_line' id='line_1_96' title="bbox 250 5031 1744 5107; baseline -0.004 -19"><span class='ocrx_word' id='word_1_684' title='bbox 250 5035 402 5095; x_wconf 82' lang='grc' dir='ltr'>Οῦτω</span> <span class='ocrx_word' id='word_1_685' title='bbox 435 5038 545 5107; x_wconf 80' lang='grc' dir='ltr'>γὰρ</span> <span class='ocrx_word' id='word_1_686' title='bbox 577 5037 609 5105; x_wconf 82' lang='grc' dir='ltr'>ἠ</span> <span class='ocrx_word' id='word_1_687' title='bbox 630 5036 859 5106; x_wconf 82' lang='grc' dir='ltr'>ἀληθινὴ</span> <span class='ocrx_word' id='word_1_688' title='bbox 889 5035 1069 5096; x_wconf 79' lang='grc' dir='ltr'>πίστις</span> <span class='ocrx_word' id='word_1_689' title='bbox 1094 5032 1199 5085; x_wconf 85' lang='grc' dir='ltr'><strong>τῶν</strong></span> <span class='ocrx_word' id='word_1_690' title='bbox 1223 5031 1583 5102; x_wconf 74' lang='grc' dir='ltr'>Χριστιανῶψ</span> <span class='ocrx_word' id='word_1_691' title='bbox 1604 5033 1744 5083; x_wconf 88' lang='grc' dir='ltr'><strong>κατά</strong></span> 
     </span>
    </p>
   </div>
   <div class='ocr_carea' id='block_1_97' title="bbox 188 5124 1743 5200">
    <p class='ocr_par' dir='ltr' id='par_1_97' title="bbox 188 5124 1743 5200">
     <span class='ocr_line' id='line_1_97' title="bbox 188 5124 1743 5200; baseline -0.003 -22"><span class='ocrx_word' id='word_1_692' title='bbox 188 5124 284 5194; x_wconf 78' lang='grc' dir='ltr'>μὲν</span> <span class='ocrx_word' id='word_1_693' title='bbox 318 5128 379 5180; x_wconf 89' lang='grc' dir='ltr'><strong>τὸ</strong></span> <span class='ocrx_word' id='word_1_694' title='bbox 409 5130 508 5200; x_wconf 80' lang='grc' dir='ltr'><strong>τῆς</strong></span> <span class='ocrx_word' id='word_1_695' title='bbox 546 5127 824 5195; x_wconf 87' lang='grc' dir='ltr'>θεολογίας</span> <span class='ocrx_word' id='word_1_696' title='bbox 855 5127 1034 5197; x_wconf 84' lang='grc' dir='ltr'>δόγμα</span> <span class='ocrx_word' id='word_1_697' title='bbox 1089 5125 1363 5178; x_wconf 77' lang='grc' dir='ltr'>πιστεύειν</span> <span class='ocrx_word' id='word_1_698' title='bbox 1398 5124 1476 5185; x_wconf 85' lang='grc' dir='ltr'><strong>είς</strong></span> <span class='ocrx_word' id='word_1_699' title='bbox 1507 5125 1743 5192; x_wconf 84' lang='grc' dir='ltr'>Πατέρα,</span> 
     </span>
    </p>
   </div>
   <div class='ocr_carea' id='block_1_98' title="bbox 187 5212 1746 5288">
    <p class='ocr_par' dir='ltr' id='par_1_98' title="bbox 187 5212 1746 5288">
     <span class='ocr_line' id='line_1_98' title="bbox 187 5212 1746 5288; baseline -0.002 -19"><span class='ocrx_word' id='word_1_700' title='bbox 187 5219 277 5270; x_wconf 70' lang='grc' dir='ltr'>καὶ</span> <span class='ocrx_word' id='word_1_701' title='bbox 294 5219 442 5282; x_wconf 86' lang='grc' dir='ltr'>Υίὸν,</span> <span class='ocrx_word' id='word_1_702' title='bbox 474 5221 572 5272; x_wconf 71' lang='grc' dir='ltr'><strong>καὶ</strong></span> <span class='ocrx_word' id='word_1_703' title='bbox 602 5226 755 5286; x_wconf 78' lang='grc' dir='ltr'>αγιον</span> <span class='ocrx_word' id='word_1_704' title='bbox 788 5220 1009 5288; x_wconf 86' lang='grc' dir='ltr'>Πνεῦμα</span> <span class='ocrx_word' id='word_1_705' title='bbox 1030 5233 1044 5246; x_wconf 88' lang='grc'><strong>·</strong></span> <span class='ocrx_word' id='word_1_706' title='bbox 1070 5219 1125 5270; x_wconf 82' lang='grc' dir='ltr'><strong>ἐν</strong></span> <span class='ocrx_word' id='word_1_707' title='bbox 1150 5212 1231 5279; x_wconf 77' lang='grc' dir='ltr'>οἷς</span> <span class='ocrx_word' id='word_1_708' title='bbox 1259 5219 1353 5270; x_wconf 76' lang='grc' dir='ltr'><strong>καὶ</strong></span> <span class='ocrx_word' id='word_1_709' title='bbox 1379 5215 1440 5267; x_wconf 88' lang='grc' dir='ltr'><strong>τὸ</strong></span> <span class='ocrx_word' id='word_1_710' title='bbox 1466 5216 1746 5284; x_wconf 84' lang='grc' dir='ltr'>βάπτισμα</span> 
     </span>
    </p>
   </div>
   <div class='ocr_carea' id='block_1_99' title="bbox 187 5304 1742 5379">
    <p class='ocr_par' dir='ltr' id='par_1_99' title="bbox 187 5304 1742 5379">
     <span class='ocr_line' id='line_1_99' title="bbox 187 5304 1742 5379; baseline -0.001 -21"><span class='ocrx_word' id='word_1_711' title='bbox 187 5309 282 5375; x_wconf 71' lang='grc' dir='ltr'>τὴν</span> <span class='ocrx_word' id='word_1_712' title='bbox 301 5310 582 5364; x_wconf 85' lang='grc' dir='ltr'>τελείωσιν</span> <span class='ocrx_word' id='word_1_713' title='bbox 605 5309 717 5379; x_wconf 78' lang='grc' dir='ltr'>ἔχει</span> <span class='ocrx_word' id='word_1_714' title='bbox 738 5324 752 5338; x_wconf 77' lang='grc' dir='ltr'><strong>ο</strong></span> <span class='ocrx_word' id='word_1_715' title='bbox 780 5309 911 5362; x_wconf 87' lang='grc' dir='ltr'>Θεὸν</span> <span class='ocrx_word' id='word_1_716' title='bbox 941 5309 1036 5361; x_wconf 88' lang='grc' dir='ltr'><strong>τὸν</strong></span> <span class='ocrx_word' id='word_1_717' title='bbox 1069 5308 1308 5378; x_wconf 87' lang='grc' dir='ltr'>Πατέρα,</span> <span class='ocrx_word' id='word_1_718' title='bbox 1326 5304 1457 5358; x_wconf 87' lang='grc' dir='ltr'>Θεὸν</span> <span class='ocrx_word' id='word_1_719' title='bbox 1484 5305 1573 5358; x_wconf 83' lang='grc' dir='ltr'><strong>τὸν</strong></span> <span class='ocrx_word' id='word_1_720' title='bbox 1594 5305 1742 5369; x_wconf 78' lang='grc' dir='ltr'>Υίὸν,</span> 
     </span>
    </p>
   </div>
   <div class='ocr_carea' id='block_1_100' title="bbox 187 5394 1740 5469">
    <p class='ocr_par' dir='ltr' id='par_1_100' title="bbox 187 5394 1740 5469">
     <span class='ocr_line' id='line_1_100' title="bbox 187 5394 1740 5469; baseline 0.002 -24"><span class='ocrx_word' id='word_1_721' title='bbox 187 5394 315 5449; x_wconf 87' lang='grc' dir='ltr'>Θεὸν</span> <span class='ocrx_word' id='word_1_722' title='bbox 346 5399 406 5452; x_wconf 86' lang='grc' dir='ltr'><strong>τὸ</strong></span> <span class='ocrx_word' id='word_1_723' title='bbox 433 5399 657 5468; x_wconf 88' lang='grc' dir='ltr'>Πνεῦμα</span> <span class='ocrx_word' id='word_1_724' title='bbox 677 5399 738 5452; x_wconf 88' lang='grc' dir='ltr'><strong>τὸ</strong></span> <span class='ocrx_word' id='word_1_725' title='bbox 764 5399 919 5469; x_wconf 75' lang='grc' dir='ltr'>ἅγιον</span> <span class='ocrx_word' id='word_1_726' title='bbox 936 5415 951 5430; x_wconf 77' lang='grc' dir='ltr'><strong>ο</strong></span> <span class='ocrx_word' id='word_1_727' title='bbox 970 5398 1049 5460; x_wconf 87' lang='grc' dir='ltr'><strong>είς</strong></span> <span class='ocrx_word' id='word_1_728' title='bbox 1078 5397 1175 5451; x_wconf 72' lang='grc' dir='ltr'><strong>ἕνα</strong></span> <span class='ocrx_word' id='word_1_729' title='bbox 1195 5397 1347 5463; x_wconf 84' lang='grc' dir='ltr'>Θεὸν,</span> <span class='ocrx_word' id='word_1_730' title='bbox 1364 5395 1459 5450; x_wconf 72' lang='grc' dir='ltr'>καὶ</span> <span class='ocrx_word' id='word_1_731' title='bbox 1483 5396 1542 5448; x_wconf 85' lang='grc' dir='ltr'><strong>οὐ</strong></span> <span class='ocrx_word' id='word_1_732' title='bbox 1572 5398 1740 5467; x_wconf 87' lang='grc' dir='ltr'>τρεῖς,</span> 
     </span>
    </p>
   </div>
   <div class='ocr_carea' id='block_1_101' title="bbox 259 5532 1299 5600">
    <p class='ocr_par' dir='ltr' id='par_1_101' title="bbox 259 5532 1299 5600">
     <span class='ocr_line' id='line_1_101' title="bbox 259 5532 1299 5600; baseline -0.002 -11"><span class='ocrx_word' id='word_1_733' title='bbox 259 5533 298 5563; x_wconf 84' lang='grc'><strong>¹⁹</strong></span> <span class='ocrx_word' id='word_1_734' title='bbox 326 5533 455 5592; x_wconf 85' lang='lat' dir='ltr'><strong>Luc.</strong></span> <span class='ocrx_word' id='word_1_735' title='bbox 516 5553 602 5600; x_wconf 78' lang='lat' dir='ltr'><strong>xv,</strong></span> <span class='ocrx_word' id='word_1_736' title='bbox 634 5537 681 5592; x_wconf 87' lang='lat'><strong>7.</strong></span> <span class='ocrx_word' id='word_1_737' title='bbox 773 5537 833 5567; x_wconf 79' lang='lat'><strong>-&#39;°</strong></span> <span class='ocrx_word' id='word_1_738' title='bbox 892 5534 911 5588; x_wconf 94' lang='lat' dir='ltr'><strong>l</strong></span> <span class='ocrx_word' id='word_1_739' title='bbox 943 5534 1180 5599; x_wconf 61' lang='lat' dir='ltr'><strong>C‘or.vn,</strong></span> <span class='ocrx_word' id='word_1_740' title='bbox 1214 5532 1299 5587; x_wconf 73' lang='grc'><strong>16.</strong></span> 
     </span>
    </p>
   </div>
   <div class='ocr_carea' id='block_1_102' title="bbox 1847 4758 3411 4834">
    <p class='ocr_par' dir='ltr' id='par_1_102' title="bbox 1847 4758 3411 4834">
     <span class='ocr_line' id='line_1_102' title="bbox 1847 4758 3411 4834; baseline 0.004 -21"><span class='ocrx_word' id='word_1_741' title='bbox 1847 4768 1955 4813; x_wconf 91' lang='lat' dir='ltr'><strong>tur.</strong></span> <span class='ocrx_word' id='word_1_742' title='bbox 1991 4758 2138 4813; x_wconf 87' lang='lat' dir='ltr'><strong>Talis</strong></span> <span class='ocrx_word' id='word_1_743' title='bbox 2188 4770 2272 4814; x_wconf 88' lang='lat' dir='ltr'><strong>est</strong></span> <span class='ocrx_word' id='word_1_744' title='bbox 2319 4761 2501 4815; x_wconf 89' lang='lat' dir='ltr'><strong>divina</strong></span> <span class='ocrx_word' id='word_1_745' title='bbox 2547 4763 2788 4829; x_wconf 91' lang='lat' dir='ltr'><strong>oblatio,</strong></span> <span class='ocrx_word' id='word_1_746' title='bbox 2836 4775 2891 4819; x_wconf 92' lang='lat' dir='ltr'><strong>et</strong></span> <span class='ocrx_word' id='word_1_747' title='bbox 2919 4765 3285 4834; x_wconf 87' lang='lat' dir='ltr'><strong>pulcherrima</strong></span> <span class='ocrx_word' id='word_1_748' title='bbox 3319 4775 3411 4820; x_wconf 88' lang='lat' dir='ltr'><strong>tua</strong></span> 
     </span>
    </p>
   </div>
   <div class='ocr_carea' id='block_1_103' title="bbox 1847 4850 3410 4924">
    <p class='ocr_par' dir='ltr' id='par_1_103' title="bbox 1847 4850 3410 4924">
     <span class='ocr_line' id='line_1_103' title="bbox 1847 4850 3410 4924; baseline 0.006 -19"><span class='ocrx_word' id='word_1_749' title='bbox 1847 4850 2152 4918; x_wconf 80' lang='lat' dir='ltr'><strong>confessio,</strong></span> <span class='ocrx_word' id='word_1_750' title='bbox 2212 4868 2377 4920; x_wconf 85' lang='lat' dir='ltr'><strong>quam</strong></span> <span class='ocrx_word' id='word_1_751' title='bbox 2427 4870 2523 4924; x_wconf 89' lang='lat' dir='ltr'><strong>per</strong></span> <span class='ocrx_word' id='word_1_752' title='bbox 2570 4855 2780 4912; x_wconf 85' lang='lat' dir='ltr'><strong>litteras</strong></span> <span class='ocrx_word' id='word_1_753' title='bbox 2810 4857 3094 4912; x_wconf 85' lang='lat' dir='ltr'><strong>confessus</strong></span> <span class='ocrx_word' id='word_1_754' title='bbox 3131 4873 3192 4914; x_wconf 90' lang='lat' dir='ltr'><strong>es</strong></span> <span class='ocrx_word' id='word_1_755' title='bbox 3223 4874 3410 4914; x_wconf 88' lang='lat' dir='ltr'><strong>coram</strong></span> 
     </span>
    </p>
   </div>
   <div class='ocr_carea' id='block_1_104' title="bbox 1849 4944 2396 5001">
    <p class='ocr_par' dir='ltr' id='par_1_104' title="bbox 1849 4944 2396 5001">
     <span class='ocr_line' id='line_1_104' title="bbox 1849 4944 2396 5001; baseline 0.011 -6"><span class='ocrx_word' id='word_1_756' title='bbox 1849 4944 1959 4997; x_wconf 91' lang='lat' dir='ltr'><strong>Deo</strong></span> <span class='ocrx_word' id='word_1_757' title='bbox 1987 4954 2040 4999; x_wconf 90' lang='lat' dir='ltr'><strong>et</strong></span> <span class='ocrx_word' id='word_1_758' title='bbox 2065 4944 2396 5001; x_wconf 90' lang='lat' dir='ltr'><strong>hominibus.</strong></span> 
     </span>
    </p>
   </div>
   <div class='ocr_carea' id='block_1_105' title="bbox 1919 5032 3415 5108">
    <p class='ocr_par' dir='ltr' id='par_1_105' title="bbox 1919 5032 3415 5108">
     <span class='ocr_line' id='line_1_105' title="bbox 1919 5032 3415 5108; baseline 0.005 -19"><span class='ocrx_word' id='word_1_759' title='bbox 1919 5032 2013 5090; x_wconf 90' lang='lat' dir='ltr'><strong>Sic</strong></span> <span class='ocrx_word' id='word_1_760' title='bbox 2060 5035 2206 5090; x_wconf 89' lang='lat' dir='ltr'><strong>enim</strong></span> <span class='ocrx_word' id='word_1_761' title='bbox 2249 5052 2378 5090; x_wconf 84' lang='lat' dir='ltr'><strong>vera</strong></span> <span class='ocrx_word' id='word_1_762' title='bbox 2408 5037 2542 5093; x_wconf 80' lang='lat' dir='ltr'><strong>fides</strong></span> <span class='ocrx_word' id='word_1_763' title='bbox 2592 5038 3064 5108; x_wconf 84' lang='lat' dir='ltr'><strong>Christianorum;</strong></span> <span class='ocrx_word' id='word_1_764' title='bbox 3113 5041 3415 5106; x_wconf 85' lang='lat' dir='ltr'><strong>secundum</strong></span> 
     </span>
    </p>
   </div>
   <div class='ocr_carea' id='block_1_106' title="bbox 1848 5127 3417 5199">
    <p class='ocr_par' dir='ltr' id='par_1_106' title="bbox 1848 5127 3417 5199">
     <span class='ocr_line' id='line_1_106' title="bbox 1848 5127 3417 5199; baseline 0.006 -21"><span class='ocrx_word' id='word_1_765' title='bbox 1848 5127 2135 5196; x_wconf 69' lang='lat' dir='ltr'><strong>theologia:</strong></span> <span class='ocrx_word' id='word_1_766' title='bbox 2183 5129 2404 5196; x_wconf 88' lang='lat' dir='ltr'><strong>quidem</strong></span> <span class='ocrx_word' id='word_1_767' title='bbox 2457 5129 2674 5199; x_wconf 84' lang='lat' dir='ltr'><strong>dogma,</strong></span> <span class='ocrx_word' id='word_1_768' title='bbox 2724 5132 2946 5187; x_wconf 79' lang='lat' dir='ltr'><strong>credere</strong></span> <span class='ocrx_word' id='word_1_769' title='bbox 2991 5133 3042 5186; x_wconf 90' lang='lat' dir='ltr'><strong>in</strong></span> <span class='ocrx_word' id='word_1_770' title='bbox 3091 5132 3332 5198; x_wconf 89' lang='lat' dir='ltr'><strong>Patrem,</strong></span> <span class='ocrx_word' id='word_1_771' title='bbox 3363 5143 3417 5188; x_wconf 90' lang='lat' dir='ltr'><strong>et</strong></span> 
     </span>
    </p>
   </div>
   <div class='ocr_carea' id='block_1_107' title="bbox 1845 5217 3418 5294">
    <p class='ocr_par' dir='ltr' id='par_1_107' title="bbox 1845 5217 3418 5294">
     <span class='ocr_line' id='line_1_107' title="bbox 1845 5217 3418 5294; baseline 0.003 -23"><span class='ocrx_word' id='word_1_772' title='bbox 1845 5217 2067 5283; x_wconf 88' lang='lat' dir='ltr'><strong>Filium,</strong></span> <span class='ocrx_word' id='word_1_773' title='bbox 2098 5227 2150 5271; x_wconf 90' lang='lat' dir='ltr'><strong>et</strong></span> <span class='ocrx_word' id='word_1_774' title='bbox 2184 5219 2445 5288; x_wconf 83' lang='lat' dir='ltr'><strong>Spiritum</strong></span> <span class='ocrx_word' id='word_1_775' title='bbox 2480 5230 2755 5287; x_wconf 86' lang='lat' dir='ltr'><strong>sanctum,</strong></span> <span class='ocrx_word' id='word_1_776' title='bbox 2797 5227 2854 5277; x_wconf 90' lang='lat' dir='ltr'><strong>in</strong></span> <span class='ocrx_word' id='word_1_777' title='bbox 2923 5224 3122 5294; x_wconf 88' lang='lat' dir='ltr'><strong>quibus</strong></span> <span class='ocrx_word' id='word_1_778' title='bbox 3154 5233 3208 5278; x_wconf 89' lang='lat' dir='ltr'><strong>et</strong></span> <span class='ocrx_word' id='word_1_779' title='bbox 3237 5223 3418 5293; x_wconf 88' lang='lat' dir='ltr'><strong>bapti-</strong></span> 
     </span>
    </p>
   </div>
   <div class='ocr_carea' id='block_1_108' title="bbox 1846 5309 3415 5384">
    <p class='ocr_par' dir='ltr' id='par_1_108' title="bbox 1846 5309 3415 5384">
     <span class='ocr_line' id='line_1_108' title="bbox 1846 5309 3415 5384; baseline 0.002 -19"><span class='ocrx_word' id='word_1_780' title='bbox 1846 5324 1966 5365; x_wconf 86' lang='lat' dir='ltr'><strong>sma</strong></span> <span class='ocrx_word' id='word_1_781' title='bbox 1993 5309 2392 5383; x_wconf 42' lang='lat' dir='ltr'><strong>perfectionem.</strong></span> <span class='ocrx_word' id='word_1_782' title='bbox 2427 5315 2622 5369; x_wconf 90' lang='lat' dir='ltr'><strong>habet:</strong></span> <span class='ocrx_word' id='word_1_783' title='bbox 2660 5314 2828 5370; x_wconf 89' lang='lat' dir='ltr'><strong>Deum</strong></span> <span class='ocrx_word' id='word_1_784' title='bbox 2863 5315 3290 5384; x_wconf 88' lang='lat' dir='ltr'><strong>Patrem,Deum</strong></span> <span class='ocrx_word' id='word_1_785' title='bbox 3322 5313 3415 5368; x_wconf 89' lang='lat' dir='ltr'><strong>Fi-</strong></span> 
     </span>
    </p>
   </div>
   <div class='ocr_carea' id='block_1_109' title="bbox 1845 5401 3416 5474">
    <p class='ocr_par' dir='ltr' id='par_1_109' title="bbox 1845 5401 3416 5474">
     <span class='ocr_line' id='line_1_109' title="bbox 1845 5401 3416 5474; baseline 0.004 -19"><span class='ocrx_word' id='word_1_786' title='bbox 1845 5401 2008 5470; x_wconf 91' lang='lat' dir='ltr'><strong>lium,</strong></span> <span class='ocrx_word' id='word_1_787' title='bbox 2044 5402 2214 5458; x_wconf 90' lang='lat' dir='ltr'><strong>Deum</strong></span> <span class='ocrx_word' id='word_1_788' title='bbox 2239 5401 2503 5474; x_wconf 90' lang='lat' dir='ltr'><strong>Spiritum</strong></span> <span class='ocrx_word' id='word_1_789' title='bbox 2531 5415 2779 5463; x_wconf 89' lang='lat' dir='ltr'><strong>sanctum</strong></span> <span class='ocrx_word' id='word_1_790' title='bbox 2802 5449 2817 5474; x_wconf 92' lang='lat'><strong>,</strong></span> <span class='ocrx_word' id='word_1_791' title='bbox 2848 5408 2902 5464; x_wconf 91' lang='lat' dir='ltr'><strong>in</strong></span> <span class='ocrx_word' id='word_1_792' title='bbox 2934 5422 3105 5464; x_wconf 88' lang='lat' dir='ltr'><strong>unum</strong></span> <span class='ocrx_word' id='word_1_793' title='bbox 3133 5404 3327 5472; x_wconf 87' lang='lat' dir='ltr'><strong>Deum,</strong></span> <span class='ocrx_word' id='word_1_794' title='bbox 3361 5416 3416 5461; x_wconf 86' lang='lat' dir='ltr'><strong>et</strong></span> 
     </span>
    </p>
   </div>
   <div class='ocr_carea' id='block_1_110' title="bbox 1676 5649 1903 5708">
    <p class='ocr_par' dir='ltr' id='par_1_110' title="bbox 1676 5649 1903 5708">
     <span class='ocr_line' id='line_1_110' title="bbox 1676 5649 1903 5708; baseline 0.013 -5"><span class='ocrx_word' id='word_1_795' title='bbox 1676 5649 1903 5708; x_wconf 73' lang='grc' dir='ltr'><strong>ΝΟΤᾹΞ.</strong></span> 
     </span>
    </p>
   </div>
   <div class='ocr_carea' id='block_1_111' title="bbox 262 5784 943 5861">
    <p class='ocr_par' dir='ltr' id='par_1_111' title="bbox 262 5784 943 5861">
     <span class='ocr_line' id='line_1_111' title="bbox 262 5784 943 5861; baseline 0.026 -25"><span class='ocrx_word' id='word_1_796' title='bbox 262 5784 366 5855; x_wconf 74' lang='lat'><strong>(50)</strong></span> <span class='ocrx_word' id='word_1_797' title='bbox 391 5786 445 5842; x_wconf 86' lang='grc' dir='ltr'>ιιι</span> <span class='ocrx_word' id='word_1_798' title='bbox 479 5788 598 5844; x_wconf 89' lang='lat' dir='ltr'><strong>cod.</strong></span> <span class='ocrx_word' id='word_1_799' title='bbox 629 5789 757 5860; x_wconf 81' lang='lat' dir='ltr'><strong>lleg.</strong></span> <span class='ocrx_word' id='word_1_800' title='bbox 797 5789 943 5861; x_wconf 83' lang='grc' dir='ltr'>ρκς·ὀ</span> 
     </span>
    </p>
   </div>
   <div class='ocr_carea' id='block_1_112' title="bbox 1929 5789 2378 5862">
    <p class='ocr_par' dir='ltr' id='par_1_112' title="bbox 1929 5789 2378 5862">
     <span class='ocr_line' id='line_1_112' title="bbox 1929 5789 2378 5862; baseline 0.002 -19"><span class='ocrx_word' id='word_1_801' title='bbox 1929 5790 2002 5862; x_wconf 63' lang='grc'><strong>[³⁸)</strong></span> <span class='ocrx_word' id='word_1_802' title='bbox 2045 5789 2378 5860; x_wconf 75' lang='lat' dir='ltr'><strong>Dogtnatlica.</strong></span> 
     </span>
    </p>
   </div>
  </div>
