3964 6320
578 355 715 424 1495

1770 360 1828 415 S.
1858 357 2247 418 THEODORI

2309 356 2651 417 STUDIT£
3745 358 3863 426 14%

573 493 687 535 non
715 490 860 543 tres,
909 480 1086 548 absit;
1122 481 1381 554 quoniam
1427 495 1535 534 una
1572 479 1786 540 deitas,
1839 490 1946 530 non
1985 476 2160 531 divisa

2271 476 2448 544 ἄπαγε
2473 492 2486 505 ·
2523 477 2760 546 ἐπείπερ
2793 476 2889 547 μία
2917 478 2950 546 ὴ
2983 477 3209 547 Θεότης,
3251 477 3315 530 ού
3341 477 3738 548 διαιρουμένη
3760 483 3864 544 ταῖς

577 573 755 626 tribus
789 574 1210 644 liypostasibus,
1249 575 1346 630 sed
1382 580 1493 628 tota
1547 572 1602 627 in
1650 569 1879 640 singulis
1911 570 2160 638 personis

576 643 1134 733 spectataindivisim
1161 682 1176 719 :
1204 663 1351 735 quod
1395 665 1559 729 plane
1597 660 2013 730 intelligentiam
2059 672 2156 712 ex-

575 759 724 814 cedit
755 776 768 812 :
799 756 972 814 Deum
1018 759 1202 815 dicere
1245 770 1696 828 unumquemque
1723 796 1739 821 ,
1781 763 1835 808 et
1883 754 1937 807 in
1987 767 2160 806 unum

578 849 752 904 Deum
807 851 1130 924 recolligere
1175 851 1579 908 confessionem
1615 867 1628 904 :
1667 846 1974 903 secundum
2033 859 2163 898 vero

577 943 977 998 incarnationis
1016 944 1251 1016 dogma,
1309 958 1528 998 rursum
1577 940 1802 996 credere
1849 938 1997 1008 quod
2031 935 2163 991 Ver-

578 1035 703 1089 bum
731 1051 857 1088 caro
888 1035 1096 1106 factum
1117 1037 1277 1101 est“,
1307 1036 1424 1090 sive
1471 1047 1619 1088 unus
1661 1031 1730 1086 de
1769 1038 1957 1085 sancta
1981 1027 2163 1083 Trini-

577 1135 691 1180 tate
767 1136 930 1182 natus
997 1137 1083 1183 est
1136 1143 1203 1183 ex
1256 1126 1612 1182 immaculata
1663 1125 1874 1196 virgine
1939 1124 2159 1189 Maria;

581 1232 816 1273 manens
847 1218 1066 1288 quidem
1099 1219 1151 1273 id
1182 1218 1332 1288 quod
1387 1227 1526 1282 erat,
1561 1216 1707 1273 Deus
1757 1217 2118 1272 immutabilis
2143 1259 2159 1283 ,

583 1320 640 1362 et
671 1307 817 1364 Patri
869 1320 1207 1376 coaeternus;
1263 1311 1358 1365 sed
1387 1318 1669 1380 assumpta
1727 1319 1925 1364 natura
1973 1318 2163 1365 nostra

586 1421 685 1473 per
733 1406 1060 1475 virginalem
1116 1406 1169 1460 in
1224 1406 1429 1476 Spiritu
1479 1414 1672 1461 sancto
1725 1406 2158 1476 generationem.

578 1498 790 1567 Estque
827 1499 968 1554 idem
1005 1509 1152 1555 totus
1182 1499 1348 1564 Deus,
1375 1509 1430 1555 et
1455 1509 1604 1554 totus
1635 1500 1801 1556 homo
1828 1518 1841 1553 :
1874 1508 2018 1555 totas
2044 1499 2164 1556 sine

579 1591 798 1646 defectu
837 1592 1048 1648 habens
1104 1594 1158 1647 in
1211 1593 1395 1662 seipso
1442 1593 1680 1647 duarum
1731 1603 2055 1647 naturarum
2093 1609 2161 1648 ex

578 1688 780 1758 quibus
813 1697 1062 1751 constat,
1093 1687 1312 1742 deitatis
1342 1687 1554 1741 scilicet
1587 1696 1752 1757 atque
1780 1687 2160 1753 humanitatis,

579 1781 634 1834 in
683 1795 791 1834 una
845 1780 1127 1850 hyposlasi
1168 1779 1572 1849 proprietates;
1631 1780 2083 1850 circumscriptus
2109 1788 2165 1835 et

579 1887 688 1926 non
741 1873 1198 1940 circumscriptus
1244 1887 1258 1924 :
1313 1871 1416 1925 hoc
1488 1870 1706 1940 quidem
1769 1882 1992 1940 propter
2046 1871 2164 1926 dei-

579 1975 781 2030 tatem,
851 1965 985 2019 illud
1054 1979 1181 2018 vero
1255 1976 1480 2034 propter
1549 1965 1942 2020 humanitatem
2003 1983 2017 2021 :
2083 1966 2165 2022 ha:

583 2069 714 2114 sunt
774 2059 921 2112 enim
979 2058 1340 2127 proprietates
1387 2076 1400 2111 :
1458 2068 1513 2112 et
1567 2073 1676 2127 qua
1751 2058 2164 2115 incircumscri-

585 2155 734 2216 ptus,
793 2161 938 2201 unus
992 2145 1262 2200 exsistens
1321 2143 1390 2200 de
1441 2155 1629 2200 sancta
1681 2144 1992 2214 Trinitate;
2056 2163 2162 2216 qua

581 2239 1060 2307 circumscriptus,
1119 2253 1262 2292 unus
1322 2239 1389 2293 de
1465 2238 1642 2293 nobis.
1701 2239 1879 2309 Atque
1946 2239 2000 2294 in
2062 2241 2166 2296 hoc

581 2331 827 2388 creditur
890 2331 1158 2386 mediator
1223 2330 1320 2384 Dei
1373 2340 1429 2386 et
1476 2331 1759 2385 hominum
1819 2330 2038 2399 factus,
2105 2345 2166 2390 ut

583 2424 678 2495 qui
726 2424 781 2478 in
846 2422 1029 2493 seipso
1076 2432 1317 2478 extrema
1379 2423 1677 2494 coniungat
1720 2464 1734 2485 ,
1798 2435 1853 2480 et
1924 2441 2022 2497 per
2078 2442 2166 2482 se-

589 2519 773 2585 ipsum
815 2515 1013 2569 divina:
1063 2525 1273 2570 natura:
1322 2516 1618 2586 participes
1665 2516 1871 2587 Deique
1900 2520 2040 2576 ﬁlios
2065 2536 2166 2576 nos

583 2607 790 2662 efﬁciat
817 2625 831 2638 ο
861 2606 1008 2676 quod
1042 2608 1428 2662 admirandum
1459 2619 1517 2661 et
1561 2610 1711 2663 omni
1748 2609 1908 2665 laude
1940 2612 2120 2682 majus
2145 2653 2161 2676 ,

585 2700 700 2755 sive
738 2701 1031 2770 cogitatur,
1085 2701 1201 2756 sive
1249 2701 1471 2757 dicitur.
1513 2700 1618 2767 Qui
1668 2717 1800 2774 ergo
1887 2703 2042 2759 illum
2089 2706 2168 2760 ait

586 2804 693 2842 non
742 2788 1126 2844 circumscribi
1173 2787 1228 2843 in
1271 2803 1436 2842 carne
1471 2829 1485 2851 ,
1519 2798 1788 2858 quatenus
1836 2790 2033 2846 similis
2083 2799 2169 2846 est

586 2881 778 2946 nobis;
812 2889 995 2952 negat,
1022 2881 1310 2936 benedicte
1340 2883 1411 2936 mi
1465 2882 1652 2950 frater,
1688 2884 1853 2939 Deum
1887 2884 1940 2938 in
2003 2899 2170 2940 carne

584 2971 930 3041 apparuisse,
984 2970 1370 3024 contradicens
1405 2967 1701 3040 Evangelio
1731 2971 1959 3036 Christi,
1984 2981 2038 3027 et
2069 2989 2170 3043 par

583 3072 668 3118 est
693 3064 917 3121 iudicis.
956 3061 1060 3118 Ubi
1117 3066 1264 3118 enim
1302 3080 1490 3119 verum
1547 3067 1652 3120 erit
1709 3064 1880 3130 illud,
1932 3066 2168 3120 similem

2261 568 2444 636 τρισὶν
2483 568 2872 634 ύποστάσεσιν,
2902 569 3016 622 ἀλλ’
3059 569 3154 640 ὅλη
3188 569 3274 638 ἐφ’
3301 571 3536 640 ἑκάστῳ
3585 572 3864 642 προσώπῳ

2263 658 2618 730 θεωρουμένη
2660 663 3006 733 ἀμερίστωςοι
3029 663 3057 716 ὃ
3080 665 3175 716 καὶ
3209 664 3529 735 παράδοξον
3549 680 3566 694 ·
3613 665 3760 718 Θεὸν
3789 667 3864 719 λέ-

2262 769 2382 819 γειν
2425 753 2674 820 ἕκαστον,
2720 756 2818 810 καὶ
2858 759 2936 820 είς
2982 757 3077 810 ἒνα
3117 757 3250 811 Θεὸν
3296 759 3772 827 ἀνακεφαλαιοῦν
3816 765 3865 815 τὸ

2262 845 2616 918 ὁμολόγημα·
2653 853 2794 903 κατά
2836 850 2893 903 δὲ
2936 849 2998 902 τὸ
3024 849 3124 920 τῆς
3172 851 3519 920 οἰκονομίας,
3559 853 3744 905 πάλιν
3783 872 3863 905 m-

2265 939 2500 1006 στεύειν,
2532 943 2613 996 ὅτι
2672 943 2726 994 Ὁ
2759 943 2948 1013 Λόγος
2981 943 3137 1010 σὰρξ
3165 943 3406 1012 ἐγένετο
3429 960 3442 972 ·
3498 945 3689 1014 ἤγουν
3729 947 3758 997 ὁ
3795 941 3864 1007 εἷς

2263 1033 2363 1102 τῆς
2409 1034 2570 1100 ἁγίας
2615 1033 2846 1105 Τριάδος
2889 1033 3154 1104 ἐγεννήθη
3204 1037 3268 1088 ἐκ
3301 1035 3402 1105 τῆς
3454 1038 3860 1108 παναχράντοτδ

2266 1123 2538 1195 παρθένου
2559 1127 2781 1196 Μαρίας
2801 1143 2812 1156 ·
2845 1126 3034 1195 μείνας
3085 1127 3186 1196 μὲν
3217 1128 3354 1197 ὅπερ
3385 1123 3479 1198 ἦν,
3524 1128 3675 1193 Θεὸς
3707 1130 3862 1182 avai-

2265 1216 2505 1281 λοίωτος,
2550 1219 2646 1272 καὶ
2688 1216 2766 1287 τῷ
2811 1219 2986 1287 “arpi.
3016 1218 3306 1282 συναῒδιος,
3344 1218 3693 1288 προσλαϐὼν
3721 1221 3777 1273 δὲ
3814 1223 3863 1272 τὸ

2265 1311 2538 1380 ἡμέτερον
2591 1311 2679 1364 διὰ
2733 1312 2833 1380 τῆς
2879 1309 3218 1382 παρθενικῆς
3264 1312 3322 1362 ὲν
3371 1311 3674 1380 Πνεύματι
3729 1315 3862 1382 ἁγίῳ

2265 1405 2598 1472 γεννήσεως.
2624 1402 2735 1455 Καὶ
2764 1401 2915 1455 ἐστιν
2946 1402 3064 1466 ὅλος
3093 1401 3358 1466 Schema).
3388 1403 3515 1466 ὅλος
3543 1403 3860 1474 ἄνθρωπος·

2263 1494 2362 1547 ὅλα
2395 1494 2577 1564 φέρων
2614 1493 2920 1558 ἀνελλιπῶς
2971 1497 3029 1548 ὲν
3073 1495 3253 1566 ἑαυτῷ
3295 1495 3366 1548 τὰ
3411 1493 3531 1548 τῶν
3577 1496 3863 1566 ἑκατέρων

2265 1585 2479 1658 φύσεων
2510 1586 2568 1652 ἐξ
2592 1580 2667 1640 ὦν
2693 1586 2952 1659 συνετέθη
2976 1603 2990 1618 ⁸
3018 1586 3290 1671 θεότητος,
3320 1597 3489 1659 φημὶ,
3525 1590 3631 1642 καὶ
3658 1589 3862 1660 ἀνθρω-

2265 1680 2519 1748 πότητος,
2555 1680 2614 1730 ὲν
2647 1680 2747 1750 μιᾷ
2788 1680 3084 1733 ὑποστάσει
3118 1679 3419 1749 ἰδιώματα·
3466 1683 3860 1752 περιγραπτὺς

2267 1772 2363 1824 καὶ
2404 1772 2464 1824 οὐ
2510 1773 2886 1841 περιγραπτός
2906 1787 2922 1802 °
2953 1773 3014 1826 τὸ
3046 1773 3146 1842 μὲν
3173 1773 3315 1826 κατά
3361 1773 3467 1845 τὴν
3503 1773 3776 1846 ϐιότητα,
3807 1776 3860 1828 τὸ

2268 1862 2325 1915 δὲ
2356 1862 2500 1915 κατά
2531 1861 2631 1932 τὴν
2662 1862 3086 1932 ἁνθρωπότηταο
3107 1861 3281 1916 ταῦτα
3311 1867 3423 1933 γὰρ
3452 1863 3530 1917 τὰ
3566 1865 3858 1934 ἰδιώματα·

2267 1954 2361 2008 καὶ
2387 1953 2462 2024 τῷ
2493 1955 2589 2024 μὲν
2628 1955 3030 2026 ἀπεριγράπτῳ
3059 1950 3140 2018 εἷς
3167 1954 3243 2009 ὣν
3264 1957 3363 2027 τῆς
3393 1957 3567 2025 ἀγίας
3591 1960 3857 2030 Τριάδος·

2264 2047 2344 2118 τῷ
2373 2047 2428 2101 δὲ
2458 2047 2842 2119 περιγραπτῷ,
2874 2042 2956 2111 εἷς
2980 2047 3056 2102 ὢν
3082 2049 3142 2113 ἐξ
3171 2048 3348 2119 ἡμῶν.
3382 2051 3507 2104 Κάν
3546 2053 3736 2123 τούτῳ
3773 2071 3858 2108 πι-

2267 2139 2487 2194 στοῦται
2518 2142 2742 2211 μεσίτης
2773 2141 2908 2194 Θεοῦ
2944 2143 3039 2194 καὶ
3069 2141 3378 2212 ἀνθρῴπων
3413 2144 3750 2214 γενόμενος,
3791 2147 3859 2210 ὡς

2266 2235 2555 2288 συνάπτων
2587 2235 2653 2287 τὰ
2686 2235 2832 2306 ἄκρα
2862 2232 3001 2302 πρὸς
3027 2234 3243 2297 ἑαυτὸν,
3277 2235 3371 2287 καὶ
3403 2235 3473 2288 δι’
3501 2236 3686 2290 αὑτοῦ
3715 2237 3857 2300 θείας

2267 2327 2481 2396 φύσεως
2514 2328 2807 2391 κοινωνοὺς
2835 2328 2930 2382 καὶ
2962 2327 3098 2382 Θεοῦ
3141 2329 3482 2398 υίοὺς⁶ημᾶς
3529 2333 3858 2401 ἀπεργασά-

2270 2438 2431 2491 μενος
2450 2437 2464 2450 ο
2493 2421 2554 2474 τὸ
2583 2421 2896 2492 θαυμαστὸν
2922 2422 3020 2474 καὶ
3041 2422 3417 2494 ὑπεραινετὸν,
3435 2427 3541 2478 καὶ
3565 2426 3857 2494 νοούμενον

2270 2514 2364 2565 καὶ
2395 2513 2708 2584 λεγόμενον.
2751 2513 2810 2565 Ὀ
2838 2511 2934 2566 οὖν
2969 2513 3144 2581 λέγων
3175 2513 3337 2566 αὑτὸν
3388 2513 3464 2586 μὴ
3512 2517 3858 2586 περιγράφε-

2271 2606 2394 2659 σθαι
2435 2610 2493 2658 ὲν
2539 2607 2704 2676 σαρκὶ
2757 2606 3179 2676 καθ”όμοίωσιν
3216 2607 3525 2678 ἡμετέραν,
3580 2611 3852 2680 ἀρνεῖται,

2271 2697 2464 2766 εύλογη
2475 2697 2600 2765 μένε
2636 2714 2739 2766 μου
2788 2697 3005 2766 ἀδελφὲ.
3036 2698 3167 2752 Θεὸν
3188 2701 3246 2752 ὲν
3268 2700 3435 2759 σαρκὶ
3464 2702 3650 2768 (privat.
3671 2715 3686 2730 °
3718 2703 3856 2754 ἀντι-

2267 2789 2603 2858 τασσόμενος
2637 2788 2715 2860 τῷ
2754 2791 3069 2862 Εύαγγελίῳ
3113 2793 3208 2846 τοῦ
3257 2793 3500 2862 Χριστοῦ
3527 2834 3546 2858 ,
3579 2796 3682 2849 καὶ
3719 2796 3857 2849 ἔστιν

2283 2877 2558 2940 Ἰουδαίοις
2585 2879 2721 2941 ἴσος.
2768 2879 2878 2932 Ποῦ
2919 2880 3026 2949 γὰρ
3056 2880 3343 2951 ἀληθεύσει
3390 2881 3452 2934 τὸ
3484 2883 3689 2952 ὅμοιον
3731 2887 3856 2954 ἡμῖν

2271 2971 2416 3022 κατά
2447 2969 2625 3023 πάντα
2655 2971 2936 3038 γεγονέναι
2960 3011 2974 3036 ,
3004 2971 3163 3040 είπερ
3199 2973 3275 3042 μὴ
3308 2973 3716 3039 ἐξεικονίζοιτο
3743 2977 3856 3032 καθ’

2272 3063 2450 3131 ημᾶςς
2487 3062 2594 3114 υοῦ
2641 3063 2698 3115 δὲ
2737 3064 2797 3115 τό
2823 3079 2834 3088 ·
2870 3064 3277 3131 Ψηλαέεήσατέ
3299 3081 3376 3134 με
3405 3065 3509 3118 καὶ
3555 3067 3745 3134 were,
3774 3070 3855 3124 ὅτι

587 3155 747 3210 nobis
776 3170 870 3226 per
899 3156 1083 3210 omnia
1143 3155 1350 3209 factum
1384 3173 1506 3212 esse
1533 3196 1548 3220 ,
1603 3157 1651 3212 si
1700 3158 1956 3228 imagine,
2007 3173 2164 3212 more

2274 3154 2511 3222 πνεῦμα
2557 3153 2756 3221 σάρκα
2787 3155 2886 3208 καί
2935 3156 3118 3209 ὀστέα
3163 3159 3275 3212 οὐκ
3329 3159 3478 3226 ἔχει,
3530 3163 3738 3230 καθὼς
3761 3163 3856 3232 ἐμὲ

588 3258 812 3312 nostro,
853 3263 966 3302 non
1013 3248 1394 3317 exprimatur?
1422 3248 1528 3305 Ubi
1577 3249 1754 3303 illud:
1806 3249 2034 3320 Palpate
2086 3267 2168 3304 me

587 3349 638 3394 et
671 3340 858 3406 videte,
891 3340 1019 3410 quia
1045 3341 1272 3410 spiritus
1303 3357 1518 3395 carnem
1566 3351 1618 3396 et
1659 3358 1782 3396 ossa
1817 3359 1922 3397 non
1969 3343 2122 3396 habet
2150 3383 2165 3406 ,

584 3435 724 3487 sicut
791 3450 871 3487 me
935 3435 1122 3488 videtis
1173 3434 1604 3492 habere"?Ubi
1667 3449 1720 3490 et
1777 3437 1908 3492 illud
1959 3456 1974 3492 :
2027 3439 2168 3502 Quid

585 3541 667 3579 me
715 3526 876 3580 uultis
904 3526 1225 3592 inter/icere,
1283 3527 1544 3581 hominem
1586 3529 1676 3599 qui
1709 3531 1980 3585 veritatem
2022 3532 2167 3584 vobis

585 3626 794 3676 locutus
871 3638 1032 3685 sum,
1117 3639 1280 3690 quam
1375 3624 1558 3678 audiui
1599 3642 1633 3677 a
1708 3624 1979 3679 Patre"?
2058 3624 2169 3690 Qui

585 3727 719 3783 ergo
777 3729 886 3768 non
939 3713 1441 3780 circumscribitur,
1498 3730 1600 3771 nec
1639 3717 1842 3771 similis
1890 3717 2046 3771 nobis
2086 3723 2170 3769 est

586 3804 735 3861 haud
782 3805 990 3871 dubie,
1050 3821 1152 3862 nec
1211 3807 1484 3877 palpatur,
1537 3821 1716 3877 neque
1793 3822 1959 3877 porro
2017 3807 2168 3861 occi-

588 3897 761 3952 ditur.
817 3899 979 3967 Atqui
1046 3898 1261 3953 occisus
1322 3909 1452 3965 est,
1513 3910 1566 3954 et
1627 3902 1878 3970 palpatus
1913 3908 2032 3972 post
2084 3915 2172 3954 re-

589 3987 1015 4042 surrectionem.
1066 3987 1209 4058 Ergo
1243 3998 1296 4043 et
1335 3989 1713 4043 circumscribi
1763 3990 1906 4044 sicut
1936 4003 2035 4043 nos
2075 4003 2168 4057 per

589 4081 883 4151 imaginem
935 4090 1136 4152 potest.
1194 4081 1302 4136 Sed
1352 4091 1675 4137 evanuerunt
1726 4082 1782 4137 in
1831 4083 2171 4153 cogitationi-

591 4172 689 4226 bus
761 4173 874 4227 suis
927 4171 1324 4236 lcononiacbi,
1394 4186 1444 4228 et
1498 4173 1838 4228 obscuratum
1901 4185 1979 4229 est
2037 4178 2173 4228 iusi-

587 4265 735 4334 piens
780 4279 872 4318 cor
915 4281 1100 4318 eorum
1122 4265 1202 4318 ’δε
1243 4281 1310 4320 ex
1351 4280 1419 4320 eo
1461 4269 1605 4336 quod
1635 4276 1832 4337 negant
1882 4267 2170 4336 imaginem

593 4355 826 4422 Christi,
853 4366 909 4410 et
941 4356 1210 4426 Deiparae,
1240 4366 1294 4410 et
1320 4358 1563 4412 omnium
1595 4368 1936 4422 sanctorum,
1969 4373 2173 4426 negau-

593 4459 674 4504 tes
725 4449 1028 4503 salutarem
1077 4446 1588 4518 dispensationem;
1643 4459 1698 4503 et
1743 4448 2024 4502 Christum
2077 4463 2172 4502 ore

2271 3244 2538 3312 θεωρεῖτε
2563 3246 2810 3312 exorta;
2827 3247 2937 3301 Ποῦ
2962 3249 3019 3301 δὲ
3043 3249 3124 3313 τὸ,
3163 3251 3224 3304 Τί
3237 3267 3314 3319 με
3343 3251 3558 3306 θέλετε
3581 3255 3855 3309 ἁποχτεῐ.

2270 3355 2392 3398 ναι,
2430 3336 2740 3406 ἄνθρωπον
2773 3337 2842 3404 ὃς
2872 3339 2986 3408 τὴν
3009 3341 3301 3410 ἀλήθειαν
3329 3342 3475 3411 ὑμῖν
3511 3347 3868 3414 λελάληκα.-

2273 3430 2355 3496 ἣν
2382 3430 2618 3498 ἤκουσα
2647 3430 2808 3497 παρὰ
2836 3432 2945 3486 τοῦ
2991 3435 3259 3500 Πατρός;
3292 3433 3348 3486 ὐ
3377 3434 3567 3487 τοίνυν
3597 3439 3679 3508 μὴ
3706 3454 3852 3508 step:-

2274 3523 2662 3590 γραφόμενος,
2701 3521 2816 3574 οὗθ’
2864 3525 3047 3592 ὅμοιος
3097 3525 3230 3595 ἡμῖν
3274 3524 3548 3595 δηλονότι,
3605 3529 3727 3582 οὔτ’
3793 3526 3849 3584 αὖ

2271 3613 2629 3682 ψηλαφᾶται,
2675 3615 2783 3666 οὐδ’
2840 3615 2900 3667 ού
2949 3615 3059 3684 μὴν
3100 3616 3486 3671 ἀποκτένεται.
3535 3620 3710 3674 Ἀλλὰ
3759 3622 3851 3692 μὴν

2272 3706 2589 3777 ἀπεκτάνθη
2643 3707 2737 3758 καὶ
2792 3707 3114 3777 ἐψηλαφήθη
3176 3707 3315 3778 μετά
3369 3709 3473 3780 τὴν
3532 3714 3847 3767 ἀνάστασιν.

2271 3798 2485 3852 Οὐκοῦν
2533 3801 2628 3852 καὶ
2665 3803 3040 3870 περιγραπτὸς
3069 3803 3134 3870 τῇ
3163 3801 3286 3855 καθ’
3315 3804 3469 3872 ἡμᾶς
3507 3806 3848 3872 ἑξεικονξσει.

2285 3893 2426 3945 Ἀλλ’
2455 3893 2911 3962 ἐματαιώθησαν
2941 3893 3012 3946 ἐν
3036 3893 3162 3959 τοῖς
3207 3894 3638 3967 διαλογισμοῖς
3665 3902 3850 3956 αὐτῶν·

2271 3986 2319 4038 oi
2345 3985 2726 4054 Είκονομάχοι,
2752 3985 2848 4038 καὶ
2875 3986 3207 4056 ἐσκοτίσθη
3247 3989 3285 4056 ἠ
3320 3989 3633 4059 ἀσύνετος
3667 3993 3848 4049 αὐτῶν

2273 4076 2487 4144 καρδία
2511 4093 2525 4106 °
2565 4079 2629 4130 ὲκ
2660 4075 2756 4130 τοῦ
2791 4077 3073 4148 ἀρνεῖσθαι
3095 4077 3193 4148 τὴν
3222 4079 3408 4131 είκόνα
3445 4081 3720 4152 Χριστοῦ,
3765 4086 3847 4137 σὺν

2273 4169 2375 4238 τῆς
2403 4169 2690 4233 Θεοτόκου,
2723 4169 2816 4222 καὶ
2844 4170 3102 4224 ἁπάντων
3136 4171 3246 4223 τῶν
3290 4171 3486 4238 ἀγίων,
3531 4174 3844 4246 ἀρνούμενοι

2271 4261 2372 4331 τὴν
2415 4263 2682 4331 σωτήριον
2714 4262 3050 4332 οἰκονομίαν,
3095 4263 3191 4316 καὶ
3242 4263 3482 4334 Χριστὸν
3535 4266 3641 4335 μὲν
3672 4268 3846 4336 ὁμολο-

2274 4355 2522 4420 γοῦντες,
2553 4353 2628 4415 ὡς
2651 4355 2718 4404 τὰ
2741 4353 2996 4424 δαιμόνια
3020 4395 3034 4419 ,
3071 4358 3180 4416 τοῖς
3207 4355 3263 4406 δὲ
3294 4355 3477 4424 ἔργοις
3502 4357 3841 4428 ἀρνούμενοι.

2277 4446 2353 4498 Ού
2387 4446 2495 4515 γάρ
2523 4445 2856 4514 τοιΧριστὺς
2884 4449 2912 4498 ό
2938 4447 3204 4514 Χριστὸς,
3230 4449 3278 4499 εί
3313 4449 3388 4518 μὴ
3419 4452 3839 4520 περιγράφοιτο·

588 4539 814 4609 quidem
848 4538 1197 4604 conﬁtentes,
1252 4539 1397 4593 sicut
1426 4540 1720 4604 daemonia,
1775 4539 2031 4608 operibus
2072 4555 2165 4592 au-

2274 4539 2396 4591 ούδὲ
2427 4541 2811 4608 προσκυνεῖται
2837 4578 2851 4602 ,
2882 4542 2932 4593 εἰ
2980 4540 3056 4611 μὴ
3100 4540 3417 4596 πιστεύεται
3464 4543 3530 4595 ὲν
3575 4549 3644 4617 τῇ
3692 4547 3844 4600 clatva

589 4643 696 4686 tem
732 4640 1016 4701 negantes.
1068 4628 1258 4701 Neque
1282 4631 1429 4685 enim
1462 4631 1716 4686 Christus
1758 4630 2008 4685 Christus
2043 4643 2125 4685 est
2148 4670 2167 4696 ,

587 4724 634 4778 si
677 4739 787 4780 non
827 4723 1360 4788 circumscribatur;
1408 4737 1585 4792 neque
1633 4722 1918 4786 adoratur,
1969 4722 2015 4777 si
2059 4737 2165 4776 non

586 4815 833 4871 creditur
864 4815 920 4869 in
951 4814 1192 4884 imagine
1219 4829 1322 4869 sua
1355 4814 1600 4870 adorari.

659 4906 754 4961 Sic
791 4906 976 4976 igitur,
1000 4921 1036 4960 ο
1067 4907 1234 4960 homo
1279 4904 1396 4971 Dei,
1431 4922 1490 4960 se
1524 4906 1688 4961 habet
1737 4906 1975 4961 veritas:
2008 4917 2169 4975 atque

589 4999 662 5052 ita
694 4998 1007 5052 docuerunt
1035 5006 1090 5050 et
1117 4997 1352 5066 apostoli
1377 5037 1392 5061 ,
1419 5007 1473 5050 et
1507 4997 1807 5067 prophetat,
1838 5007 1893 5052 et
1921 4996 2030 5051 Deo
2056 4999 2168 5067 ple-

588 5091 643 5144 ni
685 5089 906 5153 Patres;
941 5089 986 5143 si
1021 5103 1128 5142 non
1158 5089 1353 5142 iisdem
1374 5091 1581 5152 verbis,
1618 5099 1675 5143 at
1703 5102 1850 5143 certe
1873 5103 1964 5157 per
1981 5103 2165 5143 veram

587 5197 780 5235 eorum
803 5196 927 5250 qua:
954 5179 1022 5235 ab
1054 5181 1163 5235 illis
1192 5181 1338 5236 dicta
1371 5193 1501 5236 sunt
1517 5183 1980 5252 explanationem.
2004 5179 2164 5247 Nam,

589 5274 737 5328 velut
784 5273 998 5328 semina
1031 5271 1304 5342 quadam,
1366 5276 1656 5342 propositae
1685 5285 1817 5330 sunt
1845 5289 2034 5329 omnes
2068 5275 2166 5328 do-

593 5368 848 5438 gtuaticae
885 5365 1170 5421 sententiae
1212 5367 1264 5419 in
1310 5365 1621 5420 divinorum
1670 5367 2011 5436 eloquiorum
2069 5381 2166 5420 uo.

594 5460 837 5513 tionibus
872 5476 886 5511 :
918 5458 1155 5513 subinde
1195 5465 1375 5511 autem
1428 5459 1804 5512 exorientibus
1861 5458 2164 5512 baeresibus

592 5559 942 5622 opponuntur
963 5550 1180 5621 pietatis
1201 5550 1475 5619 dogmata,
1505 5549 1631 5602 inde
1659 5549 1896 5616 Spiritus
1932 5549 2164 5619 impulsu

594 5646 811 5702 exculta
830 5664 844 5700 :
860 5656 914 5700 et
930 5645 1224 5712 impietatis
1244 5644 1450 5698 sizania
1471 5645 1778 5699 abolentur.
1797 5644 1887 5698 Sic
1904 5653 1956 5697 et
1975 5653 2027 5696 tu
2049 5659 2165 5696 cre-

667 5804 709 5836 "
744 5801 903 5857 Joan.
982 5820 1019 5865 I,
1055 5803 1140 5858 Η.

1218 5805 1262 5835 "
1296 5801 1427 5856 Luc.
1468 5816 1610 5865 xxiv,
1648 5799 1738 5857 39.
1817 5802 1860 5831 "
1892 5804 2054 5864 Joau.
2114 5813 2203 5850 \‘ll‘
2239 5834 2252 5858 ,

2276 4631 2441 4690 αὑτοῦ
2479 4634 2784 4702 προσκυνού
2791 4651 2971 4703 μενος.

2343 4899 2527 4961 Οῦτως
2562 4918 2674 4964 ουν,
2711 4892 2756 4951 ὦ
2778 4898 3032 4969 ἄνθρωπε
3067 4899 3160 4952 τοῦ
3194 4898 3352 4963 Θεοῦ,
3385 4901 3421 4970 ὴ
3455 4901 3692 4972 ἀλήθεια
3715 4922 3732 4937 ο
3764 4904 3844 4956 καὶ

2271 4991 2444 5056 οὕτως
2473 4991 2891 5062 δεδογμὰτιπαι
2925 4991 3076 5062 παρά
3110 5009 3171 5044 τε
3196 4993 3546 5061 ἀποστόλων,
3574 4998 3672 5050 καὶ
3724 5015 3843 5068 προ-

2273 5083 2482 5155 φητῶν.
2542 5085 2637 5137 καί
2699 5081 2973 5152 θεοςνόρων
3011 5083 3306 5152 Πατέρωνο
3348 5084 3457 5138 κᾶν
3523 5088 3628 5141 οὐκ
3669 5089 3841 5149 αὐταῖς

2271 5176 2503 5242 λέξεσιν,
2532 5175 2668 5229 ἀλλά
2691 5192 2755 5243 γε
2778 5174 2864 5229 διά
2892 5173 2991 5243 τῆς
3018 5173 3248 5242 ἀληθοῦς
3276 5175 3387 5226 τῶν
3435 5176 3533 5228 ὑπ’
3559 5178 3738 5230 αὐτῶν
3764 5178 3842 5228 λε-

2271 5268 2555 5336 λεγμένων
2598 5266 3048 5337 ἀναθεωρήσεως.
3083 5260 3186 5318 Οἷα
3214 5265 3323 5334 γάρ
3378 5283 3504 5320 τινα
3542 5269 3840 5340 σπέρματα.

2270 5359 2672 5429 προϐέϐληνται
2702 5359 2876 5411 πᾶσαι
2917 5357 2975 5412 αἱ
3005 5356 3334 5425 δογματικαὶ
3359 5357 3632 5428 δυνάμεις
3659 5362 3715 5413 ἐν
3740 5361 3842 5422 ul;

2265 5452 2374 5504 τῶν
2407 5451 2564 5502 θείων
2587 5450 2780 5518 λογίων
2811 5449 3029 5518 νοήσεσι
3050 5464 3063 5475 ·
3084 5451 3202 5511 ταῖς
3232 5448 3288 5500 δὲ
3317 5450 3465 5502 κατά
3499 5451 3694 5522 καιρὸν
3727 5454 3844 5504 du;

2276 5548 2574 5617 φυομέναις
2604 5546 2880 5616 αἱρέσεσιν
2910 5541 3342 5610 ἀντεπεξάγεται
3373 5545 3444 5598 τὰ
3467 5544 3714 5608 εὐσεϐῶς
3736 5544 3843 5611 507-

2284 5638 2655 5709 ματιξόμενα,
2714 5637 2926 5690 ἐκεῖθεν
2991 5636 3516 5709 πνευματοκινήτως
3581 5636 3840 5708 γεωργοὺο

2312 5795 2400 5849 40.
2509 5796 2552 5827 ³³
2589 5795 2742 5848 lium.
2791 5807 2826 5857 I,
2863 5790 2948 5846 3|.
