3964 6320
133 375 287 443 1497

1333 367 1872 435 .EPISTOLARUM
1933 369 2080 434 LIB.
2121 372 2204 436 ΙΙ.

3253 379 3388 445 1498

131 505 289 560 μενα
374 489 467 542 καὶ
515 488 584 542 τὰ
639 486 741 558 τῆς
795 485 1050 549 ἀσεϐείας
1088 484 1309 551 ζιζάνια
1363 484 1696 538 ὲκτίλλονται

1827 484 1979 548 dens,
2016 484 2138 542 valo
2189 484 2244 540 in
2289 482 2541 554 Domino,
2575 485 2852 544 Christum
2887 487 3142 556 adorans,
3175 499 3228 544 et
3255 493 3389 549 ado-

127 579 332 642 Οὕτως
358 581 453 634 καὶ
469 579 630 642 αὐτὸς
658 577 948 643 πιστεύων,
978 577 1189 650 έρῤωσο
1219 577 1277 630 ὲν
1307 577 1515 649 Κυρίῳ,
1546 592 1716 645 προσ-

1820 588 1950 628 rans
1979 574 2275 643 imaginem
2299 575 2459 646 ejus;
2494 577 2806 649 Deiparam,
2833 590 2889 636 et
2916 581 3035 652 ejus
3058 583 3388 654 imaginem;

125 673 320 727 κυνῶν
374 673 466 725 τὸν
512 670 745 743 Χριστὸν
786 709 801 734 ,
856 668 1175 741 προσκυνῶν
1227 667 1322 721 καὶ
1377 669 1478 736 τὴν
1529 666 1696 719 εἰκόνι

1823 674 2071 728 sanctos,
2134 675 2422 723 eteorum
2481 669 2781 742 imagines;
2837 675 3278 746 quandoquidem
3335 677 3388 733 in

125 763 309 818 αὑτοῦ
335 781 350 796 ·
373 761 477 833 τὴν
527 761 813 825 Θεοτόκον,
866 759 962 813 καὶ
989 758 1087 829 τὴν
1129 758 1313 811 εἰκόνα
1338 757 1506 826 αὑτῆς
1537 773 1551 787 ·
1588 755 1696 819 τοὺς

1820 753 2155 826 imaginibus
2196 769 2484 831 prototypa
2524 763 2854 830 adorantur;
2915 774 2969 819 et
3021 765 3200 822 honor
3255 769 3389 824 ima-

121 855 353 923 ἁγίους,
384 853 480 908 καί
507 853 607 914 τὰς
632 852 846 914 εἰκόνας
874 849 1073 904 αὑτῶψ
1106 849 1293 920 ἐπειδὴ
1323 851 1380 903 ἐν
1396 850 1512 911 ταῖς
1541 847 1711 900 εἰκόσι

1819 850 1961 920 ginis
2022 854 2090 908 ad
2144 863 2493 928 prototypum
2547 859 2844 928 ascendit,
2901 868 2962 918 ut
3025 862 3103 917 ait
3151 878 3387 935 magnus

122 946 199 999 τὰ
241 944 580 1015 πρωτότυπα
611 939 1116 1014 προσκεκύνηνται’
1144 940 1239 993 καὶ
1284 938 1318 1009 ἡ
1355 937 1456 1008 τῆς
1505 937 1711 1000 εἰκόνος
1817 940 2070 1000 Basilius.

119 1037 268 1108 τιμὴ
300 1037 394 1089 ἐπὶ
419 1034 483 1089 τδ
510 1033 862 1106 πρωτότυπον
894 1031 1195 1099 ἀναϐαίνει,
1224 1028 1301 1094 ὥς
1333 1046 1498 1102 φησιν
1530 1031 1569 1083 ὑ
1619 1031 1793 1100 μέγας
1818 1033 2118 1103 Βασίλειος.

351 1146 504 1200 ΡΝΘ¹
527 1145 663 1217 (5i).
688 1174 760 1186 —
793 1143 965 1216 Θωμᾷ
995 1144 1423 1212 χαρτουλαρίφ.
1456 1138 1636 1215 [χνε’.]

2093 1150 2274 1209 CLIX.
2309 1184 2379 1198 -—
2408 1154 2622 1211 Thomw
2660 1156 2987 1216 chartulario

327 1257 469 1319 Quod
487 1259 572 1321 qui
592 1260 946 1308 monasterium
963 1256 1205 1316 condidit,
1236 1253 1281 1307 si
1302 1269 1476 1306 manus
1496 1257 1548 1305 in
1581 1253 1710 1305 illud
1738 1252 1946 1323 injiciat,
1970 1269 2227 1328 postquam
2247 1266 2510 1331 praeposito
2525 1268 2740 1338 tradidit,
2764 1272 2872 1327 Deo
2895 1289 2998 1326 non
3017 1277 3183 1339 placet

209 1367 487 1439 Ἔντυχὼν
514 1370 626 1432 τοῖς
655 1368 943 1440 γράμμασι
970 1367 1071 1437 τῆς
1120 1366 1432 1438 τιμιότητός
1466 1380 1586 1425 σου,
1615 1360 1709 1414 καὶ

117 1459 472 1531 καταμαθὼν
490 1460 573 1513 ὅτι
605 1460 853 1532 παρῆλθε
881 1459 976 1513 τοῦ
1006 1458 1123 1529 βίου
1152 1461 1186 1528 ἡ
1235 1457 1400 1527 κυρία
1429 1457 1524 1509 καὶ
1577 1454 1709 1526 ὀμό-

118 1551 320 1619 ζυγος,
372 1549 684 1620 συνήλγησά
728 1567 833 1615 σοι,
889 1550 1147 1611 δέσποτα,
1183 1546 1339 1610 εἰδὼς
1387 1547 1510 1600 ὅσον
1560 1547 1707 1599 ἐστὶν

1884 1367 2066 1430 Lectis
2135 1374 2333 1436 litteris
2389 1380 2818 1438 honorificentia
2872 1392 3100 1444 tuae,ut
3151 1385 3381 1453 COgnovi

1811 1461 2092 1521 dominam
2124 1469 2410 1541 coniugem
2452 1483 2603 1526 tuam
2648 1488 2718 1527 ex
2749 1474 2862 1528 vita
2908 1473 3231 1540 excessisse,
3261 1477 3380 1540 tibi,

1812 1553 2050 1621 domine,
2097 1561 2372 1625 condolni,
2415 1578 2524 1616 non
2578 1565 2840 1633 ignorans
2879 1579 3044 1634 quam
3086 1566 3277 1621 acerba
3311 1567 3382 1622 sit

118 1641 385 1711 ἀλγεινὸν
419 1640 482 1694 τὸ
513 1641 702 1703 πάθος.
749 1630 844 1694 Ὃν
865 1640 973 1712 γὰρ
1004 1643 1148 1693 ποιεῖ
1175 1640 1418 1710 μάχαιρα
1437 1638 1696 1709 τέμνουσα

1813 1641 1928 1700 haec
1950 1662 2216 1704 aeruuma.
2249 1650 2420 1716 Quem
2451 1653 2595 1708 enim
2622 1655 2865 1714 dolorem
2889 1655 3051 1713 infert
3072 1674 3270 1729 corpus
3292 1675 3382 1715 se-

117 1735 290 1805 σῶμα
327 1734 509 1798 πόνον,
557 1733 649 1787 τὸν
677 1733 836 1786 αὑτὸν
865 1734 961 1787 καὶ
992 1735 1021 1788 ό
1060 1732 1159 1803 τῆς
1213 1730 1514 1802 ὁμοζυγίας
1544 1747 1696 1801 χωρι-

1808 1746 1939 1790 cans
1982 1736 2218 1807 gladius,
2274 1743 2528 1799 eumdem
2572 1745 2751 1815 ipsum
2803 1747 3042 1819 conjugii
3087 1753 3378 1816 separatio.

115 1825 286 1896 σμός.
324 1825 441 1879 Μία
469 1824 576 1896 γὰρ
606 1823 887 1879 κάνταῦθα
914 1823 1071 1895 σὰρξ,
1096 1824 1235 1877 κατά
1252 1823 1352 1894 τὴν
1377 1822 1472 1876 τοῦ
1497 1820 1707 1892 Κυρίου

116 1916 338 1985 φωνήν.
381 1913 524 1968 ‘AD?
554 1915 703 1985 ὅμως
759 1914 999 1982 ἐγένετο,
1029 1915 1124 1968 καὶ
1158 1915 1470 1985 ὑπέστημεν
1495 1913 1559 1966 τὸ
1591 1929 1706 1966 κοι-

114 2008 211 2060 νὸν
269 2009 439 2060 πᾶσιν
503 2007 778 2077 ἐπιτίμιον
831 2008 930 2077 τῆς
993 2005 1337 2072 διαζεύξεως.
1384 2004 1598 2076 Μικρὸν
1649 2004 1707 2058 δὲ

114 2097 358 2170 ὕστερον
409 2101 502 2152 καὶ
530 2101 692 2168 ἡμεῖς
716 2100 816 2170 τὴν
846 2099 1016 2170 αὑτὴν
1043 2099 1160 2152 ὁδὸν
1208 2098 1602 2168 πορευσόμεθα,
1631 2096 1707 2160 ὡς

112 2187 281 2245 οἶσθα
311 2207 328 2224 ⁶
384 2191 480 2244 καὶ
523 2189 696 2254 οὕτως
746 2192 773 2244 ὁ
806 2189 942 2262 βίος,
993 2189 1095 2244 οὐκ
1121 2189 1282 2254 ὄντας
1304 2189 1575 2258 γενέσθαι,
1610 2187 1708 2241 καὶ

113 2282 456 2354 γενομένους
499 2280 849 2353 ἀναλυθῆναι.
907 2281 1285 2351 Ἐπῃνέσαμεν
1320 2278 1505 2350 δὲτὴν
1547 2277 1706 2330 εὑσὲ-

118 2375 284 2426 ϐειαν
330 2391 446 2438 σου,
486 2375 553 2444 τῇ
583 2371 851 2439 διαζεύξει
909 2373 1283 2442 αἱρησαμένην
1311 2371 1562 2442 μονάσαι,
1612 2368 1706 2422 καὶ

115 2464 456 2535 κολληθῆναι
482 2464 541 2531 ἐξ
570 2463 866 2533 ὁλοκλήρου
899 2463 976 2532 τῷ
1003 2463 1212 2534 Κυρίῳ.
1242 2461 1414 2515 Τοῦτο
1441 2459 1547 2531 γὰρ
1581 2460 1704 2531 ἐδή-

114 2559 212 2611 λου
243 2557 309 2610 τὸ
345 2557 584 2627 γράμμα
608 2573 622 2587 '
655 2557 749 2611 καὶ
792 2558 874 2610 ὅτι
896 2555 1119 2625 ἀδελφός
1153 2572 1238 2617 τις
1269 2553 1518 2624 μονὰζων
1564 2552 1705 2621 πάρ-

113 2665 269 2700 εστιν
306 2646 391 2710 εἰς
447 2645 668 2716 ὁδηγίαν
722 2645 817 2699 τοῦ
867 2643 1190 2715 τηλικούτου
1222 2642 1359 2713 βίου.
1401 2645 1498 2695 Ὃν
1548 2637 1705 2703 αὖθις

114 2738 425 2808 ἀπέκρινεν
462 2734 539 2797 ὡς
575 2733 856 2812 ἀδόκιμον,
909 2733 995 2788 διά
1052 2735 1371 2805 δηλώματος
1428 2732 1704 2804 Γεωργίου

112 2830 211 2882 τοῦ
243 2826 417 2881 καλοῦ
470 2827 684 2898 ἀνδρὸς,
731 2825 828 2880 καὶ
863 2827 1064 2880 οἰκείου
1095 2826 1362 2896 Νοταρίου
1398 2842 1413 2858 ·
1459 2826 1618 2880 ἀλλον
1647 2825 1704 2879 δὲ

116 2922 256 2991 πρὸς
299 2920 461 2992 ἡμῶν
515 2918 734 2990 δοθῆναι
785 2920 986 2990 μᾶλλον
1036 2920 1288 2984 αἰτοῦσα,
1352 2919 1447 2973 τὸν
1501 2918 1703 2982 ίκανῶς

1811 1823 1931 1882 Una
1962 1829 2110 1884 enim
2147 1833 2238 1888 hic
2267 1833 2432 1888 etiam
2465 1851 2615 1902 caro,
2657 1837 2814 1908 juxta
2845 1837 3060 1895 Domini
3093 1857 3277 1897 vocem
3307 1845 3375 1899 ”.

1809 1918 2058 1976 Attamen
2092 1923 2146 1978 id
2180 1926 2400 1990 accidit,
2437 1937 2493 1983 et
2540 1944 2888 1987 communem
2954 1935 3211 1989 omnibus
3260 1935 3378 1991 dis-

1803 2009 2109 2080 junctionis
2149 2031 2366 2086 poenam
2415 2020 2764 2090 pertulimus.
2795 2021 3148 2078 Postmodum
3195 2035 3376 2082 autem

1805 2104 2055 2159 eamdem
2082 2113 2137 2160 et
2169 2122 2292 2176 nos,
2327 2117 2384 2164 ut
2413 2111 2545 2177 scis,
2575 2111 2723 2167 viam
2749 2113 3160 2183 ingrediemur;
3190 2123 3244 2170 et
3261 2117 3378 2172 haec

1805 2203 1889 2250 est
1917 2195 2041 2251 vitae
2079 2199 2340 2265 conditio,
2379 2215 2475 2257 eos
2519 2205 2616 2273 qui
2649 2219 2758 2259 non
2795 2213 2945 2270 sunt,
2999 2207 3168 2274 nasci,
3197 2217 3254 2264 et
3278 2225 3380 2264 na-

1807 2295 1892 2343 tos
1919 2288 2161 2348 interire.
2187 2291 2559 2350 Laudavimus
2576 2309 2710 2352 sane
2739 2296 2993 2367 pietatem
3023 2308 3197 2364 tuam,
3227 2299 3375 2370 quod

1809 2387 1934 2445 post
1965 2379 2411 2450 disjunctionem,
2439 2387 2802 2444 monasticam
2825 2389 2993 2444 vitam
3027 2392 3282 2461 elegeris,
3319 2400 3376 2448 et

1805 2467 2038 2525 Domino
2070 2476 2286 2541 penitus
2316 2479 2704 2550 conglutinari.
2734 2479 2849 2539 Hoc
2870 2483 3015 2539 enim
3036 2484 3235 2542 littere
3267 2495 3374 2542 tum

1806 2561 2156 2631 indicabant;
2189 2568 2397 2639 tibique
2432 2572 2761 2628 monachum
2818 2575 3108 2645 quemdam
3147 2576 3371 2633 fratrem

1804 2667 2131 2721 praesentem
2188 2658 2380 2714 adesse
2437 2662 2503 2716 ad
2561 2662 2726 2733 hujus
2779 2665 2904 2721 vitae
2960 2666 3365 2724 directionem:

1805 2758 1967 2812 quem
2037 2764 2258 2802 rursum
2323 2750 2562 2820 rejecisti
2631 2763 2691 2809 ut
2755 2755 3104 2826 improbum,
3168 2759 3372 2816 indicio

1804 2834 2044 2907 Georgii,
2084 2841 2183 2895 viri
2239 2844 2460 2914 egregii,
2487 2854 2543 2901 et
2584 2846 2870 2904 domestici
2904 2847 3158 2906 Notarii:
3198 2851 3369 2908 alium

1804 2941 1930 2981 vero
1967 2942 1997 2981 a
2049 2932 2205 2987 nobis
2231 2934 2351 2988 dari
2411 2938 2645 3006 expetis,
2675 2941 2767 3010 qui
2801 2940 3031 2998 idoneus
3067 2943 3140 2998 sit
3172 2943 3240 2998 ad
3280 2959 3370 3000 re-

115 3013 315 3084 έχοντα
344 3012 685 3081 κυϐερνῆσαι
717 3013 916 3083 ψυχὰς,
953 3013 1048 3064 καὶ
1084 3012 1211 3082 ὃλην
1244 3011 1410 3081 μονὴν
1432 3010 1696 3063 διασώσα-

1803 3017 2006 3084 gendas
2038 3021 2266 3087 animas,
2310 3033 2366 3079 et
2409 3033 2580 3081 totum
2617 3030 3016 3085 monasterium
3043 3045 3373 3088 conservan-

118 3103 266 3157 σθαι.
310 3103 368 3156 Ὀ
399 3101 500 3172 μὲν
541 3100 634 3154 οὖν
680 3101 898 3164 ἔπαινος
928 3101 1150 3155 εἰκότως
1183 3102 1312 3170 ἡμῖν
1350 3100 1693 3171 προείρηται.

114 3194 209 3245 Δεῖ
235 3191 295 3244 δδ
327 3191 546 3263 πρῶτον
587 3191 780 3260 μαθεῖν
807 3192 971 3262 ὑμᾶς,
1001 3191 1053 3244 τί
1100 3191 1160 3244 τὸ
1212 3191 1498 3261 μοναδικδν
1530 3190 1698 3258 ἐπάγ-

115 3284 317 3355 γελμα,
357 3283 456 3336 καὶ
499 3284 620 3337 ὅσον
648 3283 708 3336 τὸ
742 3282 836 3335 τοῦ
870 3283 984 3352 βίου
1014 3281 1174 3352 ὕψος·
1218 3282 1304 3335 ἵνα
1340 3282 1414 3351 μὴ
1451 3280 1696 3350 ἀπείρως

116 3375 488 3446 εἰσαχθέντες,
514 3374 948 3444 κινδυνεύσωμεν
979 3375 1105 3444 περί
1134 3374 1225 3424 τὸν
1251 3373 1438 3426 πλοῦν.
1471 3372 1535 3424 Ἠ
1559 3373 1692 3425 ἀπο‹

114 3464 259 3535 ταγὴ
281 3463 436 3518 οὐδὲν
466 3461 596 3516 ἄλλο
624 3461 983 3530 καθέστηκεν,
1017 3460 1066 3511 εἰ
1094 3457 1169 3530 μὴ
1204 3457 1440 3528 σταυροῦ
1474 3458 1567 3511 καὶ
1597 3456 1691 3511 θα-

115 3556 274 3609 νάτου
321 3553 647 3624 ἐπαγγελία.
699 3553 762 3605 Τί
818 3551 1011 3618 rauco;
1061 3551 1198 3604 κατά
1246 3551 1336 3604 τὸν
1393 3550 1546 3618 λόγον
1596 3549 1692 3604 τοῦ

117 3646 353 3716 Κυρίου,
386 3648 521 3700 πᾶσι
553 3646 666 3706 τοῖς
700 3641 896 3697 ἑαυτοῦ
945 3642 1277 3714 ὑπάρχουσιν
1315 3641 1692 3707 ἀποτάξασθαι

115 3738 207 3788 τὸν
231 3737 578 3807 βουλόμενον,
615 3737 710 3790 καὶ
747 3737 957 3806 ἄραντα
985 3733 1076 3787 τὸν
1107 3734 1357 3806 σταυρὸν,
1377 3731 1692 3788 ἀκολουθεῖν

115 3827 287 3880 ὀπίσω
318 3827 509 3882 αὑτοῦ.
555 3829 771 3898 Ἐπειδὴ
809 3828 866 3881 δὲ
904 3826 1195 3896 πρόσωπον
1224 3825 1410 3895 ἐπέχει
1452 3825 1688 3895 Χριστοῦ

120 3921 226 3983 πᾶς
261 3920 518 3990 ἀληθινὸς
561 3919 886 3988 ἡγούμενος·
916 3917 1140 3988 Χριστῷ
1168 3916 1257 3971 διὰ
1286 3918 1450 3987 μέσου
1481 3918 1689 3971 ἐκείνου

117 4009 436 4062 ἀκολουθεῖν
465 4009 612 4062 ἐστιν
646 4007 912 4078 ἁψευδῶς.
945 4009 1057 4062 Καὶ
1091 4007 1267 4072 οὕτως
1296 4007 1602 4079 σωθήσεται
1629 4006 1690 4062 τὸ

117 4101 213 4170 τῆς
238 4101 463 4173 ἐντολῆς
492 4100 841 4169 ἀξιὰγαστον.

202 4197 259 4249 '0
287 4197 347 4251 δὲ
377 4197 455 4267 μὴ
489 4194 661 4258 οὑτως
698 4195 971 4266 ἑλόμενος,
1007 4196 1144 4251 ἀλλά
1175 4194 1380 4259 κτίζειν
1413 4193 1687 4265 μοναστή·

120 4299 232 4352 ριον
258 4286 316 4338 ὲν
341 4289 459 4348 τοῖς
487 4286 728 4351 οἰκείοις,
755 4287 848 4338 καὶ
877 4284 1191 4357 καθηγητὴν
1221 4283 1684 4356 προκαλούμενος,

1805 3109 1955 3162 dum.
1992 3108 2124 3165 Jure
2162 3127 2290 3184 ergo
2324 3131 2354 3169 a
2411 3116 2569 3173 nobis
2627 3126 2754 3175 ante
2804 3119 3055 3178 laudatus
3108 3136 3188 3178 es.
3215 3122 3370 3180 Scire

1802 3210 1980 3256 autem
2015 3203 2250 3272 primum
2275 3221 2372 3262 vos
2397 3217 2631 3278 oportet,
2661 3211 2792 3281 quid
2817 3213 2890 3268 sit
2917 3215 3220 3270 monastic:
3240 3229 3371 3285 pro-

1803 3289 1989 3352 fessio,
2029 3303 2081 3348 et
2116 3305 2318 3364 quanta
2359 3298 2505 3354 illius
2532 3301 2658 3356 vita:
2685 3302 3015 3371 sublimitas,
3071 3319 3139 3360 ne
3174 3305 3368 3362 incon-

1801 3384 1946 3438 sulto
1969 3387 2220 3453 admissi,
2257 3392 2568 3459 periculum
2619 3393 2882 3451 adeamus
2911 3395 2966 3451 in
2995 3398 3365 3468 navigatione.

1800 3472 2163 3531 Renuntiatio
2201 3481 2347 3534 aliud
2382 3481 2518 3536 nihil
2548 3494 2654 3552 est,
2683 3501 2849 3556 quam
2879 3489 3062 3545 crucis
3089 3497 3146 3544 et
3177 3490 3369 3547 mortis

1799 3568 2089 3637 professio.
2115 3569 2256 3636 Quid
2278 3573 2384 3629 hoc
2406 3582 2489 3630 est
2506 3576 2530 3629 ?
2550 3577 2708 3646 juxta
2730 3577 2944 3634 Domini
2973 3581 3158 3647 verba,
3188 3583 3367 3637 omni-

1799 3663 1900 3717 bus
1927 3665 2083 3719 bonis
2113 3666 2231 3720 suis
2261 3669 2576 3724 renuntiare
2607 3685 2733 3726 eum
2766 3672 2857 3741 qui
2889 3673 2996 3729 hoc
3019 3674 3154 3739 vult,
3191 3684 3246 3729 et
3268 3688 3367 3730 su-

1799 3752 1944 3806 blata
1971 3769 2131 3808 cruce
2165 3755 2318 3808 illum
2351 3759 2506 3827 sequi
2539 3758 2608 3814 ³⁶.
2644 3758 2914 3825 Quoniam
2946 3773 3126 3818 autem
3159 3763 3365 3820 Christi

1796 3859 2088 3914 personam
2119 3849 2355 3903 sustinet
2417 3851 2594 3906 omnis
2645 3868 2808 3908 verus
2838 3857 3182 3925 praepositus,
3221 3857 3367 3913 illius

1797 3934 1962 3989 ductu
1997 3934 2278 3990 Christum
2307 3940 2462 4008 sequi
2515 3940 2643 3995 licet
2675 3943 2885 4013 absque
2914 3944 3140 4002 fallaciae
3191 3925 3360 4007 metu.

1796 4025 1874 4081 Ita
1911 4028 2222 4083 servabitur
2260 4030 2583 4088 admirabile
2613 4034 2949 4092 mandatum.

1875 4206 1978 4272 Qui
2010 4218 2193 4261 autem
2243 4223 2352 4262 non
2383 4211 2664 4267 constituit
2691 4213 2770 4268 sic
2793 4228 2976 4283 agere,
3015 4214 3108 4271 sed
3138 4215 3196 4272 in
3237 4232 3366 4289 pro-

1797 4298 1930 4366 priis
1957 4300 2348 4354 monasterium
2377 4309 2682 4369 exstruere,
2713 4312 2769 4358 et
2800 4305 3209 4364 moderatorem
3261 4311 3364 4364 ad-

114 4374 190 4436 ὼς
243 4375 310 4428 ἂν
360 4377 421 4429 ἐν
456 4377 566 4438 τοῖς
615 4376 777 4429 αὑτοῦ
830 4377 925 4429 καὶ
972 4376 1203 4448 μονάσῃ,
1257 4377 1352 4430 καὶ
1388 4375 1555 4444 σωθῇ,
1591 4374 1687 4427 καὶ

1803 4403 2010 4455 vocare,
2042 4392 2132 4459 qui
2167 4392 2309 4459 apud
2341 4391 2516 4462 ipsum
2555 4396 2857 4452 monachus
2891 4397 2980 4462 sit,
3007 4410 3040 4452 a
3079 4413 3191 4468 quo
3233 4401 3366 4454 diri-

118 4465 357 4539 ὀδηγηθῇ
386 4482 401 4497 ο
457 4467 644 4535 ἀγνοεῖ
678 4467 762 4521 ὅτι
815 4467 940 4537 εἰκῆ
997 4467 1092 4520 καί
1145 4467 1321 4537 μάτην
1352 4468 1538 4536 κοπιᾷ,
1595 4466 1694 4519 καὶ

115 4554 261 4625 ᾇπερ
295 4557 473 4628 ζητεῖ,
506 4559 603 4627 οὑχ
633 4557 875 4628 εὑρήσει,
911 4558 1047 4611 ἀλλά
1099 4558 1407 4612 τούναντίον
1451 4557 1691 4611 ἐκτοπαο

122 4644 310 4718 ἐπειδὴ
337 4651 399 4702 οὑ
447 4648 567 4702 κατ’
593 4647 810 4719 ἐντολὴν
849 4649 1054 4719 Κυρίου
1081 4650 1113 4719 η
1141 4649 1367 4719 τοιαύτη
1421 4649 1689 4720 ἀποταγὴν

119 4733 322 4804 ὤφελον
367 4739 726 4810 γυμνωθῆναι
784 4739 963 4810 πάσης
1018 4738 1184 4809 ὕλης,
1226 4740 1322 4792 καὶ
1365 4739 1554 4811 πόρρω
1583 4739 1690 4794 τῶν

123 4827 267 4881 ἰδίων
311 4830 588 4898 γενέσθαι,
646 4833 740 4886 καὶ
784 4831 1158 4903 καθηγεμόνος
1212 4833 1397 4902 τυχεῖν
1435 4832 1682 4902 ἀρίστου,

119 4922 211 4972 καὶ
261 4922 407 4977 οὕτω
457 4922 832 4996 περαιωθῆναι
880 4923 942 4976 τὸ
969 4922 1112 4993 μέγα
1158 4923 1394 4992 πέλαγος
1428 4923 1522 4977 τοῦ
1557 4923 1684 4995 τῇδε

120 5011 235 5080 βίου
275 5015 574 5080 ἀκινδύνως
597 5030 610 5045 ⁸
647 5018 745 5088 οὑχ
773 5019 854 5071 ὅτι
874 5045 878 5049 ι
901 5017 1070 5089 μηδὲν
1099 5017 1206 5071 τῶν
1234 5021 1647 5092 προειρημένων
1667 5037 1682 5052 ⁸

117 5106 230 5158 ἀλλ’
261 5109 324 5162 ὲκ
365 5110 534 5179 μόνου
561 5108 658 5164 τοῦ
703 5112 1003 5184 οἰκοδομεῖν
1043 5114 1403 5184 μοναστήριον
1448 5120 1544 5170 καὶ
1590 5114 1682 5169 τδν

124 5194 250 5248 Θεὸν
272 5196 416 5270 [cod.
445 5197 582 5268 Reg.
611 5199 673 5253 τὸ
705 5200 886 5273 φαιὸν]
915 5201 1305 5272 περιϐαλέσθαι
1335 5218 1350 5234 ο
1382 5208 1475 5258 καὶ
1508 5205 1681 5276 ἡγούο

125 5307 279 5358 μενον
306 5295 487 5351 δοκεῖν
509 5295 656 5365 ἔχειν
686 5296 812 5348 ὄντα
845 5296 1046 5366 μᾶλλον
1083 5297 1394 5367 ἐπίτροπον,
1420 5299 1516 5353 καὶ
1537 5315 1680 5369 συμ-

124 5386 398 5449 ποδίζοντα
446 5391 540 5443 καὶ
569 5391 1034 5460 συμποδιζόμενον
1065 5409 1080 5424 ·
1116 5393 1212 5445 καὶ
1259 5392 1381 5446 οὔτε
1414 5393 1677 5462 σώζοντα,

1791 4489 1976 4550 gatur,
2005 4491 2166 4550 atque
2189 4481 2266 4536 ita
2294 4483 2526 4539 salutem
2567 4497 2965 4556 consequatur;
3002 4489 3049 4545 is
3080 4506 3188 4547 non
3217 4492 3363 4547 videt

1787 4583 1849 4625 se
1877 4587 2078 4626 vanum
2127 4573 2368 4631 laborem
2411 4591 2628 4631 sumere
2652 4617 2668 4643 ,
2703 4586 2760 4632 et
2785 4581 2930 4649 quod
2981 4586 3197 4652 quierit,
3250 4601 3360 4643 non

1787 4660 2163 4728 inventurum,
2197 4665 2293 4720 sed
2324 4681 2551 4737 prorsus
2573 4670 2868 4738 contraria,
2912 4673 3039 4742 quia
3068 4689 3180 4729 non
3201 4677 3358 4746 juxta

1788 4751 2007 4810 Domini
2034 4756 2346 4812 mandatum
2377 4769 2462 4815 est
2505 4759 2817 4830 hujusmodi
2851 4765 3206 4832 renuntiatio,
3229 4781 3355 4823 cum

1787 4844 2011 4900 deberet
2043 4847 2268 4916 spoliari
2310 4848 2665 4904 facultatibus
2696 4851 2972 4918 omnibus,
3005 4862 3056 4908 et
3108 4856 3294 4924 procul
3322 4872 3356 4913 a

1787 4937 2030 5006 propriis
2063 4937 2279 5005 abesse,
2339 4949 2394 4994 et
2453 4943 2724 5010 Optimum
2773 4942 3055 5000 ductorem
3087 4947 3354 5017 nancisci,

1786 5039 1952 5098 atque
1988 5030 2062 5084 ita
2098 5044 2352 5100 magnum
2394 5030 2561 5101 hujus
2587 5033 2714 5088 vita:
2742 5033 2963 5104 pelagus
2995 5035 3117 5090 sine
3144 5040 3358 5108 pericu-

1787 5117 1840 5171 lo
1869 5121 2158 5190 trajicere;
2190 5133 2297 5173 non
2330 5122 2724 5176 autemhorum
2757 5137 2880 5192 quae
2903 5124 3044 5179 dicta
3085 5135 3215 5180 sunt
3265 5127 3354 5180 ni-

1787 5211 1862 5265 hil
1893 5228 2078 5283 agere,
2098 5213 2191 5266 sed
2225 5227 2293 5267 ex
2324 5212 2441 5267 sola
2473 5216 2796 5270 monasterii
2828 5218 3197 5272 exstructione
3225 5233 3353 5288 gra-

1786 5303 1915 5358 tiam
1941 5322 1971 5361 a
2010 5307 2120 5358 Deo
2142 5303 2280 5359 inire
2323 5305 2483 5370 velle,
2515 5313 2679 5376 atque
2715 5306 2770 5361 in
2803 5309 3037 5379 speciem
3085 5310 3354 5368 duntaxat

1785 5399 2137 5467 praepositum
2163 5396 2388 5463 habere,
2413 5399 2504 5468 qui
2537 5409 2860 5469 procurator
2903 5403 2976 5456 sit
3014 5401 3216 5471 potius,
3255 5403 3350 5472 qui

112 5472 236 5528 οὖτε
264 5480 590 5555 σωζόμενον.
626 5482 896 5548 Ἔξελθε,
943 5483 1128 5552 φησὶν,
1167 5483 1235 5538 ἐκ
1284 5484 1391 5555 τῆς
1421 5486 1533 5558 γῆς
1560 5503 1678 5544 σου

1803 5490 1948 5546 simul
1975 5490 2235 5561 impediat
2260 5499 2315 5547 et
2344 5492 2505 5547 simul
2538 5493 2885 5565 impediatur,
2917 5495 3010 5566 qui
3039 5511 3216 5566 neque
3249 5496 3353 5553 sal-

185 5591 228 5622 ³⁸
260 5589 446 5650 Matth.
483 5609 596 5661 xix,
619 5594 674 5651 5.
749 5596 796 5627 “
825 5595 958 5653 Luc.
992 5611 1070 5662 rx,
1093 5596 1183 5652 εδ.

1613 5695 1845 5753 NOTAE.

187 5776 293 5847 (ΞΑ)
325 5779 378 5836 In
403 5781 525 5842 cod.
560 5782 689 5853 Reg.
732 5782 831 5855 px.

1862 5789 1940 5864 (⁸)
1971 5789 2281 5860 Dogmatica
