3964 6320
560 338 696 405 1499

1739 346 1800 406 S.
1839 345 2231 407 THEODORI
2268 344 2615 407 STUDlTrE

558 466 647 510 vet
675 468 850 524 neque
886 452 1149 510 salvetur.
1204 453 1480 526 Egredere,
1514 455 1713 526 inquit,
1744 457 1808 512 de
1860 467 2004 511 terra
2034 466 2158 516 tua,

2263 458 2323 510 al
2346 458 2417 512 ἐκ
2448 457 2561 526 τῆς
2585 458 2941 527 συγγενείας
2975 472 3089 511 σου
3111 472 3123 485 ·
3170 456 3301 511 λάϐε
3333 454 3433 507 τὸν
3466 454 3734 524 σταυρὸν
3770 458 3853 511 ἐπ’

558 559 608 603 et
635 548 699 601 de
722 547 1064 617 congnatione
1090 554 1182 600 tua
1199 548 1264 612 '7;
1295 550 1480 618 accipe
1507 564 1728 603 crucem
1763 549 1819 603 in
1849 550 2127 613 humeros,

561 655 889 710 conspuere,
939 640 1188 710 colaphis
1216 640 1461 706 creditor,
1517 640 1645 696 bibe
1672 652 1914 705 acetum,
1946 640 2132 710 ﬂagel-

562 730 695 793 lare,
727 746 946 785 crucem
975 732 1231 797 ascende,
1258 733 1578 801 sanguinem
1602 733 1793 797 funde,
1824 734 1939 789 sive
1967 735 2131 791 intel-

563 831 730 888 tectu,
761 823 877 877 sive
929 837 1115 877 sensu.
1148 821 1307 889 Quod
1331 824 1379 877 si
1422 825 1536 879 haec
1558 840 1667 879 non
1697 824 1866 889 feras,
1900 827 2028 881 sede
2078 826 2130 879 in

563 915 726 970 domo
755 924 870 981 tua,
913 915 1203 969 humiliore
1236 916 1341 970 vita
1390 917 1592 972 salvari
1619 917 1980 973 contendens.
2028 917 2135 973 Ne-

565 1022 672 1077 que
710 1007 854 1061 enim
888 1006 1005 1061 sine
1030 1008 1218 1063 labore
1252 1008 1341 1063 hic
1379 1009 1547 1073 salus,
1574 1009 1667 1063 sed
1697 1025 1793 1079 per
1811 1010 2012 1065 multas
2037 1024 2136 1064 an-

567 1098 797 1168 gustias.
834 1096 913 1153 Ne
944 1099 1077 1153 mihi
1107 1100 1373 1155 hodierna
1392 1101 1639 1171 exempla
1663 1100 1930 1171 proferas.
1960 1101 2133 1168 Quid-

568 1188 697 1261 quid
724 1204 833 1244 non
856 1196 941 1245 est
978 1205 1043 1245 ex
1085 1192 1377 1259 mandato;
1413 1193 1755 1262 improbum,
1784 1193 1983 1257 inane,
2018 1193 2136 1263 ple-

568 1298 698 1336 num
730 1282 994 1349 scandali,
1025 1282 1146 1351 ejus
1170 1284 1263 1351 qui
1288 1284 1366 1337 sic
1380 1284 1709 1337 renuntiarit
1734 1298 1896 1352 opus,
1916 1299 2025 1338 non
2052 1284 2137 1337 di-

569 1373 678 1425 vini
698 1372 1129 1441 praeCepti.Quod
1157 1375 1200 1428 si
1220 1375 1615 1430 monasterium
1637 1389 1839 1428 novum
1858 1383 2140 1431 exstruere

569 1460 725 1530 cupis
758 1479 774 1528 ;
806 1461 858 1516 id
907 1478 1017 1517 non
1051 1473 1133 1518 est
1173 1464 1415 1518 alienum
1444 1480 1476 1519 a
1522 1466 1733 1521 ratione
1765 1483 1779 1520 :
1835 1465 1927 1522 sed
1971 1465 2140 1521 simul

572 1568 638 1607 ac
668 1553 962 1610 tradideris
990 1555 1166 1625 ipsum
1195 1557 1313 1610 viro
1341 1557 1433 1626 qui
1461 1566 1630 1627 regat,
1665 1572 1731 1613 ne
1759 1559 1991 1628 amplius
2034 1574 2145 1614 ma-

572 1659 703 1698 num
736 1644 967 1713 injicias,
995 1654 1253 1716 tanquam
1274 1648 1329 1700 in
1358 1662 1472 1701 rem
1503 1658 1653 1702 tuam
1689 1666 1701 1703 :
1734 1658 1789 1704 et
1817 1647 1928 1706 Deo
1950 1664 2145 1719 accep-

576 1745 693 1791 tum
753 1736 808 1790 id
840 1738 985 1803 erit;
1025 1747 1081 1793 et
1113 1748 1366 1794 occurret
1395 1742 1489 1795 tibi
1525 1743 1581 1795 in
1614 1742 1909 1812 hospitium
1947 1743 2147 1811 sempi-

2230 548 2395 619 ῶμων
2429 567 2544 614 σου,
2575 549 2938 620 ἐμπτύσθητι,
2970 548 3354 620 κολαφίσθητι,
3378 548 3479 600 πίε
3504 547 3675 612 ὅξος,
3710 566 3855 618 φραο

2230 639 2551 710 γελλὼθητι,
2598 640 2739 694 ἄνιθι
2776 643 2868 693 ἐπὶ
2928 640 3016 693 τὸν
3075 642 3334 710 σταυρὸν,
3372 640 3647 692 κένωσον
3686 635 3851 708 αἷμα,

2232 730 2331 782 εἴτ’
2357 726 2449 783 οὗν
2488 729 2712 799 νοητῶς,
2745 730 2843 782 εἴτ’
2872 726 2965 783 οὖν
2999 729 3288 802 αἰσθητῶς.
3330 731 3395 783 Ei
3432 729 3495 782 δέ
3524 730 3618 798 μὴ
3660 730 3854 799 φέροις

2231 821 2422 886 ταῦτα,
2456 820 2624 875 κάθου
2671 823 2728 875 ἐν
2759 821 2836 891 τῷ
2877 824 3010 893 οἴκῳ
3041 839 3154 886 σου,
3205 823 3283 893 τῷ
3307 822 3728 891 ταπεινοτέρῳ
3757 822 3853 891 βίῳ

2233 912 2616 982 ἐκϐιαζόμενος
2656 912 2944 976 σώζεσθαι.
2986 913 3119 966 υὺδέ
3146 912 3253 981 γὰρ
3286 912 3535 967 ἐνταῦθα
3594 914 3853 980 ἀμογητὶ

2235 1005 2294 1057 τὸ
2346 1005 2558 1072 σῶσμα,
2588 1002 2722 1057 ἀλλὰ
2749 1003 2858 1073 γὰρ
2913 1006 3006 1057 καὶ
3042 1003 3131 1057 διὰ
3164 1004 3380 1057 πολλῶν
3425 1004 3716 1073 θλίψεων.
3764 1006 3849 1074 Μή

2238 1110 2327 1164 μοι
2354 1092 2425 1160 τᾲ
2461 1094 2555 1147 νῦν
2587 1094 3007 1164 παραδείγματα
3054 1095 3351 1165 προσοίσῃς
3374 1110 3389 1124 ’
3444 1098 3567 1149 πᾶν
3602 1096 3757 1163 ὅπερ
3793 1099 3848 1147 οὐ

2236 1189 2356 1242 κατ’
2382 1188 2601 1259 ἐντολήν
2632 1205 2647 1221 ο
2679 1190 2956 1261 ἀδόκιμον,
3020 1190 3205 1255 ἕωλον,
3266 1192 3699 1252 σκανδαλῶδες,
3758 1192 3849 1243 τοῦ

2237 1276 2410 1342 οὕτως
2463 1281 2877 1350 ἀποταξαμένου
2908 1282 3087 1349 ἔργον,
3112 1282 3227 1335 ἀλλ’
3254 1282 3316 1334 οὐ
3342 1280 3499 1335 θείου
3544 1280 3851 1352 προστάγ-

2243 1390 2430 1442 ματος.
2490 1375 2550 1427 ΕΞ
2583 1374 2639 1425 δὲ
2687 1374 2818 1444 ἐρᾷς
2853 1372 3177 1444 νεουργῆσαι
3230 1374 3421 1443 μονὴν,
3456 1374 3568 1425 οὐκ
3610 1371 3726 1435 ἕξω
3758 1373 3849 1423 τοῦ

2240 1463 2449 1524 εἰκότος
2478 1478 2493 1493 ο
2538 1461 2654 1515 ἀλλ’
2685 1465 2771 1517 ἐπ’
2802 1466 2868 1518 ἀν
2906 1464 3252 1533 παραδώσεις
3279 1464 3455 1534 αὐτὴν
3497 1464 3678 1531 ἀνδρὶ
3714 1463 3852 1515 καθ-

2242 1552 2556 1623 ηγουμὲνῳ,
2617 1553 2812 1623 μηκέτι
2867 1553 3144 1616 ἐπιϐαλεῖς
3191 1552 3289 1623 τὴν
3322 1554 3487 1622 χεῖρα
3543 1551 3647 1605 ἐπ’
3678 1550 3849 1620 αὐτῷ,

2243 1644 2495 1714 καθάπερ
2545 1644 2774 1697 ἐπὶτῶν
2801 1645 3004 1698 οὐσῶν·
3036 1646 3132 1698 καὶ
3165 1644 3281 1713 Θεῷ
3306 1644 3372 1695 τὸ
3412 1647 3680 1714 πρᾶγμα
3722 1643 3851 1695 εὑᾶ-

2249 1751 2457 1807 ρεστον·
2480 1736 2574 1787 καὶ
2602 1734 2905 1805 ἀπαντήσει
2937 1752 3018 1789 σοι
3056 1738 3135 1798 είς
3167 1734 3345 1800 ξενίαν
3370 1733 3636 1786 αἰώνιον.
3654 1733 3852 1802 Ἡμεῖς

572 1836 814 1882 ternum.
841 1827 960 1884 Non
998 1829 1065 1883 ad
1092 1845 1213 1884 eum
1244 1832 1335 1900 qui
1370 1832 1451 1887 sic
1473 1806 1735 1902 eligitur;
1753 1833 2007 1888 addimus
2036 1806 2147 1887 fra-

2262 1826 2341 1878 ιπὶ
2364 1825 2452 1879 τὸν
2482 1825 2655 1890 οὕτως
2684 1825 3004 1896 αἱρούμενον
3048 1825 3392 1894 ἐπιδιδοῦμεν
3418 1825 3679 1893 ἀδελφὺν
3708 1826 3852 1876 ἐκεῖ·

575 1928 714 1974 trem
744 1920 900 1974 illum
927 1936 1092 1990 quem
1126 1923 1350 1993 elegerit
1379 1923 1426 1977 is
1459 1923 1555 1993 qui
1587 1924 1840 1994 requirit,
1873 1940 1999 1979 cum
2029 1924 2152 1979 aliis

575 2025 771 2067 novem
798 2010 1059 2068 fratribus
1086 2013 1180 2082 qui
1200 2015 1491 2083 praeposito
1519 2015 1715 2084 subjici
1756 2015 1967 2070 volunt.
1986 2014 2149 2079 Ecce,

577 2105 721 2160 bone
776 2107 971 2171 amice,
1031 2108 1287 2162 monachi
1326 2107 1563 2162 oﬂicium
1613 2108 1844 2178 exposui
1887 2108 2027 2161 tibi:
2073 2107 2153 2161 sic

578 2210 740 2266 agere
795 2197 959 2252 debet
999 2200 1094 2268 qui
1134 2199 1247 2253 vult
1272 2208 1557 2255 exstruere
1606 2200 1999 2255 monasterium
2032 2218 2045 2251 :
2075 2198 2157 2253 sic

582 2288 898 2357 proﬂcietis.
926 2287 1081 2356 Quod
1106 2300 1293 2357 restat,
1324 2290 1591 2347 Dominus
1610 2292 1681 2347 sit
1701 2289 2004 2347 consolatio
2030 2298 2144 2357 tua,

583 2379 841 2436 erudiens
879 2388 933 2436 te
961 2380 1018 2435 in
1057 2382 1315 2438 omnibus
1354 2383 1420 2437 ad
1453 2382 1708 2437 salutem.

1003 2582 1158 2640 CLX.
1183 2614 1253 2625 —
1278 2582 1525 2655 Gregorio
1553 2585 1666 2656 ﬁlio
1689 2586 1784 2658 (⁸).

2249 1935 2338 1972 νον
2362 1916 2421 1971 ὃν
2454 1917 2728 1987 ἐκλέγοιτο
2755 1920 2783 1970 6
2816 1918 3109 1989 ἐπιζητῶν,
3141 1916 3279 1987 μετά
3306 1917 3402 1970 καὶ
3433 1916 3665 1987 ἐτέρων
3697 1917 3852 1970 ἐννέα

2251 2008 2495 2079 ἀδελφῶν
2550 2010 2841 2064 ἐθελόντων
2898 2009 3187 2063 τάττεσθαι
3253 2008 3332 2080 τῷ
3398 2007 3849 2080 προηγουμένη».

2266 2100 2418 2164 Ἰδοὺ,
2459 2100 2581 2169 φίλε
2640 2100 2793 2165 καλέ,
2824 2099 2885 2153 τὸ
2939 2099 3213 2170 δικαίωμα
3240 2099 3332 2153 τοῦ
3368 2097 3626 2171 μοναχοῦ
3681 2100 3852 2169 ἀνήγ-

2254 2192 2410 2261 γειλά
2436 2209 2515 2245 σοι
2545 2210 2557 2223 ι
2592 2195 2620 2245 ὁ
2645 2192 2844 2262 τρόπος
2872 2192 2965 2245 τοῦ
3000 2192 3401 2253 συνιστάνοντος
3442 2190 3511 2243 τὸ
3562 2194 3850 2262 μοναοτή-

2260 2300 2391 2354 ριον,
2445 2285 2471 2353 ἡ
2526 2283 2768 2353 ὑμετέρα
2819 2283 3076 2348 ἐπίδοσις.
3108 2284 3181 2337 Τὸ
3227 2283 3436 2344 λοιπὸν,
3493 2282 3587 2351 εἴη
3645 2281 3850 2355 Κύριος

2260 2372 2606 2442 παραμύθιόν
2676 2390 2799 2440 σου,
2860 2371 3150 2439 συνετίζων
3215 2390 3275 2426 σε
3321 2372 3470 2425 κατὰ
3522 2372 3724 2429 πάντα
3774 2376 3847 2437 είς

2262 2466 2554 2536 σωτηρίαν.

2559 2582 2656 2636 PE.’
2682 2583 2888 2659 (52)-
2908 2585 3207 2657 Γρηγορίφ
3233 2581 3442 2649 τέκνῳ.
3468 2579 3637 2661 [κε’-1

1021 2702 1098 2753 De
1117 2700 1286 2751 seculi
1322 2701 1644 2753 restitutione
1670 2717 1683 2752 :
1710 2708 1765 2753 et
1785 2703 1983 2767 qualem
2014 2700 2252 2752 videlicet
2282 2702 2408 2751 hanc
2438 2714 2550 2751 esse
2580 2701 2795 2752 futuram
2824 2717 3025 2764 magnus
3049 2703 3190 2751 Pater
3209 2701 3402 2751 doceat.

658 2808 790 2877 Quae
816 2809 871 2863 in
901 2809 1086 2879 priore
1113 2809 1341 2880 epistola
1376 2809 1444 2864 de
1469 2808 1827 2864 sanctissimo
1856 2808 2159 2863 Chalcedo-

588 2902 676 2957 nis
705 2900 1068 2971 metropolita,
1098 2909 1151 2955 et
1172 2909 1325 2971 patre
1346 2909 1552 2967 nostro,
1587 2910 1848 2971 tanquam
1875 2902 1931 2957 in
1981 2911 2159 2955 trans-

2341 2808 2407 2860 Ἃ
2437 2808 2535 2877 μὲν
2569 2804 2661 2863 οὖν
2686 2810 2743 2862 ἐν
2787 2811 2849 2877 τῇ
2892 2806 3133 2877 προτέρᾳ
3168 2804 3424 2876 ἐπιστολῇ
3456 2807 3599 2878 περὶ
3632 2806 3732 2862 τοῦ
3756 2807 3845 2877 τῆς

2265 2899 2605 2970 Χαλκηδόνος
2659 2901 2957 2967 ἀγιωτὰτου
3023 2897 3442 2969 μητροπολίτου,
3480 2900 3583 2954 καὶ
3643 2900 3845 2972 πατρδς

590 3009 755 3051 cursu
798 2993 942 3048 dicta
976 3002 1126 3059 sunt,
1155 2994 1383 3049 uberius
1426 3004 1481 3049 et
1531 2996 1857 3065 explicatius
1903 3010 2050 3048 nunc
2076 2993 2157 3048 di-

2267 2992 2422 3064 ήμῶν
2452 2992 2685 3063 εἴρηται,
2714 2991 2788 3052 ὡς
2817 2992 2875 3043 ἐν
2910 2991 3255 3061 παραδρομῇ,
3287 2991 3383 3046 νῦν
3430 2993 3487 3046 δὲ
3535 2993 3843 3060 διεξοδικώ-

591 3094 805 3140 centur.
825 3082 920 3140 Dic
946 3085 1165 3154 illi.qna
1192 3095 1404 3155 patrem
1423 3086 1625 3156 alloqui
1653 3086 1808 3140 decet
1835 3087 2157 3150 reverentia,

593 3178 910 3249 quid‘iquod
938 3179 1185 3242 omnino,
1208 3176 1364 3245 juxta
1394 3177 1599 3232 dictum
1627 3176 1877 3245 Apostoli
1910 3194 1924 3232 :
1959 3175 2161 3232 Unius-

590 3271 845 3341 cujusque
899 3286 1027 3339 opus
1077 3268 1231 3340 quale
1280 3270 1348 3322 sit
1400 3269 1535 3338 ignis
1589 3267 1853 3335 probabit.
1903 3267 1964 3322 Si
2014 3268 2163 3336 cujus

593 3380 724 3432 Opus
765 3362 1179 3432 manserit‘quod
1223 3360 1684 3429 superardiﬁcavit,
1712 3358 2001 3412 mercedem
2022 3360 2163 3412 acci—

592 3456 720 3524 piet.
763 3453 825 3509 Si
872 3455 1022 3521 cujus
1067 3467 1196 3519 opus
1244 3451 1462 3513 arserit,
1500 3449 1873 3503 detrimentum
1912 3449 2161 3517 patietur.

592 3546 717 3613 Ipse
751 3556 929 3598 autem
955 3544 1132 3597 salvus
1157 3543 1281 3605 erit.
1305 3543 1382 3596 sic
1418 3551 1594 3597 tamen
1613 3543 1765 3613 quasi
1790 3558 1880 3611 per
1906 3543 2076 3611 ignem
2099 3540 2163 3595 ".

594 3632 895 3688 Percontor
941 3632 1168 3701 itaque:
1195 3632 1352 3693 illud,
1386 3632 1599 3695 arserit,
1633 3632 1935 3685 absolutam
1991 3628 2166 3682 aboli-

596 3725 803 3779 tionem
832 3723 1073 3787 denotat,
1110 3723 1337 3777 annon?
1367 3721 1425 3774 Si
1479 3722 1712 3791 primum
1742 3720 1964 3786 dicitur,
2020 3718 2168 3773 sicut

597 3814 767 3868 Paulo
797 3815 1136 3869 cohaerenter
1176 3812 1470 3866 aitalicubi
1509 3810 1820 3881 Theologus
1841 3808 2165 3893 Gregorius,

598 3906 758 3973 isque
793 3913 1106 3974 postremus
1128 3910 1211 3957 est
1249 3903 1414 3974 ignis,
1440 3918 1547 3972 quo
1570 3912 1759 3957 nostra
1792 3903 1979 3955 omnia
2009 3902 2168 3955 dam-

598 4005 804 4048 nantur
826 3993 913 4047 vel
929 4000 1232 4064 purgantur
1255 4010 1271 4060 ;
1289 3993 1419 4063 quid
1444 4001 1638 4048 estcur
1656 3993 1883 4048 audiens
1898 3993 2169 4063 quiSpiam

598 4089 878 4144 existimet
912 4104 1025 4143 non
1078 4097 1227 4143 recte
1247 4088 1450 4144 dixisse
1504 4096 1754 4143 sanctum
1809 4086 2101 4141 Maximum
2127 4087 2172 4118 ’ν

600 4188 714 4236 tres
772 4195 898 4236 esse
932 4180 1309 4235 restitutiones
1360 4179 1414 4233 in
1480 4178 1795 4249 pristinum,
1830 4192 1967 4247 quas
2025 4176 2175 4231 novit

602 4270 901 4328 Ecclesia?
951 4270 1126 4326 Unam
1198 4271 1419 4340 quidem
1476 4271 1911 4339 uniuscujusque
1954 4283 2055 4338 pro
2085 4282 2175 4322 ra-

2260 3102 2419 3154 τερον
2451 3086 2747 3155 εἰρήσεται.
2788 3083 2923 3135 Εἰπὲ
2968 3083 3116 3153 αὐτῷ
3159 3090 3547 3155 πατροπρεπεί
3589 3087 3839 3151 διαλέξει,

2261 3174 2314 3228 τί
2340 3193 2354 3241 ;
2388 3176 2470 3228 ὅτι
2501 3192 2739 3238 παντως,
2759 3176 2898 3228 κατά
2931 3174 3030 3243 τὴν
3053 3173 3147 3227 τοῦ
3185 3175 3513 3227 Ἀποστόλου
3547 3176 3839 3245 ἀπόφασιν,

2278 3265 2569 3320 Ἐκάστου
2607 3267 2674 3319 τὸ
2715 3267 2893 3336 ἔργον
2948 3267 3158 3323 ὁποῖόν
3195 3269 3327 3323 ἐστι
3351 3268 3421 3322 τὸ
3448 3268 3578 3337 πῦρ
3605 3270 3841 3340 δοκιμά-

2263 3352 2379 3411 σὲι.
2433 3357 2500 3409 El
2548 3373 2709 3424 τινος
2756 3360 2820 3413 τὸ
2865 3359 3043 3428 ἔργον
3094 3361 3263 3430 μένει
3312 3358 3345 3414 ὃ
3381 3358 3839 3432 ἐπῳκοδόμησε,

2259 3449 2483 3518 μισθὸν
2512 3450 2793 3519 λήψεται.
2839 3452 2913 3506 El
2940 3468 3101 3517 τινος
3136 3451 3203 3505 τὸ
3249 3452 3432 3521 ἔργον
3462 3455 3841 3522 κατακαήσε-

2263 3558 2379 3609 ται,
2412 3539 2862 3609 ζημιωθήσεταν
2888 3544 3093 3609 ..αὐτὸς
3124 3543 3191 3595 δὲ
3235 3541 3607 3612 σωθήσεται,
3662 3548 3839 3612 οὕτως

2264 3634 2334 3687 δὲ
2358 3635 2439 3700 ὡς
2462 3634 2560 3687 διὰ
2581 3635 2788 3702 πυρός.
2829 3635 3175 3706 Πυνθανομαι
3205 3635 3319 3698 οὖν,
3346 3637 3429 3701 τὸ,
3462 3641 3838 3704 κατακαήσε-

2265 3740 2380 3788 ται,
2422 3722 2736 3792 ἐξαφάνισίς
2764 3726 2880 3777 ἐστι
2907 3725 3107 3787 τελεία,
3148 3724 3182 3796 ἢ
3222 3724 3322 3792 οῦς
3357 3726 3423 3778 El.
3455 3726 3516 3778 δὲ
3551 3728 3837 3795 ὁμολογου-

2269 3815 2446 3884 μένως
2496 3815 2558 3868 τὸ
2607 3814 2821 3885 πρῶτον
2853 3834 2865 3846 ·
2897 3816 3039 3869 καθά
3089 3815 3190 3868 πού
3236 3832 3405 3886 φησιν
3456 3817 3839 3888 ἐπομὲνωςτῷ

2266 3907 2463 3979 Παύλῳ
2496 3910 2590 3960 καὶ
2617 3910 2644 3959 ὁ
2670 3908 2927 3976 Θεολόγος
2958 3908 3275 3979 Γρηγόριος’
3314 3909 3410 3961 καὶ
3443 3907 3507 3961 τὸ
3542 3910 3836 3962 τελευταῖον

2270 4000 2404 4071 πῦρ,
2444 3994 2487 4068 ᾧ
2526 3999 2704 4053 πάντα
2752 4000 3137 4071 κατακρίνεται
3179 3999 3212 4068 ἢ
3246 3998 3576 4070 καθαίρεται
3614 4003 3685 4055 τά
3716 4001 3836 4071 ἡμέ-

2269 4112 2403 4166 τερα
2434 4110 2446 4124 ·
2502 4095 2552 4147 τί
2581 4093 2811 4148 ἐπισείει
2864 4094 2956 4147 τδν
2984 4093 3106 4147 νοῦν
3136 4092 3230 4147 τοῦ
3259 4092 3557 4157 ἀκούοντος
3590 4108 3608 4125 ο
3640 4094 3737 4147 οὐκ
3784 4085 3834 4145 εὗ

2273 4187 2553 4257 εἰρηκέναι
2581 4188 2671 4240 τὸν
2728 4188 2870 4258 ἱερὸν
2916 4187 3187 4258 Μάξιμον,
3227 4189 3374 4257 τρεῖς
3410 4184 3554 4240 εἶναι
3592 4186 3693 4250 τὰς
3720 4187 3834 4239 ἀπο-

2274 4278 2655 4345 καταστάσεις,
2681 4277 2748 4342 ἀς
2795 4276 2934 4332 οἶδεν
2979 4281 3012 4349 ἠ
3064 4277 3384 4349 Ἐκκλησία;
3443 4279 3598 4332 Μίαν
3630 4276 3833 4348 μὲντὴν

603 4362 755 4417 tione
781 4360 1025 4415 virtutis:
1053 4362 1106 4414 in
1136 4375 1241 4430 qua
1269 4360 1578 4415 restituitur
1619 4360 1714 4429 qui
1761 4359 1976 4413 virtutis
2007 4374 2158 4427 quem

2277 4368 2506 4421 ἑκάστου
2538 4370 2677 4422 κατά
2705 4370 2798 4422 τὸν
2831 4370 2931 4439 τῆς
2956 4371 3153 4440 ἀρετῆς
3200 4370 3375 4436 λόγον,
3422 4371 3481 4422 ἐν
3583 4370 3831 4423 ἀποκαθί-

603 4460 820 4523 poterat
846 4451 1069 4506 modum
1119 4450 1384 4521 implevit.
1410 4451 1654 4507 Alteram
1704 4460 1915 4505 naturae
1949 4452 2174 4506 univer-

607 4560 706 4610 διε,
743 4544 799 4598 in
842 4544 1243 4599 resurrectione
1304 4559 1319 4596 :
1370 4544 1774 4598 restitutionem
1828 4542 2046 4598 scilicet
2114 4543 2171 4598 in

608 4635 1183 4707 incorruptibilitatem
1232 4643 1289 4691 et
1347 4635 1840 4690 immortalitatem.
1910 4633 2173 4698 Tertiam,

610 4742 719 4798 qua
745 4727 1088 4798 frequentius
1109 4727 1278 4782 utitur
1315 4735 1538 4782 sanctus
1571 4725 1867 4796 Gregorius
1893 4724 2175 4795 Nyssenus

612 4820 1055 4876 in-Sermonibus
1087 4820 1204 4875 suis
1230 4818 1276 4851 ³ο
1298 4836 1313 4873 :
1338 4834 1433 4888 per
1471 4833 1634 4889 quam
1661 4818 1859 4873 anima:
1887 4817 2176 4873 facultates

613 4928 710 4984 per
738 4923 1023 4983 peccatum
1054 4911 1325 4982 collapsa,
1349 4911 1402 4965 in
1421 4926 1547 4966 eum
1582 4926 1779 4965 rursus
1809 4919 2012 4964 statum
2067 4926 2178 4981 quo

614 5004 851 5060 condita:
898 5012 1061 5060 sunt.
1101 5004 1476 5059 restituentur.
1522 5000 1679 5057 Sicut
1717 5004 1867 5057 enim
1918 5002 2179 5058 universa

618 5102 817 5147 natura
855 5093 914 5147 in
952 5094 1391 5155 resurrectione,
1426 5091 1998 5161 incorruptibilitatem
2054 5107 2180 5148 car-

618 5188 704 5242 nis
753 5186 849 5241 diu
899 5192 1172 5254 speratam
1207 5184 1472 5254 recipiet;
1507 5184 1585 5238 ita
1618 5194 1673 5239 et
1704 5184 1941 5239 animam
1971 5192 2188 5254 oportet

621 5277 910 5335 facultates
937 5293 1059 5347 quae
1081 5277 1245 5349 longa
1274 5279 1601 5334 saeculorum
1629 5278 1918 5333 duratione
1948 5276 2188 5332 deﬂuxe-

621 5378 771 5433 runt,
820 5368 1106 5439 recipere:
1143 5377 1348 5424 etcum
1404 5369 1604 5426 saecula
1653 5369 1840 5424 omnia
1889 5369 2186 5435 transierit,

622 5477 724 5519 nec
741 5470 944 5518 statum
962 5462 1255 5530 invenerit,
1278 5463 1347 5518 ad
1370 5460 1540 5518 Deum
1572 5462 1757 5518 venire
1782 5462 1876 5533 qui
1892 5462 2051 5519 fidem
2077 5477 2190 5519 non

2282 4476 2470 4513 σταται
2502 4460 2589 4512 τὸν
2618 4460 2703 4513 ἐπ’
2734 4459 2879 4529 αὐτῷ
2899 4459 3054 4527 λόγον
3081 4461 3180 4527 τῆς
3218 4459 3419 4530 ἀρετῆς
3461 4460 3829 4531 ἐκπληρώσας.

2281 4550 2548 4620 Δευτέραν
2574 4551 2631 4605 δὲ
2662 4552 2760 4620 τῆς
2780 4551 2908 4622 ὅλης
2942 4550 3156 4620 φύσεως
3178 4553 3244 4622 τῇ
3271 4551 3575 4606 ἀναστάσει
3596 4568 3614 4583 ο
3642 4553 3737 4623 τὴν
3767 4556 3831 4615 είς

2282 4643 2588 4714 ἀφθαρσίαν
2639 4645 2735 4698 καὶ
2782 4643 3080 4697 ἀθανασίαν
3129 4643 3605 4697 ἀποκατάστασιν.
3654 4645 3829 4716 τρίτην

2282 4734 2361 4797 δέ,
2392 4729 2425 4809 ᾗ
2479 4735 2572 4787 καὶ
2618 4734 2818 4805 μᾶλλον
2857 4734 3265 4805 κατακέχρηται
3293 4735 3351 4786 ἐν
3381 4736 3497 4797 τοίς
3532 4736 3725 4789 ἑαυτοῦ
3758 4735 3830 4787 λό-

2282 4843 2399 4896 γοις
2446 4826 2475 4879 ὁ
2526 4828 2585 4881 ἐν
2637 4827 2811 4895 ἁγίοις
2842 4828 3138 4899 Γρηγόριος
3174 4824 3418 4894 Νύσσης,
3447 4828 3600 4879 ἐστὶν
3628 4827 3827 4897 αὖτη,ή

2283 4919 2389 4972 τῶν
2435 4919 2682 4990 ψυχικῶν
2734 4921 3012 4991 δυνάμεων
3045 4923 3110 4991 τῇ
3150 4919 3392 4990 ἁμαρτία
3441 4918 3827 4982 ὑποπεσουσῶν,

2288 5012 2367 5074 εἰς
2400 5012 2535 5083 ὅπερ
2564 5012 2911 5082 ἐκτίσθησαν,
2944 5010 3103 5066 πάλιν
3122 5011 3594 5075 ἀποκατάστασις.
3624 5014 3709 5064 Δεῖ
3742 5008 3829 5077 γὰρ

2289 5102 2478 5172 ὥσπερ
2505 5100 2605 5171 τὴν
2628 5101 2753 5172 ὅλην
2781 5100 2939 5171 φύσιν
2960 5102 3018 5153 ἐν
3050 5103 3114 5172 τῇ
3150 5102 3446 5154 ἀναστάσει
3469 5102 3576 5172 τὴν
3604 5102 3697 5170 τῆς
3724 5116 3830 5170 σαρ-

2283 5190 2377 5255 κὸς
2413 5190 2720 5263 ἀφθαρσίαν
2748 5192 2924 5261 χρόνῳ
2951 5192 3310 5263 ἐλπιζομένην
3343 5191 3662 5246 ἀπολαϐεῖν·
3686 5191 3829 5251 οὕτως

2284 5282 2380 5334 καὶ
2424 5281 2523 5346 τὰς
2578 5282 3034 5355 παρατραπείσας
3093 5284 3193 5354 τῆς
3244 5282 3425 5355 ψυχῆς
3476 5283 3726 5355 δυνάμεις
3774 5282 3828 5350 τῇ

2286 5376 2585 5446 παρατάσει
2617 5376 2727 5429 τῶν
2754 5375 2963 5430 αἰώνων
3006 5373 3298 5429 ἀπολαϐεῖν
3325 5390 3343 5407 ο
3395 5376 3495 5429 καὶ
3549 5379 3831 5447 περάσασαν

2286 5467 2411 5529 τοὺς
2438 5466 2646 5530 πάντας
2679 5466 2901 5533 αἰῶνας,
2926 5468 3021 5523 καὶ
3046 5466 3121 5539 μὴ
3148 5466 3518 5537 εὑρίσκουσαν
3546 5467 3739 5533 στάσιν,
3767 5465 3830 5529 τις

693 5576 738 5610 ³⁷
765 5573 905 5631 Gen.
933 5590 1028 5643 xu,
1055 5575 1108 5632 1.
1180 5577 1229 5612 ’⁸
1256 5574 1278 5632 Ι
1305 5575 1435 5636 Cor.
1466 5589 1547 5646 Ill,
1586 5576 1672 5633 {5.
1749 5578 1797 5611 ”
1834 5574 2033 5646 tom.I,
2053 5592 2106 5647 p.
2139 5577 2158 5633 Ξ

2262 5619 2265 5631 .
2330 5580 2375 5612 ³ο
2401 5578 2521 5649 Lib.
2550 5580 2627 5636 De
2655 5581 2828 5652 opiﬁc.
2860 5582 3026 5647 ham,
3053 5595 3177 5653 cap.
3201 5579 3298 5661 21.

2165 5669 2393 5730 NOTAE.

696 5758 773 5831 (⁸)
808 5760 1138 5829 Dogmatica.

2378 5764 2491 5839 (52)
2522 5771 2581 5827 In
2608 5771 2727 5829 cod.
2762 5772 2893 5849 Reg.
2938 5769 3050 5837 ρλδζ

3718 338 3939 406 1500’
