  <div class='ocr_page' id='page_1' title='image "/cluster/home/n/w/nwhite01/storage/ocr_20150623/99/pst.000005714063/812.png"; bbox 0 0 3964 6320; ppageno 0'>
   <div class='ocr_carea' id='block_1_1' title="bbox 123 332 1709 422">
    <p class='ocr_par' dir='ltr' id='par_1_1' title="bbox 123 332 1709 409">
     <span class='ocr_line' id='line_1_1' title="bbox 123 332 1709 409; baseline 0.008 -13"><span class='ocrx_word' id='word_1_1' title='bbox 123 332 147 396; x_wconf 83' lang='grc'>1</span> <span class='ocrx_word' id='word_1_2' title='bbox 163 332 272 397; x_wconf 85' lang='grc'><strong>501</strong></span> <span class='ocrx_word' id='word_1_3' title='bbox 1321 347 1709 409; x_wconf 82' lang='lat' dir='ltr'><strong>EPISTOLAI</strong></span> 
     </span>
    </p>
   </div>
   <div class='ocr_carea' id='block_1_2' title="bbox 1795 332 3370 422">
    <p class='ocr_par' dir='ltr' id='par_1_2' title="bbox 1796 350 3370 422">
     <span class='ocr_line' id='line_1_2' title="bbox 1796 350 3370 422; baseline 0.006 -11"><span class='ocrx_word' id='word_1_4' title='bbox 1796 351 1854 413; x_wconf 82' lang='lat' dir='ltr'><strong>M</strong></span> <span class='ocrx_word' id='word_1_5' title='bbox 1911 350 2055 411; x_wconf 90' lang='lat' dir='ltr'><strong>LIB.</strong></span> <span class='ocrx_word' id='word_1_6' title='bbox 2102 352 2178 412; x_wconf 84' lang='lat' dir='ltr'><strong>Il.</strong></span> <span class='ocrx_word' id='word_1_7' title='bbox 3236 354 3370 422; x_wconf 81' lang='grc'><strong>1502</strong></span> 
     </span>
    </p>
   </div>
   <div class='ocr_carea' id='block_1_3' title="bbox 111 445 1709 533">
    <p class='ocr_par' dir='ltr' id='par_1_3' title="bbox 111 445 1686 527">
     <span class='ocr_line' id='line_1_3' title="bbox 111 445 1686 527; baseline 0.011 -31"><span class='ocrx_word' id='word_1_8' title='bbox 111 447 215 498; x_wconf 84' lang='grc' dir='ltr'>τὸν</span> <span class='ocrx_word' id='word_1_9' title='bbox 249 445 380 499; x_wconf 83' lang='grc' dir='ltr'>Θεὸν</span> <span class='ocrx_word' id='word_1_10' title='bbox 404 447 574 503; x_wconf 69' lang='grc' dir='ltr'>ἐλθεῖν</span> <span class='ocrx_word' id='word_1_11' title='bbox 598 450 688 504; x_wconf 77' lang='grc' dir='ltr'><strong>τὸν</strong></span> <span class='ocrx_word' id='word_1_12' title='bbox 718 453 793 524; x_wconf 83' lang='grc' dir='ltr'><strong>μὴ</strong></span> <span class='ocrx_word' id='word_1_13' title='bbox 822 453 1010 523; x_wconf 74' lang='grc' dir='ltr'>ἔχοντα</span> <span class='ocrx_word' id='word_1_14' title='bbox 1043 452 1214 527; x_wconf 87' lang='grc' dir='ltr'>πέρας</span> <span class='ocrx_word' id='word_1_15' title='bbox 1235 473 1249 487; x_wconf 95' lang='grc'><strong>·</strong></span> <span class='ocrx_word' id='word_1_16' title='bbox 1310 461 1404 511; x_wconf 70' lang='grc' dir='ltr'>καὶ</span> <span class='ocrx_word' id='word_1_17' title='bbox 1428 457 1600 521; x_wconf 77' lang='grc' dir='ltr'>οὕτως</span> <span class='ocrx_word' id='word_1_18' title='bbox 1623 461 1686 527; x_wconf 85' lang='grc' dir='ltr'><strong>τῇ</strong></span> 
     </span>
    </p>
   </div>
   <div class='ocr_carea' id='block_1_4' title="bbox 1795 445 3368 533">
    <p class='ocr_par' dir='ltr' id='par_1_4' title="bbox 1795 458 3368 533">
     <span class='ocr_line' id='line_1_4' title="bbox 1795 458 3368 533; baseline 0.006 -22"><span class='ocrx_word' id='word_1_19' title='bbox 1795 458 1984 525; x_wconf 90' lang='lat' dir='ltr'><strong>habet;</strong></span> <span class='ocrx_word' id='word_1_20' title='bbox 2022 469 2183 527; x_wconf 88' lang='lat' dir='ltr'><strong>atque</strong></span> <span class='ocrx_word' id='word_1_21' title='bbox 2222 460 2297 514; x_wconf 89' lang='lat' dir='ltr'><strong>ita</strong></span> <span class='ocrx_word' id='word_1_22' title='bbox 2327 474 2422 529; x_wconf 88' lang='lat' dir='ltr'><strong>per</strong></span> <span class='ocrx_word' id='word_1_23' title='bbox 2447 461 2832 530; x_wconf 72' lang='lat' dir='ltr'><strong>cognitionem,</strong></span> <span class='ocrx_word' id='word_1_24' title='bbox 2867 479 2972 519; x_wconf 93' lang='lat' dir='ltr'><strong>non</strong></span> <span class='ocrx_word' id='word_1_25' title='bbox 3014 479 3109 533; x_wconf 90' lang='lat' dir='ltr'><strong>per</strong></span> <span class='ocrx_word' id='word_1_26' title='bbox 3147 467 3368 530; x_wconf 87' lang='lat' dir='ltr'><strong>partici-</strong></span> 
     </span>
    </p>
   </div>
   <div class='ocr_carea' id='block_1_5' title="bbox 116 537 1709 626">
    <p class='ocr_par' dir='ltr' id='par_1_5' title="bbox 116 537 1692 615">
     <span class='ocr_line' id='line_1_5' title="bbox 116 537 1692 615; baseline 0.01 -27"><span class='ocrx_word' id='word_1_27' title='bbox 116 537 442 605; x_wconf 75' lang='grc' dir='ltr'><strong>ἐπιγνώσει,</strong></span> <span class='ocrx_word' id='word_1_28' title='bbox 493 542 554 594; x_wconf 87' lang='grc' dir='ltr'><strong>οὐ</strong></span> <span class='ocrx_word' id='word_1_29' title='bbox 608 546 671 612; x_wconf 90' lang='grc' dir='ltr'><strong>τῇ</strong></span> <span class='ocrx_word' id='word_1_30' title='bbox 727 545 940 612; x_wconf 79' lang='grc' dir='ltr'>μεθέξει</span> <span class='ocrx_word' id='word_1_31' title='bbox 970 547 1076 599; x_wconf 85' lang='grc' dir='ltr'><strong>τῶν</strong></span> <span class='ocrx_word' id='word_1_32' title='bbox 1115 549 1351 615; x_wconf 82' lang='grc' dir='ltr'>ἀγαθῶν,</span> <span class='ocrx_word' id='word_1_33' title='bbox 1402 550 1692 604; x_wconf 78' lang='grc' dir='ltr'>ἀπολαϐεῖν</span> 
     </span>
    </p>
   </div>
   <div class='ocr_carea' id='block_1_6' title="bbox 1795 537 3381 626">
    <p class='ocr_par' dir='ltr' id='par_1_6' title="bbox 1795 549 3381 626">
     <span class='ocr_line' id='line_1_6' title="bbox 1795 549 3381 626; baseline 0.005 -24"><span class='ocrx_word' id='word_1_34' title='bbox 1795 549 2061 617; x_wconf 83' lang='lat' dir='ltr'><strong>pationent</strong></span> <span class='ocrx_word' id='word_1_35' title='bbox 2101 551 2368 606; x_wconf 91' lang='lat' dir='ltr'><strong>bonorum</strong></span> <span class='ocrx_word' id='word_1_36' title='bbox 2392 591 2407 616; x_wconf 94' lang='lat'><strong>,</strong></span> <span class='ocrx_word' id='word_1_37' title='bbox 2433 553 2670 622; x_wconf 80' lang='lat' dir='ltr'><strong>recipere</strong></span> <span class='ocrx_word' id='word_1_38' title='bbox 2727 553 3034 620; x_wconf 78' lang='lat' dir='ltr'><strong>facultates,</strong></span> <span class='ocrx_word' id='word_1_39' title='bbox 3065 565 3119 610; x_wconf 92' lang='lat' dir='ltr'><strong>et</strong></span> <span class='ocrx_word' id='word_1_40' title='bbox 3152 559 3204 610; x_wconf 88' lang='lat' dir='ltr'><strong>in</strong></span> <span class='ocrx_word' id='word_1_41' title='bbox 3241 559 3381 626; x_wconf 62' lang='lat' dir='ltr'><strong>pri-&#39;</strong></span> 
     </span>
    </p>
   </div>
   <div class='ocr_carea' id='block_1_7' title="bbox 117 628 1689 711">
    <p class='ocr_par' dir='ltr' id='par_1_7' title="bbox 117 628 1689 711">
     <span class='ocr_line' id='line_1_7' title="bbox 117 628 1689 711; baseline 0.011 -34"><span class='ocrx_word' id='word_1_42' title='bbox 117 628 224 690; x_wconf 80' lang='grc' dir='ltr'>τὰς</span> <span class='ocrx_word' id='word_1_43' title='bbox 253 628 530 700; x_wconf 83' lang='grc' dir='ltr'>δυνάμεις,</span> <span class='ocrx_word' id='word_1_44' title='bbox 562 634 656 686; x_wconf 75' lang='grc' dir='ltr'><strong>καὶ</strong></span> <span class='ocrx_word' id='word_1_45' title='bbox 684 636 763 697; x_wconf 85' lang='grc' dir='ltr'><strong>είς</strong></span> <span class='ocrx_word' id='word_1_46' title='bbox 787 636 847 688; x_wconf 81' lang='grc' dir='ltr'><strong>τὸ</strong></span> <span class='ocrx_word' id='word_1_47' title='bbox 896 638 1120 708; x_wconf 87' lang='grc' dir='ltr'>ἀρχαῖον</span> <span class='ocrx_word' id='word_1_48' title='bbox 1155 642 1689 711; x_wconf 81' lang='grc' dir='ltr'><strong>ἀποκατασταθῆναι,</strong></span> 
     </span>
    </p>
   </div>
   <div class='ocr_carea' id='block_1_8' title="bbox 120 720 1694 805">
    <p class='ocr_par' dir='ltr' id='par_1_8' title="bbox 120 720 1694 805">
     <span class='ocr_line' id='line_1_8' title="bbox 120 720 1694 805; baseline 0.011 -35"><span class='ocrx_word' id='word_1_49' title='bbox 120 720 223 772; x_wconf 64' lang='grc' dir='ltr'><strong>κοιλ⁵</strong></span> <span class='ocrx_word' id='word_1_50' title='bbox 259 721 334 792; x_wconf 83' lang='grc' dir='ltr'>μὴ</span> <span class='ocrx_word' id='word_1_51' title='bbox 367 723 641 795; x_wconf 85' lang='grc' dir='ltr'>δειχθῆναι</span> <span class='ocrx_word' id='word_1_52' title='bbox 683 727 772 779; x_wconf 80' lang='grc' dir='ltr'><strong>τὸν</strong></span> <span class='ocrx_word' id='word_1_53' title='bbox 800 729 1141 799; x_wconf 85' lang='grc' dir='ltr'>Δημιουργὸν</span> <span class='ocrx_word' id='word_1_54' title='bbox 1170 733 1341 784; x_wconf 79' lang='grc' dir='ltr'>αἴτιον</span> <span class='ocrx_word' id='word_1_55' title='bbox 1371 735 1469 803; x_wconf 85' lang='grc' dir='ltr'><strong>τῆς</strong></span> <span class='ocrx_word' id='word_1_56' title='bbox 1511 735 1694 805; x_wconf 84' lang='grc' dir='ltr'>ἀμαρ-</span> 
     </span>
    </p>
   </div>
   <div class='ocr_carea' id='block_1_9' title="bbox 117 806 271 871">
    <p class='ocr_par' dir='ltr' id='par_1_9' title="bbox 117 806 271 871">
     <span class='ocr_line' id='line_1_9' title="bbox 117 806 271 871; baseline 0.026 -13"><span class='ocrx_word' id='word_1_57' title='bbox 117 806 271 871; x_wconf 80' lang='grc' dir='ltr'>τίας.</span> 
     </span>
    </p>
   </div>
   <div class='ocr_carea' id='block_1_10' title="bbox 194 898 1698 988">
    <p class='ocr_par' dir='ltr' id='par_1_10' title="bbox 194 898 1698 988">
     <span class='ocr_line' id='line_1_10' title="bbox 194 898 1698 988; baseline 0.013 -35"><span class='ocrx_word' id='word_1_58' title='bbox 194 901 369 955; x_wconf 84' lang='grc' dir='ltr'>υύδὲν</span> <span class='ocrx_word' id='word_1_59' title='bbox 381 899 472 957; x_wconf 78' lang='grc' dir='ltr'><strong>οὖν</strong></span> <span class='ocrx_word' id='word_1_60' title='bbox 491 906 576 958; x_wconf 82' lang='grc' dir='ltr'>ἒτε</span> <span class='ocrx_word' id='word_1_61' title='bbox 586 898 672 974; x_wconf 79' lang='grc' dir='ltr'><strong>ρόν</strong></span> <span class='ocrx_word' id='word_1_62' title='bbox 689 910 836 962; x_wconf 80' lang='grc' dir='ltr'>ἐστιν</span> <span class='ocrx_word' id='word_1_63' title='bbox 855 909 1031 981; x_wconf 85' lang='lat' dir='ltr'><strong>[abeSt</strong></span> <span class='ocrx_word' id='word_1_64' title='bbox 1052 914 1102 965; x_wconf 89' lang='lat' dir='ltr'><strong>in</strong></span> <span class='ocrx_word' id='word_1_65' title='bbox 1118 915 1238 969; x_wconf 87' lang='lat' dir='ltr'><strong>cod.</strong></span> <span class='ocrx_word' id='word_1_66' title='bbox 1259 914 1388 984; x_wconf 83' lang='lat' dir='ltr'><strong>Reg.</strong></span> <span class='ocrx_word' id='word_1_67' title='bbox 1407 917 1594 988; x_wconf 74' lang='grc' dir='ltr'>ἕτερόν</span> <span class='ocrx_word' id='word_1_68' title='bbox 1615 921 1698 972; x_wconf 79' lang='grc' dir='ltr'>έσ-</span> 
     </span>
    </p>
   </div>
   <div class='ocr_carea' id='block_1_11' title="bbox 116 992 1698 1080">
    <p class='ocr_par' dir='ltr' id='par_1_11' title="bbox 116 992 1698 1080">
     <span class='ocr_line' id='line_1_11' title="bbox 116 992 1698 1080; baseline 0.013 -37"><span class='ocrx_word' id='word_1_69' title='bbox 116 992 234 1064; x_wconf 88' lang='grc' dir='ltr'>τιν]</span> <span class='ocrx_word' id='word_1_70' title='bbox 253 994 287 1063; x_wconf 87' lang='grc' dir='ltr'><strong>ή</strong></span> <span class='ocrx_word' id='word_1_71' title='bbox 302 997 453 1066; x_wconf 80' lang='grc' dir='ltr'><strong>τρίτη</strong></span> <span class='ocrx_word' id='word_1_72' title='bbox 470 998 910 1066; x_wconf 80' lang='grc' dir='ltr'>ἀποκατάστασις</span> <span class='ocrx_word' id='word_1_73' title='bbox 932 1019 947 1034; x_wconf 90' lang='grc'><strong>·</strong></span> <span class='ocrx_word' id='word_1_74' title='bbox 969 1007 1218 1077; x_wconf 77' lang='grc' dir='ltr'>περὶγὰρ</span> <span class='ocrx_word' id='word_1_75' title='bbox 1239 1009 1348 1060; x_wconf 79' lang='grc' dir='ltr'>τοῖν</span> <span class='ocrx_word' id='word_1_76' title='bbox 1365 1009 1507 1061; x_wconf 86' lang='grc' dir='ltr'>δυοῖν</span> <span class='ocrx_word' id='word_1_77' title='bbox 1522 1012 1624 1064; x_wconf 87' lang='grc' dir='ltr'><strong>ἀνα</strong></span> <span class='ocrx_word' id='word_1_78' title='bbox 1634 1030 1698 1080; x_wconf 91' lang='grc' dir='ltr'>μ-</span> 
     </span>
    </p>
   </div>
   <div class='ocr_carea' id='block_1_12' title="bbox 118 1085 1696 1170">
    <p class='ocr_par' dir='ltr' id='par_1_12' title="bbox 118 1085 1696 1170">
     <span class='ocr_line' id='line_1_12' title="bbox 118 1085 1696 1170; baseline 0.012 -34"><span class='ocrx_word' id='word_1_79' title='bbox 118 1085 402 1153; x_wconf 85' lang='grc' dir='ltr'>φίλεκτον·</span> <span class='ocrx_word' id='word_1_80' title='bbox 424 1087 454 1158; x_wconf 81' lang='grc' dir='ltr'>ἢ</span> <span class='ocrx_word' id='word_1_81' title='bbox 480 1089 613 1160; x_wconf 83' lang='grc' dir='ltr'>ὅπερ</span> <span class='ocrx_word' id='word_1_82' title='bbox 639 1091 1052 1164; x_wconf 85' lang='grc' dir='ltr'>δεδογμάτισται</span> <span class='ocrx_word' id='word_1_83' title='bbox 1069 1097 1145 1166; x_wconf 81' lang='grc' dir='ltr'>τῷ</span> <span class='ocrx_word' id='word_1_84' title='bbox 1177 1097 1500 1170; x_wconf 82' lang='grc' dir='ltr'>Ἀποστόλῳ,</span> <span class='ocrx_word' id='word_1_85' title='bbox 1522 1102 1616 1154; x_wconf 90' lang='grc' dir='ltr'><strong>τοῦ</strong></span> <span class='ocrx_word' id='word_1_86' title='bbox 1637 1103 1696 1154; x_wconf 88' lang='grc' dir='ltr'><strong>τὸ</strong></span> 
     </span>
    </p>
   </div>
   <div class='ocr_carea' id='block_1_13' title="bbox 119 1179 1695 1264">
    <p class='ocr_par' dir='ltr' id='par_1_13' title="bbox 119 1179 1695 1264">
     <span class='ocr_line' id='line_1_13' title="bbox 119 1179 1695 1264; baseline 0.013 -37"><span class='ocrx_word' id='word_1_87' title='bbox 119 1179 501 1247; x_wconf 82' lang='grc' dir='ltr'>ἁμαρτητικὸν</span> <span class='ocrx_word' id='word_1_88' title='bbox 532 1181 691 1249; x_wconf 79' lang='grc' dir='ltr'>ἔργον</span> <span class='ocrx_word' id='word_1_89' title='bbox 738 1188 1098 1257; x_wconf 86' lang='grc' dir='ltr'>κατακαῆναι.</span> <span class='ocrx_word' id='word_1_90' title='bbox 1133 1192 1224 1243; x_wconf 75' lang='grc' dir='ltr'><strong>καὶ</strong></span> <span class='ocrx_word' id='word_1_91' title='bbox 1254 1192 1345 1244; x_wconf 82' lang='grc' dir='ltr'><strong>τὸν</strong></span> <span class='ocrx_word' id='word_1_92' title='bbox 1376 1195 1695 1264; x_wconf 84' lang='grc' dir='ltr'>πεπραχότα</span> 
     </span>
    </p>
   </div>
   <div class='ocr_carea' id='block_1_14' title="bbox 119 1268 1697 1358">
    <p class='ocr_par' dir='ltr' id='par_1_14' title="bbox 119 1268 1697 1358">
     <span class='ocr_line' id='line_1_14' title="bbox 119 1268 1697 1358; baseline 0.015 -40"><span class='ocrx_word' id='word_1_93' title='bbox 119 1268 369 1336; x_wconf 84' lang='grc' dir='ltr'>σωθῆναι</span> <span class='ocrx_word' id='word_1_94' title='bbox 416 1272 823 1329; x_wconf 83' lang='grc' dir='ltr'>ἀκατάκαυστον</span> <span class='ocrx_word' id='word_1_95' title='bbox 855 1294 869 1308; x_wconf 90' lang='grc'><strong>·</strong></span> <span class='ocrx_word' id='word_1_96' title='bbox 902 1278 1072 1343; x_wconf 74' lang='grc' dir='ltr'>οὕτως</span> <span class='ocrx_word' id='word_1_97' title='bbox 1099 1283 1154 1334; x_wconf 83' lang='grc' dir='ltr'>δὲ</span> <span class='ocrx_word' id='word_1_98' title='bbox 1184 1284 1258 1346; x_wconf 86' lang='grc' dir='ltr'><strong>ὡς</strong></span> <span class='ocrx_word' id='word_1_99' title='bbox 1307 1290 1365 1338; x_wconf 75' lang='grc' dir='ltr'>οὺ</span> <span class='ocrx_word' id='word_1_100' title='bbox 1399 1287 1697 1358; x_wconf 82' lang='grc' dir='ltr'>μετέχοντα</span> 
     </span>
    </p>
   </div>
   <div class='ocr_carea' id='block_1_15' title="bbox 116 1358 1696 1447">
    <p class='ocr_par' dir='ltr' id='par_1_15' title="bbox 116 1358 1696 1447">
     <span class='ocr_line' id='line_1_15' title="bbox 116 1358 1696 1447; baseline 0.015 -38"><span class='ocrx_word' id='word_1_101' title='bbox 116 1358 233 1410; x_wconf 83' lang='grc' dir='ltr'>τῶν</span> <span class='ocrx_word' id='word_1_102' title='bbox 262 1360 502 1428; x_wconf 84' lang='grc' dir='ltr'>ἀγαθῶν,</span> <span class='ocrx_word' id='word_1_103' title='bbox 536 1364 650 1417; x_wconf 86' lang='grc' dir='ltr'>ἀλλ’</span> <span class='ocrx_word' id='word_1_104' title='bbox 675 1367 1102 1436; x_wconf 80' lang='grc' dir='ltr'>ὲπιγινώσκοντα</span> <span class='ocrx_word' id='word_1_105' title='bbox 1158 1374 1258 1442; x_wconf 78' lang='grc' dir='ltr'>τὴν</span> <span class='ocrx_word' id='word_1_106' title='bbox 1309 1375 1568 1446; x_wconf 82' lang='grc' dir='ltr'>στέρησιν</span> <span class='ocrx_word' id='word_1_107' title='bbox 1595 1379 1696 1447; x_wconf 83' lang='grc' dir='ltr'>τῆς</span> 
     </span>
    </p>
   </div>
   <div class='ocr_carea' id='block_1_16' title="bbox 122 1450 1696 1540">
    <p class='ocr_par' dir='ltr' id='par_1_16' title="bbox 122 1450 1696 1540">
     <span class='ocr_line' id='line_1_16' title="bbox 122 1450 1696 1540; baseline 0.015 -39"><span class='ocrx_word' id='word_1_108' title='bbox 122 1450 423 1519; x_wconf 79' lang='grc' dir='ltr'>μεθέξεως.</span> <span class='ocrx_word' id='word_1_109' title='bbox 449 1457 558 1508; x_wconf 73' lang='grc' dir='ltr'>Καὶ</span> <span class='ocrx_word' id='word_1_110' title='bbox 591 1458 735 1526; x_wconf 86' lang='grc' dir='ltr'>μάλα</span> <span class='ocrx_word' id='word_1_111' title='bbox 762 1462 984 1525; x_wconf 82' lang='grc' dir='ltr'>είκότως</span> <span class='ocrx_word' id='word_1_112' title='bbox 1009 1466 1223 1537; x_wconf 77' lang='grc' dir='ltr'>εἴρηται</span> <span class='ocrx_word' id='word_1_113' title='bbox 1265 1468 1340 1536; x_wconf 84' lang='grc' dir='ltr'><strong>τῷ</strong></span> <span class='ocrx_word' id='word_1_114' title='bbox 1367 1470 1540 1540; x_wconf 87' lang='grc' dir='ltr'>Πατρί</span> <span class='ocrx_word' id='word_1_115' title='bbox 1559 1487 1572 1501; x_wconf 92' lang='grc'><strong>·</strong></span> <span class='ocrx_word' id='word_1_116' title='bbox 1601 1471 1696 1524; x_wconf 73' lang='grc' dir='ltr'><strong>καὶ</strong></span> 
     </span>
    </p>
   </div>
   <div class='ocr_carea' id='block_1_17' title="bbox 123 1543 1694 1632">
    <p class='ocr_par' dir='ltr' id='par_1_17' title="bbox 123 1543 1694 1632">
     <span class='ocr_line' id='line_1_17' title="bbox 123 1543 1694 1632; baseline 0.016 -41"><span class='ocrx_word' id='word_1_117' title='bbox 123 1543 199 1612; x_wconf 79' lang='grc' dir='ltr'>μὴ</span> <span class='ocrx_word' id='word_1_118' title='bbox 249 1543 529 1613; x_wconf 77' lang='grc' dir='ltr'>δειχθῆναι</span> <span class='ocrx_word' id='word_1_119' title='bbox 563 1549 652 1602; x_wconf 85' lang='grc' dir='ltr'><strong>τὸν</strong></span> <span class='ocrx_word' id='word_1_120' title='bbox 684 1555 1024 1624; x_wconf 83' lang='grc' dir='ltr'>Δημιουργὸν</span> <span class='ocrx_word' id='word_1_121' title='bbox 1067 1556 1236 1609; x_wconf 82' lang='grc' dir='ltr'>αίτιον</span> <span class='ocrx_word' id='word_1_122' title='bbox 1264 1559 1364 1628; x_wconf 86' lang='grc' dir='ltr'>τῆς</span> <span class='ocrx_word' id='word_1_123' title='bbox 1397 1561 1694 1632; x_wconf 77' lang='grc' dir='ltr'>ἁμαρτίας.</span> 
     </span>
    </p>
   </div>
   <div class='ocr_carea' id='block_1_18' title="bbox 123 1635 1693 1721">
    <p class='ocr_par' dir='ltr' id='par_1_18' title="bbox 123 1635 1693 1721">
     <span class='ocr_line' id='line_1_18' title="bbox 123 1635 1693 1721; baseline 0.013 -36"><span class='ocrx_word' id='word_1_124' title='bbox 123 1636 192 1686; x_wconf 89' lang='grc' dir='ltr'><strong>Ὃ</strong></span> <span class='ocrx_word' id='word_1_125' title='bbox 227 1635 332 1706; x_wconf 85' lang='grc' dir='ltr'><strong>μὲν</strong></span> <span class='ocrx_word' id='word_1_126' title='bbox 364 1640 472 1707; x_wconf 82' lang='grc' dir='ltr'>γὰρ</span> <span class='ocrx_word' id='word_1_127' title='bbox 519 1643 669 1711; x_wconf 89' lang='grc' dir='ltr'><strong>παρά</strong></span> <span class='ocrx_word' id='word_1_128' title='bbox 701 1644 854 1708; x_wconf 83' lang='grc' dir='ltr'>Θεοῦ,</span> <span class='ocrx_word' id='word_1_129' title='bbox 901 1647 1065 1715; x_wconf 74' lang='grc' dir='ltr'>ἧγουν</span> <span class='ocrx_word' id='word_1_130' title='bbox 1097 1649 1128 1718; x_wconf 82' lang='grc' dir='ltr'>ἡ</span> <span class='ocrx_word' id='word_1_131' title='bbox 1173 1649 1292 1702; x_wconf 84' lang='grc' dir='ltr'>καθ’</span> <span class='ocrx_word' id='word_1_132' title='bbox 1319 1653 1464 1720; x_wconf 83' lang='grc' dir='ltr'>ἡμᾶς</span> <span class='ocrx_word' id='word_1_133' title='bbox 1510 1653 1693 1721; x_wconf 80' lang='grc' dir='ltr'>φύσις,</span> 
     </span>
    </p>
   </div>
   <div class='ocr_carea' id='block_1_19' title="bbox 114 1721 1695 1812">
    <p class='ocr_par' dir='ltr' id='par_1_19' title="bbox 114 1721 1695 1812">
     <span class='ocr_line' id='line_1_19' title="bbox 114 1721 1695 1812; baseline 0.013 -38"><span class='ocrx_word' id='word_1_134' title='bbox 114 1721 196 1785; x_wconf 78' lang='grc' dir='ltr'><strong>ὡς</strong></span> <span class='ocrx_word' id='word_1_135' title='bbox 252 1723 320 1776; x_wconf 77' lang='grc' dir='ltr'>ὲκ</span> <span class='ocrx_word' id='word_1_136' title='bbox 372 1727 466 1778; x_wconf 83' lang='grc' dir='ltr'><strong>τοῦ</strong></span> <span class='ocrx_word' id='word_1_137' title='bbox 519 1729 668 1793; x_wconf 79' lang='grc' dir='ltr'>ὀντος</span> <span class='ocrx_word' id='word_1_138' title='bbox 722 1735 1083 1803; x_wconf 84' lang='grc' dir='ltr'>παραχθείσα,</span> <span class='ocrx_word' id='word_1_139' title='bbox 1130 1739 1398 1802; x_wconf 74' lang='grc' dir='ltr'>ἀνάλωτος</span> <span class='ocrx_word' id='word_1_140' title='bbox 1449 1740 1525 1810; x_wconf 83' lang='grc' dir='ltr'><strong>τῷ</strong></span> <span class='ocrx_word' id='word_1_141' title='bbox 1562 1745 1695 1812; x_wconf 75' lang='grc' dir='ltr'>πυρὶ</span> 
     </span>
    </p>
   </div>
   <div class='ocr_carea' id='block_1_20' title="bbox 118 1816 1691 1905">
    <p class='ocr_par' dir='ltr' id='par_1_20' title="bbox 118 1816 1691 1905">
     <span class='ocr_line' id='line_1_20' title="bbox 118 1816 1691 1905; baseline 0.014 -39"><span class='ocrx_word' id='word_1_142' title='bbox 118 1816 342 1886; x_wconf 74' lang='grc' dir='ltr'>ἐκείνῳ.</span> <span class='ocrx_word' id='word_1_143' title='bbox 382 1821 446 1872; x_wconf 90' lang='grc' dir='ltr'><strong>Ὃ</strong></span> <span class='ocrx_word' id='word_1_144' title='bbox 476 1822 530 1872; x_wconf 72' lang='grc' dir='ltr'>δὲ</span> <span class='ocrx_word' id='word_1_145' title='bbox 563 1823 660 1874; x_wconf 88' lang='grc' dir='ltr'><strong>οὐκ</strong></span> <span class='ocrx_word' id='word_1_146' title='bbox 686 1827 749 1877; x_wconf 75' lang='grc' dir='ltr'>ἐκ</span> <span class='ocrx_word' id='word_1_147' title='bbox 773 1826 927 1892; x_wconf 88' lang='grc' dir='ltr'>Θεοῦ,</span> <span class='ocrx_word' id='word_1_148' title='bbox 966 1831 1082 1897; x_wconf 78' lang='grc' dir='ltr'>ἦτοι</span> <span class='ocrx_word' id='word_1_149' title='bbox 1113 1831 1146 1900; x_wconf 81' lang='grc' dir='ltr'>ἡ</span> <span class='ocrx_word' id='word_1_150' title='bbox 1177 1832 1440 1900; x_wconf 82' lang='grc' dir='ltr'>ἁμαρτία,</span> <span class='ocrx_word' id='word_1_151' title='bbox 1467 1834 1600 1887; x_wconf 85' lang='grc' dir='ltr'><strong>ἀλλά</strong></span> <span class='ocrx_word' id='word_1_152' title='bbox 1626 1839 1691 1905; x_wconf 89' lang='grc' dir='ltr'><strong>τῇ</strong></span> 
     </span>
    </p>
   </div>
   <div class='ocr_carea' id='block_1_21' title="bbox 116 1906 1696 1990">
    <p class='ocr_par' dir='ltr' id='par_1_21' title="bbox 116 1906 1696 1990">
     <span class='ocr_line' id='line_1_21' title="bbox 116 1906 1696 1990; baseline 0.012 -32"><span class='ocrx_word' id='word_1_153' title='bbox 116 1906 215 1959; x_wconf 87' lang='grc' dir='ltr'><strong>τοῦ</strong></span> <span class='ocrx_word' id='word_1_154' title='bbox 264 1909 572 1980; x_wconf 72' lang='grc' dir='ltr'>πράξαντος</span> <span class='ocrx_word' id='word_1_155' title='bbox 597 1913 1056 1989; x_wconf 77' lang='grc' dir='ltr'>δημιουργηθεῖσα</span> <span class='ocrx_word' id='word_1_156' title='bbox 1091 1923 1423 1990; x_wconf 85' lang='grc' dir='ltr'>προαιρέσει·</span> <span class='ocrx_word' id='word_1_157' title='bbox 1443 1925 1519 1987; x_wconf 88' lang='grc' dir='ltr'>ὼς</span> <span class='ocrx_word' id='word_1_158' title='bbox 1549 1923 1610 1976; x_wconf 76' lang='grc' dir='ltr'><strong>οὗ</strong></span> <span class='ocrx_word' id='word_1_159' title='bbox 1643 1943 1696 1979; x_wconf 87' lang='grc' dir='ltr'><strong>τι</strong></span> 
     </span>
    </p>
   </div>
   <div class='ocr_carea' id='block_1_22' title="bbox 116 1998 1692 2085">
    <p class='ocr_par' dir='ltr' id='par_1_22' title="bbox 116 1998 1692 2085">
     <span class='ocr_line' id='line_1_22' title="bbox 116 1998 1692 2085; baseline 0.012 -36"><span class='ocrx_word' id='word_1_160' title='bbox 116 1998 229 2050; x_wconf 87' lang='grc' dir='ltr'><strong>τῶν</strong></span> <span class='ocrx_word' id='word_1_161' title='bbox 291 2001 462 2054; x_wconf 68' lang='grc' dir='ltr'>ὄντων</span> <span class='ocrx_word' id='word_1_162' title='bbox 519 2000 672 2071; x_wconf 79' lang='grc' dir='ltr'>οὖσα,</span> <span class='ocrx_word' id='word_1_163' title='bbox 732 2009 866 2062; x_wconf 89' lang='grc' dir='ltr'><strong>ἀλλά</strong></span> <span class='ocrx_word' id='word_1_164' title='bbox 932 2013 1337 2081; x_wconf 82' lang='grc' dir='ltr'>παρυφιστᾶσα,</span> <span class='ocrx_word' id='word_1_165' title='bbox 1397 2015 1692 2085; x_wconf 72' lang='grc' dir='ltr'>οἰχήσεται,</span> 
     </span>
    </p>
   </div>
   <div class='ocr_carea' id='block_1_23' title="bbox 118 2092 1694 2178">
    <p class='ocr_par' dir='ltr' id='par_1_23' title="bbox 118 2092 1694 2178">
     <span class='ocr_line' id='line_1_23' title="bbox 118 2092 1694 2178; baseline 0.012 -37"><span class='ocrx_word' id='word_1_166' title='bbox 118 2092 507 2157; x_wconf 86' lang='grc' dir='ltr'>ἀκατάτακτος</span> <span class='ocrx_word' id='word_1_167' title='bbox 549 2093 685 2152; x_wconf 78' lang='grc' dir='ltr'>οὖσα</span> <span class='ocrx_word' id='word_1_168' title='bbox 712 2103 824 2162; x_wconf 87' lang='grc' dir='ltr'>τοῖς</span> <span class='ocrx_word' id='word_1_169' title='bbox 853 2098 1020 2154; x_wconf 82' lang='grc' dir='ltr'>οὖσιν.</span> <span class='ocrx_word' id='word_1_170' title='bbox 1067 2102 1250 2165; x_wconf 80' lang='grc' dir='ltr'>Οὕτως</span> <span class='ocrx_word' id='word_1_171' title='bbox 1275 2103 1387 2169; x_wconf 84' lang='grc' dir='ltr'>οῦν,</span> <span class='ocrx_word' id='word_1_172' title='bbox 1422 2109 1524 2159; x_wconf 84' lang='grc' dir='ltr'><strong>κᾶν</strong></span> <span class='ocrx_word' id='word_1_173' title='bbox 1559 2110 1694 2178; x_wconf 85' lang='grc' dir='ltr'>μήτε</span> 
     </span>
    </p>
   </div>
   <div class='ocr_carea' id='block_1_24' title="bbox 117 2180 1695 2264">
    <p class='ocr_par' dir='ltr' id='par_1_24' title="bbox 117 2180 1695 2264">
     <span class='ocr_line' id='line_1_24' title="bbox 117 2180 1695 2264; baseline 0.01 -34"><span class='ocrx_word' id='word_1_174' title='bbox 117 2180 428 2251; x_wconf 85' lang='grc' dir='ltr'>Γρηγόριος</span> <span class='ocrx_word' id='word_1_175' title='bbox 478 2186 506 2236; x_wconf 91' lang='lat'><strong>6</strong></span> <span class='ocrx_word' id='word_1_176' title='bbox 543 2185 846 2253; x_wconf 83' lang='grc' dir='ltr'>Νυσσαεὺς,</span> <span class='ocrx_word' id='word_1_177' title='bbox 873 2188 975 2240; x_wconf 87' lang='grc' dir='ltr'><strong>κᾶν</strong></span> <span class='ocrx_word' id='word_1_178' title='bbox 1006 2189 1144 2256; x_wconf 89' lang='grc' dir='ltr'>μήτε</span> <span class='ocrx_word' id='word_1_179' title='bbox 1173 2188 1421 2260; x_wconf 79' lang='grc' dir='ltr'><strong>Μάξιμος</strong></span> <span class='ocrx_word' id='word_1_180' title='bbox 1449 2193 1477 2244; x_wconf 97' lang='lat'><strong>6</strong></span> <span class='ocrx_word' id='word_1_181' title='bbox 1508 2192 1695 2264; x_wconf 80' lang='grc' dir='ltr'>Πατὴρ</span> 
     </span>
    </p>
   </div>
   <div class='ocr_carea' id='block_1_25' title="bbox 118 2270 1695 2352">
    <p class='ocr_par' dir='ltr' id='par_1_25' title="bbox 118 2270 1695 2352">
     <span class='ocr_line' id='line_1_25' title="bbox 118 2270 1695 2352; baseline 0.01 -30"><span class='ocrx_word' id='word_1_182' title='bbox 118 2270 268 2338; x_wconf 84' lang='grc' dir='ltr'>λέγοι</span> <span class='ocrx_word' id='word_1_183' title='bbox 301 2289 316 2302; x_wconf 96' lang='grc'><strong>·</strong></span> <span class='ocrx_word' id='word_1_184' title='bbox 347 2274 484 2326; x_wconf 89' lang='grc' dir='ltr'>ἀλλά</span> <span class='ocrx_word' id='word_1_185' title='bbox 528 2292 591 2342; x_wconf 90' lang='grc' dir='ltr'><strong>γε</strong></span> <span class='ocrx_word' id='word_1_186' title='bbox 629 2277 656 2328; x_wconf 89' lang='lat'><strong>6</strong></span> <span class='ocrx_word' id='word_1_187' title='bbox 689 2279 860 2346; x_wconf 83' lang='grc' dir='ltr'>μέγας</span> <span class='ocrx_word' id='word_1_188' title='bbox 913 2279 1230 2344; x_wconf 78' lang='grc' dir='ltr'>Ἀπόστολος</span> <span class='ocrx_word' id='word_1_189' title='bbox 1257 2284 1554 2352; x_wconf 88' lang='grc' dir='ltr'>ἀπέφησεν,</span> <span class='ocrx_word' id='word_1_190' title='bbox 1613 2286 1695 2338; x_wconf 84' lang='grc' dir='ltr'>ὅτι</span> 
     </span>
    </p>
   </div>
   <div class='ocr_carea' id='block_1_26' title="bbox 115 2362 1694 2444">
    <p class='ocr_par' dir='ltr' id='par_1_26' title="bbox 115 2362 1694 2444">
     <span class='ocr_line' id='line_1_26' title="bbox 115 2362 1694 2444; baseline 0.009 -30"><span class='ocrx_word' id='word_1_191' title='bbox 115 2362 352 2433; x_wconf 77' lang='grc' dir='ltr'>ἀμειψις</span> <span class='ocrx_word' id='word_1_192' title='bbox 381 2365 638 2436; x_wconf 76' lang='grc' dir='ltr'>διάπυρος</span> <span class='ocrx_word' id='word_1_193' title='bbox 685 2368 767 2437; x_wconf 80' lang='grc' dir='ltr'>εἴη</span> <span class='ocrx_word' id='word_1_194' title='bbox 819 2369 914 2437; x_wconf 79' lang='grc' dir='ltr'>τῆς</span> <span class='ocrx_word' id='word_1_195' title='bbox 950 2370 1224 2442; x_wconf 80' lang='grc' dir='ltr'>ἁμαρτίας</span> <span class='ocrx_word' id='word_1_196' title='bbox 1246 2390 1260 2406; x_wconf 78' lang='grc' dir='ltr'><strong><em>ο</em></strong></span> <span class='ocrx_word' id='word_1_197' title='bbox 1309 2376 1340 2444; x_wconf 81' lang='grc' dir='ltr'>ἡ</span> <span class='ocrx_word' id='word_1_198' title='bbox 1371 2374 1428 2426; x_wconf 82' lang='grc' dir='ltr'>δὲ</span> <span class='ocrx_word' id='word_1_199' title='bbox 1459 2375 1694 2444; x_wconf 75' lang='grc' dir='ltr'>ἔμφασίς</span> 
     </span>
    </p>
   </div>
   <div class='ocr_carea' id='block_1_27' title="bbox 118 2456 1691 2538">
    <p class='ocr_par' dir='ltr' id='par_1_27' title="bbox 118 2456 1691 2538">
     <span class='ocr_line' id='line_1_27' title="bbox 118 2456 1691 2538; baseline 0.01 -32"><span class='ocrx_word' id='word_1_200' title='bbox 118 2456 270 2508; x_wconf 79' lang='grc' dir='ltr'>ἐστιν</span> <span class='ocrx_word' id='word_1_201' title='bbox 321 2458 838 2524; x_wconf 85' lang='grc' dir='ltr'>ἀποκαταστάσεως,</span> <span class='ocrx_word' id='word_1_202' title='bbox 871 2462 947 2525; x_wconf 88' lang='grc' dir='ltr'>ὡς</span> <span class='ocrx_word' id='word_1_203' title='bbox 977 2464 1188 2534; x_wconf 71' lang='grc' dir='ltr'>εἴρηται</span> <span class='ocrx_word' id='word_1_204' title='bbox 1234 2465 1311 2536; x_wconf 85' lang='grc' dir='ltr'>τῷ</span> <span class='ocrx_word' id='word_1_205' title='bbox 1343 2469 1540 2538; x_wconf 65' lang='lat' dir='ltr'><strong>[Ia-cpi,</strong></span> <span class='ocrx_word' id='word_1_206' title='bbox 1588 2471 1691 2522; x_wconf 78' lang='grc' dir='ltr'><strong>οὐκ</strong></span> 
     </span>
    </p>
   </div>
   <div class='ocr_carea' id='block_1_28' title="bbox 130 2547 1694 2628">
    <p class='ocr_par' dir='ltr' id='par_1_28' title="bbox 130 2547 1694 2628">
     <span class='ocr_line' id='line_1_28' title="bbox 130 2547 1694 2628; baseline 0.01 -30"><span class='ocrx_word' id='word_1_207' title='bbox 130 2547 571 2621; x_wconf 82' lang='grc' dir='ltr'>Ὦριγενιαστική</span> <span class='ocrx_word' id='word_1_208' title='bbox 600 2566 611 2578; x_wconf 88' lang='grc'><strong>·</strong></span> <span class='ocrx_word' id='word_1_209' title='bbox 642 2553 823 2620; x_wconf 83' lang='grc' dir='ltr'>ἄπαγε</span> <span class='ocrx_word' id='word_1_210' title='bbox 853 2571 867 2585; x_wconf 92' lang='grc'><strong>·</strong></span> <span class='ocrx_word' id='word_1_211' title='bbox 892 2555 1115 2626; x_wconf 83' lang='grc' dir='ltr'>οὐδεμία</span> <span class='ocrx_word' id='word_1_212' title='bbox 1136 2559 1244 2628; x_wconf 83' lang='grc' dir='ltr'><strong>γὰρ</strong></span> <span class='ocrx_word' id='word_1_213' title='bbox 1269 2561 1518 2612; x_wconf 85' lang='grc' dir='ltr'>κοινωνία</span> <span class='ocrx_word' id='word_1_214' title='bbox 1555 2563 1694 2628; x_wconf 74' lang='grc' dir='ltr'>φωτὶ</span> 
     </span>
    </p>
   </div>
   <div class='ocr_carea' id='block_1_29' title="bbox 119 2641 1690 2724">
    <p class='ocr_par' dir='ltr' id='par_1_29' title="bbox 119 2641 1690 2724">
     <span class='ocr_line' id='line_1_29' title="bbox 119 2641 1690 2724; baseline 0.011 -35"><span class='ocrx_word' id='word_1_215' title='bbox 119 2641 260 2710; x_wconf 75' lang='grc' dir='ltr'>πρὸς</span> <span class='ocrx_word' id='word_1_216' title='bbox 292 2644 486 2706; x_wconf 87' lang='grc' dir='ltr'>σκότος</span> <span class='ocrx_word' id='word_1_217' title='bbox 517 2660 531 2674; x_wconf 94' lang='grc'><strong>·</strong></span> <span class='ocrx_word' id='word_1_218' title='bbox 579 2644 700 2698; x_wconf 78' lang='grc' dir='ltr'>οὐδὲ</span> <span class='ocrx_word' id='word_1_219' title='bbox 755 2647 1112 2720; x_wconf 84' lang='grc' dir='ltr'>συμφώνησις</span> <span class='ocrx_word' id='word_1_220' title='bbox 1143 2652 1318 2716; x_wconf 81' lang='grc' dir='ltr'>ἁγίοις</span> <span class='ocrx_word' id='word_1_221' title='bbox 1363 2654 1499 2721; x_wconf 87' lang='grc' dir='ltr'>πρὸς</span> <span class='ocrx_word' id='word_1_222' title='bbox 1527 2656 1690 2724; x_wconf 78' lang='grc' dir='ltr'>αἰρε-</span> 
     </span>
    </p>
   </div>
   <div class='ocr_carea' id='block_1_30' title="bbox 117 2733 1693 2812">
    <p class='ocr_par' dir='ltr' id='par_1_30' title="bbox 117 2733 1693 2812">
     <span class='ocr_line' id='line_1_30' title="bbox 117 2733 1693 2812; baseline 0.011 -30"><span class='ocrx_word' id='word_1_223' title='bbox 117 2733 353 2802; x_wconf 85' lang='grc' dir='ltr'>σιάρχας</span> <span class='ocrx_word' id='word_1_224' title='bbox 382 2751 396 2765; x_wconf 94' lang='grc'><strong>·</strong></span> <span class='ocrx_word' id='word_1_225' title='bbox 448 2735 584 2805; x_wconf 82' lang='grc' dir='ltr'>πρὸς</span> <span class='ocrx_word' id='word_1_226' title='bbox 630 2737 722 2801; x_wconf 87' lang='grc' dir='ltr'><strong>οὒς</strong></span> <span class='ocrx_word' id='word_1_227' title='bbox 775 2741 1260 2812; x_wconf 79' lang='grc' dir='ltr'>σφετεριζομένους</span> <span class='ocrx_word' id='word_1_228' title='bbox 1313 2743 1381 2797; x_wconf 85' lang='grc' dir='ltr'><strong>τὰ</strong></span> <span class='ocrx_word' id='word_1_229' title='bbox 1427 2746 1519 2798; x_wconf 83' lang='grc' dir='ltr'><strong>τοῦ</strong></span> <span class='ocrx_word' id='word_1_230' title='bbox 1553 2747 1693 2799; x_wconf 89' lang='grc' dir='ltr'>θειο-</span> 
     </span>
    </p>
   </div>
   <div class='ocr_carea' id='block_1_31' title="bbox 116 2821 1691 2906">
    <p class='ocr_par' dir='ltr' id='par_1_31' title="bbox 116 2821 1691 2906">
     <span class='ocr_line' id='line_1_31' title="bbox 116 2821 1691 2906; baseline 0.013 -36"><span class='ocrx_word' id='word_1_231' title='bbox 116 2821 281 2875; x_wconf 83' lang='grc' dir='ltr'>τάτου</span> <span class='ocrx_word' id='word_1_232' title='bbox 341 2824 383 2874; x_wconf 93' lang='grc' dir='ltr'><strong>Γ</strong></span> <span class='ocrx_word' id='word_1_233' title='bbox 387 2830 645 2896; x_wconf 85' lang='grc' dir='ltr'>ρηγορίου</span> <span class='ocrx_word' id='word_1_234' title='bbox 711 2829 829 2900; x_wconf 77' lang='grc' dir='ltr'>ἱερά</span> <span class='ocrx_word' id='word_1_235' title='bbox 885 2831 1148 2900; x_wconf 79' lang='grc' dir='ltr'>δόγματα,</span> <span class='ocrx_word' id='word_1_236' title='bbox 1210 2835 1346 2902; x_wconf 78' lang='grc' dir='ltr'>πρὸς</span> <span class='ocrx_word' id='word_1_237' title='bbox 1399 2837 1497 2906; x_wconf 85' lang='grc' dir='ltr'><strong>τὴν</strong></span> <span class='ocrx_word' id='word_1_238' title='bbox 1544 2839 1691 2905; x_wconf 83' lang='grc' dir='ltr'>σφῶν</span> 
     </span>
    </p>
   </div>
   <div class='ocr_carea' id='block_1_32' title="bbox 118 2914 1688 2999">
    <p class='ocr_par' dir='ltr' id='par_1_32' title="bbox 118 2914 1688 2999">
     <span class='ocr_line' id='line_1_32' title="bbox 118 2914 1688 2999; baseline 0.012 -36"><span class='ocrx_word' id='word_1_239' title='bbox 118 2914 435 2978; x_wconf 87' lang='grc' dir='ltr'>κακόνοιαν,</span> <span class='ocrx_word' id='word_1_240' title='bbox 490 2920 585 2970; x_wconf 75' lang='grc' dir='ltr'>καὶ</span> <span class='ocrx_word' id='word_1_241' title='bbox 637 2921 669 2990; x_wconf 80' lang='grc' dir='ltr'><strong>ἠ</strong></span> <span class='ocrx_word' id='word_1_242' title='bbox 717 2922 1002 2986; x_wconf 86' lang='grc' dir='ltr'>ἀνόθευτος</span> <span class='ocrx_word' id='word_1_243' title='bbox 1058 2927 1150 2976; x_wconf 79' lang='grc' dir='ltr'><strong>καὶ</strong></span> <span class='ocrx_word' id='word_1_244' title='bbox 1203 2927 1230 2977; x_wconf 91' lang='lat'><strong>6</strong></span> <span class='ocrx_word' id='word_1_245' title='bbox 1279 2927 1688 2999; x_wconf 80' lang='grc' dir='ltr'>κλεπτέλεγχος,</span> 
     </span>
    </p>
   </div>
   <div class='ocr_carea' id='block_1_33' title="bbox 118 3003 1693 3092">
    <p class='ocr_par' dir='ltr' id='par_1_33' title="bbox 118 3003 1693 3092">
     <span class='ocr_line' id='line_1_33' title="bbox 118 3003 1693 3092; baseline 0.014 -39"><span class='ocrx_word' id='word_1_246' title='bbox 118 3003 232 3055; x_wconf 80' lang='grc' dir='ltr'>ἀλλ’</span> <span class='ocrx_word' id='word_1_247' title='bbox 259 3007 362 3061; x_wconf 83' lang='grc' dir='ltr'><strong>οὐκ</strong></span> <span class='ocrx_word' id='word_1_248' title='bbox 408 3009 494 3061; x_wconf 81' lang='grc' dir='ltr'>ἐπ’</span> <span class='ocrx_word' id='word_1_249' title='bbox 525 3011 802 3083; x_wconf 83' lang='grc' dir='ltr'>ἀνατροπῇ</span> <span class='ocrx_word' id='word_1_250' title='bbox 833 3015 940 3067; x_wconf 86' lang='grc' dir='ltr'><strong>τῶν</strong></span> <span class='ocrx_word' id='word_1_251' title='bbox 989 3020 1424 3087; x_wconf 83' lang='grc' dir='ltr'>προειρημένων;</span> <span class='ocrx_word' id='word_1_252' title='bbox 1453 3021 1527 3085; x_wconf 84' lang='grc' dir='ltr'>ὼς</span> <span class='ocrx_word' id='word_1_253' title='bbox 1563 3024 1693 3092; x_wconf 81' lang='grc' dir='ltr'>ἡμῖν</span> 
     </span>
    </p>
   </div>
   <div class='ocr_carea' id='block_1_34' title="bbox 1794 640 3368 719">
    <p class='ocr_par' dir='ltr' id='par_1_34' title="bbox 1794 640 3368 719">
     <span class='ocr_line' id='line_1_34' title="bbox 1794 640 3368 719; baseline 0.006 -26"><span class='ocrx_word' id='word_1_254' title='bbox 1794 640 1995 694; x_wconf 90' lang='lat' dir='ltr'><strong>stinum</strong></span> <span class='ocrx_word' id='word_1_255' title='bbox 2015 644 2234 698; x_wconf 88' lang='lat' dir='ltr'><strong>.restitui</strong></span> <span class='ocrx_word' id='word_1_256' title='bbox 2261 685 2274 709; x_wconf 91' lang='lat'><strong>,</strong></span> <span class='ocrx_word' id='word_1_257' title='bbox 2294 653 2346 699; x_wconf 89' lang='lat' dir='ltr'><strong>et</strong></span> <span class='ocrx_word' id='word_1_258' title='bbox 2367 645 2543 713; x_wconf 81' lang='lat' dir='ltr'><strong>palam</strong></span> <span class='ocrx_word' id='word_1_259' title='bbox 2579 644 2695 700; x_wconf 84' lang='lat' dir='ltr'><strong>ﬁeri</strong></span> <span class='ocrx_word' id='word_1_260' title='bbox 2718 647 2864 715; x_wconf 91' lang='lat' dir='ltr'><strong>quod</strong></span> <span class='ocrx_word' id='word_1_261' title='bbox 2891 647 3122 702; x_wconf 88' lang='lat' dir='ltr'><strong>Creator</strong></span> <span class='ocrx_word' id='word_1_262' title='bbox 3160 649 3368 719; x_wconf 87' lang='lat' dir='ltr'><strong>peccati</strong></span> 
     </span>
    </p>
   </div>
   <div class='ocr_carea' id='block_1_35' title="bbox 1793 735 2237 789">
    <p class='ocr_par' dir='ltr' id='par_1_35' title="bbox 1793 735 2237 789">
     <span class='ocr_line' id='line_1_35' title="bbox 1793 735 2237 789; baseline 0.007 -4"><span class='ocrx_word' id='word_1_263' title='bbox 1793 741 1981 788; x_wconf 87' lang='lat' dir='ltr'><strong>auctor</strong></span> <span class='ocrx_word' id='word_1_264' title='bbox 2004 749 2112 788; x_wconf 91' lang='lat' dir='ltr'><strong>non</strong></span> <span class='ocrx_word' id='word_1_265' title='bbox 2145 735 2237 789; x_wconf 87' lang='lat' dir='ltr'><strong>sit.</strong></span> 
     </span>
    </p>
   </div>
   <div class='ocr_carea' id='block_1_36' title="bbox 1866 927 3365 996">
    <p class='ocr_par' dir='ltr' id='par_1_36' title="bbox 1866 927 3365 996">
     <span class='ocr_line' id='line_1_36' title="bbox 1866 927 3365 996; baseline 0.002 -14"><span class='ocrx_word' id='word_1_266' title='bbox 1866 927 2024 983; x_wconf 78' lang='lat' dir='ltr'><strong>Aliud</strong></span> <span class='ocrx_word' id='word_1_267' title='bbox 2058 928 2221 996; x_wconf 84' lang='lat' dir='ltr'><strong>igitur</strong></span> <span class='ocrx_word' id='word_1_268' title='bbox 2273 930 2411 983; x_wconf 82' lang='lat' dir='ltr'><strong>nihil</strong></span> <span class='ocrx_word' id='word_1_269' title='bbox 2447 939 2530 985; x_wconf 90' lang='lat' dir='ltr'><strong>est</strong></span> <span class='ocrx_word' id='word_1_270' title='bbox 2568 932 2730 985; x_wconf 86' lang='lat' dir='ltr'><strong>tertia</strong></span> <span class='ocrx_word' id='word_1_271' title='bbox 2775 931 3056 987; x_wconf 83' lang='lat' dir='ltr'><strong>restitutio</strong></span> <span class='ocrx_word' id='word_1_272' title='bbox 3093 949 3109 985; x_wconf 88' lang='lat'><strong>:</strong></span> <span class='ocrx_word' id='word_1_273' title='bbox 3142 933 3210 987; x_wconf 92' lang='lat' dir='ltr'><strong>de</strong></span> <span class='ocrx_word' id='word_1_274' title='bbox 3245 932 3365 986; x_wconf 87' lang='lat' dir='ltr'><strong>aliis</strong></span> 
     </span>
    </p>
   </div>
   <div class='ocr_carea' id='block_1_37' title="bbox 1797 1021 3366 1094">
    <p class='ocr_par' dir='ltr' id='par_1_37' title="bbox 1797 1021 3366 1094">
     <span class='ocr_line' id='line_1_37' title="bbox 1797 1021 3366 1094; baseline 0.003 -19"><span class='ocrx_word' id='word_1_275' title='bbox 1797 1021 1941 1075; x_wconf 90' lang='lat' dir='ltr'><strong>enim</strong></span> <span class='ocrx_word' id='word_1_276' title='bbox 1979 1022 2189 1074; x_wconf 91' lang='lat' dir='ltr'><strong>duabus</strong></span> <span class='ocrx_word' id='word_1_277' title='bbox 2228 1036 2337 1075; x_wconf 90' lang='lat' dir='ltr'><strong>non</strong></span> <span class='ocrx_word' id='word_1_278' title='bbox 2383 1031 2466 1075; x_wconf 91' lang='lat' dir='ltr'><strong>est</strong></span> <span class='ocrx_word' id='word_1_279' title='bbox 2497 1022 2765 1077; x_wconf 88' lang='lat' dir='ltr'><strong>dubitatio</strong></span> <span class='ocrx_word' id='word_1_280' title='bbox 2825 1040 2986 1093; x_wconf 88' lang='lat' dir='ltr'><strong>quam</strong></span> <span class='ocrx_word' id='word_1_281' title='bbox 3036 1026 3182 1094; x_wconf 90' lang='lat' dir='ltr'><strong>quod</strong></span> <span class='ocrx_word' id='word_1_282' title='bbox 3214 1027 3366 1094; x_wconf 83' lang='lat' dir='ltr'><strong>Apo-</strong></span> 
     </span>
    </p>
   </div>
   <div class='ocr_carea' id='block_1_38' title="bbox 1797 1110 3363 1183">
    <p class='ocr_par' dir='ltr' id='par_1_38' title="bbox 1797 1110 3363 1183">
     <span class='ocr_line' id='line_1_38' title="bbox 1797 1110 3363 1183; baseline 0.003 -20"><span class='ocrx_word' id='word_1_283' title='bbox 1797 1110 1970 1164; x_wconf 87' lang='lat' dir='ltr'><strong>stolus</strong></span> <span class='ocrx_word' id='word_1_284' title='bbox 1989 1110 2189 1174; x_wconf 89' lang='lat' dir='ltr'><strong>docuit,</strong></span> <span class='ocrx_word' id='word_1_285' title='bbox 2220 1124 2358 1179; x_wconf 90' lang='lat' dir='ltr'><strong>opus</strong></span> <span class='ocrx_word' id='word_1_286' title='bbox 2382 1113 2586 1179; x_wconf 87' lang='lat' dir='ltr'><strong>peccati</strong></span> <span class='ocrx_word' id='word_1_287' title='bbox 2622 1112 2815 1166; x_wconf 88' lang='lat' dir='ltr'><strong>ardere</strong></span> <span class='ocrx_word' id='word_1_288' title='bbox 2836 1155 2850 1178; x_wconf 88' lang='lat'><strong>,</strong></span> <span class='ocrx_word' id='word_1_289' title='bbox 2884 1113 3032 1166; x_wconf 88' lang='lat' dir='ltr'><strong>illum</strong></span> <span class='ocrx_word' id='word_1_290' title='bbox 3059 1122 3236 1167; x_wconf 90' lang='lat' dir='ltr'><strong>autem</strong></span> <span class='ocrx_word' id='word_1_291' title='bbox 3271 1115 3363 1183; x_wconf 90' lang='lat' dir='ltr'><strong>qui</strong></span> 
     </span>
    </p>
   </div>
   <div class='ocr_carea' id='block_1_39' title="bbox 1799 1200 3362 1274">
    <p class='ocr_par' dir='ltr' id='par_1_39' title="bbox 1799 1200 3362 1274">
     <span class='ocr_line' id='line_1_39' title="bbox 1799 1200 3362 1274; baseline 0.004 -20"><span class='ocrx_word' id='word_1_292' title='bbox 1799 1200 1956 1265; x_wconf 82' lang='lat' dir='ltr'><strong>fecit,</strong></span> <span class='ocrx_word' id='word_1_293' title='bbox 1989 1201 2195 1256; x_wconf 90' lang='lat' dir='ltr'><strong>servari</strong></span> <span class='ocrx_word' id='word_1_294' title='bbox 2231 1201 2636 1255; x_wconf 88' lang='lat' dir='ltr'><strong>incombustum</strong></span> <span class='ocrx_word' id='word_1_295' title='bbox 2681 1221 2695 1257; x_wconf 94' lang='lat'><strong>:</strong></span> <span class='ocrx_word' id='word_1_296' title='bbox 2737 1204 2817 1258; x_wconf 90' lang='lat' dir='ltr'><strong>sic</strong></span> <span class='ocrx_word' id='word_1_297' title='bbox 2861 1215 3042 1258; x_wconf 89' lang='lat' dir='ltr'><strong>autem</strong></span> <span class='ocrx_word' id='word_1_298' title='bbox 3104 1213 3362 1274; x_wconf 85' lang='lat' dir='ltr'><strong>tanquam</strong></span> 
     </span>
    </p>
   </div>
   <div class='ocr_carea' id='block_1_40' title="bbox 1798 1292 3363 1364">
    <p class='ocr_par' dir='ltr' id='par_1_40' title="bbox 1798 1292 3363 1364">
     <span class='ocr_line' id='line_1_40' title="bbox 1798 1292 3363 1364; baseline 0.004 -20"><span class='ocrx_word' id='word_1_299' title='bbox 1798 1292 1889 1361; x_wconf 92' lang='lat' dir='ltr'><strong>qui</strong></span> <span class='ocrx_word' id='word_1_300' title='bbox 1918 1307 2024 1345; x_wconf 91' lang='lat' dir='ltr'><strong>non</strong></span> <span class='ocrx_word' id='word_1_301' title='bbox 2051 1293 2122 1347; x_wconf 87' lang='lat' dir='ltr'><strong>sit</strong></span> <span class='ocrx_word' id='word_1_302' title='bbox 2155 1293 2424 1361; x_wconf 86' lang='lat' dir='ltr'><strong>particeps</strong></span> <span class='ocrx_word' id='word_1_303' title='bbox 2456 1293 2722 1347; x_wconf 90' lang='lat' dir='ltr'><strong>bonorum</strong></span> <span class='ocrx_word' id='word_1_304' title='bbox 2750 1333 2764 1356; x_wconf 90' lang='lat'><strong>,</strong></span> <span class='ocrx_word' id='word_1_305' title='bbox 2807 1294 2901 1349; x_wconf 88' lang='lat' dir='ltr'><strong>sed</strong></span> <span class='ocrx_word' id='word_1_306' title='bbox 2929 1295 3363 1364; x_wconf 88' lang='lat' dir='ltr'><strong>participationis</strong></span> 
     </span>
    </p>
   </div>
   <div class='ocr_carea' id='block_1_41' title="bbox 1799 1384 3363 1454">
    <p class='ocr_par' dir='ltr' id='par_1_41' title="bbox 1799 1384 3363 1454">
     <span class='ocr_line' id='line_1_41' title="bbox 1799 1384 3363 1454; baseline 0.003 -18"><span class='ocrx_word' id='word_1_307' title='bbox 1799 1384 2152 1452; x_wconf 81' lang='lat' dir='ltr'><strong>privationem</strong></span> <span class='ocrx_word' id='word_1_308' title='bbox 2193 1392 2472 1451; x_wconf 79' lang='lat' dir='ltr'><strong>agnoscat.</strong></span> <span class='ocrx_word' id='word_1_309' title='bbox 2521 1386 2783 1454; x_wconf 84' lang='lat' dir='ltr'><strong>Apposite</strong></span> <span class='ocrx_word' id='word_1_310' title='bbox 2846 1401 2976 1440; x_wconf 85' lang='lat' dir='ltr'><strong>vero</strong></span> <span class='ocrx_word' id='word_1_311' title='bbox 3021 1402 3052 1440; x_wconf 91' lang='lat' dir='ltr'><strong>a</strong></span> <span class='ocrx_word' id='word_1_312' title='bbox 3091 1386 3251 1441; x_wconf 84' lang='lat' dir='ltr'><strong>Patre</strong></span> <span class='ocrx_word' id='word_1_313' title='bbox 3280 1389 3363 1441; x_wconf 90' lang='lat' dir='ltr'><strong>di-</strong></span> 
     </span>
    </p>
   </div>
   <div class='ocr_carea' id='block_1_42' title="bbox 1797 1477 3366 1545">
    <p class='ocr_par' dir='ltr' id='par_1_42' title="bbox 1797 1477 3366 1545">
     <span class='ocr_line' id='line_1_42' title="bbox 1797 1477 3366 1545; baseline 0.003 -16"><span class='ocrx_word' id='word_1_314' title='bbox 1797 1483 1946 1529; x_wconf 90' lang='lat' dir='ltr'><strong>ctum</strong></span> <span class='ocrx_word' id='word_1_315' title='bbox 1976 1485 2092 1539; x_wconf 88' lang='lat' dir='ltr'><strong>est,</strong></span> <span class='ocrx_word' id='word_1_316' title='bbox 2141 1491 2316 1545; x_wconf 90' lang='lat' dir='ltr'><strong>neque</strong></span> <span class='ocrx_word' id='word_1_317' title='bbox 2347 1477 2558 1530; x_wconf 85' lang='lat' dir='ltr'><strong>ostendi</strong></span> <span class='ocrx_word' id='word_1_318' title='bbox 2591 1477 2735 1545; x_wconf 87' lang='lat' dir='ltr'><strong>quod</strong></span> <span class='ocrx_word' id='word_1_319' title='bbox 2780 1477 3005 1532; x_wconf 88' lang='lat' dir='ltr'><strong>Creator</strong></span> <span class='ocrx_word' id='word_1_320' title='bbox 3058 1480 3129 1532; x_wconf 89' lang='lat' dir='ltr'><strong>sit</strong></span> <span class='ocrx_word' id='word_1_321' title='bbox 3172 1489 3366 1535; x_wconf 85' lang='lat' dir='ltr'><strong>auctor</strong></span> 
     </span>
    </p>
   </div>
   <div class='ocr_carea' id='block_1_43' title="bbox 1801 1563 3364 1631">
    <p class='ocr_par' dir='ltr' id='par_1_43' title="bbox 1801 1563 3364 1631">
     <span class='ocr_line' id='line_1_43' title="bbox 1801 1563 3364 1631; baseline 0.005 -17"><span class='ocrx_word' id='word_1_322' title='bbox 1801 1566 2023 1631; x_wconf 76' lang='lat' dir='ltr'><strong>peccati.</strong></span> <span class='ocrx_word' id='word_1_323' title='bbox 2050 1563 2199 1628; x_wconf 88' lang='lat' dir='ltr'><strong>Quod</strong></span> <span class='ocrx_word' id='word_1_324' title='bbox 2225 1566 2369 1617; x_wconf 91' lang='lat' dir='ltr'><strong>enim</strong></span> <span class='ocrx_word' id='word_1_325' title='bbox 2396 1582 2424 1617; x_wconf 90' lang='lat' dir='ltr'><strong>a</strong></span> <span class='ocrx_word' id='word_1_326' title='bbox 2455 1565 2562 1618; x_wconf 90' lang='lat' dir='ltr'><strong>Deo</strong></span> <span class='ocrx_word' id='word_1_327' title='bbox 2594 1577 2712 1631; x_wconf 90' lang='lat' dir='ltr'><strong>est,</strong></span> <span class='ocrx_word' id='word_1_328' title='bbox 2745 1567 2956 1620; x_wconf 84' lang='lat' dir='ltr'><strong>scilicet</strong></span> <span class='ocrx_word' id='word_1_329' title='bbox 3029 1576 3222 1621; x_wconf 90' lang='lat' dir='ltr'><strong>natura</strong></span> <span class='ocrx_word' id='word_1_330' title='bbox 3259 1584 3364 1622; x_wconf 89' lang='lat' dir='ltr'><strong>no-</strong></span> 
     </span>
    </p>
   </div>
   <div class='ocr_carea' id='block_1_44' title="bbox 1799 1656 3361 1729">
    <p class='ocr_par' dir='ltr' id='par_1_44' title="bbox 1799 1656 3361 1729">
     <span class='ocr_line' id='line_1_44' title="bbox 1799 1656 3361 1729; baseline 0.004 -23"><span class='ocrx_word' id='word_1_331' title='bbox 1799 1662 1911 1706; x_wconf 87' lang='lat' dir='ltr'><strong>stra</strong></span> <span class='ocrx_word' id='word_1_332' title='bbox 1946 1669 2010 1706; x_wconf 81' lang='lat' dir='ltr'><strong>ex</strong></span> <span class='ocrx_word' id='word_1_333' title='bbox 2047 1656 2216 1707; x_wconf 87' lang='lat' dir='ltr'><strong>nihilo</strong></span> <span class='ocrx_word' id='word_1_334' title='bbox 2245 1656 2504 1724; x_wconf 88' lang='lat' dir='ltr'><strong>producta</strong></span> <span class='ocrx_word' id='word_1_335' title='bbox 2527 1695 2540 1720; x_wconf 92' lang='lat'><strong>,</strong></span> <span class='ocrx_word' id='word_1_336' title='bbox 2591 1657 2713 1724; x_wconf 86' lang='lat' dir='ltr'><strong>igne</strong></span> <span class='ocrx_word' id='word_1_337' title='bbox 2747 1657 2838 1710; x_wconf 92' lang='lat' dir='ltr'><strong>illo</strong></span> <span class='ocrx_word' id='word_1_338' title='bbox 2873 1660 3122 1712; x_wconf 90' lang='lat' dir='ltr'><strong>consumi</strong></span> <span class='ocrx_word' id='word_1_339' title='bbox 3154 1661 3361 1729; x_wconf 89' lang='lat' dir='ltr'><strong>nequit.</strong></span> 
     </span>
    </p>
   </div>
   <div class='ocr_carea' id='block_1_45' title="bbox 1799 1745 3362 1816">
    <p class='ocr_par' dir='ltr' id='par_1_45' title="bbox 1799 1745 3362 1816">
     <span class='ocr_line' id='line_1_45' title="bbox 1799 1745 3362 1816; baseline 0.004 -18"><span class='ocrx_word' id='word_1_340' title='bbox 1799 1745 1954 1810; x_wconf 85' lang='lat' dir='ltr'><strong>Quod</strong></span> <span class='ocrx_word' id='word_1_341' title='bbox 1983 1761 2110 1800; x_wconf 87' lang='lat' dir='ltr'><strong>vero</strong></span> <span class='ocrx_word' id='word_1_342' title='bbox 2140 1760 2245 1799; x_wconf 94' lang='lat' dir='ltr'><strong>non</strong></span> <span class='ocrx_word' id='word_1_343' title='bbox 2277 1755 2362 1799; x_wconf 88' lang='lat' dir='ltr'><strong>est</strong></span> <span class='ocrx_word' id='word_1_344' title='bbox 2393 1762 2421 1800; x_wconf 90' lang='lat' dir='ltr'><strong>a</strong></span> <span class='ocrx_word' id='word_1_345' title='bbox 2455 1745 2603 1814; x_wconf 86' lang='lat' dir='ltr'><strong>Deo,</strong></span> <span class='ocrx_word' id='word_1_346' title='bbox 2658 1761 2941 1816; x_wconf 86' lang='lat' dir='ltr'><strong>peccatum</strong></span> <span class='ocrx_word' id='word_1_347' title='bbox 2992 1751 3236 1815; x_wconf 88' lang='lat' dir='ltr'><strong>scilicet,</strong></span> <span class='ocrx_word' id='word_1_348' title='bbox 3267 1749 3362 1804; x_wconf 88' lang='lat' dir='ltr'><strong>sed</strong></span> 
     </span>
    </p>
   </div>
   <div class='ocr_carea' id='block_1_46' title="bbox 1800 1836 3358 1907">
    <p class='ocr_par' dir='ltr' id='par_1_46' title="bbox 1800 1836 3358 1907">
     <span class='ocr_line' id='line_1_46' title="bbox 1800 1836 3358 1907; baseline 0.003 -19"><span class='ocrx_word' id='word_1_349' title='bbox 1800 1836 1946 1889; x_wconf 90' lang='lat' dir='ltr'><strong>illius</strong></span> <span class='ocrx_word' id='word_1_350' title='bbox 1963 1838 2054 1904; x_wconf 88' lang='lat' dir='ltr'><strong>qui</strong></span> <span class='ocrx_word' id='word_1_351' title='bbox 2074 1837 2354 1891; x_wconf 82' lang='lat' dir='ltr'><strong>commisit</strong></span> <span class='ocrx_word' id='word_1_352' title='bbox 2377 1877 2392 1901; x_wconf 87' lang='lat'><strong>,</strong></span> <span class='ocrx_word' id='word_1_353' title='bbox 2419 1841 2637 1907; x_wconf 88' lang='lat' dir='ltr'><strong>propria</strong></span> <span class='ocrx_word' id='word_1_354' title='bbox 2663 1839 2942 1892; x_wconf 89' lang='lat' dir='ltr'><strong>voluntate</strong></span> <span class='ocrx_word' id='word_1_355' title='bbox 2963 1840 3215 1894; x_wconf 66' lang='lat' dir='ltr'><strong>effectum</strong></span> <span class='ocrx_word' id='word_1_356' title='bbox 3239 1848 3358 1906; x_wconf 87' lang='lat' dir='ltr'><strong>est;</strong></span> 
     </span>
    </p>
   </div>
   <div class='ocr_carea' id='block_1_47' title="bbox 1797 1928 3362 1999">
    <p class='ocr_par' dir='ltr' id='par_1_47' title="bbox 1797 1928 3362 1999">
     <span class='ocr_line' id='line_1_47' title="bbox 1797 1928 3362 1999; baseline 0.005 -20"><span class='ocrx_word' id='word_1_357' title='bbox 1797 1928 1997 1997; x_wconf 90' lang='lat' dir='ltr'><strong>quippe</strong></span> <span class='ocrx_word' id='word_1_358' title='bbox 2030 1930 2173 1998; x_wconf 90' lang='lat' dir='ltr'><strong>quod</strong></span> <span class='ocrx_word' id='word_1_359' title='bbox 2202 1930 2338 1983; x_wconf 91' lang='lat' dir='ltr'><strong>nihil</strong></span> <span class='ocrx_word' id='word_1_360' title='bbox 2367 1938 2450 1983; x_wconf 86' lang='lat' dir='ltr'><strong>est</strong></span> <span class='ocrx_word' id='word_1_361' title='bbox 2477 1945 2667 1983; x_wconf 90' lang='lat' dir='ltr'><strong>eorum</strong></span> <span class='ocrx_word' id='word_1_362' title='bbox 2708 1947 2828 1999; x_wconf 82' lang='lat' dir='ltr'><strong>quae</strong></span> <span class='ocrx_word' id='word_1_363' title='bbox 2859 1941 2989 1985; x_wconf 90' lang='lat' dir='ltr'><strong>sunt</strong></span> <span class='ocrx_word' id='word_1_364' title='bbox 3016 1971 3029 1995; x_wconf 94' lang='lat'><strong>,</strong></span> <span class='ocrx_word' id='word_1_365' title='bbox 3067 1933 3159 1986; x_wconf 90' lang='lat' dir='ltr'><strong>sed</strong></span> <span class='ocrx_word' id='word_1_366' title='bbox 3189 1933 3362 1987; x_wconf 75' lang='lat' dir='ltr'><strong>iulia:-</strong></span> 
     </span>
    </p>
   </div>
   <div class='ocr_carea' id='block_1_48' title="bbox 1798 2021 3354 2090">
    <p class='ocr_par' dir='ltr' id='par_1_48' title="bbox 1798 2021 3354 2090">
     <span class='ocr_line' id='line_1_48' title="bbox 1798 2021 3354 2090; baseline 0.004 -19"><span class='ocrx_word' id='word_1_367' title='bbox 1798 2030 1908 2084; x_wconf 89' lang='lat' dir='ltr'><strong>ret;</strong></span> <span class='ocrx_word' id='word_1_368' title='bbox 1944 2021 2249 2083; x_wconf 82' lang='lat' dir='ltr'><strong>exolescet,</strong></span> <span class='ocrx_word' id='word_1_369' title='bbox 2285 2035 2389 2074; x_wconf 89' lang='lat' dir='ltr'><strong>non</strong></span> <span class='ocrx_word' id='word_1_370' title='bbox 2431 2022 2618 2074; x_wconf 85' lang='lat' dir='ltr'><strong>valens</strong></span> <span class='ocrx_word' id='word_1_371' title='bbox 2644 2022 2696 2073; x_wconf 91' lang='lat' dir='ltr'><strong>in</strong></span> <span class='ocrx_word' id='word_1_372' title='bbox 2730 2037 2919 2075; x_wconf 83' lang='lat' dir='ltr'><strong>eorum</strong></span> <span class='ocrx_word' id='word_1_373' title='bbox 2949 2037 3069 2090; x_wconf 70' lang='lat' dir='ltr'><strong>qua:</strong></span> <span class='ocrx_word' id='word_1_374' title='bbox 3101 2033 3230 2077; x_wconf 89' lang='lat' dir='ltr'><strong>sunt</strong></span> <span class='ocrx_word' id='word_1_375' title='bbox 3259 2040 3354 2078; x_wconf 89' lang='lat' dir='ltr'><strong>or-</strong></span> 
     </span>
    </p>
   </div>
   <div class='ocr_carea' id='block_1_49' title="bbox 1795 2110 3361 2184">
    <p class='ocr_par' dir='ltr' id='par_1_49' title="bbox 1795 2110 3361 2184">
     <span class='ocr_line' id='line_1_49' title="bbox 1795 2110 3361 2184; baseline 0.004 -22"><span class='ocrx_word' id='word_1_376' title='bbox 1795 2110 1921 2163; x_wconf 91' lang='lat' dir='ltr'><strong>dine</strong></span> <span class='ocrx_word' id='word_1_377' title='bbox 1954 2112 2272 2165; x_wconf 87' lang='lat' dir='ltr'><strong>consistere.</strong></span> <span class='ocrx_word' id='word_1_378' title='bbox 2301 2110 2390 2164; x_wconf 89' lang='lat' dir='ltr'><strong>Sic</strong></span> <span class='ocrx_word' id='word_1_379' title='bbox 2413 2112 2580 2180; x_wconf 84' lang='lat' dir='ltr'><strong>igitur</strong></span> <span class='ocrx_word' id='word_1_380' title='bbox 2603 2151 2617 2173; x_wconf 93' lang='lat'><strong>,</strong></span> <span class='ocrx_word' id='word_1_381' title='bbox 2664 2112 2917 2180; x_wconf 85' lang='lat' dir='ltr'><strong>quamvis</strong></span> <span class='ocrx_word' id='word_1_382' title='bbox 2953 2128 3127 2184; x_wconf 89' lang='lat' dir='ltr'><strong>neque</strong></span> <span class='ocrx_word' id='word_1_383' title='bbox 3154 2113 3361 2184; x_wconf 83' lang='lat' dir='ltr'><strong>Grego-</strong></span> 
     </span>
    </p>
   </div>
   <div class='ocr_carea' id='block_1_50' title="bbox 1795 2199 3358 2272">
    <p class='ocr_par' dir='ltr' id='par_1_50' title="bbox 1795 2199 3358 2272">
     <span class='ocr_line' id='line_1_50' title="bbox 1795 2199 3358 2272; baseline 0.004 -19"><span class='ocrx_word' id='word_1_384' title='bbox 1795 2202 1910 2255; x_wconf 91' lang='lat' dir='ltr'><strong>rius</strong></span> <span class='ocrx_word' id='word_1_385' title='bbox 1975 2199 2281 2271; x_wconf 82' lang='lat' dir='ltr'><strong>Nyssenus,</strong></span> <span class='ocrx_word' id='word_1_386' title='bbox 2345 2218 2518 2272; x_wconf 89' lang='lat' dir='ltr'><strong>neque</strong></span> <span class='ocrx_word' id='word_1_387' title='bbox 2573 2202 2840 2259; x_wconf 78' lang='lat' dir='ltr'><strong>Maximus</strong></span> <span class='ocrx_word' id='word_1_388' title='bbox 2899 2203 3059 2259; x_wconf 86' lang='lat' dir='ltr'><strong>Pater</strong></span> <span class='ocrx_word' id='word_1_389' title='bbox 3122 2206 3358 2272; x_wconf 87' lang='lat' dir='ltr'><strong>diceret;</strong></span> 
     </span>
    </p>
   </div>
   <div class='ocr_carea' id='block_1_51' title="bbox 1796 2293 3364 2367">
    <p class='ocr_par' dir='ltr' id='par_1_51' title="bbox 1796 2293 3364 2367">
     <span class='ocr_line' id='line_1_51' title="bbox 1796 2293 3364 2367; baseline 0.006 -24"><span class='ocrx_word' id='word_1_390' title='bbox 1796 2301 2030 2344; x_wconf 88' lang='lat' dir='ltr'><strong>attamen</strong></span> <span class='ocrx_word' id='word_1_391' title='bbox 2065 2307 2293 2360; x_wconf 90' lang='lat' dir='ltr'><strong>magnus</strong></span> <span class='ocrx_word' id='word_1_392' title='bbox 2314 2293 2612 2361; x_wconf 82' lang='lat' dir='ltr'><strong>Apostolus</strong></span> <span class='ocrx_word' id='word_1_393' title='bbox 2642 2297 3057 2362; x_wconf 89' lang='lat' dir='ltr'><strong>pronuntiavit,</strong></span> <span class='ocrx_word' id='word_1_394' title='bbox 3093 2297 3235 2365; x_wconf 91' lang='lat' dir='ltr'><strong>quod</strong></span> <span class='ocrx_word' id='word_1_395' title='bbox 3266 2313 3364 2367; x_wconf 91' lang='lat' dir='ltr'><strong>per</strong></span> 
     </span>
    </p>
   </div>
   <div class='ocr_carea' id='block_1_52' title="bbox 1796 2383 3363 2457">
    <p class='ocr_par' dir='ltr' id='par_1_52' title="bbox 1796 2383 3363 2457">
     <span class='ocr_line' id='line_1_52' title="bbox 1796 2383 3363 2457; baseline 0.006 -21"><span class='ocrx_word' id='word_1_396' title='bbox 1796 2383 1971 2452; x_wconf 83' lang='lat' dir='ltr'><strong>ignem</strong></span> <span class='ocrx_word' id='word_1_397' title='bbox 2017 2385 2107 2438; x_wconf 83' lang='lat' dir='ltr'><strong>ﬁat</strong></span> <span class='ocrx_word' id='word_1_398' title='bbox 2140 2386 2371 2439; x_wconf 83' lang='lat' dir='ltr'><strong>vindicta</strong></span> <span class='ocrx_word' id='word_1_399' title='bbox 2411 2388 2702 2455; x_wconf 77' lang='lat' dir='ltr'><strong>peccati&quot;.</strong></span> <span class='ocrx_word' id='word_1_400' title='bbox 2738 2404 2858 2457; x_wconf 65' lang='lat' dir='ltr'><strong>qua?</strong></span> <span class='ocrx_word' id='word_1_401' title='bbox 2882 2391 3244 2446; x_wconf 78' lang='lat' dir='ltr'><strong>restitutionis</strong></span> <span class='ocrx_word' id='word_1_402' title='bbox 3277 2399 3363 2446; x_wconf 88' lang='lat' dir='ltr'><strong>est</strong></span> 
     </span>
    </p>
   </div>
   <div class='ocr_carea' id='block_1_53' title="bbox 1790 2479 3361 2547">
    <p class='ocr_par' dir='ltr' id='par_1_53' title="bbox 1790 2479 3361 2547">
     <span class='ocr_line' id='line_1_53' title="bbox 1790 2479 3361 2547; baseline 0.003 -14"><span class='ocrx_word' id='word_1_403' title='bbox 1790 2493 2050 2546; x_wconf 87' lang='lat' dir='ltr'><strong>expressa</strong></span> <span class='ocrx_word' id='word_1_404' title='bbox 2111 2479 2476 2547; x_wconf 79' lang='lat' dir='ltr'><strong>signiﬁcatio,</strong></span> <span class='ocrx_word' id='word_1_405' title='bbox 2531 2480 2673 2533; x_wconf 90' lang='lat' dir='ltr'><strong>sicut</strong></span> <span class='ocrx_word' id='word_1_406' title='bbox 2717 2495 2748 2534; x_wconf 90' lang='lat' dir='ltr'><strong>a</strong></span> <span class='ocrx_word' id='word_1_407' title='bbox 2797 2479 2963 2535; x_wconf 89' lang='lat' dir='ltr'><strong>Patre</strong></span> <span class='ocrx_word' id='word_1_408' title='bbox 3017 2482 3222 2536; x_wconf 90' lang='lat' dir='ltr'><strong>dictum</strong></span> <span class='ocrx_word' id='word_1_409' title='bbox 3277 2491 3361 2537; x_wconf 81' lang='lat' dir='ltr'><strong>est</strong></span> 
     </span>
    </p>
   </div>
   <div class='ocr_carea' id='block_1_54' title="bbox 1794 2568 3358 2640">
    <p class='ocr_par' dir='ltr' id='par_1_54' title="bbox 1794 2568 3358 2640">
     <span class='ocr_line' id='line_1_54' title="bbox 1794 2568 3358 2640; baseline 0.004 -19"><span class='ocrx_word' id='word_1_410' title='bbox 1794 2576 1933 2635; x_wconf 78' lang='lat' dir='ltr'><strong>(non</strong></span> <span class='ocrx_word' id='word_1_411' title='bbox 1992 2568 2359 2640; x_wconf 72' lang='lat' dir='ltr'><strong>Origeniana,</strong></span> <span class='ocrx_word' id='word_1_412' title='bbox 2415 2570 2558 2623; x_wconf 91' lang='lat' dir='ltr'><strong>absit</strong></span> <span class='ocrx_word' id='word_1_413' title='bbox 2599 2589 2611 2624; x_wconf 95' lang='lat'>:</span> <span class='ocrx_word' id='word_1_414' title='bbox 2651 2572 2797 2625; x_wconf 87' lang='lat' dir='ltr'><strong>nulla</strong></span> <span class='ocrx_word' id='word_1_415' title='bbox 2847 2573 2992 2625; x_wconf 92' lang='lat' dir='ltr'><strong>enim</strong></span> <span class='ocrx_word' id='word_1_416' title='bbox 3041 2573 3358 2628; x_wconf 88' lang='lat' dir='ltr'><strong>communio</strong></span> 
     </span>
    </p>
   </div>
   <div class='ocr_carea' id='block_1_55' title="bbox 1792 2660 3358 2728">
    <p class='ocr_par' dir='ltr' id='par_1_55' title="bbox 1792 2660 3358 2728">
     <span class='ocr_line' id='line_1_55' title="bbox 1792 2660 3358 2728; baseline 0 -15"><span class='ocrx_word' id='word_1_417' title='bbox 1792 2660 1899 2713; x_wconf 92' lang='lat' dir='ltr'><strong>luci</strong></span> <span class='ocrx_word' id='word_1_418' title='bbox 1927 2674 2047 2712; x_wconf 90' lang='lat' dir='ltr'><strong>cum</strong></span> <span class='ocrx_word' id='word_1_419' title='bbox 2082 2661 2356 2723; x_wconf 73' lang='lat' dir='ltr'><strong>tenebris,</strong></span> <span class='ocrx_word' id='word_1_420' title='bbox 2421 2675 2599 2728; x_wconf 89' lang='lat' dir='ltr'><strong>neque</strong></span> <span class='ocrx_word' id='word_1_421' title='bbox 2649 2662 2852 2715; x_wconf 88' lang='lat' dir='ltr'><strong>sanctis</strong></span> <span class='ocrx_word' id='word_1_422' title='bbox 2889 2662 3184 2716; x_wconf 87' lang='lat' dir='ltr'><strong>consensio</strong></span> <span class='ocrx_word' id='word_1_423' title='bbox 3233 2677 3358 2715; x_wconf 88' lang='lat' dir='ltr'><strong>cum</strong></span> 
     </span>
    </p>
   </div>
   <div class='ocr_carea' id='block_1_56' title="bbox 1793 2750 3360 2821">
    <p class='ocr_par' dir='ltr' id='par_1_56' title="bbox 1793 2750 3360 2821">
     <span class='ocr_line' id='line_1_56' title="bbox 1793 2750 3360 2821; baseline 0.002 -16"><span class='ocrx_word' id='word_1_424' title='bbox 1793 2750 2274 2820; x_wconf 71' lang='lat' dir='ltr'><strong>haeresiarchis”),</strong></span> <span class='ocrx_word' id='word_1_425' title='bbox 2314 2761 2367 2806; x_wconf 88' lang='lat' dir='ltr'><strong>et</strong></span> <span class='ocrx_word' id='word_1_426' title='bbox 2416 2754 2680 2805; x_wconf 80' lang='lat' dir='ltr'><strong>adversus</strong></span> <span class='ocrx_word' id='word_1_427' title='bbox 2727 2768 2824 2806; x_wconf 89' lang='lat' dir='ltr'><strong>eos</strong></span> <span class='ocrx_word' id='word_1_428' title='bbox 2883 2754 2977 2821; x_wconf 93' lang='lat' dir='ltr'><strong>qui</strong></span> <span class='ocrx_word' id='word_1_429' title='bbox 3030 2753 3360 2808; x_wconf 83' lang='lat' dir='ltr'><strong>divinissimi</strong></span> 
     </span>
    </p>
   </div>
   <div class='ocr_carea' id='block_1_57' title="bbox 1792 2843 3359 2914">
    <p class='ocr_par' dir='ltr' id='par_1_57' title="bbox 1792 2843 3359 2914">
     <span class='ocr_line' id='line_1_57' title="bbox 1792 2843 3359 2914; baseline 0.001 -17"><span class='ocrx_word' id='word_1_430' title='bbox 1792 2843 2042 2914; x_wconf 86' lang='lat' dir='ltr'><strong>Gregorii</strong></span> <span class='ocrx_word' id='word_1_431' title='bbox 2080 2857 2236 2897; x_wconf 90' lang='lat' dir='ltr'><strong>sacra</strong></span> <span class='ocrx_word' id='word_1_432' title='bbox 2260 2844 2511 2911; x_wconf 83' lang='lat' dir='ltr'><strong>dogmata</strong></span> <span class='ocrx_word' id='word_1_433' title='bbox 2547 2843 2651 2896; x_wconf 87' lang='lat' dir='ltr'><strong>sibi</strong></span> <span class='ocrx_word' id='word_1_434' title='bbox 2698 2844 2980 2897; x_wconf 85' lang='lat' dir='ltr'><strong>vindicant</strong></span> <span class='ocrx_word' id='word_1_435' title='bbox 3013 2860 3107 2913; x_wconf 90' lang='lat' dir='ltr'><strong>per</strong></span> <span class='ocrx_word' id='word_1_436' title='bbox 3131 2859 3359 2914; x_wconf 88' lang='lat' dir='ltr'><strong>pravam</strong></span> 
     </span>
    </p>
   </div>
   <div class='ocr_carea' id='block_1_58' title="bbox 1792 2931 3357 3004">
    <p class='ocr_par' dir='ltr' id='par_1_58' title="bbox 1792 2931 3357 3004">
     <span class='ocr_line' id='line_1_58' title="bbox 1792 2931 3357 3004; baseline 0.001 -18"><span class='ocrx_word' id='word_1_437' title='bbox 1792 2947 1946 2990; x_wconf 85' lang='lat' dir='ltr'><strong>suam</strong></span> <span class='ocrx_word' id='word_1_438' title='bbox 1997 2931 2411 3001; x_wconf 80' lang='lat' dir='ltr'><strong>intelligentiam</strong></span> <span class='ocrx_word' id='word_1_439' title='bbox 2464 2947 2723 2998; x_wconf 88' lang='lat' dir='ltr'><strong>germana</strong></span> <span class='ocrx_word' id='word_1_440' title='bbox 2790 2934 3208 3004; x_wconf 88' lang='lat' dir='ltr'><strong>interpretatio,</strong></span> <span class='ocrx_word' id='word_1_441' title='bbox 3247 2950 3357 3004; x_wconf 93' lang='lat' dir='ltr'><strong>qua</strong></span> 
     </span>
    </p>
   </div>
   <div class='ocr_carea' id='block_1_59' title="bbox 1793 3024 3354 3097">
    <p class='ocr_par' dir='ltr' id='par_1_59' title="bbox 1793 3024 3354 3097">
     <span class='ocr_line' id='line_1_59' title="bbox 1793 3024 3354 3097; baseline 0.003 -20"><span class='ocrx_word' id='word_1_442' title='bbox 1793 3025 1884 3078; x_wconf 90' lang='lat' dir='ltr'><strong>ille</strong></span> <span class='ocrx_word' id='word_1_443' title='bbox 1915 3024 2122 3077; x_wconf 81' lang='lat' dir='ltr'><strong>furtum</strong></span> <span class='ocrx_word' id='word_1_444' title='bbox 2151 3038 2340 3077; x_wconf 91' lang='lat' dir='ltr'><strong>eorum</strong></span> <span class='ocrx_word' id='word_1_445' title='bbox 2372 3025 2660 3093; x_wconf 85' lang='lat' dir='ltr'><strong>coarguit,</strong></span> <span class='ocrx_word' id='word_1_446' title='bbox 2695 3026 2788 3079; x_wconf 89' lang='lat' dir='ltr'><strong>sed</strong></span> <span class='ocrx_word' id='word_1_447' title='bbox 2833 3043 2941 3080; x_wconf 89' lang='lat' dir='ltr'><strong>non</strong></span> <span class='ocrx_word' id='word_1_448' title='bbox 2984 3027 3186 3081; x_wconf 88' lang='lat' dir='ltr'><strong>evertit</strong></span> <span class='ocrx_word' id='word_1_449' title='bbox 3230 3043 3354 3097; x_wconf 79' lang='lat' dir='ltr'><strong>quae</strong></span> 
     </span>
    </p>
   </div>
   <div class='ocr_carea' id='block_1_60' title="bbox 120 3093 1709 3198">
    <p class='ocr_par' dir='ltr' id='par_1_60' title="bbox 120 3093 1688 3177">
     <span class='ocr_line' id='line_1_60' title="bbox 120 3093 1688 3177; baseline 0.013 -33"><span class='ocrx_word' id='word_1_450' title='bbox 120 3093 384 3158; x_wconf 87' lang='grc' dir='ltr'>φαίνοιτο.</span> <span class='ocrx_word' id='word_1_451' title='bbox 421 3097 483 3149; x_wconf 84' lang='grc' dir='ltr'><strong>Εἰ</strong></span> <span class='ocrx_word' id='word_1_452' title='bbox 514 3099 570 3150; x_wconf 87' lang='grc' dir='ltr'><strong>δέ</strong></span> <span class='ocrx_word' id='word_1_453' title='bbox 618 3117 669 3154; x_wconf 89' lang='grc' dir='ltr'><strong>τι</strong></span> <span class='ocrx_word' id='word_1_454' title='bbox 719 3102 1015 3173; x_wconf 83' lang='grc' dir='ltr'>βαθύτερον</span> <span class='ocrx_word' id='word_1_455' title='bbox 1044 3105 1354 3177; x_wconf 81' lang='grc' dir='ltr'>ὲξευρεθείη</span> <span class='ocrx_word' id='word_1_456' title='bbox 1401 3110 1479 3177; x_wconf 82' lang='grc' dir='ltr'>τῷ</span> <span class='ocrx_word' id='word_1_457' title='bbox 1525 3112 1688 3177; x_wconf 88' lang='grc' dir='ltr'>άγιω-</span> 
     </span>
    </p>
   </div>
   <div class='ocr_carea' id='block_1_61' title="bbox 1795 3093 3361 3198">
    <p class='ocr_par' dir='ltr' id='par_1_61' title="bbox 1795 3093 3361 3189">
     <span class='ocr_line' id='line_1_61' title="bbox 1795 3093 3361 3189; baseline 0.001 -19"><span class='ocrx_word' id='word_1_458' title='bbox 1795 3115 1956 3170; x_wconf 92' lang='lat' dir='ltr'><strong>modo</strong></span> <span class='ocrx_word' id='word_1_459' title='bbox 1982 3117 2122 3169; x_wconf 86' lang='lat' dir='ltr'><strong>dicta</strong></span> <span class='ocrx_word' id='word_1_460' title='bbox 2163 3124 2324 3181; x_wconf 88' lang='lat' dir='ltr'><strong>sunt,</strong></span> <span class='ocrx_word' id='word_1_461' title='bbox 2377 3126 2436 3170; x_wconf 92' lang='lat' dir='ltr'><strong>ut</strong></span> <span class='ocrx_word' id='word_1_462' title='bbox 2481 3118 2642 3170; x_wconf 90' lang='lat' dir='ltr'><strong>nobis</strong></span> <span class='ocrx_word' id='word_1_463' title='bbox 2691 3118 2921 3174; x_wconf 89' lang='lat' dir='ltr'><strong>videtur.</strong></span> <span class='ocrx_word' id='word_1_464' title='bbox 2966 3117 3121 3184; x_wconf 84' lang='lat' dir='ltr'><strong>Quod</strong></span> <span class='ocrx_word' id='word_1_465' title='bbox 3161 3120 3206 3173; x_wconf 91' lang='lat' dir='ltr'><strong>si</strong></span> <span class='ocrx_word' id='word_1_466' title='bbox 3234 3093 3361 3189; x_wconf 83' lang='lat' dir='ltr'><strong>pro-</strong></span> 
     </span>
    </p>
   </div>
   <div class='ocr_carea' id='block_1_62' title="bbox 118 3183 1709 3278">
    <p class='ocr_par' dir='ltr' id='par_1_62' title="bbox 118 3183 1688 3278">
     <span class='ocr_line' id='line_1_62' title="bbox 118 3183 1688 3278; baseline 0.013 -42"><span class='ocrx_word' id='word_1_467' title='bbox 118 3183 263 3278; x_wconf 74' lang='grc' dir='ltr'>τάτῳ</span> <span class='ocrx_word' id='word_1_468' title='bbox 306 3191 698 3278; x_wconf 81' lang='grc' dir='ltr'>μητροπολίτῃ,</span> <span class='ocrx_word' id='word_1_469' title='bbox 755 3194 1098 3265; x_wconf 86' lang='grc' dir='ltr'>ἀκουσόμεθα</span> <span class='ocrx_word' id='word_1_470' title='bbox 1163 3199 1345 3254; x_wconf 84' lang='grc' dir='ltr'>πάλιν.</span> <span class='ocrx_word' id='word_1_471' title='bbox 1387 3202 1539 3255; x_wconf 72' lang='grc' dir='ltr'>Ἐπεὶ</span> <span class='ocrx_word' id='word_1_472' title='bbox 1597 3205 1688 3255; x_wconf 71' lang='grc' dir='ltr'><strong>καὶ</strong></span> 
     </span>
    </p>
   </div>
   <div class='ocr_carea' id='block_1_63' title="bbox 1795 3183 3360 3278">
    <p class='ocr_par' dir='ltr' id='par_1_63' title="bbox 1795 3183 3360 3278">
     <span class='ocr_line' id='line_1_63' title="bbox 1795 3183 3360 3278; baseline 0.004 -19"><span class='ocrx_word' id='word_1_473' title='bbox 1795 3208 2015 3262; x_wconf 83' lang='lat' dir='ltr'><strong>fundius</strong></span> <span class='ocrx_word' id='word_1_474' title='bbox 2068 3207 2275 3276; x_wconf 88' lang='lat' dir='ltr'><strong>aliquid</strong></span> <span class='ocrx_word' id='word_1_475' title='bbox 2334 3208 2705 3278; x_wconf 88' lang='lat' dir='ltr'><strong>excogitatum</strong></span> <span class='ocrx_word' id='word_1_476' title='bbox 2749 3209 2915 3263; x_wconf 85' lang='lat' dir='ltr'><strong>fuerit</strong></span> <span class='ocrx_word' id='word_1_477' title='bbox 2954 3183 3360 3266; x_wconf 17' lang='lat' dir='ltr'><strong>aisanctiss-imo</strong></span> 
     </span>
    </p>
   </div>
   <div class='ocr_carea' id='block_1_64' title="bbox 117 3275 1689 3362">
    <p class='ocr_par' dir='ltr' id='par_1_64' title="bbox 117 3275 1689 3362">
     <span class='ocr_line' id='line_1_64' title="bbox 117 3275 1689 3362; baseline 0.015 -37"><span class='ocrx_word' id='word_1_478' title='bbox 117 3275 148 3324; x_wconf 86' lang='lat'><strong>6</strong></span> <span class='ocrx_word' id='word_1_479' title='bbox 203 3277 499 3345; x_wconf 79' lang='grc' dir='ltr'>ἱερώτατος</span> <span class='ocrx_word' id='word_1_480' title='bbox 552 3285 708 3353; x_wconf 84' lang='grc' dir='ltr'>ἡμῶν</span> <span class='ocrx_word' id='word_1_481' title='bbox 768 3288 1112 3359; x_wconf 88' lang='grc' dir='ltr'>πατριάρχης</span> <span class='ocrx_word' id='word_1_482' title='bbox 1164 3291 1416 3362; x_wconf 87' lang='grc' dir='ltr'>άκηκοως</span> <span class='ocrx_word' id='word_1_483' title='bbox 1472 3295 1537 3347; x_wconf 78' lang='grc' dir='ltr'>τὰ</span> <span class='ocrx_word' id='word_1_484' title='bbox 1605 3295 1689 3346; x_wconf 90' lang='grc' dir='ltr'>λε-</span> 
     </span>
    </p>
   </div>
   <div class='ocr_carea' id='block_1_65' title="bbox 119 3369 1685 3510">
    <p class='ocr_par' dir='ltr' id='par_1_65' title="bbox 119 3369 1685 3510">
     <span class='ocr_line' id='line_1_65' title="bbox 119 3369 1685 3510; baseline 0.013 -90"><span class='ocrx_word' id='word_1_485' title='bbox 119 3369 316 3510; x_wconf 64' lang='grc' dir='ltr'>χθέντα</span> <span class='ocrx_word' id='word_1_486' title='bbox 337 3376 415 3446; x_wconf 82' lang='grc' dir='ltr'>τῷ</span> <span class='ocrx_word' id='word_1_487' title='bbox 437 3377 576 3447; x_wconf 85' lang='grc' dir='ltr'>ἀγίῳ</span> <span class='ocrx_word' id='word_1_488' title='bbox 589 3379 1007 3451; x_wconf 81' lang='grc' dir='ltr'>Μαξίμῳ,ούδὲν</span> <span class='ocrx_word' id='word_1_489' title='bbox 1025 3383 1130 3436; x_wconf 84' lang='grc' dir='ltr'><strong>ἀπε</strong></span> <span class='ocrx_word' id='word_1_490' title='bbox 1139 3388 1367 3453; x_wconf 84' lang='grc' dir='ltr'>μφαίνον</span> <span class='ocrx_word' id='word_1_491' title='bbox 1388 3387 1685 3456; x_wconf 86' lang='grc' dir='ltr'>τηνικαῦτα</span> 
     </span>
     <span class='ocr_line' id='line_1_66' title="bbox 150 3478 338 3510; baseline 0 0"><span class='ocrx_word' id='word_1_492' title='bbox 150 3478 217 3510; x_wconf 70' lang='grc' dir='ltr'>ωτὶ</span> <span class='ocrx_word' id='word_1_493' title='bbox 227 3479 338 3510; x_wconf 74' lang='grc' dir='ltr'>σευ-</span> 
     </span>
    </p>
   </div>
   <div class='ocr_carea' id='block_1_66' title="bbox 150 3478 338 3532">
    <p class='ocr_par' dir='ltr' id='par_1_66' title="bbox 150 3478 338 3532">
     <span class='ocr_line' id='line_1_67' title="bbox 150 3478 338 3532; baseline 0.037 -18"><span class='ocrx_word' id='word_1_494' title='bbox 150 3478 338 3532; x_wconf 84' lang='grc' dir='ltr'>φησεν.</span> 
     </span>
    </p>
   </div>
   <div class='ocr_carea' id='block_1_67' title="bbox 397 3579 1399 3660">
    <p class='ocr_par' dir='ltr' id='par_1_67' title="bbox 397 3579 1399 3660">
     <span class='ocr_line' id='line_1_68' title="bbox 397 3579 1399 3660; baseline 0.014 -27"><span class='ocrx_word' id='word_1_495' title='bbox 397 3579 545 3634; x_wconf 85' lang='grc' dir='ltr'><strong>ΡΞΑ’</strong></span> <span class='ocrx_word' id='word_1_496' title='bbox 578 3583 710 3652; x_wconf 81' lang='grc'><strong>(55).</strong></span> <span class='ocrx_word' id='word_1_497' title='bbox 734 3615 800 3626; x_wconf 93' lang='grc'><strong><em>-</em></strong></span> <span class='ocrx_word' id='word_1_498' title='bbox 822 3586 1046 3656; x_wconf 80' lang='grc' dir='ltr'>Νικήτᾳ</span> <span class='ocrx_word' id='word_1_499' title='bbox 1073 3591 1399 3660; x_wconf 80' lang='grc' dir='ltr'>Σπαθαρίῳ.</span> 
     </span>
    </p>
   </div>
   <div class='ocr_carea' id='block_1_68' title="bbox 1795 3297 3359 3364">
    <p class='ocr_par' dir='ltr' id='par_1_68' title="bbox 1795 3297 3359 3364">
     <span class='ocr_line' id='line_1_69' title="bbox 1795 3297 3359 3364; baseline 0.004 -14"><span class='ocrx_word' id='word_1_500' title='bbox 1795 3297 2134 3364; x_wconf 89' lang='lat' dir='ltr'><strong>metropolita</strong></span> <span class='ocrx_word' id='word_1_501' title='bbox 2157 3338 2172 3361; x_wconf 86' lang='lat'><strong>,</strong></span> <span class='ocrx_word' id='word_1_502' title='bbox 2201 3297 2395 3350; x_wconf 89' lang='lat' dir='ltr'><strong>iterum</strong></span> <span class='ocrx_word' id='word_1_503' title='bbox 2416 3299 2723 3355; x_wconf 90' lang='lat' dir='ltr'><strong>audiemus.</strong></span> <span class='ocrx_word' id='word_1_504' title='bbox 2745 3299 2876 3353; x_wconf 78' lang='lat' dir='ltr'><strong>Nam</strong></span> <span class='ocrx_word' id='word_1_505' title='bbox 2900 3310 2953 3355; x_wconf 93' lang='lat' dir='ltr'><strong>et</strong></span> <span class='ocrx_word' id='word_1_506' title='bbox 2976 3301 3359 3356; x_wconf 83' lang='lat' dir='ltr'><strong>sanctissimus</strong></span> 
     </span>
    </p>
   </div>
   <div class='ocr_carea' id='block_1_69' title="bbox 1794 3388 3357 3459">
    <p class='ocr_par' dir='ltr' id='par_1_69' title="bbox 1794 3388 3357 3459">
     <span class='ocr_line' id='line_1_70' title="bbox 1794 3388 3357 3459; baseline 0.005 -21"><span class='ocrx_word' id='word_1_507' title='bbox 1794 3388 2102 3455; x_wconf 74' lang='lat' dir='ltr'><strong>patriarcha</strong></span> <span class='ocrx_word' id='word_1_508' title='bbox 2128 3395 2312 3441; x_wconf 88' lang='lat' dir='ltr'><strong>noster</strong></span> <span class='ocrx_word' id='word_1_509' title='bbox 2347 3389 2413 3441; x_wconf 91' lang='lat' dir='ltr'><strong>iis</strong></span> <span class='ocrx_word' id='word_1_510' title='bbox 2444 3389 2648 3444; x_wconf 86' lang='lat' dir='ltr'><strong>auditis</strong></span> <span class='ocrx_word' id='word_1_511' title='bbox 2676 3406 2798 3459; x_wconf 66' lang='lat' dir='ltr'><strong>quae</strong></span> <span class='ocrx_word' id='word_1_512' title='bbox 2826 3406 2854 3444; x_wconf 91' lang='lat' dir='ltr'><strong>a</strong></span> <span class='ocrx_word' id='word_1_513' title='bbox 2893 3403 3086 3446; x_wconf 89' lang='lat' dir='ltr'><strong>sancto</strong></span> <span class='ocrx_word' id='word_1_514' title='bbox 3120 3391 3357 3446; x_wconf 82' lang='lat' dir='ltr'><strong>Maximo</strong></span> 
     </span>
    </p>
   </div>
   <div class='ocr_carea' id='block_1_70' title="bbox 1791 3480 3078 3544">
    <p class='ocr_par' dir='ltr' id='par_1_70' title="bbox 1791 3480 3078 3544">
     <span class='ocr_line' id='line_1_71' title="bbox 1791 3480 3078 3544; baseline 0.001 -8"><span class='ocrx_word' id='word_1_515' title='bbox 1791 3490 1918 3536; x_wconf 87' lang='lat' dir='ltr'><strong>sunt</strong></span> <span class='ocrx_word' id='word_1_516' title='bbox 1944 3481 2118 3544; x_wconf 83' lang='lat' dir='ltr'><strong>dicta,</strong></span> <span class='ocrx_word' id='word_1_517' title='bbox 2158 3480 2292 3534; x_wconf 88' lang='lat' dir='ltr'><strong>nihil</strong></span> <span class='ocrx_word' id='word_1_518' title='bbox 2331 3481 2736 3536; x_wconf 87' lang='lat' dir='ltr'><strong>dissentaneum</strong></span> <span class='ocrx_word' id='word_1_519' title='bbox 2769 3491 2896 3536; x_wconf 90' lang='lat' dir='ltr'><strong>tunc</strong></span> <span class='ocrx_word' id='word_1_520' title='bbox 2924 3484 3078 3538; x_wconf 80' lang='lat' dir='ltr'><strong>dixit.</strong></span> 
     </span>
    </p>
   </div>
   <div class='ocr_carea' id='block_1_71' title="bbox 2137 3591 3004 3668">
    <p class='ocr_par' dir='ltr' id='par_1_71' title="bbox 2137 3591 3004 3668">
     <span class='ocr_line' id='line_1_72' title="bbox 2137 3591 3004 3668; baseline 0.005 -20"><span class='ocrx_word' id='word_1_521' title='bbox 2137 3591 2319 3648; x_wconf 76' lang='lat' dir='ltr'><strong>CLXI.</strong></span> <span class='ocrx_word' id='word_1_522' title='bbox 2369 3592 2570 3647; x_wconf 73' lang='grc' dir='ltr'>Νἱεειω</span> <span class='ocrx_word' id='word_1_523' title='bbox 2608 3593 3004 3668; x_wconf 69' lang='grc' dir='ltr'>8ραι1ιατίο(*).</span> 
     </span>
    </p>
   </div>
   <div class='ocr_carea' id='block_1_72' title="bbox 119 3686 3358 3768">
    <p class='ocr_par' dir='ltr' id='par_1_72' title="bbox 119 3686 3358 3768">
     <span class='ocr_line' id='line_1_73' title="bbox 119 3686 3358 3768; baseline 0.006 -31"><span class='ocrx_word' id='word_1_524' title='bbox 119 3686 193 3737; x_wconf 87' lang='lat' dir='ltr'><strong>De</strong></span> <span class='ocrx_word' id='word_1_525' title='bbox 219 3693 528 3745; x_wconf 74' lang='lat' dir='ltr'><strong>sanctissima</strong></span> <span class='ocrx_word' id='word_1_526' title='bbox 549 3697 728 3768; x_wconf 77' lang='lat' dir='ltr'><strong>Christi</strong></span> <span class='ocrx_word' id='word_1_527' title='bbox 752 3698 968 3768; x_wconf 79' lang='lat' dir='ltr'><strong>imagine</strong></span> <span class='ocrx_word' id='word_1_528' title='bbox 991 3715 1002 3768; x_wconf 89' lang='lat'><strong>_:</strong></span> <span class='ocrx_word' id='word_1_529' title='bbox 1029 3707 1081 3768; x_wconf 78' lang='lat' dir='ltr'><strong>et</strong></span> <span class='ocrx_word' id='word_1_530' title='bbox 1103 3704 1232 3768; x_wconf 84' lang='lat' dir='ltr'><strong>quod</strong></span> <span class='ocrx_word' id='word_1_531' title='bbox 1259 3703 1516 3755; x_wconf 87' lang='lat' dir='ltr'><strong>idololatra</strong></span> <span class='ocrx_word' id='word_1_532' title='bbox 1534 3705 1703 3767; x_wconf 85' lang='lat' dir='ltr'><strong>sitqui</strong></span> <span class='ocrx_word' id='word_1_533' title='bbox 1725 3705 1983 3768; x_wconf 76' lang='lat' dir='ltr'><strong>imaginem</strong></span> <span class='ocrx_word' id='word_1_534' title='bbox 2009 3703 2355 3768; x_wconf 86' lang='lat' dir='ltr'><strong>Cbristilatria</strong></span> <span class='ocrx_word' id='word_1_535' title='bbox 2376 3705 2749 3768; x_wconf 74' lang='lat' dir='ltr'><strong>colit.Belativa</strong></span> <span class='ocrx_word' id='word_1_536' title='bbox 2767 3709 2898 3755; x_wconf 88' lang='lat' dir='ltr'><strong>enim</strong></span> <span class='ocrx_word' id='word_1_537' title='bbox 2925 3709 3031 3756; x_wconf 89' lang='lat' dir='ltr'><strong>cius</strong></span> <span class='ocrx_word' id='word_1_538' title='bbox 3052 3705 3358 3767; x_wconf 82' lang='lat' dir='ltr'><strong>adoratio,et</strong></span> 
     </span>
    </p>
   </div>
   <div class='ocr_carea' id='block_1_73' title="bbox 646 3760 2831 3829">
    <p class='ocr_par' dir='ltr' id='par_1_73' title="bbox 646 3760 2831 3829">
     <span class='ocr_line' id='line_1_74' title="bbox 646 3760 2831 3829; baseline 0.003 -19"><span class='ocrx_word' id='word_1_539' title='bbox 646 3760 732 3822; x_wconf 92' lang='lat' dir='ltr'><strong>qui</strong></span> <span class='ocrx_word' id='word_1_540' title='bbox 758 3761 809 3812; x_wconf 88' lang='lat' dir='ltr'><strong>in</strong></span> <span class='ocrx_word' id='word_1_541' title='bbox 848 3760 905 3811; x_wconf 82' lang='lat' dir='ltr'><strong>éa</strong></span> <span class='ocrx_word' id='word_1_542' title='bbox 927 3760 1139 3813; x_wconf 82' lang='lat' dir='ltr'><strong>relative</strong></span> <span class='ocrx_word' id='word_1_543' title='bbox 1163 3766 1391 3814; x_wconf 89' lang='lat' dir='ltr'><strong>adoratur</strong></span> <span class='ocrx_word' id='word_1_544' title='bbox 1413 3760 1646 3818; x_wconf 71' lang='lat' dir='ltr'><strong>Christus</strong></span> <span class='ocrx_word' id='word_1_545' title='bbox 1669 3768 1808 3818; x_wconf 86' lang='lat' dir='ltr'><strong>latria</strong></span> <span class='ocrx_word' id='word_1_546' title='bbox 1820 3760 2026 3816; x_wconf 45' lang='lat' dir='ltr'><strong>&quot;colitur</strong></span> <span class='ocrx_word' id='word_1_547' title='bbox 2045 3781 2155 3815; x_wconf 90' lang='lat' dir='ltr'><strong>cum</strong></span> <span class='ocrx_word' id='word_1_548' title='bbox 2180 3767 2327 3816; x_wconf 81' lang='lat' dir='ltr'><strong>Patre</strong></span> <span class='ocrx_word' id='word_1_549' title='bbox 2353 3774 2404 3818; x_wconf 89' lang='lat' dir='ltr'><strong>et</strong></span> <span class='ocrx_word' id='word_1_550' title='bbox 2425 3777 2592 3818; x_wconf 91' lang='lat' dir='ltr'><strong>sancto</strong></span> <span class='ocrx_word' id='word_1_551' title='bbox 2625 3767 2831 3829; x_wconf 82' lang='lat' dir='ltr'><strong>Spiritu.</strong></span> 
     </span>
    </p>
   </div>
   <div class='ocr_carea' id='block_1_74' title="bbox 202 3836 1684 3920">
    <p class='ocr_par' dir='ltr' id='par_1_74' title="bbox 202 3836 1684 3920">
     <span class='ocr_line' id='line_1_75' title="bbox 202 3836 1684 3920; baseline 0.011 -32"><span class='ocrx_word' id='word_1_552' title='bbox 202 3836 472 3911; x_wconf 87' lang='grc' dir='ltr'>Ἐδηλώθη</span> <span class='ocrx_word' id='word_1_553' title='bbox 518 3859 606 3912; x_wconf 85' lang='grc' dir='ltr'><strong>μοι</strong></span> <span class='ocrx_word' id='word_1_554' title='bbox 645 3845 749 3898; x_wconf 83' lang='grc' dir='ltr'><strong>ὑπὸ</strong></span> <span class='ocrx_word' id='word_1_555' title='bbox 786 3846 876 3900; x_wconf 90' lang='grc' dir='ltr'><strong>τοῦ</strong></span> <span class='ocrx_word' id='word_1_556' title='bbox 908 3847 1070 3900; x_wconf 89' lang='grc' dir='ltr'>καλοῦ</span> <span class='ocrx_word' id='word_1_557' title='bbox 1103 3865 1195 3900; x_wconf 90' lang='grc' dir='ltr'><strong>σου</strong></span> <span class='ocrx_word' id='word_1_558' title='bbox 1218 3850 1469 3920; x_wconf 86' lang='grc' dir='ltr'>ἀδελφοῦ,</span> <span class='ocrx_word' id='word_1_559' title='bbox 1497 3854 1577 3904; x_wconf 86' lang='grc' dir='ltr'>ὅτι</span> <span class='ocrx_word' id='word_1_560' title='bbox 1603 3870 1684 3915; x_wconf 88' lang='grc' dir='ltr'><strong>τις</strong></span> 
     </span>
    </p>
   </div>
   <div class='ocr_carea' id='block_1_75' title="bbox 117 3925 1682 4014">
    <p class='ocr_par' dir='ltr' id='par_1_75' title="bbox 117 3925 1682 4014">
     <span class='ocr_line' id='line_1_76' title="bbox 117 3925 1682 4014; baseline 0.013 -38"><span class='ocrx_word' id='word_1_561' title='bbox 117 3925 224 3978; x_wconf 85' lang='grc' dir='ltr'>τῶν</span> <span class='ocrx_word' id='word_1_562' title='bbox 250 3931 536 4003; x_wconf 70' lang='grc' dir='ltr'>ἡμετέρων</span> <span class='ocrx_word' id='word_1_563' title='bbox 567 3936 836 4007; x_wconf 75' lang='grc' dir='ltr'>ἱεράρχῶν</span> <span class='ocrx_word' id='word_1_564' title='bbox 870 3939 1142 3992; x_wconf 82' lang='grc' dir='ltr'>ὲνδιέὸαλέ</span> <span class='ocrx_word' id='word_1_565' title='bbox 1166 3958 1232 4009; x_wconf 91' lang='grc' dir='ltr'><strong>με</strong></span> <span class='ocrx_word' id='word_1_566' title='bbox 1263 3945 1354 3995; x_wconf 77' lang='grc' dir='ltr'>ἐπὶ</span> <span class='ocrx_word' id='word_1_567' title='bbox 1381 3944 1475 3996; x_wconf 90' lang='grc' dir='ltr'><strong>τοῦ</strong></span> <span class='ocrx_word' id='word_1_568' title='bbox 1502 3946 1682 4014; x_wconf 87' lang='grc' dir='ltr'>τιμίου</span> 
     </span>
    </p>
   </div>
   <div class='ocr_carea' id='block_1_76' title="bbox 120 4021 1684 4105">
    <p class='ocr_par' dir='ltr' id='par_1_76' title="bbox 120 4021 1684 4105">
     <span class='ocr_line' id='line_1_77' title="bbox 120 4021 1684 4105; baseline 0.012 -35"><span class='ocrx_word' id='word_1_569' title='bbox 120 4021 413 4089; x_wconf 83' lang='grc' dir='ltr'>προσώπου</span> <span class='ocrx_word' id='word_1_570' title='bbox 454 4027 552 4096; x_wconf 79' lang='grc' dir='ltr'><strong>τῆς</strong></span> <span class='ocrx_word' id='word_1_571' title='bbox 600 4030 820 4099; x_wconf 81' lang='grc' dir='ltr'>ἀγάπης</span> <span class='ocrx_word' id='word_1_572' title='bbox 870 4047 983 4094; x_wconf 89' lang='grc' dir='ltr'>σου,</span> <span class='ocrx_word' id='word_1_573' title='bbox 1018 4032 1093 4093; x_wconf 81' lang='grc' dir='ltr'>ὡς</span> <span class='ocrx_word' id='word_1_574' title='bbox 1143 4031 1554 4105; x_wconf 83' lang='grc' dir='ltr'>θεοποιούμενον</span> <span class='ocrx_word' id='word_1_575' title='bbox 1585 4038 1684 4105; x_wconf 85' lang='grc' dir='ltr'>τὴν</span> 
     </span>
    </p>
   </div>
   <div class='ocr_carea' id='block_1_77' title="bbox 117 4110 1684 4196">
    <p class='ocr_par' dir='ltr' id='par_1_77' title="bbox 117 4110 1684 4196">
     <span class='ocr_line' id='line_1_78' title="bbox 117 4110 1684 4196; baseline 0.011 -35"><span class='ocrx_word' id='word_1_576' title='bbox 117 4110 354 4181; x_wconf 82' lang='grc' dir='ltr'>Χριστοῦ</span> <span class='ocrx_word' id='word_1_577' title='bbox 385 4117 571 4170; x_wconf 77' lang='grc' dir='ltr'>εἰκόνα</span> <span class='ocrx_word' id='word_1_578' title='bbox 594 4135 607 4148; x_wconf 93' lang='grc'><strong>·</strong></span> <span class='ocrx_word' id='word_1_579' title='bbox 657 4121 748 4172; x_wconf 79' lang='grc' dir='ltr'><strong>καὶ</strong></span> <span class='ocrx_word' id='word_1_580' title='bbox 799 4120 957 4175; x_wconf 84' lang='grc' dir='ltr'>τοῦτο</span> <span class='ocrx_word' id='word_1_581' title='bbox 995 4125 1205 4176; x_wconf 86' lang='grc' dir='ltr'>κεῖσθαι</span> <span class='ocrx_word' id='word_1_582' title='bbox 1231 4127 1287 4176; x_wconf 82' lang='grc' dir='ltr'><strong>ὲν</strong></span> <span class='ocrx_word' id='word_1_583' title='bbox 1317 4128 1382 4194; x_wconf 85' lang='grc' dir='ltr'><strong>τῇ</strong></span> <span class='ocrx_word' id='word_1_584' title='bbox 1428 4127 1562 4196; x_wconf 58' lang='grc' dir='ltr'>πρὸς</span> <span class='ocrx_word' id='word_1_585' title='bbox 1592 4128 1684 4179; x_wconf 87' lang='grc' dir='ltr'><strong>τὸν</strong></span> 
     </span>
    </p>
   </div>
   <div class='ocr_carea' id='block_1_78' title="bbox 118 4201 1680 4291">
    <p class='ocr_par' dir='ltr' id='par_1_78' title="bbox 118 4201 1680 4291">
     <span class='ocr_line' id='line_1_79' title="bbox 118 4201 1680 4291; baseline 0.012 -39"><span class='ocrx_word' id='word_1_586' title='bbox 118 4201 344 4291; x_wconf 82' lang='grc' dir='ltr'>ἀδελφὸν</span> <span class='ocrx_word' id='word_1_587' title='bbox 387 4209 704 4263; x_wconf 85' lang='grc' dir='ltr'>Ἀθανάσιον</span> <span class='ocrx_word' id='word_1_588' title='bbox 740 4214 994 4285; x_wconf 74' lang='grc' dir='ltr'>ἐπιστολῇ</span> <span class='ocrx_word' id='word_1_589' title='bbox 1048 4232 1169 4284; x_wconf 90' lang='grc' dir='ltr'>μου.</span> <span class='ocrx_word' id='word_1_590' title='bbox 1229 4213 1408 4291; x_wconf 79' lang='grc' dir='ltr'><strong>Ἐφ’ᾗ</strong></span> <span class='ocrx_word' id='word_1_591' title='bbox 1461 4219 1680 4291; x_wconf 80' lang='grc' dir='ltr'>διαϐολῇ</span> 
     </span>
    </p>
   </div>
   <div class='ocr_carea' id='block_1_79' title="bbox 118 4289 1683 4377">
    <p class='ocr_par' dir='ltr' id='par_1_79' title="bbox 118 4289 1683 4377">
     <span class='ocr_line' id='line_1_80' title="bbox 118 4289 1683 4377; baseline 0.014 -37"><span class='ocrx_word' id='word_1_592' title='bbox 118 4289 377 4358; x_wconf 78' lang='grc' dir='ltr'>ὲστέναξα</span> <span class='ocrx_word' id='word_1_593' title='bbox 423 4299 451 4349; x_wconf 89' lang='lat'><strong>6</strong></span> <span class='ocrx_word' id='word_1_594' title='bbox 479 4300 750 4362; x_wconf 83' lang='grc' dir='ltr'>ταπεινὸς,</span> <span class='ocrx_word' id='word_1_595' title='bbox 779 4303 1126 4372; x_wconf 75' lang='grc' dir='ltr'>ἐννοούμενος</span> <span class='ocrx_word' id='word_1_596' title='bbox 1152 4305 1263 4368; x_wconf 86' lang='grc' dir='ltr'><strong>πῶς</strong></span> <span class='ocrx_word' id='word_1_597' title='bbox 1294 4308 1343 4358; x_wconf 75' lang='grc' dir='ltr'>οἱ</span> <span class='ocrx_word' id='word_1_598' title='bbox 1382 4308 1683 4377; x_wconf 84' lang='grc' dir='ltr'>κατηγγελ-</span> 
     </span>
    </p>
   </div>
   <div class='ocr_carea' id='block_1_80' title="bbox 122 4385 1684 4470">
    <p class='ocr_par' dir='ltr' id='par_1_80' title="bbox 122 4385 1684 4470">
     <span class='ocr_line' id='line_1_81' title="bbox 122 4385 1684 4470; baseline 0.014 -36"><span class='ocrx_word' id='word_1_599' title='bbox 122 4385 270 4451; x_wconf 84' lang='grc' dir='ltr'>μένοι</span> <span class='ocrx_word' id='word_1_600' title='bbox 317 4392 414 4443; x_wconf 83' lang='grc' dir='ltr'><strong>καὶ</strong></span> <span class='ocrx_word' id='word_1_601' title='bbox 469 4393 601 4460; x_wconf 77' lang='grc' dir='ltr'>περὶ</span> <span class='ocrx_word' id='word_1_602' title='bbox 643 4394 825 4463; x_wconf 80' lang='grc' dir='ltr'>ἀργοῦ</span> <span class='ocrx_word' id='word_1_603' title='bbox 842 4396 1110 4466; x_wconf 80' lang='grc' dir='ltr'>ῥήματος</span> <span class='ocrx_word' id='word_1_604' title='bbox 1136 4398 1352 4452; x_wconf 85' lang='grc' dir='ltr'>δώσειν</span> <span class='ocrx_word' id='word_1_605' title='bbox 1379 4403 1565 4470; x_wconf 71' lang='grc' dir='ltr'>λόγον</span> <span class='ocrx_word' id='word_1_606' title='bbox 1615 4403 1684 4455; x_wconf 76' lang='grc' dir='ltr'><strong>ἐν</strong></span> 
     </span>
    </p>
   </div>
   <div class='ocr_carea' id='block_1_81' title="bbox 118 4476 1684 4564">
    <p class='ocr_par' dir='ltr' id='par_1_81' title="bbox 118 4476 1684 4564">
     <span class='ocr_line' id='line_1_82' title="bbox 118 4476 1684 4564; baseline 0.011 -33"><span class='ocrx_word' id='word_1_607' title='bbox 118 4476 304 4546; x_wconf 77' lang='grc' dir='ltr'>ἡμέρᾳ</span> <span class='ocrx_word' id='word_1_608' title='bbox 346 4484 624 4551; x_wconf 81' lang='grc' dir='ltr'>κρίσεως,</span> <span class='ocrx_word' id='word_1_609' title='bbox 671 4487 898 4541; x_wconf 73' lang='grc' dir='ltr'>ἐπὶτῶν</span> <span class='ocrx_word' id='word_1_610' title='bbox 945 4489 1088 4542; x_wconf 84' lang='grc' dir='ltr'>οὕτω</span> <span class='ocrx_word' id='word_1_611' title='bbox 1120 4493 1424 4559; x_wconf 76' lang='grc' dir='ltr'>μεγίστων·</span> <span class='ocrx_word' id='word_1_612' title='bbox 1474 4494 1529 4546; x_wconf 88' lang='grc' dir='ltr'><strong>τί</strong></span> <span class='ocrx_word' id='word_1_613' title='bbox 1576 4496 1684 4564; x_wconf 82' lang='grc' dir='ltr'>γὰρ</span> 
     </span>
    </p>
   </div>
   <div class='ocr_carea' id='block_1_82' title="bbox 1856 3850 3356 3922">
    <p class='ocr_par' dir='ltr' id='par_1_82' title="bbox 1856 3850 3356 3922">
     <span class='ocr_line' id='line_1_83' title="bbox 1856 3850 3356 3922; baseline 0.001 -16"><span class='ocrx_word' id='word_1_614' title='bbox 1856 3851 2063 3906; x_wconf 86' lang='lat' dir='ltr'><strong>Certior</strong></span> <span class='ocrx_word' id='word_1_615' title='bbox 2086 3850 2258 3906; x_wconf 78' lang='lat' dir='ltr'><strong>iactus</strong></span> <span class='ocrx_word' id='word_1_616' title='bbox 2282 3869 2400 3905; x_wconf 88' lang='lat' dir='ltr'><strong>sum</strong></span> <span class='ocrx_word' id='word_1_617' title='bbox 2433 3853 2501 3905; x_wconf 88' lang='lat' dir='ltr'><strong>ab</strong></span> <span class='ocrx_word' id='word_1_618' title='bbox 2519 3857 2728 3922; x_wconf 85' lang='lat' dir='ltr'><strong>egregio</strong></span> <span class='ocrx_word' id='word_1_619' title='bbox 2747 3852 2913 3905; x_wconf 80' lang='lat' dir='ltr'><strong>fratre</strong></span> <span class='ocrx_word' id='word_1_620' title='bbox 2936 3861 3047 3914; x_wconf 90' lang='lat' dir='ltr'><strong>tuo,</strong></span> <span class='ocrx_word' id='word_1_621' title='bbox 3067 3853 3356 3921; x_wconf 87' lang='lat' dir='ltr'><strong>quemdam</strong></span> 
     </span>
    </p>
   </div>
   <div class='ocr_carea' id='block_1_83' title="bbox 1785 3942 3359 4012">
    <p class='ocr_par' dir='ltr' id='par_1_83' title="bbox 1785 3942 3359 4012">
     <span class='ocr_line' id='line_1_84' title="bbox 1785 3942 3359 4012; baseline 0.001 -15"><span class='ocrx_word' id='word_1_622' title='bbox 1785 3959 1851 3998; x_wconf 81' lang='lat' dir='ltr'><strong>ex</strong></span> <span class='ocrx_word' id='word_1_623' title='bbox 1873 3942 2140 4012; x_wconf 89' lang='lat' dir='ltr'><strong>episcopis</strong></span> <span class='ocrx_word' id='word_1_624' title='bbox 2160 3946 2359 3996; x_wconf 85' lang='lat' dir='ltr'><strong>nostris</strong></span> <span class='ocrx_word' id='word_1_625' title='bbox 2385 3944 2716 3997; x_wconf 84' lang='lat' dir='ltr'><strong>obtrectasse</strong></span> <span class='ocrx_word' id='word_1_626' title='bbox 2737 3943 2868 3996; x_wconf 84' lang='lat' dir='ltr'><strong>mihi</strong></span> <span class='ocrx_word' id='word_1_627' title='bbox 2892 3958 3074 3997; x_wconf 88' lang='lat' dir='ltr'><strong>coram</strong></span> <span class='ocrx_word' id='word_1_628' title='bbox 3093 3944 3359 4000; x_wconf 89' lang='lat' dir='ltr'><strong>charitate</strong></span> 
     </span>
    </p>
   </div>
   <div class='ocr_carea' id='block_1_84' title="bbox 1786 4034 3358 4106">
    <p class='ocr_par' dir='ltr' id='par_1_84' title="bbox 1786 4034 3358 4106">
     <span class='ocr_line' id='line_1_85' title="bbox 1786 4034 3358 4106; baseline 0.002 -19"><span class='ocrx_word' id='word_1_629' title='bbox 1786 4043 1986 4100; x_wconf 88' lang='lat' dir='ltr'><strong>vestra,</strong></span> <span class='ocrx_word' id='word_1_630' title='bbox 2007 4035 2164 4102; x_wconf 88' lang='lat' dir='ltr'><strong>quasi</strong></span> <span class='ocrx_word' id='word_1_631' title='bbox 2198 4050 2294 4103; x_wconf 89' lang='lat' dir='ltr'><strong>pro</strong></span> <span class='ocrx_word' id='word_1_632' title='bbox 2315 4034 2422 4088; x_wconf 88' lang='lat' dir='ltr'><strong>Dco</strong></span> <span class='ocrx_word' id='word_1_633' title='bbox 2451 4035 2677 4089; x_wconf 90' lang='lat' dir='ltr'><strong>habeam</strong></span> <span class='ocrx_word' id='word_1_634' title='bbox 2714 4036 3001 4106; x_wconf 88' lang='lat' dir='ltr'><strong>imaginem</strong></span> <span class='ocrx_word' id='word_1_635' title='bbox 3017 4035 3220 4090; x_wconf 88' lang='lat' dir='ltr'><strong>Christi</strong></span> <span class='ocrx_word' id='word_1_636' title='bbox 3241 4053 3256 4102; x_wconf 89' lang='lat'><strong>;</strong></span> <span class='ocrx_word' id='word_1_637' title='bbox 3276 4047 3358 4090; x_wconf 87' lang='lat' dir='ltr'><strong>at-</strong></span> 
     </span>
    </p>
   </div>
   <div class='ocr_carea' id='block_1_85' title="bbox 1787 4127 3358 4196">
    <p class='ocr_par' dir='ltr' id='par_1_85' title="bbox 1787 4127 3358 4196">
     <span class='ocr_line' id='line_1_86' title="bbox 1787 4127 3358 4196; baseline 0.002 -17"><span class='ocrx_word' id='word_1_638' title='bbox 1787 4142 1890 4196; x_wconf 90' lang='lat' dir='ltr'><strong>que</strong></span> <span class='ocrx_word' id='word_1_639' title='bbox 1907 4129 2009 4180; x_wconf 90' lang='lat' dir='ltr'><strong>hoc</strong></span> <span class='ocrx_word' id='word_1_640' title='bbox 2032 4136 2245 4181; x_wconf 82' lang='lat' dir='ltr'><strong>exstare</strong></span> <span class='ocrx_word' id='word_1_641' title='bbox 2274 4128 2325 4178; x_wconf 89' lang='lat' dir='ltr'><strong>in</strong></span> <span class='ocrx_word' id='word_1_642' title='bbox 2346 4127 2571 4195; x_wconf 84' lang='lat' dir='ltr'><strong>epistola</strong></span> <span class='ocrx_word' id='word_1_643' title='bbox 2591 4145 2751 4196; x_wconf 88' lang='lat' dir='ltr'><strong>quam</strong></span> <span class='ocrx_word' id='word_1_644' title='bbox 2775 4129 2840 4179; x_wconf 90' lang='lat' dir='ltr'><strong>ad</strong></span> <span class='ocrx_word' id='word_1_645' title='bbox 2861 4128 3220 4182; x_wconf 84' lang='lat' dir='ltr'><strong>Athanasium</strong></span> <span class='ocrx_word' id='word_1_646' title='bbox 3245 4128 3358 4182; x_wconf 83' lang='lat' dir='ltr'><strong>fra-</strong></span> 
     </span>
    </p>
   </div>
   <div class='ocr_carea' id='block_1_86' title="bbox 1790 4219 3355 4290">
    <p class='ocr_par' dir='ltr' id='par_1_86' title="bbox 1790 4219 3355 4290">
     <span class='ocr_line' id='line_1_87' title="bbox 1790 4219 3355 4290; baseline 0.001 -17"><span class='ocrx_word' id='word_1_647' title='bbox 1790 4230 1923 4273; x_wconf 88' lang='lat' dir='ltr'><strong>trem</strong></span> <span class='ocrx_word' id='word_1_648' title='bbox 1949 4219 2159 4284; x_wconf 87' lang='lat' dir='ltr'><strong>scripsi.</strong></span> <span class='ocrx_word' id='word_1_649' title='bbox 2185 4219 2357 4283; x_wconf 90' lang='lat' dir='ltr'><strong>Quam</strong></span> <span class='ocrx_word' id='word_1_650' title='bbox 2384 4220 2455 4273; x_wconf 93' lang='lat' dir='ltr'><strong>ob</strong></span> <span class='ocrx_word' id='word_1_651' title='bbox 2481 4221 2808 4273; x_wconf 88' lang='lat' dir='ltr'><strong>calumniam</strong></span> <span class='ocrx_word' id='word_1_652' title='bbox 2835 4221 3056 4274; x_wconf 89' lang='lat' dir='ltr'><strong>humilis</strong></span> <span class='ocrx_word' id='word_1_653' title='bbox 3092 4221 3355 4290; x_wconf 87' lang='lat' dir='ltr'><strong>ingemui,</strong></span> 
     </span>
    </p>
   </div>
   <div class='ocr_carea' id='block_1_87' title="bbox 1784 4311 3354 4380">
    <p class='ocr_par' dir='ltr' id='par_1_87' title="bbox 1784 4311 3354 4380">
     <span class='ocr_line' id='line_1_88' title="bbox 1784 4311 3354 4380; baseline 0.003 -19"><span class='ocrx_word' id='word_1_654' title='bbox 1784 4311 1970 4361; x_wconf 90' lang='lat' dir='ltr'><strong>animo</strong></span> <span class='ocrx_word' id='word_1_655' title='bbox 1995 4319 2248 4376; x_wconf 89' lang='lat' dir='ltr'><strong>reputans</strong></span> <span class='ocrx_word' id='word_1_656' title='bbox 2266 4325 2373 4378; x_wconf 84' lang='lat' dir='ltr'><strong>quo</strong></span> <span class='ocrx_word' id='word_1_657' title='bbox 2402 4323 2557 4378; x_wconf 83' lang='lat' dir='ltr'><strong>pacto</strong></span> <span class='ocrx_word' id='word_1_658' title='bbox 2588 4311 2622 4363; x_wconf 93' lang='lat' dir='ltr'><strong>ii</strong></span> <span class='ocrx_word' id='word_1_659' title='bbox 2640 4312 2839 4380; x_wconf 87' lang='lat' dir='ltr'><strong>quibus</strong></span> <span class='ocrx_word' id='word_1_660' title='bbox 2860 4311 3234 4364; x_wconf 86' lang='lat' dir='ltr'><strong>denuntiatum</strong></span> <span class='ocrx_word' id='word_1_661' title='bbox 3250 4322 3354 4376; x_wconf 91' lang='lat' dir='ltr'><strong>est,</strong></span> 
     </span>
    </p>
   </div>
   <div class='ocr_carea' id='block_1_88' title="bbox 1788 4403 3355 4472">
    <p class='ocr_par' dir='ltr' id='par_1_88' title="bbox 1788 4403 3355 4472">
     <span class='ocr_line' id='line_1_89' title="bbox 1788 4403 3355 4472; baseline 0.001 -17"><span class='ocrx_word' id='word_1_662' title='bbox 1788 4403 1947 4456; x_wconf 89' lang='lat' dir='ltr'><strong>etiam</strong></span> <span class='ocrx_word' id='word_1_663' title='bbox 1969 4403 2031 4454; x_wconf 89' lang='lat' dir='ltr'><strong>de</strong></span> <span class='ocrx_word' id='word_1_664' title='bbox 2058 4406 2206 4455; x_wconf 86' lang='lat' dir='ltr'><strong>verbo</strong></span> <span class='ocrx_word' id='word_1_665' title='bbox 2231 4405 2397 4456; x_wconf 84' lang='lat' dir='ltr'><strong>otioso</strong></span> <span class='ocrx_word' id='word_1_666' title='bbox 2419 4404 2716 4456; x_wconf 78' lang='lat' dir='ltr'><strong>reddituros</strong></span> <span class='ocrx_word' id='word_1_667' title='bbox 2747 4405 3005 4457; x_wconf 83' lang='lat' dir='ltr'><strong>rationem</strong></span> <span class='ocrx_word' id='word_1_668' title='bbox 3024 4405 3076 4455; x_wconf 82' lang='lat' dir='ltr'><strong>in</strong></span> <span class='ocrx_word' id='word_1_669' title='bbox 3097 4405 3183 4457; x_wconf 85' lang='lat' dir='ltr'><strong>die</strong></span> <span class='ocrx_word' id='word_1_670' title='bbox 3205 4405 3355 4472; x_wconf 83' lang='lat' dir='ltr'><strong>judi-</strong></span> 
     </span>
    </p>
   </div>
   <div class='ocr_carea' id='block_1_89' title="bbox 1788 4493 3355 4563">
    <p class='ocr_par' dir='ltr' id='par_1_89' title="bbox 1788 4493 3355 4563">
     <span class='ocr_line' id='line_1_90' title="bbox 1788 4493 3355 4563; baseline 0.002 -16"><span class='ocrx_word' id='word_1_671' title='bbox 1788 4494 1856 4547; x_wconf 80' lang='lat' dir='ltr'><strong>cii</strong></span> <span class='ocrx_word' id='word_1_672' title='bbox 1886 4493 1953 4559; x_wconf 85' lang='grc'>⁸³,</span> <span class='ocrx_word' id='word_1_673' title='bbox 1989 4495 2239 4548; x_wconf 85' lang='lat' dir='ltr'><strong>maximis</strong></span> <span class='ocrx_word' id='word_1_674' title='bbox 2270 4494 2321 4546; x_wconf 91' lang='lat' dir='ltr'><strong>in</strong></span> <span class='ocrx_word' id='word_1_675' title='bbox 2357 4495 2687 4562; x_wconf 88' lang='lat' dir='ltr'><strong>rebus,quid</strong></span> <span class='ocrx_word' id='word_1_676' title='bbox 2714 4494 2857 4547; x_wconf 90' lang='lat' dir='ltr'><strong>enim</strong></span> <span class='ocrx_word' id='word_1_677' title='bbox 2874 4494 2977 4548; x_wconf 85' lang='lat' dir='ltr'><strong>ﬁde</strong></span> <span class='ocrx_word' id='word_1_678' title='bbox 2991 4495 3355 4563; x_wconf 82' lang='lat' dir='ltr'><strong>majus?adeo</strong></span> 
     </span>
    </p>
   </div>
   <div class='ocr_carea' id='block_1_90' title="bbox 122 4572 1709 4661">
    <p class='ocr_par' dir='ltr' id='par_1_90' title="bbox 122 4572 1682 4653">
     <span class='ocr_line' id='line_1_91' title="bbox 122 4572 1682 4653; baseline 0.01 -29"><span class='ocrx_word' id='word_1_679' title='bbox 122 4572 301 4634; x_wconf 76' lang='grc' dir='ltr'>μεῖζον</span> <span class='ocrx_word' id='word_1_680' title='bbox 327 4575 602 4640; x_wconf 78' lang='grc' dir='ltr'>πίστεωςς</span> <span class='ocrx_word' id='word_1_681' title='bbox 644 4580 829 4643; x_wconf 83' lang='grc' dir='ltr'>ἁπλῶς</span> <span class='ocrx_word' id='word_1_682' title='bbox 860 4583 949 4634; x_wconf 74' lang='grc' dir='ltr'>καὶ</span> <span class='ocrx_word' id='word_1_683' title='bbox 985 4583 1307 4650; x_wconf 81' lang='grc' dir='ltr'>ἀφυλάκτως</span> <span class='ocrx_word' id='word_1_684' title='bbox 1334 4585 1682 4653; x_wconf 76' lang='grc' dir='ltr'>φθέγγονται,</span> 
     </span>
    </p>
   </div>
   <div class='ocr_carea' id='block_1_91' title="bbox 1795 4572 3356 4661">
    <p class='ocr_par' dir='ltr' id='par_1_91' title="bbox 1795 4590 3356 4660">
     <span class='ocr_line' id='line_1_92' title="bbox 1795 4590 3356 4660; baseline 0.001 -17"><span class='ocrx_word' id='word_1_685' title='bbox 1795 4599 1990 4644; x_wconf 89' lang='lat' dir='ltr'><strong>temere</strong></span> <span class='ocrx_word' id='word_1_686' title='bbox 2038 4598 2091 4643; x_wconf 88' lang='lat' dir='ltr'><strong>et</strong></span> <span class='ocrx_word' id='word_1_687' title='bbox 2125 4590 2335 4643; x_wconf 86' lang='lat' dir='ltr'><strong>incaute</strong></span> <span class='ocrx_word' id='word_1_688' title='bbox 2384 4590 2674 4659; x_wconf 85' lang='lat' dir='ltr'><strong>loquantur</strong></span> <span class='ocrx_word' id='word_1_689' title='bbox 2700 4629 2714 4652; x_wconf 95' lang='lat'><strong>,</strong></span> <span class='ocrx_word' id='word_1_690' title='bbox 2745 4590 3140 4644; x_wconf 87' lang='lat' dir='ltr'><strong>criminationis</strong></span> <span class='ocrx_word' id='word_1_691' title='bbox 3175 4591 3356 4660; x_wconf 89' lang='lat' dir='ltr'><strong>jaculo</strong></span> 
     </span>
    </p>
   </div>
   <div class='ocr_carea' id='block_1_92' title="bbox 120 4669 1682 4743">
    <p class='ocr_par' dir='ltr' id='par_1_92' title="bbox 120 4669 1682 4743">
     <span class='ocr_line' id='line_1_93' title="bbox 120 4669 1682 4743; baseline 0.013 -33"><span class='ocrx_word' id='word_1_692' title='bbox 120 4669 453 4737; x_wconf 85' lang='grc' dir='ltr'>κατηγορίας</span> <span class='ocrx_word' id='word_1_693' title='bbox 508 4670 650 4739; x_wconf 78' lang='grc' dir='ltr'>βέλει</span> <span class='ocrx_word' id='word_1_694' title='bbox 704 4672 1094 4743; x_wconf 86' lang='grc' dir='ltr'>τιτρώσκοντες</span> <span class='ocrx_word' id='word_1_695' title='bbox 1145 4677 1271 4738; x_wconf 83' lang='grc' dir='ltr'>τοὺς</span> <span class='ocrx_word' id='word_1_696' title='bbox 1326 4678 1682 4742; x_wconf 83' lang='grc' dir='ltr'>ἀνευθύνους·</span> 
     </span>
    </p>
   </div>
   <div class='ocr_carea' id='block_1_93' title="bbox 124 4758 1688 4840">
    <p class='ocr_par' dir='ltr' id='par_1_93' title="bbox 124 4758 1688 4840">
     <span class='ocr_line' id='line_1_94' title="bbox 124 4758 1688 4840; baseline 0.012 -34"><span class='ocrx_word' id='word_1_697' title='bbox 124 4758 216 4808; x_wconf 75' lang='grc' dir='ltr'><strong>καὶ</strong></span> <span class='ocrx_word' id='word_1_698' title='bbox 244 4759 362 4829; x_wconf 77' lang='grc' dir='ltr'>οὐχὶ</span> <span class='ocrx_word' id='word_1_699' title='bbox 391 4763 616 4830; x_wconf 79' lang='grc' dir='ltr'>μᾶλλον.</span> <span class='ocrx_word' id='word_1_700' title='bbox 648 4765 804 4836; x_wconf 81' lang='grc' dir='ltr'>εἴπερ</span> <span class='ocrx_word' id='word_1_701' title='bbox 847 4766 940 4819; x_wconf 84' lang='grc' dir='ltr'><strong>καί</strong></span> <span class='ocrx_word' id='word_1_702' title='bbox 970 4785 1021 4820; x_wconf 88' lang='grc' dir='ltr'><strong>τι</strong></span> <span class='ocrx_word' id='word_1_703' title='bbox 1050 4762 1118 4837; x_wconf 80' lang='grc' dir='ltr'>ἦν</span> <span class='ocrx_word' id='word_1_704' title='bbox 1147 4769 1500 4838; x_wconf 77' lang='grc' dir='ltr'>ἐσφαλμένον,</span> <span class='ocrx_word' id='word_1_705' title='bbox 1554 4773 1688 4840; x_wconf 77' lang='grc' dir='ltr'>ἀγα·</span> 
     </span>
    </p>
   </div>
   <div class='ocr_carea' id='block_1_94' title="bbox 122 4848 1684 4930">
    <p class='ocr_par' dir='ltr' id='par_1_94' title="bbox 122 4848 1684 4930">
     <span class='ocr_line' id='line_1_95' title="bbox 122 4848 1684 4930; baseline 0.012 -34"><span class='ocrx_word' id='word_1_706' title='bbox 122 4848 362 4912; x_wconf 81' lang='grc' dir='ltr'>πητικώς</span> <span class='ocrx_word' id='word_1_707' title='bbox 388 4852 717 4920; x_wconf 82' lang='grc' dir='ltr'>ὑπομνῆσαι,</span> <span class='ocrx_word' id='word_1_708' title='bbox 749 4854 889 4906; x_wconf 86' lang='grc' dir='ltr'>κατὰ</span> <span class='ocrx_word' id='word_1_709' title='bbox 913 4857 973 4908; x_wconf 79' lang='grc' dir='ltr'><strong>τό</strong></span> <span class='ocrx_word' id='word_1_710' title='bbox 1003 4859 1403 4928; x_wconf 83' lang='grc' dir='ltr'>γεγραμμένον·</span> <span class='ocrx_word' id='word_1_711' title='bbox 1424 4861 1684 4930; x_wconf 81' lang='grc' dir='ltr'>Ἐλεγμῷ</span> 
     </span>
    </p>
   </div>
   <div class='ocr_carea' id='block_1_95' title="bbox 121 4933 1679 5020">
    <p class='ocr_par' dir='ltr' id='par_1_95' title="bbox 121 4933 1679 5020">
     <span class='ocr_line' id='line_1_96' title="bbox 121 4933 1679 5020; baseline 0.013 -33"><span class='ocrx_word' id='word_1_712' title='bbox 121 4933 380 5007; x_wconf 77' lang='grc' dir='ltr'>ὲλέγξεις</span> <span class='ocrx_word' id='word_1_713' title='bbox 410 4943 519 4995; x_wconf 81' lang='grc' dir='ltr'>τόν</span> <span class='ocrx_word' id='word_1_714' title='bbox 561 4947 827 5011; x_wconf 71' lang='grc' dir='ltr'>πλησίον</span> <span class='ocrx_word' id='word_1_715' title='bbox 857 4962 995 5013; x_wconf 79' lang='grc' dir='ltr'>σου,</span> <span class='ocrx_word' id='word_1_716' title='bbox 1040 4951 1136 5003; x_wconf 73' lang='grc' dir='ltr'>καὶ</span> <span class='ocrx_word' id='word_1_717' title='bbox 1166 4953 1238 5004; x_wconf 88' lang='grc' dir='ltr'>οὐ</span> <span class='ocrx_word' id='word_1_718' title='bbox 1269 4951 1441 5020; x_wconf 65' lang='grc' dir='ltr'><em>λήψῃ</em></span> <span class='ocrx_word' id='word_1_719' title='bbox 1467 4952 1539 5006; x_wconf 83' lang='grc' dir='ltr'>δι’</span> <span class='ocrx_word' id='word_1_720' title='bbox 1572 4955 1679 5007; x_wconf 86' lang='grc' dir='ltr'><strong>αὐ-</strong></span> 
     </span>
    </p>
   </div>
   <div class='ocr_carea' id='block_1_96' title="bbox 1790 4680 3355 4752">
    <p class='ocr_par' dir='ltr' id='par_1_96' title="bbox 1790 4680 3355 4752">
     <span class='ocr_line' id='line_1_97' title="bbox 1790 4680 3355 4752; baseline 0.001 -15"><span class='ocrx_word' id='word_1_721' title='bbox 1790 4680 2164 4737; x_wconf 86' lang='lat' dir='ltr'><strong>confodientes</strong></span> <span class='ocrx_word' id='word_1_722' title='bbox 2203 4681 2450 4736; x_wconf 82' lang='lat' dir='ltr'><strong>innoxios</strong></span> <span class='ocrx_word' id='word_1_723' title='bbox 2493 4701 2506 4735; x_wconf 91' lang='lat'><strong>:</strong></span> <span class='ocrx_word' id='word_1_724' title='bbox 2565 4697 2628 4737; x_wconf 87' lang='lat' dir='ltr'><strong>ac</strong></span> <span class='ocrx_word' id='word_1_725' title='bbox 2679 4699 2785 4737; x_wconf 88' lang='lat' dir='ltr'><strong>non</strong></span> <span class='ocrx_word' id='word_1_726' title='bbox 2837 4685 3054 4752; x_wconf 83' lang='lat' dir='ltr'><strong>potius,</strong></span> <span class='ocrx_word' id='word_1_727' title='bbox 3131 4685 3174 4738; x_wconf 90' lang='lat' dir='ltr'><strong>si</strong></span> <span class='ocrx_word' id='word_1_728' title='bbox 3224 4683 3355 4752; x_wconf 80' lang='lat' dir='ltr'><strong>qttid</strong></span> 
     </span>
    </p>
   </div>
   <div class='ocr_carea' id='block_1_97' title="bbox 1788 4773 3352 4846">
    <p class='ocr_par' dir='ltr' id='par_1_97' title="bbox 1788 4773 3352 4846">
     <span class='ocr_line' id='line_1_98' title="bbox 1788 4773 3352 4846; baseline 0.001 -17"><span class='ocrx_word' id='word_1_729' title='bbox 1788 4775 2028 4829; x_wconf 87' lang='lat' dir='ltr'><strong>errat&#39;um</strong></span> <span class='ocrx_word' id='word_1_730' title='bbox 2059 4773 2217 4839; x_wconf 81' lang='lat' dir='ltr'><strong>foret,</strong></span> <span class='ocrx_word' id='word_1_731' title='bbox 2260 4785 2509 4829; x_wconf 87' lang='lat' dir='ltr'><strong>amanter</strong></span> <span class='ocrx_word' id='word_1_732' title='bbox 2535 4777 2880 4842; x_wconf 89' lang='lat' dir='ltr'><strong>admoneant,</strong></span> <span class='ocrx_word' id='word_1_733' title='bbox 2921 4777 3071 4846; x_wconf 87' lang='lat' dir='ltr'><strong>juxta</strong></span> <span class='ocrx_word' id='word_1_734' title='bbox 3121 4778 3168 4828; x_wconf 82' lang='lat' dir='ltr'><strong>id</strong></span> <span class='ocrx_word' id='word_1_735' title='bbox 3206 4776 3352 4845; x_wconf 90' lang='lat' dir='ltr'><strong>quod</strong></span> 
     </span>
    </p>
   </div>
   <div class='ocr_carea' id='block_1_98' title="bbox 1786 4864 3354 4937">
    <p class='ocr_par' dir='ltr' id='par_1_98' title="bbox 1786 4864 3354 4937">
     <span class='ocr_line' id='line_1_99' title="bbox 1786 4864 3354 4937; baseline 0.001 -17"><span class='ocrx_word' id='word_1_736' title='bbox 1786 4866 2046 4934; x_wconf 89' lang='lat' dir='ltr'><strong>scriptum</strong></span> <span class='ocrx_word' id='word_1_737' title='bbox 2079 4873 2162 4918; x_wconf 87' lang='lat' dir='ltr'><strong>est</strong></span> <span class='ocrx_word' id='word_1_738' title='bbox 2182 4881 2200 4917; x_wconf 89' lang='lat'><strong><em>:</em></strong></span> <span class='ocrx_word' id='word_1_739' title='bbox 2217 4864 2435 4919; x_wconf 81' lang='lat' dir='ltr'><strong>Publice</strong></span> <span class='ocrx_word' id='word_1_740' title='bbox 2457 4883 2644 4937; x_wconf 73' lang='lat' dir='ltr'><strong>argues</strong></span> <span class='ocrx_word' id='word_1_741' title='bbox 2665 4869 2962 4937; x_wconf 76' lang='lat' dir='ltr'><strong>proximum</strong></span> <span class='ocrx_word' id='word_1_742' title='bbox 2982 4877 3149 4933; x_wconf 85' lang='lat' dir='ltr'><strong>tuum,</strong></span> <span class='ocrx_word' id='word_1_743' title='bbox 3171 4881 3218 4921; x_wconf 87' lang='lat' dir='ltr'><strong>et</strong></span> <span class='ocrx_word' id='word_1_744' title='bbox 3252 4885 3354 4922; x_wconf 83' lang='lat' dir='ltr'><strong>non</strong></span> 
     </span>
    </p>
   </div>
   <div class='ocr_carea' id='block_1_99' title="bbox 1785 4956 3354 5026">
    <p class='ocr_par' dir='ltr' id='par_1_99' title="bbox 1785 4956 3354 5026">
     <span class='ocr_line' id='line_1_100' title="bbox 1785 4956 3354 5026; baseline 0.003 -17"><span class='ocrx_word' id='word_1_745' title='bbox 1785 4958 1997 5011; x_wconf 82' lang='lat' dir='ltr'><strong>habebis</strong></span> <span class='ocrx_word' id='word_1_746' title='bbox 2051 4973 2206 5024; x_wconf 78' lang='lat' dir='ltr'><strong>super</strong></span> <span class='ocrx_word' id='word_1_747' title='bbox 2251 4956 2345 5010; x_wconf 78' lang='lat' dir='ltr'><strong>illo</strong></span> <span class='ocrx_word' id='word_1_748' title='bbox 2383 4968 2650 5026; x_wconf 80' lang='lat' dir='ltr'><strong>peccatum</strong></span> <span class='ocrx_word' id='word_1_749' title='bbox 2695 4959 2759 5012; x_wconf 77' lang='grc'><strong>³⁸.</strong></span> <span class='ocrx_word' id='word_1_750' title='bbox 2797 4959 2898 5026; x_wconf 92' lang='lat' dir='ltr'><strong>Qui</strong></span> <span class='ocrx_word' id='word_1_751' title='bbox 2937 4959 3014 5013; x_wconf 87' lang='lat' dir='ltr'><strong>sic</strong></span> <span class='ocrx_word' id='word_1_752' title='bbox 3051 4960 3354 5014; x_wconf 86' lang='lat' dir='ltr'><strong>calumnia-</strong></span> 
     </span>
    </p>
   </div>
   <div class='ocr_carea' id='block_1_100' title="bbox 119 5026 1709 5119">
    <p class='ocr_par' dir='ltr' id='par_1_100' title="bbox 119 5026 1682 5119">
     <span class='ocr_line' id='line_1_101' title="bbox 119 5026 1682 5119; baseline 0.008 -37"><span class='ocrx_word' id='word_1_753' title='bbox 119 5026 223 5119; x_wconf 51' lang='grc' dir='ltr'><strong>ῖὸν</strong></span> <span class='ocrx_word' id='word_1_754' title='bbox 258 5033 569 5103; x_wconf 81' lang='grc' dir='ltr'>ἁμαρτίαν.</span> <span class='ocrx_word' id='word_1_755' title='bbox 600 5038 671 5090; x_wconf 83' lang='grc' dir='ltr'><strong>Τὸ</strong></span> <span class='ocrx_word' id='word_1_756' title='bbox 697 5039 741 5091; x_wconf 86' lang='grc' dir='ltr'>δ’</span> <span class='ocrx_word' id='word_1_757' title='bbox 761 5038 934 5102; x_wconf 73' lang='grc' dir='ltr'>οὕτως</span> <span class='ocrx_word' id='word_1_758' title='bbox 982 5041 1371 5107; x_wconf 78' lang='grc' dir='ltr'>ὲνδιαόάλλειν,</span> <span class='ocrx_word' id='word_1_759' title='bbox 1404 5043 1465 5095; x_wconf 83' lang='grc' dir='ltr'><strong>ού</strong></span> <span class='ocrx_word' id='word_1_760' title='bbox 1522 5044 1682 5113; x_wconf 86' lang='grc' dir='ltr'>μόνον</span> 
     </span>
    </p>
   </div>
   <div class='ocr_carea' id='block_1_101' title="bbox 1795 5026 3355 5119">
    <p class='ocr_par' dir='ltr' id='par_1_101' title="bbox 1795 5048 3355 5119">
     <span class='ocr_line' id='line_1_102' title="bbox 1795 5048 3355 5119; baseline 0.002 -18"><span class='ocrx_word' id='word_1_761' title='bbox 1795 5065 1888 5114; x_wconf 91' lang='lat' dir='ltr'><strong>ur,</strong></span> <span class='ocrx_word' id='word_1_762' title='bbox 1928 5064 2032 5102; x_wconf 92' lang='lat' dir='ltr'><strong>non</strong></span> <span class='ocrx_word' id='word_1_763' title='bbox 2083 5048 2242 5102; x_wconf 89' lang='lat' dir='ltr'><strong>modo</strong></span> <span class='ocrx_word' id='word_1_764' title='bbox 2276 5061 2604 5119; x_wconf 63' lang='lat' dir='ltr'><strong>praeceptum</strong></span> <span class='ocrx_word' id='word_1_765' title='bbox 2639 5051 2780 5104; x_wconf 90' lang='lat' dir='ltr'><strong>tollit</strong></span> <span class='ocrx_word' id='word_1_766' title='bbox 2835 5051 2901 5105; x_wconf 90' lang='lat' dir='ltr'><strong>de</strong></span> <span class='ocrx_word' id='word_1_767' title='bbox 2944 5050 3142 5117; x_wconf 85' lang='lat' dir='ltr'><strong>medio,</strong></span> <span class='ocrx_word' id='word_1_768' title='bbox 3179 5050 3270 5105; x_wconf 84' lang='lat' dir='ltr'><strong>sed</strong></span> <span class='ocrx_word' id='word_1_769' title='bbox 3299 5060 3355 5104; x_wconf 92' lang='lat' dir='ltr'><strong>et</strong></span> 
     </span>
    </p>
   </div>
   <div class='ocr_carea' id='block_1_102' title="bbox 120 5117 1681 5205">
    <p class='ocr_par' dir='ltr' id='par_1_102' title="bbox 120 5117 1681 5205">
     <span class='ocr_line' id='line_1_103' title="bbox 120 5117 1681 5205; baseline 0.01 -32"><span class='ocrx_word' id='word_1_770' title='bbox 120 5117 232 5171; x_wconf 72' lang='grc' dir='ltr'>ἐστὶ</span> <span class='ocrx_word' id='word_1_771' title='bbox 255 5123 355 5193; x_wconf 81' lang='grc' dir='ltr'>τῆς</span> <span class='ocrx_word' id='word_1_772' title='bbox 379 5129 600 5198; x_wconf 77' lang='grc' dir='ltr'>ἐντολῆς</span> <span class='ocrx_word' id='word_1_773' title='bbox 639 5132 1012 5202; x_wconf 74' lang='grc' dir='ltr'>ἀναιρετικὸν·</span> <span class='ocrx_word' id='word_1_774' title='bbox 1046 5134 1181 5186; x_wconf 90' lang='grc' dir='ltr'><strong>άλλά</strong></span> <span class='ocrx_word' id='word_1_775' title='bbox 1205 5134 1311 5204; x_wconf 85' lang='grc' dir='ltr'>γὰρ</span> <span class='ocrx_word' id='word_1_776' title='bbox 1340 5137 1428 5187; x_wconf 69' lang='grc' dir='ltr'><strong>καὶ</strong></span> <span class='ocrx_word' id='word_1_777' title='bbox 1458 5135 1533 5205; x_wconf 82' lang='grc' dir='ltr'>τῷ</span> <span class='ocrx_word' id='word_1_778' title='bbox 1566 5135 1681 5188; x_wconf 87' lang='grc' dir='ltr'>ὀνό-</span> 
     </span>
    </p>
   </div>
   <div class='ocr_carea' id='block_1_103' title="bbox 122 5217 1682 5295">
    <p class='ocr_par' dir='ltr' id='par_1_103' title="bbox 122 5217 1682 5295">
     <span class='ocr_line' id='line_1_104' title="bbox 122 5217 1682 5295; baseline 0.013 -37"><span class='ocrx_word' id='word_1_779' title='bbox 122 5224 248 5274; x_wconf 88' lang='grc' dir='ltr'>ματι</span> <span class='ocrx_word' id='word_1_780' title='bbox 279 5217 377 5284; x_wconf 85' lang='grc' dir='ltr'>τῆς</span> <span class='ocrx_word' id='word_1_781' title='bbox 426 5219 678 5294; x_wconf 78' lang='grc' dir='ltr'>διαϐολῆς</span> <span class='ocrx_word' id='word_1_782' title='bbox 706 5225 864 5289; x_wconf 73' lang='grc' dir='ltr'>αὐτὸς</span> <span class='ocrx_word' id='word_1_783' title='bbox 920 5224 1110 5275; x_wconf 79' lang='grc' dir='ltr'>ἑαυτὸν</span> <span class='ocrx_word' id='word_1_784' title='bbox 1137 5224 1285 5291; x_wconf 79' lang='grc' dir='ltr'>ἀξιον</span> <span class='ocrx_word' id='word_1_785' title='bbox 1324 5226 1682 5295; x_wconf 75' lang='grc' dir='ltr'>ὀνομάζεσθαι</span> 
     </span>
    </p>
   </div>
   <div class='ocr_carea' id='block_1_104' title="bbox 118 5299 1682 5387">
    <p class='ocr_par' dir='ltr' id='par_1_104' title="bbox 118 5299 1682 5387">
     <span class='ocr_line' id='line_1_105' title="bbox 118 5299 1682 5387; baseline 0.01 -32"><span class='ocrx_word' id='word_1_786' title='bbox 118 5299 440 5387; x_wconf 72' lang='grc' dir='ltr'>ᾄποφαίνει·</span> <span class='ocrx_word' id='word_1_787' title='bbox 490 5306 552 5366; x_wconf 76' lang='grc' dir='ltr'>οὗ</span> <span class='ocrx_word' id='word_1_788' title='bbox 585 5313 636 5365; x_wconf 91' lang='grc' dir='ltr'><strong>τί</strong></span> <span class='ocrx_word' id='word_1_789' title='bbox 681 5317 862 5386; x_wconf 83' lang='grc' dir='ltr'>χεῖρον</span> <span class='ocrx_word' id='word_1_790' title='bbox 903 5310 1014 5368; x_wconf 73' lang='grc' dir='ltr'>εἷεν</span> <span class='ocrx_word' id='word_1_791' title='bbox 1060 5317 1116 5365; x_wconf 83' lang='grc' dir='ltr'><strong>ἐν</strong></span> <span class='ocrx_word' id='word_1_792' title='bbox 1162 5315 1501 5387; x_wconf 74' lang='grc' dir='ltr'>ἀνθρώποιςς</span> <span class='ocrx_word' id='word_1_793' title='bbox 1541 5318 1682 5371; x_wconf 86' lang='grc' dir='ltr'>Ἀλλ’</span> 
     </span>
    </p>
   </div>
   <div class='ocr_carea' id='block_1_105' title="bbox 120 5386 1678 5479">
    <p class='ocr_par' dir='ltr' id='par_1_105' title="bbox 120 5386 1678 5479">
     <span class='ocr_line' id='line_1_106' title="bbox 120 5386 1678 5479; baseline 0.017 -40"><span class='ocrx_word' id='word_1_794' title='bbox 120 5386 212 5442; x_wconf 76' lang='grc' dir='ltr'><strong>ἐπὶ</strong></span> <span class='ocrx_word' id='word_1_795' title='bbox 262 5395 358 5465; x_wconf 74' lang='grc' dir='ltr'>τὴν</span> <span class='ocrx_word' id='word_1_796' title='bbox 410 5401 669 5473; x_wconf 75' lang='grc' dir='ltr'>ἔγκλησιν</span> <span class='ocrx_word' id='word_1_797' title='bbox 700 5406 927 5476; x_wconf 83' lang='grc' dir='ltr'>ὀλόγος.</span> <span class='ocrx_word' id='word_1_798' title='bbox 980 5386 1342 5472; x_wconf 84' lang='grc' dir='ltr'>Θεοποιεῖται,</span> <span class='ocrx_word' id='word_1_799' title='bbox 1374 5411 1530 5478; x_wconf 75' lang='grc' dir='ltr'>φησὶ,</span> <span class='ocrx_word' id='word_1_800' title='bbox 1583 5408 1678 5479; x_wconf 78' lang='grc' dir='ltr'>τὴν</span> 
     </span>
    </p>
   </div>
   <div class='ocr_carea' id='block_1_106' title="bbox 181 5531 833 5617">
    <p class='ocr_par' dir='ltr' id='par_1_106' title="bbox 181 5531 833 5617">
     <span class='ocr_line' id='line_1_107' title="bbox 181 5531 833 5617; baseline 0.021 -29"><span class='ocrx_word' id='word_1_801' title='bbox 181 5531 223 5565; x_wconf 77' lang='grc'><strong>³⁸</strong></span> <span class='ocrx_word' id='word_1_802' title='bbox 257 5533 301 5588; x_wconf 87' lang='lat' dir='ltr'><strong>ll</strong></span> <span class='ocrx_word' id='word_1_803' title='bbox 325 5535 516 5598; x_wconf 85' lang='lat' dir='ltr'><strong>Thess.</strong></span> <span class='ocrx_word' id='word_1_804' title='bbox 560 5559 595 5608; x_wconf 83' lang='grc' dir='ltr'><strong>ι,</strong></span> <span class='ocrx_word' id='word_1_805' title='bbox 628 5546 650 5597; x_wconf 80' lang='grc'><strong>1</strong></span> <span class='ocrx_word' id='word_1_806' title='bbox 683 5561 833 5617; x_wconf 84' lang='lat' dir='ltr'><strong>seqq.</strong></span> 
     </span>
    </p>
   </div>
   <div class='ocr_carea' id='block_1_107' title="bbox 1783 5142 3354 5212">
    <p class='ocr_par' dir='ltr' id='par_1_107' title="bbox 1783 5142 3354 5212">
     <span class='ocr_line' id='line_1_108' title="bbox 1783 5142 3354 5212; baseline 0.001 -17"><span class='ocrx_word' id='word_1_807' title='bbox 1783 5142 1902 5212; x_wconf 90' lang='lat' dir='ltr'><strong>ipse</strong></span> <span class='ocrx_word' id='word_1_808' title='bbox 1935 5143 2160 5211; x_wconf 88' lang='lat' dir='ltr'><strong>dignum</strong></span> <span class='ocrx_word' id='word_1_809' title='bbox 2185 5156 2243 5196; x_wconf 89' lang='lat' dir='ltr'><strong>se</strong></span> <span class='ocrx_word' id='word_1_810' title='bbox 2293 5143 2530 5197; x_wconf 88' lang='lat' dir='ltr'><strong>ostendit</strong></span> <span class='ocrx_word' id='word_1_811' title='bbox 2562 5143 2653 5212; x_wconf 94' lang='lat' dir='ltr'><strong>qui</strong></span> <span class='ocrx_word' id='word_1_812' title='bbox 2683 5144 3095 5199; x_wconf 87' lang='lat' dir='ltr'><strong>calumniatoris</strong></span> <span class='ocrx_word' id='word_1_813' title='bbox 3135 5142 3354 5196; x_wconf 87' lang='lat' dir='ltr'><strong>nomine</strong></span> 
     </span>
    </p>
   </div>
   <div class='ocr_carea' id='block_1_108' title="bbox 1790 5232 3349 5304">
    <p class='ocr_par' dir='ltr' id='par_1_108' title="bbox 1790 5232 3349 5304">
     <span class='ocr_line' id='line_1_109' title="bbox 1790 5232 3349 5304; baseline -0.002 -18"><span class='ocrx_word' id='word_1_814' title='bbox 1790 5233 2090 5304; x_wconf 83' lang='lat' dir='ltr'><strong>appelletur</strong></span> <span class='ocrx_word' id='word_1_815' title='bbox 2117 5249 2131 5284; x_wconf 88' lang='lat'><strong>:</strong></span> <span class='ocrx_word' id='word_1_816' title='bbox 2163 5246 2273 5300; x_wconf 92' lang='lat' dir='ltr'><strong>quo</strong></span> <span class='ocrx_word' id='word_1_817' title='bbox 2297 5232 2427 5300; x_wconf 91' lang='lat' dir='ltr'><strong>quid</strong></span> <span class='ocrx_word' id='word_1_818' title='bbox 2452 5234 2606 5303; x_wconf 81' lang='lat' dir='ltr'><strong>pejus</strong></span> <span class='ocrx_word' id='word_1_819' title='bbox 2638 5233 2778 5287; x_wconf 91' lang='lat' dir='ltr'><strong>inter</strong></span> <span class='ocrx_word' id='word_1_820' title='bbox 2802 5233 3047 5286; x_wconf 87' lang='lat' dir='ltr'><strong>homines</strong></span> <span class='ocrx_word' id='word_1_821' title='bbox 3077 5246 3195 5285; x_wconf 90' lang='lat' dir='ltr'><strong>esse</strong></span> <span class='ocrx_word' id='word_1_822' title='bbox 3219 5245 3349 5299; x_wconf 89' lang='lat' dir='ltr'><strong>pos-</strong></span> 
     </span>
    </p>
   </div>
   <div class='ocr_carea' id='block_1_109' title="bbox 1785 5319 3347 5383">
    <p class='ocr_par' dir='ltr' id='par_1_109' title="bbox 1785 5319 3347 5383">
     <span class='ocr_line' id='line_1_110' title="bbox 1785 5319 3347 5383; baseline -0.003 -7"><span class='ocrx_word' id='word_1_823' title='bbox 1785 5323 1856 5376; x_wconf 91' lang='lat' dir='ltr'><strong>sit</strong></span> <span class='ocrx_word' id='word_1_824' title='bbox 1889 5323 1911 5376; x_wconf 84' lang='lat'><strong>?</strong></span> <span class='ocrx_word' id='word_1_825' title='bbox 1949 5321 2146 5375; x_wconf 84' lang='lat' dir='ltr'><strong>Verum</strong></span> <span class='ocrx_word' id='word_1_826' title='bbox 2177 5322 2242 5374; x_wconf 91' lang='lat' dir='ltr'><strong>ad</strong></span> <span class='ocrx_word' id='word_1_827' title='bbox 2274 5325 2677 5377; x_wconf 83' lang='lat' dir='ltr'><strong>accusationem</strong></span> <span class='ocrx_word' id='word_1_828' title='bbox 2716 5323 2895 5376; x_wconf 89' lang='lat' dir='ltr'><strong>veniat</strong></span> <span class='ocrx_word' id='word_1_829' title='bbox 2923 5320 3119 5376; x_wconf 89' lang='lat' dir='ltr'><strong>oratio.</strong></span> <span class='ocrx_word' id='word_1_830' title='bbox 3155 5319 3347 5383; x_wconf 87' lang='lat' dir='ltr'><strong>Deum,</strong></span> 
     </span>
    </p>
   </div>
   <div class='ocr_carea' id='block_1_110' title="bbox 1786 5409 3351 5485">
    <p class='ocr_par' dir='ltr' id='par_1_110' title="bbox 1786 5409 3351 5485">
     <span class='ocr_line' id='line_1_111' title="bbox 1786 5409 3351 5485; baseline -0.001 -19"><span class='ocrx_word' id='word_1_831' title='bbox 1786 5412 1983 5484; x_wconf 89' lang='lat' dir='ltr'><strong>inquit,</strong></span> <span class='ocrx_word' id='word_1_832' title='bbox 2004 5411 2133 5468; x_wconf 80' lang='lat' dir='ltr'><strong>facit</strong></span> <span class='ocrx_word' id='word_1_833' title='bbox 2149 5411 2349 5467; x_wconf 88' lang='lat' dir='ltr'><strong>Christi</strong></span> <span class='ocrx_word' id='word_1_834' title='bbox 2369 5415 2675 5483; x_wconf 89' lang='lat' dir='ltr'><strong>imaginem.</strong></span> <span class='ocrx_word' id='word_1_835' title='bbox 2696 5413 3069 5485; x_wconf 83' lang='lat' dir='ltr'><strong>Nequaquam,</strong></span> <span class='ocrx_word' id='word_1_836' title='bbox 3087 5427 3119 5466; x_wconf 91' lang='grc' dir='ltr'><strong>ο</strong></span> <span class='ocrx_word' id='word_1_837' title='bbox 3137 5409 3351 5466; x_wconf 79' lang='lat' dir='ltr'><strong>charis-</strong></span> 
     </span>
    </p>
   </div>
   <div class='ocr_carea' id='block_1_111' title="bbox 932 5545 2555 5618">
    <p class='ocr_par' dir='ltr' id='par_1_111' title="bbox 932 5545 2555 5618">
     <span class='ocr_line' id='line_1_112' title="bbox 932 5545 2555 5618; baseline 0.002 -16"><span class='ocrx_word' id='word_1_838' title='bbox 932 5548 977 5582; x_wconf 84' lang='grc'><strong><em>³²</em></strong></span> <span class='ocrx_word' id='word_1_839' title='bbox 1007 5545 1171 5604; x_wconf 76' lang='lat' dir='ltr'><strong>lCor.</strong></span> <span class='ocrx_word' id='word_1_840' title='bbox 1203 5563 1279 5617; x_wconf 80' lang='lat' dir='ltr'><strong>vr,</strong></span> <span class='ocrx_word' id='word_1_841' title='bbox 1313 5548 1400 5604; x_wconf 74' lang='lat' dir='ltr'><strong>H.</strong></span> <span class='ocrx_word' id='word_1_842' title='bbox 1476 5550 1520 5582; x_wconf 81' lang='grc'><strong>⁸³</strong></span> <span class='ocrx_word' id='word_1_843' title='bbox 1549 5551 1735 5606; x_wconf 86' lang='lat' dir='ltr'><strong>Matth.</strong></span> <span class='ocrx_word' id='word_1_844' title='bbox 1763 5568 1857 5618; x_wconf 83' lang='lat' dir='ltr'><strong>xu,</strong></span> <span class='ocrx_word' id='word_1_845' title='bbox 1888 5552 1977 5607; x_wconf 80' lang='grc'><strong>56.</strong></span> <span class='ocrx_word' id='word_1_846' title='bbox 2053 5552 2100 5583; x_wconf 69' lang='grc'><strong>³⁸</strong></span> <span class='ocrx_word' id='word_1_847' title='bbox 2127 5549 2300 5608; x_wconf 76' lang='lat' dir='ltr'><strong>Levii.</strong></span> <span class='ocrx_word' id='word_1_848' title='bbox 2329 5566 2438 5617; x_wconf 78' lang='lat' dir='ltr'><strong>xu,</strong></span> <span class='ocrx_word' id='word_1_849' title='bbox 2469 5552 2555 5606; x_wconf 83' lang='grc' dir='ltr'><strong>Π.</strong></span> 
     </span>
    </p>
   </div>
   <div class='ocr_carea' id='block_1_112' title="bbox 1617 5670 1844 5729">
    <p class='ocr_par' dir='ltr' id='par_1_112' title="bbox 1617 5670 1844 5729">
     <span class='ocr_line' id='line_1_113' title="bbox 1617 5670 1844 5729; baseline 0.009 -3"><span class='ocrx_word' id='word_1_850' title='bbox 1617 5670 1844 5729; x_wconf 71' lang='lat' dir='ltr'><strong>NOTAE.</strong></span> 
     </span>
    </p>
   </div>
   <div class='ocr_carea' id='block_1_113' title="bbox 189 5746 832 5834">
    <p class='ocr_par' dir='ltr' id='par_1_113' title="bbox 189 5746 832 5834">
     <span class='ocr_line' id='line_1_114' title="bbox 189 5746 832 5834; baseline 0 -18"><span class='ocrx_word' id='word_1_851' title='bbox 189 5746 296 5822; x_wconf 68' lang='lat'><strong>(53)</strong></span> <span class='ocrx_word' id='word_1_852' title='bbox 321 5752 376 5812; x_wconf 86' lang='lat' dir='ltr'><strong>ln</strong></span> <span class='ocrx_word' id='word_1_853' title='bbox 417 5758 531 5816; x_wconf 88' lang='lat' dir='ltr'><strong>cod.</strong></span> <span class='ocrx_word' id='word_1_854' title='bbox 567 5759 696 5834; x_wconf 80' lang='lat' dir='ltr'><strong>Reg.</strong></span> <span class='ocrx_word' id='word_1_855' title='bbox 726 5769 832 5832; x_wconf 82' lang='grc' dir='ltr'>ρμ’.</span> 
     </span>
    </p>
   </div>
   <div class='ocr_carea' id='block_1_114' title="bbox 1897 5764 2330 5837">
    <p class='ocr_par' dir='ltr' id='par_1_114' title="bbox 1897 5764 2330 5837">
     <span class='ocr_line' id='line_1_115' title="bbox 1897 5764 2330 5837; baseline -0.002 -18"><span class='ocrx_word' id='word_1_856' title='bbox 1897 5765 1968 5837; x_wconf 68' lang='grc'><strong>(⁸)</strong></span> <span class='ocrx_word' id='word_1_857' title='bbox 2007 5764 2330 5836; x_wconf 83' lang='lat' dir='ltr'><strong>Dogmatica.</strong></span> 
     </span>
    </p>
   </div>
  </div>
