3964 6320
626 379 647 444 1
659 378 763 445 503

1809 379 1873 442 3.
1912 374 2307 442 THEODORI
2334 375 2682 442 STUDITIE

3763 377 3884 443 150i

623 489 784 554 sime,
813 486 916 543 hoc
948 486 1003 542 in
1055 484 1288 558 epistola
1328 499 1474 553 mea,
1500 487 1597 544 sed
1653 487 1799 560 quod
1859 488 2019 546 latria
2084 488 2183 545 coli

2291 487 2530 559 Χριστοῦ
2563 489 2766 544 εἰκόνα.
2797 486 3037 543 Οὒτίπου
3065 485 3244 553 τοῦτο,
3276 478 3324 542 ὦ
3349 485 3704 557 τριπόθητε,
3732 488 3794 540 ἒν
3828 494 3882 558 τῇ

623 597 730 635 non
771 579 930 635 debet
968 579 1149 650 imago
1197 578 1421 643 Christi,
1451 579 1859 636 idololatrarum
1906 582 2052 639 enim
2098 581 2190 640 hic

621 680 705 727 est
739 687 953 736 sensus,
977 672 1244 740 siquidem
1285 671 1336 726 id
1367 671 1468 726 soli
1507 680 1710 728 sanctae
1754 671 2008 728 Triuitati
2037 674 2189 730 defe-

622 764 872 818 rendum.
895 763 960 817 Et
990 764 1136 832 quod
1165 764 1218 817 in
1257 774 1445 820 sancta
1477 765 1712 835 imagine
1747 765 2008 822 adoratus
2031 767 2192 822 Chri-

625 863 762 917 stus,
816 852 972 906 latria
1019 855 1226 908 colatur
1279 869 1403 909 cum
1451 854 1609 910 Patre
1639 863 1693 910 et
1741 855 2190 928 Spiritu;imago

621 955 800 1000 autem
845 944 1054 1000 Christi
1113 945 1386 1001 adoranda
1433 946 1503 1002 sit
1547 948 1863 1005 adoratione
1916 949 2187 1016 relativa;

619 1046 675 1087 et
712 1034 856 1103 quod
889 1035 1028 1089 hanc
1058 1036 1378 1099 adorantes,
1424 1037 1702 1093 Christum
1736 1041 2048 1106 adoremus,
2082 1057 2190 1096 non

617 1126 930 1181 distinctum
965 1131 1264 1184 secundum
1318 1131 1676 1202 hypostasim,
1734 1134 1827 1187 sed
1872 1132 2190 1204 discrepan-

616 1226 726 1272 tem
773 1221 1071 1275 secundum
1129 1222 1393 1277 rationem
1425 1223 1698 1288 essentiae,
1728 1225 1872 1291 quod
1896 1233 1951 1280 et
2001 1240 2188 1280 verum

617 1317 721 1362 est.
758 1307 1126 1381 Archetypum
1165 1314 1313 1366 enim
1359 1313 1538 1369 elucet
1576 1315 1628 1368 in
1674 1315 1929 1385 imagine,
1969 1325 2023 1371 et
2049 1317 2188 1371 alte-

613 1411 738 1452 rum
772 1399 824 1452 in
855 1400 1049 1466 altero,
1089 1403 1386 1456 secundum
1416 1406 1668 1459 essentia:
1722 1405 2100 1473 diﬂ'erentiam,
2129 1417 2188 1463 ut

619 1488 697 1542 ait
733 1490 1170 1558 sapientissimus
1199 1491 1509 1564 Dionysius.

686 1663 809 1730 Quo
842 1666 1009 1736 igitur
1035 1679 1214 1737 pacto,
1238 1686 1362 1726 cum
1381 1673 1606 1740 epistola
1641 1674 1720 1729 sic
1742 1673 1959 1739 habeat,
1985 1677 2186 1733 calum-

615 1754 794 1810 niatur
833 1758 1196 1824 adversarius,
1252 1768 1306 1813 et
1330 1761 1570 1829 seipsum
1625 1762 1829 1817 sanctis
1872 1764 2183 1833 oppositum

2290 580 2544 652 επιστολῇ
2585 597 2706 651 μου·
2736 579 2853 635 ἀλλ’
2877 581 3048 650 ὅτιτῇ
3085 580 3321 648 Χριστοῦ
3345 580 3526 633 εἰκόνι
3556 580 3632 633 ού
3665 579 3884 650 λατρεύ-

2290 672 2411 726 τέον
2429 688 2446 706 ο
2491 671 2898 743 εἰδωλολατρίας
2928 673 3034 740 γὰρ
3067 673 3322 742 φρόνημα
3351 671 3520 724 τοῦτο
3544 688 3560 703 ο
3617 671 3770 742 μόνῃ
3791 672 3884 742 γὰρ

2289 766 2358 836 τῇ
2411 764 2542 835 ἁγίᾳ
2572 765 2761 835 Τριάδι
2811 764 2968 818 τοῦτο
3014 763 3323 817 ἀναθετέον.
3379 763 3497 816 Καὶ
3547 763 3644 815 ὅτι
3683 765 3714 816 6
3745 765 3881 831 ὲντῇ

2291 857 2424 928 ἁγίᾳ
2453 857 2619 910 εἰκόνι
2640 856 2781 928 [cod.
2815 855 2946 928 Reg.
2985 853 3181 927 οἰκείᾳ]
3219 853 3725 925 προσκυνούμενος
3765 856 3883 922 Χρι-

2293 950 2438 1012 στὸς,
2467 949 2784 1019 λατρεύεται
2841 948 2937 1002 σῦν
2971 950 3144 1018 Πατρὶ
3175 949 3269 1002 καὶ
3297 948 3596 1016 Πνεύματι
3636 962 3656 979 ο
3703 949 3806 1017 τὴν
3834 948 3880 1000 ἃ

2290 1040 2528 1113 Χριστοῦ
2565 1042 2746 1095 εἰκόνα
2777 1042 3180 1112 προσκυνητέον
3211 1041 3438 1110 σχετικῇ
3473 1042 3878 1109 προσκυνήσει,

2293 1136 2388 1188 καὶ
2416 1134 2498 1188 ὅτι
2541 1133 2745 1204 ταύτην
2787 1132 3240 1202 προσκυνοῦντες,
3277 1131 3370 1184 τὸν
3403 1130 3666 1201 Χριστὸν
3723 1147 3880 1199 προσο

2288 1221 2581 1293 κυνοῦμεν,
2631 1222 2693 1276 οὐ
2750 1222 3126 1294 διαιρούμενον
3194 1221 3334 1273 κατά
3393 1219 3502 1288 τὴν
3551 1219 3878 1278 ὑπόστασιν,

2285 1315 2423 1369 ἀλλά
2466 1312 2890 1384 διαφορούμενον
2945 1311 3088 1366 κατὰ
3149 1311 3240 1364 τὸν
3285 1310 3387 1378 τῆς
3440 1309 3655 1371 οὐσίας
3711 1308 3878 1372 λόγον·

2286 1408 2423 1477 ὅπερ
2473 1406 2569 1460 καὶ
2603 1404 2821 1476 ἀληθές.
2876 1404 2950 1458 Τὸ
3006 1403 3114 1474 γὰρ
3171 1401 3485 1473 ἀρχέτυπον
3546 1402 3612 1454 ὲν
3684 1401 3756 1468 τῇ
3812 1401 3882 1449 εἰ-

2287 1499 2404 1552 κόνι
2443 1497 2760 1566 ὲκφαίνεται
2795 1513 2809 1526 ·
2842 1499 2939 1550 καὶ
2965 1494 3225 1566 ἑκάτερον
3249 1495 3306 1546 έν
3327 1493 3618 1563 ἑκατέρῳ,
3653 1492 3802 1545 κατὰ
3829 1492 3881 1543 τὸ

2285 1592 2386 1663 τῆς
2415 1590 2603 1652 οὐσίας
2628 1590 2905 1659 διάφορον,
2936 1587 3012 1651 ὥς
3025 1604 3190 1659 φησιν
3215 1589 3243 1640 ό
3263 1586 3550 1653 πάνσοφος
3573 1586 3876 1642 Διονύσιος.

2357 1681 2482 1742 Πῶς
2503 1678 2619 1742 οὖν,
2642 1677 2813 1741 οὕτως
2852 1678 3085 1746 ἐχούσης
3114 1675 3212 1746 τῆς
3239 1673 3562 1742 ἐπιπολῆς,
3593 1673 3876 1728 ἐνδιαϐαλ-

2285 1774 2370 1827 λει
2400 1774 2429 1827 ό
2455 1771 2522 1825 δι’
2547 1769 2925 1833 ὲναντίας,καὶ
2953 1767 3330 1821 ἀποδείκνυσιν
3363 1766 3568 1819 ἑαυτὸν
3601 1765 3877 1820 ἀντίθετον

615 1848 902 1904 ostendit?
929 1847 1033 1903 Sed
1064 1849 1189 1917 quid
1211 1865 1334 1906 eum
1370 1853 1506 1909 velle
1529 1868 1815 1910 censemus
1837 1855 1949 1910 ian
1977 1866 2036 1911 ut
2063 1872 2180 1922 nos,

2289 1868 2400 1929 τοῖς
2433 1864 2645 1932 ἀγίοις;
2680 1861 2840 1931 ’ᾼλλά
2865 1860 2918 1914 τί
2945 1860 3217 1931 βούλοιτο;
3249 1858 3712 1930 προσκυνοῦντας
3741 1859 3876 1928 ἡμᾶς

613 1951 738 1993 cum
757 1938 1049 2008 imaginem
1070 1940 1272 1996 Christi
1302 1942 1620 2010 adoramus,
1649 1945 1810 1999 aliam
1849 1947 2183 2017 hypostasim

613 2027 848 2085 adorare
894 2032 1249 2087 conliteamur
1281 2034 1305 2088 ἲ
1346 2033 1390 2090 Ο
1419 2035 1848 2092 absurditateml
1887 2039 1988 2092 hoc
2040 2038 2185 2092 enim

612 2127 698 2174 est
733 2134 797 2173 ea
853 2136 973 2190 qua:
1024 2129 1154 2176 sunt
1211 2124 1466 2189 indivisa,
1504 2127 1768 2182 dividere.
1813 2130 1882 2182 At
1932 2130 2035 2183 hoc
2068 2129 2183 2184 ﬁeri

609 2225 722 2266 nou
779 2221 954 2280 potest
1001 2231 1015 2268 :
1062 2229 1236 2284 neque
1297 2216 1585 2286 imperium
1639 2220 1843 2290 quippe
1895 2222 2183 2289 scinditur,

615 2318 791 2372 neque
817 2304 991 2376 gloria
1029 2306 1292 2362 dividitur
1313 2347 1330 2373 ,
1358 2319 1418 2363 ut
1453 2325 1669 2366 rursum
1705 2311 1782 2365 ait
1821 2328 2050 2382 magnus
2083 2312 2188 2368 Ba-

612 2395 790 2449 silius.
827 2395 1008 2462 Quare
1041 2398 1263 2454 adorata
1319 2401 1574 2470 imagine,
1613 2401 1872 2455 adoratur
1910 2402 2183 2470 Christus,

612 2485 770 2552 cujus
808 2495 892 2540 est
935 2494 990 2540 et
1019 2487 1316 2542 similitudo
1359 2505 1373 2543 :
1409 2505 1514 2544 non
1568 2500 1748 2544 autem
1789 2493 2011 2547 materia
2064 2509 2186 2563 quae

614 2575 1028 2631 similitudinem
1071 2581 1276 2648 recepit
1308 2597 1320 2633 :
1352 2580 1807 2649 quemadmodum
1841 2592 1895 2638 et
1924 2584 1978 2638 in
2012 2583 2186 2656 eﬂigie

613 2666 794 2721 crucis
856 2668 1182 2722 ostenditur.
1232 2669 1334 2735 Qui
1388 2672 1532 2725 enim
1573 2673 1854 2728 materiam
1911 2686 2064 2745 putat
2127 2692 2187 2732 se

614 2755 865 2823 adorare,
897 2773 1032 2827 puer
1052 2770 1157 2824 est,
1199 2769 1254 2814 et
1295 2761 1520 2816 rationis
1559 2777 1773 2829 expers.
1806 2762 1993 2835 Neque
2023 2766 2187 2836 igitur

617 2849 864 2912 materia,
894 2850 946 2902 in
981 2866 1086 2920 qua
1143 2859 1227 2906 est
1274 2853 1473 2922 imago,
1513 2853 1772 2909 adoratur
1803 2873 1818 2918 ;
1855 2872 2030 2927 neque
2057 2860 2183 2926 alia,

614 2947 810 3008 praeter
846 2956 965 2995 eam
1002 2943 1160 3011 cujus
1201 2944 1378 3013 imago
1415 2956 1675 3016 expressa
1705 2957 1808 3016 est,
1857 2949 2183 3021 bypOstasis.

614 3031 719 3085 Par
746 3033 891 3086 enim
943 3033 998 3087 in
1043 3035 1286 3104 utrisque
1335 3042 1420 3092 est
1469 3039 1672 3096 erroris
1727 3040 2000 3112 impietas.
2055 3043 2189 3100 Pro-

615 3132 801 3191 pterea
851 3125 1034 3194 itaque
1079 3136 1134 3181 et
1188 3127 1390 3198 eiIigies
1416 3131 1616 3198 crucis,
1653 3147 1784 3187 crux
1831 3135 2182 3205 appellatur;

613 3217 671 3264 et
701 3209 882 3280 imago
925 3212 1153 3281 Christi,
1215 3215 1466 3273 Christus
1520 3218 1736 3282 dicitur,
1780 3235 1889 3276 non
1945 3225 2184 3292 proprie,

615 3301 711 3356 sed
753 3317 849 3373 per
876 3305 1260 3363 catachresim.
1295 3307 1352 3362 Si
1397 3325 1528 3378 ergo
1568 3311 1725 3366 nobis
1771 3313 1874 3368 hoc
1901 3329 2188 3383 persuase-

615 3395 707 3459 rit,
741 3396 922 3450 crucis
956 3396 1180 3466 ciﬁgiem
1219 3414 1434 3455 erucem
1479 3418 1588 3457 non
1637 3405 1918 3474 appellari,
1961 3423 2188 3478 persua-

612 3485 760 3540 debit
793 3490 956 3543 etiam
993 3492 1152 3546 nobis
1203 3491 1492 3564 imaginem
1547 3496 1749 3552 Christi
1771 3499 2046 3556 Christum
2078 3518 2188 3559 non

614 3577 896 3646 appellari.
931 3580 996 3632 Et
1028 3597 1237 3641 rursus.
1273 3584 1316 3638 si
1343 3585 1396 3638 in
1429 3585 1626 3654 primo,
1669 3605 1776 3642 non
1806 3592 2038 3646 adorant
2059 3608 2186 3648 cru-

613 3681 757 3730 cem,
783 3669 875 3737 qui
894 3669 1123 3725 adorant
1150 3672 1376 3744 elligiem
1402 3691 1559 3741 ;nec,
1595 3682 1646 3732 in
1672 3681 1934 3746 secundo,
1958 3685 2186 3741 adorare

613 3754 916 3826 Christum,
965 3762 1054 3830 qui
1111 3761 1314 3819 Christi
1362 3767 1593 3821 adorant
1646 3771 1958 3841 imaginem.
2019 3774 2185 3844 Atqui

611 3849 848 3918 primum
883 3865 1071 3906 verum
1107 3863 1207 3920 est,
1252 3857 1396 3924 quod
1441 3860 1656 3928 prapria
1690 3864 1871 3916 crucis
1900 3863 2102 3934 eﬂigies
2133 3875 2188 3921 et

611 3954 959 4011 nuncupatur
997 3959 1129 3999 crux
1163 3985 1178 4011 ,
1227 3955 1281 4000 et
1316 3950 1594 4005 adoratur.
1647 3950 1848 4008 Verum
1892 3954 2059 4027 igitur
2129 3968 2184 4014 et

612 4035 914 4089 secundum
941 4077 957 4102 ,
990 4051 1100 4106 quo
1145 4048 1199 4092 et
1229 4037 1483 4097 Christus
1531 4042 1753 4108 dicitur,
1813 4055 1866 4100 et
1895 4048 2177 4117 adoratur,

611 4127 831 4196 propria
866 4128 987 4197 ejus
1031 4129 1250 4201 imago;
1282 4141 1333 4188 et
1379 4133 1659 4191 incassum
1712 4139 1897 4195 inania
1933 4141 2180 4207 blaterat,

610 4217 704 4286 qui
742 4221 862 4274 novi
895 4220 1176 4291 quidpiam
1203 4235 1397 4293 prater
1453 4227 1570 4284 haec
1599 4231 1767 4286 sen‘tit
1798 4247 1891 4288 aut
1916 4235 2177 4306 loquitur.

610 4307 738 4363 Haec
765 4311 984 4380 scripsi,
1015 4315 1210 4382 partim
1239 4317 1460 4385 quidem
1517 4329 1577 4375 ut
1621 4333 1775 4377 extra
1809 4325 2022 4394 culpam
2058 4341 2179 4383 esse

608 4414 700 4455 me
730 4402 1051 4472 probarem;
1093 4410 1289 4475 partim
1319 4411 1484 4466 etiam
1516 4416 1907 4472 amantissimae
1930 4419 2176 4475 eminen-

2284 1952 2383 2024 τὴν
2403 1951 2498 2005 τοῦ
2518 1948 2766 2021 ’Χριστοῦ
2796 1949 3001 2015 εἰκόνα,
3032 1949 3313 2019 ὁμολογεῖν
3339 1952 3690 2017 προσκυνεῖν
3722 1951 3876 2016 ἀλλην

2287 2045 2615 2107 ύπόστασιν;
2660 2039 2764 2094 Φεῦ
2803 2040 2902 2110 τῆς
2933 2041 3196 2104 ἀτοπίαςί
3251 2039 3412 2093 τοῦτο
3459 2039 3579 2110 γάρ
3636 2041 3874 2110 μερίζειν

2285 2135 2402 2188 έστί
2427 2135 2496 2187 τὰ
2527 2135 2820 2204 ἀμέριστα,
2851 2130 2966 2186 ἀλλ’
2990 2131 3089 2184 οὐκ
3135 2131 3432 2201 ἐνδέχεται.
3488 2130 3643 2184 Οὔτε
3679 2132 3792 2202 γάρ
3821 2131 3874 2184 τὸ

2284 2227 2484 2298 κράτος
2519 2226 2777 2297 σχίζεται,
2826 2223 2952 2278 οῦτε
2985 2226 3018 2294 ἡ
3072 2224 3195 2290 δόξα
3251 2223 3567 2296 μερίζεται,
3604 2223 3693 2288 ὡς
3727 2222 3871 2291 αὖθίς

2287 2337 2452 2392 φησιν
2481 2321 2510 2372 ό
2551 2320 2722 2390 μέγας
2752 2318 3052 2380 Βασίλειος.
3107 2319 3199 2370 Διὸ
3251 2321 3343 2372 καὶ
3373 2322 3871 2391 προσκυνουμένης

2285 2411 2382 2481 τῆς
2421 2411 2650 2477 εἰκόνος,
2703 2412 2731 2463 ό
2785 2411 3020 2478 Χριστὸς
3053 2412 3460 2479 προσκυνεῖται,
3503 2404 3568 2464 οῦ
3622 2412 3750 2465 ἐστι
3790 2411 3867 2462 καὶ

2285 2504 2559 2574 ὁμοιότης·
2585 2501 2679 2556 καὶ
2701 2502 2822 2571 οὐχὶ
2843 2505 2875 2571 ἡ
2903 2499 3275 2570 ὑποδεξαμένη
3302 2499 3400 2569 ὕλη
3430 2500 3535 2571 τὴν
3548 2501 3863 2571 ὁμοιότητα,

2283 2594 2358 2658 ὡς
2389 2596 2484 2648 καὶ
2515 2595 2608 2647 ἐπὶ
2635 2591 2728 2646 τοῦ
2763 2592 2936 2646 τύπου
2972 2592 3065 2646 τοῦ
3097 2590 3331 2661 σταυροῦ
3365 2590 3776 2646 διαδείκνυται.
3818 2594 3865 2645 ὐ

2285 2688 2394 2757 γὰρ
2423 2687 2521 2756 τὴν
2579 2685 2710 2755 ῦλην
2763 2685 2935 2740 δοκῶν
2990 2685 3335 2755 προσκυνεῖν,
3371 2683 3596 2752 νήπιος,
3655 2684 3862 2751 ἄλογος.

2286 2777 2422 2832 Οὔτε
2452 2775 2544 2831 οὖν
2577 2778 2756 2848 ήῦλη,
2797 2777 2880 2846 ἐφ’
2975 2777 3009 2846 ή
3051 2774 3234 2838 εἰκὼν,
3276 2777 3712 2846 προσκυνεῖται,
3752 2775 3863 2830 oin:

2285 2871 2438 2940 παρά
2489 2870 2588 2939 τὴν
2619 2869 2711 2922 τοῦ
2744 2867 3166 2938 εἰκονιζομένου,
3197 2865 3330 2937 ἀλλη
3383 2864 3720 2928 ὑπόστασις.
3756 2865 3866 2919 Ἐπ’

2285 2957 2612 3027 ἀμφοτέροις
2635 2957 2744 3026 γὰρ
2766 2956 2961 3028 ἐπίσης
2987 2959 3018 3029 ἡ
3049 2956 3377 3029 παρατροπὴ
3405 2955 3468 3010 τὸ
3502 2956 3713 3020 ἀσεόὲς
3737 2957 3861 3026 ἔχει.

2286 3047 2587 3120 Τοιγαροῦν
2613 3049 2701 3104 διὰ
2728 3047 2887 3102 τοῦτο
2909 3049 3001 3103 καὶ
3031 3049 3060 3102 6
3086 3049 3254 3112 τύπος
3279 3047 3374 3102 τοῦ
3427 3046 3678 3119 σταυροῦ
3710 3065 3863 3101 σταυ-

2211 3177 2253 3235 C
2289 3141 2382 3212 ρὸς
2423 3140 2673 3212 εἴρηται,
2723 3140 2820 3193 καὶ
2858 3142 2893 3210 ή
2944 3139 3106 3194 εἰκὼν
3173 3140 3266 3194 τοῦ
3324 3138 3569 3235 Χριστοῦ
3632 3139 3864 3235 Χριστος

2287 3235 2502 3306 εῐρηται
2537 3250 2552 3264 ·
2593 3233 2654 3287 οὐ
2687 3231 2912 3304 κυρίως,
2953 3232 3087 3287 ἀλλά
3145 3233 3286 3286 κατά
3316 3232 3690 3305 κατάχρησιν.
3746 3230 3862 3284 Ἐἀν

2285 3323 2378 3381 οὖν
2421 3326 2580 3381 τοῦτο
2617 3326 2768 3396 ἡμᾶς
2817 3325 2977 3395 πείσῃ
3012 3324 3088 3395 μὴ
3116 3327 3208 3376 τὸν
3251 3323 3420 3374 τύπον
3467 3323 3568 3376 τοῦ
3631 3321 3861 3394 σταυροῦ

2288 3421 2518 3491 σταυρὸν
2547 3417 2854 3489 ὀνομάζειν,
2894 3417 3133 3470 πείσειεν
3175 3417 3320 3487 ἡμᾶς
3361 3415 3500 3485 μήτε
3553 3417 3662 3488 τὴν
3688 3415 3862 3470 εἰκόνα

2284 3511 2380 3565 τοῦ
2430 3510 2666 3582 Χριστοῦ
2716 3508 2950 3580 Χριστὸν
2985 3508 3291 3578 ὀνομάζειν.
3332 3507 3465 3569 Καὶ,
3519 3506 3624 3561 ἐὰν
3682 3510 3742 3561 έν
3791 3508 3861 3577 τῷ

2287 3601 2486 3670 πρώτῳ
2508 3601 2568 3654 τὸ
2605 3600 2680 3672 μὴ
2708 3603 3032 3672 προσκυνεῖν
3061 3601 3154 3656 τὸν
3202 3598 3458 3668 σταυρὸν,
3493 3601 3860 3669 προσκυνοῦν-

2284 3712 2382 3757 τας
2411 3694 2503 3746 τὸν
2543 3691 2732 3757 τύπον,
2766 3692 2898 3763 μηδὲ
2927 3694 2985 3746 έν
3005 3692 3083 3762 τῷ
3110 3690 3348 3764 δευτέρῳ
3377 3692 3718 3761 προσκυνεῖν
3736 3691 3860 3761 Χρι-

2286 3787 2432 3852 στὸν,
2498 3783 2939 3855 προσκυνοῦντας
2992 3785 3092 3857 τὴν
3142 3783 3376 3856 Χριστοῦ
3424 3781 3642 3838 εἰκόνα.
3705 3783 3856 3837 Ἀλλὰ

2287 3879 2394 3949 μὴν
2421 3874 2483 3929 τὸ
2517 3875 2731 3945 πρῶτον
2758 3874 2978 3944 ἀληθὲς,
2999 3876 3080 3929 ὅτι
3111 3877 3343 3946 σταυρὸς
3360 3876 3455 3929 καὶ
3483 3873 3743 3928 λέλεκται
3771 3875 3856 3928 καὶ

2283 3971 2668 4042 προσκυνεῖται
2691 3969 2718 4020 ὁ
2743 3970 2939 4032 οἰκεῖος
2985 3967 3147 4022 αὑτοῦ
3203 3968 3394 4032 τύπος.
3421 3966 3640 4022 Οὐκοῦν
3674 3969 3766 4020 καὶ
3798 3969 3855 4019 τὸ

2281 4063 2530 4131 δεύτερον
2555 4059 2774 4130 ἀληθὲς,
2792 4061 2873 4112 ὅτι
2904 4059 3138 4129 Χριστὸς
3169 4061 3261 4113 καὶ
3289 4059 3542 4113 λέλεκται
3572 4061 3675 4113 καὶ
3700 4077 3854 4129 προσ-

2282 4155 2524 4210 κυνεῖται
2551 4152 2584 4221 ἡ
2613 4150 2786 4204 οἰκεία
2809 4150 2975 4204 αὐτοῦ
3007 4149 3168 4203 εἰκών
3198 4167 3212 4181 ο
3238 4150 3330 4204 καὶ
3365 4152 3548 4220 μάτην
3594 4149 3850 4203 εἰκαιολορ

2281 4249 2369 4318 γεῖ
2393 4246 2420 4299 ό
2448 4245 2599 4313 παρά
2643 4242 2818 4297 ταῦτα
2850 4242 3161 4313 καινότερόν
3193 4259 3248 4296 τι
3301 4242 3519 4312 φρονῶν
3571 4240 3608 4313 ἢ
3665 4241 3845 4306 λέγων.

2280 4336 2467 4392 Ταῦτα
2523 4334 2776 4403 γέγραφα
2808 4375 2824 4401 ,
2882 4333 3019 4404 όμοῦ
3081 4335 3180 4404 μὲν
3247 4333 3440 4387 ἑαυτὸν
3499 4333 3609 4400 ἔξω
3681 4332 3847 4395 αίτίας

2278 4428 2489 4491 τιθείς·
2542 4425 2675 4495 ὁμοῦ
2731 4427 2790 4482 δὲ
2856 4428 2952 4482 καὶ
3022 4428 3119 4499 τῆς
3178 4429 3278 4498 σῆς
3330 4429 3656 4497 φειδόμενος
3719 4429 3842 4493 ἁγα-

611 4490 701 4546 tia:
731 4501 835 4550 tua
896 4498 1163 4554 rationem
1221 4500 1428 4559 habens
1459 4521 1474 4570 ;
1509 4516 1568 4560 ut
1597 4506 1755 4562 [idem
1807 4510 2171 4567 orthodoxam

2286 4516 2513 4588 πητικῆς
2571 4490 2880 4589 ῦπεροχῆςο
2934 4521 3016 4582 εἰς
3183 4490 3582 4574 ἀντιποιεῖσθαι
3647 4490 3844 4589 690666—

606 4583 987 4654 amplectatur,
1023 4604 1125 4645 nec
1152 4590 1375 4649 alterius
1396 4594 1654 4654 doctrina:
1695 4601 2042 4658 sermonibus
2069 4602 2170 4659 ab-

605 4672 854 4731 ducatur.

929 4790 1130 4852 CLXII.
1155 4825 1218 4838 -—
1242 4794 1510 4854 Theodoro
1537 4802 1790 4857 monacho
1833 4802 1930 4876 (").

2280 4614 2372 4679 ξου
2396 4609 2652 4675 πίστεως,
2682 4610 2776 4662 καὶ
2808 4608 2884 4683 μὴ
2908 4610 3320 4682 παρασύρεσθαι
3352 4611 3536 4680 λόγοις
3559 4611 3843 4684 ἑτεροδιδα-

2281 4700 2526 4762 σκαλίας.

2530 4810 2672 4865 ΡΞΒ¹
2710 4811 2843 4884 (54).
2873 4843 2945 4855 —-
2977 4813 3252 4884 Θεοδάψφ
3268 4814 3622 4885 portitor".

1380 4915 1455 4966 De
1475 4913 1685 4967 diversis
1706 4921 2048 4982 argumentis:
2079 4933 2229 4992 atque
2252 4931 2302 4982 in
2332 4931 2451 4991 nne,
2474 4927 2538 4977 de
2563 4926 2742 4977 sanctis
2764 4927 3078 4991 imaginibus.

673 5019 868 5090 Accepi
896 5020 1182 5091 epistolam
1211 5022 1528 5077 reverentia:
1554 5032 1679 5090 tuae,
1710 5041 1832 5095 quae
1866 5027 1946 5083 sic
1974 5029 2171 5089 inseri-

600 5125 688 5184 pta
726 5122 862 5180 erat,
888 5111 1132 5183 Epistola
1163 5113 1432 5184 encyclica
1453 5155 1469 5179 ,
1493 5115 1744 5172 videlicet
1786 5121 2125 5182 medicinalis
2152 5144 2166 5180 :

2359 5035 2658 5106 Ἐδεξάμην
2685 5033 2781 5107 τὴν
2830 5038 3121 5108 επιστολὴν
3144 5038 3242 5108 τῆς
3268 5040 3592 5112 τιμιότητός
3619 5059 3713 5094 σου
3739 5043 3842 5095 ἐπι-

2274 5126 2612 5198 γράφουσαν,
2653 5125 3004 5193 Ἐγκύκλιος
3030 5127 3347 5198 ἐπιστολὴ,
3379 5131 3501 5200 ἦτοι
3534 5132 3839 5203 Θεραπευτι-

600 5203 900 5274 statimque
933 5206 1001 5260 ab
1036 5205 1192 5261 initio
1221 5206 1499 5275 obstupui,
1529 5208 1717 5267 frater.
1763 5209 2006 5272 Ulterius
2040 5233 2169 5275 vero

2286 5221 2365 5291 ιιή.
2398 5220 2506 5273 Καὶ
2533 5217 2696 5280 εὐθὺς
2727 5217 2835 5270 ἀπὸ
2863 5217 3109 5288 βαλϐῖδος
3148 5220 3391 5292 ἐξέστην,
3420 5224 3623 5295 ἀδελφέ
3649 5241 3666 5258 ο
3695 5227 3838 5279 ἐπελ-

597 5312 942 5369 progressus,
975 5308 1158 5356 mente
1206 5302 1594 5370 propemodum
1649 5304 1848 5374 excidi,
1883 5323 1986 5365 nec
2037 5312 2164 5382 quid

2278 5312 2387 5367 θὼν
2422 5311 2480 5366 δὲ
2504 5311 2616 5375 τοῖς
2645 5308 2864 5380 ἑφεξῆς,
2901 5312 3098 5382 μικροῦ
3138 5315 3230 5366 καὶ
3255 5314 3384 5378 τοὺς
3423 5316 3726 5389 λογισμοὺς
3749 5320 3840 5372 ἀπο

595 5391 894 5447 edisseram
960 5392 1192 5482 habens,
1225 5409 1328 5450 nec
1399 5396 1530 5465 quid
1561 5395 1608 5453 ei
1639 5413 1796 5469 quem
1832 5402 1986 5459 valde
2044 5421 2170 5462 amo

2286 5404 2475 5470 ὑλεσα,
2502 5403 2575 5474 μὴ
2596 5402 2734 5472 ἔχων
2754 5400 2851 5472 alat
2867 5401 3262 5474 διαλογῑσομαι,
3283 5405 3314 5476 ἦ
3337 5407 3391 5458 τί
3407 5409 3839 5482 ἀποκριθήσομαι

597 5483 979 5552 respondeam.
1011 5481 1194 5554 Neque
1219 5492 1278 5538 tu
1306 5486 1544 5555 graviter
1570 5487 1735 5558 feras,
1760 5491 1861 5548 etsi
1885 5497 2163 5565 asperiora

2286 5494 2349 5564 τῷ
2372 5493 2730 5564 ἠγαπημένῳ.
2768 5492 2878 5545 Καί
2911 5511 2998 5563 μοι
3019 5494 3388 5565 μακροθύμως
3417 5481 3636 5563 οῐσειας
3657 5517 3670 5530 °
3693 5502 3736 5552 εἰ
3760 5500 3839 5553 καὶ

599 5574 881 5632 videantur
904 5591 1027 5647 qua:
1065 5591 1187 5632 sum
1215 5574 1464 5637 dicturus
1496 5597 1511 5637 :
1539 5594 1663 5638 cum
1709 5599 1979 5657 nequeam
2009 5588 2169 5645 aliter

2275 5586 2583 5657 τραχύτερα
2609 5585 2676 5638 τὰ
2703 5583 3076 5656 λεχθησόμενα
3098 5603 3112 5617 ·
3139 5586 3239 5640 οὐκ
3266 5586 3451 5658 ἔχοντι
3505 5592 3629 5654 πῶς
3685 5590 3837 5655 ἄλλως

2129 5699 2354 5758 ΝΟΤΛΕ.

665 5781 777 5858 (54)
812 5781 866 5837 In
889 5784 1009 5840 eod.
1046 5781 1174 5856 Reg.
1215 5784 1354 5859 ρμθ.

2359 5792 2431 5862 (⁸)
2465 5787 2794 5860 Dogmatica.
