3964 6320
114 391 258 456 1505
1300 385 1705 449 EPISTOLAF

1809 383 1835 445 1
1892 385 2038 446 LIB.
2084 385 2167 445 Ῑῐ.
3235 369 3375 437 1506

106 512 180 564 τὰ
234 508 577 582 ἐνσκήψαντα
599 511 664 583 τῇ
697 509 926 581 ταπεινῇ
951 524 1051 578 μου
1104 505 1303 578 καρδίᾳ
1338 508 1479 560 κατᾶ
1504 507 1565 560 τὸ
1607 508 1686 559 εί-

1809 516 1849 558 :a
1883 519 2004 573 quae
2044 501 2249 558 humile
2273 506 2522 554 nostrum
2561 504 2754 566 pectus
2798 498 3049 564 gravant,
3086 487 3378 543 commode

108 606 212 671 κδς
241 576 711 676 ἐκφερομυθῆσαι,
734 603 830 656 καὶ
872 576 1410 670 ἀναγκαῖονήείπεῖν.
1440 594 1586 671 Ἀρα
1612 598 1688 669 μή

1809 596 2100 665 explicare;
2133 603 2188 648 et
2215 606 2301 646 me
2331 605 2396 646 ea
2425 587 2608 658 eloqui
2632 598 2855 640 necesse
2887 583 2978 638 sit.
3030 577 3172 634 Num
3223 576 3373 648 quis.

107 710 222 758 τις,
275 671 545 763 ἀῆαέττίτὲ,
583 671 647 744 τὸ
684 691 774 743 σὺν
810 690 1101 761 πρόσωπον
1133 689 1335 752 ὑποδὺς
1381 688 1462 748 είς
1504 686 1694 741 τοσοῦ-

1809 687 2173 748 lilectissime,
2222 695 2515 754 personam
2575 687 2720 733 tuam
2772 674 3007 730 induens
3056 671 3112 726 in
3157 677 3371 725 tantum

111 802 207 837 τον
261 782 726 855 ἐξετραχηλιάσθη
765 781 928 850 ’ὂγκον
975 780 1362 851 φρονήματος,
1416 777 1557 830 ὥστε
1615 778 1695 830 ἐνο

1809 796 1854 837 ιε
1887 779 2052 835 animi
2104 787 2378 834 tumorem
2410 772 2621 836 extulit,
2652 779 2711 826 ut
2739 769 2876 823 adeo
2915 763 3149 835 superba
3184 763 3373 818 animo

109 876 308 946 νοῆσαι
345 852 415 931 τά
443 852 745 946 ύπερνεφῆ,
785 873 877 927 καὶ
906 873 1103 944 δρᾶσαι
1128 872 1199 926 τὰ
1232 872 1648 943 καταράσσοντα
1674 887 1689 936 ;

1809 873 2087 928 neditatus
2119 871 2210 934 sit,
2237 878 2457 938 tamque
2488 862 2821 921 exsecranda
2868 857 3137 930 peregerit
3165 858 3188 909 Ἰ
3217 852 3374 908 Nun-

110 965 268 1037 Ἀρα
309 967 384 1038 μὴ
418 967 573 1020 αὐτοὶ
626 968 786 1036 ἡμεῖς
818 964 923 1031 ἔξω
961 965 1091 1019 ποτὲ
1147 963 1362 1036 φρενῶν
1413 963 1694 1033 γενόμενοι

1809 966 1925 1038 quid
1983 979 2084 1018 nos
2106 963 2209 1033 ipsi
2259 960 2552 1031 aliquando
2599 963 2782 1011 mente
2818 952 2982 1023 capti,
3020 949 3208 1005 ludum
3251 961 3375 1002 esse

110 1060 340 1113 παιδιάν
356 1077 476 1113 τινα
504 1057 890 1131 προειλόμεθα,
921 1055 1359 1129 συγγράφεσθαι,
1387 1058 1446 1110 ἐν
1474 1055 1534 1108 οὑ
1567 1071 1698 1108 παι-

1809 1056 2134 1120 :ensuimus,
2165 1067 2366 1108 nomen
2400 1048 2773 1110 subscribere,
2809 1059 2920 1099 non
2952 1044 3008 1098 in
3040 1041 3204 1097 rebus
3233 1038 3376 1094 ludi-

110 1153 286 1215 κτοῖς,
314 1150 449 1205 ἀλλὰ
491 1152 586 1205 καὶ
613 1150 734 1204 λίαν
753 1151 1006 1222 χαλεποῖς
1030 1150 1346 1223 τολμήμασι
1369 1149 1468 1216 ;Τί
1492 1146 1694 1215 λέγεις,

1809 1150 1925 1213 :ris,
1955 1146 2050 1203 sed
2074 1147 2129 1201 in
2155 1143 2485 1201 dilIicillimis
2532 1139 2807 1209 negotiis?
2843 1136 2985 1204 Quid
3017 1133 3122 1197 ais,
3147 1132 3232 1186 vir
3272 1145 3374 1200 0p-

109 1238 156 1296 ὦ
189 1245 326 1311 τᾶνς
359 1243 568 1308 ἔξεστιν
599 1245 732 1314 ἡμῖν
755 1220 884 1306 τοῖς
918 1245 990 1315 μή
1040 1220 1164 1297 τινα
1193 1220 1415 1313 έκλῆρον
1466 1237 1695 1312 ἱερωσύ-

1809 1241 1974 1298 time?
2012 1241 2094 1294 An
2132 1237 2294 1293 nobis
2333 1236 2479 1300 licet,
2516 1233 2610 1305 qui
2655 1231 2805 1286 nullo
2843 1242 3033 1284 sumus
3084 1220 3377 1280 sacerdotii

111 1355 211 1408 νης
238 1337 476 1408 ἔχουσιν,
517 1338 550 1409 ἢ
584 1337 742 1409 μόνον
792 1337 849 1389 ἐν
878 1340 1131 1408 μοναχοῖς
1160 1336 1396 1400 τελοῦσι,
1421 1336 1546 1407 δίχα
1578 1353 1697 1389 κιν-

109 1429 448 1499 δυνευούσης
499 1430 782 1501 ἀληθείας,
824 1429 1108 1502 ἁρπαγμῷ
1138 1429 1417 1500 ἱερατικοῦ
1450 1426 1697 1500 ἀξιώμα-

109 1540 207 1586 τος
232 1523 521 1590 ἐγκύκλιον
547 1523 839 1595 ἐπιστολὴν
868 1525 1142 1578 ἐντάττειν
1168 1537 1182 1553 ⁸
1219 1523 1313 1575 καὶ
1359 1521 1532 1592 ταύτῃ
1564 1538 1696 1575 κατ-

1799 1333 2005 1387 honore
2037 1330 2302 1400 insignes,
2337 1326 2629 1395 solumque
2666 1323 2814 1377 inter
2845 1317 3146 1374 monachos
3176 1329 3374 1370 cense-

1799 1439 1942 1489 mur,
1983 1421 2088 1478 nisi
2140 1418 2474 1491 periclitetur
2502 1414 2729 1478 veritas,
2783 1405 3108 1466 sacerdotali
3152 1411 3376 1474 arrepto

1801 1535 2046 1585 munere,
2087 1516 2422 1588 encyclicam
2454 1513 2801 1581 interponere
2843 1503 3157 1576 epistolam,
3195 1501 3248 1554 in
3283 1513 3375 1554 ea-

1800 1625 1908 1681 que
1946 1610 2207 1664 adversus
2265 1607 2552 1676 episcopos
2609 1609 2663 1656 et
2692 1597 3039 1661 sacerdotes,
3074 1591 3377 1648 monachos

1801 1701 2228 1772 praepositusque
2263 1694 2480 1750 invehi:
2513 1691 2817 1762 quinetiam
2865 1697 2921 1742 et
2967 1687 3203 1754 privatas
3231 1681 3377 1750 leges

112 1613 501 1680 εξανίστασθαι
550 1614 822 1688 ίεραρχῶν
871 1632 932 1668 τε
985 1617 1080 1669 καὶ
1125 1614 1474 1685 ἱερωμένων,
1530 1631 1699 1687 μονα-

115 1706 259 1759 στῶν
289 1724 349 1760 τε
374 1706 467 1760 καὶ
499 1705 923 1777 καθηγουμένων
950 1719 965 1735 °
991 1707 1052 1760 ού
1087 1706 1193 1777 μὴν
1231 1705 1368 1759 ἀλλά
1387 1706 1480 1760 καὶ⁹
1501 1707 1701 1775 νόμους

117 1798 323 1861 ίδικοὺς
356 1797 606 1852 ἀποίσειν
630 1773 698 1866 ’ἐξ
743 1773 1031 1870 ίδιοκρίτου
1061 1773 1288 1868 καρδίας
1316 1812 1328 1826 ⁸
1359 1798 1495 1870 πρὸς
1521 1773 1576 1852 δέ
1604 1799 1700 1852 καὶ

1809 1806 1870 1844 ex
1923 1788 2198 1855 insipienti
2251 1794 2471 1858 pectore
2518 1781 2764 1853 proferre
2807 1779 3097 1846 :ingerere
3149 1774 3214 1828 ad
3260 1773 3378 1828 haec

114 1888 311 1962 ῦόρεσι
341 1890 440 1944 καὶ
465 1863 714 1958 ὀνείδεσι,
761 1863 1147 1961 κατακρίσεσί
1167 1907 1226 1944 τε
1276 1892 1370 1945 καί⁵
1404 1863 1700 1964 ἀλλοτριώ-

1809 1879 2163 1936 contumelias
2202 1893 2267 1931 ac
2294 1875 2585 1945 vituperia,
2635 1873 2899 1930 damnare
2929 1883 2993 1922 ac
3045 1881 3143 1936 pro
3195 1864 3378 1918 alieno

117 1953 271 2035 σεσιν
311 1982 643 2037 ὑποϐάλλειν
671 1953 733 2037 τὸ
756 1984 880 2037 ὅλον
905 1953 1179 2054 πλήρωμα
1230 1984 1329 2054 τῆς
1379 1953 1700 2056 ὁμολογητι-

1809 1973 2003 2028 habere
2033 1970 2348 2024 universum
2372 1966 2598 2021 fratrum
2620 1962 3106 2028 confessorumque
3135 1953 3378 2010 coetum?

114 2073 221 2143 κῆς
275 2069 852 2146 ἀδελφότητος;οὗτοι
883 2077 1013 2145 γὰρ,
1076 2075 1147 2139 ὡς
1208 2075 1354 2147 φὴς,
1418 2076 1523 2130 κᾶν
1577 2078 1700 2148 οὐχὶ

114 2162 320 2224 πάντες
351 2162 400 2214 oi
429 2162 530 2233 τῆς
553 2163 812 2234 ἀληθείας
841 2164 1183 2218 ὑπασπισταί
1223 2181 1238 2196 ο
1292 2166 1354 2219 τὸ
1375 2166 1477 2237 τῆς
1534 2185 1700 2238 μετα-

112 2249 266 2313 νοίας
319 2251 764 2324 ὑποκρινόμενοι,
796 2252 856 2306 δν
881 2255 1083 2322 τρόπον
1104 2256 1154 2308 oi
1185 2257 1284 2325 τῆς
1309 2257 1556 2322 ἐναντίας
1582 2259 1699 2330 μοί-

115 2358 218 2413 ρας
247 2342 309 2395 τὸ
336 2342 439 2414 τῆς
465 2344 746 2408 εὐσεϐείας
806 2344 973 2415 ὄνομα
1025 2345 1237 2415 ψευδῶς
1272 2347 1694 2421 ύποδυσάμενοι,

115 2434 174 2500 ἐξ
205 2434 323 2487 ίσου
357 2437 683 2506 παγχάλεπα
709 2437 809 2508 τὴν
839 2437 1095 2506 ἀλήθειαν
1125 2439 1220 2492 καὶ
1248 2439 1346 2510 τὴν
1411 2441 1698 2510 μετάνοιαν

114 2523 396 2594 διέθηκαν,
427 2526 619 2590 δεινοῖς
668 2527 1152 2592 κατακοντίζοντες
1197 2529 1398 2598 λόγοις,
1440 2532 1538 2585 καὶ
1569 2550 1699 2605 συρ-

117 2616 281 2683 φετὸν
312 2616 514 2670 ἀθλίων
541 2619 942 2690 εἰσκομίζοντες
977 2620 1254 2690 λογισμῶν
1280 2637 1295 2652 ’
1353 2622 1698 2692 διχοστασίας

117 2708 447 2779 ἐγείροντες,
494 2707 590 2782 τὴν
638 2712 941 2782 ἀμώμητον
1000 2713 1184 2765 πίστιν
1225 2714 1558 2783 ἀδικοῦντες,
1609 2717 1699 2770 τὸν

117 2799 379 2853 ἁπάντων
410 2799 626 2871 ἡνίοχον
653 2801 749 2855 καὶ
777 2802 1077 2873 ἐπιστάτην
1105 2805 1198 2857 καὶ
1222 2803 1558 2876 δημιουργὸν
1583 2807 1699 2860 ἀτι-

121 2891 411 2960 μάζοντες,
442 2892 694 2963 ἀλλήλοις
719 2894 1009 2965 ἐρίζοντες,
1044 2895 1352 2964 λημμάτων
1389 2894 1694 2966 ἡττώμενοι

120 2981 324 3053 πόρους
359 2984 719 3050 ἐπινοοῦντες,
753 2988 865 3050 τοῖς
897 2987 1168 3058 δμόφροσι
1217 2987 1326 3040 τῶν
1385 2989 1697 3060 ἀσεϐησάν-

120 3093 228 3131 των
260 3080 422 3151 χάριν
450 3081 884 3153 προσκρούοντες
915 3080 1025 3135 τῶν
1068 3079 1542 3152 ὁμολογησάντων,
1605 3084 1698 3136 καὶ

1805 2065 1869 2120 Hi
1908 2064 2161 2130 enim,ut
2197 2061 2280 2117 ais
2324 2060 2462 2132 (etsi
2496 2074 2603 2113 non
2629 2070 2822 2112 omnes
2880 2050 3128 2106 veritatis
3172 2061 3377 2117 propu-

1801 2156 2097 2229 gnatoresl,
2127 2154 2498 2225 paenitentiam
2530 2149 2887 2213 simulantes;
2917 2139 3376 2215 quemadmodum

1801 2251 1894 2321 qui
1926 2265 1991 2304 ex
2023 2249 2251 2303 adversa
2273 2254 2425 2314 parte
2453 2241 2674 2313 pietatis
2707 2252 2903 2292 nomen
2927 2233 3193 2290 fallaciter
3215 2245 3378 2284 usur-

1801 2352 1998 2414 parunt
2027 2359 2041 2399 :
2075 2342 2322 2397 veritatis
2349 2337 2753 2395 confessionem
2789 2347 2852 2387 ac
2896 2325 3271 2401 paenitentiam
3306 2338 3381 2377 ex-

1800 2450 1958 2506 aequo
1997 2433 2244 2490 difﬁciles
2308 2430 2638 2490 reddidere,
2679 2424 2940 2497 gravibus
2991 2420 3376 2489 intpugnantes

1801 2529 2013 2596 verbis,
2061 2537 2114 2582 et
2141 2525 2470 2596 quisquilias
2515 2520 2812 2575 infelicium
2868 2514 3146 2570 rationum
3183 2511 3377 2564 obtru—

1798 2625 2011 2687 dentes,
2044 2619 2268 2675 dissidia
2297 2616 2652 2674 suscitantes,
2697 2608 3030 2677 inculpatam
3062 2603 3217 2657 fidem
3261 2599 3379 2652 vio-

1802 2715 1994 2776 lantes,
2031 2727 2210 2767 rerum
2243 2709 2487 2764 omnium
2549 2704 2964 2773 gubernatorem
2999 2711 3064 2750 ac
3111 2701 3376 2747 rectorem

1799 2805 2220 2871 eliectoremque
2276 2800 2478 2871 injuria
2521 2795 2852 2855 allicientes.
2901 2789 3179 2858 litigantes
3227 2783 3373 2836 inter

1801 2914 1940 2957 sese.
1962 2898 2091 2951 lucri
2113 2896 2407 2965 cupiditate
2427 2891 2650 2953 devicti,
2671 2883 2926 2959 parandae
2953 2879 3196 2952 pecunia:
3215 2888 3379 2930 exco-

1801 2992 2029 3063 gitantes
2075 2988 2339 3043 rationem
2384 3000 2449 3040 ac
2492 2984 2674 3045 viam,
2709 2979 3063 3033 adversantes
3089 2971 3155 3025 iis
3185 2965 3276 3037 qui
3317 2972 3379 3018 ιιι

1799 3084 1979 3154 impiis
2021 3079 2390 3153 gratiﬁcentur
2414 3117 2429 3141 ,
2478 3076 2532 3129 in
2562 3087 2725 3128 uuam
2755 3068 3134 3137 conspiravere
3163 3069 3383 3115 senten-

119 3167 221 3236 τῆς
248 3150 513 3242 ἀληθείας
566 3172 1062 3226 κεκινδυνευκότων
1090 3150 1112 3205 ’ἡ
1159 3150 1303 3237 τοὺς.
1343 3173 1415 3228 τὰ
1467 3172 1701 3244 μέγιστα

1809 3176 1935 3229 tiam
1956 3189 2019 3228 ex
2041 3168 2469 3232 confessoribus,
2490 3174 2544 3219 et
2569 3179 2634 3218 ex
2663 3161 2730 3216 iis
2746 3159 2838 3230 qui
2864 3155 3105 3229 pericula
3128 3150 3382 3206 adierunt

120 3261 329 3334 ταύτην
357 3265 724 3338 ἀδικήσαντας
753 3267 849 3320 καὶ
883 3265 1188 3331 διώξαντας
1218 3267 1591 3338 προτιμῶντες
1607 3270 1700 3323 καὶ

122 3358 505 3429 προτιθέμενοι
538 3373 552 3387 ⁶
580 3356 662 3423 οἷς
689 3376 752 3412 τε
778 3358 947 3429 δρῶσι
974 3362 1042 3430 τῇ
1069 3360 1298 3432 ἀληθείᾳ
1343 3362 1701 3431 χαλεπαίνον-

123 3465 213 3512 τες
237 3465 251 3480 ⁶
286 3451 386 3504 καὶ
420 3448 483 3502 τὸ
517 3450 656 3521 ὑπὲρ
681 3451 921 3523 Χριστοῦ
973 3451 1167 3506 παθεῖν
1213 3451 1700 3524 οὐδὲνὴγούμενοιο

125 3538 312 3602 κακῶς
364 3537 588 3604 είδότες,
615 3540 710 3593 καὶ
738 3540 878 3612 ὑπὲρ
903 3535 979 3595 ὧν
1008 3541 1511 3608 κεκινδυνεύκασιν,
1537 3543 1706 3614 ώμῶς

128 3633 222 3684 καὶ
248 3632 643 3704 ἀκαθηκόντως
668 3634 812 3705 ἀμνη
824 3635 1176 3705 μονήσαντεςς
1235 3635 1457 3706 Ἐξέστη
1485 3638 1512 3690 ὁ
1540 3637 1708 3708 οὐρα-

127 3723 216 3787 νὸς
241 3725 334 3779 ἐπὶ
377 3725 555 3798 τούτῳ
584 3743 597 3757 ·
628 3726 724 3780 καὶ
756 3726 950 3797 ἔφριξα
983 3727 1074 3779 ἐπὶ
1108 3726 1292 3780 πλεῖον
1327 3727 1439 3796 ἐγὼ
1465 3729 1494 3782 ό
1517 3727 1706 3792 τάλας·

129 3817 223 3869 καὶ
267 3820 314 3870 εί
350 3818 427 3889 μὴ
458 3818 569 3872 τῶν
631 3819 739 3872 σῶν
775 3821 966 3889 φωνῶν
1026 3818 1260 3885 ἐπαΐειν,
1318 3821 1419 3872 οὐκ
1478 3821 1546 3874 ἂν
1586 3819 1710 3872 ἐπί-

132 3924 330 3964 στευσα
356 3911 435 3980 τῷ
457 3911 887 3981 προδεδηλωκότι
916 3912 1205 3984 ἐπιστολὴν
1231 3912 1587 3981 συντετάχθαι
1603 3913 1709 3964 ὑπὸ

130 4000 229 4070 τῆς
260 4002 580 4072 τιμιότητάς
616 4020 709 4055 σου
737 4003 880 4056 κατά
915 4004 1014 4074 τῆς
1051 4003 1146 4057 τοῦ
1177 4002 1312 4057 Θεοῦ
1358 4002 1707 4074 Ἐκκλησίας.

131 4091 267 4145 Κατ’
306 4093 478 4165 αὐτῆς
532 4094 640 4166 γάρ
667 4095 804 4158 ἐστι,
835 4094 895 4146 τὸ
921 4096 1047 4158 τοὺς
1072 4095 1318 4159 κλεινοὺς
1369 4094 1464 4148 καὶ
1519 4094 1712 4165 ὁμολο-

131 4186 306 4253 γητὰς
347 4185 574 4253 ἄνδρας.
611 4185 661 4237 ο’ί
712 4183 1038 4252 περιῆλθον
1076 4186 1135 4236 ἐν
1187 4184 1454 4246 ποικίλοις
1518 4200 1714 4253 πειρα-

135 4278 288 4344 σμοῖς
311 4277 760 4345 ὑστερούμενοι,
797 4275 1156 4342 θλιϐόμενοι,
1213 4276 1712 4345 κακουχούμενοι,

133 4363 502 4434 διωκόμενοι,
531 4368 600 4420 ἐν
645 4368 917 4436 ἐρημίαις
953 4365 1357 4434 πλανώμενοι,
1391 4367 1490 4420 καί
1545 4365 1714 4434 ὄρεσι

134 4459 231 4511 καί
258 4460 390 4526 ταῖς
416 4459 590 4525 ὀπαῖς
614 4457 722 4527 τῆς
752 4457 861 4528 γῆς
896 4475 908 4488 ·
934 4452 1023 4512 ὧν
1043 4459 1154 4511 οὐκ
1180 4457 1351 4524 ἄξιος
1384 4461 1418 4512 ὁ
1457 4458 1715 4528 κόσμος,

1803 3281 1899 3336 pro
1938 3265 2161 3318 veritate
2192 3280 2205 3315 :
2248 3257 2594 3331 praeferentes
2625 3268 2688 3308 ac
2721 3250 2895 3322 pluris
2924 3247 3258 3302 aestimantes
3284 3255 3382 3296 eos

1803 3357 1894 3427 qui
1920 3356 2155 3409 maxime
2183 3330 2326 3405 illam
2347 3351 2533 3404 laesere
2557 3356 2720 3415 atque
2738 3343 3123 3410 impugnavere
3143 3355 3156 3390 :
3178 3334 3263 3388 his
3285 3330 3382 3396 qui

1804 3424 2017 3504 veritati
2041 3443 2447 3518 patrocinautur
2474 3439 2671 3492 infensu
2694 3455 2707 3490 :
2735 3437 2844 3505 pati
2870 3447 2968 3502 pro
2991 3429 3213 3484 Christo
3246 3424 3382 3479 floc-

1804 3515 2155 3611 cipendentes
2219 3549 2384 3606 prave
2423 3532 2576 3603 gnari
2598 3568 2614 3594 ,
2647 3539 2700 3582 et
2715 3540 2948 3596 quorum
2975 3536 3140 3577 causa
3168 3515 3386 3589 pericli-

1806 3610 1902 3690 tati
1932 3633 2064 3700 sint,
2089 3629 2296 3686 nefarie
2333 3635 2388 3682 et
2411 3626 2640 3694 turpiter
2663 3622 2840 3677 obliti.
2873 3613 3164 3683 Obstupuit
3184 3610 3383 3666 caelum

1809 3741 1972 3796 super
2002 3725 2127 3788 hoc,
2166 3732 2330 3791 atque
2358 3733 2460 3788 ego
2497 3715 2688 3771 infelix
2723 3713 2941 3784 penitus
2973 3702 3241 3762 exhorrui
3275 3720 3289 3756 :
3320 3714 3386 3754 ac

1809 3817 1914 3872 nisi
1957 3815 2119 3870 verba
2170 3822 2261 3868 tua
2305 3822 2682 3882 agnoscerem,
2748 3819 2857 3858 non
2884 3797 3161 3856 crederem
3198 3792 3248 3847 ei
3289 3790 3386 3860 qui

1809 3910 1963 3981 prius
2016 3906 2348 3978 significavit
2403 3901 2786 3959 concinnatam
2853 3909 2883 3949 a
2947 3887 3248 3947 reverentia
3293 3892 3387 3938 tua

1811 3999 1979 4054 inisse
2047 3996 2334 4067 epistolam
2387 3995 2652 4049 adversus
2703 3984 3008 4043 Ecclesiam
3066 3978 3157 4034 Dei
3211 3988 3388 4030 :nam

1813 4093 2076 4148 adversus
2106 4089 2403 4145 Ecclesiam
2430 4094 2536 4151 est,
2570 4085 2624 4139 in
2647 4082 2798 4136 viros
2823 4077 3057 4148 inclytos
3088 4081 3142 4128 et
3173 4068 3389 4126 confes-

1814 4199 1988 4249 sores,
2015 4183 2107 4254 qui
2130 4180 2453 4235 circuierunt
2485 4178 2540 4231 in
2573 4174 2742 4229 variis
2770 4166 3188 4230 tentationihus,
3229 4176 3387 4231 egen-

1817 4287 1910 4342 tes,
1933 4275 2247 4346 angustiati,
2268 4272 2469 4342 amicti,
2494 4267 2690 4331 vexati,
2719 4267 2775 4319 in
2797 4257 3174 4317 solitudinibus
3200 4268 3391 4308 erran-

1818 4379 1915 4434 tes,
1939 4377 1989 4422 et
2018 4367 2306 4430 montibus,
2333 4371 2383 4417 et
2461 4357 2698 4415 cavernis
2746 4366 2944 4411 term:
2983 4349 3170 4420 quibus
3200 4346 3391 4415 dignus

1818 4474 1920 4512 non
1961 4466 2076 4510 erat
2115 4454 2341 4509 mundus
2372 4454 2439 4519 ³³,
2465 4460 2526 4506 ιιι
2553 4448 2735 4504 verbis
2772 4441 3015 4516 Apostoli
3048 4448 3170 4494 utar
3205 4454 3221 4505 ;
3253 4436 3388 4490 tales

133 4550 503 4614 ἀποστολικῶς
527 4553 702 4604 εἰπεῖν
731 4567 744 4581 ·
801 4549 1197 4620 καταγορεύειν
1231 4551 1299 4605 τὰ
1328 4550 1552 4605 τοιαῦτα
1582 4552 1705 4622 βατ-

1816 4546 2036 4602 efi'utire
2068 4559 2242 4613 nugas
2269 4559 2283 4596 :
2320 4558 2420 4598 nec
2459 4555 2580 4610 quae
2603 4536 2849 4608 graviora
2885 4540 3016 4588 sunt
3040 4528 3222 4584 adhuc
3241 4533 3390 4580 retu-

133 4644 445 4714 ταρίσματα
474 4660 488 4675 ·
521 4643 616 4697 καὶ
647 4641 800 4696 οὔπω
852 4642 1193 4712 ἐκπέφασται
1215 4644 1285 4697 τά
1333 4642 1710 4712 αίτιολογικώο

133 4747 263 4802 τερα
296 4737 392 4788 καὶ
418 4737 594 4790 ἀπανο
603 4736 811 4805 ρωπότε
820 4751 910 4807 ρα.

203 4827 393 4899 Τολμᾷ
424 4844 528 4893 τις,
558 4828 766 4899 ἐρωτῶ,
796 4829 855 4880 ἐν
883 4829 995 4890 τοῖς
1042 4824 1404 4897 στρατιώταις
1429 4826 1713 4894 κατειλεγο

139 4919 316 4988 μένος,
350 4921 620 4993 βασιλικῷ
647 4920 1045 4989 συγγράμματι
1076 4918 1501 4990 ἐξαυθεντήσας,
1550 4918 1711 4972 τοῦτο

135 5011 352 5066 κάκεῖνο
383 5010 754 5082 διαγορεύειν,
810 5013 905 5065 καὶ
949 5011 1078 5075 τοὺς
1115 5013 1174 5064 ἐν
1198 5011 1497 5082 ὑπεροχαῖς
1544 5010 1711 5064 καθυ-

139 5102 374 5174 ϐρίζειν,
430 5104 506 5168 ὡς
559 5105 805 5166 ἀτάκτως
850 5105 942 5157 καὶ
987 5105 1109 5176 είκῆ
1142 5103 1508 5175 φερομένουςς
1548 5104 1610 5157 Ei
1655 5102 1713 5156 δὲ

137 5193 291 5248 τοῦτο
350 5195 631 5267 φωραθείη
698 5194 1013 5265 πεποιηκὼς
1047 5234 1063 5260 ,
1126 5195 1473 5265 ἀνάρπαστος
1551 5195 1712 5258 εὐθὺς

139 5285 231 5337 καὶ
290 5287 575 5357 ἀγώγιμος
625 5287 701 5349 ώς
763 5285 1155 5349 ἐπιθανάτιος⁹
1215 5287 1268 5339 τί
1313 5288 1409 5341 καὶ
1481 5286 1543 5340 οὐ
1593 5285 1713 5338 πεί-

141 5389 288 5428 σεται
316 5380 344 5430 ό
389 5377 575 5440 ἁπλῶς
617 5375 884 5448 μοναστὴς
930 5374 1036 5430 ὑπὸ
1091 5374 1185 5429 τοῦ
1231 5376 1332 5448 τῆς
1389 5374 1717 5445 Ἐκκλησίας

140 5472 418 5541 κριτηρίου
454 5472 833 5542 παραπλήσιον
847 5470 1043 5538 ἐκείνῳ
1073 5467 1431 5540 τετολμηκώς
1455 5485 1470 5535 ;
1493 5467 1585 5536 Μὴ
1609 5466 1720 5534 γὰρ

141 5561 248 5614 οὐκ
285 5564 502 5633 ἔχομεν
531 5562 806 5632 ἀρχιερέα
835 5564 942 5617 τὸν
961 5561 1303 5629 δυνάμενον
1318 5556 1715 5627 συμπαθῆσαι

141 5651 266 5720 ταῖς
290 5656 629 5722 ἀσθενείαις
681 5657 871 5727 ἡμῶν,
900 5654 1044 5711 κατὰ
1070 5654 1130 5708 τὸ
1157 5653 1548 5727 γεγραμμένον
1573 5667 1588 5684 ⁹
1607 5666 1714 5722 με·

212 5834 255 5868 ”
279 5835 441 5896 Hebr.
471 5857 532 5905 ιι,
585 5839 674 5907 57,
723 5837 810 5894 38.
879 5838 924 5870 ³⁸
951 5834 1114 5892 Hebr.
1154 5848 1227 5902 tv,
1264 5835 1349 5891 15.

1820 4641 1983 4696 limus
2006 4676 2024 4706 ,
2053 4646 2108 4694 et
2145 4634 2427 4692 acerbiora
2462 4630 2770 4686 maledicta.

1888 4814 2114 4871 Ausitne
2141 4809 2363 4881 aliquis,
2392 4807 2610 4872 amabo,
2638 4803 2735 4875 qui
2767 4801 2821 4856 in
2873 4798 3108 4855 militum
3161 4807 3394 4850 numero

1817 4909 1911 4971 sit,
1939 4906 2085 4976 regio
2113 4902 2294 4958 libello
2331 4901 2498 4957 veluti
2528 4915 2629 4970 pro
2659 4902 2931 4968 potestate
2961 4889 3238 4953 confecto,
3284 4887 3392 4940 hoc

1814 5001 1902 5055 vel
1933 4999 2064 5054 illud
2095 4996 2378 5060 mandare,
2411 5005 2464 5049 et
2508 4993 2577 5048 iis
2617 4991 2708 5061 qui
2736 4987 3091 5059 magistratus
3118 4981 3392 5043 obtinent,

1820 5096 2056 5151 dedecus
2084 5104 2147 5146 ac
2179 5098 2363 5143 notam
2391 5087 2630 5144 inurere.
2683 5091 2938 5150 tanquam
2989 5083 3192 5130 temere
3226 5074 3395 5141 agant

1814 5182 2240 5242 etinconsulto?
2276 5179 2431 5247 Quod
2472 5178 2517 5233 si
2555 5215 2571 5241 ,
2628 5175 2721 5244 qui
2781 5168 3153 5240 deprehensus
3201 5163 3273 5218 sit
3338 5161 3395 5217 id

1815 5278 1993 5348 egisse
2026 5315 2043 5341 ,
2096 5271 2303 5342 rapitur
2370 5267 2691 5331 confestim,
2745 5277 2810 5317 ac
2848 5259 3009 5315 morti
3068 5255 3394 5311 addicitur:

1818 5345 1982 5439 quam
2011 5377 2225 5435 poenam
2267 5360 2337 5415 ab
2384 5357 2642 5414 Ecclesiae
2707 5353 2826 5408 foro
2874 5359 3117 5405 meretur
3165 5345 3392 5413 simples

1826 5458 2130 5514 monachus
2160 5494 2175 5520 ,
2212 5454 2308 5524 qui
2347 5451 2510 5506 fuerit
2540 5447 2687 5519 paria
2747 5441 2963 5499 ausus?
3020 5441 3211 5493 Annon
3259 5436 3398 5490 enim

1825 5551 2078 5605 habemus
2109 5545 2422 5615 Ponti/irem
2452 5541 2541 5611 qui
2587 5538 2751 5610 possit
2805 5533 3036 5603 contpati
3071 5527 3402 5598 inﬁrmitati-

1825 5648 1920 5701 bus
1945 5645 2163 5710 nostris,
2216 5640 2357 5698 sicut
2386 5638 2644 5707 scriptum
2672 5641 2756 5689 est
2787 5630 2834 5663 ³⁸
2863 5646 2879 5696 ;
2905 5639 2953 5683 et
2975 5625 3064 5697 qui
3127 5618 3404 5676 condolere
