  <div class='ocr_page' id='page_1' title='image "/cluster/home/n/w/nwhite01/storage/ocr_20150623/99/pst.000005714063/815.png"; bbox 0 0 3964 6320; ppageno 0'>
   <div class='ocr_carea' id='block_1_1' title="bbox 574 326 3870 406">
    <p class='ocr_par' dir='ltr' id='par_1_1' title="bbox 574 326 3870 406">
     <span class='ocr_line' id='line_1_1' title="bbox 574 326 3870 406; baseline 0.008 -17"><span class='ocrx_word' id='word_1_1' title='bbox 574 326 602 389; x_wconf 85' lang='grc' dir='ltr'><strong>Ῑ</strong></span> <span class='ocrx_word' id='word_1_2' title='bbox 610 327 711 391; x_wconf 84' lang='grc'><strong>507</strong></span> <span class='ocrx_word' id='word_1_3' title='bbox 1764 339 1824 401; x_wconf 92' lang='lat' dir='ltr'><strong>S.</strong></span> <span class='ocrx_word' id='word_1_4' title='bbox 1851 340 2246 404; x_wconf 86' lang='lat' dir='ltr'><strong>TIIEODORI</strong></span> <span class='ocrx_word' id='word_1_5' title='bbox 2289 343 2641 406; x_wconf 62' lang='lat' dir='ltr'><strong>STUDITJE</strong></span> <span class='ocrx_word' id='word_1_6' title='bbox 3740 341 3870 405; x_wconf 51' lang='lat'><strong>15:3</strong></span> 
     </span>
    </p>
   </div>
   <div class='ocr_carea' id='block_1_2' title="bbox 565 446 2130 532">
    <p class='ocr_par' dir='ltr' id='par_1_2' title="bbox 565 446 2130 532">
     <span class='ocr_line' id='line_1_2' title="bbox 565 446 2130 532; baseline 0.011 -32"><span class='ocrx_word' id='word_1_7' title='bbox 565 449 731 514; x_wconf 79' lang='lat' dir='ltr'><strong>pauit</strong></span> <span class='ocrx_word' id='word_1_8' title='bbox 762 446 830 503; x_wconf 73' lang='lat' dir='ltr'><strong>iis</strong></span> <span class='ocrx_word' id='word_1_9' title='bbox 858 450 949 519; x_wconf 78' lang='lat' dir='ltr'><strong>qui</strong></span> <span class='ocrx_word' id='word_1_10' title='bbox 976 450 1222 520; x_wconf 84' lang='lat' dir='ltr'><strong>ignorant</strong></span> <span class='ocrx_word' id='word_1_11' title='bbox 1241 458 1292 507; x_wconf 84' lang='lat' dir='ltr'><strong>et</strong></span> <span class='ocrx_word' id='word_1_12' title='bbox 1318 462 1502 510; x_wconf 84' lang='lat' dir='ltr'><strong>errant</strong></span> <span class='ocrx_word' id='word_1_13' title='bbox 1527 454 1571 492; x_wconf 68' lang='grc' dir='ltr'><strong>’τ</strong></span> <span class='ocrx_word' id='word_1_14' title='bbox 1606 472 1622 523; x_wconf 88' lang='lat'><strong>;</strong></span> <span class='ocrx_word' id='word_1_15' title='bbox 1650 472 1678 511; x_wconf 91' lang='lat' dir='ltr'><strong>a</strong></span> <span class='ocrx_word' id='word_1_16' title='bbox 1724 450 1837 530; x_wconf 86' lang='lat' dir='ltr'><strong>quo</strong></span> <span class='ocrx_word' id='word_1_17' title='bbox 1863 461 2130 532; x_wconf 76' lang='lat' dir='ltr'><strong>encyclica</strong></span> 
     </span>
    </p>
   </div>
   <div class='ocr_carea' id='block_1_3' title="bbox 2303 446 3868 532">
    <p class='ocr_par' dir='ltr' id='par_1_3' title="bbox 2303 459 3868 531">
     <span class='ocr_line' id='line_1_3' title="bbox 2303 459 3868 531; baseline -0.001 -16"><span class='ocrx_word' id='word_1_18' title='bbox 2303 463 2589 517; x_wconf 72' lang='grc' dir='ltr'>ποπαθεῖν</span> <span class='ocrx_word' id='word_1_19' title='bbox 2612 478 2675 516; x_wconf 81' lang='grc' dir='ltr'><strong>τε</strong></span> <span class='ocrx_word' id='word_1_20' title='bbox 2703 460 3046 531; x_wconf 72' lang='grc' dir='ltr'><strong>δυνάμενον</strong></span> <span class='ocrx_word' id='word_1_21' title='bbox 3072 460 3199 527; x_wconf 81' lang='grc' dir='ltr'>τοῖς</span> <span class='ocrx_word' id='word_1_22' title='bbox 3228 459 3543 529; x_wconf 79' lang='grc' dir='ltr'>ἀγνοοῦσι</span> <span class='ocrx_word' id='word_1_23' title='bbox 3573 459 3689 514; x_wconf 77' lang='grc' dir='ltr'>καὶ</span> <span class='ocrx_word' id='word_1_24' title='bbox 3717 464 3868 513; x_wconf 69' lang='grc' dir='ltr'>πλα-</span> 
     </span>
    </p>
   </div>
   <div class='ocr_carea' id='block_1_4' title="bbox 567 538 2132 624">
    <p class='ocr_par' dir='ltr' id='par_1_4' title="bbox 567 538 2132 621">
     <span class='ocr_line' id='line_1_4' title="bbox 567 538 2132 621; baseline 0.009 -29"><span class='ocrx_word' id='word_1_25' title='bbox 567 538 798 609; x_wconf 79' lang='lat' dir='ltr'><strong>epistbla</strong></span> <span class='ocrx_word' id='word_1_26' title='bbox 848 541 1094 596; x_wconf 77' lang='lat' dir='ltr'><strong>mittatur</strong></span> <span class='ocrx_word' id='word_1_27' title='bbox 1153 547 1449 601; x_wconf 87' lang='lat' dir='ltr'><strong>secundum</strong></span> <span class='ocrx_word' id='word_1_28' title='bbox 1496 548 1677 603; x_wconf 82' lang='lat' dir='ltr'><strong>datam</strong></span> <span class='ocrx_word' id='word_1_29' title='bbox 1745 551 1793 604; x_wconf 90' lang='lat' dir='ltr'><strong>ei</strong></span> <span class='ocrx_word' id='word_1_30' title='bbox 1840 565 1871 605; x_wconf 91' lang='lat' dir='ltr'><strong>a</strong></span> <span class='ocrx_word' id='word_1_31' title='bbox 1940 550 2132 621; x_wconf 85' lang='lat' dir='ltr'><strong>Spiritt</strong></span> 
     </span>
    </p>
   </div>
   <div class='ocr_carea' id='block_1_5' title="bbox 2303 538 3868 624">
    <p class='ocr_par' dir='ltr' id='par_1_5' title="bbox 2303 546 3868 624">
     <span class='ocr_line' id='line_1_5' title="bbox 2303 546 3868 624; baseline -0.002 -18"><span class='ocrx_word' id='word_1_32' title='bbox 2303 554 2540 624; x_wconf 65' lang='grc' dir='ltr'>»μένοις</span> <span class='ocrx_word' id='word_1_33' title='bbox 2562 570 2576 585; x_wconf 75' lang='grc' dir='ltr'><strong><em>ο</em></strong></span> <span class='ocrx_word' id='word_1_34' title='bbox 2613 546 2675 607; x_wconf 78' lang='grc' dir='ltr'>οὗ</span> <span class='ocrx_word' id='word_1_35' title='bbox 2703 554 2735 623; x_wconf 85' lang='grc' dir='ltr'>ὴ</span> <span class='ocrx_word' id='word_1_36' title='bbox 2764 552 3053 619; x_wconf 82' lang='grc' dir='ltr'>ὲγκύκλιος</span> <span class='ocrx_word' id='word_1_37' title='bbox 3099 551 3360 621; x_wconf 77' lang='grc' dir='ltr'>ἐπιστολὴ</span> <span class='ocrx_word' id='word_1_38' title='bbox 3396 550 3552 603; x_wconf 81' lang='grc' dir='ltr'>κατὰ</span> <span class='ocrx_word' id='word_1_39' title='bbox 3588 551 3704 622; x_wconf 77' lang='grc' dir='ltr'>τὴν</span> <span class='ocrx_word' id='word_1_40' title='bbox 3728 552 3868 604; x_wconf 76' lang='grc' dir='ltr'>δεδο-</span> 
     </span>
    </p>
   </div>
   <div class='ocr_carea' id='block_1_6' title="bbox 566 634 2131 717">
    <p class='ocr_par' dir='ltr' id='par_1_6' title="bbox 566 634 2131 717">
     <span class='ocr_line' id='line_1_6' title="bbox 566 634 2131 717; baseline 0.011 -33"><span class='ocrx_word' id='word_1_41' title='bbox 566 640 886 701; x_wconf 80' lang='lat' dir='ltr'><strong>potestatem</strong></span> <span class='ocrx_word' id='word_1_42' title='bbox 909 634 1064 704; x_wconf 91' lang='lat' dir='ltr'><strong>?qui.</strong></span> <span class='ocrx_word' id='word_1_43' title='bbox 1099 638 1144 692; x_wconf 93' lang='lat' dir='ltr'><strong>si</strong></span> <span class='ocrx_word' id='word_1_44' title='bbox 1175 640 1301 708; x_wconf 92' lang='lat' dir='ltr'><strong>quid</strong></span> <span class='ocrx_word' id='word_1_45' title='bbox 1337 640 1391 695; x_wconf 91' lang='lat' dir='ltr'><strong>in</strong></span> <span class='ocrx_word' id='word_1_46' title='bbox 1429 640 1517 697; x_wconf 90' lang='lat' dir='ltr'><strong>his</strong></span> <span class='ocrx_word' id='word_1_47' title='bbox 1546 658 1667 713; x_wconf 69' lang='lat' dir='ltr'><strong>quae</strong></span> <span class='ocrx_word' id='word_1_48' title='bbox 1698 655 1982 712; x_wconf 86' lang='lat' dir='ltr'><strong>geruntur,</strong></span> <span class='ocrx_word' id='word_1_49' title='bbox 2007 661 2131 717; x_wconf 65' lang='lat' dir='ltr'><strong>pras-</strong></span> 
     </span>
    </p>
   </div>
   <div class='ocr_carea' id='block_1_7' title="bbox 2303 634 3868 717">
    <p class='ocr_par' dir='ltr' id='par_1_7' title="bbox 2303 643 3868 716">
     <span class='ocr_line' id='line_1_7' title="bbox 2303 643 3868 716; baseline -0.003 -18"><span class='ocrx_word' id='word_1_50' title='bbox 2303 645 2427 715; x_wconf 70' lang='grc' dir='ltr'>ἔνην</span> <span class='ocrx_word' id='word_1_51' title='bbox 2461 645 2611 716; x_wconf 83' lang='grc' dir='ltr'>αὐτῷ</span> <span class='ocrx_word' id='word_1_52' title='bbox 2638 644 2887 709; x_wconf 76' lang='grc' dir='ltr'><strong>ἐξουσίαν</strong></span> <span class='ocrx_word' id='word_1_53' title='bbox 2920 644 3025 697; x_wconf 82' lang='grc' dir='ltr'><strong>ὑπὸ</strong></span> <span class='ocrx_word' id='word_1_54' title='bbox 3051 644 3147 697; x_wconf 77' lang='grc' dir='ltr'>τοῦ</span> <span class='ocrx_word' id='word_1_55' title='bbox 3176 644 3507 711; x_wconf 86' lang='grc' dir='ltr'>Πνεύματος</span> <span class='ocrx_word' id='word_1_56' title='bbox 3538 660 3553 708; x_wconf 90' lang='grc'><strong>;</strong></span> <span class='ocrx_word' id='word_1_57' title='bbox 3588 643 3659 705; x_wconf 80' lang='grc' dir='ltr'>ὃς</span> <span class='ocrx_word' id='word_1_58' title='bbox 3690 646 3743 696; x_wconf 82' lang='grc' dir='ltr'><strong>εί</strong></span> <span class='ocrx_word' id='word_1_59' title='bbox 3762 644 3868 713; x_wconf 69' lang='grc' dir='ltr'>ᾔδει</span> 
     </span>
    </p>
   </div>
   <div class='ocr_carea' id='block_1_8' title="bbox 566 722 2131 807">
    <p class='ocr_par' dir='ltr' id='par_1_8' title="bbox 566 722 2131 807">
     <span class='ocr_line' id='line_1_8' title="bbox 566 722 2131 807; baseline 0.01 -30"><span class='ocrx_word' id='word_1_60' title='bbox 566 731 651 778; x_wconf 86' lang='lat' dir='ltr'><strong>ter</strong></span> <span class='ocrx_word' id='word_1_61' title='bbox 680 722 764 779; x_wconf 78' lang='lat' dir='ltr'><strong>fas</strong></span> <span class='ocrx_word' id='word_1_62' title='bbox 790 740 853 780; x_wconf 80' lang='lat' dir='ltr'><strong>ac</strong></span> <span class='ocrx_word' id='word_1_63' title='bbox 880 742 990 781; x_wconf 92' lang='lat' dir='ltr'><strong>non</strong></span> <span class='ocrx_word' id='word_1_64' title='bbox 1015 744 1079 782; x_wconf 82' lang='lat' dir='ltr'><strong>ex</strong></span> <span class='ocrx_word' id='word_1_65' title='bbox 1112 745 1216 785; x_wconf 91' lang='lat' dir='ltr'><strong>usu</strong></span> <span class='ocrx_word' id='word_1_66' title='bbox 1243 747 1363 786; x_wconf 90' lang='lat' dir='ltr'><strong>esse</strong></span> <span class='ocrx_word' id='word_1_67' title='bbox 1407 734 1755 805; x_wconf 86' lang='lat' dir='ltr'><strong>intelligeret,</strong></span> <span class='ocrx_word' id='word_1_68' title='bbox 1781 738 2007 792; x_wconf 87' lang='lat' dir='ltr'><strong>omnino</strong></span> <span class='ocrx_word' id='word_1_69' title='bbox 2028 754 2131 807; x_wconf 87' lang='lat' dir='ltr'><strong>qua</strong></span> 
     </span>
    </p>
   </div>
   <div class='ocr_carea' id='block_1_9' title="bbox 2299 722 3864 807">
    <p class='ocr_par' dir='ltr' id='par_1_9' title="bbox 2299 734 3864 806">
     <span class='ocr_line' id='line_1_9' title="bbox 2299 734 3864 806; baseline -0.001 -20"><span class='ocrx_word' id='word_1_70' title='bbox 2299 755 2310 786; x_wconf 74' lang='grc' dir='ltr'><strong>ρ</strong></span> <span class='ocrx_word' id='word_1_71' title='bbox 2357 738 2463 799; x_wconf 81' lang='grc' dir='ltr'>τοῖς</span> <span class='ocrx_word' id='word_1_72' title='bbox 2491 737 2794 806; x_wconf 83' lang='grc' dir='ltr'><strong>γινομένοις</strong></span> <span class='ocrx_word' id='word_1_73' title='bbox 2842 734 3111 804; x_wconf 74' lang='grc' dir='ltr'>ἐκθεσμόν</span> <span class='ocrx_word' id='word_1_74' title='bbox 3156 752 3209 787; x_wconf 84' lang='grc' dir='ltr'><strong>τι</strong></span> <span class='ocrx_word' id='word_1_75' title='bbox 3231 734 3330 787; x_wconf 75' lang='grc' dir='ltr'>καὶ</span> <span class='ocrx_word' id='word_1_76' title='bbox 3379 734 3444 785; x_wconf 80' lang='grc' dir='ltr'><strong>ού</strong></span> <span class='ocrx_word' id='word_1_77' title='bbox 3504 734 3864 792; x_wconf 61' lang='grc' dir='ltr'>λυσιτελοῦν.</span> 
     </span>
    </p>
   </div>
   <div class='ocr_carea' id='block_1_10' title="bbox 566 817 2131 898">
    <p class='ocr_par' dir='ltr' id='par_1_10' title="bbox 566 817 2131 897">
     <span class='ocr_line' id='line_1_10' title="bbox 566 817 2131 897; baseline 0.01 -29"><span class='ocrx_word' id='word_1_78' title='bbox 566 828 668 884; x_wconf 89' lang='lat' dir='ltr'><strong>par</strong></span> <span class='ocrx_word' id='word_1_79' title='bbox 703 824 787 872; x_wconf 88' lang='lat' dir='ltr'><strong>est</strong></span> <span class='ocrx_word' id='word_1_80' title='bbox 823 817 1160 887; x_wconf 78' lang='lat' dir='ltr'><strong>loqueretur.</strong></span> <span class='ocrx_word' id='word_1_81' title='bbox 1228 822 1333 878; x_wconf 88' lang='lat' dir='ltr'><strong>Sed</strong></span> <span class='ocrx_word' id='word_1_82' title='bbox 1386 840 1511 880; x_wconf 91' lang='lat' dir='ltr'><strong>cum</strong></span> <span class='ocrx_word' id='word_1_83' title='bbox 1561 828 1945 897; x_wconf 69' lang='lat' dir='ltr'><strong>pmvalescere</strong></span> <span class='ocrx_word' id='word_1_84' title='bbox 1977 830 2131 884; x_wconf 74' lang='lat' dir='ltr'><strong>luere</strong></span> 
     </span>
    </p>
   </div>
   <div class='ocr_carea' id='block_1_11' title="bbox 2301 817 3866 898">
    <p class='ocr_par' dir='ltr' id='par_1_11' title="bbox 2301 827 3866 898">
     <span class='ocr_line' id='line_1_11' title="bbox 2301 827 3866 898; baseline -0.003 -15"><span class='ocrx_word' id='word_1_85' title='bbox 2301 832 2471 893; x_wconf 85' lang='grc' dir='ltr'>άντως</span> <span class='ocrx_word' id='word_1_86' title='bbox 2499 830 2563 897; x_wconf 88' lang='grc' dir='ltr'>δὴ</span> <span class='ocrx_word' id='word_1_87' title='bbox 2594 828 2895 898; x_wconf 71' lang='grc' dir='ltr'>ἐφθέγξατο</span> <span class='ocrx_word' id='word_1_88' title='bbox 2928 828 2997 880; x_wconf 79' lang='grc' dir='ltr'>τὰ</span> <span class='ocrx_word' id='word_1_89' title='bbox 3018 828 3223 882; x_wconf 80' lang='grc' dir='ltr'>εἰκότα.</span> <span class='ocrx_word' id='word_1_90' title='bbox 3297 827 3441 879; x_wconf 78' lang='grc' dir='ltr'>Ἀλλ’</span> <span class='ocrx_word' id='word_1_91' title='bbox 3505 827 3721 896; x_wconf 81' lang='grc' dir='ltr'>ἐπειδὴ</span> <span class='ocrx_word' id='word_1_92' title='bbox 3774 828 3866 896; x_wconf 67' lang='grc' dir='ltr'><strong>ὁρᾷ</strong></span> 
     </span>
    </p>
   </div>
   <div class='ocr_carea' id='block_1_12' title="bbox 570 907 2135 991">
    <p class='ocr_par' dir='ltr' id='par_1_12' title="bbox 570 907 2135 986">
     <span class='ocr_line' id='line_1_12' title="bbox 570 907 2135 986; baseline 0.009 -24"><span class='ocrx_word' id='word_1_93' title='bbox 570 907 673 962; x_wconf 88' lang='lat' dir='ltr'><strong>sim</strong></span> <span class='ocrx_word' id='word_1_94' title='bbox 704 948 719 973; x_wconf 89' lang='lat'><strong>,</strong></span> <span class='ocrx_word' id='word_1_95' title='bbox 764 917 822 964; x_wconf 91' lang='lat' dir='ltr'><strong>et</strong></span> <span class='ocrx_word' id='word_1_96' title='bbox 855 912 1135 981; x_wconf 77' lang='lat' dir='ltr'><strong>angustias</strong></span> <span class='ocrx_word' id='word_1_97' title='bbox 1166 916 1409 986; x_wconf 86' lang='lat' dir='ltr'><strong>undique</strong></span> <span class='ocrx_word' id='word_1_98' title='bbox 1464 918 1669 975; x_wconf 84' lang='lat' dir='ltr'><strong>instare</strong></span> <span class='ocrx_word' id='word_1_99' title='bbox 1728 920 1943 976; x_wconf 80' lang='lat' dir='ltr'><strong>videat:</strong></span> <span class='ocrx_word' id='word_1_100' title='bbox 2004 931 2135 977; x_wconf 84' lang='lat' dir='ltr'><strong>rectt</strong></span> 
     </span>
    </p>
   </div>
   <div class='ocr_carea' id='block_1_13' title="bbox 2297 907 3862 991">
    <p class='ocr_par' dir='ltr' id='par_1_13' title="bbox 2297 917 3862 991">
     <span class='ocr_line' id='line_1_13' title="bbox 2297 917 3862 991; baseline -0.004 -17"><span class='ocrx_word' id='word_1_101' title='bbox 2297 919 2659 991; x_wconf 73' lang='grc' dir='ltr'>τικρατοῦσαν</span> <span class='ocrx_word' id='word_1_102' title='bbox 2686 920 2787 990; x_wconf 85' lang='grc' dir='ltr'>τὴν</span> <span class='ocrx_word' id='word_1_103' title='bbox 2812 919 3023 990; x_wconf 81' lang='grc' dir='ltr'>αἵρεσιν</span> <span class='ocrx_word' id='word_1_104' title='bbox 3042 960 3056 983; x_wconf 94' lang='grc'><strong>,</strong></span> <span class='ocrx_word' id='word_1_105' title='bbox 3091 920 3185 972; x_wconf 81' lang='grc' dir='ltr'>καὶ</span> <span class='ocrx_word' id='word_1_106' title='bbox 3218 920 3385 972; x_wconf 76' lang='grc' dir='ltr'>στενὰ</span> <span class='ocrx_word' id='word_1_107' title='bbox 3445 917 3862 988; x_wconf 65' lang='grc' dir='ltr'>ἀμφοτέρωθεν</span> 
     </span>
    </p>
   </div>
   <div class='ocr_carea' id='block_1_14' title="bbox 566 1000 2131 1084">
    <p class='ocr_par' dir='ltr' id='par_1_14' title="bbox 566 1000 2131 1083">
     <span class='ocr_line' id='line_1_14' title="bbox 566 1000 2131 1083; baseline 0.009 -30"><span class='ocrx_word' id='word_1_108' title='bbox 566 1001 653 1054; x_wconf 88' lang='lat' dir='ltr'><strong>vir</strong></span> <span class='ocrx_word' id='word_1_109' title='bbox 681 1000 837 1070; x_wconf 84' lang='lat' dir='ltr'><strong>plane</strong></span> <span class='ocrx_word' id='word_1_110' title='bbox 865 1003 1082 1061; x_wconf 89' lang='lat' dir='ltr'><strong>divinus</strong></span> <span class='ocrx_word' id='word_1_111' title='bbox 1111 1007 1244 1076; x_wconf 86' lang='lat' dir='ltr'><strong>egit,</strong></span> <span class='ocrx_word' id='word_1_112' title='bbox 1274 1023 1395 1063; x_wconf 90' lang='lat' dir='ltr'><strong>cum</strong></span> <span class='ocrx_word' id='word_1_113' title='bbox 1430 1011 1556 1065; x_wconf 84' lang='lat' dir='ltr'><strong>sivit</strong></span> <span class='ocrx_word' id='word_1_114' title='bbox 1594 1026 1787 1067; x_wconf 88' lang='lat' dir='ltr'><strong>omnes</strong></span> <span class='ocrx_word' id='word_1_115' title='bbox 1836 1013 1929 1083; x_wconf 90' lang='lat' dir='ltr'><strong>qui</strong></span> <span class='ocrx_word' id='word_1_116' title='bbox 1972 1013 2131 1068; x_wconf 87' lang='lat' dir='ltr'><strong>maxi-</strong></span> 
     </span>
    </p>
   </div>
   <div class='ocr_carea' id='block_1_15' title="bbox 2297 1000 3862 1084">
    <p class='ocr_par' dir='ltr' id='par_1_15' title="bbox 2297 1008 3862 1084">
     <span class='ocr_line' id='line_1_15' title="bbox 2297 1008 3862 1084; baseline -0.003 -18"><span class='ocrx_word' id='word_1_117' title='bbox 2297 1014 2631 1084; x_wconf 85' lang='grc' dir='ltr'>αριστάμενα</span> <span class='ocrx_word' id='word_1_118' title='bbox 2655 1030 2669 1043; x_wconf 78' lang='lat'><strong><em>°</em></strong></span> <span class='ocrx_word' id='word_1_119' title='bbox 2698 1012 2883 1065; x_wconf 78' lang='grc' dir='ltr'>εἴασεν</span> <span class='ocrx_word' id='word_1_120' title='bbox 2913 1010 3162 1073; x_wconf 75' lang='grc' dir='ltr'>ἅπαντας</span> <span class='ocrx_word' id='word_1_121' title='bbox 3202 1012 3327 1072; x_wconf 81' lang='grc' dir='ltr'>τοὺς</span> <span class='ocrx_word' id='word_1_122' title='bbox 3350 1008 3862 1079; x_wconf 71' lang='grc' dir='ltr'><strong>προθυμουμένους</strong></span> 
     </span>
    </p>
   </div>
   <div class='ocr_carea' id='block_1_16' title="bbox 570 1100 2135 1175">
    <p class='ocr_par' dir='ltr' id='par_1_16' title="bbox 570 1101 2135 1175">
     <span class='ocr_line' id='line_1_16' title="bbox 570 1101 2135 1175; baseline 0.01 -30"><span class='ocrx_word' id='word_1_123' title='bbox 570 1107 791 1161; x_wconf 87' lang='lat' dir='ltr'><strong>mopere</strong></span> <span class='ocrx_word' id='word_1_124' title='bbox 806 1108 1087 1165; x_wconf 89' lang='lat' dir='ltr'><strong>cuperent,</strong></span> <span class='ocrx_word' id='word_1_125' title='bbox 1107 1108 1271 1168; x_wconf 87' lang='lat' dir='ltr'><strong>prout</strong></span> <span class='ocrx_word' id='word_1_126' title='bbox 1293 1101 1526 1172; x_wconf 88' lang='lat' dir='ltr'><strong>quisque</strong></span> <span class='ocrx_word' id='word_1_127' title='bbox 1544 1113 1748 1173; x_wconf 86' lang='lat' dir='ltr'><strong>posset,</strong></span> <span class='ocrx_word' id='word_1_128' title='bbox 1770 1106 2135 1175; x_wconf 77' lang='lat' dir='ltr'><strong>ingruentihut</strong></span> 
     </span>
    </p>
   </div>
   <div class='ocr_carea' id='block_1_17' title="bbox 2296 1100 3861 1175">
    <p class='ocr_par' dir='ltr' id='par_1_17' title="bbox 2296 1100 3861 1173">
     <span class='ocr_line' id='line_1_17' title="bbox 2296 1100 3861 1173; baseline -0.004 -15"><span class='ocrx_word' id='word_1_129' title='bbox 2296 1104 2438 1158; x_wconf 77' lang='grc' dir='ltr'>[σθαι</span> <span class='ocrx_word' id='word_1_130' title='bbox 2462 1105 2530 1158; x_wconf 82' lang='grc' dir='ltr'>τὰ</span> <span class='ocrx_word' id='word_1_131' title='bbox 2572 1106 2924 1173; x_wconf 77' lang='grc' dir='ltr'><strong>συμπεσόντα</strong></span> <span class='ocrx_word' id='word_1_132' title='bbox 2984 1104 3288 1172; x_wconf 82' lang='grc' dir='ltr'>νοσήματα,</span> <span class='ocrx_word' id='word_1_133' title='bbox 3339 1100 3417 1163; x_wconf 84' lang='grc' dir='ltr'>ὡς</span> <span class='ocrx_word' id='word_1_134' title='bbox 3457 1101 3717 1165; x_wconf 74' lang='grc' dir='ltr'>ἕκαστος</span> <span class='ocrx_word' id='word_1_135' title='bbox 3756 1104 3861 1170; x_wconf 70' lang='grc' dir='ltr'>ἔχει</span> 
     </span>
    </p>
   </div>
   <div class='ocr_carea' id='block_1_18' title="bbox 572 1185 2137 1268">
    <p class='ocr_par' dir='ltr' id='par_1_18' title="bbox 572 1185 2137 1268">
     <span class='ocr_line' id='line_1_18' title="bbox 572 1185 2137 1268; baseline 0.01 -31"><span class='ocrx_word' id='word_1_136' title='bbox 572 1185 779 1241; x_wconf 87' lang='lat' dir='ltr'><strong>morbis</strong></span> <span class='ocrx_word' id='word_1_137' title='bbox 805 1188 1029 1243; x_wconf 87' lang='lat' dir='ltr'><strong>mederi.</strong></span> <span class='ocrx_word' id='word_1_138' title='bbox 1056 1188 1134 1244; x_wconf 85' lang='lat' dir='ltr'><strong>lta</strong></span> <span class='ocrx_word' id='word_1_139' title='bbox 1165 1207 1343 1262; x_wconf 90' lang='lat' dir='ltr'><strong>neque</strong></span> <span class='ocrx_word' id='word_1_140' title='bbox 1378 1195 1461 1249; x_wconf 91' lang='lat' dir='ltr'><strong>lex</strong></span> <span class='ocrx_word' id='word_1_141' title='bbox 1494 1211 1748 1265; x_wconf 84' lang='lat' dir='ltr'><strong>suprema</strong></span> <span class='ocrx_word' id='word_1_142' title='bbox 1778 1198 2137 1268; x_wconf 74' lang='lat' dir='ltr'><strong>promulgata,</strong></span> 
     </span>
    </p>
   </div>
   <div class='ocr_carea' id='block_1_19' title="bbox 2295 1185 3860 1268">
    <p class='ocr_par' dir='ltr' id='par_1_19' title="bbox 2295 1191 3860 1266">
     <span class='ocr_line' id='line_1_19' title="bbox 2295 1191 3860 1266; baseline -0.005 -15"><span class='ocrx_word' id='word_1_143' title='bbox 2295 1198 2562 1266; x_wconf 68' lang='grc' dir='ltr'>ινάμεως.</span> <span class='ocrx_word' id='word_1_144' title='bbox 2628 1192 2686 1250; x_wconf 77' lang='grc' dir='ltr'>εὖ</span> <span class='ocrx_word' id='word_1_145' title='bbox 2733 1196 2901 1250; x_wconf 83' lang='grc' dir='ltr'>ποιῶν</span> <span class='ocrx_word' id='word_1_146' title='bbox 2959 1196 2988 1248; x_wconf 84' lang='grc' dir='ltr'><strong>ὁ</strong></span> <span class='ocrx_word' id='word_1_147' title='bbox 3032 1195 3493 1254; x_wconf 85' lang='grc' dir='ltr'>θεσπεσιὼτατος.</span> <span class='ocrx_word' id='word_1_148' title='bbox 3562 1191 3667 1254; x_wconf 86' lang='grc' dir='ltr'>Ὧς</span> <span class='ocrx_word' id='word_1_149' title='bbox 3729 1195 3860 1261; x_wconf 72' lang='grc' dir='ltr'>μήτε</span> 
     </span>
    </p>
   </div>
   <div class='ocr_carea' id='block_1_20' title="bbox 571 1280 2136 1359">
    <p class='ocr_par' dir='ltr' id='par_1_20' title="bbox 571 1280 2136 1359">
     <span class='ocr_line' id='line_1_20' title="bbox 571 1280 2136 1359; baseline 0.01 -30"><span class='ocrx_word' id='word_1_150' title='bbox 571 1291 673 1331; x_wconf 90' lang='lat' dir='ltr'><strong>nec</strong></span> <span class='ocrx_word' id='word_1_151' title='bbox 710 1288 892 1333; x_wconf 89' lang='lat' dir='ltr'><strong>tamen</strong></span> <span class='ocrx_word' id='word_1_152' title='bbox 926 1280 1134 1351; x_wconf 80' lang='lat' dir='ltr'><strong>absque</strong></span> <span class='ocrx_word' id='word_1_153' title='bbox 1173 1285 1430 1341; x_wconf 90' lang='lat' dir='ltr'><strong>remediis</strong></span> <span class='ocrx_word' id='word_1_154' title='bbox 1471 1288 1657 1342; x_wconf 89' lang='lat' dir='ltr'><strong>relicta</strong></span> <span class='ocrx_word' id='word_1_155' title='bbox 1692 1299 1777 1343; x_wconf 89' lang='lat' dir='ltr'><strong>est</strong></span> <span class='ocrx_word' id='word_1_156' title='bbox 1810 1290 2014 1353; x_wconf 89' lang='lat' dir='ltr'><strong>anima,</strong></span> <span class='ocrx_word' id='word_1_157' title='bbox 2047 1305 2136 1359; x_wconf 82' lang='lat' dir='ltr'><strong>pro</strong></span> 
     </span>
    </p>
   </div>
   <div class='ocr_carea' id='block_1_21' title="bbox 2292 1280 3857 1359">
    <p class='ocr_par' dir='ltr' id='par_1_21' title="bbox 2292 1282 3857 1359">
     <span class='ocr_line' id='line_1_21' title="bbox 2292 1282 3857 1359; baseline -0.006 -17"><span class='ocrx_word' id='word_1_158' title='bbox 2292 1286 2573 1359; x_wconf 63' lang='lat' dir='ltr'><strong>ruoesotav</strong></span> <span class='ocrx_word' id='word_1_159' title='bbox 2604 1282 2745 1340; x_wconf 81' lang='grc' dir='ltr'>εῖναι</span> <span class='ocrx_word' id='word_1_160' title='bbox 2771 1287 2831 1341; x_wconf 87' lang='grc' dir='ltr'><strong>τὸ</strong></span> <span class='ocrx_word' id='word_1_161' title='bbox 2861 1285 3205 1355; x_wconf 78' lang='grc' dir='ltr'><strong>τελούμενον,</strong></span> <span class='ocrx_word' id='word_1_162' title='bbox 3240 1284 3381 1352; x_wconf 83' lang='grc' dir='ltr'>μήτε</span> <span class='ocrx_word' id='word_1_163' title='bbox 3438 1285 3555 1352; x_wconf 80' lang='grc' dir='ltr'>μὴν</span> <span class='ocrx_word' id='word_1_164' title='bbox 3614 1283 3857 1353; x_wconf 49' lang='lat' dir='ltr'><strong>assesa-</strong></span> 
     </span>
    </p>
   </div>
   <div class='ocr_carea' id='block_1_22' title="bbox 566 1368 2131 1452">
    <p class='ocr_par' dir='ltr' id='par_1_22' title="bbox 566 1368 2131 1451">
     <span class='ocr_line' id='line_1_22' title="bbox 566 1368 2131 1451; baseline 0.01 -31"><span class='ocrx_word' id='word_1_165' title='bbox 566 1382 671 1437; x_wconf 90' lang='lat' dir='ltr'><strong>qua</strong></span> <span class='ocrx_word' id='word_1_166' title='bbox 693 1368 947 1425; x_wconf 79' lang='lat' dir='ltr'><strong>Christus</strong></span> <span class='ocrx_word' id='word_1_167' title='bbox 965 1382 1046 1426; x_wconf 91' lang='lat' dir='ltr'><strong>est</strong></span> <span class='ocrx_word' id='word_1_168' title='bbox 1075 1385 1324 1431; x_wconf 86' lang='lat' dir='ltr'><strong>mortuus</strong></span> <span class='ocrx_word' id='word_1_169' title='bbox 1350 1395 1362 1431; x_wconf 91' lang='lat'><strong>:</strong></span> <span class='ocrx_word' id='word_1_170' title='bbox 1394 1386 1449 1431; x_wconf 88' lang='lat' dir='ltr'><strong>et</strong></span> <span class='ocrx_word' id='word_1_171' title='bbox 1468 1378 1569 1433; x_wconf 90' lang='lat' dir='ltr'><strong>hoc</strong></span> <span class='ocrx_word' id='word_1_172' title='bbox 1596 1380 1855 1435; x_wconf 88' lang='lat' dir='ltr'><strong>nimirum</strong></span> <span class='ocrx_word' id='word_1_173' title='bbox 1881 1397 2053 1451; x_wconf 89' lang='lat' dir='ltr'><strong>usque</strong></span> <span class='ocrx_word' id='word_1_174' title='bbox 2080 1398 2131 1436; x_wconf 80' lang='lat' dir='ltr'><strong>ac</strong></span> 
     </span>
    </p>
   </div>
   <div class='ocr_carea' id='block_1_23' title="bbox 2293 1368 3858 1452">
    <p class='ocr_par' dir='ltr' id='par_1_23' title="bbox 2293 1375 3858 1452">
     <span class='ocr_line' id='line_1_23' title="bbox 2293 1375 3858 1452; baseline -0.004 -16"><span class='ocrx_word' id='word_1_175' title='bbox 2293 1400 2449 1436; x_wconf 87' lang='grc' dir='ltr'>ευτον</span> <span class='ocrx_word' id='word_1_176' title='bbox 2494 1381 2677 1452; x_wconf 80' lang='grc' dir='ltr'>ψυχὴν</span> <span class='ocrx_word' id='word_1_177' title='bbox 2722 1381 2863 1452; x_wconf 77' lang='grc' dir='ltr'>ὑπὲρ</span> <span class='ocrx_word' id='word_1_178' title='bbox 2893 1375 2962 1451; x_wconf 78' lang='grc' dir='ltr'>ἧς</span> <span class='ocrx_word' id='word_1_179' title='bbox 2991 1379 3219 1451; x_wconf 79' lang='grc' dir='ltr'>Χριστὸς</span> <span class='ocrx_word' id='word_1_180' title='bbox 3252 1377 3523 1440; x_wconf 82' lang='grc' dir='ltr'>απέθανε,</span> <span class='ocrx_word' id='word_1_181' title='bbox 3579 1378 3858 1439; x_wconf 79' lang='grc' dir='ltr'>καταλιμ-</span> 
     </span>
    </p>
   </div>
   <div class='ocr_carea' id='block_1_24' title="bbox 570 1462 2135 1543">
    <p class='ocr_par' dir='ltr' id='par_1_24' title="bbox 570 1462 2135 1543">
     <span class='ocr_line' id='line_1_24' title="bbox 570 1462 2135 1543; baseline 0.008 -28"><span class='ocrx_word' id='word_1_182' title='bbox 570 1462 841 1531; x_wconf 83' lang='lat' dir='ltr'><strong>synodum</strong></span> <span class='ocrx_word' id='word_1_183' title='bbox 870 1466 1230 1521; x_wconf 83' lang='lat' dir='ltr'><strong>orthodoxam</strong></span> <span class='ocrx_word' id='word_1_184' title='bbox 1265 1486 1279 1522; x_wconf 88' lang='lat'><strong>:</strong></span> <span class='ocrx_word' id='word_1_185' title='bbox 1322 1485 1431 1539; x_wconf 91' lang='lat' dir='ltr'><strong>quo</strong></span> <span class='ocrx_word' id='word_1_186' title='bbox 1477 1481 1718 1541; x_wconf 90' lang='lat' dir='ltr'><strong>tempore</strong></span> <span class='ocrx_word' id='word_1_187' title='bbox 1742 1482 1797 1527; x_wconf 92' lang='lat' dir='ltr'><strong>et</strong></span> <span class='ocrx_word' id='word_1_188' title='bbox 1853 1488 1974 1543; x_wconf 76' lang='lat' dir='ltr'><strong>quae</strong></span> <span class='ocrx_word' id='word_1_189' title='bbox 2004 1482 2135 1528; x_wconf 67' lang='lat' dir='ltr'><strong>recte</strong></span> 
     </span>
    </p>
   </div>
   <div class='ocr_carea' id='block_1_25' title="bbox 2289 1462 3854 1543">
    <p class='ocr_par' dir='ltr' id='par_1_25' title="bbox 2289 1467 3854 1541">
     <span class='ocr_line' id='line_1_25' title="bbox 2289 1467 3854 1541; baseline -0.006 -13"><span class='ocrx_word' id='word_1_190' title='bbox 2289 1474 2517 1528; x_wconf 76' lang='grc' dir='ltr'>τάνεσθαι</span> <span class='ocrx_word' id='word_1_191' title='bbox 2552 1490 2566 1505; x_wconf 88' lang='grc'><strong>·</strong></span> <span class='ocrx_word' id='word_1_192' title='bbox 2663 1475 2757 1527; x_wconf 81' lang='grc' dir='ltr'><strong>καὶ</strong></span> <span class='ocrx_word' id='word_1_193' title='bbox 2814 1471 2973 1524; x_wconf 80' lang='grc' dir='ltr'>τοῦτο</span> <span class='ocrx_word' id='word_1_194' title='bbox 3040 1471 3241 1541; x_wconf 78' lang='grc' dir='ltr'>δηλαδὴ</span> <span class='ocrx_word' id='word_1_195' title='bbox 3292 1470 3489 1539; x_wconf 78' lang='grc' dir='ltr'><strong>μέχρις</strong></span> <span class='ocrx_word' id='word_1_196' title='bbox 3557 1467 3854 1539; x_wconf 74' lang='grc' dir='ltr'>ὀρθοδόξου</span> 
     </span>
    </p>
   </div>
   <div class='ocr_carea' id='block_1_26' title="bbox 564 1552 2129 1638">
    <p class='ocr_par' dir='ltr' id='par_1_26' title="bbox 564 1552 2119 1632">
     <span class='ocr_line' id='line_1_26' title="bbox 564 1552 2119 1632; baseline 0.007 -26"><span class='ocrx_word' id='word_1_197' title='bbox 564 1562 741 1620; x_wconf 69' lang='lat' dir='ltr'><strong>coepta</strong></span> <span class='ocrx_word' id='word_1_198' title='bbox 767 1552 991 1618; x_wconf 78' lang='lat' dir='ltr'><strong>fuerint,</strong></span> <span class='ocrx_word' id='word_1_199' title='bbox 1014 1557 1516 1626; x_wconf 90' lang='lat' dir='ltr'><strong>comprobabuntur</strong></span> <span class='ocrx_word' id='word_1_200' title='bbox 1535 1580 1550 1615; x_wconf 74' lang='grc' dir='ltr'><strong>ι</strong></span> <span class='ocrx_word' id='word_1_201' title='bbox 1569 1572 1623 1616; x_wconf 91' lang='lat' dir='ltr'><strong>et</strong></span> <span class='ocrx_word' id='word_1_202' title='bbox 1646 1577 1768 1632; x_wconf 86' lang='lat' dir='ltr'><strong>quae</strong></span> <span class='ocrx_word' id='word_1_203' title='bbox 1788 1577 1949 1617; x_wconf 88' lang='lat' dir='ltr'><strong>secus</strong></span> <span class='ocrx_word' id='word_1_204' title='bbox 1972 1571 2119 1631; x_wconf 83' lang='lat' dir='ltr'><strong>gesta</strong></span> 
     </span>
    </p>
   </div>
   <div class='ocr_carea' id='block_1_27' title="bbox 2289 1552 3854 1638">
    <p class='ocr_par' dir='ltr' id='par_1_27' title="bbox 2289 1560 3854 1638">
     <span class='ocr_line' id='line_1_27' title="bbox 2289 1560 3854 1638; baseline -0.005 -19"><span class='ocrx_word' id='word_1_205' title='bbox 2289 1567 2493 1620; x_wconf 85' lang='grc' dir='ltr'>υνόδου·</span> <span class='ocrx_word' id='word_1_206' title='bbox 2515 1566 2751 1638; x_wconf 82' lang='grc' dir='ltr'>ὁπηνίκα</span> <span class='ocrx_word' id='word_1_207' title='bbox 2768 1564 2943 1617; x_wconf 76' lang='grc' dir='ltr'>καὶτὰ</span> <span class='ocrx_word' id='word_1_208' title='bbox 2965 1564 3144 1625; x_wconf 78' lang='grc' dir='ltr'>καλῶς</span> <span class='ocrx_word' id='word_1_209' title='bbox 3160 1562 3499 1633; x_wconf 79' lang='grc' dir='ltr'>ὑπηργμένα</span> <span class='ocrx_word' id='word_1_210' title='bbox 3517 1560 3766 1630; x_wconf 76' lang='grc' dir='ltr'>ὲγκριθὴ</span> <span class='ocrx_word' id='word_1_211' title='bbox 3776 1577 3854 1611; x_wconf 76' lang='grc' dir='ltr'>σε·</span> 
     </span>
    </p>
   </div>
   <div class='ocr_carea' id='block_1_28' title="bbox 562 1644 2127 1724">
    <p class='ocr_par' dir='ltr' id='par_1_28' title="bbox 562 1644 2118 1723">
     <span class='ocr_line' id='line_1_28' title="bbox 562 1644 2118 1723; baseline 0.008 -27"><span class='ocrx_word' id='word_1_212' title='bbox 562 1644 898 1712; x_wconf 81' lang='lat' dir='ltr'><strong>rejicientur.</strong></span> <span class='ocrx_word' id='word_1_213' title='bbox 932 1646 996 1701; x_wconf 89' lang='lat' dir='ltr'><strong>Et</strong></span> <span class='ocrx_word' id='word_1_214' title='bbox 1024 1659 1107 1703; x_wconf 87' lang='lat' dir='ltr'><strong>est</strong></span> <span class='ocrx_word' id='word_1_215' title='bbox 1153 1652 1266 1706; x_wconf 71' lang='lat' dir='ltr'><strong>haec</strong></span> <span class='ocrx_word' id='word_1_216' title='bbox 1320 1654 1458 1706; x_wconf 76' lang='lat' dir='ltr'><strong>ratio</strong></span> <span class='ocrx_word' id='word_1_217' title='bbox 1498 1653 1549 1706; x_wconf 92' lang='lat' dir='ltr'><strong>in</strong></span> <span class='ocrx_word' id='word_1_218' title='bbox 1589 1654 1780 1723; x_wconf 86' lang='lat' dir='ltr'><strong>primis</strong></span> <span class='ocrx_word' id='word_1_219' title='bbox 1814 1653 1922 1708; x_wconf 86' lang='lat' dir='ltr'><strong>Deo</strong></span> <span class='ocrx_word' id='word_1_220' title='bbox 1970 1664 2118 1723; x_wconf 90' lang='lat' dir='ltr'><strong>grata</strong></span> 
     </span>
    </p>
   </div>
   <div class='ocr_carea' id='block_1_29' title="bbox 2288 1644 3853 1724">
    <p class='ocr_par' dir='ltr' id='par_1_29' title="bbox 2288 1650 3853 1724">
     <span class='ocr_line' id='line_1_29' title="bbox 2288 1650 3853 1724; baseline -0.006 -15"><span class='ocrx_word' id='word_1_221' title='bbox 2288 1675 2337 1709; x_wconf 77' lang='lat' dir='ltr'><strong>at</strong></span> <span class='ocrx_word' id='word_1_222' title='bbox 2358 1675 2373 1689; x_wconf 74' lang='grc' dir='ltr'><strong>ο</strong></span> <span class='ocrx_word' id='word_1_223' title='bbox 2404 1657 2497 1712; x_wconf 73' lang='grc' dir='ltr'>καὶ</span> <span class='ocrx_word' id='word_1_224' title='bbox 2524 1658 2591 1710; x_wconf 81' lang='grc' dir='ltr'>τὰ</span> <span class='ocrx_word' id='word_1_225' title='bbox 2617 1656 2787 1719; x_wconf 85' lang='grc' dir='ltr'>άλλως</span> <span class='ocrx_word' id='word_1_226' title='bbox 2812 1655 3011 1724; x_wconf 80' lang='grc' dir='ltr'>ἔχοντα</span> <span class='ocrx_word' id='word_1_227' title='bbox 3027 1652 3611 1723; x_wconf 77' lang='grc' dir='ltr'>ἀποδοκιμασθήσεται</span> <span class='ocrx_word' id='word_1_228' title='bbox 3635 1665 3653 1681; x_wconf 77' lang='grc'><strong><em>⁸</em></strong></span> <span class='ocrx_word' id='word_1_229' title='bbox 3684 1652 3777 1703; x_wconf 81' lang='grc' dir='ltr'><strong>καὶ</strong></span> <span class='ocrx_word' id='word_1_230' title='bbox 3798 1650 3853 1700; x_wconf 73' lang='grc' dir='ltr'><strong>τὸ</strong></span> 
     </span>
    </p>
   </div>
   <div class='ocr_carea' id='block_1_30' title="bbox 561 1734 2126 1827">
    <p class='ocr_par' dir='ltr' id='par_1_30' title="bbox 561 1734 2121 1816">
     <span class='ocr_line' id='line_1_30' title="bbox 561 1734 2121 1816; baseline 0.008 -30"><span class='ocrx_word' id='word_1_231' title='bbox 561 1734 652 1802; x_wconf 88' lang='lat' dir='ltr'><strong>qui</strong></span> <span class='ocrx_word' id='word_1_232' title='bbox 701 1737 816 1791; x_wconf 83' lang='lat' dir='ltr'><strong>vult</strong></span> <span class='ocrx_word' id='word_1_233' title='bbox 842 1740 1024 1793; x_wconf 84' lang='lat' dir='ltr'><strong>salvos</strong></span> <span class='ocrx_word' id='word_1_234' title='bbox 1077 1740 1192 1795; x_wconf 82' lang='lat' dir='ltr'><strong>ﬁeri</strong></span> <span class='ocrx_word' id='word_1_235' title='bbox 1225 1757 1415 1797; x_wconf 87' lang='lat' dir='ltr'><strong>omnes</strong></span> <span class='ocrx_word' id='word_1_236' title='bbox 1447 1761 1461 1798; x_wconf 90' lang='lat'><strong>:</strong></span> <span class='ocrx_word' id='word_1_237' title='bbox 1496 1754 1701 1814; x_wconf 89' lang='lat' dir='ltr'><strong>quanto</strong></span> <span class='ocrx_word' id='word_1_238' title='bbox 1729 1746 1902 1815; x_wconf 80' lang='lat' dir='ltr'><strong>magis</strong></span> <span class='ocrx_word' id='word_1_239' title='bbox 1927 1761 2023 1800; x_wconf 84' lang='lat' dir='ltr'><strong>eos</strong></span> <span class='ocrx_word' id='word_1_240' title='bbox 2050 1762 2121 1816; x_wconf 88' lang='lat' dir='ltr'><strong>qu</strong></span> 
     </span>
    </p>
   </div>
   <div class='ocr_carea' id='block_1_31' title="bbox 2287 1734 3852 1827">
    <p class='ocr_par' dir='ltr' id='par_1_31' title="bbox 2287 1744 3852 1820">
     <span class='ocr_line' id='line_1_31' title="bbox 2287 1744 3852 1820; baseline 0.001 -22"><span class='ocrx_word' id='word_1_241' title='bbox 2287 1751 2483 1820; x_wconf 74' lang='grc' dir='ltr'>τρᾶγμα</span> <span class='ocrx_word' id='word_1_242' title='bbox 2512 1748 2632 1819; x_wconf 84' lang='grc' dir='ltr'>Θεῷ</span> <span class='ocrx_word' id='word_1_243' title='bbox 2672 1746 2967 1819; x_wconf 85' lang='grc' dir='ltr'>προσφιλὲς</span> <span class='ocrx_word' id='word_1_244' title='bbox 2999 1748 3081 1798; x_wconf 84' lang='grc' dir='ltr'>ὅτι</span> <span class='ocrx_word' id='word_1_245' title='bbox 3112 1744 3369 1814; x_wconf 84' lang='grc' dir='ltr'>μάλιστα,</span> <span class='ocrx_word' id='word_1_246' title='bbox 3405 1744 3467 1806; x_wconf 81' lang='grc' dir='ltr'>ὃς</span> <span class='ocrx_word' id='word_1_247' title='bbox 3497 1745 3610 1813; x_wconf 75' lang='grc' dir='ltr'><strong>ἐρᾷ</strong></span> <span class='ocrx_word' id='word_1_248' title='bbox 3640 1746 3852 1799; x_wconf 74' lang='grc' dir='ltr'>πάντας</span> 
     </span>
    </p>
   </div>
   <div class='ocr_carea' id='block_1_32' title="bbox 562 1826 2127 1909">
    <p class='ocr_par' dir='ltr' id='par_1_32' title="bbox 562 1826 2127 1907">
     <span class='ocr_line' id='line_1_32' title="bbox 562 1826 2127 1907; baseline 0.008 -27"><span class='ocrx_word' id='word_1_249' title='bbox 562 1826 628 1880; x_wconf 92' lang='lat' dir='ltr'><strong>ad</strong></span> <span class='ocrx_word' id='word_1_250' title='bbox 663 1832 998 1897; x_wconf 69' lang='lat' dir='ltr'><strong>poenitentiae</strong></span> <span class='ocrx_word' id='word_1_251' title='bbox 1026 1834 1324 1887; x_wconf 90' lang='lat' dir='ltr'><strong>remedium</strong></span> <span class='ocrx_word' id='word_1_252' title='bbox 1355 1845 1649 1890; x_wconf 87' lang='lat' dir='ltr'><strong>accurrunt</strong></span> <span class='ocrx_word' id='word_1_253' title='bbox 1674 1837 1697 1890; x_wconf 82' lang='lat'><strong>?</strong></span> <span class='ocrx_word' id='word_1_254' title='bbox 1723 1838 1816 1906; x_wconf 90' lang='lat' dir='ltr'><strong>qui</strong></span> <span class='ocrx_word' id='word_1_255' title='bbox 1851 1836 1955 1892; x_wconf 81' lang='lat' dir='ltr'><strong>fert</strong></span> <span class='ocrx_word' id='word_1_256' title='bbox 1984 1853 2127 1907; x_wconf 86' lang='lat' dir='ltr'><strong>open</strong></span> 
     </span>
    </p>
   </div>
   <div class='ocr_carea' id='block_1_33' title="bbox 2283 1826 3848 1909">
    <p class='ocr_par' dir='ltr' id='par_1_33' title="bbox 2283 1836 3848 1909">
     <span class='ocr_line' id='line_1_33' title="bbox 2283 1836 3848 1909; baseline -0.004 -16"><span class='ocrx_word' id='word_1_257' title='bbox 2283 1840 2525 1905; x_wconf 72' lang='grc' dir='ltr'>ώξεσθαι</span> <span class='ocrx_word' id='word_1_258' title='bbox 2550 1856 2565 1870; x_wconf 90' lang='grc'><strong>·</strong></span> <span class='ocrx_word' id='word_1_259' title='bbox 2594 1838 2669 1909; x_wconf 87' lang='grc' dir='ltr'>μὴ</span> <span class='ocrx_word' id='word_1_260' title='bbox 2694 1839 2777 1891; x_wconf 85' lang='grc' dir='ltr'>ὅτι</span> <span class='ocrx_word' id='word_1_261' title='bbox 2804 1855 2865 1905; x_wconf 85' lang='grc' dir='ltr'><strong>γε</strong></span> <span class='ocrx_word' id='word_1_262' title='bbox 2893 1840 3018 1899; x_wconf 74' lang='grc' dir='ltr'>τοὺς</span> <span class='ocrx_word' id='word_1_263' title='bbox 3056 1836 3133 1907; x_wconf 80' lang='grc' dir='ltr'>τῷ</span> <span class='ocrx_word' id='word_1_264' title='bbox 3184 1836 3286 1905; x_wconf 79' lang='grc' dir='ltr'>τῆς</span> <span class='ocrx_word' id='word_1_265' title='bbox 3339 1836 3650 1905; x_wconf 81' lang='grc' dir='ltr'>μετανοίας</span> <span class='ocrx_word' id='word_1_266' title='bbox 3711 1851 3848 1902; x_wconf 74' lang='grc' dir='ltr'>φαρ-</span> 
     </span>
    </p>
   </div>
   <div class='ocr_carea' id='block_1_34' title="bbox 562 1922 2127 2004">
    <p class='ocr_par' dir='ltr' id='par_1_34' title="bbox 562 1925 2105 1994">
     <span class='ocr_line' id='line_1_34' title="bbox 562 1925 2105 1994; baseline 0.008 -23"><span class='ocrx_word' id='word_1_267' title='bbox 562 1934 669 1974; x_wconf 88' lang='lat' dir='ltr'><strong>una</strong></span> <span class='ocrx_word' id='word_1_268' title='bbox 701 1936 823 1975; x_wconf 92' lang='lat' dir='ltr'><strong>cum</strong></span> <span class='ocrx_word' id='word_1_269' title='bbox 853 1939 918 1976; x_wconf 78' lang='lat' dir='ltr'><strong>eo</strong></span> <span class='ocrx_word' id='word_1_270' title='bbox 968 1927 1059 1994; x_wconf 89' lang='lat' dir='ltr'><strong>qui</strong></span> <span class='ocrx_word' id='word_1_271' title='bbox 1097 1925 1341 1979; x_wconf 81' lang='lat' dir='ltr'><strong>fraterno</strong></span> <span class='ocrx_word' id='word_1_272' title='bbox 1394 1926 1590 1983; x_wconf 85' lang='lat' dir='ltr'><strong>all&#39;ectu</strong></span> <span class='ocrx_word' id='word_1_273' title='bbox 1655 1944 1876 1982; x_wconf 90' lang='lat' dir='ltr'><strong>manum</strong></span> <span class='ocrx_word' id='word_1_274' title='bbox 1933 1930 2105 1984; x_wconf 81' lang='lat' dir='ltr'><strong>tendit</strong></span> 
     </span>
    </p>
   </div>
   <div class='ocr_carea' id='block_1_35' title="bbox 2283 1922 3848 2004">
    <p class='ocr_par' dir='ltr' id='par_1_35' title="bbox 2283 1922 3848 2003">
     <span class='ocr_line' id='line_1_35' title="bbox 2283 1922 3848 2003; baseline -0.006 -18"><span class='ocrx_word' id='word_1_275' title='bbox 2283 1933 2419 2003; x_wconf 85' lang='grc' dir='ltr'>ιάκῳ</span> <span class='ocrx_word' id='word_1_276' title='bbox 2493 1931 2974 2003; x_wconf 75' lang='grc' dir='ltr'>προστρέχονταςς</span> <span class='ocrx_word' id='word_1_277' title='bbox 3051 1927 3109 1991; x_wconf 83' lang='grc' dir='ltr'>ὃς</span> <span class='ocrx_word' id='word_1_278' title='bbox 3159 1930 3251 1981; x_wconf 75' lang='grc' dir='ltr'>καὶ</span> <span class='ocrx_word' id='word_1_279' title='bbox 3308 1928 3722 1996; x_wconf 82' lang='grc' dir='ltr'>συνεπικουρεῖ</span> <span class='ocrx_word' id='word_1_280' title='bbox 3772 1922 3848 1991; x_wconf 72' lang='grc' dir='ltr'>τῷ</span> 
     </span>
    </p>
   </div>
   <div class='ocr_carea' id='block_1_36' title="bbox 560 2013 2125 2093">
    <p class='ocr_par' dir='ltr' id='par_1_36' title="bbox 560 2013 2125 2089">
     <span class='ocr_line' id='line_1_36' title="bbox 560 2013 2125 2089; baseline 0.006 -23"><span class='ocrx_word' id='word_1_281' title='bbox 560 2013 654 2082; x_wconf 91' lang='lat' dir='ltr'><strong>qui</strong></span> <span class='ocrx_word' id='word_1_282' title='bbox 686 2014 987 2070; x_wconf 88' lang='lat' dir='ltr'><strong>collaborat</strong></span> <span class='ocrx_word' id='word_1_283' title='bbox 1015 2018 1064 2072; x_wconf 91' lang='lat' dir='ltr'><strong>ei</strong></span> <span class='ocrx_word' id='word_1_284' title='bbox 1124 2018 1214 2086; x_wconf 91' lang='lat' dir='ltr'><strong>qui</strong></span> <span class='ocrx_word' id='word_1_285' title='bbox 1259 2018 1529 2088; x_wconf 88' lang='lat' dir='ltr'><strong>jacentem</strong></span> <span class='ocrx_word' id='word_1_286' title='bbox 1564 2020 1743 2089; x_wconf 84' lang='lat' dir='ltr'><strong>erigit.</strong></span> <span class='ocrx_word' id='word_1_287' title='bbox 1802 2020 1952 2076; x_wconf 89' lang='lat' dir='ltr'><strong>Illius</strong></span> <span class='ocrx_word' id='word_1_288' title='bbox 2002 2021 2125 2076; x_wconf 88' lang='lat' dir='ltr'><strong>enin</strong></span> 
     </span>
    </p>
   </div>
   <div class='ocr_carea' id='block_1_37' title="bbox 2281 2013 3846 2093">
    <p class='ocr_par' dir='ltr' id='par_1_37' title="bbox 2281 2016 3846 2093">
     <span class='ocr_line' id='line_1_37' title="bbox 2281 2016 3846 2093; baseline -0.005 -16"><span class='ocrx_word' id='word_1_289' title='bbox 2281 2023 2589 2092; x_wconf 68' lang='grc' dir='ltr'>νιλαδέλφως</span> <span class='ocrx_word' id='word_1_290' title='bbox 2636 2026 2795 2093; x_wconf 88' lang='grc' dir='ltr'>χεῖρα</span> <span class='ocrx_word' id='word_1_291' title='bbox 2846 2022 3093 2093; x_wconf 78' lang='grc' dir='ltr'>ὀρέγοντι</span> <span class='ocrx_word' id='word_1_292' title='bbox 3118 2062 3133 2087; x_wconf 92' lang='grc'><strong>,</strong></span> <span class='ocrx_word' id='word_1_293' title='bbox 3189 2022 3283 2074; x_wconf 76' lang='grc' dir='ltr'>καὶ</span> <span class='ocrx_word' id='word_1_294' title='bbox 3339 2020 3715 2090; x_wconf 79' lang='grc' dir='ltr'>συνανίστησι</span> <span class='ocrx_word' id='word_1_295' title='bbox 3773 2016 3846 2085; x_wconf 79' lang='grc' dir='ltr'><strong>τῷ</strong></span> 
     </span>
    </p>
   </div>
   <div class='ocr_carea' id='block_1_38' title="bbox 559 2108 2124 2184">
    <p class='ocr_par' dir='ltr' id='par_1_38' title="bbox 559 2108 2124 2175">
     <span class='ocr_line' id='line_1_38' title="bbox 559 2108 2124 2175; baseline 0.006 -18"><span class='ocrx_word' id='word_1_296' title='bbox 559 2119 623 2158; x_wconf 86' lang='lat' dir='ltr'><strong>ea</strong></span> <span class='ocrx_word' id='word_1_297' title='bbox 662 2120 764 2159; x_wconf 84' lang='lat' dir='ltr'><strong>vox</strong></span> <span class='ocrx_word' id='word_1_298' title='bbox 796 2115 920 2161; x_wconf 86' lang='lat' dir='ltr'><strong>est:</strong></span> <span class='ocrx_word' id='word_1_299' title='bbox 978 2108 1361 2175; x_wconf 82' lang='lat' dir='ltr'><strong>Consolamiui,</strong></span> <span class='ocrx_word' id='word_1_300' title='bbox 1423 2113 1795 2174; x_wconf 80' lang='lat' dir='ltr'><strong>consolamini,</strong></span> <span class='ocrx_word' id='word_1_301' title='bbox 1828 2112 2124 2167; x_wconf 75' lang='lat' dir='ltr'><strong>sacerdotes</strong></span> 
     </span>
    </p>
   </div>
   <div class='ocr_carea' id='block_1_39' title="bbox 2276 2108 3841 2184">
    <p class='ocr_par' dir='ltr' id='par_1_39' title="bbox 2276 2109 3841 2184">
     <span class='ocr_line' id='line_1_39' title="bbox 2276 2109 3841 2184; baseline -0.004 -21"><span class='ocrx_word' id='word_1_302' title='bbox 2276 2114 2619 2184; x_wconf 64' lang='grc' dir='ltr'>τυνεγείροντι</span> <span class='ocrx_word' id='word_1_303' title='bbox 2646 2112 2738 2165; x_wconf 82' lang='grc' dir='ltr'><strong>τὸν</strong></span> <span class='ocrx_word' id='word_1_304' title='bbox 2786 2112 3086 2182; x_wconf 88' lang='grc' dir='ltr'>κάμνοντα.</span> <span class='ocrx_word' id='word_1_305' title='bbox 3140 2109 3314 2164; x_wconf 75' lang='grc' dir='ltr'>Αὐτοῦ</span> <span class='ocrx_word' id='word_1_306' title='bbox 3345 2111 3455 2180; x_wconf 81' lang='grc' dir='ltr'>γὰρ</span> <span class='ocrx_word' id='word_1_307' title='bbox 3492 2114 3657 2179; x_wconf 76' lang='grc' dir='ltr'>φωνή</span> <span class='ocrx_word' id='word_1_308' title='bbox 3691 2111 3807 2161; x_wconf 75' lang='grc' dir='ltr'>ἐστι</span> <span class='ocrx_word' id='word_1_309' title='bbox 3829 2120 3841 2132; x_wconf 88' lang='grc'><strong>·</strong></span> 
     </span>
    </p>
   </div>
   <div class='ocr_carea' id='block_1_40' title="bbox 557 2190 2122 2273">
    <p class='ocr_par' dir='ltr' id='par_1_40' title="bbox 557 2194 2122 2270">
     <span class='ocr_line' id='line_1_40' title="bbox 557 2194 2122 2270; baseline 0.008 -25"><span class='ocrx_word' id='word_1_310' title='bbox 557 2194 808 2262; x_wconf 84' lang='lat' dir='ltr'><strong>populum</strong></span> <span class='ocrx_word' id='word_1_311' title='bbox 846 2214 1020 2251; x_wconf 89' lang='lat' dir='ltr'><strong>meum</strong></span> <span class='ocrx_word' id='word_1_312' title='bbox 1047 2215 1065 2251; x_wconf 93' lang='lat'><em>:</em></span> <span class='ocrx_word' id='word_1_313' title='bbox 1100 2200 1379 2270; x_wconf 81' lang='lat' dir='ltr'><strong>loquimini</strong></span> <span class='ocrx_word' id='word_1_314' title='bbox 1420 2203 1488 2254; x_wconf 89' lang='lat' dir='ltr'><strong>ad</strong></span> <span class='ocrx_word' id='word_1_315' title='bbox 1542 2220 1697 2257; x_wconf 85' lang='lat' dir='ltr'><strong>aures</strong></span> <span class='ocrx_word' id='word_1_316' title='bbox 1732 2201 2033 2257; x_wconf 83' lang='lat' dir='ltr'><strong>Jerusalem</strong></span> <span class='ocrx_word' id='word_1_317' title='bbox 2079 2204 2122 2237; x_wconf 82' lang='grc'><strong>³⁸</strong></span> 
     </span>
    </p>
   </div>
   <div class='ocr_carea' id='block_1_41' title="bbox 2276 2190 3841 2273">
    <p class='ocr_par' dir='ltr' id='par_1_41' title="bbox 2276 2190 3841 2273">
     <span class='ocr_line' id='line_1_41' title="bbox 2276 2190 3841 2273; baseline -0.007 -15"><span class='ocrx_word' id='word_1_318' title='bbox 2276 2203 2672 2273; x_wconf 74' lang='grc' dir='ltr'>Ιαρακαλεῖτε,</span> <span class='ocrx_word' id='word_1_319' title='bbox 2704 2203 3129 2270; x_wconf 74' lang='grc' dir='ltr'>παρακαλεῖτε,</span> <span class='ocrx_word' id='word_1_320' title='bbox 3169 2205 3222 2256; x_wconf 83' lang='grc' dir='ltr'>οὶ</span> <span class='ocrx_word' id='word_1_321' title='bbox 3280 2200 3489 2269; x_wconf 74' lang='grc' dir='ltr'>ἱεροῖς,</span> <span class='ocrx_word' id='word_1_322' title='bbox 3520 2204 3640 2256; x_wconf 84' lang='grc' dir='ltr'><strong>τὸν</strong></span> <span class='ocrx_word' id='word_1_323' title='bbox 3688 2190 3841 2253; x_wconf 73' lang='grc' dir='ltr'>λαόν</span> 
     </span>
    </p>
   </div>
   <div class='ocr_carea' id='block_1_42' title="bbox 558 2285 2123 2366">
    <p class='ocr_par' dir='ltr' id='par_1_42' title="bbox 558 2285 2123 2366">
     <span class='ocr_line' id='line_1_42' title="bbox 558 2285 2123 2366; baseline 0.007 -25"><span class='ocrx_word' id='word_1_324' title='bbox 558 2285 699 2352; x_wconf 86' lang='lat' dir='ltr'><strong>Quid</strong></span> <span class='ocrx_word' id='word_1_325' title='bbox 747 2298 828 2343; x_wconf 85' lang='lat' dir='ltr'><strong>est</strong></span> <span class='ocrx_word' id='word_1_326' title='bbox 857 2292 1000 2346; x_wconf 86' lang='lat' dir='ltr'><strong>aliud</strong></span> <span class='ocrx_word' id='word_1_327' title='bbox 1033 2308 1201 2362; x_wconf 88' lang='lat' dir='ltr'><strong>porro</strong></span> <span class='ocrx_word' id='word_1_328' title='bbox 1247 2296 1567 2360; x_wconf 74' lang='lat' dir='ltr'><strong>consolatio,</strong></span> <span class='ocrx_word' id='word_1_329' title='bbox 1605 2312 1768 2366; x_wconf 86' lang='lat' dir='ltr'><strong>quam</strong></span> <span class='ocrx_word' id='word_1_330' title='bbox 1795 2298 2123 2353; x_wconf 82' lang='lat' dir='ltr'><strong>adversario</strong></span> 
     </span>
    </p>
   </div>
   <div class='ocr_carea' id='block_1_43' title="bbox 2275 2285 3840 2366">
    <p class='ocr_par' dir='ltr' id='par_1_43' title="bbox 2275 2288 3840 2363">
     <span class='ocr_line' id='line_1_43' title="bbox 2275 2288 3840 2363; baseline -0.006 -13"><span class='ocrx_word' id='word_1_331' title='bbox 2275 2315 2361 2351; x_wconf 88' lang='grc' dir='ltr'>ιου</span> <span class='ocrx_word' id='word_1_332' title='bbox 2397 2313 2411 2327; x_wconf 92' lang='grc'><strong>·</strong></span> <span class='ocrx_word' id='word_1_333' title='bbox 2462 2295 2773 2361; x_wconf 72' lang='grc' dir='ltr'>λαλήσατε</span> <span class='ocrx_word' id='word_1_334' title='bbox 2800 2298 2887 2361; x_wconf 83' lang='grc' dir='ltr'><strong>είς</strong></span> <span class='ocrx_word' id='word_1_335' title='bbox 2912 2294 2984 2349; x_wconf 83' lang='grc' dir='ltr'>τὰ</span> <span class='ocrx_word' id='word_1_336' title='bbox 3011 2291 3132 2350; x_wconf 85' lang='grc' dir='ltr'>ὦτα</span> <span class='ocrx_word' id='word_1_337' title='bbox 3189 2294 3623 2363; x_wconf 64' lang='grc' dir='ltr'>Ἰερουσαλήμ.</span> <span class='ocrx_word' id='word_1_338' title='bbox 3692 2289 3759 2344; x_wconf 77' lang='lat' dir='ltr'><strong>‘l‘i</strong></span> <span class='ocrx_word' id='word_1_339' title='bbox 3798 2288 3840 2340; x_wconf 81' lang='grc' dir='ltr'>δ’</span> 
     </span>
    </p>
   </div>
   <div class='ocr_carea' id='block_1_44' title="bbox 558 2385 2123 2461">
    <p class='ocr_par' dir='ltr' id='par_1_44' title="bbox 558 2385 2119 2456">
     <span class='ocr_line' id='line_1_44' title="bbox 558 2385 2119 2456; baseline 0.006 -21"><span class='ocrx_word' id='word_1_340' title='bbox 558 2396 681 2435; x_wconf 86' lang='lat' dir='ltr'><strong>rum</strong></span> <span class='ocrx_word' id='word_1_341' title='bbox 713 2385 1077 2448; x_wconf 85' lang='lat' dir='ltr'><strong>conservatio,</strong></span> <span class='ocrx_word' id='word_1_342' title='bbox 1108 2394 1163 2439; x_wconf 86' lang='lat' dir='ltr'><strong>et</strong></span> <span class='ocrx_word' id='word_1_343' title='bbox 1204 2400 1393 2440; x_wconf 89' lang='lat' dir='ltr'><strong>eorum</strong></span> <span class='ocrx_word' id='word_1_344' title='bbox 1449 2389 1540 2456; x_wconf 90' lang='lat' dir='ltr'><strong>qui</strong></span> <span class='ocrx_word' id='word_1_345' title='bbox 1573 2389 1639 2441; x_wconf 91' lang='lat' dir='ltr'><strong>de</strong></span> <span class='ocrx_word' id='word_1_346' title='bbox 1670 2390 1757 2444; x_wconf 85' lang='lat' dir='ltr'><strong>via</strong></span> <span class='ocrx_word' id='word_1_347' title='bbox 1800 2389 2119 2445; x_wconf 85' lang='lat' dir='ltr'><strong>deﬂexerth</strong></span> 
     </span>
    </p>
   </div>
   <div class='ocr_carea' id='block_1_45' title="bbox 2274 2385 3839 2461">
    <p class='ocr_par' dir='ltr' id='par_1_45' title="bbox 2274 2386 3839 2461">
     <span class='ocr_line' id='line_1_45' title="bbox 2274 2386 3839 2461; baseline -0.001 -22"><span class='ocrx_word' id='word_1_348' title='bbox 2274 2407 2312 2443; x_wconf 79' lang='lat' dir='ltr'><strong>LV</strong></span> <span class='ocrx_word' id='word_1_349' title='bbox 2358 2389 2487 2443; x_wconf 81' lang='grc' dir='ltr'>ἄλλο</span> <span class='ocrx_word' id='word_1_350' title='bbox 2547 2390 2632 2460; x_wconf 84' lang='grc' dir='ltr'><strong>είη</strong></span> <span class='ocrx_word' id='word_1_351' title='bbox 2687 2392 2721 2459; x_wconf 78' lang='grc' dir='ltr'><strong>ἡ</strong></span> <span class='ocrx_word' id='word_1_352' title='bbox 2791 2389 3159 2461; x_wconf 81' lang='grc' dir='ltr'>παράκλησις,</span> <span class='ocrx_word' id='word_1_353' title='bbox 3210 2387 3243 2456; x_wconf 86' lang='grc' dir='ltr'>ἢ</span> <span class='ocrx_word' id='word_1_354' title='bbox 3290 2388 3324 2456; x_wconf 78' lang='grc' dir='ltr'><strong>ἡ</strong></span> <span class='ocrx_word' id='word_1_355' title='bbox 3383 2386 3497 2439; x_wconf 84' lang='grc' dir='ltr'><strong>τῶν</strong></span> <span class='ocrx_word' id='word_1_356' title='bbox 3550 2387 3839 2453; x_wconf 80' lang='grc' dir='ltr'>ἀνθέστη-</span> 
     </span>
    </p>
   </div>
   <div class='ocr_carea' id='block_1_46' title="bbox 566 2475 2131 2552">
    <p class='ocr_par' dir='ltr' id='par_1_46' title="bbox 566 2475 2131 2552">
     <span class='ocr_line' id='line_1_46' title="bbox 566 2475 2131 2552; baseline 0.006 -26"><span class='ocrx_word' id='word_1_357' title='bbox 566 2487 666 2543; x_wconf 87' lang='lat' dir='ltr'><strong>per</strong></span> <span class='ocrx_word' id='word_1_358' title='bbox 721 2475 1100 2543; x_wconf 71' lang='lat' dir='ltr'><strong>paenitentiam</strong></span> <span class='ocrx_word' id='word_1_359' title='bbox 1162 2479 1472 2533; x_wconf 86' lang='lat' dir='ltr'><strong>emendatio</strong></span> <span class='ocrx_word' id='word_1_360' title='bbox 1506 2480 1529 2533; x_wconf 75' lang='grc' dir='ltr'><em>ἳ</em></span> <span class='ocrx_word' id='word_1_361' title='bbox 1563 2480 1769 2535; x_wconf 84' lang='lat' dir='ltr'><strong>Deinde</strong></span> <span class='ocrx_word' id='word_1_362' title='bbox 1807 2483 1873 2536; x_wconf 87' lang='lat' dir='ltr'><strong>ad</strong></span> <span class='ocrx_word' id='word_1_363' title='bbox 1924 2497 2019 2536; x_wconf 87' lang='lat' dir='ltr'><strong>eos</strong></span> <span class='ocrx_word' id='word_1_364' title='bbox 2052 2499 2131 2552; x_wconf 90' lang='lat' dir='ltr'><strong>qu</strong></span> 
     </span>
    </p>
   </div>
   <div class='ocr_carea' id='block_1_47' title="bbox 2273 2475 3838 2552">
    <p class='ocr_par' dir='ltr' id='par_1_47' title="bbox 2273 2477 3838 2549">
     <span class='ocr_line' id='line_1_47' title="bbox 2273 2477 3838 2549; baseline -0.004 -16"><span class='ocrx_word' id='word_1_365' title='bbox 2273 2482 2419 2534; x_wconf 78' lang='grc' dir='ltr'>εότων</span> <span class='ocrx_word' id='word_1_366' title='bbox 2449 2482 2800 2549; x_wconf 83' lang='grc' dir='ltr'>συντήρησις,</span> <span class='ocrx_word' id='word_1_367' title='bbox 2822 2481 2916 2533; x_wconf 75' lang='grc' dir='ltr'>καὶ</span> <span class='ocrx_word' id='word_1_368' title='bbox 2944 2481 3052 2535; x_wconf 85' lang='grc' dir='ltr'><strong>τῶν</strong></span> <span class='ocrx_word' id='word_1_369' title='bbox 3089 2477 3473 2549; x_wconf 77' lang='grc' dir='ltr'><strong>ἐκτραπέντων</strong></span> <span class='ocrx_word' id='word_1_370' title='bbox 3517 2479 3614 2532; x_wconf 79' lang='grc' dir='ltr'><strong>διὰ</strong></span> <span class='ocrx_word' id='word_1_371' title='bbox 3668 2492 3838 2546; x_wconf 84' lang='grc' dir='ltr'>μετα-</span> 
     </span>
    </p>
   </div>
   <div class='ocr_carea' id='block_1_48' title="bbox 560 2566 2125 2642">
    <p class='ocr_par' dir='ltr' id='par_1_48' title="bbox 560 2569 2125 2642">
     <span class='ocr_line' id='line_1_48' title="bbox 560 2569 2125 2642; baseline 0.003 -21"><span class='ocrx_word' id='word_1_372' title='bbox 560 2577 857 2637; x_wconf 84' lang='lat' dir='ltr'><strong>peccarunt</strong></span> <span class='ocrx_word' id='word_1_373' title='bbox 886 2584 904 2621; x_wconf 93' lang='lat'><em>:</em></span> <span class='ocrx_word' id='word_1_374' title='bbox 936 2569 1067 2623; x_wconf 88' lang='lat' dir='ltr'><strong>Cum</strong></span> <span class='ocrx_word' id='word_1_375' title='bbox 1122 2586 1356 2624; x_wconf 77' lang='lat' dir='ltr'><strong>reversus</strong></span> <span class='ocrx_word' id='word_1_376' title='bbox 1416 2573 1755 2642; x_wconf 64' lang='lat' dir='ltr'><strong>ingemuerit,</strong></span> <span class='ocrx_word' id='word_1_377' title='bbox 1784 2584 1907 2627; x_wconf 86' lang='lat' dir='ltr'><strong>tunc</strong></span> <span class='ocrx_word' id='word_1_378' title='bbox 1964 2575 2125 2628; x_wconf 57' lang='lat' dir='ltr'><strong>salvut</strong></span> 
     </span>
    </p>
   </div>
   <div class='ocr_carea' id='block_1_49' title="bbox 2268 2566 3833 2642">
    <p class='ocr_par' dir='ltr' id='par_1_49' title="bbox 2268 2566 3833 2642">
     <span class='ocr_line' id='line_1_49' title="bbox 2268 2566 3833 2642; baseline 0 -17"><span class='ocrx_word' id='word_1_379' title='bbox 2268 2573 2393 2635; x_wconf 74' lang='grc' dir='ltr'>νοίας</span> <span class='ocrx_word' id='word_1_380' title='bbox 2421 2571 2832 2641; x_wconf 77' lang='grc' dir='ltr'>ἐπανόρθωσις;</span> <span class='ocrx_word' id='word_1_381' title='bbox 2868 2566 3000 2625; x_wconf 81' lang='grc' dir='ltr'>Εἶτα</span> <span class='ocrx_word' id='word_1_382' title='bbox 3046 2569 3185 2641; x_wconf 82' lang='grc' dir='ltr'>πρὸς</span> <span class='ocrx_word' id='word_1_383' title='bbox 3220 2572 3348 2631; x_wconf 81' lang='grc' dir='ltr'>τοὺς</span> <span class='ocrx_word' id='word_1_384' title='bbox 3392 2571 3798 2642; x_wconf 73' lang='grc' dir='ltr'>ἡμαρτηκότας</span> <span class='ocrx_word' id='word_1_385' title='bbox 3822 2583 3833 2592; x_wconf 92' lang='grc'><strong>·</strong></span> 
     </span>
    </p>
   </div>
   <div class='ocr_carea' id='block_1_50' title="bbox 559 2656 2124 2733">
    <p class='ocr_par' dir='ltr' id='par_1_50' title="bbox 559 2656 2124 2729">
     <span class='ocr_line' id='line_1_50' title="bbox 559 2656 2124 2729; baseline 0.006 -18"><span class='ocrx_word' id='word_1_386' title='bbox 559 2656 688 2720; x_wconf 76' lang='lat' dir='ltr'><strong>eris,</strong></span> <span class='ocrx_word' id='word_1_387' title='bbox 711 2669 760 2713; x_wconf 84' lang='lat' dir='ltr'><strong>et</strong></span> <span class='ocrx_word' id='word_1_388' title='bbox 792 2663 922 2713; x_wconf 73' lang='lat' dir='ltr'><strong>scies</strong></span> <span class='ocrx_word' id='word_1_389' title='bbox 948 2660 1037 2713; x_wconf 89' lang='lat' dir='ltr'><strong>ubi</strong></span> <span class='ocrx_word' id='word_1_390' title='bbox 1059 2660 1237 2729; x_wconf 60' lang='lat' dir='ltr'><strong>fuerit</strong></span> <span class='ocrx_word' id='word_1_391' title='bbox 1267 2662 1335 2716; x_wconf 81' lang='lat'><strong>”.</strong></span> <span class='ocrx_word' id='word_1_392' title='bbox 1364 2661 1429 2716; x_wconf 88' lang='lat' dir='ltr'><strong>Et</strong></span> <span class='ocrx_word' id='word_1_393' title='bbox 1468 2679 1684 2719; x_wconf 88' lang='lat' dir='ltr'><strong>rursum</strong></span> <span class='ocrx_word' id='word_1_394' title='bbox 1718 2684 1730 2717; x_wconf 90' lang='lat'><strong>:</strong></span> <span class='ocrx_word' id='word_1_395' title='bbox 1768 2666 1951 2718; x_wconf 82' lang='lat' dir='ltr'><strong>Adhuc</strong></span> <span class='ocrx_word' id='word_1_396' title='bbox 1980 2668 2124 2721; x_wconf 82' lang='lat' dir='ltr'><strong>verb:</strong></span> 
     </span>
    </p>
   </div>
   <div class='ocr_carea' id='block_1_51' title="bbox 2267 2656 3832 2733">
    <p class='ocr_par' dir='ltr' id='par_1_51' title="bbox 2267 2658 3832 2733">
     <span class='ocr_line' id='line_1_51' title="bbox 2267 2658 3832 2733; baseline -0.004 -16"><span class='ocrx_word' id='word_1_397' title='bbox 2267 2665 2434 2718; x_wconf 84' lang='grc' dir='ltr'>Ὀταν</span> <span class='ocrx_word' id='word_1_398' title='bbox 2463 2665 2874 2733; x_wconf 74' lang='grc' dir='ltr'>ἀποστραφεὶς</span> <span class='ocrx_word' id='word_1_399' title='bbox 2905 2662 3224 2730; x_wconf 75' lang='grc' dir='ltr'>στενάξῃς,</span> <span class='ocrx_word' id='word_1_400' title='bbox 3257 2663 3389 2715; x_wconf 81' lang='grc' dir='ltr'>τότε</span> <span class='ocrx_word' id='word_1_401' title='bbox 3417 2662 3708 2728; x_wconf 75' lang='grc' dir='ltr'>σωθήσῃ,</span> <span class='ocrx_word' id='word_1_402' title='bbox 3740 2658 3832 2712; x_wconf 78' lang='grc' dir='ltr'>καὶ</span> 
     </span>
    </p>
   </div>
   <div class='ocr_carea' id='block_1_52' title="bbox 566 2752 2131 2830">
    <p class='ocr_par' dir='ltr' id='par_1_52' title="bbox 566 2752 2131 2820">
     <span class='ocr_line' id='line_1_52' title="bbox 566 2752 2131 2820; baseline 0.006 -17"><span class='ocrx_word' id='word_1_403' title='bbox 566 2767 789 2820; x_wconf 82' lang='lat' dir='ltr'><strong>precum</strong></span> <span class='ocrx_word' id='word_1_404' title='bbox 823 2752 1064 2816; x_wconf 84' lang='lat' dir='ltr'><strong>loquente</strong></span> <span class='ocrx_word' id='word_1_405' title='bbox 1095 2763 1163 2817; x_wconf 86' lang='lat' dir='ltr'><strong>te,</strong></span> <span class='ocrx_word' id='word_1_406' title='bbox 1195 2755 1373 2809; x_wconf 85' lang='lat' dir='ltr'><strong>dicet:</strong></span> <span class='ocrx_word' id='word_1_407' title='bbox 1422 2755 1554 2810; x_wconf 85' lang='lat' dir='ltr'><strong>Ecce</strong></span> <span class='ocrx_word' id='word_1_408' title='bbox 1580 2757 1763 2810; x_wconf 81' lang='lat' dir='ltr'><strong>adsum</strong></span> <span class='ocrx_word' id='word_1_409' title='bbox 1792 2757 1857 2810; x_wconf 74' lang='lat'><strong>‘°.</strong></span> <span class='ocrx_word' id='word_1_410' title='bbox 1898 2758 1965 2811; x_wconf 90' lang='lat' dir='ltr'><strong>Et</strong></span> <span class='ocrx_word' id='word_1_411' title='bbox 1988 2759 2131 2813; x_wconf 78' lang='lat' dir='ltr'><strong>auxi-</strong></span> 
     </span>
    </p>
   </div>
   <div class='ocr_carea' id='block_1_53' title="bbox 2269 2752 3834 2830">
    <p class='ocr_par' dir='ltr' id='par_1_53' title="bbox 2269 2753 3834 2830">
     <span class='ocr_line' id='line_1_53' title="bbox 2269 2753 3834 2830; baseline -0.005 -19"><span class='ocrx_word' id='word_1_412' title='bbox 2269 2758 2447 2829; x_wconf 81' lang='grc' dir='ltr'><strong>-νὼσῃ</strong></span> <span class='ocrx_word' id='word_1_413' title='bbox 2488 2759 2605 2814; x_wconf 83' lang='grc' dir='ltr'>ποῦ</span> <span class='ocrx_word' id='word_1_414' title='bbox 2629 2756 2810 2830; x_wconf 81' lang='grc' dir='ltr'>ἦσθα.</span> <span class='ocrx_word' id='word_1_415' title='bbox 2838 2759 2943 2813; x_wconf 74' lang='grc' dir='ltr'><strong>Καὶ</strong></span> <span class='ocrx_word' id='word_1_416' title='bbox 2966 2753 3121 2819; x_wconf 77' lang='grc' dir='ltr'>αὖθις</span> <span class='ocrx_word' id='word_1_417' title='bbox 3139 2772 3154 2788; x_wconf 81' lang='grc'><em>’</em></span> <span class='ocrx_word' id='word_1_418' title='bbox 3190 2756 3317 2809; x_wconf 83' lang='grc' dir='ltr'>Ἔτι</span> <span class='ocrx_word' id='word_1_419' title='bbox 3343 2770 3465 2809; x_wconf 89' lang='grc' dir='ltr'>σου</span> <span class='ocrx_word' id='word_1_420' title='bbox 3494 2756 3570 2809; x_wconf 82' lang='grc' dir='ltr'>τὰ</span> <span class='ocrx_word' id='word_1_421' title='bbox 3591 2754 3834 2823; x_wconf 78' lang='grc' dir='ltr'>ῥήματα</span> 
     </span>
    </p>
   </div>
   <div class='ocr_carea' id='block_1_54' title="bbox 562 2844 2127 2920">
    <p class='ocr_par' dir='ltr' id='par_1_54' title="bbox 562 2844 2127 2915">
     <span class='ocr_line' id='line_1_54' title="bbox 562 2844 2127 2915; baseline 0.004 -20"><span class='ocrx_word' id='word_1_422' title='bbox 562 2844 721 2896; x_wconf 87' lang='lat' dir='ltr'><strong>liator</strong></span> <span class='ocrx_word' id='word_1_423' title='bbox 746 2852 828 2898; x_wconf 89' lang='lat' dir='ltr'><strong>est</strong></span> <span class='ocrx_word' id='word_1_424' title='bbox 858 2858 1051 2899; x_wconf 88' lang='lat' dir='ltr'><strong>eorum</strong></span> <span class='ocrx_word' id='word_1_425' title='bbox 1106 2848 1197 2915; x_wconf 91' lang='lat' dir='ltr'><strong>qui</strong></span> <span class='ocrx_word' id='word_1_426' title='bbox 1262 2857 1655 2903; x_wconf 90' lang='lat' dir='ltr'><strong>convertuntur</strong></span> <span class='ocrx_word' id='word_1_427' title='bbox 1678 2866 1707 2902; x_wconf 92' lang='lat' dir='ltr'><strong>a</strong></span> <span class='ocrx_word' id='word_1_428' title='bbox 1743 2850 1827 2904; x_wconf 87' lang='lat' dir='ltr'><strong>via</strong></span> <span class='ocrx_word' id='word_1_429' title='bbox 1862 2851 2001 2904; x_wconf 88' lang='lat' dir='ltr'><strong>mala</strong></span> <span class='ocrx_word' id='word_1_430' title='bbox 2036 2866 2051 2903; x_wconf 72' lang='grc' dir='ltr'><strong>ι</strong></span> <span class='ocrx_word' id='word_1_431' title='bbox 2085 2861 2127 2903; x_wconf 84' lang='lat' dir='ltr'><strong>el</strong></span> 
     </span>
    </p>
   </div>
   <div class='ocr_carea' id='block_1_55' title="bbox 2266 2844 3831 2920">
    <p class='ocr_par' dir='ltr' id='par_1_55' title="bbox 2266 2846 3831 2920">
     <span class='ocr_line' id='line_1_55' title="bbox 2266 2846 3831 2920; baseline -0.003 -17"><span class='ocrx_word' id='word_1_432' title='bbox 2266 2850 2353 2918; x_wconf 84' lang='grc' dir='ltr'><strong>’ἧς</strong></span> <span class='ocrx_word' id='word_1_433' title='bbox 2390 2851 2740 2920; x_wconf 80' lang='grc' dir='ltr'>προσευχῆς</span> <span class='ocrx_word' id='word_1_434' title='bbox 2769 2850 3125 2914; x_wconf 73' lang='grc' dir='ltr'>λαλοῦντος.</span> <span class='ocrx_word' id='word_1_435' title='bbox 3172 2846 3325 2915; x_wconf 79' lang='grc' dir='ltr'>ἐρεῖ·</span> <span class='ocrx_word' id='word_1_436' title='bbox 3364 2846 3525 2903; x_wconf 83' lang='grc' dir='ltr'>Ἰδοὺ</span> <span class='ocrx_word' id='word_1_437' title='bbox 3565 2846 3831 2915; x_wconf 74' lang='grc' dir='ltr'>πάρειμι.</span> 
     </span>
    </p>
   </div>
   <div class='ocr_carea' id='block_1_56' title="bbox 562 2936 2127 3013">
    <p class='ocr_par' dir='ltr' id='par_1_56' title="bbox 562 2936 2127 3007">
     <span class='ocr_line' id='line_1_56' title="bbox 562 2936 2127 3007; baseline 0.006 -21"><span class='ocrx_word' id='word_1_438' title='bbox 562 2948 718 2988; x_wconf 89' lang='lat' dir='ltr'><strong>ovem</strong></span> <span class='ocrx_word' id='word_1_439' title='bbox 774 2936 1115 3007; x_wconf 88' lang='lat' dir='ltr'><strong>deperditam</strong></span> <span class='ocrx_word' id='word_1_440' title='bbox 1177 2939 1421 2996; x_wconf 90' lang='lat' dir='ltr'><strong>humeris</strong></span> <span class='ocrx_word' id='word_1_441' title='bbox 1455 2942 1595 2996; x_wconf 90' lang='lat' dir='ltr'><strong>tollit</strong></span> <span class='ocrx_word' id='word_1_442' title='bbox 1629 2953 1721 2996; x_wconf 89' lang='lat' dir='ltr'><strong>:et</strong></span> <span class='ocrx_word' id='word_1_443' title='bbox 1782 2944 1945 2997; x_wconf 86' lang='lat' dir='ltr'><strong>donec</strong></span> <span class='ocrx_word' id='word_1_444' title='bbox 1990 2944 2127 2997; x_wconf 65' lang='lat' dir='ltr'><strong>hodie</strong></span> 
     </span>
    </p>
   </div>
   <div class='ocr_carea' id='block_1_57' title="bbox 2267 2936 3832 3013">
    <p class='ocr_par' dir='ltr' id='par_1_57' title="bbox 2267 2937 3832 3013">
     <span class='ocr_line' id='line_1_57' title="bbox 2267 2937 3832 3013; baseline -0.006 -18"><span class='ocrx_word' id='word_1_445' title='bbox 2267 2943 2354 2995; x_wconf 66' lang='grc' dir='ltr'><strong>ἰαὶ</strong></span> <span class='ocrx_word' id='word_1_446' title='bbox 2390 2942 2585 3013; x_wconf 87' lang='grc' dir='ltr'>βοηθός</span> <span class='ocrx_word' id='word_1_447' title='bbox 2617 2944 2733 2993; x_wconf 70' lang='grc' dir='ltr'>ἐστι</span> <span class='ocrx_word' id='word_1_448' title='bbox 2776 2939 2885 2993; x_wconf 85' lang='grc' dir='ltr'>τῶν</span> <span class='ocrx_word' id='word_1_449' title='bbox 2914 2937 3365 3010; x_wconf 82' lang='grc' dir='ltr'>ἀποστρεφόντων</span> <span class='ocrx_word' id='word_1_450' title='bbox 3409 2938 3522 2991; x_wconf 83' lang='grc' dir='ltr'>ἀπὸ</span> <span class='ocrx_word' id='word_1_451' title='bbox 3564 2937 3691 2991; x_wconf 74' lang='grc' dir='ltr'>ὁδοῦ</span> <span class='ocrx_word' id='word_1_452' title='bbox 3741 2952 3832 2986; x_wconf 60' lang='grc' dir='ltr'><strong>ποι</strong></span> 
     </span>
    </p>
   </div>
   <div class='ocr_carea' id='block_1_58' title="bbox 563 3027 2128 3108">
    <p class='ocr_par' dir='ltr' id='par_1_58' title="bbox 563 3030 2128 3105">
     <span class='ocr_line' id='line_1_58' title="bbox 563 3030 2128 3105; baseline 0.005 -24"><span class='ocrx_word' id='word_1_453' title='bbox 563 3030 964 3100; x_wconf 75' lang='lat' dir='ltr'><strong>cognominatur</strong></span> <span class='ocrx_word' id='word_1_454' title='bbox 1003 3031 1048 3064; x_wconf 77' lang='grc' dir='ltr'><strong>δι</strong></span> <span class='ocrx_word' id='word_1_455' title='bbox 1100 3072 1116 3097; x_wconf 89' lang='grc'><strong>,</strong></span> <span class='ocrx_word' id='word_1_456' title='bbox 1148 3034 1482 3103; x_wconf 71' lang='grc' dir='ltr'>ρωηίιεηιίεο</span> <span class='ocrx_word' id='word_1_457' title='bbox 1547 3036 1940 3090; x_wconf 90' lang='lat' dir='ltr'><strong>medicamenta</strong></span> <span class='ocrx_word' id='word_1_458' title='bbox 2000 3051 2128 3105; x_wconf 77' lang='lat' dir='ltr'><strong>prte-</strong></span> 
     </span>
    </p>
   </div>
   <div class='ocr_carea' id='block_1_59' title="bbox 2265 3027 3830 3108">
    <p class='ocr_par' dir='ltr' id='par_1_59' title="bbox 2265 3027 3830 3108">
     <span class='ocr_line' id='line_1_59' title="bbox 2265 3027 3830 3108; baseline -0.008 -17"><span class='ocrx_word' id='word_1_459' title='bbox 2265 3038 2457 3108; x_wconf 75' lang='grc' dir='ltr'>ιηρᾶς·</span> <span class='ocrx_word' id='word_1_460' title='bbox 2503 3035 2598 3088; x_wconf 76' lang='grc' dir='ltr'>καὶ</span> <span class='ocrx_word' id='word_1_461' title='bbox 2668 3033 2729 3085; x_wconf 77' lang='grc' dir='ltr'><strong>τὸ</strong></span> <span class='ocrx_word' id='word_1_462' title='bbox 2777 3032 3192 3101; x_wconf 84' lang='grc' dir='ltr'>πεπλανημένον</span> <span class='ocrx_word' id='word_1_463' title='bbox 3244 3030 3522 3085; x_wconf 78' lang='grc' dir='ltr'>ποόόατον</span> <span class='ocrx_word' id='word_1_464' title='bbox 3572 3030 3675 3081; x_wconf 77' lang='grc' dir='ltr'><strong>ἐπὶ</strong></span> <span class='ocrx_word' id='word_1_465' title='bbox 3723 3027 3830 3080; x_wconf 84' lang='grc' dir='ltr'><strong>τῶν</strong></span> 
     </span>
    </p>
   </div>
   <div class='ocr_carea' id='block_1_60' title="bbox 563 3117 2128 3197">
    <p class='ocr_par' dir='ltr' id='par_1_60' title="bbox 563 3122 2128 3195">
     <span class='ocr_line' id='line_1_60' title="bbox 563 3122 2128 3195; baseline 0.002 -18"><span class='ocrx_word' id='word_1_466' title='bbox 563 3122 655 3177; x_wconf 90' lang='lat' dir='ltr'><strong>bet</strong></span> <span class='ocrx_word' id='word_1_467' title='bbox 689 3140 703 3177; x_wconf 90' lang='lat'><strong>:</strong></span> <span class='ocrx_word' id='word_1_468' title='bbox 737 3132 791 3177; x_wconf 90' lang='lat' dir='ltr'><strong>et</strong></span> <span class='ocrx_word' id='word_1_469' title='bbox 844 3124 1110 3178; x_wconf 89' lang='lat' dir='ltr'><strong>latronem</strong></span> <span class='ocrx_word' id='word_1_470' title='bbox 1171 3134 1452 3179; x_wconf 89' lang='lat' dir='ltr'><strong>momento</strong></span> <span class='ocrx_word' id='word_1_471' title='bbox 1509 3128 1770 3195; x_wconf 84' lang='lat' dir='ltr'><strong>temporis</strong></span> <span class='ocrx_word' id='word_1_472' title='bbox 1809 3126 1874 3179; x_wconf 91' lang='lat' dir='ltr'><strong>ad</strong></span> <span class='ocrx_word' id='word_1_473' title='bbox 1926 3126 2128 3191; x_wconf 89' lang='lat' dir='ltr'><strong>paradi-</strong></span> 
     </span>
    </p>
   </div>
   <div class='ocr_carea' id='block_1_61' title="bbox 2264 3117 3829 3197">
    <p class='ocr_par' dir='ltr' id='par_1_61' title="bbox 2264 3117 3829 3197">
     <span class='ocr_line' id='line_1_61' title="bbox 2264 3117 3829 3197; baseline -0.004 -17"><span class='ocrx_word' id='word_1_474' title='bbox 2264 3127 2408 3197; x_wconf 71' lang='grc' dir='ltr'>ὺμων</span> <span class='ocrx_word' id='word_1_475' title='bbox 2435 3127 2581 3196; x_wconf 77' lang='grc' dir='ltr'>αἴρει</span> <span class='ocrx_word' id='word_1_476' title='bbox 2604 3141 2619 3156; x_wconf 89' lang='grc'><strong>·</strong></span> <span class='ocrx_word' id='word_1_477' title='bbox 2658 3123 2754 3177; x_wconf 76' lang='grc' dir='ltr'>καὶ</span> <span class='ocrx_word' id='word_1_478' title='bbox 2799 3122 2974 3191; x_wconf 77' lang='grc' dir='ltr'>ἄχρις</span> <span class='ocrx_word' id='word_1_479' title='bbox 3003 3117 3075 3177; x_wconf 82' lang='grc' dir='ltr'>οὗ</span> <span class='ocrx_word' id='word_1_480' title='bbox 3120 3121 3185 3177; x_wconf 87' lang='grc' dir='ltr'>τὸ</span> <span class='ocrx_word' id='word_1_481' title='bbox 3225 3122 3497 3192; x_wconf 83' lang='grc' dir='ltr'>σήμερον</span> <span class='ocrx_word' id='word_1_482' title='bbox 3533 3121 3829 3182; x_wconf 64' lang='grc' dir='ltr'>καλεῖται,</span> 
     </span>
    </p>
   </div>
   <div class='ocr_carea' id='block_1_62' title="bbox 564 3214 2129 3289">
    <p class='ocr_par' dir='ltr' id='par_1_62' title="bbox 564 3215 2129 3288">
     <span class='ocr_line' id='line_1_62' title="bbox 564 3215 2129 3288; baseline 0.003 -20"><span class='ocrx_word' id='word_1_483' title='bbox 564 3228 681 3268; x_wconf 87' lang='lat' dir='ltr'><strong>sum</strong></span> <span class='ocrx_word' id='word_1_484' title='bbox 712 3215 935 3269; x_wconf 85' lang='lat' dir='ltr'><strong>admisit</strong></span> <span class='ocrx_word' id='word_1_485' title='bbox 963 3233 975 3268; x_wconf 93' lang='lat'>:</span> <span class='ocrx_word' id='word_1_486' title='bbox 1009 3223 1063 3269; x_wconf 88' lang='lat' dir='ltr'><strong>et</strong></span> <span class='ocrx_word' id='word_1_487' title='bbox 1102 3230 1359 3286; x_wconf 89' lang='lat' dir='ltr'><strong>magnum</strong></span> <span class='ocrx_word' id='word_1_488' title='bbox 1391 3216 1629 3279; x_wconf 88' lang='lat' dir='ltr'><strong>Petrum,</strong></span> <span class='ocrx_word' id='word_1_489' title='bbox 1682 3217 1777 3287; x_wconf 88' lang='lat' dir='ltr'><strong>qui</strong></span> <span class='ocrx_word' id='word_1_490' title='bbox 1807 3232 1933 3272; x_wconf 87' lang='lat' dir='ltr'><strong>eum</strong></span> <span class='ocrx_word' id='word_1_491' title='bbox 1974 3234 2129 3288; x_wconf 89' lang='lat' dir='ltr'><strong>nega-</strong></span> 
     </span>
    </p>
   </div>
   <div class='ocr_carea' id='block_1_63' title="bbox 2265 3214 3830 3289">
    <p class='ocr_par' dir='ltr' id='par_1_63' title="bbox 2265 3214 3830 3289">
     <span class='ocr_line' id='line_1_63' title="bbox 2265 3214 3830 3289; baseline -0.005 -17"><span class='ocrx_word' id='word_1_492' title='bbox 2265 3220 2310 3272; x_wconf 75' lang='grc' dir='ltr'><strong>τὰ</strong></span> <span class='ocrx_word' id='word_1_493' title='bbox 2334 3220 2432 3289; x_wconf 82' lang='grc' dir='ltr'><strong>τῆς</strong></span> <span class='ocrx_word' id='word_1_494' title='bbox 2468 3214 2754 3286; x_wconf 86' lang='grc' dir='ltr'>μετανοίας</span> <span class='ocrx_word' id='word_1_495' title='bbox 2780 3214 3051 3282; x_wconf 85' lang='grc' dir='ltr'>φάρμακα</span> <span class='ocrx_word' id='word_1_496' title='bbox 3088 3215 3409 3285; x_wconf 80' lang='grc' dir='ltr'>προστίθησι</span> <span class='ocrx_word' id='word_1_497' title='bbox 3429 3230 3441 3243; x_wconf 92' lang='grc'><strong>·</strong></span> <span class='ocrx_word' id='word_1_498' title='bbox 3473 3214 3573 3265; x_wconf 69' lang='grc' dir='ltr'>καὶ</span> <span class='ocrx_word' id='word_1_499' title='bbox 3601 3214 3702 3265; x_wconf 74' lang='grc' dir='ltr'>τὸν</span> <span class='ocrx_word' id='word_1_500' title='bbox 3739 3214 3830 3284; x_wconf 54' lang='lat' dir='ltr'><strong>lg.</strong></span> 
     </span>
    </p>
   </div>
   <div class='ocr_carea' id='block_1_64' title="bbox 564 3303 2129 3382">
    <p class='ocr_par' dir='ltr' id='par_1_64' title="bbox 564 3307 2129 3382">
     <span class='ocr_line' id='line_1_64' title="bbox 564 3307 2129 3382; baseline 0.004 -24"><span class='ocrx_word' id='word_1_501' title='bbox 564 3314 670 3370; x_wconf 85' lang='lat' dir='ltr'><strong>rat,</strong></span> <span class='ocrx_word' id='word_1_502' title='bbox 703 3320 1094 3376; x_wconf 88' lang='lat' dir='ltr'><strong>postamarum</strong></span> <span class='ocrx_word' id='word_1_503' title='bbox 1121 3307 1306 3361; x_wconf 85' lang='lat' dir='ltr'><strong>ﬂetum</strong></span> <span class='ocrx_word' id='word_1_504' title='bbox 1348 3308 1552 3377; x_wconf 87' lang='lat' dir='ltr'><strong>recepit</strong></span> <span class='ocrx_word' id='word_1_505' title='bbox 1582 3326 1596 3361; x_wconf 91' lang='lat'><strong>:</strong></span> <span class='ocrx_word' id='word_1_506' title='bbox 1629 3324 1693 3363; x_wconf 90' lang='lat' dir='ltr'><strong>ac</strong></span> <span class='ocrx_word' id='word_1_507' title='bbox 1720 3311 1926 3372; x_wconf 87' lang='lat' dir='ltr'><strong>Davidi.</strong></span> <span class='ocrx_word' id='word_1_508' title='bbox 1959 3311 2129 3382; x_wconf 89' lang='lat' dir='ltr'><strong>perin-</strong></span> 
     </span>
    </p>
   </div>
   <div class='ocr_carea' id='block_1_65' title="bbox 2261 3303 3826 3382">
    <p class='ocr_par' dir='ltr' id='par_1_65' title="bbox 2261 3303 3826 3378">
     <span class='ocr_line' id='line_1_65' title="bbox 2261 3303 3826 3378; baseline -0.004 -15"><span class='ocrx_word' id='word_1_509' title='bbox 2261 3311 2374 3377; x_wconf 74' lang='grc' dir='ltr'>ττὴν</span> <span class='ocrx_word' id='word_1_510' title='bbox 2410 3310 2467 3360; x_wconf 80' lang='grc' dir='ltr'>ὲν</span> <span class='ocrx_word' id='word_1_511' title='bbox 2498 3308 2598 3378; x_wconf 80' lang='grc' dir='ltr'>μιᾷ</span> <span class='ocrx_word' id='word_1_512' title='bbox 2646 3304 2837 3375; x_wconf 80' lang='grc' dir='ltr'>καιροῦ</span> <span class='ocrx_word' id='word_1_513' title='bbox 2888 3308 3029 3377; x_wconf 77' lang='grc' dir='ltr'>ῥοπῇ</span> <span class='ocrx_word' id='word_1_514' title='bbox 3083 3307 3177 3360; x_wconf 82' lang='grc' dir='ltr'>τοῦ</span> <span class='ocrx_word' id='word_1_515' title='bbox 3210 3303 3541 3375; x_wconf 84' lang='grc' dir='ltr'>παραδείσου</span> <span class='ocrx_word' id='word_1_516' title='bbox 3589 3304 3826 3374; x_wconf 75' lang='grc' dir='ltr'>ἠξίωσεο</span> 
     </span>
    </p>
   </div>
   <div class='ocr_carea' id='block_1_66' title="bbox 563 3394 2128 3470">
    <p class='ocr_par' dir='ltr' id='par_1_66' title="bbox 563 3396 2128 3470">
     <span class='ocr_line' id='line_1_66' title="bbox 563 3396 2128 3470; baseline 0.004 -19"><span class='ocrx_word' id='word_1_517' title='bbox 563 3396 630 3451; x_wconf 90' lang='lat' dir='ltr'><strong>de</strong></span> <span class='ocrx_word' id='word_1_518' title='bbox 657 3413 719 3452; x_wconf 89' lang='lat' dir='ltr'><strong>ac</strong></span> <span class='ocrx_word' id='word_1_519' title='bbox 755 3398 799 3452; x_wconf 92' lang='lat' dir='ltr'><strong>si</strong></span> <span class='ocrx_word' id='word_1_520' title='bbox 836 3398 973 3454; x_wconf 85' lang='lat' dir='ltr'><strong>nihil</strong></span> <span class='ocrx_word' id='word_1_521' title='bbox 1026 3407 1326 3468; x_wconf 88' lang='lat' dir='ltr'><strong>peccasset,</strong></span> <span class='ocrx_word' id='word_1_522' title='bbox 1380 3400 1679 3470; x_wconf 73' lang='lat' dir='ltr'><strong>prophetiae</strong></span> <span class='ocrx_word' id='word_1_523' title='bbox 1709 3401 1906 3456; x_wconf 89' lang='lat' dir='ltr'><strong>iterum</strong></span> <span class='ocrx_word' id='word_1_524' title='bbox 1937 3404 2128 3457; x_wconf 86' lang='lat' dir='ltr'><strong>donum</strong></span> 
     </span>
    </p>
   </div>
   <div class='ocr_carea' id='block_1_67' title="bbox 2262 3394 3827 3470">
    <p class='ocr_par' dir='ltr' id='par_1_67' title="bbox 2262 3394 3827 3469">
     <span class='ocr_line' id='line_1_67' title="bbox 2262 3394 3827 3469; baseline -0.004 -15"><span class='ocrx_word' id='word_1_525' title='bbox 2262 3400 2336 3454; x_wconf 80' lang='grc' dir='ltr'>ιαὶ</span> <span class='ocrx_word' id='word_1_526' title='bbox 2358 3400 2450 3452; x_wconf 75' lang='grc' dir='ltr'><strong>τὸν</strong></span> <span class='ocrx_word' id='word_1_527' title='bbox 2482 3399 2655 3467; x_wconf 80' lang='grc' dir='ltr'>μέγαν</span> <span class='ocrx_word' id='word_1_528' title='bbox 2683 3397 2887 3468; x_wconf 75' lang='grc' dir='ltr'>Πέτρον</span> <span class='ocrx_word' id='word_1_529' title='bbox 2908 3398 3283 3469; x_wconf 84' lang='grc' dir='ltr'>ἀρνησάμενον</span> <span class='ocrx_word' id='word_1_530' title='bbox 3304 3394 3384 3466; x_wconf 80' lang='grc' dir='ltr'><strong>τῷ</strong></span> <span class='ocrx_word' id='word_1_531' title='bbox 3406 3395 3597 3466; x_wconf 82' lang='grc' dir='ltr'>πικρῷ</span> <span class='ocrx_word' id='word_1_532' title='bbox 3624 3395 3827 3449; x_wconf 79' lang='grc' dir='ltr'>κλαυθ-</span> 
     </span>
    </p>
   </div>
   <div class='ocr_carea' id='block_1_68' title="bbox 564 3484 2129 3565">
    <p class='ocr_par' dir='ltr' id='par_1_68' title="bbox 564 3486 2129 3565">
     <span class='ocr_line' id='line_1_68' title="bbox 564 3486 2129 3565; baseline 0.005 -25"><span class='ocrx_word' id='word_1_533' title='bbox 564 3486 845 3556; x_wconf 87' lang='lat' dir='ltr'><strong>impertiit.</strong></span> <span class='ocrx_word' id='word_1_534' title='bbox 892 3489 1167 3556; x_wconf 86' lang='lat' dir='ltr'><strong>Quorsum</strong></span> <span class='ocrx_word' id='word_1_535' title='bbox 1203 3505 1334 3545; x_wconf 90' lang='lat' dir='ltr'><strong>vero</strong></span> <span class='ocrx_word' id='word_1_536' title='bbox 1391 3492 1581 3547; x_wconf 87' lang='lat' dir='ltr'><strong>attinet</strong></span> <span class='ocrx_word' id='word_1_537' title='bbox 1635 3494 1794 3564; x_wconf 89' lang='lat' dir='ltr'><strong>plura</strong></span> <span class='ocrx_word' id='word_1_538' title='bbox 1853 3508 2129 3565; x_wconf 65' lang='lat' dir='ltr'><strong>suggerere</strong></span> 
     </span>
    </p>
   </div>
   <div class='ocr_carea' id='block_1_69' title="bbox 2262 3484 3827 3565">
    <p class='ocr_par' dir='ltr' id='par_1_69' title="bbox 2262 3484 3827 3561">
     <span class='ocr_line' id='line_1_69' title="bbox 2262 3484 3827 3561; baseline -0.003 -18"><span class='ocrx_word' id='word_1_539' title='bbox 2262 3490 2330 3561; x_wconf 81' lang='grc' dir='ltr'>ιῷ</span> <span class='ocrx_word' id='word_1_540' title='bbox 2386 3490 2701 3561; x_wconf 81' lang='grc' dir='ltr'>προσήκατο</span> <span class='ocrx_word' id='word_1_541' title='bbox 2732 3506 2745 3519; x_wconf 93' lang='grc'><strong>·</strong></span> <span class='ocrx_word' id='word_1_542' title='bbox 2801 3491 2895 3541; x_wconf 75' lang='grc' dir='ltr'><strong>καὶ</strong></span> <span class='ocrx_word' id='word_1_543' title='bbox 2955 3488 3034 3557; x_wconf 88' lang='grc' dir='ltr'>τῷ</span> <span class='ocrx_word' id='word_1_544' title='bbox 3086 3487 3290 3553; x_wconf 80' lang='grc' dir='ltr'>Δαυῖδ,</span> <span class='ocrx_word' id='word_1_545' title='bbox 3336 3486 3414 3549; x_wconf 86' lang='grc' dir='ltr'>ὼς</span> <span class='ocrx_word' id='word_1_546' title='bbox 3473 3486 3603 3555; x_wconf 80' lang='grc' dir='ltr'>μηδ’</span> <span class='ocrx_word' id='word_1_547' title='bbox 3646 3484 3827 3540; x_wconf 67' lang='grc' dir='ltr'>ὁτιοῦν</span> 
     </span>
    </p>
   </div>
   <div class='ocr_carea' id='block_1_70' title="bbox 563 3579 2128 3655">
    <p class='ocr_par' dir='ltr' id='par_1_70' title="bbox 563 3580 2128 3654">
     <span class='ocr_line' id='line_1_70' title="bbox 563 3580 2128 3654; baseline 0.001 -21"><span class='ocrx_word' id='word_1_548' title='bbox 563 3580 831 3650; x_wconf 88' lang='lat' dir='ltr'><strong>exempla,</strong></span> <span class='ocrx_word' id='word_1_549' title='bbox 874 3596 938 3635; x_wconf 89' lang='lat' dir='ltr'><strong>ac</strong></span> <span class='ocrx_word' id='word_1_550' title='bbox 998 3597 1305 3636; x_wconf 88' lang='lat' dir='ltr'><strong>sermonem</strong></span> <span class='ocrx_word' id='word_1_551' title='bbox 1362 3585 1724 3651; x_wconf 80' lang='lat' dir='ltr'><strong>protraheret</strong></span> <span class='ocrx_word' id='word_1_552' title='bbox 1758 3583 2031 3654; x_wconf 89' lang='lat' dir='ltr'><strong>Benignus</strong></span> <span class='ocrx_word' id='word_1_553' title='bbox 2056 3593 2128 3638; x_wconf 80' lang='lat' dir='ltr'><strong>est</strong></span> 
     </span>
    </p>
   </div>
   <div class='ocr_carea' id='block_1_71' title="bbox 2262 3579 3827 3655">
    <p class='ocr_par' dir='ltr' id='par_1_71' title="bbox 2262 3579 3827 3655">
     <span class='ocr_line' id='line_1_71' title="bbox 2262 3579 3827 3655; baseline -0.003 -19"><span class='ocrx_word' id='word_1_554' title='bbox 2262 3584 2645 3655; x_wconf 71' lang='grc' dir='ltr'>ιμαρτήσανντι,</span> <span class='ocrx_word' id='word_1_555' title='bbox 2674 3582 2839 3636; x_wconf 73' lang='grc' dir='ltr'>πάλιν</span> <span class='ocrx_word' id='word_1_556' title='bbox 2864 3581 2927 3633; x_wconf 79' lang='grc' dir='ltr'><strong>τὸ</strong></span> <span class='ocrx_word' id='word_1_557' title='bbox 2958 3584 3056 3651; x_wconf 79' lang='grc' dir='ltr'>τῆς</span> <span class='ocrx_word' id='word_1_558' title='bbox 3087 3581 3423 3650; x_wconf 82' lang='grc' dir='ltr'>προφητείας</span> <span class='ocrx_word' id='word_1_559' title='bbox 3459 3579 3648 3649; x_wconf 70' lang='grc' dir='ltr'>ἐνίησι</span> <span class='ocrx_word' id='word_1_560' title='bbox 3674 3580 3827 3650; x_wconf 79' lang='grc' dir='ltr'>χάρι-</span> 
     </span>
    </p>
   </div>
   <div class='ocr_carea' id='block_1_72' title="bbox 568 3671 2133 3747">
    <p class='ocr_par' dir='ltr' id='par_1_72' title="bbox 568 3671 2133 3745">
     <span class='ocr_line' id='line_1_72' title="bbox 568 3671 2133 3745; baseline 0.003 -21"><span class='ocrx_word' id='word_1_561' title='bbox 568 3671 624 3724; x_wconf 92' lang='lat' dir='ltr'><strong>in</strong></span> <span class='ocrx_word' id='word_1_562' title='bbox 678 3686 774 3726; x_wconf 92' lang='lat' dir='ltr'><strong>eos</strong></span> <span class='ocrx_word' id='word_1_563' title='bbox 838 3672 933 3742; x_wconf 91' lang='lat' dir='ltr'><strong>qui</strong></span> <span class='ocrx_word' id='word_1_564' title='bbox 974 3688 1102 3741; x_wconf 88' lang='lat' dir='ltr'><strong>erga</strong></span> <span class='ocrx_word' id='word_1_565' title='bbox 1161 3687 1459 3729; x_wconf 83' lang='lat' dir='ltr'><strong>conservos</strong></span> <span class='ocrx_word' id='word_1_566' title='bbox 1508 3690 1637 3729; x_wconf 86' lang='lat' dir='ltr'><strong>suos</strong></span> <span class='ocrx_word' id='word_1_567' title='bbox 1674 3674 1891 3745; x_wconf 84' lang='lat' dir='ltr'><strong>benigni</strong></span> <span class='ocrx_word' id='word_1_568' title='bbox 1930 3693 1943 3727; x_wconf 94' lang='lat'>:</span> <span class='ocrx_word' id='word_1_569' title='bbox 1996 3676 2133 3728; x_wconf 89' lang='lat' dir='ltr'><strong>etin</strong></span> 
     </span>
    </p>
   </div>
   <div class='ocr_carea' id='block_1_73' title="bbox 2259 3671 3824 3747">
    <p class='ocr_par' dir='ltr' id='par_1_73' title="bbox 2259 3672 3824 3747">
     <span class='ocr_line' id='line_1_73' title="bbox 2259 3672 3824 3747; baseline -0.003 -18"><span class='ocrx_word' id='word_1_570' title='bbox 2259 3694 2376 3747; x_wconf 72' lang='grc' dir='ltr'>τμα.</span> <span class='ocrx_word' id='word_1_571' title='bbox 2402 3676 2514 3729; x_wconf 71' lang='grc' dir='ltr'>Καὶ</span> <span class='ocrx_word' id='word_1_572' title='bbox 2542 3676 2594 3728; x_wconf 89' lang='grc' dir='ltr'><strong>τί</strong></span> <span class='ocrx_word' id='word_1_573' title='bbox 2624 3675 2706 3727; x_wconf 83' lang='grc' dir='ltr'><strong>δεῖ</strong></span> <span class='ocrx_word' id='word_1_574' title='bbox 2729 3673 2799 3726; x_wconf 84' lang='grc' dir='ltr'>τὰ</span> <span class='ocrx_word' id='word_1_575' title='bbox 2823 3673 2995 3726; x_wconf 83' lang='grc' dir='ltr'>πολλὰ</span> <span class='ocrx_word' id='word_1_576' title='bbox 3022 3672 3441 3743; x_wconf 87' lang='grc' dir='ltr'>παραδείγματα</span> <span class='ocrx_word' id='word_1_577' title='bbox 3471 3672 3824 3739; x_wconf 78' lang='grc' dir='ltr'>ὑποφαίνειν,</span> 
     </span>
    </p>
   </div>
   <div class='ocr_carea' id='block_1_74' title="bbox 562 3764 2127 3841">
    <p class='ocr_par' dir='ltr' id='par_1_74' title="bbox 562 3765 2127 3834">
     <span class='ocr_line' id='line_1_74' title="bbox 562 3765 2127 3834; baseline 0.003 -18"><span class='ocrx_word' id='word_1_578' title='bbox 562 3777 658 3817; x_wconf 90' lang='lat' dir='ltr'><strong>eos</strong></span> <span class='ocrx_word' id='word_1_579' title='bbox 687 3778 908 3819; x_wconf 85' lang='lat' dir='ltr'><strong>severus</strong></span> <span class='ocrx_word' id='word_1_580' title='bbox 957 3765 1051 3834; x_wconf 91' lang='lat' dir='ltr'><strong>qui</strong></span> <span class='ocrx_word' id='word_1_581' title='bbox 1100 3765 1559 3820; x_wconf 84' lang='lat' dir='ltr'><strong>immisericordes</strong></span> <span class='ocrx_word' id='word_1_582' title='bbox 1587 3765 1914 3820; x_wconf 82' lang='lat' dir='ltr'><strong>exstiterint.</strong></span> <span class='ocrx_word' id='word_1_583' title='bbox 1938 3765 2127 3832; x_wconf 81' lang='lat' dir='ltr'><strong>Quam-</strong></span> 
     </span>
    </p>
   </div>
   <div class='ocr_carea' id='block_1_75' title="bbox 2259 3764 3824 3841">
    <p class='ocr_par' dir='ltr' id='par_1_75' title="bbox 2259 3764 3824 3841">
     <span class='ocr_line' id='line_1_75' title="bbox 2259 3764 3824 3841; baseline -0.002 -22"><span class='ocrx_word' id='word_1_584' title='bbox 2259 3770 2337 3823; x_wconf 79' lang='grc' dir='ltr'>ιαὶ</span> <span class='ocrx_word' id='word_1_585' title='bbox 2374 3767 2635 3838; x_wconf 86' lang='grc' dir='ltr'>μηκύνειν</span> <span class='ocrx_word' id='word_1_586' title='bbox 2676 3767 2767 3819; x_wconf 79' lang='grc' dir='ltr'>τὸν</span> <span class='ocrx_word' id='word_1_587' title='bbox 2800 3766 2992 3834; x_wconf 85' lang='grc' dir='ltr'>λόγον;</span> <span class='ocrx_word' id='word_1_588' title='bbox 3029 3766 3123 3819; x_wconf 79' lang='grc' dir='ltr'>καὶ</span> <span class='ocrx_word' id='word_1_589' title='bbox 3146 3764 3380 3841; x_wconf 60' lang='grc' dir='ltr'>χρηστός</span> <span class='ocrx_word' id='word_1_590' title='bbox 3421 3765 3572 3816; x_wconf 75' lang='grc' dir='ltr'>ἔστιν</span> <span class='ocrx_word' id='word_1_591' title='bbox 3618 3765 3681 3815; x_wconf 81' lang='grc' dir='ltr'>ὲν</span> <span class='ocrx_word' id='word_1_592' title='bbox 3719 3767 3824 3825; x_wconf 83' lang='grc' dir='ltr'>τοῖς</span> 
     </span>
    </p>
   </div>
   <div class='ocr_carea' id='block_1_76' title="bbox 561 3855 2126 3931">
    <p class='ocr_par' dir='ltr' id='par_1_76' title="bbox 561 3857 2126 3928">
     <span class='ocr_line' id='line_1_76' title="bbox 561 3857 2126 3928; baseline 0.003 -18"><span class='ocrx_word' id='word_1_593' title='bbox 561 3857 747 3911; x_wconf 88' lang='lat' dir='ltr'><strong>obrem</strong></span> <span class='ocrx_word' id='word_1_594' title='bbox 786 3872 962 3927; x_wconf 68' lang='lat' dir='ltr'><strong>poenas</strong></span> <span class='ocrx_word' id='word_1_595' title='bbox 983 3874 1108 3928; x_wconf 75' lang='lat' dir='ltr'><strong>qua:</strong></span> <span class='ocrx_word' id='word_1_596' title='bbox 1138 3858 1193 3912; x_wconf 85' lang='lat' dir='ltr'><strong>in</strong></span> <span class='ocrx_word' id='word_1_597' title='bbox 1226 3858 1479 3928; x_wconf 67' lang='lat' dir='ltr'><strong>praesenti</strong></span> <span class='ocrx_word' id='word_1_598' title='bbox 1520 3857 1853 3927; x_wconf 88' lang='lat' dir='ltr'><strong>penduntur,</strong></span> <span class='ocrx_word' id='word_1_599' title='bbox 1890 3859 2126 3914; x_wconf 89' lang='lat' dir='ltr'><strong>remedia</strong></span> 
     </span>
    </p>
   </div>
   <div class='ocr_carea' id='block_1_77' title="bbox 2259 3855 3824 3931">
    <p class='ocr_par' dir='ltr' id='par_1_77' title="bbox 2259 3855 3824 3931">
     <span class='ocr_line' id='line_1_77' title="bbox 2259 3855 3824 3931; baseline -0.003 -18"><span class='ocrx_word' id='word_1_600' title='bbox 2259 3860 2378 3931; x_wconf 66' lang='grc' dir='ltr'>πρὸς</span> <span class='ocrx_word' id='word_1_601' title='bbox 2423 3859 2551 3922; x_wconf 79' lang='grc' dir='ltr'>τοὺς</span> <span class='ocrx_word' id='word_1_602' title='bbox 2598 3857 2925 3928; x_wconf 83' lang='grc' dir='ltr'>ὁμοδούλους</span> <span class='ocrx_word' id='word_1_603' title='bbox 2970 3855 3445 3928; x_wconf 85' lang='grc' dir='ltr'>χρηστευομένοις,</span> <span class='ocrx_word' id='word_1_604' title='bbox 3496 3855 3597 3908; x_wconf 77' lang='grc' dir='ltr'>καὶ</span> <span class='ocrx_word' id='word_1_605' title='bbox 3629 3856 3824 3909; x_wconf 78' lang='grc' dir='ltr'>ἀπότο-</span> 
     </span>
    </p>
   </div>
   <div class='ocr_carea' id='block_1_78' title="bbox 564 3942 2129 4021">
    <p class='ocr_par' dir='ltr' id='par_1_78' title="bbox 564 3950 2129 4020">
     <span class='ocr_line' id='line_1_78' title="bbox 564 3950 2129 4020; baseline 0.002 -17"><span class='ocrx_word' id='word_1_606' title='bbox 564 3959 733 4004; x_wconf 84' lang='lat' dir='ltr'><strong>sunt:</strong></span> <span class='ocrx_word' id='word_1_607' title='bbox 764 3967 871 4005; x_wconf 90' lang='lat' dir='ltr'><strong>non</strong></span> <span class='ocrx_word' id='word_1_608' title='bbox 902 3962 959 4005; x_wconf 92' lang='lat' dir='ltr'><strong>ut</strong></span> <span class='ocrx_word' id='word_1_609' title='bbox 1012 3951 1318 4005; x_wconf 88' lang='lat' dir='ltr'><strong>reverentia</strong></span> <span class='ocrx_word' id='word_1_610' title='bbox 1350 3960 1443 4005; x_wconf 86' lang='lat' dir='ltr'><strong>tua</strong></span> <span class='ocrx_word' id='word_1_611' title='bbox 1470 3951 1612 4005; x_wconf 85' lang='lat' dir='ltr'><strong>male</strong></span> <span class='ocrx_word' id='word_1_612' title='bbox 1632 3950 1814 4020; x_wconf 86' lang='lat' dir='ltr'><strong>jocata</strong></span> <span class='ocrx_word' id='word_1_613' title='bbox 1847 3961 1951 4018; x_wconf 86' lang='lat' dir='ltr'><strong>est,</strong></span> <span class='ocrx_word' id='word_1_614' title='bbox 1990 3952 2129 4007; x_wconf 85' lang='lat' dir='ltr'><strong>absit</strong></span> 
     </span>
    </p>
   </div>
   <div class='ocr_carea' id='block_1_79' title="bbox 2256 3942 3821 4021">
    <p class='ocr_par' dir='ltr' id='par_1_79' title="bbox 2256 3942 3821 4021">
     <span class='ocr_line' id='line_1_79' title="bbox 2256 3942 3821 4021; baseline -0.004 -16"><span class='ocrx_word' id='word_1_615' title='bbox 2256 3969 2341 4021; x_wconf 66' lang='grc' dir='ltr'><strong>ιος</strong></span> <span class='ocrx_word' id='word_1_616' title='bbox 2380 3952 2438 4003; x_wconf 81' lang='grc' dir='ltr'>ὲν</span> <span class='ocrx_word' id='word_1_617' title='bbox 2477 3952 2589 4013; x_wconf 88' lang='grc' dir='ltr'>τοῖς</span> <span class='ocrx_word' id='word_1_618' title='bbox 2629 3949 3027 4020; x_wconf 79' lang='grc' dir='ltr'>ἀσυμπαθέσιν.</span> <span class='ocrx_word' id='word_1_619' title='bbox 3055 3942 3132 4001; x_wconf 72' lang='grc' dir='ltr'><strong>Οὔ</strong></span> <span class='ocrx_word' id='word_1_620' title='bbox 3165 3947 3352 4000; x_wconf 81' lang='grc' dir='ltr'>εἵνεκα</span> <span class='ocrx_word' id='word_1_621' title='bbox 3385 3948 3441 3999; x_wconf 86' lang='grc' dir='ltr'>αἱ</span> <span class='ocrx_word' id='word_1_622' title='bbox 3479 3948 3743 4017; x_wconf 85' lang='grc' dir='ltr'>ίατρείαι,</span> <span class='ocrx_word' id='word_1_623' title='bbox 3768 3945 3821 3999; x_wconf 77' lang='grc' dir='ltr'>αι</span> 
     </span>
    </p>
   </div>
   <div class='ocr_carea' id='block_1_80' title="bbox 564 4036 2129 4115">
    <p class='ocr_par' dir='ltr' id='par_1_80' title="bbox 564 4042 2129 4115">
     <span class='ocr_line' id='line_1_80' title="bbox 564 4042 2129 4115; baseline 0.002 -18"><span class='ocrx_word' id='word_1_624' title='bbox 564 4048 710 4097; x_wconf 88' lang='lat' dir='ltr'><strong>enim</strong></span> <span class='ocrx_word' id='word_1_625' title='bbox 772 4044 881 4098; x_wconf 90' lang='lat' dir='ltr'><strong>tale</strong></span> <span class='ocrx_word' id='word_1_626' title='bbox 934 4042 1244 4097; x_wconf 83' lang='lat' dir='ltr'><strong>convicium</strong></span> <span class='ocrx_word' id='word_1_627' title='bbox 1284 4060 1299 4096; x_wconf 90' lang='lat'><strong>:</strong></span> <span class='ocrx_word' id='word_1_628' title='bbox 1336 4058 1513 4113; x_wconf 89' lang='lat' dir='ltr'><strong>neque</strong></span> <span class='ocrx_word' id='word_1_629' title='bbox 1556 4058 1620 4098; x_wconf 88' lang='lat' dir='ltr'><strong>ea</strong></span> <span class='ocrx_word' id='word_1_630' title='bbox 1675 4059 1798 4113; x_wconf 83' lang='lat' dir='ltr'><strong>quae</strong></span> <span class='ocrx_word' id='word_1_631' title='bbox 1852 4054 2129 4115; x_wconf 80' lang='lat' dir='ltr'><strong>geruntur,</strong></span> 
     </span>
    </p>
   </div>
   <div class='ocr_carea' id='block_1_81' title="bbox 2252 4036 3817 4115">
    <p class='ocr_par' dir='ltr' id='par_1_81' title="bbox 2252 4036 3817 4112">
     <span class='ocr_line' id='line_1_81' title="bbox 2252 4036 3817 4112; baseline -0.004 -16"><span class='ocrx_word' id='word_1_632' title='bbox 2252 4042 2511 4112; x_wconf 68' lang='grc' dir='ltr'>ἑπιτιμίσι</span> <span class='ocrx_word' id='word_1_633' title='bbox 2537 4041 2679 4094; x_wconf 82' lang='grc' dir='ltr'>κατὰ</span> <span class='ocrx_word' id='word_1_634' title='bbox 2702 4040 2792 4094; x_wconf 82' lang='grc' dir='ltr'>τὸν</span> <span class='ocrx_word' id='word_1_635' title='bbox 2818 4041 3061 4110; x_wconf 84' lang='grc' dir='ltr'>παρόντα</span> <span class='ocrx_word' id='word_1_636' title='bbox 3089 4038 3275 4109; x_wconf 83' lang='grc' dir='ltr'>χρόνον</span> <span class='ocrx_word' id='word_1_637' title='bbox 3319 4036 3647 4107; x_wconf 81' lang='grc' dir='ltr'>τελούμεναι</span> <span class='ocrx_word' id='word_1_638' title='bbox 3682 4055 3697 4071; x_wconf 77' lang='grc' dir='ltr'><strong>ο</strong></span> <span class='ocrx_word' id='word_1_639' title='bbox 3728 4036 3817 4105; x_wconf 81' lang='grc' dir='ltr'><strong>οὐχ</strong></span> 
     </span>
    </p>
   </div>
   <div class='ocr_carea' id='block_1_82' title="bbox 562 4128 2127 4208">
    <p class='ocr_par' dir='ltr' id='par_1_82' title="bbox 562 4132 2127 4208">
     <span class='ocr_line' id='line_1_82' title="bbox 562 4132 2127 4208; baseline 0.003 -21"><span class='ocrx_word' id='word_1_640' title='bbox 562 4133 947 4187; x_wconf 84' lang='lat' dir='ltr'><strong>scandalorum</strong></span> <span class='ocrx_word' id='word_1_641' title='bbox 980 4133 1164 4197; x_wconf 86' lang='lat' dir='ltr'><strong>initia,</strong></span> <span class='ocrx_word' id='word_1_642' title='bbox 1201 4132 1296 4188; x_wconf 89' lang='lat' dir='ltr'><strong>sed</strong></span> <span class='ocrx_word' id='word_1_643' title='bbox 1338 4148 1480 4188; x_wconf 64' lang='lat' dir='ltr'><strong>verae</strong></span> <span class='ocrx_word' id='word_1_644' title='bbox 1510 4134 1795 4192; x_wconf 90' lang='lat' dir='ltr'><strong>charitatis</strong></span> <span class='ocrx_word' id='word_1_645' title='bbox 1823 4148 2127 4208; x_wconf 76' lang='lat' dir='ltr'><strong>argumenta</strong></span> 
     </span>
    </p>
   </div>
   <div class='ocr_carea' id='block_1_83' title="bbox 2251 4128 3816 4208">
    <p class='ocr_par' dir='ltr' id='par_1_83' title="bbox 2251 4128 3816 4205">
     <span class='ocr_line' id='line_1_83' title="bbox 2251 4128 3816 4205; baseline -0.006 -16"><span class='ocrx_word' id='word_1_646' title='bbox 2251 4135 2314 4199; x_wconf 70' lang='grc' dir='ltr'>ὣς</span> <span class='ocrx_word' id='word_1_647' title='bbox 2342 4136 2375 4205; x_wconf 82' lang='grc' dir='ltr'>ἡ</span> <span class='ocrx_word' id='word_1_648' title='bbox 2400 4134 2649 4205; x_wconf 89' lang='grc' dir='ltr'>τιμιότης</span> <span class='ocrx_word' id='word_1_649' title='bbox 2676 4150 2770 4185; x_wconf 86' lang='grc' dir='ltr'><strong>σου</strong></span> <span class='ocrx_word' id='word_1_650' title='bbox 2792 4129 3218 4202; x_wconf 79' lang='grc' dir='ltr'>κεκωμῴδηκεν,</span> <span class='ocrx_word' id='word_1_651' title='bbox 3241 4129 3422 4197; x_wconf 77' lang='grc' dir='ltr'>ἄπαγε</span> <span class='ocrx_word' id='word_1_652' title='bbox 3444 4129 3549 4197; x_wconf 85' lang='grc' dir='ltr'>τῆς</span> <span class='ocrx_word' id='word_1_653' title='bbox 3580 4128 3816 4197; x_wconf 75' lang='grc' dir='ltr'>βλασφηο</span> 
     </span>
    </p>
   </div>
   <div class='ocr_carea' id='block_1_84' title="bbox 562 4214 2127 4297">
    <p class='ocr_par' dir='ltr' id='par_1_84' title="bbox 562 4222 2127 4283">
     <span class='ocr_line' id='line_1_84' title="bbox 562 4222 2127 4283; baseline 0.004 -6"><span class='ocrx_word' id='word_1_654' title='bbox 562 4232 709 4278; x_wconf 88' lang='lat' dir='ltr'><strong>sunt.</strong></span> <span class='ocrx_word' id='word_1_655' title='bbox 748 4224 839 4278; x_wconf 80' lang='lat' dir='ltr'><strong>Ait</strong></span> <span class='ocrx_word' id='word_1_656' title='bbox 878 4226 1025 4279; x_wconf 91' lang='lat' dir='ltr'><strong>enim</strong></span> <span class='ocrx_word' id='word_1_657' title='bbox 1061 4222 1368 4279; x_wconf 88' lang='lat' dir='ltr'><strong>Dominus:</strong></span> <span class='ocrx_word' id='word_1_658' title='bbox 1412 4224 1595 4281; x_wconf 88' lang='lat' dir='ltr'><strong>Talem</strong></span> <span class='ocrx_word' id='word_1_659' title='bbox 1626 4228 1937 4282; x_wconf 85' lang='lat' dir='ltr'><strong>charitatem</strong></span> <span class='ocrx_word' id='word_1_660' title='bbox 1990 4245 2127 4283; x_wconf 81' lang='lat' dir='ltr'><strong>nemc</strong></span> 
     </span>
    </p>
   </div>
   <div class='ocr_carea' id='block_1_85' title="bbox 2251 4214 3816 4297">
    <p class='ocr_par' dir='ltr' id='par_1_85' title="bbox 2251 4214 3816 4297">
     <span class='ocr_line' id='line_1_85' title="bbox 2251 4214 3816 4297; baseline -0.003 -20"><span class='ocrx_word' id='word_1_661' title='bbox 2251 4225 2391 4297; x_wconf 81' lang='grc' dir='ltr'>μίας,</span> <span class='ocrx_word' id='word_1_662' title='bbox 2426 4224 2546 4277; x_wconf 80' lang='grc' dir='ltr'>οὐδὲ</span> <span class='ocrx_word' id='word_1_663' title='bbox 2581 4223 2891 4277; x_wconf 82' lang='grc' dir='ltr'>σκανδάλων</span> <span class='ocrx_word' id='word_1_664' title='bbox 2934 4220 3198 4292; x_wconf 87' lang='grc' dir='ltr'>παραίτια</span> <span class='ocrx_word' id='word_1_665' title='bbox 3235 4220 3305 4272; x_wconf 84' lang='grc' dir='ltr'>τὰ</span> <span class='ocrx_word' id='word_1_666' title='bbox 3356 4217 3660 4288; x_wconf 82' lang='grc' dir='ltr'>γινόμενα,</span> <span class='ocrx_word' id='word_1_667' title='bbox 3710 4214 3816 4272; x_wconf 77' lang='grc' dir='ltr'>ἀλλ’</span> 
     </span>
    </p>
   </div>
   <div class='ocr_carea' id='block_1_86' title="bbox 560 4309 2125 4391">
    <p class='ocr_par' dir='ltr' id='par_1_86' title="bbox 560 4314 2125 4389">
     <span class='ocr_line' id='line_1_86' title="bbox 560 4314 2125 4389; baseline 0.006 -22"><span class='ocrx_word' id='word_1_668' title='bbox 560 4314 735 4380; x_wconf 85' lang='lat' dir='ltr'><strong>habet,</strong></span> <span class='ocrx_word' id='word_1_669' title='bbox 776 4326 831 4368; x_wconf 82' lang='lat' dir='ltr'><strong>ut</strong></span> <span class='ocrx_word' id='word_1_670' title='bbox 853 4316 1087 4369; x_wconf 89' lang='lat' dir='ltr'><strong>animam</strong></span> <span class='ocrx_word' id='word_1_671' title='bbox 1112 4332 1262 4370; x_wconf 79' lang='lat' dir='ltr'><strong>suam</strong></span> <span class='ocrx_word' id='word_1_672' title='bbox 1284 4328 1443 4386; x_wconf 89' lang='lat' dir='ltr'><strong>ponat</strong></span> <span class='ocrx_word' id='word_1_673' title='bbox 1472 4320 1587 4388; x_wconf 73' lang='lat' dir='ltr'><strong>quis</strong></span> <span class='ocrx_word' id='word_1_674' title='bbox 1616 4337 1709 4389; x_wconf 86' lang='lat' dir='ltr'><strong>pro</strong></span> <span class='ocrx_word' id='word_1_675' title='bbox 1732 4322 1915 4376; x_wconf 75' lang='lat' dir='ltr'><strong>amicis</strong></span> <span class='ocrx_word' id='word_1_676' title='bbox 1936 4322 2045 4376; x_wconf 80' lang='lat' dir='ltr'><strong>suis</strong></span> <span class='ocrx_word' id='word_1_677' title='bbox 2070 4322 2125 4377; x_wconf 78' lang='lat'><strong>&quot;.</strong></span> 
     </span>
    </p>
   </div>
   <div class='ocr_carea' id='block_1_87' title="bbox 2246 4309 3811 4391">
    <p class='ocr_par' dir='ltr' id='par_1_87' title="bbox 2246 4309 3811 4391">
     <span class='ocr_line' id='line_1_87' title="bbox 2246 4309 3811 4391; baseline -0.009 -17"><span class='ocrx_word' id='word_1_678' title='bbox 2246 4319 2501 4391; x_wconf 78' lang='grc' dir='ltr'>ἀληθινῆς</span> <span class='ocrx_word' id='word_1_679' title='bbox 2553 4317 2774 4386; x_wconf 80' lang='grc' dir='ltr'>ἀγάπης</span> <span class='ocrx_word' id='word_1_680' title='bbox 2827 4315 3126 4384; x_wconf 81' lang='grc' dir='ltr'>τεκμήρια.</span> <span class='ocrx_word' id='word_1_681' title='bbox 3180 4313 3317 4382; x_wconf 73' lang='grc' dir='ltr'>Φησὶ</span> <span class='ocrx_word' id='word_1_682' title='bbox 3361 4310 3471 4378; x_wconf 80' lang='grc' dir='ltr'>γὰρ</span> <span class='ocrx_word' id='word_1_683' title='bbox 3521 4309 3552 4360; x_wconf 82' lang='grc' dir='ltr'><strong>ό</strong></span> <span class='ocrx_word' id='word_1_684' title='bbox 3597 4310 3811 4378; x_wconf 77' lang='grc' dir='ltr'>Κύριος,</span> 
     </span>
    </p>
   </div>
   <div class='ocr_carea' id='block_1_88' title="bbox 2248 4400 3813 4477">
    <p class='ocr_par' dir='ltr' id='par_1_88' title="bbox 2248 4400 3813 4477">
     <span class='ocr_line' id='line_1_88' title="bbox 2248 4400 3813 4477; baseline -0.007 -13"><span class='ocrx_word' id='word_1_685' title='bbox 2248 4411 2535 4476; x_wconf 84' lang='grc' dir='ltr'>Τοιαύτην</span> <span class='ocrx_word' id='word_1_686' title='bbox 2562 4406 2806 4477; x_wconf 77' lang='grc' dir='ltr'>ἀγάπην</span> <span class='ocrx_word' id='word_1_687' title='bbox 2833 4404 3031 4466; x_wconf 77' lang='grc' dir='ltr'>οὐδεὶς</span> <span class='ocrx_word' id='word_1_688' title='bbox 3052 4406 3199 4472; x_wconf 77' lang='grc' dir='ltr'>ἔχει,</span> <span class='ocrx_word' id='word_1_689' title='bbox 3228 4403 3327 4454; x_wconf 81' lang='grc' dir='ltr'><strong>ινα</strong></span> <span class='ocrx_word' id='word_1_690' title='bbox 3351 4418 3442 4467; x_wconf 79' lang='grc' dir='ltr'><strong>τις</strong></span> <span class='ocrx_word' id='word_1_691' title='bbox 3467 4400 3588 4468; x_wconf 83' lang='grc' dir='ltr'><strong>τὴν</strong></span> <span class='ocrx_word' id='word_1_692' title='bbox 3612 4401 3813 4471; x_wconf 57' lang='grc' dir='ltr'><strong>ψυχὴν</strong></span> 
     </span>
    </p>
   </div>
   <div class='ocr_carea' id='block_1_89' title="bbox 2238 4490 3322 4562">
    <p class='ocr_par' dir='ltr' id='par_1_89' title="bbox 2238 4490 3322 4562">
     <span class='ocr_line' id='line_1_89' title="bbox 2238 4490 3322 4562; baseline -0.004 -15"><span class='ocrx_word' id='word_1_693' title='bbox 2238 4496 2423 4550; x_wconf 85' lang='grc' dir='ltr'>αὐτοῦ</span> <span class='ocrx_word' id='word_1_694' title='bbox 2446 4493 2519 4562; x_wconf 79' lang='grc' dir='ltr'>θῇ</span> <span class='ocrx_word' id='word_1_695' title='bbox 2551 4493 2703 4561; x_wconf 79' lang='grc' dir='ltr'>ὑπὲρ</span> <span class='ocrx_word' id='word_1_696' title='bbox 2741 4492 2860 4545; x_wconf 82' lang='grc' dir='ltr'><strong>τῶν</strong></span> <span class='ocrx_word' id='word_1_697' title='bbox 2888 4491 3083 4561; x_wconf 72' lang='grc' dir='ltr'>φίλων</span> <span class='ocrx_word' id='word_1_698' title='bbox 3110 4490 3322 4544; x_wconf 85' lang='grc' dir='ltr'>αὐτοῦ.</span> 
     </span>
    </p>
   </div>
   <div class='ocr_carea' id='block_1_90' title="bbox 631 4578 2196 4654">
    <p class='ocr_par' dir='ltr' id='par_1_90' title="bbox 631 4579 2196 4654">
     <span class='ocr_line' id='line_1_90' title="bbox 631 4579 2196 4654; baseline 0.004 -21"><span class='ocrx_word' id='word_1_699' title='bbox 631 4579 872 4635; x_wconf 88' lang='lat' dir='ltr'><strong>Posuere</strong></span> <span class='ocrx_word' id='word_1_700' title='bbox 922 4580 1086 4650; x_wconf 80' lang='lat' dir='ltr'><strong>igitur</strong></span> <span class='ocrx_word' id='word_1_701' title='bbox 1144 4581 1360 4637; x_wconf 89' lang='lat' dir='ltr'><strong>animas</strong></span> <span class='ocrx_word' id='word_1_702' title='bbox 1405 4598 1535 4638; x_wconf 87' lang='lat' dir='ltr'><strong>suas</strong></span> <span class='ocrx_word' id='word_1_703' title='bbox 1564 4584 1761 4639; x_wconf 88' lang='lat' dir='ltr'><strong>medici</strong></span> <span class='ocrx_word' id='word_1_704' title='bbox 1787 4599 1885 4654; x_wconf 92' lang='lat' dir='ltr'><strong>pro</strong></span> <span class='ocrx_word' id='word_1_705' title='bbox 1919 4587 1986 4639; x_wconf 88' lang='lat' dir='ltr'><strong>iis</strong></span> <span class='ocrx_word' id='word_1_706' title='bbox 2042 4586 2135 4654; x_wconf 89' lang='lat' dir='ltr'><strong>qui</strong></span> <span class='ocrx_word' id='word_1_707' title='bbox 2172 4597 2196 4651; x_wconf 86' lang='lat'>[</span> 
     </span>
    </p>
   </div>
   <div class='ocr_carea' id='block_1_91' title="bbox 2245 4578 3810 4654">
    <p class='ocr_par' dir='ltr' id='par_1_91' title="bbox 2314 4578 3810 4653">
     <span class='ocr_line' id='line_1_91' title="bbox 2314 4578 3810 4653; baseline -0.001 -16"><span class='ocrx_word' id='word_1_708' title='bbox 2314 4586 2567 4638; x_wconf 79' lang='grc' dir='ltr'>Τιθέασιν</span> <span class='ocrx_word' id='word_1_709' title='bbox 2590 4579 2685 4638; x_wconf 84' lang='grc' dir='ltr'><strong>οὖν</strong></span> <span class='ocrx_word' id='word_1_710' title='bbox 2715 4584 2811 4646; x_wconf 80' lang='grc' dir='ltr'><strong>τὰς</strong></span> <span class='ocrx_word' id='word_1_711' title='bbox 2840 4579 3018 4653; x_wconf 79' lang='grc' dir='ltr'>ψυχάς</span> <span class='ocrx_word' id='word_1_712' title='bbox 3044 4582 3225 4635; x_wconf 82' lang='grc' dir='ltr'>αὐτῶν</span> <span class='ocrx_word' id='word_1_713' title='bbox 3254 4581 3400 4652; x_wconf 82' lang='grc' dir='ltr'>ὑπὲρ</span> <span class='ocrx_word' id='word_1_714' title='bbox 3424 4581 3539 4635; x_wconf 83' lang='grc' dir='ltr'><strong>τῶν</strong></span> <span class='ocrx_word' id='word_1_715' title='bbox 3570 4578 3810 4652; x_wconf 77' lang='grc' dir='ltr'>ἰατρευο-</span> 
     </span>
    </p>
   </div>
   <div class='ocr_carea' id='block_1_92' title="bbox 559 4673 2124 4746">
    <p class='ocr_par' dir='ltr' id='par_1_92' title="bbox 559 4675 2124 4746">
     <span class='ocr_line' id='line_1_92' title="bbox 559 4675 2124 4746; baseline 0.002 -19"><span class='ocrx_word' id='word_1_716' title='bbox 559 4675 789 4744; x_wconf 87' lang='lat' dir='ltr'><strong>egebant</strong></span> <span class='ocrx_word' id='word_1_717' title='bbox 834 4676 1113 4729; x_wconf 88' lang='lat' dir='ltr'><strong>curatione</strong></span> <span class='ocrx_word' id='word_1_718' title='bbox 1144 4716 1160 4736; x_wconf 85' lang='lat'><strong>,</strong></span> <span class='ocrx_word' id='word_1_719' title='bbox 1204 4676 1357 4746; x_wconf 86' lang='lat' dir='ltr'><strong>juxta</strong></span> <span class='ocrx_word' id='word_1_720' title='bbox 1410 4692 1598 4732; x_wconf 90' lang='lat' dir='ltr'><strong>verum</strong></span> <span class='ocrx_word' id='word_1_721' title='bbox 1656 4693 1959 4734; x_wconf 87' lang='lat' dir='ltr'><strong>sermonem</strong></span> <span class='ocrx_word' id='word_1_722' title='bbox 1996 4694 2124 4734; x_wconf 70' lang='lat' dir='ltr'><strong>rnet</strong></span> 
     </span>
    </p>
   </div>
   <div class='ocr_carea' id='block_1_93' title="bbox 2243 4673 3808 4746">
    <p class='ocr_par' dir='ltr' id='par_1_93' title="bbox 2256 4673 3808 4746">
     <span class='ocr_line' id='line_1_93' title="bbox 2256 4673 3808 4746; baseline -0.001 -17"><span class='ocrx_word' id='word_1_723' title='bbox 2256 4677 2432 4746; x_wconf 82' lang='grc' dir='ltr'>μένων</span> <span class='ocrx_word' id='word_1_724' title='bbox 2464 4678 2511 4728; x_wconf 78' lang='grc' dir='ltr'>οἱ</span> <span class='ocrx_word' id='word_1_725' title='bbox 2566 4674 2884 4745; x_wconf 81' lang='grc' dir='ltr'>άκὲστορες,</span> <span class='ocrx_word' id='word_1_726' title='bbox 2923 4673 3067 4727; x_wconf 81' lang='grc' dir='ltr'>κατὰ</span> <span class='ocrx_word' id='word_1_727' title='bbox 3104 4673 3198 4727; x_wconf 82' lang='grc' dir='ltr'><strong>τὸν</strong></span> <span class='ocrx_word' id='word_1_728' title='bbox 3254 4673 3437 4743; x_wconf 80' lang='grc' dir='ltr'>ἀληθῆ</span> <span class='ocrx_word' id='word_1_729' title='bbox 3482 4674 3646 4742; x_wconf 83' lang='grc' dir='ltr'>λόγον</span> <span class='ocrx_word' id='word_1_730' title='bbox 3670 4693 3683 4705; x_wconf 90' lang='grc'><strong>·</strong></span> <span class='ocrx_word' id='word_1_731' title='bbox 3719 4677 3808 4729; x_wconf 80' lang='grc' dir='ltr'>οὐκ</span> 
     </span>
    </p>
   </div>
   <div class='ocr_carea' id='block_1_94' title="bbox 559 4764 2124 4847">
    <p class='ocr_par' dir='ltr' id='par_1_94' title="bbox 559 4764 2119 4847">
     <span class='ocr_line' id='line_1_94' title="bbox 559 4764 2119 4847; baseline 0.004 -29"><span class='ocrx_word' id='word_1_732' title='bbox 559 4764 757 4847; x_wconf 73' lang='lat' dir='ltr'><strong>divina:</strong></span> <span class='ocrx_word' id='word_1_733' title='bbox 783 4765 1207 4834; x_wconf 87' lang='lat' dir='ltr'><strong>dispensationis</strong></span> <span class='ocrx_word' id='word_1_734' title='bbox 1237 4778 1600 4823; x_wconf 86' lang='lat' dir='ltr'><strong>mercaturam</strong></span> <span class='ocrx_word' id='word_1_735' title='bbox 1655 4769 1903 4824; x_wconf 80' lang='lat' dir='ltr'><strong>fecerunt</strong></span> <span class='ocrx_word' id='word_1_736' title='bbox 1934 4769 2119 4825; x_wconf 87' lang='lat' dir='ltr'><strong>Christ</strong></span> 
     </span>
    </p>
   </div>
   <div class='ocr_carea' id='block_1_95' title="bbox 2237 4764 3802 4847">
    <p class='ocr_par' dir='ltr' id='par_1_95' title="bbox 2243 4765 3802 4839">
     <span class='ocr_line' id='line_1_95' title="bbox 2243 4765 3802 4839; baseline 0.001 -19"><span class='ocrx_word' id='word_1_737' title='bbox 2243 4768 2671 4839; x_wconf 76' lang='grc' dir='ltr'>ἐμπορευόμενοι</span> <span class='ocrx_word' id='word_1_738' title='bbox 2708 4768 2808 4837; x_wconf 80' lang='grc' dir='ltr'>τὴν</span> <span class='ocrx_word' id='word_1_739' title='bbox 2849 4765 3129 4837; x_wconf 78' lang='grc' dir='ltr'>θεόκριτον</span> <span class='ocrx_word' id='word_1_740' title='bbox 3166 4765 3480 4836; x_wconf 72' lang='grc' dir='ltr'>οἰκονομίαν</span> <span class='ocrx_word' id='word_1_741' title='bbox 3511 4769 3589 4831; x_wconf 86' lang='grc' dir='ltr'>ὡς</span> <span class='ocrx_word' id='word_1_742' title='bbox 3613 4769 3802 4839; x_wconf 79' lang='grc' dir='ltr'>Χριστ-</span> 
     </span>
    </p>
   </div>
   <div class='ocr_carea' id='block_1_96' title="bbox 560 4856 2125 4933">
    <p class='ocr_par' dir='ltr' id='par_1_96' title="bbox 560 4856 2093 4933">
     <span class='ocr_line' id='line_1_96' title="bbox 560 4856 2093 4933; baseline 0.004 -24"><span class='ocrx_word' id='word_1_743' title='bbox 560 4856 942 4925; x_wconf 86' lang='lat' dir='ltr'><strong>negotiatores.</strong></span> <span class='ocrx_word' id='word_1_744' title='bbox 970 4858 1049 4911; x_wconf 84' lang='lat' dir='ltr'><strong>Ac</strong></span> <span class='ocrx_word' id='word_1_745' title='bbox 1081 4858 1313 4928; x_wconf 87' lang='lat' dir='ltr'><strong>populus</strong></span> <span class='ocrx_word' id='word_1_746' title='bbox 1357 4859 1449 4915; x_wconf 84' lang='lat' dir='ltr'><strong>Dei</strong></span> <span class='ocrx_word' id='word_1_747' title='bbox 1488 4861 1729 4931; x_wconf 90' lang='lat' dir='ltr'><strong>quotidie</strong></span> <span class='ocrx_word' id='word_1_748' title='bbox 1773 4871 2093 4933; x_wconf 89' lang='lat' dir='ltr'><strong>repurgatur</strong></span> 
     </span>
    </p>
   </div>
   <div class='ocr_carea' id='block_1_97' title="bbox 2240 4856 3805 4933">
    <p class='ocr_par' dir='ltr' id='par_1_97' title="bbox 2243 4857 3805 4933">
     <span class='ocr_line' id='line_1_97' title="bbox 2243 4857 3805 4933; baseline 0 -21"><span class='ocrx_word' id='word_1_749' title='bbox 2243 4860 2495 4933; x_wconf 83' lang='grc' dir='ltr'>έμποροι.</span> <span class='ocrx_word' id='word_1_750' title='bbox 2530 4861 2641 4914; x_wconf 76' lang='grc' dir='ltr'><strong>Καὶ</strong></span> <span class='ocrx_word' id='word_1_751' title='bbox 2686 4861 2714 4912; x_wconf 86' lang='grc' dir='ltr'><strong>ὁ</strong></span> <span class='ocrx_word' id='word_1_752' title='bbox 2741 4859 2869 4922; x_wconf 83' lang='grc' dir='ltr'>λαὸς</span> <span class='ocrx_word' id='word_1_753' title='bbox 2916 4858 3009 4912; x_wconf 83' lang='grc' dir='ltr'>τοῦ</span> <span class='ocrx_word' id='word_1_754' title='bbox 3047 4857 3181 4912; x_wconf 86' lang='grc' dir='ltr'><strong>Θεοῦ</strong></span> <span class='ocrx_word' id='word_1_755' title='bbox 3209 4858 3485 4930; x_wconf 83' lang='grc' dir='ltr'>ὁσημέραι</span> <span class='ocrx_word' id='word_1_756' title='bbox 3515 4861 3805 4914; x_wconf 82' lang='grc' dir='ltr'>ἀνακαθαί-</span> 
     </span>
    </p>
   </div>
   <div class='ocr_carea' id='block_1_98' title="bbox 560 4945 2125 5021">
    <p class='ocr_par' dir='ltr' id='par_1_98' title="bbox 560 4947 2125 5009">
     <span class='ocr_line' id='line_1_98' title="bbox 560 4947 2125 5009; baseline 0.006 -9"><span class='ocrx_word' id='word_1_757' title='bbox 560 4956 613 5001; x_wconf 91' lang='lat' dir='ltr'><strong>et</strong></span> <span class='ocrx_word' id='word_1_758' title='bbox 653 4947 849 5001; x_wconf 88' lang='lat' dir='ltr'><strong>domus</strong></span> <span class='ocrx_word' id='word_1_759' title='bbox 910 4947 1041 5001; x_wconf 89' lang='lat' dir='ltr'><strong>Saul</strong></span> <span class='ocrx_word' id='word_1_760' title='bbox 1081 4949 1405 5006; x_wconf 86' lang='lat' dir='ltr'><strong>decrescens</strong></span> <span class='ocrx_word' id='word_1_761' title='bbox 1464 4953 1752 5007; x_wconf 85' lang='lat' dir='ltr'><strong>imminuta</strong></span> <span class='ocrx_word' id='word_1_762' title='bbox 1777 4964 1859 5008; x_wconf 87' lang='lat' dir='ltr'><strong>cst</strong></span> <span class='ocrx_word' id='word_1_763' title='bbox 1890 4970 1904 5009; x_wconf 86' lang='lat'><strong>:</strong></span> <span class='ocrx_word' id='word_1_764' title='bbox 1939 4954 2125 5009; x_wconf 74' lang='lat' dir='ltr'><strong>domu:</strong></span> 
     </span>
    </p>
   </div>
   <div class='ocr_carea' id='block_1_99' title="bbox 2236 4945 3801 5021">
    <p class='ocr_par' dir='ltr' id='par_1_99' title="bbox 2247 4945 3801 5021">
     <span class='ocr_line' id='line_1_99' title="bbox 2247 4945 3801 5021; baseline 0 -17"><span class='ocrx_word' id='word_1_765' title='bbox 2247 4968 2398 5020; x_wconf 88' lang='grc' dir='ltr'>ρεται</span> <span class='ocrx_word' id='word_1_766' title='bbox 2428 4968 2443 4983; x_wconf 76' lang='grc' dir='ltr'><strong>ο</strong></span> <span class='ocrx_word' id='word_1_767' title='bbox 2484 4951 2577 5004; x_wconf 78' lang='grc' dir='ltr'><strong>καὶ</strong></span> <span class='ocrx_word' id='word_1_768' title='bbox 2602 4950 2632 5003; x_wconf 84' lang='grc' dir='ltr'><strong>ό</strong></span> <span class='ocrx_word' id='word_1_769' title='bbox 2656 4945 2803 5013; x_wconf 76' lang='grc' dir='ltr'>οἶκος</span> <span class='ocrx_word' id='word_1_770' title='bbox 2832 4950 3004 5003; x_wconf 77' lang='grc' dir='ltr'>Σαοὺλ</span> <span class='ocrx_word' id='word_1_771' title='bbox 3032 4950 3276 5003; x_wconf 84' lang='grc' dir='ltr'>ἀσθενῶν</span> <span class='ocrx_word' id='word_1_772' title='bbox 3306 4950 3625 5021; x_wconf 75' lang='grc' dir='ltr'>ἠλάττωται</span> <span class='ocrx_word' id='word_1_773' title='bbox 3648 4968 3662 4983; x_wconf 77' lang='grc'><em>’</em></span> <span class='ocrx_word' id='word_1_774' title='bbox 3693 4955 3720 5006; x_wconf 84' lang='grc' dir='ltr'>ὁ</span> <span class='ocrx_word' id='word_1_775' title='bbox 3755 4952 3801 5004; x_wconf 61' lang='grc' dir='ltr'>δὲ</span> 
     </span>
    </p>
   </div>
   <div class='ocr_carea' id='block_1_100' title="bbox 557 5039 2122 5115">
    <p class='ocr_par' dir='ltr' id='par_1_100' title="bbox 557 5042 2122 5115">
     <span class='ocr_line' id='line_1_100' title="bbox 557 5042 2122 5115; baseline 0.004 -22"><span class='ocrx_word' id='word_1_776' title='bbox 557 5050 738 5096; x_wconf 82' lang='lat' dir='ltr'><strong>autem</strong></span> <span class='ocrx_word' id='word_1_777' title='bbox 773 5042 939 5096; x_wconf 83' lang='lat' dir='ltr'><strong>David</strong></span> <span class='ocrx_word' id='word_1_778' title='bbox 999 5044 1176 5113; x_wconf 86' lang='lat' dir='ltr'><strong>major</strong></span> <span class='ocrx_word' id='word_1_779' title='bbox 1218 5042 1410 5098; x_wconf 78' lang='lat' dir='ltr'><strong>effecta</strong></span> <span class='ocrx_word' id='word_1_780' title='bbox 1449 5052 1503 5099; x_wconf 84' lang='lat' dir='ltr'><strong>et</strong></span> <span class='ocrx_word' id='word_1_781' title='bbox 1541 5046 1887 5113; x_wconf 89' lang='lat' dir='ltr'><strong>amplilicala,</strong></span> <span class='ocrx_word' id='word_1_782' title='bbox 1923 5061 2122 5115; x_wconf 82' lang='lat' dir='ltr'><strong>sempet</strong></span> 
     </span>
    </p>
   </div>
   <div class='ocr_carea' id='block_1_101' title="bbox 2235 5039 3800 5115">
    <p class='ocr_par' dir='ltr' id='par_1_101' title="bbox 2239 5039 3800 5112">
     <span class='ocr_line' id='line_1_101' title="bbox 2239 5039 3800 5112; baseline -0.001 -16"><span class='ocrx_word' id='word_1_783' title='bbox 2239 5039 2386 5105; x_wconf 82' lang='grc' dir='ltr'>οἶκος</span> <span class='ocrx_word' id='word_1_784' title='bbox 2415 5042 2578 5096; x_wconf 80' lang='grc' dir='ltr'>Δαυῒδ</span> <span class='ocrx_word' id='word_1_785' title='bbox 2625 5042 3061 5112; x_wconf 81' lang='grc' dir='ltr'>μεγαλυνόμενος</span> <span class='ocrx_word' id='word_1_786' title='bbox 3115 5041 3428 5111; x_wconf 72' lang='grc' dir='ltr'>ἐπηύξηται</span> <span class='ocrx_word' id='word_1_787' title='bbox 3456 5060 3471 5075; x_wconf 86' lang='grc'><strong>·</strong></span> <span class='ocrx_word' id='word_1_788' title='bbox 3510 5045 3578 5096; x_wconf 84' lang='grc' dir='ltr'>ὲκ</span> <span class='ocrx_word' id='word_1_789' title='bbox 3624 5042 3800 5096; x_wconf 71' lang='grc' dir='ltr'>τούτου</span> 
     </span>
    </p>
   </div>
   <div class='ocr_carea' id='block_1_102' title="bbox 561 5130 2126 5207">
    <p class='ocr_par' dir='ltr' id='par_1_102' title="bbox 561 5132 2126 5207">
     <span class='ocr_line' id='line_1_102' title="bbox 561 5132 2126 5207; baseline 0.003 -20"><span class='ocrx_word' id='word_1_790' title='bbox 561 5132 614 5187; x_wconf 92' lang='lat' dir='ltr'><strong>in</strong></span> <span class='ocrx_word' id='word_1_791' title='bbox 661 5134 859 5188; x_wconf 89' lang='lat' dir='ltr'><strong>melius</strong></span> <span class='ocrx_word' id='word_1_792' title='bbox 901 5134 1212 5202; x_wconf 82' lang='lat' dir='ltr'><strong>proﬁciente</strong></span> <span class='ocrx_word' id='word_1_793' title='bbox 1279 5136 1510 5189; x_wconf 88' lang='lat' dir='ltr'><strong>sanitate</strong></span> <span class='ocrx_word' id='word_1_794' title='bbox 1544 5135 1609 5188; x_wconf 75' lang='lat'><strong>&quot;.</strong></span> <span class='ocrx_word' id='word_1_795' title='bbox 1663 5134 1768 5189; x_wconf 88' lang='lat' dir='ltr'><strong>Sed</strong></span> <span class='ocrx_word' id='word_1_796' title='bbox 1819 5136 1964 5190; x_wconf 90' lang='lat' dir='ltr'><strong>enim</strong></span> <span class='ocrx_word' id='word_1_797' title='bbox 2004 5137 2126 5207; x_wconf 84' lang='lat' dir='ltr'><strong>quid</strong></span> 
     </span>
    </p>
   </div>
   <div class='ocr_carea' id='block_1_103' title="bbox 2234 5130 3799 5207">
    <p class='ocr_par' dir='ltr' id='par_1_103' title="bbox 2240 5130 3799 5206">
     <span class='ocr_line' id='line_1_103' title="bbox 2240 5130 3799 5206; baseline 0 -19"><span class='ocrx_word' id='word_1_798' title='bbox 2240 5138 2321 5199; x_wconf 87' lang='grc' dir='ltr'>εἰς</span> <span class='ocrx_word' id='word_1_799' title='bbox 2363 5133 2522 5188; x_wconf 78' lang='grc' dir='ltr'>τοῦτο</span> <span class='ocrx_word' id='word_1_800' title='bbox 2578 5133 3047 5204; x_wconf 78' lang='grc' dir='ltr'>μεταταττομένου</span> <span class='ocrx_word' id='word_1_801' title='bbox 3096 5134 3191 5186; x_wconf 82' lang='grc' dir='ltr'><strong>τοῦ</strong></span> <span class='ocrx_word' id='word_1_802' title='bbox 3241 5134 3593 5204; x_wconf 82' lang='grc' dir='ltr'>ἀνοσήματος</span> <span class='ocrx_word' id='word_1_803' title='bbox 3652 5130 3799 5206; x_wconf 73' lang='grc' dir='ltr'>[ϐοά.</span> 
     </span>
    </p>
   </div>
   <div class='ocr_carea' id='block_1_104' title="bbox 560 5221 2125 5297">
    <p class='ocr_par' dir='ltr' id='par_1_104' title="bbox 560 5226 2125 5297">
     <span class='ocr_line' id='line_1_104' title="bbox 560 5226 2125 5297; baseline 0.004 -20"><span class='ocrx_word' id='word_1_804' title='bbox 560 5234 739 5292; x_wconf 88' lang='lat' dir='ltr'><strong>optas,</strong></span> <span class='ocrx_word' id='word_1_805' title='bbox 765 5226 849 5279; x_wconf 92' lang='lat' dir='ltr'><strong>vir</strong></span> <span class='ocrx_word' id='word_1_806' title='bbox 898 5227 1131 5295; x_wconf 84' lang='lat' dir='ltr'><strong>egregie,</strong></span> <span class='ocrx_word' id='word_1_807' title='bbox 1161 5226 1246 5279; x_wconf 84' lang='lat' dir='ltr'><strong>his</strong></span> <span class='ocrx_word' id='word_1_808' title='bbox 1304 5226 1648 5294; x_wconf 84' lang='lat' dir='ltr'><strong>temporibus</strong></span> <span class='ocrx_word' id='word_1_809' title='bbox 1708 5229 2125 5297; x_wconf 62' lang='lat' dir='ltr'><strong>prtevalcscente</strong></span> 
     </span>
    </p>
   </div>
   <div class='ocr_carea' id='block_1_105' title="bbox 2232 5221 3797 5297">
    <p class='ocr_par' dir='ltr' id='par_1_105' title="bbox 2238 5221 3797 5297">
     <span class='ocr_line' id='line_1_105' title="bbox 2238 5221 3797 5297; baseline 0 -16"><span class='ocrx_word' id='word_1_810' title='bbox 2238 5225 2372 5296; x_wconf 80' lang='lat' dir='ltr'><strong>Reg.</strong></span> <span class='ocrx_word' id='word_1_811' title='bbox 2396 5223 2850 5297; x_wconf 80' lang='grc' dir='ltr'>ἀνασφήλαντος].</span> <span class='ocrx_word' id='word_1_812' title='bbox 2894 5225 3057 5278; x_wconf 83' lang='grc' dir='ltr'>Ἀλλὰ</span> <span class='ocrx_word' id='word_1_813' title='bbox 3084 5225 3137 5278; x_wconf 88' lang='grc' dir='ltr'><strong>τί</strong></span> <span class='ocrx_word' id='word_1_814' title='bbox 3156 5224 3389 5295; x_wconf 79' lang='grc' dir='ltr'>βούλοιο,</span> <span class='ocrx_word' id='word_1_815' title='bbox 3418 5221 3464 5279; x_wconf 82' lang='grc' dir='ltr'><strong>ὦ</strong></span> <span class='ocrx_word' id='word_1_816' title='bbox 3499 5226 3797 5297; x_wconf 85' lang='grc' dir='ltr'>θαυμάσιε·</span> 
     </span>
    </p>
   </div>
   <div class='ocr_carea' id='block_1_106' title="bbox 560 5314 2125 5388">
    <p class='ocr_par' dir='ltr' id='par_1_106' title="bbox 560 5315 2125 5388">
     <span class='ocr_line' id='line_1_106' title="bbox 560 5315 2125 5388; baseline 0.003 -19"><span class='ocrx_word' id='word_1_817' title='bbox 560 5315 775 5380; x_wconf 71' lang='lat' dir='ltr'><strong>bazresi,</strong></span> <span class='ocrx_word' id='word_1_818' title='bbox 806 5330 873 5371; x_wconf 88' lang='lat' dir='ltr'><strong>ac</strong></span> <span class='ocrx_word' id='word_1_819' title='bbox 899 5316 1083 5369; x_wconf 90' lang='lat' dir='ltr'><strong>divino</strong></span> <span class='ocrx_word' id='word_1_820' title='bbox 1113 5324 1370 5384; x_wconf 81' lang='lat' dir='ltr'><strong>pereunte</strong></span> <span class='ocrx_word' id='word_1_821' title='bbox 1396 5316 1635 5386; x_wconf 85' lang='lat' dir='ltr'><strong>opiﬁcio,</strong></span> <span class='ocrx_word' id='word_1_822' title='bbox 1664 5318 1871 5371; x_wconf 91' lang='lat' dir='ltr'><strong>nullum</strong></span> <span class='ocrx_word' id='word_1_823' title='bbox 1914 5321 2125 5388; x_wconf 90' lang='lat' dir='ltr'><strong>uspiam</strong></span> 
     </span>
    </p>
   </div>
   <div class='ocr_carea' id='block_1_107' title="bbox 2225 5314 3790 5388">
    <p class='ocr_par' dir='ltr' id='par_1_107' title="bbox 2236 5314 3790 5388">
     <span class='ocr_line' id='line_1_107' title="bbox 2236 5314 3790 5388; baseline 0.001 -19"><span class='ocrx_word' id='word_1_824' title='bbox 2236 5318 2294 5369; x_wconf 80' lang='grc' dir='ltr'>ἐν</span> <span class='ocrx_word' id='word_1_825' title='bbox 2321 5314 2596 5379; x_wconf 86' lang='grc' dir='ltr'>τοσούτοις</span> <span class='ocrx_word' id='word_1_826' title='bbox 2654 5317 2866 5386; x_wconf 88' lang='grc' dir='ltr'>χρόνοις</span> <span class='ocrx_word' id='word_1_827' title='bbox 2908 5315 3317 5387; x_wconf 77' lang='grc' dir='ltr'>ἐπικρατούσης</span> <span class='ocrx_word' id='word_1_828' title='bbox 3358 5317 3459 5385; x_wconf 85' lang='grc' dir='ltr'>τῆς</span> <span class='ocrx_word' id='word_1_829' title='bbox 3516 5319 3790 5388; x_wconf 78' lang='grc' dir='ltr'>αἱρέσεως,</span> 
     </span>
    </p>
   </div>
   <div class='ocr_carea' id='block_1_108' title="bbox 559 5407 2124 5479">
    <p class='ocr_par' dir='ltr' id='par_1_108' title="bbox 559 5407 2124 5466">
     <span class='ocr_line' id='line_1_108' title="bbox 559 5407 2124 5466; baseline 0.003 -5"><span class='ocrx_word' id='word_1_830' title='bbox 559 5407 831 5462; x_wconf 88' lang='lat' dir='ltr'><strong>medicum</strong></span> <span class='ocrx_word' id='word_1_831' title='bbox 870 5407 1147 5462; x_wconf 87' lang='lat' dir='ltr'><strong>inveniri?</strong></span> <span class='ocrx_word' id='word_1_832' title='bbox 1197 5409 1403 5463; x_wconf 87' lang='lat' dir='ltr'><strong>nullam</strong></span> <span class='ocrx_word' id='word_1_833' title='bbox 1460 5423 1583 5463; x_wconf 90' lang='lat' dir='ltr'><strong>esse</strong></span> <span class='ocrx_word' id='word_1_834' title='bbox 1612 5410 1860 5463; x_wconf 89' lang='lat' dir='ltr'><strong>medendi</strong></span> <span class='ocrx_word' id='word_1_835' title='bbox 1913 5412 2124 5466; x_wconf 71' lang='lat' dir='ltr'><strong>artem?</strong></span> 
     </span>
    </p>
   </div>
   <div class='ocr_carea' id='block_1_109' title="bbox 2231 5407 3796 5479">
    <p class='ocr_par' dir='ltr' id='par_1_109' title="bbox 2235 5407 3796 5479">
     <span class='ocr_line' id='line_1_109' title="bbox 2235 5407 3796 5479; baseline 0.003 -18"><span class='ocrx_word' id='word_1_836' title='bbox 2235 5408 2329 5461; x_wconf 82' lang='grc' dir='ltr'><strong>καὶ</strong></span> <span class='ocrx_word' id='word_1_837' title='bbox 2364 5408 2656 5477; x_wconf 84' lang='grc' dir='ltr'>ὁλλυμένου</span> <span class='ocrx_word' id='word_1_838' title='bbox 2679 5407 2774 5461; x_wconf 76' lang='grc' dir='ltr'>τοῦ</span> <span class='ocrx_word' id='word_1_839' title='bbox 2806 5408 2951 5461; x_wconf 87' lang='grc' dir='ltr'>θείου</span> <span class='ocrx_word' id='word_1_840' title='bbox 2974 5407 3315 5478; x_wconf 82' lang='grc' dir='ltr'>πλάσματος,</span> <span class='ocrx_word' id='word_1_841' title='bbox 3361 5407 3441 5479; x_wconf 84' lang='grc' dir='ltr'>μὴ</span> <span class='ocrx_word' id='word_1_842' title='bbox 3468 5408 3796 5479; x_wconf 62' lang='grc' dir='ltr'>ὀπανθῆναι</span> 
     </span>
    </p>
   </div>
   <div class='ocr_carea' id='block_1_110' title="bbox 558 5498 2123 5573">
    <p class='ocr_par' dir='ltr' id='par_1_110' title="bbox 558 5499 2123 5571">
     <span class='ocr_line' id='line_1_110' title="bbox 558 5499 2123 5571; baseline 0.001 -18"><span class='ocrx_word' id='word_1_843' title='bbox 558 5514 668 5554; x_wconf 88' lang='lat' dir='ltr'><strong>non</strong></span> <span class='ocrx_word' id='word_1_844' title='bbox 703 5499 1095 5568; x_wconf 65' lang='lat' dir='ltr'><strong>praebericteco</strong></span> <span class='ocrx_word' id='word_1_845' title='bbox 1128 5515 1345 5555; x_wconf 90' lang='lat' dir='ltr'><strong>manum</strong></span> <span class='ocrx_word' id='word_1_846' title='bbox 1375 5500 1399 5554; x_wconf 83' lang='lat'><strong>?</strong></span> <span class='ocrx_word' id='word_1_847' title='bbox 1429 5516 1540 5556; x_wconf 94' lang='lat' dir='ltr'><strong>non</strong></span> <span class='ocrx_word' id='word_1_848' title='bbox 1587 5502 1770 5556; x_wconf 89' lang='lat' dir='ltr'><strong>sanari</strong></span> <span class='ocrx_word' id='word_1_849' title='bbox 1816 5512 2077 5571; x_wconf 80' lang='lat' dir='ltr'><strong>aegrotum</strong></span> <span class='ocrx_word' id='word_1_850' title='bbox 2108 5502 2123 5555; x_wconf 69' lang='grc' dir='ltr'>ἲ</span> 
     </span>
    </p>
   </div>
   <div class='ocr_carea' id='block_1_111' title="bbox 2229 5498 3794 5573">
    <p class='ocr_par' dir='ltr' id='par_1_111' title="bbox 2239 5498 3794 5573">
     <span class='ocr_line' id='line_1_111' title="bbox 2239 5498 3794 5573; baseline -0.001 -17"><span class='ocrx_word' id='word_1_851' title='bbox 2239 5503 2423 5573; x_wconf 85' lang='grc' dir='ltr'>ίατρόν</span> <span class='ocrx_word' id='word_1_852' title='bbox 2478 5502 2532 5556; x_wconf 88' lang='grc' dir='ltr'><strong>τί</strong></span> <span class='ocrx_word' id='word_1_853' title='bbox 2577 5520 2717 5568; x_wconf 87' lang='grc' dir='ltr'>που;</span> <span class='ocrx_word' id='word_1_854' title='bbox 2754 5502 2831 5573; x_wconf 83' lang='grc' dir='ltr'>μὴ</span> <span class='ocrx_word' id='word_1_855' title='bbox 2882 5498 3021 5556; x_wconf 77' lang='grc' dir='ltr'>εἶναι</span> <span class='ocrx_word' id='word_1_856' title='bbox 3063 5501 3474 5570; x_wconf 83' lang='grc' dir='ltr'>θεραπευτικὰς</span> <span class='ocrx_word' id='word_1_857' title='bbox 3511 5503 3794 5572; x_wconf 77' lang='grc' dir='ltr'>μεθόδουςς</span> 
     </span>
    </p>
   </div>
   <div class='ocr_carea' id='block_1_112' title="bbox 560 5592 2125 5670">
    <p class='ocr_par' dir='ltr' id='par_1_112' title="bbox 560 5592 2125 5666">
     <span class='ocr_line' id='line_1_112' title="bbox 560 5592 2125 5666; baseline 0.001 -19"><span class='ocrx_word' id='word_1_858' title='bbox 560 5605 671 5647; x_wconf 87' lang='lat' dir='ltr'><strong>non</strong></span> <span class='ocrx_word' id='word_1_859' title='bbox 717 5592 831 5648; x_wconf 89' lang='lat' dir='ltr'><strong>indi</strong></span> <span class='ocrx_word' id='word_1_860' title='bbox 872 5592 1083 5648; x_wconf 87' lang='lat' dir='ltr'><strong>vulneri</strong></span> <span class='ocrx_word' id='word_1_861' title='bbox 1122 5592 1489 5648; x_wconf 89' lang='lat' dir='ltr'><strong>lineamentun</strong></span> <span class='ocrx_word' id='word_1_862' title='bbox 1522 5592 1546 5646; x_wconf 71' lang='grc' dir='ltr'><em>ἳ</em></span> <span class='ocrx_word' id='word_1_863' title='bbox 1578 5608 1685 5648; x_wconf 87' lang='lat' dir='ltr'><strong>non</strong></span> <span class='ocrx_word' id='word_1_864' title='bbox 1716 5594 1969 5649; x_wconf 84' lang='lat' dir='ltr'><strong>claudum</strong></span> <span class='ocrx_word' id='word_1_865' title='bbox 1991 5595 2125 5666; x_wconf 88' lang='lat' dir='ltr'><strong>erigi</strong></span> 
     </span>
    </p>
   </div>
   <div class='ocr_carea' id='block_1_113' title="bbox 2227 5592 3792 5670">
    <p class='ocr_par' dir='ltr' id='par_1_113' title="bbox 2240 5594 3792 5670">
     <span class='ocr_line' id='line_1_113' title="bbox 2240 5594 3792 5670; baseline -0.001 -19"><span class='ocrx_word' id='word_1_866' title='bbox 2240 5596 2315 5669; x_wconf 81' lang='grc' dir='ltr'><strong>μὴ</strong></span> <span class='ocrx_word' id='word_1_867' title='bbox 2362 5598 2841 5670; x_wconf 83' lang='grc' dir='ltr'>χειραγωγηθῆναι</span> <span class='ocrx_word' id='word_1_868' title='bbox 2893 5594 3305 5666; x_wconf 76' lang='grc' dir='ltr'>τυφλώττοντας</span> <span class='ocrx_word' id='word_1_869' title='bbox 3366 5596 3446 5665; x_wconf 81' lang='grc' dir='ltr'>μὴ</span> <span class='ocrx_word' id='word_1_870' title='bbox 3480 5596 3792 5666; x_wconf 75' lang='grc' dir='ltr'>ὑγιασθῆναι</span> 
     </span>
    </p>
   </div>
   <div class='ocr_carea' id='block_1_114' title="bbox 631 5707 2196 5781">
    <p class='ocr_par' dir='ltr' id='par_1_114' title="bbox 631 5707 2196 5781">
     <span class='ocr_line' id='line_1_114' title="bbox 631 5707 2196 5781; baseline 0.017 -40"><span class='ocrx_word' id='word_1_871' title='bbox 631 5708 876 5781; x_wconf 53' lang='lat' dir='ltr'><strong>“Hebr.</strong></span> <span class='ocrx_word' id='word_1_872' title='bbox 916 5726 977 5781; x_wconf 61' lang='grc' dir='ltr'><strong>γ2</strong></span> <span class='ocrx_word' id='word_1_873' title='bbox 1011 5708 1060 5764; x_wconf 74' lang='lat' dir='ltr'><strong>t.</strong></span> <span class='ocrx_word' id='word_1_874' title='bbox 1172 5711 1219 5743; x_wconf 75' lang='grc'><strong>³⁸</strong></span> <span class='ocrx_word' id='word_1_875' title='bbox 1259 5709 1363 5781; x_wconf 87' lang='lat' dir='ltr'><strong>lsa.</strong></span> <span class='ocrx_word' id='word_1_876' title='bbox 1408 5727 1496 5775; x_wconf 60' lang='grc' dir='ltr'>τι..</span> <span class='ocrx_word' id='word_1_877' title='bbox 1530 5712 1563 5781; x_wconf 57' lang='grc' dir='ltr'><strong><em>Α</em></strong></span> <span class='ocrx_word' id='word_1_878' title='bbox 1602 5726 1668 5781; x_wconf 77' lang='lat' dir='ltr'><strong>ex</strong></span> <span class='ocrx_word' id='word_1_879' title='bbox 1701 5707 1861 5765; x_wconf 81' lang='lat' dir='ltr'><strong>LXX.</strong></span> <span class='ocrx_word' id='word_1_880' title='bbox 1940 5713 2109 5770; x_wconf 78' lang='lat' dir='ltr'><strong>&quot;lsa.</strong></span> <span class='ocrx_word' id='word_1_881' title='bbox 2166 5730 2196 5768; x_wconf 75' lang='grc' dir='ltr'><strong>χ</strong></span> 
     </span>
    </p>
   </div>
   <div class='ocr_carea' id='block_1_115' title="bbox 2225 5707 3790 5781">
    <p class='ocr_par' dir='ltr' id='par_1_115' title="bbox 2225 5710 3790 5781">
     <span class='ocr_line' id='line_1_115' title="bbox 2225 5710 3790 5781; baseline -0.002 -12"><span class='ocrx_word' id='word_1_882' title='bbox 2225 5731 2294 5781; x_wconf 86' lang='lat' dir='ltr'><strong>:x,</strong></span> <span class='ocrx_word' id='word_1_883' title='bbox 2342 5715 2411 5770; x_wconf 76' lang='grc'><strong>15</strong></span> <span class='ocrx_word' id='word_1_884' title='bbox 2449 5731 2513 5773; x_wconf 88' lang='lat' dir='ltr'><strong>ex</strong></span> <span class='ocrx_word' id='word_1_885' title='bbox 2532 5714 2694 5771; x_wconf 77' lang='lat' dir='ltr'><strong>LXX.</strong></span> <span class='ocrx_word' id='word_1_886' title='bbox 2770 5713 2817 5747; x_wconf 75' lang='grc' dir='ltr'><strong>⁸ο</strong></span> <span class='ocrx_word' id='word_1_887' title='bbox 2849 5713 2953 5769; x_wconf 82' lang='lat' dir='ltr'><strong>lsa.</strong></span> <span class='ocrx_word' id='word_1_888' title='bbox 2986 5726 3135 5776; x_wconf 74' lang='grc' dir='ltr'>ινιιι,</span> <span class='ocrx_word' id='word_1_889' title='bbox 3167 5711 3277 5768; x_wconf 77' lang='grc' dir='ltr'>θοι</span> <span class='ocrx_word' id='word_1_890' title='bbox 3312 5710 3481 5769; x_wconf 79' lang='lat' dir='ltr'><strong>LXX.</strong></span> <span class='ocrx_word' id='word_1_891' title='bbox 3562 5714 3607 5745; x_wconf 68' lang='grc' dir='ltr'>δι</span> <span class='ocrx_word' id='word_1_892' title='bbox 3644 5711 3790 5767; x_wconf 67' lang='lat' dir='ltr'><strong>Hebr.</strong></span> 
     </span>
    </p>
   </div>
   <div class='ocr_carea' id='block_1_116' title="bbox 560 5778 1931 5852">
    <p class='ocr_par' dir='ltr' id='par_1_116' title="bbox 560 5778 1931 5852">
     <span class='ocr_line' id='line_1_116' title="bbox 560 5778 1931 5852; baseline -0.001 -16"><span class='ocrx_word' id='word_1_893' title='bbox 560 5797 642 5848; x_wconf 86' lang='lat' dir='ltr'><strong>tu,</strong></span> <span class='ocrx_word' id='word_1_894' title='bbox 682 5780 767 5837; x_wconf 78' lang='lat' dir='ltr'><strong>l3.</strong></span> <span class='ocrx_word' id='word_1_895' title='bbox 880 5782 922 5811; x_wconf 81' lang='lat'>“</span> <span class='ocrx_word' id='word_1_896' title='bbox 951 5778 1108 5837; x_wconf 82' lang='lat' dir='ltr'><strong>Joan.</strong></span> <span class='ocrx_word' id='word_1_897' title='bbox 1142 5796 1232 5849; x_wconf 86' lang='lat' dir='ltr'><strong>xv,</strong></span> <span class='ocrx_word' id='word_1_898' title='bbox 1269 5780 1355 5836; x_wconf 74' lang='lat' dir='ltr'><strong>l3.</strong></span> <span class='ocrx_word' id='word_1_899' title='bbox 1456 5782 1501 5813; x_wconf 74' lang='lat'>”</span> <span class='ocrx_word' id='word_1_900' title='bbox 1527 5780 1569 5834; x_wconf 92' lang='lat' dir='ltr'><strong>ll</strong></span> <span class='ocrx_word' id='word_1_901' title='bbox 1601 5780 1730 5852; x_wconf 72' lang='lat' dir='ltr'><strong>Reg.</strong></span> <span class='ocrx_word' id='word_1_902' title='bbox 1768 5799 1847 5849; x_wconf 90' lang='grc' dir='ltr'>ιιι,</span> <span class='ocrx_word' id='word_1_903' title='bbox 1886 5784 1931 5836; x_wconf 89' lang='lat' dir='ltr'><strong>l.</strong></span> 
     </span>
    </p>
   </div>
  </div>
