3964 6320
150 349 287 414 1509

1332 363 1865 429 EPISTOLARUM
1923 369 2066 430 LIB.
2112 368 2172 426 Ιί
2182 415 2194 427 .

3245 361 3381 429 1510

143 459 593 533 νοσηλεύομενον;
645 465 720 537 μὴ
794 467 1106 539 μοτωθῆναι
1158 474 1704 547 τραυματιζόμενον;

1827 488 1875 535 ut
1938 489 2089 536 recto
2154 480 2290 550 pede
2339 480 2555 536 incedat
2605 480 2768 535 ?non
2820 477 2966 548 quod
3039 474 3381 531 confractum

144 553 221 625 μὴ
261 554 621 626 ὀρθοποδῆσαι
666 557 1007 629 χωλεύοντα;
1067 562 1142 633 μὴ
1195 567 1706 640 καταδεσμευθῆναι

142 647 589 718 ωπριὸόμενον;
632 650 705 720 μὴ
745 651 1148 723 ἐπιστραφῆναι
1198 656 1582 728 πλανώμενον;
1633 664 1707 732 μὴ

140 737 282 791 κατὰ
305 741 411 792 πᾶν
440 740 617 793 ὁτιοῦν
662 741 872 811 νόσημα
913 742 1143 796 καθόσον
1186 741 1296 798 οἷόν
1329 766 1386 800 τε
1432 751 1708 818 ἐπαγωνί-

141 831 333 884 σασθαι
367 831 457 884 τδν
493 832 950 903 προαιρούμενον;
987 836 1246 905 Καίτοιγε
1275 839 1492 910 δρῶμεν
1519 844 1575 894 ἐν
1597 846 1709 908 τοῖς

139 920 248 972 τῶν
276 921 546 991 σωμάτων
578 924 783 992 ἰατροῖς
835 925 1037 997 πολλὴν
1072 928 1172 997 τὴν
1220 931 1562 997 ἐπιμέλειαν,
1614 937 1709 987 καὶ

140 1011 396 1066 πολλὰτὰ
432 1016 652 1083 ὶατήρια
683 1033 696 1045 ·
729 1017 822 1069 καὶ
843 1016 901 1080 ὃς
929 1018 1027 1086 μὲν
1048 1020 1217 1085 τόνδε,
1240 1020 1298 1082 ὃς
1337 1021 1393 1072 δὲ
1436 1023 1584 1076 τόνδε
1617 1027 1710 1078 ὲκο

139 1103 483 1174 κεχείρισται
515 1105 844 1176 θεραπεύειν
864 1123 877 1136 ·
906 1109 1000 1160 καὶ
1030 1109 1150 1162 οὐδὲ
1179 1113 1206 1163 ὁ
1254 1113 1311 1164 ὲν
1339 1112 1495 1179 τάξει
1544 1113 1706 1185 [Cod.

141 1192 275 1260 Reg.
315 1194 536 1268 στάσει]
575 1198 850 1268 ὑπηρέτου
889 1201 1368 1270 κατατεταγμένος
1404 1204 1710 1259 κεκώλυται

141 1290 460 1354 χειραπτεῖν
494 1289 636 1344 κατὰ
664 1289 760 1361 τὴν
782 1289 1009 1344 ἐνοῦσαν
1058 1293 1244 1356 αὐτοῖς
1297 1294 1545 1366 ἰατρικὴν
1587 1298 1709 1349 ἐπι-

144 1375 440 1447 στήμην,ῆ
482 1378 848 1450 προύχουσαν,
883 1381 914 1452 ἢ
961 1383 1338 1454 ὑφισταμένην
1386 1385 1539 1457 [Cod.
1577 1389 1708 1458 lieg.

142 1464 492 1541 ὑφειμένην].
528 1472 638 1522 Καὶ
666 1471 1013 1544 καθεκάστην
1044 1477 1092 1527 οἱ
1126 1476 1555 1544 συγκύπτοντες,
1617 1481 1712 1532 καὶ

141 1556 376 1627 πληρεις
400 1560 456 1610 αί
492 1559 714 1621 τούτους
741 1561 1129 1633 ὑποδεχόμεναι
1168 1566 1342 1618 ἑστίαι
1368 1582 1382 1597 ⁸
1413 1568 1506 1618 καὶ
1536 1568 1712 1630 οὐδεὶς

142 1651 475 1718 κατεγκαλεῖ
524 1653 622 1723 τὴν
666 1654 986 1723 ἐπιμέλειαν
1020 1671 1032 1683 ·
1069 1655 1189 1708 οὐδὲ
1217 1660 1564 1710 καταιτιᾶται
1621 1659 1711 1710 τὸν

143 1744 275 1810 περὶ
304 1741 401 1813 τὴν
432 1743 674 1812 ἰατρείαν
733 1745 1343 1816 σπουδαιολογούμενον.
1404 1747 1564 1801 Ἀλλὰ
1614 1749 1709 1801 καὶ

1810 582 1894 627 est
1925 573 2220 643 colligari?
2255 587 2363 627 non
2397 581 2591 627 contra
2641 570 2937 640 quemlibet
2986 569 3236 623 morbum
3286 582 3385 637 pro

1809 664 1948 719 virili
1973 665 2254 720 decertare
2282 680 2405 720 eum
2435 664 2528 733 qui
2561 662 2743 718 facere
2773 662 2825 715 id
2856 660 3031 731 possit
3057 660 3080 712 ?
3111 658 3176 712 Et
3200 658 3385 726 utique

1809 756 1866 811 in
1900 757 2127 811 medicis
2161 771 2453 826 corporum
2508 755 2802 809 maximam
2857 751 3193 819 diligentiam
3227 749 3386 803 adhi-

1810 853 2022 914 bemus,
2070 864 2134 905 ac
2171 849 2568 904 medicamenta
2623 846 2877 917 plurima.
2907 842 2974 896 Et
3026 843 3114 898 hic
3162 842 3383 912 quidem

1808 941 1993 1006 istum,
2031 941 2196 995 alium
2230 941 2330 996 iste
2356 940 2662 995 curandum
2695 935 2964 1004 suscipit:
2990 948 3165 1000 neque
3195 931 3291 1001 qui
3327 932 3382 985 in

1810 1033 2001 1088 ordine
2047 1033 2427 1087 ministrorum
2483 1041 2738 1086 censetur
2768 1067 2785 1094 ,
2822 1027 3110 1082 admovere
3157 1039 3381 1078 manum

1809 1126 2169 1196 prohibetur,
2226 1124 2378 1193 juxta
2414 1139 2533 1178 eam
2578 1137 2742 1191 quam
2796 1120 2956 1174 callet
2997 1127 3164 1172 artem
3207 1114 3385 1170 medi-

1813 1217 2000 1283 candi,
2054 1217 2170 1272 sive
2214 1216 2586 1278 excellentem,
2625 1213 2741 1267 sive
2791 1211 3127 1265 inferiorem.
3158 1206 3225 1261 Et
3255 1214 3384 1262 sunt

1812 1309 2056 1379 quotidie
2089 1307 2181 1377 qui
2213 1307 2438 1360 vulnera
2473 1303 2797 1374 inspiciant,
2829 1310 2880 1355 et
2916 1302 3089 1370 plenae
3113 1307 3238 1354 sunt
3264 1313 3386 1367 quae

1813 1401 1916 1455 hos
1950 1400 2231 1469 excipiunt
2257 1399 2398 1452 aedes
2446 1415 2459 1450 :
2496 1412 2597 1450 nec
2626 1395 2912 1465 quisquam
2942 1390 3276 1461 diligentiam
3300 1403 3387 1441 re-

1811 1492 2118 1561 prehendit,
2153 1498 2246 1543 aut
2292 1497 2514 1543 accusat
2550 1503 2671 1541 eum
2697 1486 2790 1556 qui
2836 1486 3058 1539 medica:
3087 1486 3189 1538 arti
3211 1482 3390 1553 perdi-

1813 1583 2025 1637 scendae
2067 1583 2159 1634 dat
2200 1596 2446 1650 operam.
2478 1579 2580 1634 Sed
2609 1590 2662 1633 et
2695 1577 2967 1647 principes
3013 1590 3076 1630 ac
3127 1573 3387 1643 praecipui

1810 1677 2162 1740 medicorum,
2193 1684 2245 1729 et
2275 1674 2593 1735 medioeres,
2621 1681 2673 1726 et
2709 1670 2901 1733 inﬁmi,
2951 1669 3167 1738 plenum
3200 1666 3392 1719 huma-

1812 1766 2000 1821 nitatis
2026 1765 2349 1833 obsequium
2395 1762 2670 1818 deferunt.
2707 1760 2866 1826 Quod
2896 1759 2940 1814 si
2967 1758 3040 1811 ita
3063 1771 3121 1811 se
3159 1769 3248 1808 res
3279 1752 3393 1806 illic

144 1833 483 1903 πρώταρχοι,
507 1837 600 1889 καὶ
617 1838 925 1907 ἀρχιητροὶ,
944 1840 1039 1891 καὶ
1059 1839 1235 1907 μέσοι,
1269 1840 1363 1891 καὶ
1381 1840 1704 1900 τελευταῖοι,

1830 1863 1976 1915 iahet
2012 1878 2026 1914 :
2067 1861 2241 1914 multo
2295 1858 2481 1914 verius
2537 1857 2725 1925 utique
2770 1854 2824 1907 in
2874 1851 2941 1905 iis
2979 1864 3101 1920 quae
3149 1847 3387 1901 animam

143 1924 238 1994 τὴν
290 1927 673 1996 φιλάνθρωπον
715 1929 952 1998 δρῶντες
1000 1931 1335 1999 οἰκονομίαν,
1369 1932 1430 1984 Ei
1478 1933 1533 1985 δὲ
1591 1933 1708 1984 ἐκεῖ

142 2035 314 2079 ουτως
341 2035 354 2048 ⁶

140 2110 200 2160 τὸ
232 2109 515 2177 ἀνάλογον,
548 2111 726 2163 πάντα
761 2112 853 2162 καὶ
881 2112 1073 2179 ὁρᾶται
1130 2113 1225 2164 καὶ
1273 2113 1480 2180 ὀφείλει
1527 2115 1709 2182 γίγνε-

144 2203 291 2253 σθαι.
316 2202 430 2254 Καὶ
452 2203 479 2254 ὀ
513 2201 792 2264 κωλύσων,
830 2201 1042 2271 λυμεὼν
1076 2222 1160 2266 τις
1186 2206 1277 2257 καὶ
1313 2206 1488 2270 κοινὸς
1515 2208 1709 2277 ἐχθρὸς

141 2288 234 2341 τοῦ
261 2291 474 2358 γένους,
499 2289 573 2351 ὡς
594 2291 670 2359 τῷ
699 2291 792 2342 ἀπ’
835 2292 1009 2362 ἀρχῆς
1044 2293 1478 2364 ἀνθρωποκτόνῳ
1518 2313 1709 2366 συνερ-

145 2381 252 2447 γῶν
278 2379 682 2449 λογισθήσεται.
713 2382 812 2445 Οὐ,
844 2384 997 2450 φησὶ,
1037 2386 1282 2436 τοιοῦτον
1309 2385 1368 2437 τὸ
1393 2387 1663 2456 ἡμέτερον
1695 2403 1706 2414 ·

141 2472 256 2525 ἀλλ’
281 2474 460 2524 ἐκεῖνο
484 2472 850 2543 πυνθάνομαι,
892 2477 974 2528 ὅτι
1031 2478 1080 2529 εί
1115 2479 1140 2529 ὀ
1174 2477 1380 2547 Κύριος
1409 2477 1508 2547 τὴν
1546 2480 1705 2547 μετάσ

142 2580 292 2615 νοιαν
333 2564 696 2634 παρατροπὴν
721 2561 887 2619 οὖσαν
917 2568 1015 2637 τῆς
1044 2570 1138 2621 τοῦ
1174 2571 1384 2626 δικαίου
1423 2574 1713 2644 ἁκριὸείας

141 2656 228 2707 διὰ
259 2654 322 2706 τὸ
351 2654 555 2722 ἀγαθὸν
572 2657 631 2709 ού
661 2658 966 2729 caedem-xz
995 2660 1316 2731 δωρεῖσθαι,
1341 2665 1472 2736 πρὶν
1529 2668 1712 2718 πᾶσαν

142 2746 502 2818 ὀφειλομένην
538 2752 651 2812 τοῖς
685 2750 775 2802 τοῦ
808 2752 1020 2805 δικαίου
1060 2754 1320 2824 σταθμοῖς
1362 2774 1421 2809 τε
1481 2760 1575 2811 καὶ
1621 2761 1712 2823 Cp-

143 2839 279 2904 γοῖς,
317 2837 387 2890 δι’
427 2839 620 2891 ἑαυτοῦ
653 2843 986 2897 καταθέσθαι
1028 2845 1242 2899 δικαίαν
1270 2850 1546 2920 τιμωρίαν
1575 2869 1590 2884 ·
1631 2855 1714 2915 τίς

144 2929 420 3000 τολμηρὸς
449 2931 543 2984 καὶ
574 2933 950 3003 ὑπερήφανος,
981 2937 1038 3000 ὃς
1065 2937 1348 3010 ἐπιτρέψει
1396 2945 1577 3016 ἐαυτῴ
1619 2963 1714 3016 με·

145 3022 367 3074 τάνοιαν
399 3023 716 3093 καθαρίζειν
744 3027 858 3078 τῶν
890 3029 1286 3099 ἀρνησαμένων
1325 3034 1417 3088 τοῦ
1454 3038 1714 3109 Σωτῆρος

147 3113 304 3182 ήμῶν
329 3115 571 3185 Χριστοῦ
602 3117 670 3168 τὰ
701 3118 840 3188 ὑπὲρ
876 3121 1034 3190 ἡμῶν
1069 3123 1370 3194 παθήματα
1391 3144 1402 3156 ·
1441 3128 1515 3199 μὴ
1579 3132 1716 3200 πρό-

147 3223 304 3274 τερον
323 3207 544 3261 ἆπασαν
570 3207 777 3263 ἔκτισιν
806 3211 1100 3266 ἀποδοῦναι
1129 3217 1195 3285 τῇ
1222 3216 1315 3268 τοῦ
1340 3218 1550 3273 δικαίου
1576 3222 1718 3274 ἀπα-

151 3301 374 3371 ραδάτῳ
396 3304 699 3375 αὐστηρία;

216 3419 320 3471 Φεῦ
367 3419 460 3472 τοῦ
495 3421 770 3491 τολμηροῦ
815 3423 907 3476 καὶ
981 3423 1244 3477 ἀσυνέτου
1297 3427 1719 3498 προϐλήματοςί

152 3509 288 3561 Πότε
317 3505 496 3562 ὦπται
531 3513 556 3562 ὁ
597 3511 832 3580 Χριστὸς
874 3513 971 3581 τὴν
1027 3515 1322 3582 μετάνοιαν
1366 3519 1722 3586 εὐαγγελιζό-

157 3618 347 3670 μενος;
385 3604 516 3655 πότε
545 3603 626 3671 τῷ
671 3607 1029 3676 παραλυτικῷ
1077 3609 1300 3680 εἴρηκε·
1355 3611 1592 3678 Θάρσει,
1625 3613 1721 3664 τέ-

154 3711 321 3756 κνον,
364 3695 664 3761 ἀφέωνταί
691 3710 791 3750 σοι
847 3700 907 3752 αἱ
952 3699 1230 3766 ἁμαρτίαι
1276 3717 1425 3764 σου;
1463 3703 1598 3755 Πότε
1650 3707 1715 3775 τῇ

152 3785 410 3858 δακρύοις
443 3786 712 3860 βρεχούσῃ
740 3790 914 3864 πόρνῃ
943 3792 1067 3854 τοὺς
1097 3791 1274 3854 θείους
1317 3794 1537 3866 πόίαςή
1579 3797 1716 3868 αὑτὴ

155 3880 512 3949 συγχώρησις
535 3878 856 3950 δεδώρηται,
899 3883 1308 3952 ὲπιπλήττουσα
1362 3888 1582 3956 Σίμωνα
1633 3890 1722 3942 τὸν

156 3969 480 4041 ὲστιάτορα;
528 3971 667 4026 Πότε
708 3975 786 4045 τῷ
839 3978 896 4027 ὲν
942 3975 1195 4046 ἀσθενείᾳ
1243 3982 1633 4051 κατακειμένῳ
1654 3985 1730 4037 ἰὲν

155 4066 451 4134 τριάκοντα
487 4069 581 4122 καὶ
629 4069 774 4122 ὀκτὼ
827 4069 1006 4121 ἔτεσιν
1059 4071 1275 4138 εἴρηται
1306 4087 1320 4102 ⁸
1382 4073 1504 4127 Ἰδε
1553 4074 1730 4143 ὑγιὴς

156 4158 429 4226 γέγονας,
454 4162 666 4230 μηκέτι
699 4162 1000 4231 ἁμάρτανε
1027 4179 1040 4192 ⁶
1078 4163 1179 4216 ἵνα
1206 4163 1292 4230 μὴ
1319 4164 1522 4232 χεῖρόν
1546 4167 1603 4219 τί
1630 4184 1729 4219 σοι

157 4249 401 4318 γένηται
436 4269 450 4284 ·
485 4253 561 4316 ὡς
616 4254 675 4318 ἐξ
706 4255 984 4324 ἁμαρτίας
1030 4255 1232 4324 δηλαδὴ
1287 4256 1386 4324 τῆς
1445 4257 1733 4321 ἀσθενείας

159 4341 575 4415 ὲπισκηψάσης;
615 4346 749 4399 ἀλλά
781 4348 918 4401 ἅττα
948 4349 1047 4400 οὐκ
1094 4346 1351 4418 εὔκαιρον
1410 4349 1733 4417 ὑποφαίνειν

159 4434 561 4507 ἀνελιττομένῳ
598 4439 927 4508 θεοσημείας
973 4439 1108 4510 ἔργα
1137 4457 1150 4472 ·
1201 4441 1430 4510 πότερον
1477 4441 1584 4512 πρὸ
1637 4441 1732 4493 τοῦ

542 1946 673 2030 ξπξδγ
715 1940 952 2030 δρξυντῗς
1000 1940 1533 2030 οίξονομίοξνχΕί-δὲ
1591 1940 1708 2030 em?
1808 1960 2068 2023 spectant,
2121 1951 2478 2022 proportione
2528 1949 2642 2003 ﬁeri
2697 1946 2880 2000 omnia
2936 1953 2990 1998 et
3055 1940 3309 1994 videntur
3339 1945 3395 1991 et

401 2018 575 2089 πολλῷ
605 2020 871 2091 δήπουθεν
902 2022 958 2071 ἐν
988 2023 1101 2082 τοῖς
1150 2022 1290 2074 κατά
1323 2023 1523 2092 ψυχὴν,
1564 2024 1709 2077 κατὰ

1827 2060 2032 2100 necesse
2069 2054 2178 2098 est.
2205 2044 2282 2098 Ac
2318 2042 2362 2098 si
2394 2042 2516 2110 quis
2552 2037 2926 2108 prohibuerit,
2972 2031 3198 2088 humani
3233 2042 3393 2099 gene-

1809 2140 1889 2193 ris
1928 2139 2017 2192 ille
2048 2137 2216 2208 pestis
2247 2135 2493 2205 quazdam
2527 2140 2581 2187 et
2639 2129 2950 2185 communis
2983 2125 3157 2180 hostis
3199 2134 3393 2178 censeo

1812 2233 1958 2286 bitur
1990 2271 2005 2297 ,
2058 2243 2316 2300 tanquam
2368 2230 2418 2282 ei
2473 2227 2567 2297 qui
2617 2226 2684 2280 ab
2731 2224 2887 2278 initio
2935 2218 3209 2275 homicida
3261 2214 3390 2276 fuit.

1812 2323 2182 2379 consentiens.
2216 2319 2331 2374 Non
2371 2320 2488 2385 sic,
2533 2318 2733 2386 inquis,
2780 2322 2980 2368 nostra;
3022 2326 3111 2365 res
3146 2308 3390 2371 habent;

1813 2415 1909 2470 sed
1949 2414 2080 2468 illud
2111 2429 2242 2483 rogo
2272 2432 2286 2467 :
2319 2412 2365 2468 si
2405 2409 2671 2464 Dominus
2721 2403 3119 2475 paenitentiam,
3151 2415 3271 2470 quae
3297 2398 3393 2452 de-

1814 2505 1977 2560 fectio
2007 2513 2089 2559 est
2134 2504 2201 2558 ab
2226 2511 2419 2558 exacta
2447 2499 2657 2571 justitia
2688 2507 2742 2551 et
2769 2498 2970 2548 virtute
2991 2535 3005 2557 ,
3037 2488 3391 2561 quantumvis

1814 2595 2252 2654 commendanda
2278 2595 2369 2658 sit,
2393 2633 2406 2658 ,
2440 2607 2550 2647 non
2597 2604 2763 2644 ausus
2793 2596 2876 2642 est
2907 2584 3129 2655 praemio
3167 2581 3393 2644 donare,

1815 2698 2110 2756 antequam
2144 2687 2384 2740 debitam
2420 2682 2630 2738 meritis
2659 2693 2875 2749 ptenam
2911 2689 3128 2730 omnem
3154 2673 3222 2727 ad
3257 2671 3398 2742 juris

1814 2790 1870 2837 et
1915 2778 2334 2849 aequitrutinam
2365 2791 2429 2831 ac
2453 2784 2706 2830 stateram
2733 2787 2827 2840 per
2876 2783 2934 2823 se
2974 2773 3088 2837 ipse
3120 2767 3355 2821 solveret
3381 2779 3395 2817 :

1816 2873 1942 2944 quis
1979 2871 2156 2927 audax
2190 2869 2323 2924 adeo
2346 2883 2410 2922 ac
2449 2864 2774 2921 temerarius
2806 2903 2822 2928 ,
2861 2860 2955 2930 qui
3001 2861 3106 2912 hoc
3134 2856 3239 2912 sibi
3280 2855 3399 2924 ipse

1819 2941 2060 3030 arroget,
2111 2967 2172 3014 ut
2202 2957 2579 3028 paenitentiam
2631 2952 2821 3005 tollere
2869 2947 2999 3001 velit
3035 2959 3260 3009 eorum,
3305 2941 3398 3010 qui

1818 3057 2080 3111 toleratos
2127 3067 2158 3106 a
2200 3050 2418 3105 Christo
2471 3047 2755 3101 Servatore
2807 3050 2997 3095 nostro
3045 3044 3267 3107 propter
3299 3050 3402 3089 nos

1820 3149 2092 3206 cruciatus
2125 3150 2389 3214 negarunt
2411 3158 2428 3208 ;
2449 3139 2552 3194 nisi
2580 3138 2732 3208 prius
2757 3149 2919 3190 omne
2941 3133 3182 3187 debitum
3214 3128 3404 3184 exsol-

1823 3241 2000 3295 verint
2028 3280 2042 3304 ,
2087 3237 2156 3291 ad
2206 3241 2452 3290 exactam
2516 3238 2571 3286 et
2617 3227 2983 3284 inviolabilem
3023 3221 3224 3280 summi
3262 3219 3404 3290 juris

1822 3333 1993 3404 legem
2016 3333 2039 3384 ?

1897 3426 2040 3479 Proh
2089 3421 2267 3477 audax
2325 3429 2380 3473 et
2433 3417 2755 3472 inconsultae
2808 3414 3010 3469 mentis
3050 3410 3340 3482 quaasitum
3387 3410 3401 3462 ι

1825 3525 2182 3594 Quandonam
2207 3520 2359 3571 visus
2381 3524 2464 3570 est
2492 3514 2743 3568 Christus
2789 3512 3163 3582 pmnitentiam
3194 3523 3407 3562 annun-

1831 3619 1972 3672 tians
2000 3609 2396 3678 ‘IQuandonam
2449 3604 2746 3675 paralytico
2795 3603 2930 3656 dixit
2962 3617 2979 3655 :
3021 3600 3274 3668 Conﬁde,
3302 3600 3406 3668 Ιίιίν

1829 3707 2171 3762 remittuntur
2196 3699 2288 3756 tibi
2313 3705 2524 3766 peccata
2546 3706 2636 3748 tua
2653 3695 2698 3726 “
2719 3694 2741 3747 ?
2764 3692 2994 3759 Quando
3013 3693 3060 3746 ei
3094 3707 3213 3761 qua;
3232 3691 3409 3764 lacry‘

1833 3798 1936 3851 mis
1966 3795 2180 3850 divinos
2206 3792 2369 3861 pedes
2401 3788 2620 3858 rigavit,
2656 3787 2846 3841 eadem
2879 3793 3086 3838 asserta
3119 3784 3275 3839 venia
3297 3796 3408 3852 eat,

1832 3906 1956 3947 cum
2005 3885 2429 3959 reprehensione
2481 3881 2720 3937 Simonis
2774 3880 2866 3949 qui
2923 3879 3177 3934 convivio
3229 3880 3408 3949 ipsum

1831 3992 2120 4053 exceperat
2157 3979 2244 4032 “1’
2281 3976 2509 4043 Quando
2544 3976 2592 4032 ei
2625 3975 2718 4045 qui
2743 3981 2861 4027 erat
2895 3972 2950 4026 in
2980 3971 3289 4026 inﬁrmitate
3314 3987 3411 4041 po-

1833 4078 1971 4134 situs
1998 4075 2065 4129 ab
2113 4071 2272 4126 annis
2315 4078 2438 4124 octo
2470 4076 2520 4123 et
2546 4068 2766 4137 triginta
2798 4107 2812 4131 ,
2845 4065 3049 4120 dictum
3101 4073 3184 4119 est
3215 4081 3230 4119 :
3275 4064 3412 4119 Ecce

1833 4183 1995 4221 sanus
2033 4165 2206 4235 factus
2231 4179 2305 4226 es,
2335 4161 2455 4230 jam
2507 4159 2615 4214 noli
2644 4174 2859 4229 peccare
2891 4173 2909 4211 :
2943 4173 3004 4210 ne
3047 4157 3277 4210 deterius
3314 4157 3412 4210 tibi

1836 4260 2036 4329 aliquid
2060 4257 2324 4324 contingat
2355 4253 2400 4286 “
2429 4271 2444 4308 :
2471 4261 2733 4324 tanquam
2757 4263 2873 4304 orta
2902 4250 3150 4305 videlicet
3190 4265 3256 4304 ex
3286 4265 3416 4320 pec-

1834 4360 1958 4405 cato
1989 4347 2307 4420 aagritudine
2340 4345 2363 4400 ?
2400 4344 2607 4400 Caetera
2629 4384 2645 4411 ,
2686 4358 2803 4414 qua:
2837 4342 3278 4411 intempestivum
3341 4344 3415 4401 sit

1839 4455 2129 4513 suggerere
2168 4439 2365 4494 divinas
2394 4438 2610 4492 virtutis
2648 4450 2811 4505 opera
2842 4435 3192 4504 pervolventi,
3230 4445 3411 4489 utrum

161 4524 386 4591 πάθους,
421 4527 452 4596 ἢ
480 4530 620 4598 μετά
654 4532 714 4583 τὸ
749 4532 947 4599 πάθος;
983 4534 1044 4585 Et
1073 4532 1128 4584 δὲ
1169 4534 1334 4585 πᾶσιν
1377 4531 1598 4603 εὔδηλον
1640 4534 1721 4587 κα¹

1843 4543 1967 4588 ante
2026 4532 2334 4603 passionem
2376 4538 2524 4600 gesta
2581 4541 2728 4593 sunt,
2768 4544 2836 4583 an
2879 4534 3003 4596 post
3053 4526 3416 4595 passionem?

159 4616 619 4688 ὁμολογούμενον,
661 4624 741 4675 ὅτι
802 4625 906 4694 πρὸ
953 4624 1046 4678 τοῦ
1109 4624 1336 4688 πάθους,
1397 4625 1586 4697 ὥσπερ
1636 4628 1732 4679 καὶ

161 4709 286 4771 τοὺς
351 4711 608 4781 μαθητὰς
654 4715 1018 4779 ἀπεσταλκὼς
1070 4715 1284 4769 δίδωσιν
1325 4717 1596 4781 ἐξουσίαν,
1629 4715 1735 4772 πᾶ·

163 4816 283 4854 σαν
309 4804 502 4860 νόσον
529 4806 626 4858 καὶ
685 4807 893 4862 πᾶσαν
926 4809 1230 4878 μαλακίαν
1273 4812 1623 4879 θεραπεύειν
1646 4827 1660 4842 ο
1699 4811 1733 4879 ἦ

164 4909 246 4956 τις
271 4893 357 4946 διὰ
379 4895 481 4963 τῆς
507 4895 614 4948 τῶν
639 4900 1090 4969 προσευχομένων
1115 4896 1274 4970 [(ΣΟιΙ.
1332 4902 1461 4970 Heg.
1500 4919 1736 4972 προσερ-

165 4986 439 5058 χομένωνι
503 4990 791 5057 μετανοίας
837 4994 929 5045 καὶ
969 4992 1340 5056 ὑποπτώσεως
1391 4994 1692 5064 ἐδεδώρητο
1720 5010 1733 5024 ·

166 5077 248 5141 τίς
276 5081 306 5148 ἡ
348 5080 599 5150 τολμηρὰ
632 5082 855 5150 γλῶσσα
880 5085 1328 5154 ὲπιφθεγγομένη
1365 5085 1438 5154 μὴ
1468 5085 1740 5157 τεθαρρη-

170 5170 321 5222 κέναι
345 5172 604 5242 Χριστὸν,
630 5175 738 5245 πρὸ
767 5175 861 5228 τοῦ
883 5179 1012 5246 πρὶν
1031 5179 1214 5229 πᾶσαν
1244 5175 1606 5245 ὀφειλομένην
1626 5181 1740 5238 τοῖς

170 5259 263 5313 τοῦ
305 5261 520 5316 δικαίου
555 5267 813 5337 σταθμοῖς
853 5285 912 5319 τε
941 5269 1038 5321 καὶ
1078 5266 1266 5334 ζυγοῖς
1299 5267 1363 5318 δι’
1397 5267 1590 5319 ἑαυτοῦ
1640 5285 1739 5319 κα-

171 5353 434 5408 ταθέσθαι
492 5357 710 5411 δικαίαν
765 5360 1077 5430 τιμωρίαν·
1137 5360 1433 5413 κάντεῦθεν
1481 5361 1741 5428 ἐπιτιμᾷν

177 5449 286 5508 τοῖς
313 5448 413 5518 τῆς
442 5455 742 5520 μετανοίας
791 5453 1214 5522 ἀναδεξαμένοις
1249 5452 1348 5523 τὴν
1385 5453 1698 5522 οἰκονομίαν
1726 5469 1739 5480 ·

175 5537 250 5602 ὡς
276 5541 568 5614 τολμηροῖς
619 5546 709 5597 καὶ
743 5546 1122 5616 ὑπερηφάνοις
1151 5562 1164 5576 ’
1206 5547 1278 5613 μὴ
1312 5545 1579 5617 πρότερον
1605 5543 1748 5598 ᾶπα-

185 5647 281 5686 σαν
310 5634 602 5689 ἀποτίσαοι
636 5637 735 5708 τὴν
768 5638 860 5692 τοῦ
896 5640 1108 5692 δικαίου
1147 5639 1485 5710 αὐστηρίανς
1528 5639 1560 5708 ἢ
1592 5638 1749 5706 δῆλον

261 5811 303 5841 ’λ
335 5811 526 5870 Matth.
567 5830 638 5884 Ix,
681 5815 735 5870 2.
810 5818 854 5849 ⁸⁸
886 5817 1015 5875 Luc.
1048 5833 1144 5884 vn,
1179 5816 1267 5872 Η.
1343 5818 1386 5849 δ’
1415 5816 1574 5873 Joan.
1608 5830 1658 5878 v,
1688 5814 1773 5867 Η.

1839 4616 1994 4692 Quod
2030 4625 2075 4679 si
2110 4622 2456 4677 manifestum
2510 4622 2762 4678 omnibus
2832 4621 3254 4689 confessumque
3310 4627 3414 4684 est,

1844 4729 1969 4774 ante
2009 4717 2314 4787 passionem
2349 4723 2540 4784 gesta:
2581 4715 3038 4783 quemadmodum
3077 4722 3133 4768 et
3170 4712 3418 4781 discipu-

1845 4810 1912 4864 lis
1949 4823 2090 4878 quos
2143 4806 2313 4868 misit,
2356 4805 2503 4859 dedit
2539 4815 2887 4875 potestatem,
2917 4814 2972 4858 ut
3027 4811 3276 4858 curarent
3305 4819 3419 4857 om-

1843 4919 1959 4956 nem
1997 4902 2302 4970 languorem
2332 4907 2380 4951 et
2413 4914 2614 4951 onmem
2648 4898 3010 4966 inﬁrmitatem
3035 4897 3114 4951 δτι
3147 4911 3268 4964 qua:
3296 4911 3420 4963 pro-

1846 5005 1960 5064 pter
1991 4992 2326 5063 precantium
2363 4989 2732 5058 ptenitentiam
2760 5005 2822 5045 ac
2842 4989 3263 5044 submissionem
3291 4988 3414 5042 data

1847 5093 1974 5141 est:
2015 5093 2217 5153 quanta
2258 5083 2484 5136 audacia
2515 5093 2598 5138 est
2647 5083 2844 5152 linguae
2875 5083 3123 5146 dicentis,
3166 5098 3272 5136 non
3317 5097 3421 5135 au~

1848 5194 1970 5233 sum
2020 5192 2142 5232 esse
2195 5175 2495 5241 Christum,
2565 5186 2853 5244 antequam
2917 5175 3154 5229 debitam
3211 5174 3422 5228 meritis

1850 5286 2065 5341 poenam
2098 5285 2314 5326 onmem
2336 5272 2401 5323 ad
2439 5269 2580 5339 juris
2630 5269 2894 5322 trutinam
2945 5276 3000 5321 et
3038 5277 3293 5323 stateram
3328 5282 3424 5336 per

1856 5379 1914 5418 se
1941 5364 2175 5434 quisque
2205 5361 2439 5416 solveret
2473 5376 2489 5416 :
2518 5369 2682 5430 atque
2703 5359 2908 5413 idcirco
2938 5358 3006 5412 iis
3030 5358 3123 5427 qui
3157 5357 3424 5426 paeniten-

1851 5455 1981 5508 tiam
2022 5453 2349 5517 admittunt,
2387 5452 2847 5522 dispenSationem
2899 5451 3228 5521 exprobrare
3252 5490 3267 5514 ,
3301 5457 3425 5502 tan-

1858 5560 2021 5614 quam
2073 5544 2368 5599 audacibus
2417 5559 2482 5597 ac
2538 5543 2818 5613 superbis,
2862 5542 2965 5598 nisi
3019 5555 3236 5597 omnem
3275 5542 3426 5610 prius

1857 5635 1998 5707 juris
2050 5636 2283 5706 rigorem
2321 5637 2692 5706 expleverint?
2722 5633 2915 5691 Nonne
2972 5635 3087 5690 haec
3143 5631 3429 5689 manifeste

1851 5816 1896 5846 ιτ
1922 5814 2112 5870 Matth.
2141 5829 2194 5882 x,
2219 5816 2269 5867 ι.
