3964 6320
561 335 687 402 1511

1740 347 1801 406 S.
1832 345 2229 408 THEODORI
2271 349 2623 414 STUDITE

3696 353 3834 421 1512

551 455 874 514 Pharisalca
918 459 1118 516 mentis
1172 460 1508 533 objurgatio,
1545 476 1610 520 ac
1647 461 1975 521 Novatianm
2007 479 2134 522 cru-

2239 469 2319 522 δτι
2349 471 2686 542 Φαρισαῖκῆς
2718 471 2957 535 διανοίας
2989 474 3022 543 ἠ
3049 472 3367 543 animum,
3396 472 3498 527 καὶ
3540 471 3832 530 Ναυατια-

551 543 786 603 delitatis
811 550 1112 618 prohibitio
1146 562 1233 609 est
1271 552 1296 608 1
1324 553 1452 609 Vide
1477 554 1659 624 igitur,
1687 569 1721 610 ο
1751 555 1852 621 vir,
1878 565 1958 620 ut,
2002 568 2054 611 te
2079 556 2132 611 in

548 639 784 695 sublime
833 642 1090 710 efferens,
1123 646 1176 700 in
1231 647 1592 718 praecipitium
1643 649 1940 713 corrueris,
1979 658 2135 704 extra

549 732 802 803 proprios
871 735 1006 791 lines
1038 747 1094 792 et
1137 740 1409 796 cancellos
1453 755 1741 809 egressus,
1779 757 1876 794 nec
1911 757 2136 797 servans

549 838 676 878 eum
706 837 818 895 quo
855 829 1110 894 praaditus
1134 846 1192 884 es
1235 831 1516 901 dignitatis
1561 832 1829 902 gradum?
1854 830 1972 886 Non
2005 833 2136 903 legi-

551 914 622 971 sti
660 930 876 972 omnem
899 921 1214 993 episcopum
1250 924 1396 979 sedis
1443 925 1635 980 alienae
1670 927 2002 989 invasorem,
2034 943 2136 983 ex-

551 1008 1016 1065 communicatum
1074 1016 1244 1067 esse?
1274 1013 1398 1069 Non
1453 1018 1726 1071 mittebam
1773 1034 1859 1072 eos
1893 1057 1908 1082 ,
1934 1018 2134 1088 inquit,

551 1105 602 1149 et
631 1098 736 1160 ipsi
788 1101 1168 1170 prophetabant
1204 1103 1269 1159 “.
1315 1105 1379 1160 Et
1414 1121 1433 1160 :
1467 1107 1578 1161 Nec
1637 1110 1916 1178 quisquam
1971 1110 2136 1163 sumit

552 1187 656 1240 sibi
699 1188 953 1245 honorem
977 1233 992 1260 ,
1022 1195 1113 1246 sed
1145 1196 1237 1265 qui
1306 1208 1524 1250 vocatur
1556 1215 1588 1251 a
1617 1198 1750 1252 Deo.
1783 1198 1876 1253 Sic
1897 1208 1946 1253 et
1977 1197 2135 1255 Chri-

551 1287 669 1332 stus
702 1296 805 1335 non
834 1285 1172 1354 semetipsum
1207 1289 1521 1357 clari/icavit
1546 1301 1602 1342 ut
1643 1289 1891 1361 Pontifex
1926 1293 2076 1361 ﬁeret
2105 1309 2124 1348 :

552 1373 1024 1440 quemadmodum
1060 1379 1323 1447 scriptum
1363 1391 1478 1446 est,
1539 1381 1630 1434 sed
1667 1384 1758 1452 qui
1811 1383 2017 1437 locutus
2055 1393 2134 1439 est

552 1463 625 1516 ad
654 1479 772 1517 eum
803 1481 824 1520 :
859 1464 936 1520 Tu
970 1485 1021 1523 es
1045 1472 1289 1524 sacerdos
1313 1489 1365 1525 ιιι
1393 1484 1646 1527 ωιενηιιηι
1677 1477 1962 1528 secundum
1985 1477 2134 1529 ordi-

552 1569 670 1610 nem
700 1555 1082 1614 Melchisedech
1117 1561 1184 1616 δ’.
1217 1559 1293 1618 Te
1329 1579 1478 1630 vero,
1514 1564 1698 1627 frater,
1735 1567 1860 1634 quis
1890 1567 2128 1634 vocavit,

552 1658 649 1703 aut
706 1649 833 1720 quis
891 1651 1260 1723 legislatorcm
1323 1657 1606 1711 constituit
1648 1659 1699 1712 in
1739 1659 1977 1715 Ecclesia
2017 1658 2132 1723 Dei,

551 1739 646 1809 qui
671 1757 847 1813 neque
885 1759 1078 1814 parere
1112 1746 1253 1802 forte
1296 1747 1535 1804 didicisti
1570 1750 1594 1804 ?
1623 1750 1697 1805 Ac
1733 1752 1962 1821 proinde
2007 1768 2132 1808 cum

550 1832 701 1887 visus
732 1835 972 1890 nondum
1000 1837 1078 1893 sis
1136 1841 1391 1908 cuiquam
1437 1841 1704 1910 imperare
1743 1862 1756 1896 :
1792 1844 1959 1910 legem
1989 1845 2132 1899 acci-
2169 1824 2211 1881 Β

553 1939 680 1993 pere
710 1935 761 1980 te
785 1928 967 1984 verius
1003 1938 1086 1984 est
1113 1945 1276 2000 quam
1302 1934 1602 2002 imponere,
1631 1951 1794 1989 manu
1827 1936 1938 2006 regi
1969 1952 2133 2005 quam

553 2027 759 2082 regere,
813 2016 994 2072 lucem
1052 2021 1292 2074 mutuari
1343 2036 1508 2091 quam
1562 2023 1881 2093 impertiri,
1921 2025 2134 2082 discere

549 2119 714 2174 quam
744 2106 942 2166 docere
977 2128 991 2165 :
1033 2124 1087 2165 et
1110 2127 1174 2166 ex
1204 2113 1282 2168 rei
1322 2114 1520 2182 prioris
1543 2116 1918 2186 experimento
1955 2119 2022 2173 ad
2057 2119 2136 2173 al-

547 2205 724 2252 teram
776 2201 1006 2270 gradum
1038 2202 1221 2259 facere
1257 2206 1761 2275 :quemadmodum
1819 2208 1922 2262 fert
1951 2208 2134 2266 divina

548 2290 656 2356 lex,
673 2294 888 2363 egregie
911 2295 1112 2353 divinis
1128 2297 1492 2370 humanisque
1512 2301 1800 2356 sententiis
1814 2305 2133 2357 constituta.

618 2384 806 2455 Neque
855 2389 1001 2441 enim
1042 2390 1124 2444 sic
1150 2391 1550 2458 existimemus,
1584 2409 1617 2446 ο
1647 2395 1840 2459 amice,
1874 2396 1920 2450 si
1951 2395 2043 2464 qui
2069 2410 2135 2448 ex

547 2477 755 2530 insulsa
787 2481 1052 2546 sapientia
1091 2483 1270 2537 sciant
1307 2483 1538 2552 aliquid,
1562 2500 1627 2538 ac
1656 2483 1925 2538 nefarium
1961 2487 2136 2539 incul-

546 2578 672 2622 cent
727 2584 1062 2635 sermonem,
1090 2588 1156 2627 ea
1189 2589 1246 2627 re
1277 2574 1456 2645 legum
1501 2575 1703 2630 latores
1739 2577 1874 2630 ellici
1913 2595 1925 2630 :
1956 2579 2134 2646 siqui-

545 2662 669 2716 dem
713 2672 768 2718 et
800 2663 1054 2722 Moabitis
1096 2676 1152 2724 et
1195 2668 1529 2726 Ammonitis
1564 2671 1749 2725 aditus
1790 2671 1857 2725 ad
1888 2672 2134 2726 divinum

545 2753 716 2808 altare
761 2769 868 2809 non
914 2756 1092 2826 patuit
1119 2775 1132 2811 :
1161 2759 1255 2814 sed
1311 2775 1452 2830 quos
1478 2760 1682 2816 Christi
1713 2761 1977 2816 imitatrix
2001 2761 2134 2816 obe-

543 2845 751 2901 dientia
797 2849 1131 2918 probaverit,
1162 2867 1302 2921 quos
1341 2852 1603 2908 diuturna
1635 2855 1898 2924 patientia
1946 2855 2134 2924 explo-

546 2937 770 2997 raverit,
821 2952 962 3008 quos
1017 2941 1332 3010 evangelica
1379 2941 1629 2996 doctrina
1688 2943 1983 3012 perfecerit
2023 2960 2037 2997 :
2086 2944 2132 2999 si

545 3042 674 3081 vero
700 3028 863 3083 etiam
886 3039 1110 3085 externa
1141 3033 1306 3098 adsit,
1330 3047 1438 3086 non
1467 3034 1812 3102 aspernanda
1842 3051 1855 3088 :
1883 3035 1927 3088 si
1949 3045 2130 3089 tamen

546 3121 857 3177 humilitate
895 3134 982 3178 εει
1026 3133 1328 3189 exornata,
1391 3125 1437 3179 si
1482 3126 1810 3197 evangelicae
1869 3126 2132 3182 doctrina:

545 3212 861 3282 subjicitur,
891 3230 991 3269 nec
1023 3217 1264 3287 propriis
1295 3218 1508 3287 placitis
1556 3218 1843 3274 insolescit
1883 3238 1894 3272 :
1929 3222 2131 3290 quibus

545 3307 640 3376 qui
667 3307 995 3377 gloriantur,
1046 3319 1303 3380 tanquam
1332 3311 1641 3366 arundineo
1696 3312 1868 3367 innixi
1913 3313 2130 3381 baculo,

545 3399 744 3454 merito
772 3400 1173 3470 accepta‘plaga
1201 3400 1644 3471 confringuntur.
1672 3401 1896 3467 Verum,
1926 3405 2129 3473 inquis,

549 3494 663 3547 zelo
716 3491 922 3546 zelatus
983 3509 1100 3546 sum
1161 3509 1257 3563 pro
1309 3493 1626 3559 Domino",
1679 3510 1779 3550 nec
1831 3496 2134 3551 tolerabilia

545 3593 678 3639 sunt
725 3599 788 3639 ea
851 3600 973 3654 quae
1030 3585 1306 3640 videntur.
1342 3587 1408 3640 At
1449 3587 1538 3640 ubi
1571 3587 1750 3650 nobis,
1781 3589 1864 3642 vir
1904 3589 2130 3657 Optime,

547 3675 852 3746 prophetia:
883 3676 1088 3730 donum
1115 3675 1138 3728 ?
1169 3678 1260 3731 ubi
1303 3693 1460 3732 mons
1516 3678 1837 3733 Carmelus?
1868 3681 1958 3733 ubi
2007 3681 2132 3734 cwli

547 3767 762 3824 claves?
789 3767 877 3822 ubi
912 3769 1131 3838 pallium
1178 3769 1475 3824 Jordanem
1517 3770 1786 3834 dividens,
1823 3772 1970 3841 quod
2007 3789 2132 3827 cum

547 3861 695 3915 dono
728 3861 955 3930 spiritus
981 3861 1214 3932 duplicis
1242 3860 1435 3917 Elismo
1458 3863 1748 3934 obtigit"?
1783 3865 1951 3921 Nobis
2003 3881 2133 3920 vero

549 3953 654 4008 etsi
680 3957 884 4008 donum
923 3954 1142 4024 aliquod
1177 3955 1442 4021 inest,cui
1477 3956 1874 4027 relinquemus,
1907 3959 2000 4027 qui
2030 3973 2134 4012 nec

550 4045 877 4114 discipulum
931 4046 1235 4101 habemus?
1277 4046 1397 4102 Jam
1460 4048 1644 4118 itaque
1701 4048 2018 4115 videamus,
2069 4065 2134 4105 ne

550 4136 764 4206 majora
794 4137 1004 4194 viribus
1053 4149 1372 4208 appetentes
1395 4178 1412 4204 ,
1457 4155 1485 4195 a
1513 4141 1677 4211 justis
1708 4144 1870 4197 etiam
1901 4157 1964 4196 ac
1999 4142 2132 4212 legi-

551 4230 704 4285 timis
731 4231 1048 4304 excidamus
1087 4249 1101 4286 :
1141 4247 1273 4287 neve
1309 4233 1537 4288 culicem
1569 4233 1903 4300 cxcolantes,
1938 4235 2134 4304 glutia-

551 4337 679 4376 mus
711 4323 979 4377 camclum
996 4291 1043 4354 δ’
1078 4339 1091 4377 :
1126 4332 1220 4378 aut
1267 4323 1534 4379 festucam
1586 4339 1654 4380 ex
1679 4325 1855 4380 oculis
1903 4324 2134 4378 fratrum

553 4413 743 4468 tollere
789 4424 1091 4483 tentantes,
1129 4415 1232 4486 ipsi
1286 4417 1495 4471 trabem
1549 4416 1605 4470 in
1640 4417 1838 4482 oculis,
1874 4427 1933 4470 ut
1976 4416 2136 4485 vulgo

2236 563 2392 632 νικῆς
2431 564 2898 636 ἀπανθρωπίαςή
2950 567 3362 638 ἀπαγόρευσις;
3398 567 3558 638 Ὅρα
3616 568 3687 639 δὴ
3742 567 3832 623 οὖν

2235 653 2444 718 λοιπον,
2477 649 2521 708 ῶ
2554 655 2709 725 ἆνερ,
2745 653 2856 710 οἷον
2889 657 3401 728 ἀπομετεωρισθεὶς
3435 661 3833 731 κατεκρημνί-

2237 748 2392 818 σθης,
2429 751 2536 803 τῶν
2567 751 2787 804 οἰκείων
2807 751 3024 822 μέτρων
3056 752 3279 815 ἐκστὰς,
3313 753 3411 804 καὶ
3445 753 3528 822 μὴ
3564 769 3834 819 συντετη.

2239 841 2423 913 ρηκὼς
2448 839 2627 913 ἐαυτῷ
2657 843 2718 896 τὸ
2748 843 2867 897 ἐνόν
2906 861 2990 897 σοι
3035 844 3282 915 ἀξίωμα;
3323 847 3397 897 Ἦ
3430 847 3542 898 οὐκ
3576 846 3832 914 ἀνέγνως

2234 933 2307 995 ὡς
2349 937 2458 998 πᾶς
2498 935 3051 1006 ἀλλοτριοεπίσκοπος
3100 938 3489 1006 ἐκκήρυκτος;
3541 937 3666 989 Καὶ
3723 939 3831 989 οὐκ

2235 1024 2620 1081 ἀπέστελλον
2637 1025 2876 1093 αὐτοὺς,
2909 1028 3065 1096 φησὶ,
3087 1028 3183 1081 καὶ
3209 1027 3674 1095 προερήτευον.
3702 1028 3827 1088 Καὶ,

2239 1119 2363 1184 Οὐχ
2393 1114 2584 1181 ἐαυτῷ
2616 1132 2707 1182 τις
2737 1102 2851 1184 thr.-
2901 1116 3080 1186 τιμὴν
3105 1116 3427 1186 λαμϐάνει,
3475 1117 3631 1170 ἀλλ’
3665 1121 3700 1170 ό
3735 1135 3832 1170 κα-

2234 1211 2532 1278 λούμενος
2579 1211 2697 1265 ὑπὸ
2730 1209 2834 1264 τοῦ
2879 1210 3048 1265 Θεοῦ.
3105 1209 3304 1274 Οὕτως
3335 1210 3437 1262 καί
3497 1212 3533 1263 ό
3567 1209 3833 1277 Χριστὸς

2234 1301 2346 1368 οὐχ
2383 1294 2601 1354 ἑαυτὸν
2618 1298 2875 1364 ἐδόξασα
2901 1302 3178 1369 γενέσθαι
3202 1299 3493 1369 ἀρχιερέα
3525 1317 3540 1330 ο
3585 1301 3741 1353 κατά
3776 1303 3830 1353 τὸ

2233 1392 2624 1463 γεγραμμένον
2647 1409 2660 1422 ·
2701 1392 2840 1447 ἀλλ’
2870 1395 2903 1447 d
2928 1392 3212 1461 λαλήσας
3259 1393 3413 1459 ,πρὸς
3443 1394 3652 1446 αὐτόν
3679 1409 3695 1421 ο
3750 1392 3831 1444 Σὺ

2235 1484 2428 1552 ἱερεὺς
2460 1479 2518 1537 εἴ
2542 1484 2629 1550 είς
2651 1483 2756 1538 τὸν
2777 1481 2964 1538 αἰῶνα
2985 1483 3134 1537 κατὰ
3163 1482 3278 1550 τὴν
3299 1483 3485 1546 τάξιν
3518 1485 3831 1551 Mallia-

2233 1575 2362 1631 δέχ.
2387 1577 2454 1630 Σὲ
2482 1577 2540 1631 δέ
2572 1577 2657 1640 τίς
2711 1576 3010 1648 κέκληκεν,
3043 1575 3257 1644 ἀδελφέ,
3293 1576 3380 1638 τίς
3413 1575 3474 1626 δὲ
3512 1577 3828 1644 κατέστησε

2234 1669 2531 1740 νομοθέτην
2559 1670 2651 1722 ἐπὶ
2694 1669 2794 1739 τῆς
2858 1668 3187 1738 Ἑκκλησίας
3231 1667 3328 1721 τοῦ
3370 1667 3544 1730 Θεοῦ,
3595 1667 3661 1729 ὃς
3697 1667 3827 1736 μηδὲ

2237 1761 2502 1833 ἄρχεσθαι
2539 1762 2702 1831 τυχὸν
2737 1761 3113 1832 μεμαθηκώς;
3149 1763 3272 1816 Κάκ
3291 1759 3495 1813 τούτου
3521 1759 3602 1831 μὴ
3639 1759 3828 1828 ἄρχειν

2238 1854 2383 1915 τινὸς
2411 1852 2844 1923 τεθεωρημένος,
2877 1853 3112 1920 ὀφείλεις
3142 1849 3570 1922 νομοθετεῖσθαι
3626 1849 3827 1920 μᾶλλον

2237 1944 2272 2016 ἢ
2296 1944 2607 2014 νομοθετεῖν
2647 1962 2660 1976 ο
2697 1945 3158 2014 χειραγωγεῖσθαι
3205 1942 3411 2015 μᾶλλον
3452 1942 3489 2013 ἢ
3547 1960 3830 2012 χειραγω-

2238 2037 2390 2105 γεϊνο
2429 2033 2755 2106 φωτίζεσθαι
2808 2035 2841 2104 ἢ
2895 2035 3149 2105 φωτίζειν
3180 2053 3194 2067 ·
3252 2034 3626 2089 διδάσκεσθαι
3682 2034 3826 2104 ἥδι-

2236 2128 2456 2182 δάσκειν
2493 2145 2506 2158 ο
2537 2131 2647 2182 κάκ
2668 2126 2881 2197 τῆςτοῦ
2915 2129 3183 2197 προτέρου
3227 2127 3430 2198 πείρας
3472 2127 3575 2179 ἐπὶ
3599 2126 3666 2179 τὸ
3710 2111 3826 2178 δεύ-

2235 2238 2394 2292 τερον
2415 2221 2621 2275 ἀνιέναι
2654 2235 2666 2248 ⁶
2701 2221 2892 2290 ὥσπερ
2921 2219 2983 2289 δὴ
3011 2219 3151 2280 θεῖος
3188 2220 3357 2290 νόμος
3409 2220 3514 2272 καὶ
3548 2219 3820 2271 κάλλιστα

2237 2312 2378 2383 ἔχων
2397 2316 2498 2368 κάν
2518 2316 2629 2376 τοῖς
2653 2313 2836 2374 θείοις,
2857 2312 2958 2363 κάν
2985 2312 3094 2372 τοῖς
3123 2309 3493 2379 ἀνθρωπίνοις
3516 2309 3821 2378 ἀξιώμασι.

2309 2403 2400 2473 Μὴ
2433 2402 2542 2472 γὰρ
2579 2401 2839 2472 οἰώμεθα,
2869 2395 2913 2453 ὦ
2946 2398 3087 2468 φίλε,
3117 2398 3176 2450 τὸ
3207 2399 3271 2449 ἐκ
3299 2398 3401 2466 τῆς
3434 2397 3824 2467 μωρανθείπς

2238 2499 2431 2563 σοφίας
2461 2496 2661 2548 εἰδέναι
2691 2511 2745 2546 τι
2775 2490 3131 2561 φθέγγεσθαι,
3168 2489 3261 2542 καὶ
3292 2489 3633 2558 ἐπίτριπτον
3670 2489 3820 2553 λόγον

2237 2587 2661 2649 συνεισσάλλειν,
2689 2585 2848 2637 τοῦτο
2888 2583 3180 2651 καθίστησι
3206 2579 3533 2649 νομοθέτας·
3572 2581 3704 2632 ἐπεὶ
3733 2579 3822 2630 καί

2235 2678 2550 2740 Μωαϐίταις
2578 2679 2672 2730 καὶ
2704 2675 3064 2746 Ἀμμανίταις
3089 2675 3189 2727 οὑκ
3219 2670 3495 2739 είσιτητὸν
3525 2671 3823 2739 θυσιαστή-

2238 2789 2372 2844 ριον·
2407 2771 2520 2824 ἀλλ’
2544 2769 2636 2832 οὒς
2663 2769 2879 2839 ὑπακοὴ
2907 2768 3341 2839 χριστομίμητος
3372 2763 3704 2833 ἐδοκίμασε,
3736 2766 3823 2815 καὶ

2235 2860 2590 2933 πολυχρόνιος
2623 2859 2870 2929 ὑπομονὴ
2899 2858 3269 2928 ἐμαρτύρησε,
3305 2857 3402 2910 καί
3457 2855 3822 2923 εὐαγγελικδς

2235 2957 2391 3025 λόγος
2425 2954 2761 3008 ἐτελείωσεν·
2819 2953 2867 3004 εί
2922 2951 2979 3004 δὲ
3021 2951 3113 3003 καὶ
3162 2949 3493 3021 ἐξωτερικδς
3528 2947 3820 3018 πάρεστιν,

2234 3050 2335 3101 οὐκ
2361 3049 2554 3117 ἄχαρις
2575 3063 2587 3075 ·
2619 3043 2735 3112 εἴγε
2767 3042 2870 3096 ὑπὸ
2901 3042 3399 3112 ταπεινοφροσύνης
3446 3041 3821 3110 κεκόσμηται,

2161 3161 2204 3218 C
2235 3142 2327 3194 καὶ
2351 3140 2454 3192 ὑπὸ
2477 3137 2570 3191 τοῦ
2603 3133 2958 3204 εὐαγγελικοῦ
2986 3133 3392 3203 ἡγεμονεύοιτοο
3427 3133 3571 3188 ἀλλά
3605 3133 3685 3203 μὴ
3714 3135 3824 3194 τοῖς

2237 3233 2458 3296 οἰκείοις
2489 3231 2797 3300 ἀξιώμασιν
2825 3226 3202 3296 ἐναὸρύνεται’
3233 3221 3314 3288 οἷς
3351 3227 3400 3278 οί
3445 3226 3823 3298 ἐναϐρυνόμε-

2233 3341 2334 3384 νοι,
2373 3324 2448 3386 ὡς
2473 3324 2565 3374 ἐπὶ
2593 3319 2873 3390 καλαμίνῃ
2910 3316 3090 3388 ῥάϐδῳ
3121 3315 3554 3385 ἐπερειδόμενοι,
3590 3315 3820 3377 εἰκότως

2233 3413 2663 3484 τιτρωσκόμενοι
2699 3410 3156 3480 καταράσσονται.
3202 3405 3387 3472 Ἀλλὰ,
3429 3407 3590 3474 φησὶ,
3629 3406 3820 3473 ζηλῶν

2233 3502 2500 3567 ἐζήλωκα
2531 3500 2610 3565 τῷ
2649 3498 2862 3567 Κυρίῳ,
2899 3498 2991 3552 καὶ
3039 3497 3138 3549 οὐκ
3176 3497 3380 3550 ἀνεκτά
3424 3499 3496 3548 τὰ
3535 3497 3813 3566 ὁρώμενα.

2234 3594 2345 3646 Καὶ
2391 3590 2492 3644 ποῦ
2532 3592 2665 3660 ἡμῖν
2701 3591 2764 3642 τδ
2788 3592 2888 3659 τῆς
2933 3588 3274 3659 προφητείας
3315 3587 3591 3657 χάρισμα,
3621 3581 3668 3639 ὦ
3700 3587 3819 3656 βέλη

2233 3700 2416 3747 τιστε;
2449 3683 2544 3736 καὶ
2577 3681 2678 3734 ποῦ
2720 3681 2782 3733 τὸ
2821 3681 3140 3752 Καρμήλιον
3171 3680 3328 3747 6ρος;
3361 3680 3456 3732 καὶ
3489 3679 3596 3731 ποῦ
3641 3681 3698 3731 αἱ
3728 3681 3819 3732 οὖ-

2236 3777 2416 3847 ράνιαι
2449 3776 2629 3838 κλεῖς;
2659 3774 2753 3827 καὶ
2782 3773 2884 3826 ποῦ
2923 3775 2957 3843 ἡ
3003 3773 3365 3842 διατέμνουσα
3400 3773 3493 3826 τὸν
3545 3772 3818 3840 Ἰορδάνην

2238 3867 2482 3938 μηλωτὴ,
2513 3869 2570 3920 ἐν
2607 3864 2781 3937 διπλῷ
2806 3865 3104 3936 χαρίσματι
3141 3866 3220 3935 τῷ
3274 3865 3570 3934 Ἐλισσαίῳ
3601 3865 3816 3933 ἐπιφοι-

2233 3961 2479 4030 τήσασα;
2523 3960 2656 4029 ἡμῖν
2702 3957 2759 4008 δὲ
2807 3957 2855 4009 εί
2899 3956 2992 4009 καί
3039 3973 3089 4008 τι
3138 3958 3375 4025 πάρεστι
3405 3956 3684 4026 χάρισμα,
3714 3955 3818 4006 τίνι

2235 4048 2645 4102 καταλειπτὲονο
2682 4047 2817 4119 μηδέ
2839 4045 3098 4117 φοιτητὴν
3123 4047 3338 4116 ἔχουσιν
3365 4065 3380 4113 ;
3405 4047 3572 4099 Ὀθεν
3596 4045 3816 4097 σκοπῶ-

2239 4158 2338 4211 μεν
2366 4141 2464 4211 ἤδη
2512 4143 2705 4212 μήπως
2742 4141 2851 4194 τῶν
2895 4139 3035 4209 ὑπὲρ
3080 4139 3312 4207 δύναμιν
3363 4139 3676 4208 ἐφιέμενοι,
3723 4138 3814 4188 καὶ

2234 4231 2344 4285 τῶν
2378 4233 2613 4303 μετρίων
2649 4232 3048 4302 ἁποτύχοιμεν·
3085 4229 3220 4301 μηδέ
3250 4231 3343 4283 τὸν
3377 4229 3624 4284 κώνωπα
3651 4229 3815 4281 διῦλί-

2237 4324 2440 4387 (οντες,
2467 4323 2567 4392 τὴν
2597 4323 2842 4394 κάμηλον
2871 4323 3278 4391 καταπίνωμενο
3307 4321 3339 4391 ἦ
3376 4324 3474 4374 καὶ
3511 4322 3582 4375 τὰ
3629 4321 3812 4391 κάρφη

2238 4417 2303 4469 ἐκ
2344 4415 2453 4469 τῶν
2480 4416 2776 4487 ὀφθαλμῶν
2801 4415 2912 4468 τῶν
2943 4415 3184 4485 ἀδελφῶν
3213 4415 3454 4486 ἐξαίρειν
3484 4416 3812 4487 δοκιμάζον-

552 4504 778 4573 dicitur,
809 4517 1020 4578 gestare
1043 4509 1326 4564 videamur
1345 4508 1391 4543 ⁸³
1420 4527 1434 4562 :
1469 4519 1754 4579 propterea
1785 4513 1930 4578 quod
1960 4508 2048 4562 hic
2082 4519 2134 4562 et

2239 4522 2348 4572 τες,
2380 4509 2538 4561 αὐτοὶ
2568 4509 2666 4580 τὴν
2699 4508 2854 4561 δοκὸν
2893 4509 2987 4561 ἐπὶ
3018 4509 3125 4561 τῶν
3166 4507 3464 4578 ὀφθαλμῶν
3496 4510 3572 4580 μὴ
3607 4507 3814 4563 δοκοῦν-

555 4596 667 4651 illic
724 4611 1115 4652 conversamur
1167 4608 1224 4653 et
1267 4600 1654 4666 convivamur,
1694 4600 1820 4669 jure
1865 4599 2129 4652 damnati.

560 4705 582 4740 ι
634 4686 704 4742 At
736 4688 843 4749 ille.
899 4689 1092 4760 inquit,
1139 4691 1263 4745 licte
1313 4691 1679 4762 simulateque
1712 4691 2001 4746 confessus
2031 4699 2132 4753 est,

555 4788 716 4847 turpe
757 4778 968 4836 facinus
998 4795 1160 4836 suum
1213 4783 1497 4838 occultans
1551 4801 1566 4838 :
1610 4784 1752 4838 alius
1804 4781 2135 4851 impietatem

557 4872 766 4937 celans,
785 4873 888 4928 alia
916 4888 1015 4944 pro
1044 4875 1166 4930 aliis
1192 4885 1377 4930 narrat
1411 4893 1426 4930 :
1453 4890 1563 4946 quo
1593 4875 1777 4943 itaque
1825 4882 1985 4942 pacto
2025 4889 2139 4926 me-

559 4962 716 5018 dicus
734 4975 1008 5021 asseveret
1037 4967 1341 5022 sanationis
1369 4967 1468 5022 hos
1495 4983 1620 5022 esse
1643 4965 1958 5035 compotes?
2021 4961 2138 5018 Non

561 5051 722 5108 ﬁdem
773 5053 895 5120 hoc,
949 5071 982 5110 ο
1035 5056 1176 5111 bone
1208 5057 1312 5120 vir,
1345 5056 1438 5111 sed
1475 5070 1658 5109 acrem
1699 5051 2140 5122 objurgationem

562 5154 823 5199 meretur.
874 5144 1061 5216 Neque
1115 5147 1262 5201 enim
1317 5147 1609 5218 quisquam
1665 5143 1734 5198 ad
1798 5141 2139 5198 curationem

566 5236 711 5291 ultro
738 5252 797 5292 se
826 5237 1090 5304 conferat,
1116 5239 1210 5309 qui
1247 5255 1353 5292 non
1383 5247 1626 5308 retegere
1661 5236 1938 5306 proprium
1964 5233 2142 5288 scelus

570 5331 772 5400 cupiat.
830 5329 1021 5386 Utrum
1061 5346 1193 5387 vero
1222 5341 1276 5386 et
1311 5331 1527 5386 sincere
1558 5344 1802 5398 semper;
1835 5342 1943 5382 non
1970 5325 2142 5380 nostri

562 5422 754 5492 judicii
807 5432 914 5488 est,
965 5424 1060 5481 sed
1107 5424 1450 5496 inspicientis
1502 5422 1617 5478 Dei.
1647 5423 1736 5476 Ait
1774 5421 1918 5476 enim
1955 5439 1970 5474 :
2011 5417 2144 5484 Quae

566 5514 783 5582 quidem
819 5527 1024 5584 patent,
1059 5515 1169 5571 Deo
1200 5532 1263 5573 ac
1292 5517 1454 5572 nobis
1489 5533 1501 5570 :
1529 5529 1652 5585 quae
1684 5513 1874 5579 latent,
1908 5510 2138 5565 Domino

567 5596 677 5660 Deo
700 5605 870 5661 tuo“.
902 5606 979 5661 Tu
1010 5625 1128 5663 vero
1156 5609 1284 5678 quid
1303 5610 1520 5678 judicas
1551 5609 1772 5679 fratrem
1806 5600 2137 5672 tuum?quid

1351 5728 1396 5760 ⁶⁹
1427 5728 1590 5783 Hebr.
1621 5743 1671 5794 v,
1707 5726 1760 5793 ι,
1827 5727 1879 5780 5.

1141 5800 1186 5830 “
1213 5799 1230 5852 ι
1255 5798 1385 5869 Reg.
1422 5815 1545 5866 svn,
1584 5799 1634 5856 7.

637 5721 682 5796 ξξ
705 5719 905 5796 Jerem.
948 5743 1104 5796 mu,
1153 5729 1243 5782 2l.

567 5785 615 5823 ³⁸
636 5789 822 5849 Matth.
854 5810 945 5864 vu,
979 5798 1030 5851 ὅ.

1991 5721 2035 5754 ⁸⁸
2063 5719 2127 5776 lll
2155 5717 2286 5792 Reg.
2310 5738 2422 5793 XIX,
2468 5726 2552 5783 10.

2237 4614 2328 4660 τες
2357 4598 2630 4669 φέρωμενο
2663 4600 2723 4652 τὸ
2770 4599 2831 4668 δὴ
2868 4599 3156 4668 λεγόμενον
3215 4599 3272 4663 ἐξ
3321 4593 3398 4653 ῶν
3447 4615 3811 4671 συναναστρεο

2243 4690 2454 4757 φιεμεθα
2493 4693 2587 4744 καὶ
2616 4691 2965 4759 συνεσθίομεν
2993 4684 3092 4745 ὧδε
3126 4691 3370 4752 κάκεῖσε,
3399 4692 3810 4760 καταγινωσκό-

2247 4796 2416 4848 μενοι.
2456 4800 2474 4832 ι
2523 4782 2578 4835 '0
2610 4783 2781 4847 δεῖνα,
2832 4781 2985 4852 φησὶ,
3031 4782 3240 4850 ψευδῶς
3279 4782 3642 4854 ἐξηγόρευκε,
3690 4785 3814 4855 κρύ-

2247 4887 2394 4925 πτων
2427 4873 2487 4927 τὸ
2520 4875 2744 4946 αίσχρὸν
2772 4873 2938 4929 αὐτοῦ
2987 4875 3290 4944 ἁμάρτημα
3313 4892 3327 4907 ⁶
3369 4877 3465 4930 καὶ
3493 4877 3658 4939 ἄλλος
3689 4876 3814 4946 upu-

2243 4961 2350 5030 ψας
2377 4963 2440 5015 τὸ
2476 4965 2752 5038 ἀσέϐημα,
2793 4966 2955 5038 ἐτερα
2989 4966 3106 5019 ἀνθ’
3137 4967 3343 5039 ἐτέρων
3365 4968 3672 5037 ἐξηγεῖται.
3712 4969 3814 5024 Καὶ

2247 5053 2364 5117 πῶς
2408 5057 2436 5108 ὁ
2488 5055 2650 5126 δῆθεν
2697 5057 2960 5130 ἰατρεύων
3009 5057 3235 5111 δύναται
3292 5059 3462 5127 φάναι
3525 5059 3813 5128 θεραπίας

2245 5148 2432 5201 τούσδε
2466 5152 2853 5223 τετυχηκέναι;
2897 5171 2915 5204 ι
2967 5153 3040 5206 Οὐ
3089 5153 3434 5216 πιστευτέον,
3461 5146 3508 5206 ὦ
3534 5157 3656 5206 τᾶν·
3689 5154 3814 5208 ἀλλὰ

2249 5239 2344 5290 καὶ
2374 5237 2491 5292 λίαν
2521 5240 2944 5313 κατηγορητέον.
2977 5239 3166 5302 Οὐδεὶς
3197 5240 3309 5309 γὰρ
3343 5239 3692 5312 αὐθαιρέτως
3729 5241 3814 5292 [ὼν

2251 5331 2385 5398 πρὸς
2419 5331 2562 5386 τασιν
2609 5333 2683 5403 μὴ
2731 5331 2850 5402 οὐχὶ
2884 5330 3237 5401 ἀπογυμνοῦν
3286 5331 3348 5382 τὸ
3401 5332 3606 5385 οἰκεῖον
3655 5331 3814 5391 πάθος

2250 5421 2554 5492 αἱρήσεται.
2588 5425 2651 5476 Et
2677 5425 2732 5477 δὲ
2779 5424 2870 5477 καί
2907 5439 2999 5476 ποι
3036 5422 3263 5492 ἀληθὲς,
3293 5423 3398 5493 οὐχ
3425 5425 3588 5494 ἡμῶν
3618 5425 3676 5478 τὸ
3710 5425 3814 5495 κρί-

2243 5529 2376 5579 νειν,
2409 5515 2545 5569 ἀλλὰ
2587 5515 2723 5570 Θεοῦ
2765 5515 2858 5569 τοῦ
2905 5514 3236 5587 ἐφορῶντος.
3276 5515 3424 5586 Φησὶ
3458 5519 3591 5588 γάρ’
3622 5519 3698 5571 Τὰ
3728 5519 3815 5586 μὲν

2246 5609 2478 5678 φανερὰ,
2505 5609 2623 5681 Θεῷ
2672 5610 2766 5663 καὶ
2803 5610 2954 5678 ⁴ἡμῖν·
3005 5607 3076 5661 τὰ
3118 5607 3174 5661 δὲ
3236 5609 3492 5678 κρυπτὰ,
3541 5608 3815 5684 Κυρίῳτῷ

2660 5727 2701 5758 ⁸⁸
2740 5725 2804 5781 lV
2838 5724 2966 5796 Reg.
3000 5737 3060 5790 ιι,
3090 5723 3146 5780 8.
3261 5727 3309 5759 ⁸³
3341 5727 3809 5796 Matth.um,9-l-
