3964 6320
121 335 273 400 1513
1311 361 1668 425 EPISTULA

1773 366 1848 429 [Μ
1897 368 2045 432 LIB.
2089 374 2172 434 II.
3225 388 3361 455 1514

114 449 248 518 Θεῷ
295 467 409 506 σου.
442 456 526 510 Σὺ
555 457 623 512 δὲ
659 462 716 514 τι
743 464 963 530 κρίνεις
1015 467 1120 519 τὸν
1149 469 1418 540 ἀδελφόν
1457 489 1612 538 σου;
1650 478 1668 529 i

1794 481 2061 536 medicum
2108 485 2406 551 spernis”?
2453 486 2721 543 Slabimus
2770 502 2944 546 autem
3002 511 3179 551 omnes
3236 513 3361 554 ante

112 541 224 593 καὶ
257 545 352 597 ’σὺ
389 550 448 601 τί
489 550 826 620 ἐξουθενεῖς
865 560 971 611 τὸν
1017 560 1267 630 ἰητῆρα;
1309 565 1538 631 Πάντες
1579 566 1668 636 rd;

1791 572 2026 627 tribunal
2057 541 2255 631 Christi
2283 580 2410 648 :qui
2441 591 2491 633 et
2522 580 2845 637 illuminnbit
2874 588 3186 643 abscondita
3219 602 3358 646 teuc-

110 645 636 710 παραστησόμεθα
680 645 760 711 τῷ
779 647 1005 717 βήματι
1056 654 1162 706 τοῦ
1187 657 1466 723 Χριστοῦ,
1497 657 1565 724 ὃς
1593 676 1665 712 κα

1789 663 2026 730 brorum,
2060 675 2109 719 et
2135 645 2497 737 manifestabit
2539 673 2765 727 consilia
2796 675 3035 732 cordium
3065 693 3086 732 :
3133 690 3184 734 et
3234 691 3361 737 tunc

110 729 369 792 φωτίσει
391 731 462 784 τὰ
504 736 738 798 κρυπτὰ
778 738 882 790 τοῦ
908 741 1186 808 σκότους,
1222 745 1321 798 καὶ
1353 749 1689 816 φανερώσει

109 816 227 881 τὰς
269 820 512 887 ,ϐουλὰς
572 824 691 877 τῶν
727 829 1016 896 καρδιῶν·
1039 835 1137 888 καὶ
1188 840 1322 892 τότε
1371 842 1405 892 d
1440 839 1689 910 ἔπαινος

108 911 442 978 γενήσεται
467 914 699 984 ἑκάστῳ
732 920 851 974 ἀπὸ
883 925 1053 981 Θεοῦ.

192 1019 214 1051 ι
262 1003 490 1070 Πάντες,
528 1011 711 1079 φησιν,
771 1013 1144 1086 ὑπερόἀθμιον
1183 1021 1485 1078 ὲκτείνουσι
1529 1027 1686 1090 πόδα,

107 1091 210 1143 καὶ
228 1092 342 1144 τῶν
366 1097 427 1147 οὐ
455 1116 822 1177 παρακεχωρη
831 1111 1006 1176 μένων
1032 1117 1430 1184 κατατολμῶσι,
1456 1122 1549 1174 καὶ
1575 1125 1689 1186 τοῖς

108 1181 480 1252 ὑψηλοτέροις
536 1194 957 1256 ὲπεκτείνονται.
998 1223 1018 1254 ι
1072 1207 1196 1268 Τοῖς
1237 1181 1460 1275 οἰκείοις
1513 1181 1686 1279 ἑάλως

105 1280 362 1346 πτεροῖς,
393 1279 468 1345 ὥς
498 1285 599 1337 πού
631 1305 711 1350 τις
740 1289 843 1359 ἔφη
879 1293 987 1346 τῶν
1016 1296 1139 1361 ἔξω·
1169 1301 1264 1368 ἀφ’
1287 1297 1348 1354 οὗ
1377 1305 1469 1356 καὶ
1498 1307 1528 1374 ή
1557 1307 1689 1374 πρό-

104 1366 272 1427 τασίς
306 1384 421 1424 σου,
474 1373 615 1438 Ποὺς
666 1375 773 1447 γὰρ
820 1387 1183 1454 τεταγμένος,
1222 1366 1303 1452 εἰς
1354 1366 1686 1464 κεφαλὴνέξ

103 1455 408 1554 αὐθαδείας
435 1463 628 1534 ῇρθης.
668 1469 799 1534 Ταῖς
823 1472 1010 1536 ἄλλαις
1042 1478 1164 1531 δυσὶ
1190 1455 1487 1551 προτάσεσι
1517 1455 1678 1554 περιέ

103 1550 334 1617 παρεὶς,
366 1547 411 1606 ὦ
442 1561 674 1622 γενναῖε,
703 1562 866 1632 ἑτέρα
903 1568 1063 1620 πάλιν
1102 1547 1376 1641 ἔγκλησις·
1419 1593 1437 1624 ι
1475 1547 1682 1640 Πάντες

101 1639 326 1705 ἑαυτοῖς
371 1647 722 1717 ἐπιτρέπουσι
770 1655 839 1706 τὰ
886 1657 1025 1728 ὑπὲρ
1052 1660 1299 1731 δύναμιν,
1329 1665 1424 1717 καὶ
1450 1667 1680 1736 ἥττονας

101 1732 371 1800 ἡγοῦνται
428 1740 554 1801 τοὺς
589 1737 803 1807 ἄλλους·
849 1750 942 1800 καὶ
992 1750 1071 1815 τῷ
1125 1751 1270 1808 λύειν
1322 1757 1416 1808 καὶ
1461 1732 1679 1829 δεσμεῖν

1789 754 1909 808 laus
1937 759 2039 810 erit
2071 759 2354 829 unicuique
2381 779 2413 814 a
2445 761 2636 817 Deo".

1863 1033 1882 1065 ι
1920 1014 2143 1080 Omnes,
2177 1019 2374 1090 inquit,
2407 1023 2546 1076 ultra
2576 1041 2735 1094 quam
2768 1026 2850 1080 fas
2878 1037 2960 1082 est
2989 1030 3181 1098 pedem
3214 1031 3355 1085 infe-

1787 1118 1935 1171 runt,
1964 1118 2017 1162 et
2058 1126 2120 1164 ea
2150 1112 2410 1168 invadunt
2453 1131 2575 1184 qme
2615 1127 2740 1171 sunt
2799 1122 3014 1189 prapria
3038 1138 3227 1176 eorum
3259 1125 3352 1192 qui

1787 1214 1894 1251 non
1934 1215 2293 1267 secesserunt,
2308 1214 2361 1259 et
2385 1207 2447 1259 ad
2473 1209 2790 1263 sublimiora
2823 1214 3123 1269 enituntur.
3167 1233 3185 1265 ι
3218 1215 3352 1268 Pro-

1787 1291 1919 1357 priis
1972 1295 2085 1359 ipse
2133 1295 2233 1348 alis
2285 1297 2517 1364 periisti,
2554 1309 2610 1351 ut
2659 1303 2879 1368 quidam
2932 1303 3194 1370 profanus
3223 1307 3346 1358 ait:

1786 1388 1948 1447 atque
1979 1382 2100 1435 inde
2132 1389 2432 1455 pmpositio
2460 1398 2572 1443 tua.
2603 1389 2735 1444 Nam
2769 1409 2890 1447 cum
2922 1397 2998 1449 sis
3027 1399 3176 1465 pedis
3229 1399 3349 1451 loco

1785 1475 2138 1535 constitutus,
2171 1491 2234 1528 ex
2271 1481 2577 1548 arrogantia
2613 1482 2788 1535 locum
2823 1485 3016 1553 capitis
3043 1490 3343 1555 occupasti.

1789 1561 2004 1617 Duabus
2050 1565 2172 1619 aliis
2237 1571 2698 1638 propositionibus
2747 1576 2855 1628 tuis
2913 1578 3216 1644 confossis,
3265 1581 3348 1634 vir

1782 1655 2015 1722 egregie,
2054 1670 2269 1710 rursum
2309 1662 2476 1714 altera
2531 1663 2646 1717 haec
2692 1665 2999 1720 criminatio
3033 1684 3048 1720 :
3085 1687 3103 1719 ι
3144 1667 3347 1725 Omnes

1783 1746 1884 1799 sibi
1919 1748 2124 1816 majora
2156 1753 2362 1806 viribus
2398 1765 2674 1822 arrogant,
2705 1758 2947 1827 aliosque
2974 1760 3261 1817 inferiores
3289 1778 3348 1817 se

99 1822 358 1890 ἀσχέτως
392 1829 486 1880 καὶ
519 1830 769 1902 ἀκλήτως
805 1837 1172 1910 ἐπιτρέχουσι·
1207 1847 1302 1897 καὶ
1352 1822 1668 1920 πάντας-ιρι·

1781 1840 2164 1896 arbitrantur:
2208 1853 2261 1897 et
2309 1845 2374 1898 ad
2438 1848 2758 1902 solvendum
2813 1822 3198 1923 ligandumque
3228 1856 3347 1909 sine

98 1910 411 1969 λονεικοῦσι
438 1920 573 1986 πρὸς
604 1924 730 1988 τοὺς
757 1928 990 1993 οἰκείους
1013 1933 1191 1987 ἕλκειν
1221 1939 1406 2001 πόδας·
1435 1910 1676 2014 καὶμη-

96 2005 226 2098 δένα
254 2009 449 2080 ἕτερον
478 2014 568 2066 τὸν
589 2016 831 2092 λύονταῆ
863 2019 1020 2088 εἶναι,
1045 2027 1409 2098 ἢνομίζεσθαι
1438 2005 1674 2091 θέλουσι·

99 2097 197 2149 καὶ
231 2099 492 2168 φθονοῦσι
527 2101 638 2171 τοῖς
674 2109 742 2162 τὰ
770 2114 946 2166 τοιάδε
976 2118 1300 2186 πράττουσι·
1327 2124 1423 2176 καὶ
1450 2126 1674 2190 τούτους

99 2188 301 2288 μόνους
331 2191 620 2274 δέχεσθαι,
663 2199 754 2264 οὓς
800 2203 954 2260 αὐτοὶ
985 2207 1270 2264 λελύκασι·
1320 2217 1448 2277 τοὺς
1479 2217 1536 2269 δὲ
1583 2188 1672 2288 ύφλ

98 2276 304 2348 ἐτέρων
356 2288 715 2354 τετυχηκότες
745 2292 1114 2366 ἐπιτιμήσεως
1138 2339 1154 2360 ,
1207 2276 1668 2376 ἀποστρέφεσθαι,

97 2370 192 2421 καὶ
232 2371 513 2438 ἐγκαλεῖν·
556 2379 678 2432 ἐπεὶ
730 2382 803 2453 μὴ
850 2387 984 2456 πρὸς
1033 2392 1228 2456 αὐτοὺς
1275 2370 1666 2470 δεδραμήκασι,

95 2460 195 2509 καὶ
230 2464 375 2533 παρ’
405 2466 585 2520 αὐτῶν
636 2473 907 2542 ᾐτήσαντο
957 2479 1053 2549 τὴν
1087 2482 1301 2550 ἄφεσιν.
1345 2505 1363 2537 ι
1406 2489 1670 2545 Ἀναπλά-

97 2564 280 2617 σματα
362 2552 606 2622 διανοίας
681 2562 1062 2633 δαιμονιὼδους
1095 2573 1162 2625 τὰ
1189 2582 1619 2651 κατηγορήματα
1652 2627 1667 2649 ,

95 2643 189 2693 καὶ
237 2645 304 2697 ὲκ
350 2647 621 2720 φθονερᾶς
700 2657 927 2728 καρδίας
988 2664 1056 2715 τὰ
1119 2643 1518 2740 προϐλήματα·
1587 2643 1668 2740 οἷς

95 2733 447 2801 ἑπιγελάσειέ
505 2758 585 2804 τις
638 2746 858 2812 εἰκότως
917 2752 993 2815 ὡς
1043 2759 1260 2823 παιδιάς
1323 2779 1507 2829 τινας,
1573 2771 1668 2823 καὶ

97 2825 309 2894 ὕθλους,
368 2832 469 2885 καὶ
517 2836 881 2914 ἀθύρματα·ἢ
945 2847 1166 2914 μᾶλλον,
1202 2853 1431 2924 τάληθὲς
1455 2825 1663 2926 εἰπεῖν,

95 2918 218 3016 επεὶ
269 2923 466 2992 μηδεὶς
499 2927 629 2996 ἡμῖν
663 2930 720 2995 ἐξ
758 2933 1017 3002 ἀπιστίας
1055 2942 1083 2992 6
1130 2918 1482 3016 προστρέχων
1527 2918 1666 3004 κατα

94 3007 254 3079 λῆψιν
284 3015 682 3089 ἐπιτιμήσεως,
716 3027 1036 3097 μαινόμεθα,
1063 3033 1200 3102 πρὸς
1227 3036 1352 3099 τοὺς
1379 3040 1443 3090 ἐκ
1475 3059 1666 3096 πεποι-

1783 1926 1945 1980 modo
1989 1929 2120 1992 ullo,
2153 1931 2272 1985 sine
2326 1945 2515 1987 vocatu
2542 1939 2832 1992 convolaut
2864 1951 2956 1996 :et
2981 1958 3172 1997 omnes
3222 1960 3345 2013 per-

1783 2019 1996 2072 trahere
2025 2031 2147 2074 ante
2176 2026 2422 2091 proprios
2452 2027 2616 2095 pedes
2649 2031 2971 2085 obnituutur
2999 2051 3012 2085 :
3041 2049 3141 2089 nec
3176 2036 3342 2089 alium

1781 2125 2108 2180 quemquam
2134 2117 2320 2171 volunt
2345 2130 2438 2173 aut
2479 2136 2600 2176 esse
2627 2133 2720 2177 aut
2758 2126 3056 2180 existimari
3101 2131 3193 2197 qui
3238 2130 3347 2185 sol-

1780 2211 1870 2255 vat
1901 2220 1915 2256 :
1949 2205 2192 2262 invident
2217 2211 2281 2263 iis
2304 2213 2395 2280 qui
2421 2214 2506 2266 illa
2539 2226 2704 2285 agunt
2734 2233 2748 2270 :
2784 2230 2948 2288 atque
2983 2223 3118 2275 adeo
3149 2224 3345 2277 admit-

1778 2303 1899 2348 tunt
1950 2312 2044 2352 eos
2093 2299 2379 2369 duntaxat,
2411 2320 2550 2373 quos
2583 2307 2682 2376 ipsi
2719 2309 3002 2364 solverunt
3040 2326 3056 2365 :
3087 2314 3178 2381 qui
3212 2329 3343 2367 vero

1779 2395 1908 2440 sunt
1944 2388 2012 2441 ab
2038 2391 2158 2444 aliis
2181 2394 2245 2446 ad
2276 2396 2650 2462 pmnitentiam
2686 2399 2932 2467 admissi,
2963 2403 3026 2456 ad
3061 2403 3160 2459 hos
3181 2420 3344 2460 accu-

1779 2480 1978 2535 sandos
2005 2495 2408 2541 se.convcrtunt
2440 2506 2452 2541 :
2485 2491 2742 2559 quoniam
2779 2493 2845 2547 ad
2883 2493 3031 2563 ipsos
3059 2511 3170 2550 non
3206 2512 3342 2551 con-

1779 2573 2057 2639 volarunt,
2090 2590 2189 2629 nec
2225 2579 2294 2630 ab
2329 2579 2460 2647 ipsis
2510 2583 2895 2638 relaxationem
2944 2587 3274 2657 ﬂagitarunt.
3317 2610 3335 2641 ι

1779 2659 2058 2726 Figmenta
2107 2680 2302 2721 sensus
2350 2669 2602 2724 diabolici
2626 2682 2755 2726 sunt
2799 2675 2882 2728 hae
2909 2679 3337 2744 criminationes,

1775 2763 1830 2804 et
1869 2753 2036 2808 invidi
2087 2756 2254 2809 animi
2295 2761 2544 2827 qumsita,
2575 2778 2695 2831 quae
2721 2765 2954 2834 quisque
2986 2769 3179 2821 merito
3210 2770 3337 2823 irri~

1775 2841 1900 2896 deat
1942 2852 2198 2914 tanquam
2231 2852 2492 2918 quosdam
2525 2854 2698 2920 jocos,
2727 2864 2778 2909 et
2810 2873 3000 2927 nugas,
3029 2860 3292 2930 lususque
3322 2883 3334 2918 :

1776 2936 1855 2989 vel
1882 2937 2084 3005 potius,
2119 2950 2177 2993 ut
2207 2957 2330 2995 vere
2367 2944 2568 3005 dicam.
2595 2949 2837 3016 quando,
2862 2951 2931 3004 ob
2959 2949 3334 3016 difﬁdentiam,

1775 3043 1934 3081 nemo
1961 3031 2026 3083 ad
2053 3046 2152 3086 nos
2180 3033 2395 3088 advolat
2433 3035 2500 3089 ad
2533 3038 2900 3106 accipiendam
2941 3043 3336 3112 pmoitentiam,

97 3104 306 3171 θήσεως
345 3109 459 3161 τῶν
494 3115 826 3178 προσιόντων
868 3120 1287 3192 θεραπεύοντας,
1314 3129 1585 3200 δαιμόνιόν
1615 3153 1666 3187 τι

1773 3119 2076 3174 insanimus
2127 3126 2389 3178 adversus
2416 3141 2512 3180 eos
2550 3128 2638 3195 qui
2674 3133 3149 3188 sanantadeuntes
3185 3138 3249 3188 ad
3280 3153 3337 3189 se

95 3194 267 3259 πάθος
293 3199 740 3270 πάσχοντες,ακαὶ
767 3212 879 3274 τοῖς
906 3212 1294 3288 Εἰκονομὰχοις
1325 3194 1512 3278 τὰίσα
1540 3228 1666 3291 τοὺς

96 3287 395 3357 αἰδήμονας
428 3295 868 3368 καθυϐρίζοντες.

169 3482 188 3567 ι
227 3467 315 3532 Τί,
352 3470 512 3541 φησι,
543 3473 605 3526 τὸ
635 3475 889 3550 διάφορον
913 3482 1013 3552 τῆς
1045 3491 1418 3560 προαιρέσεως
1461 3496 1664 3567 ταύτης

95 3557 228 3626 πρὸς
256 3561 349 3612 τὸν
374 3565 756 3638 Μανιχαῖσμόν
778 3589 792 3636 ;
824 3573 958 3643 Οὐχὶ
985 3581 1126 3632 κατὰ
1147 3557 1491 3654 Μανιχαῖκῆς
1516 3557 1664 3658 αἰρέιἰ

97 3665 231 3714 σεως
256 3653 614 3726 ἠγωνίσμεθα
649 3663 744 3715 καὶ
773 3663 950 3731 λόγοις
981 3671 1075 3721 καὶ
1102 3671 1316 3741 ἔργοιςς
1351 3653 1455 3728 καὶῗ
1477 3653 1664 3748 δηλοῦ·

96 3756 148 3790 σι
184 3743 253 3794 τὰ
281 3745 940 3838 ἔγγραφαισυντάγματα
969 3760 1076 3814 τῶν
1105 3765 1227 3816 κατ’
1261 3766 1428 3838 αὐτῆς
1463 3743 1664 3838 ἀγωνι-

97 3835 349 3900 σαμένων
375 3879 391 3903 ,
425 3841 487 3894 ὲν
521 3836 602 3906 οἷς
640 3844 1101 3916 ἁπαραλογίστοις
1143 3835 1540 3930 συλλογισμοῖς,
1567 3863 1663 3915 καὶ

94 3921 477 4000 ἁκαθαιρέτοις
502 3934 840 4001 ἀποδείξεσιν
869 3941 1173 4009 ἀπέδειξαν·
1204 3949 1253 3999 εἰ
1281 3921 1374 4002 καὶ
1400 3921 1510 4005 ’νῦν
1528 3921 1664 4006 ’ἑαυο

95 4015 200 4068 τῶν
253 4021 351 4074 καὶ
401 4025 515 4110 τῶν
550 4027 764 4082 οἰκείων
799 4031 1207 4104 ὑπομνημάτων
1236 4040 1658 4110 ἀμνημονοῦσιν.

104 4108 346 4177 Ἔοικας,
404 4109 451 4168 ὦ
510 4118 715 4188 ἑταῖρε,
769 4123 1166 4194 ἀσυλλογίστως
1213 4108 1658 4204 συλλογίζεσθαυ,

96 4201 188 4253 καὶ
223 4204 374 4270 ἰδίοις
409 4208 693 4281 λογισμοῖς
717 4214 804 4265 ἐπ’
831 4216 1085 4288 ἀθετήσει
1116 4201 1655 4296 ἀληθείαςστηρίζελ

71 4290 236 4344 σθαι·
270 4296 343 4365 μὴ
378 4298 535 4360 εἰδὼς
563 4302 643 4353 ὅτι
681 4303 752 4356 τὰ
784 4290 1214 4380 παραδείγματα
1241 4318 1352 4377 τοῖς
1379 4290 1659 4386 πρωτοτύο

94 4399 214 4447 ποις
250 4392 730 4463 παραϐαλλόμενα,
776 4399 874 4452 οὐκ
907 4402 1047 4455 αὐτὰ
1086 4406 1269 4459 ἐκεῖνα
1305 4405 1414 4460 εἷεν
1458 4409 1525 4463 τὰ
1562 4413 1661 4482 ἀρ-

95 4475 321 4539 χέτυπα·
356 4483 492 4538 ἀλλὰ
521 4488 774 4540 τοσοῦτον
805 4491 996 4561 ἔχοντα
1024 4495 1084 4546 τὸ
1128 4498 1263 4566 πρὸς
1291 4499 1494 4570 ἄλληλα
1523 4475 1657 4556 ταυ-

94 4565 202 4627 τὸν,
227 4570 349 4623 ὅσον
388 4576 448 4626 τὸ
481 4578 624 4631 κατὰ
664 4579 902 4650 τοῦνομα
932 4587 1112 4637 κοινόν
1152 4565 1266 4652 τοῖς
1296 4565 1474 4656 ἄλλοις
1501 4594 1658 4658 ἐξαλ-

96 4653 373 4718 λάττοντα.
409 4667 518 4719 Καὶ
551 4669 618 4722 τὰ
660 4671 760 4741 μὲν
790 4674 993 4744 κυρίως
1021 4677 1355 4748 ὠνόμασται·
1389 4653 1468 4735 τὰν
1506 4653 1562 4737 δέ
1596 4688 1656 4739 οὐ

97 4752 314 4839 κυρίως·
348 4762 442 4810 καὶ
472 4762 543 4813 τὰ
590 4761 688 4831 μὲν
724 4766 867 4818 κατὰ
898 4770 1237 4839 κατάχρησιν
1269 4772 1540 4828 λέλεκται·
1589 4780 1657 4830 τὰ

95 4833 150 4886 δὲ
180 4844 316 4895 κατὰ
344 4847 626 4916 ἀλήθειαν,
664 4846 774 4906 οἷον
803 4855 937 4922 φέρε
979 4833 1172 4921 εἰπεῖν,
1207 4864 1298 4915 ὲπὶ
1326 4865 1424 4933 τῆς
1453 4867 1658 4929 εἰκόνος

95 4927 326 4996 Χριστοῦ
354 4941 449 4991 καὶ
475 4942 642 4995 αὑτοῦ
668 4945 923 5014 Χριστοῦ·
949 4951 1029 5002 ὅτι
1049 4950 1077 5002 6
1112 4952 1213 5021 μὲν
1233 4927 1657 5028 κατὰ-ἀλήθειαν

95 5020 323 5092 Χριστὸς
355 5034 450 5085 καὶ
492 5034 607 5088 ἐστι
635 5039 728 5089 καί⁸
771 5020 1122 5110 ὀνομάζεται·
1156 5042 1190 5114 ἡ
1234 5046 1291 5099 δὲ
1321 5050 1460 5102 κατὰ
1489 5020 1657 5104 κατά-

96 5129 286 5210 γρησιν
323 5122 444 5188 ἦτοι
485 5127 829 5197 ὁμωνυμίαν.
878 5133 1029 5185 Ἐπεὶ
1075 5135 1172 5186 καὶ
1209 5136 1418 5198 Παῦλος
1454 5141 1482 5192 6
1515 5141 1657 5210 ἰερὺς

99 5201 422 5280 ἀπόστολος,
477 5219 578 5289 τὴν
623 5221 1008 5295 φιλαργυρίαν,
1058 5226 1316 5298 δευτέραν
1369 5201 1653 5286 εἰδωλολιιᾇ

92 5298 274 5364 τρείαν
313 5304 681 5378 ἀπεκάλεσεν,
709 5316 1106 5384 αἰτιολογικῶς,
1137 5322 1231 5372 καὶ
1269 5323 1412 5376 κατὰ
1448 5323 1653 5392 ἀναφοε

218 5396 626 5473 ὁμοιωματικὴν
653 5405 754 5474 τῆς
774 5405 938 5480 οὔσης
968 5411 1432 5483 εἰδωλολατρείας.
1477 5389 1576 5481 Ἐξ*
1593 5408 1653 5467 οῦ

94 5479 211 5536 οὐδὲ
250 5488 602 5563 ὲπιτιμητέον
652 5501 767 5562 τοῖς
818 5501 1205 5571 φιλαργύροις,
1254 5479 1330 5568 ὧς
1369 5479 1654 5560 εἰδωλολά-

98 5584 266 5663 ’ξρ-αιφ
298 5577 418 5632 ἐπεὶ
445 5583 553 5653 ἄρα
581 5587 864 5656 ὀφείλομεν
919 5591 983 5642 ὲκ
1027 5591 1118 5642 τοῦ
1157 5593 1360 5663 κόσμου
1397 5594 1649 5661 ἐξελθεῖν.

99 5655 207 5710 Νῦν
251 5664 308 5717 δὲ
339 5670 522 5727 πολλοὶ
552 5655 894 5749 φιλάργυροι,
945 5683 1038 5736 καὶ
1072 5682 1246 5755 πάντη
1261 5655 1652 5759 ’ἀνεπιτίμητοι

167 5775 210 5806 ⁸³
241 5779 396 5841 Rom.
424 5805 536 5853 xw.
590 5790 676 5846 lO.
753 5793 798 5824 "
824 5794 844 5848 l
866 5795 990 5850 Cor.
1015 5813 1088 5860 ιν,
1116 5797 1168 5861 5,
1203 5797 1254 5853 6.
1333 5803 1377 5834 ³⁷
1398 5803 1592 5872 Ephes.
1623 5823 1674 5872 ν,
1698 5810 1728 5862 5

352 5882 617 5948 ΡΑϊιιυι.
661 5889 776 5948 Gtt.
821 5890 938 5947 XCI
949 5891 997 5948 Χ
1011 5932 1030 5949 .

1768 3225 1890 3265 eum
1924 3213 2139 3278 fiducia,
2175 3215 2444 3271 diabolico
2495 3219 2704 3290 abrepti
2759 3224 2888 3277 vitio
2917 3229 3184 3294 quodam,
3220 3231 3334 3298 pari

1769 3303 2066 3372 ignominia
2117 3308 2265 3363 viros
2325 3312 2527 3379 probos
2575 3321 2738 3383 atque
2783 3315 3172 3374 lconomacbos
3227 3324 3337 3375 atli-

1766 3398 1992 3452 cientes.

1842 3508 1860 3539 ι
1896 3490 2203 3556 Quodnam,
2239 3494 2435 3562 inquit,
2464 3495 2758 3550 discrimen
2788 3507 2949 3552 secta:
2977 3498 3139 3569 hujus
3168 3516 3198 3554 a
3223 3500 3337 3554 Ma-

1769 3581 2261 3640 nichaica?Nonne
2296 3596 2485 3641 contra
2515 3587 2901 3644 Manichaicam
2936 3592 3184 3646 baaresim
3223 3610 3336 3647 ser-

1767 3689 1926 3728 mone
1970 3685 2024 3728 et
2064 3692 2226 3745 opere
2275 3677 2714 3736 decertavimus?
2747 3681 2934 3738 Testes
2976 3693 3106 3738 sunt
3149 3688 3333 3756 scripti

1764 3779 1953 3818 eorum
2007 3770 2404 3835 commentarii,
2439 3771 2531 3840 qui
2584 3783 2771 3828 contra
2813 3775 2952 3829 hanc
2985 3775 3334 3842 dimicarunt.

1765 3857 1818 3910 in
1865 3859 2063 3927 quibus
2108 3860 2329 3917 invictis
2361 3866 2697 3934 argumentis
2741 3876 2795 3921 et
2825 3867 3336 3936 inexpugnabilibus

1763 3950 2027 4018 exelnplis
2082 3951 2135 4006 id
2188 3956 2562 4021 ostenderunt,
2600 3972 2909 4027 quanquam
2953 3976 3097 4014 nunc
3131 3971 3256 4015 sunt
3281 3972 3337 4016 ct

1764 4040 1845 4093 sui
1879 4041 2213 4109 ipsorum,et
2229 4048 2570 4115 propriorum
2594 4062 3072 4105 monumentorum
3105 4053 3278 4106 obliti.
3309 4075 3328 4105 ι

1765 4131 1998 4198 Videris,
2017 4151 2050 4189 ο
2082 4137 2220 4190 bone
2249 4139 2352 4201 vir,
2381 4139 2632 4209 imperite
2663 4143 2998 4209 ratiocinari,
3025 4161 3087 4199 ac
3112 4150 3333 4216 privatis

1762 4221 2064 4276 rationibus
2115 4225 2180 4277 ad
2226 4225 2633 4295 abrogationem
2670 4230 2912 4286 veritatis
2966 4233 3125 4288 inniti
3161 4255 3173 4290 :
3208 4252 3331 4290 cum

1763 4312 1976 4367 nescias
2016 4314 2259 4382 exempla
2292 4319 2585 4387 prototypis
2606 4321 2839 4386 collata;
2887 4338 2990 4376 non
3050 4325 3165 4394 ipsa
3213 4342 3334 4381 esse

1760 4404 2088 4472 exemplaria
2149 4406 2238 4460 illa
2290 4409 2609 4477 primigenia
2661 4431 2673 4463 :
2717 4413 2809 4465 sed
2875 4413 3072 4469 habere
3124 4427 3329 4470 tantum

1762 4492 2136 4547 similitudinis
2185 4495 2328 4548 inter
2357 4513 2435 4558 se,
2478 4509 2739 4566 quantum
2785 4516 2848 4554 ea
2887 4518 3008 4570 quae
3038 4519 3331 4559 commune

1761 4597 1956 4637 nomen
2006 4585 2363 4650 habent,cum
2396 4589 2605 4642 czeteris
2635 4593 2796 4644 rebus
2821 4593 3092 4647 dill'erant.
3127 4595 3191 4648 Et
3225 4597 3329 4650 alia

1759 4675 1976 4742 quidem
2013 4679 2228 4746 proprie
2255 4681 2521 4749 appellata
2558 4693 2704 4745 sunt,
2741 4685 2844 4744 alia
2890 4697 3069 4740 autem
3122 4690 3326 4759 impro-

1758 4769 1874 4835 prie
1907 4785 1920 4820 :
1959 4768 2061 4820 alia
2097 4771 2393 4823 secundum
2427 4771 2745 4825 abusionem
2775 4774 2939 4836 dicta,
2977 4777 3080 4830 alia
3126 4794 3327 4833 secun-

1759 4860 1888 4913 dum
1925 4861 2232 4914 veritatem.
2275 4861 2518 4930 Exempli
2544 4865 2739 4933 gratia,
2774 4865 2826 4917 in
2860 4866 3094 4936 imagine
3124 4869 3326 4925 Christi

1758 4961 1812 5003 et
1855 4952 1972 5021 ipso
2010 4952 2254 5013 Christo,
2295 4954 2393 5006 iste
2434 4954 2648 5020 quidem
2698 4960 2994 5011 secundum
3043 4961 3324 5015 veritatem

1758 5041 2005 5097 Christus
2034 5056 2088 5096 et
2109 5052 2194 5097 est
2219 5052 2274 5097 et
2301 5045 2608 5098 nominatur
2636 5063 2650 5101 :
2676 5047 2790 5102 haec
2820 5058 2998 5103 autem
3027 5053 3323 5105 secundum

1758 5133 2098 5196 abusionem,
2133 5134 2236 5188 hoc
2275 5145 2356 5189 est
2400 5136 2829 5207 homonymiam.
2871 5139 3322 5210 Quandoquidem

1756 5235 1808 5279 ct
1839 5236 2056 5280 sanctus
2082 5228 2363 5295 apostolus
2385 5228 2584 5282 Paulus
2607 5231 2889 5284 avaritiam
2910 5233 3320 5298 nuncupavit".

1757 5319 2115 5373 idololatriam
2193 5321 2452 5391 alteram,
2517 5337 2738 5375 causam
2810 5322 2937 5376 dicti
3000 5323 3320 5392 subjicicns,

1757 5415 2053 5467 secundum
2106 5413 2422 5467 relationem
2475 5414 2722 5468 videlicet
2777 5415 3148 5469 similitudinis
3195 5431 3320 5470 cum

1755 5519 1815 5556 ea
1847 5521 1968 5574 quae
1996 5519 2121 5557 vcre
2149 5504 2453 5558 idololatria
2475 5513 2579 5558 est.
2609 5505 2788 5570 Quare
2817 5520 2922 5558 non
2945 5506 3130 5559 eadem
3162 5520 3320 5573 pcena

1755 5597 1935 5650 avaris
1964 5595 2306 5662 imponenda,
2341 5610 2460 5663 qua:
2483 5594 2782 5649 idololatria
2810 5612 2825 5648 :
2858 5595 3058 5665 alioqui
3096 5597 3318 5651 debere-

1755 5705 1878 5745 mus
1916 5704 1946 5743 θ
2000 5689 2204 5744 mundo
2238 5688 2490 5759 migrare.
2541 5688 2609 5742 At
2672 5702 2816 5742 nunc
2861 5688 3008 5741 avari
3052 5687 3228 5755 multi,
3266 5700 3318 5742 et

2774 5890 2961 5952 ιθϐ
