3964 6320
604 364 739 429 1515
1791 368 1853 428 S.
1883 366 2275 428 THEODORI
2311 371 2657 439 STUDITIE
3764 385 3878 449 1516

599 480 818 551 quidem
867 480 1074 553 absque
1133 482 1334 539 indicta
1397 483 1533 554 ipsis
1584 482 1899 551 poenitentia
1946 496 2164 551 prorsus

2315 492 2714 561 ταρεωραμένοι.
2771 495 2837 548 Τί
2862 490 2956 549 οὖν
2992 497 3197 569 ἀπᾴδον
3227 502 3547 569 κάνταῦθα,
3584 509 3643 559 εἰ
3678 508 3880 561 Ehem

601 570 796 624 relicti.
820 570 960 637 Quid
992 573 1157 641 igitur
1181 582 1237 627 et
1261 573 1350 627 hic
1377 572 1668 635 absonum,
1693 571 1737 625 si
1763 569 2166 625 Iconomachict

2315 581 2491 653 ιαχικὴ
2520 583 2737 655 αἵρεσις
2785 591 2851 659 τῇ
2901 588 3211 662 Μανιχαῖκῇ
3262 588 3727 667 παραϐάλλοι-το,
3777 604 3880 653 ὅσον

604 663 827 717 haeresis
870 678 995 718 cum
1026 662 1365 718 Manichaica
1397 671 1778 733 componatur,
1810 670 2072 730 quantum
2115 663 2169 717 ad

2311 674 2404 727 εατ⁹
2446 674 2653 742 είδὶὀνος
2684 680 2779 733 καὶ
2812 682 3171 752 πρωτοτύπου
3198 662 3378 755 λόγον·
3415 692 3568 745 καθὸ
3778 696 3876 762 ἠὲν

600 750 859 821 imaginis
879 766 943 808 ac
965 754 1235 824 prototypi
1265 754 1533 809 rationem
1564 769 1579 807 :
1608 753 1860 823 quamvis
1883 761 1937 806 et
1964 750 2165 808 Nicaea:

2312 764 2488 837 δικαίᾳ
2516 768 2578 821 τὸ
2606 768 2863 841 δεύτερον
2906 774 3264 848 οίκουμενική
3314 797 3375 832 τε
3430 784 3535 835 καὶ
3579 784 3724 847 ἁγία
3772 788 3877 836 σύν-

600 845 839 899 secunda
897 847 1233 901 meumenica
1274 854 1328 902 et
1356 857 1544 903 sancta
1573 846 1812 919 synodus
1845 861 1940 901 eos
1970 847 2065 918 qui
2091 864 2165 918 pel

2315 856 2419 919 δος,
2444 857 2567 921 τοὺς
2596 861 2655 912 ἐν
2678 861 2850 934 ταύτῃ
2893 864 3230 934 ἑαλωκότας,
3252 845 3360 940 οὐχ
3394 871 3475 935 ὡς
3502 845 3880 943 Μανιχαὶῐσαν-

601 938 743 993 hanc
799 938 1048 995 haeresim
1102 941 1395 1009 perierant,
1424 957 1533 997 non
1581 951 1839 1011 tanquam
1879 941 2166 997 Manichai-

2311 964 2380 1009 ac
2420 948 2783 1015 ὲπεξελθοῦσα
2829 954 3219 1023 τεθεράπευκε’
3275 961 3372 1012 καὶ
3414 962 3669 1015 οὺτίπου
3715 966 3876 1033 ἠμνη-

599 1039 789 1085 zantes
837 1033 1107 1088 damnans
1149 1033 1424 1087 curaverit
1475 1050 1489 1087 :
1531 1040 1585 1087 et
1637 1048 1979 1102 nequaquam
2029 1033 2162 1089 oblit

2313 1037 2584 1102 ιονήκασιν
2612 1039 2661 1090 oi
2688 1039 2755 1092 τὰ
2800 1041 2932 1111 περὶ
2979 1043 3147 1113 αὐτῆς
3184 1049 3484 1117 πονήματα
3535 1054 3878 1105 καταϐαλλόο

602 1120 719 1176 sint
746 1121 782 1175 ii
817 1123 912 1191 qui
944 1137 1165 1192 operam
1196 1138 1349 1177 suam
1382 1124 1644 1179 adversus
1685 1123 2017 1179 Manichaeos
2046 1138 2167 1179 con-

2314 1140 2457 1178 ιενοιο
2490 1127 2585 1180 καὶ
2611 1128 2788 1197 λόγοις
2813 1133 2908 1184 καὶ
2942 1131 3125 1203 ἔργοις
3148 1136 3271 1188 κατ’
3296 1139 3474 1209 αὐτῆς
3503 1142 3879 1211 ἀντειγιυειιισά⁴

601 1214 864 1278 tulerunt,
897 1228 956 1269 se
984 1222 1038 1268 et
1066 1228 1318 1269 sermone
1349 1224 1404 1270 et
1428 1230 1591 1284 opere
1615 1224 1806 1270 contra
1839 1216 1987 1286 ipsos
2019 1216 2166 1270 dimi-

2315 1233 2462 1283 tsvot;
2507 1220 2812 1290 Ἥγνόηκας
2840 1222 2885 1274 δ’
2915 1224 3076 1288 αὐτὸς
3106 1224 3278 1290 ὄντως
3332 1231 3567 1298 ἑαυτὸν,
3620 1234 3653 1288 ὃ

602 1320 776 1360 casse.
808 1305 1043 1360 Omnino
1089 1306 1322 1376 teipsum
1383 1305 1670 1376 ignorasti,
1703 1321 1824 1376 quae
1853 1306 2030 1375 culpa
2072 1320 2167 1359 non

2025 1326 2030 1357 ι
2072 1320 2180 1359 non
2281 1305 2400 1360 ἐστι
2432 1310 2770 1382 κατηγορίας
2806 1314 2904 1367 καὶ
2935 1316 3265 1389 ἀσελτηρίας
3293 1321 3590 1396 ἔγκλημα.

604 1397 901 1452 mediocris
927 1412 993 1452 ac
1022 1398 1265 1467 stuporis
1299 1397 1652 1468 reprehensio
1680 1407 1785 1451 est.

664 1484 869 1541 Vellem
898 1487 1083 1556 itaque
1113 1493 1168 1540 et
1224 1486 1626 1556 propositiones
1658 1485 1793 1538 alias
1841 1482 2009 1538 libelli
2038 1482 2175 1536 mul-

2365 1477 2699 1551 Ἐϐουλόμην
2737 1480 2831 1537 οὖν
2875 1488 2968 1540 καὶ¹
3008 1489 3204 1560 ἑτέρας
3236 1495 3549 1564 προτάσεις
3584 1497 3691 1551 τοῦ
3729 1501 3878 1553 πολυ-

605 1590 782 1633 tarum
806 1580 1149 1649 paginarum,
1169 1579 1439 1648 inquibus
1461 1578 1648 1632 eadem
1674 1579 1869 1631 iterum
1891 1585 2050 1645 atque
2072 1574 2170 1630 ite-

2308 1570 2495 1639 ’χιδοῦς
2534 1577 2630 1626 καὶ
2679 1579 3129 1646 ταυτολογοῦντος
3162 1590 3561 1656 γραμματείου
3620 1598 3873 1644 cover.er-

603 1686 724 1724 rum
757 1678 1095 1739 repetuntur,
1120 1670 1373 1738 superius
1401 1669 1849 1723 commemoratis
1865 1667 2168 1733 adnectere,

2310 1678 2373 1714 ἀι
2407 1666 2523 1727 τοῖς
2555 1667 2923 1739 προλεχθεῖσι,
2962 1676 3058 1727 καὶ
3094 1677 3378 1742 ἀποδεῖξαι
3404 1684 3595 1749 πάντη
3638 1684 3701 1747 ἐξ
3730 1684 3875 1753 ὀρθοῦ

601 1768 656 1813 et
681 1759 825 1828 quod
848 1759 1065 1829 penitus
1098 1770 1246 1814 recta
1274 1760 1483 1813 ratione
1514 1756 1813 1813 confutata:
1855 1761 1967 1813 sint
1992 1766 2166 1813 osten-

2312 1756 2438 1823 όγου
2472 1757 2862 1830 ὲληλεγμένας’
2891 1763 3028 1817 ἀλλά
3058 1765 3127 1829 ἃς
3167 1769 3269 1837 μὲν
3300 1772 3378 1833 ὡς
3411 1774 3770 1838 ἀλυσιτελής
3798 1780 3876 1829 καὶ

601 1852 763 1905 dere:
786 1851 879 1906 sed
900 1851 1035 1907 alias
1052 1850 1272 1920 quidem
1296 1859 1556 1921 tanquam
1583 1851 1806 1905 inutiles
1839 1861 1894 1905 et
1918 1850 2129 1919 ineptas
2156 1868 2166 1905 :

2320 1851 2692 1919 συναρτήτους
2716 1869 2729 1884 ·
2770 1853 2837 1917 ἃς
2869 1855 2925 1909 δὲ
2960 1857 3036 1920 ὡς
3060 1859 3289 1913 αὐτόθεν
3324 1864 3571 1931 ἐχούσας
3602 1868 3703 1919 τὸν
3740 1868 3878 1936 ἐλεγ-

603 1940 740 1995 alias
796 1956 929 1995 vero
970 1950 1029 1995 ut
1078 1957 1202 2012 qua:
1251 1941 1465 2010 seipsas
1542 1939 1829 1995 refellant:
1882 1940 2168 1995 nonnullas

2308 1953 2375 2032 ἔον
2405 1954 2419 1969 ο
2457 1938 2604 2032 ενίας
2648 1941 2705 1996 δὲ
2746 1944 2823 2007 ὡς
2862 1950 3144 2013 σκοτεινὰς
3197 1954 3293 2006 καὶ
3347 1958 3684 2023 ἀντιθέτους

602 2044 787 2087 autem
852 2042 1114 2102 tanquam
1184 2035 1455 2088 obscuras
1500 2042 1554 2087 et
1600 2033 1881 2102 Oppositas
1931 2034 2167 2097 veritati,

2309 2030 2419 2096 ieg.
2456 2030 2789 2124 ἀντιδόξους]
2816 2041 2881 2109 τῇ
2920 2041 3167 2115 ἀληθείᾳ,
3199 2046 3388 2117 πόρρω
3421 2065 3534 2102 που
3568 2027 3874 2124 ἀπορᾖψά-

602 2121 814 2193 procul,
847 2118 1013 2177 veluti
1044 2122 1097 2177 in
1139 2121 1370 2179 Vulcani
1414 2122 1617 2192 ignem,
1663 2122 1922 2191 ablegans
1956 2137 2021 2176 ac
2047 2136 2167 2191 pro-

2308 2136 2450 2184 ιενος
2504 2122 2582 2185 ὼς
2638 2127 2717 2188 είς
2766 2129 2879 2198 πῦρ
2923 2132 3243 2201 Ἡφαίστου*
3279 2143 3373 2193 ἐπὶ
3402 2143 3556 2197 τέλει
3600 2118 3703 2199 tofi

599 2214 818 2284 jiciens,
861 2229 926 2268 ac
967 2214 1131 2268 linem
1182 2214 1397 2269 dicendi
1448 2214 1675 2277 faciens,
1728 2213 1873 2268 istud
1916 2214 2121 2280 adjicio
2156 2230 2164 2267 :

2307 2215 2460 2267 ,κεῖνο
2493 2216 2923 2307 ἐπιφθέγγομαι·
2975 2218 3056 2278 ὅτι
3088 2228 3137 2279 εί
3188 2231 3284 2298 μὲν
3324 2234 3604 2303 αἰτοῦμεν
3638 2213 3872 2307 cumci-

602 2303 768 2374 quod,
798 2304 845 2359 si
892 2304 1113 2373 quidem
1161 2306 1377 2358 veniam
1427 2317 1740 2372 poscamus,
1795 2303 1941 2372 quod
1977 2303 2167 2357 incon-

2304 2322 2436 2401 tqv,
2485 2308 2572 2377 ἐφ’
2603 2305 2684 2374 οἷς
2738 2315 3030 2383 προπετῶς
3066 2321 3160 2371 καὶ
3212 2322 3345 2375 Θεὸν
3393 2303 3869 2401 παρωργίσαμεν,

603 2397 837 2450 siderate
872 2404 925 2449 et
959 2396 1023 2448 ad
1047 2396 1384 2449 iracundiam
1415 2394 1584 2449 Deum
1619 2396 1912 2460 movimus,
1943 2404 1997 2449 et
2032 2396 2168 2448 San-

2307 2399 2379 2451 ιαὶ
2426 2401 2617 2468 ἁγίους
2668 2406 3055 2481 ἠτιμήσαμεν,
3107 2414 3205 2467 καὶ
3256 2416 3357 2485 τὴν
3394 2394 3708 2488 ὁμολογίαν
3754 2394 3872 2477 3m;

606 2496 723 2541 ctos
763 2486 1059 2555 ignominia
1090 2485 1392 2549 aﬂ‘ecinius,
1427 2494 1483 2539 et
1514 2485 1859 2540 confessores
1895 2487 2171 2539 damnavi-

2305 2492 2669 2581 γτιασάμεθα,
2705 2497 2800 2550 καὶ
2826 2500 2927 2567 τὴν
2966 2501 3296 2574 Ἐκκλησίαν
3342 2485 3870 2581 δεδυσφημήκαμειδ,

604 2592 750 2643 inus,
789 2586 843 2631 et
877 2575 1176 2633 Ecclesiam
1212 2578 1859 2647 infamavirnus;agetur
1880 2593 2012 2632 sane
2036 2594 2169 2647 prae-

2307 2574 2343 2631 i'i
2379 2579 2445 2632 ἂν
2467 2582 2603 2651 ἔχοι*
2636 2588 2685 2638 εί
2726 2587 2783 2641 δὲ
2815 2590 2913 2659 μὴ,
2956 2592 3073 2646 ἀλλ’
3101 2596 3261 2665 ἡμεῖς
3304 2613 3368 2665 γε
3405 2599 3459 2651 οί
3502 2574 3872 2657 ταπεινοὶ-ἐπί

603 2669 769 2723 clare.
808 2669 903 2723 Sin
952 2669 1159 2730 minus,
1212 2679 1269 2724 at
1323 2684 1423 2724 nos
1460 2678 1607 2723 certe
1662 2668 1898 2722 humiles
1956 2682 2168 2722 manum

2305 2671 2521 2739 ςτόματι
2560 2678 2720 2746 χεῖρα
2778 2680 3158 2753 ἐπιθήσομεν,
3205 2688 3282 2757 μὴ
3329 2692 3747 2762 ὲκκαλούμενοί
3789 2712 3870 2748 σου

603 2763 685 2816 ori
717 2762 1156 2829 admovebimus,
1185 2779 1286 2817 nec
1311 2762 1655 2817 sanctitatem
1677 2772 1823 2815 tuam
1856 2760 1923 2815 ad
1952 2761 2168 2815 alteram

2306 2765 2386 2831 τὴν
2420 2764 2676 2836 ὁσιότητα
2735 2772 2817 2834 εἰς
2853 2772 3113 2844 δευτέραν
3167 2760 3598 2853 γραμματικὴν*
3634 2786 3871 2856 προσφώ-

600 2853 960 2923 scriptionem
998 2854 1331 2907 exarandam
1362 2850 1806 2921 provocabimus.
2287 2868 2462 2920 νησιν.

895 2965 1125 3023 CLXIII.
1152 2996 1224 3007 —
1252 2965 1520 3021 Theodoro
1545 2966 1773 3036 patricio
1803 2962 1890 3021 ('\.
2198 2971 2241 3028 C
2435 2967 2460 3017 Ι

2198 2971 2241 3028 C
2435 2965 2576 3020 ΡΞΓ¹
2600 2969 2732 3044 (55).
2756 3003 2830 3014 —
2850 2978 3128 3046 Θεοδώρῳ
3167 2987 3478 3052 πατρικίῳ.

1912 3075 1989 3126 De
2024 3072 2203 3124 sanctis
2227 3074 2543 3139 imaginibus.

667 3190 747 3246 Ex
781 3190 1114 3245 lionorandis
1155 3188 1355 3243 litteris
1399 3186 1792 3256 conspeximus
1856 3182 2180 3239 laudatissi—

2367 3187 2497 3240 Ἀπὸ
2542 3191 2635 3243 τοῦ
2666 3194 2851 3260 τιμίου
2885 3211 2978 3246 σου
3021 3198 3352 3267 γράμματος
3392 3203 3621 3273 εἴδομεν
3656 3223 3752 3259 σου
3781 3208 3868 3278 τὴν

609 3297 755 3338 mam
784 3282 1131 3336 eminentiam
1181 3290 1328 3334 tuam
1358 3321 1373 3346 ,
1406 3294 1472 3333 ex
1503 3278 1786 3332 auditione
1831 3292 1961 3331 vero
1992 3290 2174 3330 rerum

2303 3280 2644 3352 τανεύφημον
2678 3284 2973 3357 ὑπεροχὴν,
3004 3289 3098 3340 καὶ
3142 3291 3250 3342 ἀπὸ
3284 3293 3617 3363 ἀκροάσεως
3644 3300 3759 3352 τῶν
3792 3318 3868 3369 ση-

608 3389 747 3443 quas
781 3372 1186 3441 signiﬁcabant.
1215 3371 1487 3441 egregiam
1532 3371 1773 3424 animam
1823 3378 1967 3424 tuam
2012 3380 2173 3435 agno-

2304 3372 2630 3440 ιαινομένων
2673 3376 2994 3446 ἐπέγνωμέν
3035 3394 3127 3430 σου
3184 3379 3281 3449 τὴν
3327 3384 3502 3452 καλὴν
3549 3387 3761 3458 ψυχήν.
3806 3392 3869 3443 Τὸ

609 3466 813 3520 vimus.
838 3463 993 3530 Quod
1023 3464 1167 3517 enim
1197 3478 1324 3531 erga
1355 3477 1455 3517 nos
1475 3473 1790 3532 peceatores
1820 3469 1928 3514 tam
1952 3457 2174 3513 honori-

2302 3459 2394 3530 γὰρ
2429 3462 2566 3532 πρὸς
2606 3465 2753 3533 ἡμᾶς
2789 3466 2914 3529 τοὺς
2960 3468 3323 3539 ἁμαρτωλοὺς
3356 3474 3634 3539 τοιούτοις
3667 3482 3867 3551 χρήσα-

609 3560 729 3614 licis
765 3557 948 3614 verbis
971 3571 1106 3612 usus
1139 3571 1223 3619 es,
1252 3556 1509 3625 quodque
1552 3556 1811 3609 humilem
1858 3553 2049 3607 faciem
2084 3565 2174 3603 no-

2303 3554 2412 3606 ςθαι
2439 3562 2749 3627 τιμητικοῖς
2779 3558 2979 3627 λόγοις,
3020 3563 3313 3635 ἐπιθυμεῖν
3340 3582 3400 3619 τε
3431 3569 3599 3637 ἡμῶν
3639 3572 3770 3625 ἰδεῖν
3812 3575 3868 3627 τὸ

615 3659 786 3706 stram
818 3648 1006 3705 videre
1043 3648 1343 3712 desideras,
1373 3661 1438 3700 ac
1493 3646 1788 3700 salutarem
1837 3646 2032 3699 deinde
2064 3658 2180 3698 scr-

2303 3646 2502 3711 εὐτελὲς
2525 3649 2834 3718 πρόσωπον,
2868 3648 2986 3705 εἶτα
3019 3656 3113 3708 καὶ
3140 3658 3542 3729 ἀκουτισθῆναι
3575 3661 3740 3730 λόγον
3775 3682 3868 3717 σω-

611 3756 828 3797 nionem
855 3740 1045 3796 audire
1080 3758 1095 3807 ;
1128 3739 1365 3794 hominis
1395 3747 1482 3793 est
1529 3753 1658 3792 vere
1690 3753 1719 3790 a
1768 3735 1880 3790 Deo
1910 3734 2099 3799 aﬂlati,
2126 3744 2176 3789 et

2301 3740 2495 3809 εήριον,
2519 3738 2711 3808 ἀνδρός
2751 3740 2896 3793 ἐστιν
2929 3741 3097 3807 ὅντως
3138 3746 3345 3811 ἐνθέου,
3387 3750 3484 3801 καὶ
3529 3749 3716 3821 ψυχῆς
3752 3755 3866 3806 ἐπι-

612 3834 809 3889 οιιὶωω
834 3833 1000 3889 Deum
1033 3832 1489 3900 concupiscentis.
1523 3830 1694 3897 Quam
1716 3828 1982 3883 mirabilia
1997 3838 2177 3881 autem

2301 3830 2559 3901 ποθούσης
2609 3830 2756 3885 Θεόν.
2799 3833 2907 3884 Καὶ
2934 3832 3009 3896 ὼς
3037 3834 3323 3905 θαυμαστὰ
3370 3840 3441 3892 τὰ
3475 3842 3624 3912 ἔργα
3652 3844 3750 3896 τοῦ
3781 3863 3866 3914 με·

612 3941 776 3997 0pera
811 3924 995 3997 magni
1040 3934 1093 3978 et
1122 3924 1291 3979 solius
1349 3923 1519 3978 nostri
1562 3923 2003 3977 Christianorum
2038 3920 2130 3974 Dei
2163 3937 2177 3986 ;

2300 3921 2454 3989 γάλου
2502 3922 2595 3975 καὶ
2642 3923 2806 3993 μόνου
2852 3922 2987 3977 Θεοῦ
3026 3926 3183 3996 ἡμῶν
3231 3930 3340 3983 τῶν
3389 3933 3865 4000 Χριπιανῶενότι

612 4020 757 4088 quod
788 4029 841 4074 te
870 4018 937 4074 de
966 4025 1125 4089 gente
1152 4031 1259 4070 non
1291 4022 1478 4071 sancta
1528 4016 1583 4069 in
1628 4014 1994 4070 venerandam
2031 4014 2177 4084 agni-

2300 4014 2521 4067 ὲκάλεσέ
2554 4031 2611 4067 σε
2650 4012 2709 4078 ἐξ
2746 4014 2931 4080 ἔθνους
2961 4017 3057 4087 οὐχ
3085 4018 3234 4071 ὁσίου
3265 4022 3342 4084 είς
3383 4021 3485 4091 τὴν
3517 4024 3728 4094 σεπτὴν
3760 4026 3865 4077 ἐπὶ·

614 4113 817 4166 tionem
851 4112 1092 4165 veritatis
1124 4125 1238 4166 suae
1276 4109 1489 4163 vocavit
1525 4109 1617 4162 tali
1646 4107 1830 4172 modo,
1859 4107 1912 4160 in
1941 4108 2178 4177 speciem

2301 4119 2490 4172 γνωσιν
2531 4105 2629 4174 τῆς
2682 4104 2939 4175 ἀληθείας
2970 4108 3135 4161 αὑτοῦ
3167 4110 3354 4180 τρόπῳ
3400 4112 3721 4184 τηλικούτῳ
3741 4157 3756 4178 ,
3787 4117 3866 4169 δο-

613 4204 833 4274 quidcm
862 4204 1085 4259 minime
1116 4204 1448 4269 voluntario,
1479 4202 1572 4258 sed
1607 4201 1786 4271 reipsa
1815 4199 1997 4254 libera:
2019 4214 2178 4270 quam

2300 4193 2476 4247 κοῦντι
2507 4196 2608 4264 μὲν
2640 4197 2896 4268 ἀκουσίῳ,
2928 4198 3235 4271 αὐθαιρέτῳ
3265 4201 3308 4253 δ’
3352 4202 3433 4255 ὅτι
3479 4206 3746 4273 μάλιστα,
3780 4211 3865 4260 σὺν

614 4296 852 4351 maxime
890 4295 1186 4350 voluntatis
1213 4334 1227 4358 ,
1278 4310 1383 4348 una
1413 4310 1534 4348 cum
1590 4293 1838 4363 cognatis
1893 4293 1988 4363 qui
2019 4291 2179 4348 simul

2301 4288 2402 4348 τοῖς
2471 4286 2878 4350 συνεξελθοῠσιν
2922 4291 3273 4363 ἀρχιερεῦσιν
3329 4291 3490 4364 [C0d.
3532 4297 3676 4368 Reg.
3724 4302 3866 4369 ἀγχι-

615 4385 841 4439 adducti
897 4384 1067 4439 sunt!
1122 4384 1240 4438 Non
1271 4386 1428 4438 aliter
1472 4386 1618 4439 enim
1647 4401 1745 4439 vos
1784 4385 1854 4439 ab
1907 4385 2180 4452 impietate

2299 4375 2556 4447 στεῦσιν]’
2592 4379 2820 4449 ἐπείπερ
2853 4381 3025 4447 ἄλλως
3051 4386 3109 4437 οὺ
3140 4385 3532 4455 δεδοκίμασται
3557 4393 3629 4461 τῇ
3658 4392 3777 4463 θεία
3807 4394 3864 4445 oi-

612 4476 826 4546 eriperc
862 4476 1039 4531 visum
1093 4485 1177 4529 est
1214 4475 1416 4529 divinae
1458 4474 1875 4546 dispensationi.
1931 4474 1975 4529 Ο
2014 4476 2177 4528 mira-

2298 4470 2518 4540 κονομίᾳ
2576 4472 2899 4540 ἀφαρπάσαι
2954 4475 3097 4544 ὑμεῖς
3125 4479 3223 4548 τῆς
3278 4477 3600 4549 ἀθεότητος.
3668 4484 3733 4535 Ὢ
3778 4486 3863 4551 τῆς

615 4570 777 4623 liilem
830 4568 1215 4623 vocationem!
1267 4583 1300 4621 o
1343 4567 1669 4622 laudandam
1709 4566 2179 4637 redemptionem!

2296 4559 2611 4629 θαυμαστῆς
2646 4564 2918 4633 κλήσεωςῑ
2974 4567 3019 4619 ὣ
3062 4570 3159 4640 τῆς
3209 4572 3500 4639 ὲπαινετῆς
3555 4574 3861 4646 ἀπολυτρώ-

615 4658 940 4715 Tran’slatus
982 4676 1043 4715 es
1094 4659 1429 4713 de-tenebris
1483 4659 1534 4711 in
1586 4658 1961 4713 admirabilem
2012 4659 2180 4726 ipsius

2295 4669 2429 4707 σεως
2456 4653 2469 4705 l
2504 4653 2733 4723 ὴνέχθης
2766 4657 2829 4709 ὲκ
2871 4658 3095 4723 σκότους
3126 4661 3207 4719 είς
3254 4664 3316 4715 τὸ
3364 4663 3689 4733 θαυμαστὸν
3714 4668 3860 4720 αὐτοῦ

616 4753 792 4807 lucem
823 4769 836 4804 :
869 4758 1065 4804 exutus
1099 4748 1266 4803 veteri
1308 4749 1546 4813 homine,
1567 4764 1691 4802 cum
1722 4748 1974 4802 absurdis
2004 4748 2181 4801 ethni-

2292 4744 2428 4815 φῶς·
2457 4745 2901 4816 ἀπεκδυσάμενος
2924 4751 3015 4801 τὸν
3037 4752 3265 4805 παλαιὸν
3295 4754 3611 4825 ἄνθρωπον,
3643 4761 3741 4811 σὺν
3765 4764 3856 4823 τοῖς

615 4846 803 4914 cisque
840 4843 1271 4913 Cogitationibus
1335 4851 1390 4895 et
1433 4843 1692 4907 actibus;
1758 4842 2033 4895 Christum
2093 4843 2178 4896 iii-

2287 4838 2515 4901 ἀτόποις
2546 4838 2657 4905 ,καὶ
2703 4839 2933 4904 ὲθνικοῖς
2990 4842 3270 4915 λογισμοῖς
3328 4864 3389 4899 τε
3448 4852 3548 4903 καὶ
3584 4853 3852 4923 πράξεσιν,

616 4937 805 5000 duisti,
842 4935 1189 4989 ChriStianus
1226 4934 1405 5003 reipsa
1444 4948 1544 5003 pro
1577 4934 1821 4997 ethnico,
1863 4932 2009 4987 ﬁlius
2040 4934 2177 4988 lucis

2291 4927 2526 4981 ὲνεδύσω
2559 4932 2649 4983 τὸν
2688 4932 2949 5001 Χριστὸν,
2988 4936 3315 5007 Χριστιανὸς
3345 4940 3462 4992 ἀντ’
3495 4942 3715 4997 ἐθνικοῦ
3743 4962 3856 5015 χρη·

615 5036 669 5079 ct
702 5026 811 5080 diei
856 5041 955 5095 pro
1008 5024 1122 5079 ﬁlio
1158 5025 1509 5079 tenebrarum
1536 5034 1590 5077 et
1630 5025 1808 5079 noctis
1833 5026 2132 5093 impietatis
2164 5042 2179 5089 ;

2290 5022 2557 5092 ματίζων·
2589 5024 2702 5086 υίὸς
2731 5026 2908 5093 φωτὸς
2967 5030 3060 5081 καὶ
3122 5031 3358 5099 ἡμέρας,
3394 5033 3517 5085 ἀνθ’
3568 5035 3691 5087 υἱοῦ
3744 5039 3855 5089 σχέο

616 5130 788 5170 unum
816 5114 985 5170 Deum
1042 5113 1253 5179 colens,
1287 5113 1466 5182 quiin
1520 5113 1677 5167 Patre
1705 5124 1759 5166 et
1802 5112 1941 5167 Filio
1974 5123 2027 5166 et
2061 5113 2181 5179 Spi-

2287 5134 2413 5176 τους
2454 5114 2546 5166 καὶ
2581 5116 2770 5177 νυκτὸς
2797 5118 3068 5183 ἀσεϐείας·
3105 5122 3201 5175 ἕνα
3240 5123 3373 5175 θεὸν
3427 5125 3646 5192 σέϐων,
3682 5129 3769 5179 τὸν
3809 5132 3852 5180 ἐν

616 5208 724 5261 ritu
759 5216 952 5261 sancto
985 5206 1286 5269 adoratttr;
1317 5205 1682 5259 multitudinis
1711 5204 1935 5259 deorum
1977 5214 2029 5258 et
2068 5204 2181 5257 Bul-

2288 5204 2469 5273 Ιιατρὶ
2498 5205 2591 5256 καὶ
2627 5204 2739 5274 Υίῷ
2768 5208 2859 5258 καὶ
2889 5208 3027 5277 ἀγίῳ
3056 5211 3339 5280 Πνεύματι
3365 5217 3851 5286 προσκυνούμενον·

618 5299 815 5368 garica:
847 5296 1166 5352 idololatria:
1218 5297 1430 5368 fugiens
1454 5297 1644 5351 falsam
1667 5298 1979 5366 religionem
2003 5312 2183 5376 :_con-

2291 5294 2587 5362 πεφευγὼς
2635 5296 2736 5365 τῆς
2778 5297 3069 5362 πολυθεῖας
3099 5302 3194 5353 καὶ
3226 5301 3617 5376 Βουλγαρικῆς
3667 5308 3854 5359 εἰδωλο-

619 5392 776 5445 liteiis
832 5389 1030 5445 deinde
1067 5406 1234 5444 unum
1284 5392 1352 5445 de
1413 5400 1599 5445 sancta
1655 5388 1940 5454 Trinitate,
1982 5372 2181 5443 Filium

2291 5386 2549 5457 λατρείας
2577 5388 2676 5460 τὴν
2707 5390 3046 5445 δυσσέϐειαν·
3079 5391 3199 5446 εἶτα
3234 5395 3329 5446 καὶ
3351 5372 3641 5467 ὁμολογῶν
3668 5402 3753 5452 τὸν
3778 5403 3852 5452 ἓεα

619 5483 794 5554 ipsum
839 5494 895 5539 et
931 5482 1169 5540 Verbum
1221 5482 1315 5538 Dei
1370 5498 1465 5553 per
1506 5498 1775 5538 summam
1829 5498 1954 5553 erga
2014 5495 2184 5551 genus

2295 5480 2392 5550 τῆς
2424 5481 2586 5550 ἁγίας
2619 5482 2879 5553 Τριάδος,
2915 5484 3077 5538 αὑτὸν
3115 5485 3205 5539 τὸν
3250 5486 3381 5541 Υἰὸν
3414 5490 3515 5543 καὶ
3566 5494 3736 5562 Λόγον
3778 5493 3853 5546 τοῦ

2122 5686 2354 5743 NOTAE.

690 5803 765 5869 β)
793 5803 1129 5873 Dogmatica.

2371 5802 2481 5873 (55)
2509 5803 2563 5859 in
2590 5804 2709 5887 cod.
2739 5804 2870 5877 Reg.
2905 5806 3038 5877 ρμδ’.
