  <div class='ocr_page' id='page_1' title='image "/cluster/home/n/w/nwhite01/storage/ocr_20150623/99/pst.000005714063/820.png"; bbox 0 0 3964 6320; ppageno 0'>
   <div class='ocr_carea' id='block_1_1' title="bbox 112 404 238 469">
    <p class='ocr_par' dir='ltr' id='par_1_1' title="bbox 112 404 238 469">
     <span class='ocr_line' id='line_1_1' title="bbox 112 404 238 469; baseline 0.008 -3"><span class='ocrx_word' id='word_1_1' title='bbox 112 404 238 469; x_wconf 85' lang='grc'><strong>1517</strong></span> 
     </span>
    </p>
   </div>
   <div class='ocr_carea' id='block_1_2' title="bbox 1310 400 2168 460">
    <p class='ocr_par' dir='ltr' id='par_1_2' title="bbox 1310 400 2168 460">
     <span class='ocr_line' id='line_1_2' title="bbox 1310 400 2168 460; baseline -0.003 0"><span class='ocrx_word' id='word_1_2' title='bbox 1310 401 1842 460; x_wconf 81' lang='lat' dir='ltr'><strong>EPISTOLARUM</strong></span> <span class='ocrx_word' id='word_1_3' title='bbox 1880 400 2027 459; x_wconf 82' lang='lat' dir='ltr'><strong>LIB.</strong></span> <span class='ocrx_word' id='word_1_4' title='bbox 2087 401 2168 458; x_wconf 83' lang='grc' dir='ltr'><strong>ΙΙ.</strong></span> 
     </span>
    </p>
   </div>
   <div class='ocr_carea' id='block_1_3' title="bbox 3217 403 3352 465">
    <p class='ocr_par' dir='ltr' id='par_1_3' title="bbox 3217 403 3352 465">
     <span class='ocr_line' id='line_1_3' title="bbox 3217 403 3352 465; baseline -0.007 0"><span class='ocrx_word' id='word_1_5' title='bbox 3217 403 3352 465; x_wconf 80' lang='grc'><strong>1518</strong></span> 
     </span>
    </p>
   </div>
   <div class='ocr_carea' id='block_1_4' title="bbox 107 484 1693 584">
    <p class='ocr_par' dir='ltr' id='par_1_4' title="bbox 107 484 1674 584">
     <span class='ocr_line' id='line_1_4' title="bbox 107 484 1674 584; baseline -0.007 -11"><span class='ocrx_word' id='word_1_6' title='bbox 107 513 257 581; x_wconf 75' lang='grc' dir='ltr'>Θεοῦ,</span> <span class='ocrx_word' id='word_1_7' title='bbox 302 484 381 570; x_wconf 58' lang='grc' dir='ltr'>δι’</span> <span class='ocrx_word' id='word_1_8' title='bbox 414 512 749 584; x_wconf 71' lang='grc' dir='ltr'>ὑπερϐάλλον</span> <span class='ocrx_word' id='word_1_9' title='bbox 780 511 928 576; x_wconf 78' lang='grc' dir='ltr'>ἔλεος</span> <span class='ocrx_word' id='word_1_10' title='bbox 972 512 1068 565; x_wconf 88' lang='grc' dir='ltr'><strong>τοῦ</strong></span> <span class='ocrx_word' id='word_1_11' title='bbox 1109 512 1231 565; x_wconf 72' lang='grc' dir='ltr'>καθ’</span> <span class='ocrx_word' id='word_1_12' title='bbox 1259 515 1407 583; x_wconf 81' lang='grc' dir='ltr'>ἡμᾶς</span> <span class='ocrx_word' id='word_1_13' title='bbox 1452 516 1674 581; x_wconf 80' lang='grc' dir='ltr'><strong>γένους,</strong></span> 
     </span>
    </p>
   </div>
   <div class='ocr_carea' id='block_1_5' title="bbox 1798 484 3355 584">
    <p class='ocr_par' dir='ltr' id='par_1_5' title="bbox 1798 508 3355 568">
     <span class='ocr_line' id='line_1_5' title="bbox 1798 508 3355 568; baseline 0.001 -4"><span class='ocrx_word' id='word_1_14' title='bbox 1798 518 2024 565; x_wconf 80' lang='lat' dir='ltr'><strong>tostrum</strong></span> <span class='ocrx_word' id='word_1_15' title='bbox 2050 508 2486 564; x_wconf 88' lang='lat' dir='ltr'><strong>miscricordiam</strong></span> <span class='ocrx_word' id='word_1_16' title='bbox 2520 509 2800 565; x_wconf 89' lang='lat' dir='ltr'><strong>hominem</strong></span> <span class='ocrx_word' id='word_1_17' title='bbox 2826 526 2949 567; x_wconf 89' lang='lat' dir='ltr'><strong>esse</strong></span> <span class='ocrx_word' id='word_1_18' title='bbox 2978 510 3179 567; x_wconf 81' lang='lat' dir='ltr'><strong>factum</strong></span> <span class='ocrx_word' id='word_1_19' title='bbox 3205 515 3355 568; x_wconf 90' lang='lat' dir='ltr'><strong>siml-</strong></span> 
     </span>
    </p>
   </div>
   <div class='ocr_carea' id='block_1_6' title="bbox 109 604 1680 679">
    <p class='ocr_par' dir='ltr' id='par_1_6' title="bbox 109 604 1680 679">
     <span class='ocr_line' id='line_1_6' title="bbox 109 604 1680 679; baseline -0.005 -17"><span class='ocrx_word' id='word_1_20' title='bbox 109 610 387 679; x_wconf 82' lang='grc' dir='ltr'>ἄνθρωπον</span> <span class='ocrx_word' id='word_1_21' title='bbox 413 606 742 675; x_wconf 81' lang='grc' dir='ltr'>γεγενῆσθαι</span> <span class='ocrx_word' id='word_1_22' title='bbox 771 607 955 674; x_wconf 81' lang='grc' dir='ltr'>ὅμοιον</span> <span class='ocrx_word' id='word_1_23' title='bbox 978 607 1112 674; x_wconf 81' lang='grc' dir='ltr'>ἡμῖν</span> <span class='ocrx_word' id='word_1_24' title='bbox 1140 605 1278 658; x_wconf 81' lang='grc' dir='ltr'>κατὰ</span> <span class='ocrx_word' id='word_1_25' title='bbox 1312 606 1510 667; x_wconf 81' lang='grc' dir='ltr'>πάντα,</span> <span class='ocrx_word' id='word_1_26' title='bbox 1540 604 1680 673; x_wconf 83' lang='grc' dir='ltr'><strong>μετά</strong></span> 
     </span>
    </p>
   </div>
   <div class='ocr_carea' id='block_1_7' title="bbox 112 691 1679 760">
    <p class='ocr_par' dir='ltr' id='par_1_7' title="bbox 112 691 1679 760">
     <span class='ocr_line' id='line_1_7' title="bbox 112 691 1679 760; baseline -0.004 -11"><span class='ocrx_word' id='word_1_27' title='bbox 112 700 199 751; x_wconf 72' lang='grc' dir='ltr'>καὶ</span> <span class='ocrx_word' id='word_1_28' title='bbox 240 696 332 749; x_wconf 82' lang='grc' dir='ltr'><strong>τοῦ</strong></span> <span class='ocrx_word' id='word_1_29' title='bbox 364 692 506 747; x_wconf 75' lang='grc' dir='ltr'>εἶναι</span> <span class='ocrx_word' id='word_1_30' title='bbox 561 694 655 747; x_wconf 89' lang='grc' dir='ltr'><strong>τὸν</strong></span> <span class='ocrx_word' id='word_1_31' title='bbox 701 694 864 746; x_wconf 83' lang='grc' dir='ltr'>αὐτὸν</span> <span class='ocrx_word' id='word_1_32' title='bbox 906 693 1038 745; x_wconf 83' lang='grc' dir='ltr'>Θεὸν</span> <span class='ocrx_word' id='word_1_33' title='bbox 1085 694 1313 747; x_wconf 80' lang='grc' dir='ltr'>τέλειον.</span> <span class='ocrx_word' id='word_1_34' title='bbox 1347 693 1476 754; x_wconf 84' lang='grc' dir='ltr'>Θεὸς</span> <span class='ocrx_word' id='word_1_35' title='bbox 1514 693 1620 760; x_wconf 80' lang='grc' dir='ltr'>γὰρ</span> <span class='ocrx_word' id='word_1_36' title='bbox 1651 691 1679 742; x_wconf 89' lang='grc' dir='ltr'>ὁ</span> 
     </span>
    </p>
   </div>
   <div class='ocr_carea' id='block_1_8' title="bbox 110 782 1681 858">
    <p class='ocr_par' dir='ltr' id='par_1_8' title="bbox 110 782 1681 858">
     <span class='ocr_line' id='line_1_8' title="bbox 110 782 1681 858; baseline -0.006 -15"><span class='ocrx_word' id='word_1_37' title='bbox 110 790 314 858; x_wconf 81' lang='grc' dir='ltr'>Πατὴρ,</span> <span class='ocrx_word' id='word_1_38' title='bbox 355 786 487 847; x_wconf 88' lang='grc' dir='ltr'>Θεὸς</span> <span class='ocrx_word' id='word_1_39' title='bbox 519 786 614 839; x_wconf 76' lang='grc' dir='ltr'>καὶ</span> <span class='ocrx_word' id='word_1_40' title='bbox 660 786 688 837; x_wconf 89' lang='grc' dir='ltr'>ὁ</span> <span class='ocrx_word' id='word_1_41' title='bbox 740 786 889 849; x_wconf 85' lang='grc' dir='ltr'>Υἱὸς,</span> <span class='ocrx_word' id='word_1_42' title='bbox 934 785 1064 848; x_wconf 81' lang='grc' dir='ltr'>Θεὸς</span> <span class='ocrx_word' id='word_1_43' title='bbox 1117 785 1212 837; x_wconf 79' lang='grc' dir='ltr'><strong>καὶ</strong></span> <span class='ocrx_word' id='word_1_44' title='bbox 1259 784 1321 837; x_wconf 88' lang='grc' dir='ltr'><strong>τὸ</strong></span> <span class='ocrx_word' id='word_1_45' title='bbox 1372 784 1596 853; x_wconf 80' lang='grc' dir='ltr'>Πνεῦμα</span> <span class='ocrx_word' id='word_1_46' title='bbox 1623 782 1681 835; x_wconf 86' lang='grc' dir='ltr'><strong>τὸ</strong></span> 
     </span>
    </p>
   </div>
   <div class='ocr_carea' id='block_1_9' title="bbox 112 872 1682 948">
    <p class='ocr_par' dir='ltr' id='par_1_9' title="bbox 112 872 1682 948">
     <span class='ocr_line' id='line_1_9' title="bbox 112 872 1682 948; baseline -0.004 -15"><span class='ocrx_word' id='word_1_47' title='bbox 112 881 276 948; x_wconf 77' lang='grc' dir='ltr'>ἅγιον·</span> <span class='ocrx_word' id='word_1_48' title='bbox 312 872 389 939; x_wconf 81' lang='grc' dir='ltr'>εἷς</span> <span class='ocrx_word' id='word_1_49' title='bbox 437 877 589 940; x_wconf 87' lang='grc' dir='ltr'>Θεὸς,</span> <span class='ocrx_word' id='word_1_50' title='bbox 620 877 681 929; x_wconf 84' lang='grc' dir='ltr'><strong>οὐ</strong></span> <span class='ocrx_word' id='word_1_51' title='bbox 720 880 868 947; x_wconf 81' lang='grc' dir='ltr'>τρεῖς</span> <span class='ocrx_word' id='word_1_52' title='bbox 906 876 1039 940; x_wconf 73' lang='grc' dir='ltr'>θεοὶ,</span> <span class='ocrx_word' id='word_1_53' title='bbox 1087 877 1267 944; x_wconf 85' lang='grc' dir='ltr'>ἄπαγε</span> <span class='ocrx_word' id='word_1_54' title='bbox 1290 893 1304 907; x_wconf 85' lang='grc'>⁶</span> <span class='ocrx_word' id='word_1_55' title='bbox 1345 875 1405 927; x_wconf 90' lang='grc' dir='ltr'><strong>τὸ</strong></span> <span class='ocrx_word' id='word_1_56' title='bbox 1445 876 1562 944; x_wconf 80' lang='grc' dir='ltr'>μὲν,</span> <span class='ocrx_word' id='word_1_57' title='bbox 1594 876 1682 928; x_wconf 78' lang='grc' dir='ltr'><strong>διὰ</strong></span> 
     </span>
    </p>
   </div>
   <div class='ocr_carea' id='block_1_10' title="bbox 110 964 1679 1040">
    <p class='ocr_par' dir='ltr' id='par_1_10' title="bbox 110 964 1679 1040">
     <span class='ocr_line' id='line_1_10' title="bbox 110 964 1679 1040; baseline -0.004 -17"><span class='ocrx_word' id='word_1_58' title='bbox 110 972 203 1040; x_wconf 75' lang='grc' dir='ltr'>τὴν</span> <span class='ocrx_word' id='word_1_59' title='bbox 239 969 368 1036; x_wconf 84' lang='grc' dir='ltr'>μίαν</span> <span class='ocrx_word' id='word_1_60' title='bbox 396 967 652 1036; x_wconf 78' lang='grc' dir='ltr'>θεότητα·</span> <span class='ocrx_word' id='word_1_61' title='bbox 680 968 742 1020; x_wconf 88' lang='grc' dir='ltr'><strong>τὸ</strong></span> <span class='ocrx_word' id='word_1_62' title='bbox 767 967 828 1020; x_wconf 80' lang='grc' dir='ltr'><strong>δὲ</strong></span> <span class='ocrx_word' id='word_1_63' title='bbox 850 967 935 1019; x_wconf 87' lang='grc' dir='ltr'><strong>διὰ</strong></span> <span class='ocrx_word' id='word_1_64' title='bbox 962 968 1030 1021; x_wconf 76' lang='grc' dir='ltr'>τὰ</span> <span class='ocrx_word' id='word_1_65' title='bbox 1060 967 1188 1036; x_wconf 82' lang='grc' dir='ltr'>τρία</span> <span class='ocrx_word' id='word_1_66' title='bbox 1217 966 1506 1037; x_wconf 82' lang='grc' dir='ltr'>πρόσωπα.</span> <span class='ocrx_word' id='word_1_67' title='bbox 1533 964 1679 1035; x_wconf 79' lang='grc' dir='ltr'>Αὕτη</span> 
     </span>
    </p>
   </div>
   <div class='ocr_carea' id='block_1_11' title="bbox 110 1057 1683 1131">
    <p class='ocr_par' dir='ltr' id='par_1_11' title="bbox 110 1057 1683 1131">
     <span class='ocr_line' id='line_1_11' title="bbox 110 1057 1683 1131; baseline -0.001 -20"><span class='ocrx_word' id='word_1_68' title='bbox 110 1065 140 1131; x_wconf 84' lang='grc' dir='ltr'>ἡ</span> <span class='ocrx_word' id='word_1_69' title='bbox 172 1059 396 1130; x_wconf 82' lang='grc' dir='ltr'>ἀληθινὴ</span> <span class='ocrx_word' id='word_1_70' title='bbox 440 1059 620 1122; x_wconf 78' lang='grc' dir='ltr'>πίστις</span> <span class='ocrx_word' id='word_1_71' title='bbox 659 1060 767 1111; x_wconf 90' lang='grc' dir='ltr'><strong>τῶν</strong></span> <span class='ocrx_word' id='word_1_72' title='bbox 797 1058 1163 1129; x_wconf 72' lang='grc' dir='ltr'><strong>Χριστιανῶν,</strong></span> <span class='ocrx_word' id='word_1_73' title='bbox 1195 1057 1547 1128; x_wconf 84' lang='grc' dir='ltr'>καταργοῦσα</span> <span class='ocrx_word' id='word_1_74' title='bbox 1576 1057 1683 1109; x_wconf 84' lang='grc' dir='ltr'><strong>πᾶ-</strong></span> 
     </span>
    </p>
   </div>
   <div class='ocr_carea' id='block_1_12' title="bbox 112 1150 843 1221">
    <p class='ocr_par' dir='ltr' id='par_1_12' title="bbox 112 1150 843 1221">
     <span class='ocr_line' id='line_1_12' title="bbox 112 1150 843 1221; baseline 0 -18"><span class='ocrx_word' id='word_1_75' title='bbox 112 1167 205 1203; x_wconf 88' lang='grc' dir='ltr'><strong>σαν</strong></span> <span class='ocrx_word' id='word_1_76' title='bbox 235 1150 442 1219; x_wconf 78' lang='grc' dir='ltr'>πλάνην</span> <span class='ocrx_word' id='word_1_77' title='bbox 480 1154 574 1202; x_wconf 71' lang='grc' dir='ltr'><strong>καὶ</strong></span> <span class='ocrx_word' id='word_1_78' title='bbox 608 1151 843 1221; x_wconf 80' lang='grc' dir='ltr'>αἵρεσιν.</span> 
     </span>
    </p>
   </div>
   <div class='ocr_carea' id='block_1_13' title="bbox 191 1241 1679 1314">
    <p class='ocr_par' dir='ltr' id='par_1_13' title="bbox 191 1241 1679 1314">
     <span class='ocr_line' id='line_1_13' title="bbox 191 1241 1679 1314; baseline 0.001 -21"><span class='ocrx_word' id='word_1_79' title='bbox 191 1241 405 1314; x_wconf 80' lang='grc' dir='ltr'><strong>Ἐπειδὴ</strong></span> <span class='ocrx_word' id='word_1_80' title='bbox 430 1243 488 1295; x_wconf 78' lang='grc' dir='ltr'>δὲ</span> <span class='ocrx_word' id='word_1_81' title='bbox 528 1243 751 1305; x_wconf 84' lang='grc' dir='ltr'>διπλοῦς</span> <span class='ocrx_word' id='word_1_82' title='bbox 776 1245 803 1295; x_wconf 85' lang='grc' dir='ltr'><strong>ὁ</strong></span> <span class='ocrx_word' id='word_1_83' title='bbox 840 1243 1096 1313; x_wconf 80' lang='grc' dir='ltr'>Χριστὸς,</span> <span class='ocrx_word' id='word_1_84' title='bbox 1124 1242 1263 1297; x_wconf 85' lang='grc' dir='ltr'>καθὸ</span> <span class='ocrx_word' id='word_1_85' title='bbox 1296 1241 1426 1306; x_wconf 76' lang='grc' dir='ltr'>Θεὸς</span> <span class='ocrx_word' id='word_1_86' title='bbox 1456 1242 1679 1304; x_wconf 86' lang='grc' dir='ltr'>τέλειος,</span> 
     </span>
    </p>
   </div>
   <div class='ocr_carea' id='block_1_14' title="bbox 113 1335 1684 1407">
    <p class='ocr_par' dir='ltr' id='par_1_14' title="bbox 113 1335 1684 1407">
     <span class='ocr_line' id='line_1_14' title="bbox 113 1335 1684 1407; baseline 0.001 -22"><span class='ocrx_word' id='word_1_87' title='bbox 113 1336 205 1388; x_wconf 70' lang='grc' dir='ltr'><strong>καὶ</strong></span> <span class='ocrx_word' id='word_1_88' title='bbox 250 1335 535 1407; x_wconf 84' lang='grc' dir='ltr'>ἅνθρωπος</span> <span class='ocrx_word' id='word_1_89' title='bbox 586 1336 809 1398; x_wconf 87' lang='grc' dir='ltr'>τέλειος·</span> <span class='ocrx_word' id='word_1_90' title='bbox 847 1336 908 1387; x_wconf 90' lang='grc' dir='ltr'><strong>τὸ</strong></span> <span class='ocrx_word' id='word_1_91' title='bbox 960 1336 1057 1404; x_wconf 84' lang='grc' dir='ltr'><strong>μὲν</strong></span> <span class='ocrx_word' id='word_1_92' title='bbox 1101 1337 1175 1399; x_wconf 84' lang='grc' dir='ltr'><strong>ὡς</strong></span> <span class='ocrx_word' id='word_1_93' title='bbox 1222 1339 1285 1389; x_wconf 84' lang='grc' dir='ltr'>ὲκ</span> <span class='ocrx_word' id='word_1_94' title='bbox 1328 1336 1421 1390; x_wconf 76' lang='grc' dir='ltr'><strong>τοῦ</strong></span> <span class='ocrx_word' id='word_1_95' title='bbox 1473 1336 1684 1405; x_wconf 69' lang='grc' dir='ltr'>Πατρὸς</span> 
     </span>
    </p>
   </div>
   <div class='ocr_carea' id='block_1_15' title="bbox 113 1425 1684 1497">
    <p class='ocr_par' dir='ltr' id='par_1_15' title="bbox 113 1425 1684 1497">
     <span class='ocr_line' id='line_1_15' title="bbox 113 1425 1684 1497; baseline 0.001 -19"><span class='ocrx_word' id='word_1_96' title='bbox 113 1429 389 1494; x_wconf 72' lang='grc' dir='ltr'>γεννηθεὶς</span> <span class='ocrx_word' id='word_1_97' title='bbox 421 1427 527 1497; x_wconf 81' lang='grc' dir='ltr'><strong>πρὸ</strong></span> <span class='ocrx_word' id='word_1_98' title='bbox 570 1425 799 1489; x_wconf 80' lang='grc' dir='ltr'>αἰώνων,</span> <span class='ocrx_word' id='word_1_99' title='bbox 840 1426 915 1489; x_wconf 83' lang='grc' dir='ltr'>ὡς</span> <span class='ocrx_word' id='word_1_100' title='bbox 944 1428 1001 1491; x_wconf 80' lang='grc' dir='ltr'>ἐξ</span> <span class='ocrx_word' id='word_1_101' title='bbox 1034 1428 1188 1497; x_wconf 84' lang='grc' dir='ltr'>ἡλίου</span> <span class='ocrx_word' id='word_1_102' title='bbox 1228 1428 1594 1497; x_wconf 76' lang='grc' dir='ltr'><strong>ἀπαύγασμα·</strong></span> <span class='ocrx_word' id='word_1_103' title='bbox 1623 1427 1684 1479; x_wconf 86' lang='grc' dir='ltr'><strong>τὸ</strong></span> 
     </span>
    </p>
   </div>
   <div class='ocr_carea' id='block_1_16' title="bbox 113 1516 1682 1589">
    <p class='ocr_par' dir='ltr' id='par_1_16' title="bbox 113 1516 1682 1589">
     <span class='ocr_line' id='line_1_16' title="bbox 113 1516 1682 1589; baseline 0.003 -20"><span class='ocrx_word' id='word_1_104' title='bbox 113 1517 166 1569; x_wconf 81' lang='grc' dir='ltr'><strong>δὲ</strong></span> <span class='ocrx_word' id='word_1_105' title='bbox 211 1519 273 1570; x_wconf 83' lang='grc' dir='ltr'>ἐκ</span> <span class='ocrx_word' id='word_1_106' title='bbox 322 1518 424 1584; x_wconf 73' lang='grc' dir='ltr'>τῆς</span> <span class='ocrx_word' id='word_1_107' title='bbox 484 1516 687 1585; x_wconf 74' lang='grc' dir='ltr'>μητρὸς</span> <span class='ocrx_word' id='word_1_108' title='bbox 723 1518 811 1569; x_wconf 73' lang='grc' dir='ltr'>ἐπ’</span> <span class='ocrx_word' id='word_1_109' title='bbox 862 1519 1108 1587; x_wconf 77' lang='grc' dir='ltr'><strong>ἐσχάτων</strong></span> <span class='ocrx_word' id='word_1_110' title='bbox 1151 1518 1258 1570; x_wconf 87' lang='grc' dir='ltr'><strong>τῶν</strong></span> <span class='ocrx_word' id='word_1_111' title='bbox 1286 1518 1515 1589; x_wconf 83' lang='grc' dir='ltr'>χρόνων,</span> <span class='ocrx_word' id='word_1_112' title='bbox 1543 1518 1617 1573; x_wconf 76' lang='grc' dir='ltr'>ὡς</span> <span class='ocrx_word' id='word_1_113' title='bbox 1651 1520 1682 1588; x_wconf 81' lang='grc' dir='ltr'>ἡ</span> 
     </span>
    </p>
   </div>
   <div class='ocr_carea' id='block_1_17' title="bbox 114 1610 1680 1680">
    <p class='ocr_par' dir='ltr' id='par_1_17' title="bbox 114 1610 1680 1680">
     <span class='ocr_line' id='line_1_17' title="bbox 114 1610 1680 1680; baseline 0 -17"><span class='ocrx_word' id='word_1_114' title='bbox 114 1612 229 1665; x_wconf 72' lang='grc' dir='ltr'>καθ’</span> <span class='ocrx_word' id='word_1_115' title='bbox 288 1612 438 1679; x_wconf 83' lang='grc' dir='ltr'>ἡμᾶς</span> <span class='ocrx_word' id='word_1_116' title='bbox 493 1610 781 1679; x_wconf 83' lang='grc' dir='ltr'>γέννησις,</span> <span class='ocrx_word' id='word_1_117' title='bbox 837 1610 1034 1680; x_wconf 83' lang='grc' dir='ltr'>μᾶλλον</span> <span class='ocrx_word' id='word_1_118' title='bbox 1093 1611 1149 1663; x_wconf 86' lang='grc' dir='ltr'><strong>δὲ</strong></span> <span class='ocrx_word' id='word_1_119' title='bbox 1193 1612 1287 1663; x_wconf 69' lang='grc' dir='ltr'><strong>καὶ</strong></span> <span class='ocrx_word' id='word_1_120' title='bbox 1323 1612 1461 1680; x_wconf 78' lang='grc' dir='ltr'>ὑπὲρ</span> <span class='ocrx_word' id='word_1_121' title='bbox 1513 1612 1680 1680; x_wconf 69' lang='grc' dir='ltr'>ἡμᾶς*</span> 
     </span>
    </p>
   </div>
   <div class='ocr_carea' id='block_1_18' title="bbox 115 1701 1684 1774">
    <p class='ocr_par' dir='ltr' id='par_1_18' title="bbox 115 1701 1684 1774">
     <span class='ocr_line' id='line_1_18' title="bbox 115 1701 1684 1774; baseline -0.002 -19"><span class='ocrx_word' id='word_1_122' title='bbox 115 1704 296 1773; x_wconf 77' lang='grc' dir='ltr'>ἐπειδὴ</span> <span class='ocrx_word' id='word_1_123' title='bbox 335 1701 602 1772; x_wconf 77' lang='grc' dir='ltr'>παρθένος</span> <span class='ocrx_word' id='word_1_124' title='bbox 657 1703 690 1771; x_wconf 80' lang='grc' dir='ltr'><strong>ἡ</strong></span> <span class='ocrx_word' id='word_1_125' title='bbox 736 1701 1010 1767; x_wconf 87' lang='grc' dir='ltr'>τεκοῦσα,</span> <span class='ocrx_word' id='word_1_126' title='bbox 1062 1704 1158 1755; x_wconf 79' lang='grc' dir='ltr'><strong>καὶ</strong></span> <span class='ocrx_word' id='word_1_127' title='bbox 1198 1704 1350 1774; x_wconf 74' lang='grc' dir='ltr'>πρὶν,</span> <span class='ocrx_word' id='word_1_128' title='bbox 1391 1704 1482 1755; x_wconf 70' lang='grc' dir='ltr'><strong>καὶ</strong></span> <span class='ocrx_word' id='word_1_129' title='bbox 1522 1704 1577 1753; x_wconf 80' lang='grc' dir='ltr'>ἐν</span> <span class='ocrx_word' id='word_1_130' title='bbox 1608 1701 1684 1772; x_wconf 78' lang='grc' dir='ltr'>τῷ</span> 
     </span>
    </p>
   </div>
   <div class='ocr_carea' id='block_1_19' title="bbox 113 1790 1685 1863">
    <p class='ocr_par' dir='ltr' id='par_1_19' title="bbox 113 1790 1685 1863">
     <span class='ocr_line' id='line_1_19' title="bbox 113 1790 1685 1863; baseline -0.002 -16"><span class='ocrx_word' id='word_1_131' title='bbox 113 1798 332 1853; x_wconf 82' lang='grc' dir='ltr'>τίκτειν,</span> <span class='ocrx_word' id='word_1_132' title='bbox 375 1795 470 1847; x_wconf 69' lang='grc' dir='ltr'><strong>καὶ</strong></span> <span class='ocrx_word' id='word_1_133' title='bbox 505 1794 642 1861; x_wconf 85' lang='grc' dir='ltr'>μετὰ</span> <span class='ocrx_word' id='word_1_134' title='bbox 673 1793 733 1845; x_wconf 84' lang='grc' dir='ltr'><strong>τὸ</strong></span> <span class='ocrx_word' id='word_1_135' title='bbox 765 1795 969 1847; x_wconf 86' lang='grc' dir='ltr'>τίκτειν</span> <span class='ocrx_word' id='word_1_136' title='bbox 990 1813 1003 1825; x_wconf 87' lang='grc'><strong>·</strong></span> <span class='ocrx_word' id='word_1_137' title='bbox 1035 1795 1120 1863; x_wconf 76' lang='grc' dir='ltr'><strong>ἐφ’</strong></span> <span class='ocrx_word' id='word_1_138' title='bbox 1146 1790 1226 1857; x_wconf 73' lang='grc' dir='ltr'>οἷς</span> <span class='ocrx_word' id='word_1_139' title='bbox 1279 1794 1374 1847; x_wconf 74' lang='grc' dir='ltr'><strong>καὶ</strong></span> <span class='ocrx_word' id='word_1_140' title='bbox 1425 1794 1685 1856; x_wconf 79' lang='grc' dir='ltr'>Θεοτὸκος</span> 
     </span>
    </p>
   </div>
   <div class='ocr_carea' id='block_1_20' title="bbox 1781 601 3360 674">
    <p class='ocr_par' dir='ltr' id='par_1_20' title="bbox 1781 601 3360 674">
     <span class='ocr_line' id='line_1_20' title="bbox 1781 601 3360 674; baseline 0.002 -20"><span class='ocrx_word' id='word_1_141' title='bbox 1781 602 1884 654; x_wconf 90' lang='lat' dir='ltr'><strong>lem</strong></span> <span class='ocrx_word' id='word_1_142' title='bbox 1912 601 2070 655; x_wconf 89' lang='lat' dir='ltr'><strong>nobis</strong></span> <span class='ocrx_word' id='word_1_143' title='bbox 2099 616 2197 670; x_wconf 87' lang='lat' dir='ltr'><strong>per</strong></span> <span class='ocrx_word' id='word_1_144' title='bbox 2219 601 2423 667; x_wconf 88' lang='lat' dir='ltr'><strong>omnia,</strong></span> <span class='ocrx_word' id='word_1_145' title='bbox 2455 617 2577 656; x_wconf 85' lang='lat' dir='ltr'><strong>eum</strong></span> <span class='ocrx_word' id='word_1_146' title='bbox 2606 603 2745 658; x_wconf 90' lang='lat' dir='ltr'><strong>idem</strong></span> <span class='ocrx_word' id='word_1_147' title='bbox 2782 604 2896 674; x_wconf 91' lang='lat' dir='ltr'><strong>ipse</strong></span> <span class='ocrx_word' id='word_1_148' title='bbox 2922 606 3192 673; x_wconf 87' lang='lat' dir='ltr'><strong>perfectus</strong></span> <span class='ocrx_word' id='word_1_149' title='bbox 3213 616 3360 661; x_wconf 80' lang='lat' dir='ltr'><strong>esset</strong></span> 
     </span>
    </p>
   </div>
   <div class='ocr_carea' id='block_1_21' title="bbox 1786 691 3359 759">
    <p class='ocr_par' dir='ltr' id='par_1_21' title="bbox 1786 691 3359 759">
     <span class='ocr_line' id='line_1_21' title="bbox 1786 691 3359 759; baseline 0.001 -13"><span class='ocrx_word' id='word_1_150' title='bbox 1786 694 1946 748; x_wconf 87' lang='lat' dir='ltr'><strong>Deus.</strong></span> <span class='ocrx_word' id='word_1_151' title='bbox 1992 694 2134 749; x_wconf 86' lang='lat' dir='ltr'><strong>Deus</strong></span> <span class='ocrx_word' id='word_1_152' title='bbox 2178 694 2324 747; x_wconf 90' lang='lat' dir='ltr'><strong>enim</strong></span> <span class='ocrx_word' id='word_1_153' title='bbox 2350 691 2533 757; x_wconf 87' lang='lat' dir='ltr'><strong>Pater,</strong></span> <span class='ocrx_word' id='word_1_154' title='bbox 2600 693 2743 750; x_wconf 84' lang='lat' dir='ltr'><strong>Deus</strong></span> <span class='ocrx_word' id='word_1_155' title='bbox 2794 704 2850 748; x_wconf 91' lang='lat' dir='ltr'><strong>et</strong></span> <span class='ocrx_word' id='word_1_156' title='bbox 2884 694 3079 759; x_wconf 86' lang='lat' dir='ltr'><strong>Filius,</strong></span> <span class='ocrx_word' id='word_1_157' title='bbox 3114 696 3256 748; x_wconf 90' lang='lat' dir='ltr'><strong>Deus</strong></span> <span class='ocrx_word' id='word_1_158' title='bbox 3301 704 3359 748; x_wconf 83' lang='lat' dir='ltr'><strong>et</strong></span> 
     </span>
    </p>
   </div>
   <div class='ocr_carea' id='block_1_22' title="bbox 1785 782 3356 854">
    <p class='ocr_par' dir='ltr' id='par_1_22' title="bbox 1785 782 3356 854">
     <span class='ocr_line' id='line_1_22' title="bbox 1785 782 3356 854; baseline 0.001 -17"><span class='ocrx_word' id='word_1_159' title='bbox 1785 783 2022 854; x_wconf 79' lang='lat' dir='ltr'><strong>Spiritus</strong></span> <span class='ocrx_word' id='word_1_160' title='bbox 2078 792 2334 847; x_wconf 87' lang='lat' dir='ltr'><strong>sanctus;</strong></span> <span class='ocrx_word' id='word_1_161' title='bbox 2374 798 2515 835; x_wconf 92' lang='lat' dir='ltr'><strong>unus</strong></span> <span class='ocrx_word' id='word_1_162' title='bbox 2546 782 2710 846; x_wconf 87' lang='lat' dir='ltr'><strong>Deus,</strong></span> <span class='ocrx_word' id='word_1_163' title='bbox 2756 800 2862 836; x_wconf 91' lang='lat' dir='ltr'><strong>non</strong></span> <span class='ocrx_word' id='word_1_164' title='bbox 2897 796 3007 838; x_wconf 91' lang='lat' dir='ltr'><strong>tres</strong></span> <span class='ocrx_word' id='word_1_165' title='bbox 3039 784 3145 850; x_wconf 91' lang='lat' dir='ltr'><strong>Dii,</strong></span> <span class='ocrx_word' id='word_1_166' title='bbox 3176 785 3356 838; x_wconf 85' lang='lat' dir='ltr'><strong>absit:</strong></span> 
     </span>
    </p>
   </div>
   <div class='ocr_carea' id='block_1_23' title="bbox 1784 876 3359 944">
    <p class='ocr_par' dir='ltr' id='par_1_23' title="bbox 1784 876 3359 944">
     <span class='ocr_line' id='line_1_23' title="bbox 1784 876 3359 944; baseline -0.002 -13"><span class='ocrx_word' id='word_1_167' title='bbox 1784 878 1886 931; x_wconf 90' lang='lat' dir='ltr'><strong>hoc</strong></span> <span class='ocrx_word' id='word_1_168' title='bbox 1914 876 2158 944; x_wconf 88' lang='lat' dir='ltr'><strong>quidem,</strong></span> <span class='ocrx_word' id='word_1_169' title='bbox 2192 882 2413 944; x_wconf 78' lang='lat' dir='ltr'><strong>propter</strong></span> <span class='ocrx_word' id='word_1_170' title='bbox 2471 890 2635 928; x_wconf 86' lang='lat' dir='ltr'><strong>unam</strong></span> <span class='ocrx_word' id='word_1_171' title='bbox 2687 876 2984 941; x_wconf 75' lang='lat' dir='ltr'><strong>deitatem;</strong></span> <span class='ocrx_word' id='word_1_172' title='bbox 3024 877 3155 931; x_wconf 91' lang='lat' dir='ltr'><strong>illud</strong></span> <span class='ocrx_word' id='word_1_173' title='bbox 3208 893 3359 935; x_wconf 83' lang='lat' dir='ltr'><strong>vero.</strong></span> 
     </span>
    </p>
   </div>
   <div class='ocr_carea' id='block_1_24' title="bbox 1782 963 3364 1037">
    <p class='ocr_par' dir='ltr' id='par_1_24' title="bbox 1782 963 3364 1037">
     <span class='ocr_line' id='line_1_24' title="bbox 1782 963 3364 1037; baseline 0.003 -19"><span class='ocrx_word' id='word_1_174' title='bbox 1782 975 2011 1037; x_wconf 78' lang='lat' dir='ltr'><strong>propter</strong></span> <span class='ocrx_word' id='word_1_175' title='bbox 2056 976 2169 1019; x_wconf 90' lang='lat' dir='ltr'><strong>tres</strong></span> <span class='ocrx_word' id='word_1_176' title='bbox 2224 980 2506 1033; x_wconf 83' lang='lat' dir='ltr'><strong>personas.</strong></span> <span class='ocrx_word' id='word_1_177' title='bbox 2542 963 2668 1019; x_wconf 67' lang='lat' dir='ltr'><strong>Haec</strong></span> <span class='ocrx_word' id='word_1_178' title='bbox 2726 982 2854 1020; x_wconf 86' lang='lat' dir='ltr'><strong>vera</strong></span> <span class='ocrx_word' id='word_1_179' title='bbox 2907 977 2991 1022; x_wconf 88' lang='lat' dir='ltr'><strong>est</strong></span> <span class='ocrx_word' id='word_1_180' title='bbox 3027 967 3160 1022; x_wconf 87' lang='lat' dir='ltr'><strong>fides</strong></span> <span class='ocrx_word' id='word_1_181' title='bbox 3203 967 3364 1022; x_wconf 85' lang='lat' dir='ltr'><strong>Chri—</strong></span> 
     </span>
    </p>
   </div>
   <div class='ocr_carea' id='block_1_25' title="bbox 1784 1055 3359 1120">
    <p class='ocr_par' dir='ltr' id='par_1_25' title="bbox 1784 1055 3359 1120">
     <span class='ocr_line' id='line_1_25' title="bbox 1784 1055 3359 1120; baseline 0 -9"><span class='ocrx_word' id='word_1_182' title='bbox 1784 1057 2109 1120; x_wconf 86' lang='lat' dir='ltr'><strong>stianorum,</strong></span> <span class='ocrx_word' id='word_1_183' title='bbox 2139 1055 2370 1110; x_wconf 85' lang='lat' dir='ltr'><strong>abolens</strong></span> <span class='ocrx_word' id='word_1_184' title='bbox 2428 1071 2669 1110; x_wconf 89' lang='lat' dir='ltr'><strong>errorem</strong></span> <span class='ocrx_word' id='word_1_185' title='bbox 2707 1072 2924 1111; x_wconf 84' lang='lat' dir='ltr'><strong>omnem</strong></span> <span class='ocrx_word' id='word_1_186' title='bbox 2979 1068 3032 1112; x_wconf 91' lang='lat' dir='ltr'><strong>et</strong></span> <span class='ocrx_word' id='word_1_187' title='bbox 3088 1058 3359 1113; x_wconf 66' lang='lat' dir='ltr'><strong>haeresim.</strong></span> 
     </span>
    </p>
   </div>
   <div class='ocr_carea' id='block_1_26' title="bbox 1854 1231 3364 1303">
    <p class='ocr_par' dir='ltr' id='par_1_26' title="bbox 1854 1231 3364 1303">
     <span class='ocr_line' id='line_1_26' title="bbox 1854 1231 3364 1303; baseline 0 -18"><span class='ocrx_word' id='word_1_188' title='bbox 1854 1231 2126 1298; x_wconf 83' lang='lat' dir='ltr'><strong>Quoniam</strong></span> <span class='ocrx_word' id='word_1_189' title='bbox 2176 1242 2357 1286; x_wconf 91' lang='lat' dir='ltr'><strong>autem</strong></span> <span class='ocrx_word' id='word_1_190' title='bbox 2407 1232 2606 1302; x_wconf 79' lang='lat' dir='ltr'><strong>duplex</strong></span> <span class='ocrx_word' id='word_1_191' title='bbox 2641 1241 2725 1287; x_wconf 88' lang='lat' dir='ltr'><strong>est</strong></span> <span class='ocrx_word' id='word_1_192' title='bbox 2769 1232 3048 1295; x_wconf 79' lang='lat' dir='ltr'><strong>Christus,</strong></span> <span class='ocrx_word' id='word_1_193' title='bbox 3091 1242 3364 1303; x_wconf 78' lang='lat' dir='ltr'><strong>quatenus</strong></span> 
     </span>
    </p>
   </div>
   <div class='ocr_carea' id='block_1_27' title="bbox 1786 1324 3365 1395">
    <p class='ocr_par' dir='ltr' id='par_1_27' title="bbox 1786 1324 3365 1395">
     <span class='ocr_line' id='line_1_27' title="bbox 1786 1324 3365 1395; baseline 0.001 -18"><span class='ocrx_word' id='word_1_194' title='bbox 1786 1324 1925 1379; x_wconf 84' lang='lat' dir='ltr'><strong>Deus</strong></span> <span class='ocrx_word' id='word_1_195' title='bbox 1952 1326 2225 1395; x_wconf 80' lang='lat' dir='ltr'><strong>perfecuts</strong></span> <span class='ocrx_word' id='word_1_196' title='bbox 2243 1336 2296 1379; x_wconf 88' lang='lat' dir='ltr'><strong>et</strong></span> <span class='ocrx_word' id='word_1_197' title='bbox 2316 1328 2478 1380; x_wconf 88' lang='lat' dir='ltr'><strong>homo</strong></span> <span class='ocrx_word' id='word_1_198' title='bbox 2506 1325 2811 1395; x_wconf 83' lang='lat' dir='ltr'><strong>perfectus;</strong></span> <span class='ocrx_word' id='word_1_199' title='bbox 2839 1326 2966 1379; x_wconf 93' lang='lat' dir='ltr'><strong>illud</strong></span> <span class='ocrx_word' id='word_1_200' title='bbox 2990 1327 3207 1395; x_wconf 87' lang='lat' dir='ltr'><strong>quidem</strong></span> <span class='ocrx_word' id='word_1_201' title='bbox 3245 1337 3365 1378; x_wconf 64' lang='lat' dir='ltr'><strong>tana-</strong></span> 
     </span>
    </p>
   </div>
   <div class='ocr_carea' id='block_1_28' title="bbox 1785 1416 3365 1486">
    <p class='ocr_par' dir='ltr' id='par_1_28' title="bbox 1785 1416 3365 1486">
     <span class='ocr_line' id='line_1_28' title="bbox 1785 1416 3365 1486; baseline 0.001 -19"><span class='ocrx_word' id='word_1_202' title='bbox 1785 1432 1945 1486; x_wconf 88' lang='lat' dir='ltr'><strong>qnani</strong></span> <span class='ocrx_word' id='word_1_203' title='bbox 1983 1434 2045 1471; x_wconf 84' lang='lat' dir='ltr'><strong>ex</strong></span> <span class='ocrx_word' id='word_1_204' title='bbox 2086 1416 2247 1471; x_wconf 90' lang='lat' dir='ltr'><strong>Patre</strong></span> <span class='ocrx_word' id='word_1_205' title='bbox 2276 1430 2436 1471; x_wconf 89' lang='lat' dir='ltr'><strong>natus</strong></span> <span class='ocrx_word' id='word_1_206' title='bbox 2462 1426 2587 1471; x_wconf 86' lang='lat' dir='ltr'><strong>ante</strong></span> <span class='ocrx_word' id='word_1_207' title='bbox 2614 1418 2992 1479; x_wconf 75' lang='lat' dir='ltr'><strong>sa-cula,sicut</strong></span> <span class='ocrx_word' id='word_1_208' title='bbox 3020 1418 3278 1486; x_wconf 80' lang='lat' dir='ltr'><strong>splendor</strong></span> <span class='ocrx_word' id='word_1_209' title='bbox 3298 1432 3365 1469; x_wconf 85' lang='lat' dir='ltr'><strong>cx</strong></span> 
     </span>
    </p>
   </div>
   <div class='ocr_carea' id='block_1_29' title="bbox 1787 1505 3364 1576">
    <p class='ocr_par' dir='ltr' id='par_1_29' title="bbox 1787 1505 3364 1576">
     <span class='ocr_line' id='line_1_29' title="bbox 1787 1505 3364 1576; baseline -0.002 -16"><span class='ocrx_word' id='word_1_210' title='bbox 1787 1505 1901 1560; x_wconf 84' lang='lat' dir='ltr'><strong>sole</strong></span> <span class='ocrx_word' id='word_1_211' title='bbox 1925 1522 1939 1570; x_wconf 92' lang='lat'><strong>;</strong></span> <span class='ocrx_word' id='word_1_212' title='bbox 1966 1507 2104 1560; x_wconf 85' lang='lat' dir='ltr'><strong>iStud</strong></span> <span class='ocrx_word' id='word_1_213' title='bbox 2124 1524 2253 1561; x_wconf 78' lang='lat' dir='ltr'><strong>vero</strong></span> <span class='ocrx_word' id='word_1_214' title='bbox 2280 1524 2345 1561; x_wconf 89' lang='lat' dir='ltr'><strong>ex</strong></span> <span class='ocrx_word' id='word_1_215' title='bbox 2365 1517 2557 1572; x_wconf 83' lang='lat' dir='ltr'><strong>matre,</strong></span> <span class='ocrx_word' id='word_1_216' title='bbox 2579 1509 2629 1560; x_wconf 91' lang='lat' dir='ltr'><strong>in</strong></span> <span class='ocrx_word' id='word_1_217' title='bbox 2656 1509 2971 1561; x_wconf 64' lang='lat' dir='ltr'><strong>novissimis</strong></span> <span class='ocrx_word' id='word_1_218' title='bbox 3004 1508 3364 1576; x_wconf 80' lang='lat' dir='ltr'><strong>temporibus,</strong></span> 
     </span>
    </p>
   </div>
   <div class='ocr_carea' id='block_1_30' title="bbox 1785 1598 3363 1668">
    <p class='ocr_par' dir='ltr' id='par_1_30' title="bbox 1785 1598 3363 1668">
     <span class='ocr_line' id='line_1_30' title="bbox 1785 1598 3363 1668; baseline -0.001 -17"><span class='ocrx_word' id='word_1_219' title='bbox 1785 1606 1846 1651; x_wconf 91' lang='lat' dir='ltr'><strong>ut</strong></span> <span class='ocrx_word' id='word_1_220' title='bbox 1884 1598 2137 1653; x_wconf 83' lang='lat' dir='ltr'><strong>nativitas</strong></span> <span class='ocrx_word' id='word_1_221' title='bbox 2185 1608 2268 1654; x_wconf 79' lang='lat' dir='ltr'><strong>est</strong></span> <span class='ocrx_word' id='word_1_222' title='bbox 2298 1610 2506 1663; x_wconf 89' lang='lat' dir='ltr'><strong>nostra,</strong></span> <span class='ocrx_word' id='word_1_223' title='bbox 2549 1601 2631 1652; x_wconf 70' lang='lat' dir='ltr'><strong>rel</strong></span> <span class='ocrx_word' id='word_1_224' title='bbox 2662 1600 2842 1668; x_wconf 82' lang='lat' dir='ltr'><strong>potius</strong></span> <span class='ocrx_word' id='word_1_225' title='bbox 2868 1614 3032 1667; x_wconf 89' lang='lat' dir='ltr'><strong>supra</strong></span> <span class='ocrx_word' id='word_1_226' title='bbox 3074 1607 3319 1651; x_wconf 86' lang='lat' dir='ltr'><strong>nostram</strong></span> <span class='ocrx_word' id='word_1_227' title='bbox 3349 1616 3363 1662; x_wconf 91' lang='lat'><strong>;</strong></span> 
     </span>
    </p>
   </div>
   <div class='ocr_carea' id='block_1_31' title="bbox 1787 1689 3365 1761">
    <p class='ocr_par' dir='ltr' id='par_1_31' title="bbox 1787 1689 3365 1761">
     <span class='ocr_line' id='line_1_31' title="bbox 1787 1689 3365 1761; baseline 0.001 -21"><span class='ocrx_word' id='word_1_228' title='bbox 1787 1689 2262 1758; x_wconf 85' lang='lat' dir='ltr'><strong>quandoquidem,</strong></span> <span class='ocrx_word' id='word_1_229' title='bbox 2287 1702 2339 1745; x_wconf 87' lang='lat' dir='ltr'><strong>ct</strong></span> <span class='ocrx_word' id='word_1_230' title='bbox 2369 1702 2515 1756; x_wconf 91' lang='lat' dir='ltr'><strong>ante,</strong></span> <span class='ocrx_word' id='word_1_231' title='bbox 2537 1701 2591 1745; x_wconf 89' lang='lat' dir='ltr'><strong>et</strong></span> <span class='ocrx_word' id='word_1_232' title='bbox 2626 1693 2677 1743; x_wconf 93' lang='lat' dir='ltr'><strong>in</strong></span> <span class='ocrx_word' id='word_1_233' title='bbox 2706 1698 2884 1761; x_wconf 88' lang='lat' dir='ltr'><strong>partu,</strong></span> <span class='ocrx_word' id='word_1_234' title='bbox 2918 1700 2971 1745; x_wconf 88' lang='lat' dir='ltr'><strong>et</strong></span> <span class='ocrx_word' id='word_1_235' title='bbox 3000 1701 3122 1760; x_wconf 90' lang='lat' dir='ltr'><strong>post</strong></span> <span class='ocrx_word' id='word_1_236' title='bbox 3150 1701 3365 1760; x_wconf 89' lang='lat' dir='ltr'><strong>partum</strong></span> 
     </span>
    </p>
   </div>
   <div class='ocr_carea' id='block_1_32' title="bbox 1785 1781 3366 1853">
    <p class='ocr_par' dir='ltr' id='par_1_32' title="bbox 1785 1781 3366 1853">
     <span class='ocr_line' id='line_1_32' title="bbox 1785 1781 3366 1853; baseline 0.001 -21"><span class='ocrx_word' id='word_1_237' title='bbox 1785 1781 1939 1851; x_wconf 71' lang='lat' dir='ltr'><strong>virgo</strong></span> <span class='ocrx_word' id='word_1_238' title='bbox 1985 1792 2069 1836; x_wconf 86' lang='lat' dir='ltr'><strong>est</strong></span> <span class='ocrx_word' id='word_1_239' title='bbox 2109 1798 2230 1852; x_wconf 69' lang='lat' dir='ltr'><strong>quae</strong></span> <span class='ocrx_word' id='word_1_240' title='bbox 2275 1783 2454 1851; x_wconf 89' lang='lat' dir='ltr'><strong>ipsum</strong></span> <span class='ocrx_word' id='word_1_241' title='bbox 2519 1785 2766 1853; x_wconf 85' lang='lat' dir='ltr'><strong>peperit:</strong></span> <span class='ocrx_word' id='word_1_242' title='bbox 2807 1799 2977 1852; x_wconf 87' lang='lat' dir='ltr'><strong>quare</strong></span> <span class='ocrx_word' id='word_1_243' title='bbox 3027 1791 3082 1836; x_wconf 88' lang='lat' dir='ltr'><strong>et</strong></span> <span class='ocrx_word' id='word_1_244' title='bbox 3136 1782 3366 1851; x_wconf 88' lang='lat' dir='ltr'><strong>Deipara</strong></span> 
     </span>
    </p>
   </div>
   <div class='ocr_carea' id='block_1_33' title="bbox 112 1869 1693 1957">
    <p class='ocr_par' dir='ltr' id='par_1_33' title="bbox 112 1885 1690 1957">
     <span class='ocr_line' id='line_1_33' title="bbox 112 1885 1690 1957; baseline -0.002 -18"><span class='ocrx_word' id='word_1_245' title='bbox 112 1890 183 1951; x_wconf 80' lang='grc' dir='ltr'>ὡς</span> <span class='ocrx_word' id='word_1_246' title='bbox 206 1887 417 1957; x_wconf 78' lang='grc' dir='ltr'>ἀληθῶς</span> <span class='ocrx_word' id='word_1_247' title='bbox 448 1890 541 1939; x_wconf 70' lang='grc' dir='ltr'>καὶ</span> <span class='ocrx_word' id='word_1_248' title='bbox 564 1887 807 1955; x_wconf 75' lang='grc' dir='ltr'>νενόηται</span> <span class='ocrx_word' id='word_1_249' title='bbox 838 1888 931 1939; x_wconf 74' lang='grc' dir='ltr'><strong>καὶ</strong></span> <span class='ocrx_word' id='word_1_250' title='bbox 964 1886 1414 1957; x_wconf 72' lang='grc' dir='ltr'>προσηγόρευται.</span> <span class='ocrx_word' id='word_1_251' title='bbox 1448 1885 1543 1937; x_wconf 82' lang='grc' dir='ltr'><strong>Διὰ</strong></span> <span class='ocrx_word' id='word_1_252' title='bbox 1569 1885 1690 1937; x_wconf 85' lang='grc' dir='ltr'>τοῦ·</span> 
     </span>
    </p>
   </div>
   <div class='ocr_carea' id='block_1_34' title="bbox 1798 1869 3365 1957">
    <p class='ocr_par' dir='ltr' id='par_1_34' title="bbox 1798 1869 3365 1942">
     <span class='ocr_line' id='line_1_34' title="bbox 1798 1869 3365 1942; baseline 0.001 -21"><span class='ocrx_word' id='word_1_253' title='bbox 1798 1869 2077 1924; x_wconf 79' lang='lat' dir='ltr'><strong>verissime</strong></span> <span class='ocrx_word' id='word_1_254' title='bbox 2103 1882 2158 1925; x_wconf 89' lang='lat' dir='ltr'><strong>et</strong></span> <span class='ocrx_word' id='word_1_255' title='bbox 2198 1871 2522 1942; x_wconf 81' lang='lat' dir='ltr'><strong>intelligitur</strong></span> <span class='ocrx_word' id='word_1_256' title='bbox 2544 1881 2599 1925; x_wconf 91' lang='lat' dir='ltr'><strong>et</strong></span> <span class='ocrx_word' id='word_1_257' title='bbox 2655 1873 2980 1940; x_wconf 85' lang='lat' dir='ltr'><strong>appellatur.</strong></span> <span class='ocrx_word' id='word_1_258' title='bbox 3044 1870 3365 1940; x_wconf 81' lang='lat' dir='ltr'><strong>EaprOpter,</strong></span> 
     </span>
    </p>
   </div>
   <div class='ocr_carea' id='block_1_35' title="bbox 112 1977 1688 2049">
    <p class='ocr_par' dir='ltr' id='par_1_35' title="bbox 112 1977 1688 2049">
     <span class='ocr_line' id='line_1_35' title="bbox 112 1977 1688 2049; baseline -0.003 -17"><span class='ocrx_word' id='word_1_259' title='bbox 112 1999 190 2039; x_wconf 85' lang='grc' dir='ltr'><strong>το,</strong></span> <span class='ocrx_word' id='word_1_260' title='bbox 231 1980 418 2048; x_wconf 75' lang='grc' dir='ltr'>ὥσπερ</span> <span class='ocrx_word' id='word_1_261' title='bbox 449 1980 590 2031; x_wconf 75' lang='grc' dir='ltr'>κατὰ</span> <span class='ocrx_word' id='word_1_262' title='bbox 631 1978 720 2029; x_wconf 89' lang='grc' dir='ltr'><strong>τὸν</strong></span> <span class='ocrx_word' id='word_1_263' title='bbox 759 1979 980 2048; x_wconf 79' lang='grc' dir='ltr'>Πατέρα</span> <span class='ocrx_word' id='word_1_264' title='bbox 1031 1979 1471 2049; x_wconf 81' lang='grc' dir='ltr'>ἀπερίγραπτος,</span> <span class='ocrx_word' id='word_1_265' title='bbox 1518 1977 1688 2039; x_wconf 73' lang='grc' dir='ltr'>οὕτως</span> 
     </span>
    </p>
   </div>
   <div class='ocr_carea' id='block_1_36' title="bbox 115 2069 1686 2139">
    <p class='ocr_par' dir='ltr' id='par_1_36' title="bbox 115 2069 1686 2139">
     <span class='ocr_line' id='line_1_36' title="bbox 115 2069 1686 2139; baseline -0.003 -16"><span class='ocrx_word' id='word_1_266' title='bbox 115 2073 205 2123; x_wconf 78' lang='grc' dir='ltr'><strong>καὶ</strong></span> <span class='ocrx_word' id='word_1_267' title='bbox 254 2071 397 2122; x_wconf 84' lang='grc' dir='ltr'>κατὰ</span> <span class='ocrx_word' id='word_1_268' title='bbox 435 2069 535 2137; x_wconf 81' lang='grc' dir='ltr'>τὴν</span> <span class='ocrx_word' id='word_1_269' title='bbox 574 2072 783 2138; x_wconf 83' lang='grc' dir='ltr'>μητέρα</span> <span class='ocrx_word' id='word_1_270' title='bbox 842 2070 901 2120; x_wconf 82' lang='grc' dir='ltr'>ὲν</span> <span class='ocrx_word' id='word_1_271' title='bbox 935 2070 1122 2121; x_wconf 87' lang='grc' dir='ltr'>πίνακι</span> <span class='ocrx_word' id='word_1_272' title='bbox 1180 2070 1686 2139; x_wconf 61' lang='grc' dir='ltr'>περι-γραφόμενος·</span> 
     </span>
    </p>
   </div>
   <div class='ocr_carea' id='block_1_37' title="bbox 115 2157 1689 2232">
    <p class='ocr_par' dir='ltr' id='par_1_37' title="bbox 115 2157 1689 2232">
     <span class='ocr_line' id='line_1_37' title="bbox 115 2157 1689 2232; baseline -0.008 -13"><span class='ocrx_word' id='word_1_273' title='bbox 115 2165 205 2216; x_wconf 74' lang='grc' dir='ltr'><strong>καὶ</strong></span> <span class='ocrx_word' id='word_1_274' title='bbox 242 2164 274 2232; x_wconf 86' lang='grc' dir='ltr'><strong>ἡ</strong></span> <span class='ocrx_word' id='word_1_275' title='bbox 318 2161 636 2230; x_wconf 78' lang='grc' dir='ltr'>περιγραφὴ</span> <span class='ocrx_word' id='word_1_276' title='bbox 687 2159 852 2212; x_wconf 76' lang='grc' dir='ltr'>αὑτοῦ</span> <span class='ocrx_word' id='word_1_277' title='bbox 896 2161 1014 2229; x_wconf 70' lang='grc' dir='ltr'>ἦτοι</span> <span class='ocrx_word' id='word_1_278' title='bbox 1046 2162 1079 2226; x_wconf 83' lang='grc' dir='ltr'>ἡ</span> <span class='ocrx_word' id='word_1_279' title='bbox 1109 2160 1292 2225; x_wconf 78' lang='grc' dir='ltr'>εἰκὼν,</span> <span class='ocrx_word' id='word_1_280' title='bbox 1336 2157 1689 2230; x_wconf 81' lang='grc' dir='ltr'>προσκυνητὴ</span> 
     </span>
    </p>
   </div>
   <div class='ocr_carea' id='block_1_38' title="bbox 117 2248 1692 2328">
    <p class='ocr_par' dir='ltr' id='par_1_38' title="bbox 117 2248 1692 2328">
     <span class='ocr_line' id='line_1_38' title="bbox 117 2248 1692 2328; baseline -0.004 -18"><span class='ocrx_word' id='word_1_281' title='bbox 117 2258 207 2310; x_wconf 66' lang='grc' dir='ltr'><strong>καὶ</strong></span> <span class='ocrx_word' id='word_1_282' title='bbox 234 2255 496 2324; x_wconf 77' lang='grc' dir='ltr'>σεϐαστὴ,</span> <span class='ocrx_word' id='word_1_283' title='bbox 532 2256 588 2307; x_wconf 80' lang='grc' dir='ltr'>ὲν</span> <span class='ocrx_word' id='word_1_284' title='bbox 693 2254 948 2325; x_wconf 78' lang='grc' dir='ltr'><strong>βλέπεται</strong></span> <span class='ocrx_word' id='word_1_285' title='bbox 980 2255 1067 2322; x_wconf 75' lang='grc' dir='ltr'><strong>ὑφ’</strong></span> <span class='ocrx_word' id='word_1_286' title='bbox 1096 2255 1252 2324; x_wconf 71' lang='grc' dir='ltr'>ἡμῶν</span> <span class='ocrx_word' id='word_1_287' title='bbox 1289 2253 1396 2305; x_wconf 88' lang='grc' dir='ltr'><strong>τῶν</strong></span> <span class='ocrx_word' id='word_1_288' title='bbox 1433 2254 1692 2323; x_wconf 84' lang='grc' dir='ltr'>Χριστια-</span> 
     </span>
    </p>
   </div>
   <div class='ocr_carea' id='block_1_39' title="bbox 115 2341 1691 2415">
    <p class='ocr_par' dir='ltr' id='par_1_39' title="bbox 115 2341 1691 2415">
     <span class='ocr_line' id='line_1_39' title="bbox 115 2341 1691 2415; baseline -0.003 -18"><span class='ocrx_word' id='word_1_289' title='bbox 115 2347 218 2399; x_wconf 89' lang='grc' dir='ltr'><strong>νῶν</strong></span> <span class='ocrx_word' id='word_1_290' title='bbox 267 2346 385 2398; x_wconf 84' lang='grc' dir='ltr'>οἵαν</span> <span class='ocrx_word' id='word_1_291' title='bbox 449 2344 661 2415; x_wconf 79' lang='grc' dir='ltr'>μορφὴν</span> <span class='ocrx_word' id='word_1_292' title='bbox 714 2343 963 2396; x_wconf 76' lang='grc' dir='ltr'>ἀνέλαϐε·</span> <span class='ocrx_word' id='word_1_293' title='bbox 1027 2345 1118 2397; x_wconf 75' lang='lat' dir='ltr'><strong>xc‘.</strong></span> <span class='ocrx_word' id='word_1_294' title='bbox 1176 2343 1579 2413; x_wconf 78' lang='grc' dir='ltr'>δεδοξολόγηται</span> <span class='ocrx_word' id='word_1_295' title='bbox 1616 2341 1691 2403; x_wconf 83' lang='grc' dir='ltr'>ὡς</span> 
     </span>
    </p>
   </div>
   <div class='ocr_carea' id='block_1_40' title="bbox 116 2435 1687 2506">
    <p class='ocr_par' dir='ltr' id='par_1_40' title="bbox 116 2435 1687 2506">
     <span class='ocr_line' id='line_1_40' title="bbox 116 2435 1687 2506; baseline -0.002 -17"><span class='ocrx_word' id='word_1_296' title='bbox 116 2438 296 2506; x_wconf 79' lang='grc' dir='ltr'>ὅμοιος</span> <span class='ocrx_word' id='word_1_297' title='bbox 339 2438 478 2505; x_wconf 83' lang='grc' dir='ltr'>ἡμῖν</span> <span class='ocrx_word' id='word_1_298' title='bbox 533 2436 674 2489; x_wconf 77' lang='grc' dir='ltr'>κατὰ</span> <span class='ocrx_word' id='word_1_299' title='bbox 710 2437 889 2487; x_wconf 86' lang='grc' dir='ltr'>πάντα</span> <span class='ocrx_word' id='word_1_300' title='bbox 933 2435 1169 2503; x_wconf 89' lang='grc' dir='ltr'>γεγονὼς</span> <span class='ocrx_word' id='word_1_301' title='bbox 1224 2436 1361 2505; x_wconf 80' lang='grc' dir='ltr'>πλὴν</span> <span class='ocrx_word' id='word_1_302' title='bbox 1397 2435 1687 2505; x_wconf 82' lang='grc' dir='ltr'>ἁμαρτίας·</span> 
     </span>
    </p>
   </div>
   <div class='ocr_carea' id='block_1_41' title="bbox 118 2521 1691 2598">
    <p class='ocr_par' dir='ltr' id='par_1_41' title="bbox 118 2521 1691 2598">
     <span class='ocr_line' id='line_1_41' title="bbox 118 2521 1691 2598; baseline -0.003 -18"><span class='ocrx_word' id='word_1_303' title='bbox 118 2531 478 2598; x_wconf 67' lang='grc' dir='ltr'>καταργήσας</span> <span class='ocrx_word' id='word_1_304' title='bbox 518 2529 626 2578; x_wconf 77' lang='grc' dir='ltr'>πᾶν</span> <span class='ocrx_word' id='word_1_305' title='bbox 664 2526 936 2578; x_wconf 78' lang='grc' dir='ltr'>είὸωλικὸν</span> <span class='ocrx_word' id='word_1_306' title='bbox 969 2527 1240 2596; x_wconf 75' lang='grc' dir='ltr'>ὁμοίωμα,</span> <span class='ocrx_word' id='word_1_307' title='bbox 1276 2528 1357 2595; x_wconf 75' lang='grc' dir='ltr'><strong>ἐφ’</strong></span> <span class='ocrx_word' id='word_1_308' title='bbox 1396 2521 1439 2593; x_wconf 78' lang='grc' dir='ltr'><strong>ᾧ</strong></span> <span class='ocrx_word' id='word_1_309' title='bbox 1485 2526 1691 2577; x_wconf 77' lang='grc' dir='ltr'>ὤλλυτο</span> 
     </span>
    </p>
   </div>
   <div class='ocr_carea' id='block_1_42' title="bbox 118 2604 1692 2688">
    <p class='ocr_par' dir='ltr' id='par_1_42' title="bbox 118 2604 1692 2688">
     <span class='ocr_line' id='line_1_42' title="bbox 118 2604 1692 2688; baseline -0.002 -18"><span class='ocrx_word' id='word_1_310' title='bbox 118 2619 371 2688; x_wconf 78' lang='grc' dir='ltr'>λατρεῦον</span> <span class='ocrx_word' id='word_1_311' title='bbox 396 2658 411 2679; x_wconf 90' lang='grc'><strong>,</strong></span> <span class='ocrx_word' id='word_1_312' title='bbox 468 2617 526 2681; x_wconf 78' lang='grc' dir='ltr'><strong>ἐξ</strong></span> <span class='ocrx_word' id='word_1_313' title='bbox 554 2616 775 2687; x_wconf 84' lang='grc' dir='ltr'>ἡμερῶν</span> <span class='ocrx_word' id='word_1_314' title='bbox 824 2617 1037 2680; x_wconf 79' lang='grc' dir='ltr'>αἰῶνος,</span> <span class='ocrx_word' id='word_1_315' title='bbox 1069 2617 1130 2668; x_wconf 91' lang='grc' dir='ltr'><strong>τὸ</strong></span> <span class='ocrx_word' id='word_1_316' title='bbox 1166 2617 1320 2683; x_wconf 83' lang='grc' dir='ltr'>γένος</span> <span class='ocrx_word' id='word_1_317' title='bbox 1349 2616 1454 2667; x_wconf 90' lang='grc' dir='ltr'><strong>τῶν</strong></span> <span class='ocrx_word' id='word_1_318' title='bbox 1482 2604 1692 2685; x_wconf 77' lang='grc' dir='ltr'>ἀνθρώ-</span> 
     </span>
    </p>
   </div>
   <div class='ocr_carea' id='block_1_43' title="bbox 119 2708 1688 2778">
    <p class='ocr_par' dir='ltr' id='par_1_43' title="bbox 119 2708 1688 2778">
     <span class='ocr_line' id='line_1_43' title="bbox 119 2708 1688 2778; baseline -0.003 -16"><span class='ocrx_word' id='word_1_319' title='bbox 119 2728 252 2762; x_wconf 85' lang='grc' dir='ltr'>πων.</span> <span class='ocrx_word' id='word_1_320' title='bbox 287 2712 347 2762; x_wconf 82' lang='lat' dir='ltr'><strong>’U</strong></span> <span class='ocrx_word' id='word_1_321' title='bbox 377 2709 509 2777; x_wconf 83' lang='grc' dir='ltr'>γοῦν</span> <span class='ocrx_word' id='word_1_322' title='bbox 546 2710 620 2778; x_wconf 85' lang='grc' dir='ltr'><strong>μὴ</strong></span> <span class='ocrx_word' id='word_1_323' title='bbox 659 2708 1089 2778; x_wconf 82' lang='grc' dir='ltr'>καταδεχόμενος</span> <span class='ocrx_word' id='word_1_324' title='bbox 1119 2709 1278 2761; x_wconf 81' lang='grc' dir='ltr'>αὑτὸν</span> <span class='ocrx_word' id='word_1_325' title='bbox 1308 2708 1688 2773; x_wconf 77' lang='grc' dir='ltr'>είκονίζεσθαι,</span> 
     </span>
    </p>
   </div>
   <div class='ocr_carea' id='block_1_44' title="bbox 118 2798 1692 2871">
    <p class='ocr_par' dir='ltr' id='par_1_44' title="bbox 118 2798 1692 2871">
     <span class='ocr_line' id='line_1_44' title="bbox 118 2798 1692 2871; baseline -0.002 -16"><span class='ocrx_word' id='word_1_326' title='bbox 118 2798 162 2855; x_wconf 78' lang='grc' dir='ltr'><strong>ὦ</strong></span> <span class='ocrx_word' id='word_1_327' title='bbox 207 2802 338 2855; x_wconf 75' lang='grc' dir='ltr'>καλὲ</span> <span class='ocrx_word' id='word_1_328' title='bbox 385 2800 534 2870; x_wconf 70' lang='grc' dir='ltr'>φίλε,</span> <span class='ocrx_word' id='word_1_329' title='bbox 590 2801 946 2854; x_wconf 79' lang='grc' dir='ltr'>ἀπαναίνεται</span> <span class='ocrx_word' id='word_1_330' title='bbox 998 2804 1179 2862; x_wconf 81' lang='grc' dir='ltr'>αὐτοῖς</span> <span class='ocrx_word' id='word_1_331' title='bbox 1227 2804 1537 2871; x_wconf 85' lang='grc' dir='ltr'>πράγμασι,</span> <span class='ocrx_word' id='word_1_332' title='bbox 1590 2802 1692 2852; x_wconf 75' lang='grc' dir='ltr'>κᾶν</span> 
     </span>
    </p>
   </div>
   <div class='ocr_carea' id='block_1_45' title="bbox 119 2892 1691 2964">
    <p class='ocr_par' dir='ltr' id='par_1_45' title="bbox 119 2892 1691 2964">
     <span class='ocr_line' id='line_1_45' title="bbox 119 2892 1691 2964; baseline -0.004 -16"><span class='ocrx_word' id='word_1_333' title='bbox 119 2892 256 2964; x_wconf 69' lang='grc' dir='ltr'>λόγῳ</span> <span class='ocrx_word' id='word_1_334' title='bbox 297 2894 787 2962; x_wconf 85' lang='grc' dir='ltr'>συγκατατίθηται,</span> <span class='ocrx_word' id='word_1_335' title='bbox 827 2893 1077 2961; x_wconf 81' lang='grc' dir='ltr'>γενέσθαι</span> <span class='ocrx_word' id='word_1_336' title='bbox 1130 2894 1221 2945; x_wconf 76' lang='grc' dir='ltr'><strong>τὸν</strong></span> <span class='ocrx_word' id='word_1_337' title='bbox 1254 2894 1378 2946; x_wconf 74' lang='grc' dir='ltr'>Υἱὸν</span> <span class='ocrx_word' id='word_1_338' title='bbox 1432 2892 1525 2944; x_wconf 87' lang='grc' dir='ltr'><strong>τοῦ</strong></span> <span class='ocrx_word' id='word_1_339' title='bbox 1559 2893 1691 2943; x_wconf 81' lang='grc' dir='ltr'>Θεοῦ</span> 
     </span>
    </p>
   </div>
   <div class='ocr_carea' id='block_1_46' title="bbox 119 2985 1691 3058">
    <p class='ocr_par' dir='ltr' id='par_1_46' title="bbox 119 2985 1691 3058">
     <span class='ocr_line' id='line_1_46' title="bbox 119 2985 1691 3058; baseline -0.005 -16"><span class='ocrx_word' id='word_1_340' title='bbox 119 2990 421 3058; x_wconf 73' lang='grc' dir='ltr'>ἄνθρωπονο</span> <span class='ocrx_word' id='word_1_341' title='bbox 456 2986 547 3039; x_wconf 70' lang='grc' dir='ltr'><strong>καὶ</strong></span> <span class='ocrx_word' id='word_1_342' title='bbox 579 2990 606 3039; x_wconf 88' lang='grc' dir='ltr'>ὁ</span> <span class='ocrx_word' id='word_1_343' title='bbox 647 2988 719 3056; x_wconf 81' lang='grc' dir='ltr'>μὴ</span> <span class='ocrx_word' id='word_1_344' title='bbox 752 2988 1071 3057; x_wconf 81' lang='grc' dir='ltr'>προσκυνῶν</span> <span class='ocrx_word' id='word_1_345' title='bbox 1096 2986 1261 3040; x_wconf 79' lang='grc' dir='ltr'>αὐτοῦ</span> <span class='ocrx_word' id='word_1_346' title='bbox 1297 2987 1391 3054; x_wconf 72' lang='grc' dir='ltr'>τὴν</span> <span class='ocrx_word' id='word_1_347' title='bbox 1428 2985 1586 3051; x_wconf 82' lang='grc' dir='ltr'>ἁγίαν</span> <span class='ocrx_word' id='word_1_348' title='bbox 1613 2985 1691 3035; x_wconf 85' lang='grc' dir='ltr'>εί-</span> 
     </span>
    </p>
   </div>
   <div class='ocr_carea' id='block_1_47' title="bbox 119 3077 1695 3149">
    <p class='ocr_par' dir='ltr' id='par_1_47' title="bbox 119 3077 1695 3149">
     <span class='ocr_line' id='line_1_47' title="bbox 119 3077 1695 3149; baseline -0.004 -17"><span class='ocrx_word' id='word_1_349' title='bbox 119 3081 245 3132; x_wconf 77' lang='grc' dir='ltr'>κὸνα</span> <span class='ocrx_word' id='word_1_350' title='bbox 267 3120 279 3143; x_wconf 94' lang='grc'><strong>,</strong></span> <span class='ocrx_word' id='word_1_351' title='bbox 318 3078 393 3149; x_wconf 79' lang='grc' dir='ltr'>μὴ</span> <span class='ocrx_word' id='word_1_352' title='bbox 436 3080 765 3148; x_wconf 82' lang='grc' dir='ltr'>προσκυνεῖν</span> <span class='ocrx_word' id='word_1_353' title='bbox 800 3077 962 3130; x_wconf 77' lang='grc' dir='ltr'>αὐτὸν</span> <span class='ocrx_word' id='word_1_354' title='bbox 1003 3078 1395 3136; x_wconf 77' lang='grc' dir='ltr'>ἀποδέδεικται,</span> <span class='ocrx_word' id='word_1_355' title='bbox 1432 3077 1535 3127; x_wconf 72' lang='grc' dir='ltr'>κᾶν</span> <span class='ocrx_word' id='word_1_356' title='bbox 1566 3078 1695 3145; x_wconf 81' lang='grc' dir='ltr'>ὁμο-</span> 
     </span>
    </p>
   </div>
   <div class='ocr_carea' id='block_1_48' title="bbox 119 3165 1692 3241">
    <p class='ocr_par' dir='ltr' id='par_1_48' title="bbox 119 3165 1692 3241">
     <span class='ocr_line' id='line_1_48' title="bbox 119 3165 1692 3241; baseline -0.008 -15"><span class='ocrx_word' id='word_1_357' title='bbox 119 3171 245 3239; x_wconf 73' lang='grc' dir='ltr'>λογῇ</span> <span class='ocrx_word' id='word_1_358' title='bbox 295 3170 646 3241; x_wconf 80' lang='grc' dir='ltr'>προσκυνεῖν.</span> <span class='ocrx_word' id='word_1_359' title='bbox 715 3168 778 3219; x_wconf 81' lang='grc' dir='ltr'><strong><em>Ἢ</em></strong></span> <span class='ocrx_word' id='word_1_360' title='bbox 830 3168 937 3237; x_wconf 78' lang='grc' dir='ltr'><strong>γὰρ</strong></span> <span class='ocrx_word' id='word_1_361' title='bbox 983 3168 1082 3236; x_wconf 82' lang='grc' dir='ltr'>τῆς</span> <span class='ocrx_word' id='word_1_362' title='bbox 1124 3168 1327 3229; x_wconf 77' lang='grc' dir='ltr'>εἰκόνος</span> <span class='ocrx_word' id='word_1_363' title='bbox 1362 3165 1524 3218; x_wconf 81' lang='grc' dir='ltr'>αὐτοῦ</span> <span class='ocrx_word' id='word_1_364' title='bbox 1560 3165 1692 3234; x_wconf 80' lang='grc' dir='ltr'>τιμὴ</span> 
     </span>
    </p>
   </div>
   <div class='ocr_carea' id='block_1_49' title="bbox 120 3259 1695 3332">
    <p class='ocr_par' dir='ltr' id='par_1_49' title="bbox 120 3259 1695 3332">
     <span class='ocr_line' id='line_1_49' title="bbox 120 3259 1695 3332; baseline -0.003 -19"><span class='ocrx_word' id='word_1_365' title='bbox 120 3262 208 3313; x_wconf 72' lang='grc' dir='ltr'>ἐπὶ</span> <span class='ocrx_word' id='word_1_366' title='bbox 235 3265 296 3313; x_wconf 84' lang='grc' dir='ltr'><strong>τὸ</strong></span> <span class='ocrx_word' id='word_1_367' title='bbox 331 3262 693 3332; x_wconf 85' lang='grc' dir='ltr'>πρωτότυπον</span> <span class='ocrx_word' id='word_1_368' title='bbox 727 3260 1008 3313; x_wconf 68' lang='grc' dir='ltr'>διαϐαίνεν</span> <span class='ocrx_word' id='word_1_369' title='bbox 1046 3260 1233 3330; x_wconf 84' lang='grc' dir='ltr'>ῶσπερ</span> <span class='ocrx_word' id='word_1_370' title='bbox 1282 3259 1375 3311; x_wconf 77' lang='grc' dir='ltr'>καὶ</span> <span class='ocrx_word' id='word_1_371' title='bbox 1408 3260 1439 3328; x_wconf 84' lang='grc' dir='ltr'><strong>ἡ</strong></span> <span class='ocrx_word' id='word_1_372' title='bbox 1472 3259 1695 3328; x_wconf 81' lang='grc' dir='ltr'>ἄρνησις</span> 
     </span>
    </p>
   </div>
   <div class='ocr_carea' id='block_1_50' title="bbox 122 3346 1693 3422">
    <p class='ocr_par' dir='ltr' id='par_1_50' title="bbox 122 3346 1693 3422">
     <span class='ocr_line' id='line_1_50' title="bbox 122 3346 1693 3422; baseline -0.002 -19"><span class='ocrx_word' id='word_1_373' title='bbox 122 3354 281 3422; x_wconf 77' lang='grc' dir='ltr'>αὐτῆς</span> <span class='ocrx_word' id='word_1_374' title='bbox 311 3357 392 3415; x_wconf 84' lang='grc' dir='ltr'><strong>είς</strong></span> <span class='ocrx_word' id='word_1_375' title='bbox 430 3353 593 3406; x_wconf 82' lang='grc' dir='ltr'>αὑτὸν</span> <span class='ocrx_word' id='word_1_376' title='bbox 625 3353 722 3422; x_wconf 83' lang='grc' dir='ltr'>τὴν</span> <span class='ocrx_word' id='word_1_377' title='bbox 757 3354 985 3422; x_wconf 84' lang='grc' dir='ltr'>ἄρνησιν</span> <span class='ocrx_word' id='word_1_378' title='bbox 1023 3351 1357 3418; x_wconf 86' lang='grc' dir='ltr'>ἀναπέμπει.</span> <span class='ocrx_word' id='word_1_379' title='bbox 1402 3351 1555 3403; x_wconf 76' lang='grc' dir='ltr'>Ἐπεὶ</span> <span class='ocrx_word' id='word_1_380' title='bbox 1580 3346 1693 3414; x_wconf 85' lang='grc' dir='ltr'>οὖν,</span> 
     </span>
    </p>
   </div>
   <div class='ocr_carea' id='block_1_51' title="bbox 122 3440 1697 3512">
    <p class='ocr_par' dir='ltr' id='par_1_51' title="bbox 122 3440 1697 3512">
     <span class='ocr_line' id='line_1_51' title="bbox 122 3440 1697 3512; baseline 0 -19"><span class='ocrx_word' id='word_1_381' title='bbox 122 3443 193 3505; x_wconf 79' lang='grc' dir='ltr'>ὡς</span> <span class='ocrx_word' id='word_1_382' title='bbox 242 3444 534 3512; x_wconf 77' lang='grc' dir='ltr'>μανθάνω,</span> <span class='ocrx_word' id='word_1_383' title='bbox 584 3441 760 3503; x_wconf 78' lang='grc' dir='ltr'>οὕτως</span> <span class='ocrx_word' id='word_1_384' title='bbox 806 3443 896 3493; x_wconf 79' lang='grc' dir='ltr'>καὶ</span> <span class='ocrx_word' id='word_1_385' title='bbox 947 3442 1108 3503; x_wconf 84' lang='grc' dir='ltr'>αὐτὸς</span> <span class='ocrx_word' id='word_1_386' title='bbox 1142 3442 1437 3503; x_wconf 88' lang='grc' dir='ltr'>πέποιθας,</span> <span class='ocrx_word' id='word_1_387' title='bbox 1489 3440 1584 3493; x_wconf 75' lang='grc' dir='ltr'><strong>καὶ</strong></span> <span class='ocrx_word' id='word_1_388' title='bbox 1610 3440 1697 3493; x_wconf 85' lang='grc' dir='ltr'><strong>διὰ</strong></span> 
     </span>
    </p>
   </div>
   <div class='ocr_carea' id='block_1_52' title="bbox 123 3532 1698 3603">
    <p class='ocr_par' dir='ltr' id='par_1_52' title="bbox 123 3532 1698 3603">
     <span class='ocr_line' id='line_1_52' title="bbox 123 3532 1698 3603; baseline -0.002 -15"><span class='ocrx_word' id='word_1_389' title='bbox 123 3535 272 3587; x_wconf 84' lang='grc' dir='ltr'>τοῦτο</span> <span class='ocrx_word' id='word_1_390' title='bbox 294 3535 489 3603; x_wconf 81' lang='grc' dir='ltr'>στέλλῃ</span> <span class='ocrx_word' id='word_1_391' title='bbox 515 3533 615 3602; x_wconf 81' lang='grc' dir='ltr'>τῆς</span> <span class='ocrx_word' id='word_1_392' title='bbox 641 3533 926 3595; x_wconf 84' lang='grc' dir='ltr'>κοινωνίας</span> <span class='ocrx_word' id='word_1_393' title='bbox 953 3533 1060 3585; x_wconf 89' lang='grc' dir='ltr'><strong>τῶν</strong></span> <span class='ocrx_word' id='word_1_394' title='bbox 1091 3532 1488 3602; x_wconf 73' lang='grc' dir='ltr'>Εἰκονομάχωνο</span> <span class='ocrx_word' id='word_1_395' title='bbox 1521 3533 1698 3601; x_wconf 80' lang='grc' dir='ltr'>χαίρω</span> 
     </span>
    </p>
   </div>
   <div class='ocr_carea' id='block_1_53' title="bbox 124 3624 1694 3696">
    <p class='ocr_par' dir='ltr' id='par_1_53' title="bbox 124 3624 1694 3696">
     <span class='ocr_line' id='line_1_53' title="bbox 124 3624 1694 3696; baseline -0.003 -18"><span class='ocrx_word' id='word_1_396' title='bbox 124 3627 213 3678; x_wconf 68' lang='grc' dir='ltr'>καὶ</span> <span class='ocrx_word' id='word_1_397' title='bbox 244 3626 527 3696; x_wconf 86' lang='grc' dir='ltr'>συγχαίρω</span> <span class='ocrx_word' id='word_1_398' title='bbox 554 3642 659 3687; x_wconf 87' lang='grc' dir='ltr'>σοι,</span> <span class='ocrx_word' id='word_1_399' title='bbox 698 3624 1004 3694; x_wconf 81' lang='grc' dir='ltr'>εὐχαριστῶ</span> <span class='ocrx_word' id='word_1_400' title='bbox 1029 3625 1124 3676; x_wconf 67' lang='grc' dir='ltr'>καὶ</span> <span class='ocrx_word' id='word_1_401' title='bbox 1152 3625 1558 3694; x_wconf 84' lang='grc' dir='ltr'>συνευχαριστῶ</span> <span class='ocrx_word' id='word_1_402' title='bbox 1590 3641 1694 3687; x_wconf 86' lang='grc' dir='ltr'>σοι,</span> 
     </span>
    </p>
   </div>
   <div class='ocr_carea' id='block_1_54' title="bbox 122 3711 1698 3787">
    <p class='ocr_par' dir='ltr' id='par_1_54' title="bbox 122 3711 1698 3787">
     <span class='ocr_line' id='line_1_54' title="bbox 122 3711 1698 3787; baseline -0.003 -20"><span class='ocrx_word' id='word_1_403' title='bbox 122 3717 201 3768; x_wconf 79' lang='grc' dir='ltr'>ὅτι</span> <span class='ocrx_word' id='word_1_404' title='bbox 242 3718 372 3787; x_wconf 79' lang='grc' dir='ltr'>ὁρᾷς</span> <span class='ocrx_word' id='word_1_405' title='bbox 417 3716 518 3785; x_wconf 82' lang='grc' dir='ltr'><strong>τὴν</strong></span> <span class='ocrx_word' id='word_1_406' title='bbox 551 3713 843 3784; x_wconf 76' lang='grc' dir='ltr'>ἀλήθειαν,</span> <span class='ocrx_word' id='word_1_407' title='bbox 891 3712 983 3765; x_wconf 90' lang='grc' dir='ltr'><strong>καί</strong></span> <span class='ocrx_word' id='word_1_408' title='bbox 1021 3730 1102 3766; x_wconf 85' lang='grc' dir='ltr'><strong>τοι</strong></span> <span class='ocrx_word' id='word_1_409' title='bbox 1142 3713 1413 3783; x_wconf 78' lang='grc' dir='ltr'>ὀψιμαθὴς</span> <span class='ocrx_word' id='word_1_410' title='bbox 1444 3711 1553 3776; x_wconf 80' lang='grc' dir='ltr'>ὢν,</span> <span class='ocrx_word' id='word_1_411' title='bbox 1603 3712 1698 3763; x_wconf 79' lang='grc' dir='ltr'>καὶ</span> 
     </span>
    </p>
   </div>
   <div class='ocr_carea' id='block_1_55' title="bbox 123 3804 1697 3877">
    <p class='ocr_par' dir='ltr' id='par_1_55' title="bbox 123 3804 1697 3877">
     <span class='ocr_line' id='line_1_55' title="bbox 123 3804 1697 3877; baseline -0.002 -19"><span class='ocrx_word' id='word_1_412' title='bbox 123 3809 504 3877; x_wconf 86' lang='grc' dir='ltr'>ἀρτιγέννητος</span> <span class='ocrx_word' id='word_1_413' title='bbox 558 3808 671 3869; x_wconf 84' lang='grc' dir='ltr'>υίὸς</span> <span class='ocrx_word' id='word_1_414' title='bbox 708 3805 864 3860; x_wconf 84' lang='grc' dir='ltr'>Θεοῦ.</span> <span class='ocrx_word' id='word_1_415' title='bbox 916 3807 1023 3858; x_wconf 76' lang='grc' dir='ltr'>Καὶ</span> <span class='ocrx_word' id='word_1_416' title='bbox 1074 3807 1145 3875; x_wconf 88' lang='grc' dir='ltr'>μή</span> <span class='ocrx_word' id='word_1_417' title='bbox 1180 3823 1260 3858; x_wconf 88' lang='grc' dir='ltr'><strong>τοι</strong></span> <span class='ocrx_word' id='word_1_418' title='bbox 1301 3804 1584 3875; x_wconf 80' lang='grc' dir='ltr'>θαυμάσῃς</span> <span class='ocrx_word' id='word_1_419' title='bbox 1618 3806 1697 3857; x_wconf 81' lang='grc' dir='ltr'>ὅτι</span> 
     </span>
    </p>
   </div>
   <div class='ocr_carea' id='block_1_56' title="bbox 124 3896 1695 3968">
    <p class='ocr_par' dir='ltr' id='par_1_56' title="bbox 124 3896 1695 3968">
     <span class='ocr_line' id='line_1_56' title="bbox 124 3896 1695 3968; baseline -0.004 -15"><span class='ocrx_word' id='word_1_420' title='bbox 124 3903 214 3953; x_wconf 70' lang='grc' dir='ltr'><strong>καὶ</strong></span> <span class='ocrx_word' id='word_1_421' title='bbox 260 3902 318 3952; x_wconf 82' lang='grc' dir='ltr'>ἐν</span> <span class='ocrx_word' id='word_1_422' title='bbox 366 3901 716 3968; x_wconf 84' lang='grc' dir='ltr'>Χριστιανοῖς</span> <span class='ocrx_word' id='word_1_423' title='bbox 748 3900 1057 3968; x_wconf 78' lang='grc' dir='ltr'>εἰσέρχεται</span> <span class='ocrx_word' id='word_1_424' title='bbox 1093 3898 1289 3965; x_wconf 83' lang='grc' dir='ltr'>πλάνη.</span> <span class='ocrx_word' id='word_1_425' title='bbox 1319 3896 1494 3948; x_wconf 81' lang='grc' dir='ltr'>’Ὅπου</span> <span class='ocrx_word' id='word_1_426' title='bbox 1535 3896 1640 3964; x_wconf 76' lang='grc' dir='ltr'><strong>γὰρ</strong></span> <span class='ocrx_word' id='word_1_427' title='bbox 1662 3897 1695 3964; x_wconf 87' lang='grc' dir='ltr'><strong>ή</strong></span> 
     </span>
    </p>
   </div>
   <div class='ocr_carea' id='block_1_57' title="bbox 126 3987 1697 4058">
    <p class='ocr_par' dir='ltr' id='par_1_57' title="bbox 126 3987 1697 4058">
     <span class='ocr_line' id='line_1_57' title="bbox 126 3987 1697 4058; baseline -0.001 -19"><span class='ocrx_word' id='word_1_428' title='bbox 126 3990 385 4058; x_wconf 84' lang='grc' dir='ltr'>σωτηρία,</span> <span class='ocrx_word' id='word_1_429' title='bbox 428 3991 547 4041; x_wconf 75' lang='grc' dir='ltr'>ἐκεῖ</span> <span class='ocrx_word' id='word_1_430' title='bbox 580 3990 764 4057; x_wconf 80' lang='grc' dir='ltr'>τρέχει</span> <span class='ocrx_word' id='word_1_431' title='bbox 817 3991 845 4040; x_wconf 89' lang='grc' dir='ltr'>ὁ</span> <span class='ocrx_word' id='word_1_432' title='bbox 899 3988 1115 4058; x_wconf 83' lang='grc' dir='ltr'>δράκων</span> <span class='ocrx_word' id='word_1_433' title='bbox 1169 3987 1415 4049; x_wconf 80' lang='grc' dir='ltr'>διάϐολος</span> <span class='ocrx_word' id='word_1_434' title='bbox 1472 3987 1697 4056; x_wconf 75' lang='grc' dir='ltr'>ποιῆσαι</span> 
     </span>
    </p>
   </div>
   <div class='ocr_carea' id='block_1_58' title="bbox 123 4079 1700 4152">
    <p class='ocr_par' dir='ltr' id='par_1_58' title="bbox 123 4079 1700 4152">
     <span class='ocr_line' id='line_1_58' title="bbox 123 4079 1700 4152; baseline 0.002 -22"><span class='ocrx_word' id='word_1_435' title='bbox 123 4080 421 4132; x_wconf 70' lang='grc' dir='ltr'>ἀπώλειανσ</span> <span class='ocrx_word' id='word_1_436' title='bbox 459 4079 731 4132; x_wconf 78' lang='grc' dir='ltr'>καὶτοῦτο</span> <span class='ocrx_word' id='word_1_437' title='bbox 763 4079 831 4131; x_wconf 78' lang='grc' dir='ltr'>δι’</span> <span class='ocrx_word' id='word_1_438' title='bbox 863 4081 980 4141; x_wconf 81' lang='grc' dir='ltr'>ἐνὸς</span> <span class='ocrx_word' id='word_1_439' title='bbox 1015 4079 1301 4152; x_wconf 81' lang='grc' dir='ltr'>ἀνθρώπου</span> <span class='ocrx_word' id='word_1_440' title='bbox 1335 4079 1427 4131; x_wconf 84' lang='grc' dir='ltr'><strong>τοῦ</strong></span> <span class='ocrx_word' id='word_1_441' title='bbox 1458 4080 1700 4144; x_wconf 78' lang='grc' dir='ltr'>ἐξουσιὰ-</span> 
     </span>
    </p>
   </div>
   <div class='ocr_carea' id='block_1_59' title="bbox 124 4168 1699 4241">
    <p class='ocr_par' dir='ltr' id='par_1_59' title="bbox 124 4168 1699 4241">
     <span class='ocr_line' id='line_1_59' title="bbox 124 4168 1699 4241; baseline 0.001 -21"><span class='ocrx_word' id='word_1_442' title='bbox 124 4168 322 4233; x_wconf 82' lang='grc' dir='ltr'>ζοντος.</span> <span class='ocrx_word' id='word_1_443' title='bbox 364 4173 526 4241; x_wconf 82' lang='grc' dir='ltr'>’Δρτι</span> <span class='ocrx_word' id='word_1_444' title='bbox 567 4171 676 4240; x_wconf 83' lang='grc' dir='ltr'>γὰρ</span> <span class='ocrx_word' id='word_1_445' title='bbox 708 4171 739 4238; x_wconf 86' lang='grc' dir='ltr'><strong>ή</strong></span> <span class='ocrx_word' id='word_1_446' title='bbox 769 4170 942 4239; x_wconf 83' lang='grc' dir='ltr'>πλάνη</span> <span class='ocrx_word' id='word_1_447' title='bbox 990 4171 1127 4238; x_wconf 80' lang='grc' dir='ltr'>αῦτη</span> <span class='ocrx_word' id='word_1_448' title='bbox 1166 4170 1463 4240; x_wconf 82' lang='grc' dir='ltr'>ἑπεισήχθη</span> <span class='ocrx_word' id='word_1_449' title='bbox 1501 4172 1557 4222; x_wconf 79' lang='grc' dir='ltr'>ἐν</span> <span class='ocrx_word' id='word_1_450' title='bbox 1588 4174 1699 4233; x_wconf 86' lang='grc' dir='ltr'>τοῖς</span> 
     </span>
    </p>
   </div>
   <div class='ocr_carea' id='block_1_60' title="bbox 122 4260 1698 4331">
    <p class='ocr_par' dir='ltr' id='par_1_60' title="bbox 122 4260 1698 4331">
     <span class='ocr_line' id='line_1_60' title="bbox 122 4260 1698 4331; baseline 0.001 -19"><span class='ocrx_word' id='word_1_451' title='bbox 122 4262 483 4331; x_wconf 82' lang='grc' dir='ltr'>Χριστιανοίς.</span> <span class='ocrx_word' id='word_1_452' title='bbox 524 4260 677 4312; x_wconf 75' lang='grc' dir='ltr'>Ἐπεὶ</span> <span class='ocrx_word' id='word_1_453' title='bbox 712 4260 770 4323; x_wconf 78' lang='grc' dir='ltr'>ἐξ</span> <span class='ocrx_word' id='word_1_454' title='bbox 812 4260 1006 4322; x_wconf 84' lang='grc' dir='ltr'>αἰῶνος</span> <span class='ocrx_word' id='word_1_455' title='bbox 1040 4263 1073 4331; x_wconf 81' lang='grc' dir='ltr'>ὴ</span> <span class='ocrx_word' id='word_1_456' title='bbox 1114 4260 1349 4329; x_wconf 77' lang='grc' dir='ltr'>Χριστοῦ</span> <span class='ocrx_word' id='word_1_457' title='bbox 1392 4260 1698 4331; x_wconf 81' lang='grc' dir='ltr'>εἱκὼν,τῆς</span> 
     </span>
    </p>
   </div>
   <div class='ocr_carea' id='block_1_61' title="bbox 124 4351 1208 4419">
    <p class='ocr_par' dir='ltr' id='par_1_61' title="bbox 124 4351 1208 4419">
     <span class='ocr_line' id='line_1_61' title="bbox 124 4351 1208 4419; baseline 0.002 -15"><span class='ocrx_word' id='word_1_458' title='bbox 124 4370 179 4405; x_wconf 86' lang='grc' dir='ltr'><strong>τε</strong></span> <span class='ocrx_word' id='word_1_459' title='bbox 215 4354 511 4417; x_wconf 83' lang='grc' dir='ltr'>Θεοτόκου,</span> <span class='ocrx_word' id='word_1_460' title='bbox 555 4352 649 4404; x_wconf 76' lang='grc' dir='ltr'>καὶ</span> <span class='ocrx_word' id='word_1_461' title='bbox 680 4351 789 4404; x_wconf 86' lang='grc' dir='ltr'><strong>τῶν</strong></span> <span class='ocrx_word' id='word_1_462' title='bbox 826 4352 994 4419; x_wconf 83' lang='grc' dir='ltr'>ἁγίων</span> <span class='ocrx_word' id='word_1_463' title='bbox 1022 4352 1208 4406; x_wconf 78' lang='grc' dir='ltr'>αὐτοῦ.</span> 
     </span>
    </p>
   </div>
   <div class='ocr_carea' id='block_1_62' title="bbox 192 4526 1697 4601">
    <p class='ocr_par' dir='ltr' id='par_1_62' title="bbox 192 4526 1697 4601">
     <span class='ocr_line' id='line_1_62' title="bbox 192 4526 1697 4601; baseline -0.004 -16"><span class='ocrx_word' id='word_1_464' title='bbox 192 4531 378 4585; x_wconf 84' lang='grc' dir='ltr'>Ταῦτά</span> <span class='ocrx_word' id='word_1_465' title='bbox 408 4549 531 4594; x_wconf 83' lang='grc' dir='ltr'>σοι,</span> <span class='ocrx_word' id='word_1_466' title='bbox 573 4530 810 4583; x_wconf 86' lang='grc' dir='ltr'>δέσποτα</span> <span class='ocrx_word' id='word_1_467' title='bbox 860 4528 1178 4601; x_wconf 81' lang='grc' dir='ltr'>τιμιώτατε,</span> <span class='ocrx_word' id='word_1_468' title='bbox 1226 4530 1302 4591; x_wconf 86' lang='grc' dir='ltr'>ὡς</span> <span class='ocrx_word' id='word_1_469' title='bbox 1358 4529 1509 4598; x_wconf 73' lang='grc' dir='ltr'>παρὰ</span> <span class='ocrx_word' id='word_1_470' title='bbox 1562 4526 1697 4580; x_wconf 81' lang='grc' dir='ltr'>Θεοῦ</span> 
     </span>
    </p>
   </div>
   <div class='ocr_carea' id='block_1_63' title="bbox 126 4620 1701 4693">
    <p class='ocr_par' dir='ltr' id='par_1_63' title="bbox 126 4620 1701 4693">
     <span class='ocr_line' id='line_1_63' title="bbox 126 4620 1701 4693; baseline -0.003 -18"><span class='ocrx_word' id='word_1_471' title='bbox 126 4625 385 4693; x_wconf 74' lang='grc' dir='ltr'>κινηθεὶς,</span> <span class='ocrx_word' id='word_1_472' title='bbox 439 4624 545 4677; x_wconf 79' lang='grc' dir='ltr'><strong>κᾶν</strong></span> <span class='ocrx_word' id='word_1_473' title='bbox 602 4622 931 4692; x_wconf 85' lang='grc' dir='ltr'>ἁμαρτωλός</span> <span class='ocrx_word' id='word_1_474' title='bbox 983 4624 1121 4691; x_wconf 77' lang='grc' dir='ltr'>εἰμι,</span> <span class='ocrx_word' id='word_1_475' title='bbox 1175 4620 1527 4689; x_wconf 69' lang='grc' dir='ltr'>ἐφθεγξάμην</span> <span class='ocrx_word' id='word_1_476' title='bbox 1567 4621 1701 4689; x_wconf 73' lang='grc' dir='ltr'>πρὸς</span> 
     </span>
    </p>
   </div>
   <div class='ocr_carea' id='block_1_64' title="bbox 128 4711 1703 4786">
    <p class='ocr_par' dir='ltr' id='par_1_64' title="bbox 128 4711 1703 4786">
     <span class='ocr_line' id='line_1_64' title="bbox 128 4711 1703 4786; baseline -0.002 -21"><span class='ocrx_word' id='word_1_477' title='bbox 128 4714 414 4783; x_wconf 68' lang='grc' dir='ltr'>βεϐαίωσιν</span> <span class='ocrx_word' id='word_1_478' title='bbox 449 4715 552 4786; x_wconf 82' lang='grc' dir='ltr'><strong>τῆς</strong></span> <span class='ocrx_word' id='word_1_479' title='bbox 590 4712 825 4776; x_wconf 82' lang='grc' dir='ltr'>πίστεώς</span> <span class='ocrx_word' id='word_1_480' title='bbox 854 4730 967 4765; x_wconf 90' lang='grc' dir='ltr'>σου·</span> <span class='ocrx_word' id='word_1_481' title='bbox 1000 4713 1186 4782; x_wconf 77' lang='grc' dir='ltr'>ἐπειδὴ</span> <span class='ocrx_word' id='word_1_482' title='bbox 1214 4712 1437 4779; x_wconf 66' lang='grc' dir='ltr'>ἁδελφὸς</span> <span class='ocrx_word' id='word_1_483' title='bbox 1472 4712 1535 4763; x_wconf 78' lang='grc' dir='ltr'><strong>σὺ</strong></span> <span class='ocrx_word' id='word_1_484' title='bbox 1567 4711 1703 4779; x_wconf 81' lang='grc' dir='ltr'>ἡμέ-</span> 
     </span>
    </p>
   </div>
   <div class='ocr_carea' id='block_1_65' title="bbox 125 4802 1702 4875">
    <p class='ocr_par' dir='ltr' id='par_1_65' title="bbox 125 4802 1702 4875">
     <span class='ocr_line' id='line_1_65' title="bbox 125 4802 1702 4875; baseline -0.002 -19"><span class='ocrx_word' id='word_1_485' title='bbox 125 4822 299 4875; x_wconf 83' lang='grc' dir='ltr'>τερος,</span> <span class='ocrx_word' id='word_1_486' title='bbox 338 4808 432 4860; x_wconf 78' lang='grc' dir='ltr'><strong>καὶ</strong></span> <span class='ocrx_word' id='word_1_487' title='bbox 463 4807 524 4859; x_wconf 83' lang='grc' dir='ltr'><strong>οὐ</strong></span> <span class='ocrx_word' id='word_1_488' title='bbox 550 4806 722 4872; x_wconf 81' lang='grc' dir='ltr'>ξένος,</span> <span class='ocrx_word' id='word_1_489' title='bbox 754 4804 937 4868; x_wconf 85' lang='grc' dir='ltr'>καθὼς</span> <span class='ocrx_word' id='word_1_490' title='bbox 976 4806 1220 4875; x_wconf 77' lang='grc' dir='ltr'>εἴρηκας.</span> <span class='ocrx_word' id='word_1_491' title='bbox 1259 4806 1320 4856; x_wconf 80' lang='lat' dir='ltr'><strong>Ei</strong></span> <span class='ocrx_word' id='word_1_492' title='bbox 1352 4805 1406 4855; x_wconf 74' lang='grc' dir='ltr'><strong>δὲ</strong></span> <span class='ocrx_word' id='word_1_493' title='bbox 1440 4804 1581 4867; x_wconf 81' lang='grc' dir='ltr'>ξένος</span> <span class='ocrx_word' id='word_1_494' title='bbox 1610 4802 1702 4854; x_wconf 88' lang='grc' dir='ltr'><strong>τοῦ</strong></span> 
     </span>
    </p>
   </div>
   <div class='ocr_carea' id='block_1_66' title="bbox 128 4894 1705 4967">
    <p class='ocr_par' dir='ltr' id='par_1_66' title="bbox 128 4894 1705 4967">
     <span class='ocr_line' id='line_1_66' title="bbox 128 4894 1705 4967; baseline -0.001 -18"><span class='ocrx_word' id='word_1_495' title='bbox 128 4899 349 4967; x_wconf 75' lang='grc' dir='ltr'>κόσμου,</span> <span class='ocrx_word' id='word_1_496' title='bbox 392 4894 453 4951; x_wconf 82' lang='grc' dir='ltr'><strong>εὖ</strong></span> <span class='ocrx_word' id='word_1_497' title='bbox 509 4898 579 4951; x_wconf 83' lang='grc' dir='ltr'>ἂν</span> <span class='ocrx_word' id='word_1_498' title='bbox 622 4896 758 4967; x_wconf 80' lang='grc' dir='ltr'>ἔχοι.</span> <span class='ocrx_word' id='word_1_499' title='bbox 798 4898 907 4949; x_wconf 76' lang='grc' dir='ltr'>Καὶ</span> <span class='ocrx_word' id='word_1_500' title='bbox 952 4899 1109 4967; x_wconf 75' lang='grc' dir='ltr'>ἡμεῖς</span> <span class='ocrx_word' id='word_1_501' title='bbox 1142 4899 1249 4965; x_wconf 85' lang='grc' dir='ltr'>γὰρ</span> <span class='ocrx_word' id='word_1_502' title='bbox 1290 4898 1340 4948; x_wconf 86' lang='grc' dir='ltr'>οἱ</span> <span class='ocrx_word' id='word_1_503' title='bbox 1374 4898 1620 4948; x_wconf 76' lang='grc' dir='ltr'>ταπεινοὶ</span> <span class='ocrx_word' id='word_1_504' title='bbox 1645 4896 1705 4947; x_wconf 82' lang='grc' dir='ltr'><strong>τὸ</strong></span> 
     </span>
    </p>
   </div>
   <div class='ocr_carea' id='block_1_67' title="bbox 127 4989 1701 5061">
    <p class='ocr_par' dir='ltr' id='par_1_67' title="bbox 127 4989 1701 5061">
     <span class='ocr_line' id='line_1_67' title="bbox 127 4989 1701 5061; baseline -0.001 -20"><span class='ocrx_word' id='word_1_505' title='bbox 127 4991 256 5043; x_wconf 79' lang='grc' dir='ltr'>αὐτὸ</span> <span class='ocrx_word' id='word_1_506' title='bbox 282 4991 501 5061; x_wconf 78' lang='grc' dir='ltr'>ἔχομεν·</span> <span class='ocrx_word' id='word_1_507' title='bbox 536 4992 631 5043; x_wconf 74' lang='grc' dir='ltr'>καὶ</span> <span class='ocrx_word' id='word_1_508' title='bbox 656 4990 747 5042; x_wconf 77' lang='grc' dir='ltr'>διὰ</span> <span class='ocrx_word' id='word_1_509' title='bbox 777 4991 937 5043; x_wconf 87' lang='grc' dir='ltr'>τοῦτό</span> <span class='ocrx_word' id='word_1_510' title='bbox 983 4993 1151 5059; x_wconf 81' lang='grc' dir='ltr'>ἐσμεν</span> <span class='ocrx_word' id='word_1_511' title='bbox 1181 4989 1582 5061; x_wconf 71' lang='grc' dir='ltr'>ἀπερριμμένοι</span> <span class='ocrx_word' id='word_1_512' title='bbox 1614 4990 1701 5041; x_wconf 78' lang='grc' dir='ltr'><strong>ἐν·</strong></span> 
     </span>
    </p>
   </div>
   <div class='ocr_carea' id='block_1_68' title="bbox 127 5078 1703 5151">
    <p class='ocr_par' dir='ltr' id='par_1_68' title="bbox 127 5078 1703 5151">
     <span class='ocr_line' id='line_1_68' title="bbox 127 5078 1703 5151; baseline -0.002 -16"><span class='ocrx_word' id='word_1_513' title='bbox 127 5082 296 5135; x_wconf 85' lang='grc' dir='ltr'>ταῦθα</span> <span class='ocrx_word' id='word_1_514' title='bbox 323 5084 411 5135; x_wconf 73' lang='grc' dir='ltr'>διὰ</span> <span class='ocrx_word' id='word_1_515' title='bbox 440 5083 534 5135; x_wconf 85' lang='grc' dir='ltr'><strong>τὸν</strong></span> <span class='ocrx_word' id='word_1_516' title='bbox 565 5083 722 5150; x_wconf 88' lang='grc' dir='ltr'>λόγον</span> <span class='ocrx_word' id='word_1_517' title='bbox 760 5082 853 5135; x_wconf 90' lang='grc' dir='ltr'><strong>τοῦ</strong></span> <span class='ocrx_word' id='word_1_518' title='bbox 901 5083 1058 5135; x_wconf 88' lang='grc' dir='ltr'>Θεοῦ.</span> <span class='ocrx_word' id='word_1_519' title='bbox 1087 5085 1197 5136; x_wconf 78' lang='grc' dir='ltr'><strong>Καὶ</strong></span> <span class='ocrx_word' id='word_1_520' title='bbox 1228 5085 1495 5151; x_wconf 83' lang='grc' dir='ltr'>μακάριος</span> <span class='ocrx_word' id='word_1_521' title='bbox 1533 5078 1583 5133; x_wconf 77' lang='grc' dir='ltr'><strong>εἴ</strong></span> <span class='ocrx_word' id='word_1_522' title='bbox 1612 5099 1703 5132; x_wconf 83' lang='grc' dir='ltr'>πι-</span> 
     </span>
    </p>
   </div>
   <div class='ocr_carea' id='block_1_69' title="bbox 130 5176 1703 5248">
    <p class='ocr_par' dir='ltr' id='par_1_69' title="bbox 130 5176 1703 5248">
     <span class='ocr_line' id='line_1_69' title="bbox 130 5176 1703 5248; baseline -0.001 -20"><span class='ocrx_word' id='word_1_523' title='bbox 130 5178 332 5229; x_wconf 82' lang='grc' dir='ltr'>στεύων</span> <span class='ocrx_word' id='word_1_524' title='bbox 359 5180 441 5240; x_wconf 79' lang='lat' dir='ltr'><strong>ei;</strong></span> <span class='ocrx_word' id='word_1_525' title='bbox 464 5177 702 5248; x_wconf 87' lang='grc' dir='ltr'>Χριστὸν</span> <span class='ocrx_word' id='word_1_526' title='bbox 730 5176 926 5245; x_wconf 75' lang='grc' dir='ltr'>ὀρθῶς,</span> <span class='ocrx_word' id='word_1_527' title='bbox 970 5180 1064 5229; x_wconf 67' lang='grc' dir='ltr'><strong>καὶ</strong></span> <span class='ocrx_word' id='word_1_528' title='bbox 1102 5179 1282 5230; x_wconf 85' lang='grc' dir='ltr'>πάντα</span> <span class='ocrx_word' id='word_1_529' title='bbox 1308 5176 1536 5246; x_wconf 83' lang='grc' dir='ltr'>δεύτερα</span> <span class='ocrx_word' id='word_1_530' title='bbox 1562 5176 1703 5245; x_wconf 74' lang='grc' dir='ltr'>ὑπὲρ</span> 
     </span>
    </p>
   </div>
   <div class='ocr_carea' id='block_1_70' title="bbox 130 5268 1705 5341">
    <p class='ocr_par' dir='ltr' id='par_1_70' title="bbox 130 5268 1705 5341">
     <span class='ocr_line' id='line_1_70' title="bbox 130 5268 1705 5341; baseline -0.001 -20"><span class='ocrx_word' id='word_1_531' title='bbox 130 5270 290 5322; x_wconf 72' lang='grc' dir='ltr'>αὑτοῦ</span> <span class='ocrx_word' id='word_1_532' title='bbox 335 5271 664 5340; x_wconf 77' lang='grc' dir='ltr'>ἡγούμενος.</span> <span class='ocrx_word' id='word_1_533' title='bbox 699 5269 924 5322; x_wconf 86' lang='grc' dir='ltr'>Ἰδέσθαι</span> <span class='ocrx_word' id='word_1_534' title='bbox 968 5269 1025 5321; x_wconf 85' lang='grc' dir='ltr'>δὲ</span> <span class='ocrx_word' id='word_1_535' title='bbox 1050 5270 1306 5341; x_wconf 84' lang='grc' dir='ltr'>ἀλλήλους</span> <span class='ocrx_word' id='word_1_536' title='bbox 1335 5269 1589 5321; x_wconf 78' lang='grc' dir='ltr'>δύσκολον</span> <span class='ocrx_word' id='word_1_537' title='bbox 1619 5268 1705 5320; x_wconf 78' lang='grc' dir='ltr'><strong>διὰ</strong></span> 
     </span>
    </p>
   </div>
   <div class='ocr_carea' id='block_1_71' title="bbox 128 5360 1705 5431">
    <p class='ocr_par' dir='ltr' id='par_1_71' title="bbox 128 5360 1705 5431">
     <span class='ocr_line' id='line_1_71' title="bbox 128 5360 1705 5431; baseline -0.002 -19"><span class='ocrx_word' id='word_1_538' title='bbox 128 5361 224 5430; x_wconf 76' lang='grc' dir='ltr'>τὴν</span> <span class='ocrx_word' id='word_1_539' title='bbox 250 5362 524 5428; x_wconf 78' lang='grc' dir='ltr'>ἐξουσίαν·</span> <span class='ocrx_word' id='word_1_540' title='bbox 562 5362 609 5415; x_wconf 90' lang='grc' dir='ltr'>εἰ</span> <span class='ocrx_word' id='word_1_541' title='bbox 642 5361 717 5431; x_wconf 85' lang='grc' dir='ltr'>μή</span> <span class='ocrx_word' id='word_1_542' title='bbox 762 5378 815 5412; x_wconf 90' lang='grc' dir='ltr'><strong>τι</strong></span> <span class='ocrx_word' id='word_1_543' title='bbox 842 5361 970 5424; x_wconf 78' lang='grc' dir='ltr'>Θεὸς</span> <span class='ocrx_word' id='word_1_544' title='bbox 1016 5362 1227 5414; x_wconf 83' lang='grc' dir='ltr'>κελεύει</span> <span class='ocrx_word' id='word_1_545' title='bbox 1259 5360 1378 5413; x_wconf 78' lang='grc' dir='ltr'>καθ’</span> <span class='ocrx_word' id='word_1_546' title='bbox 1416 5361 1473 5412; x_wconf 82' lang='grc' dir='ltr'>ὃν</span> <span class='ocrx_word' id='word_1_547' title='bbox 1497 5360 1705 5411; x_wconf 85' lang='grc' dir='ltr'>οἰκονο-</span> 
     </span>
    </p>
   </div>
   <div class='ocr_carea' id='block_1_72' title="bbox 136 5442 1703 5524">
    <p class='ocr_par' dir='ltr' id='par_1_72' title="bbox 136 5442 1703 5524">
     <span class='ocr_line' id='line_1_72' title="bbox 136 5442 1703 5524; baseline -0.001 -19"><span class='ocrx_word' id='word_1_548' title='bbox 136 5456 294 5521; x_wconf 88' lang='grc' dir='ltr'>μήσει</span> <span class='ocrx_word' id='word_1_549' title='bbox 343 5442 567 5524; x_wconf 62' lang='grc' dir='ltr'>τρῖπον.</span> <span class='ocrx_word' id='word_1_550' title='bbox 609 5452 935 5523; x_wconf 79' lang='grc' dir='ltr'>Μεμνῆσθαι</span> <span class='ocrx_word' id='word_1_551' title='bbox 980 5451 1037 5503; x_wconf 76' lang='grc' dir='ltr'>δέ</span> <span class='ocrx_word' id='word_1_552' title='bbox 1068 5470 1162 5507; x_wconf 87' lang='grc' dir='ltr'><strong>σου</strong></span> <span class='ocrx_word' id='word_1_553' title='bbox 1194 5453 1253 5505; x_wconf 78' lang='grc' dir='ltr'><strong>οὐ</strong></span> <span class='ocrx_word' id='word_1_554' title='bbox 1286 5449 1703 5520; x_wconf 69' lang='grc' dir='ltr'>διαλειψόμεθα,</span> 
     </span>
    </p>
   </div>
   <div class='ocr_carea' id='block_1_73' title="bbox 133 5544 1705 5616">
    <p class='ocr_par' dir='ltr' id='par_1_73' title="bbox 133 5544 1705 5616">
     <span class='ocr_line' id='line_1_73' title="bbox 133 5544 1705 5616; baseline -0.001 -19"><span class='ocrx_word' id='word_1_555' title='bbox 133 5548 223 5597; x_wconf 81' lang='grc' dir='ltr'>καὶ</span> <span class='ocrx_word' id='word_1_556' title='bbox 250 5547 473 5616; x_wconf 79' lang='grc' dir='ltr'>ἀγαπᾷν</span> <span class='ocrx_word' id='word_1_557' title='bbox 504 5563 563 5597; x_wconf 89' lang='grc' dir='ltr'><strong>σε</strong></span> <span class='ocrx_word' id='word_1_558' title='bbox 591 5545 666 5608; x_wconf 84' lang='grc' dir='ltr'>ὡς</span> <span class='ocrx_word' id='word_1_559' title='bbox 696 5545 921 5609; x_wconf 77' lang='grc' dir='ltr'>ἀδελφὸν</span> <span class='ocrx_word' id='word_1_560' title='bbox 952 5544 1128 5615; x_wconf 76' lang='grc' dir='ltr'>ἡμῶν·</span> <span class='ocrx_word' id='word_1_561' title='bbox 1161 5548 1220 5597; x_wconf 80' lang='grc' dir='ltr'>ὅν</span> <span class='ocrx_word' id='word_1_562' title='bbox 1250 5561 1379 5596; x_wconf 87' lang='grc' dir='ltr'>ποτε</span> <span class='ocrx_word' id='word_1_563' title='bbox 1408 5545 1507 5596; x_wconf 70' lang='grc' dir='ltr'><strong>οὐκ</strong></span> <span class='ocrx_word' id='word_1_564' title='bbox 1535 5546 1705 5612; x_wconf 80' lang='grc' dir='ltr'>ἐγνω-</span> 
     </span>
    </p>
   </div>
   <div class='ocr_carea' id='block_1_74' title="bbox 138 5634 1705 5707">
    <p class='ocr_par' dir='ltr' id='par_1_74' title="bbox 138 5634 1705 5707">
     <span class='ocr_line' id='line_1_74' title="bbox 138 5634 1705 5707; baseline -0.003 -17"><span class='ocrx_word' id='word_1_565' title='bbox 138 5638 361 5707; x_wconf 85' lang='grc' dir='ltr'>ρίσαμεν</span> <span class='ocrx_word' id='word_1_566' title='bbox 416 5639 527 5691; x_wconf 86' lang='grc' dir='ltr'><strong>ἀπὸ</strong></span> <span class='ocrx_word' id='word_1_567' title='bbox 587 5637 786 5705; x_wconf 82' lang='grc' dir='ltr'>σαρκὸς</span> <span class='ocrx_word' id='word_1_568' title='bbox 831 5637 923 5689; x_wconf 68' lang='grc' dir='ltr'><strong>καὶ</strong></span> <span class='ocrx_word' id='word_1_569' title='bbox 952 5636 1203 5704; x_wconf 81' lang='grc' dir='ltr'>αἵματος·</span> <span class='ocrx_word' id='word_1_570' title='bbox 1238 5635 1330 5688; x_wconf 90' lang='grc' dir='ltr'><strong>νῦν</strong></span> <span class='ocrx_word' id='word_1_571' title='bbox 1374 5635 1430 5687; x_wconf 82' lang='grc' dir='ltr'><strong>δὲ</strong></span> <span class='ocrx_word' id='word_1_572' title='bbox 1474 5635 1581 5687; x_wconf 84' lang='grc' dir='ltr'><strong>ἀπὸ</strong></span> <span class='ocrx_word' id='word_1_573' title='bbox 1613 5634 1705 5686; x_wconf 78' lang='grc' dir='ltr'><strong>τοῦ</strong></span> 
     </span>
    </p>
   </div>
   <div class='ocr_carea' id='block_1_75' title="bbox 136 5726 1705 5801">
    <p class='ocr_par' dir='ltr' id='par_1_75' title="bbox 136 5726 1705 5801">
     <span class='ocr_line' id='line_1_75' title="bbox 136 5726 1705 5801; baseline -0.001 -22"><span class='ocrx_word' id='word_1_574' title='bbox 136 5730 283 5795; x_wconf 86' lang='grc' dir='ltr'>ἁγίου</span> <span class='ocrx_word' id='word_1_575' title='bbox 311 5730 631 5801; x_wconf 74' lang='grc' dir='ltr'>Πνεῦματος</span> <span class='ocrx_word' id='word_1_576' title='bbox 654 5730 850 5799; x_wconf 77' lang='grc' dir='ltr'>ἔχομεν</span> <span class='ocrx_word' id='word_1_577' title='bbox 885 5732 959 5793; x_wconf 84' lang='grc' dir='ltr'>ὼς</span> <span class='ocrx_word' id='word_1_578' title='bbox 994 5729 1278 5801; x_wconf 82' lang='grc' dir='ltr'>σύγγονον·</span> <span class='ocrx_word' id='word_1_579' title='bbox 1316 5726 1705 5798; x_wconf 77' lang='grc' dir='ltr'>ἀποτεχθέντες</span> 
     </span>
    </p>
   </div>
   <div class='ocr_carea' id='block_1_76' title="bbox 135 5817 1704 5893">
    <p class='ocr_par' dir='ltr' id='par_1_76' title="bbox 135 5817 1704 5893">
     <span class='ocr_line' id='line_1_76' title="bbox 135 5817 1704 5893; baseline -0.001 -21"><span class='ocrx_word' id='word_1_580' title='bbox 135 5820 427 5893; x_wconf 78' lang='grc' dir='ltr'>ἀμφότεροι</span> <span class='ocrx_word' id='word_1_581' title='bbox 476 5823 543 5875; x_wconf 82' lang='grc' dir='ltr'>ἐκ</span> <span class='ocrx_word' id='word_1_582' title='bbox 579 5822 785 5893; x_wconf 81' lang='grc' dir='ltr'>μητρὸς</span> <span class='ocrx_word' id='word_1_583' title='bbox 816 5822 913 5892; x_wconf 77' lang='grc' dir='ltr'>τῆς</span> <span class='ocrx_word' id='word_1_584' title='bbox 955 5822 1287 5891; x_wconf 83' lang='grc' dir='ltr'>υίοθετικῆς,</span> <span class='ocrx_word' id='word_1_585' title='bbox 1322 5817 1704 5889; x_wconf 76' lang='grc' dir='ltr'>κολυμϐήθρας</span> 
     </span>
    </p>
   </div>
   <div class='ocr_carea' id='block_1_77' title="bbox 1792 1961 3367 2032">
    <p class='ocr_par' dir='ltr' id='par_1_77' title="bbox 1792 1961 3367 2032">
     <span class='ocr_line' id='line_1_77' title="bbox 1792 1961 3367 2032; baseline 0.001 -20"><span class='ocrx_word' id='word_1_586' title='bbox 1792 1961 2251 2029; x_wconf 88' lang='lat' dir='ltr'><strong>quemadmodum</strong></span> <span class='ocrx_word' id='word_1_587' title='bbox 2319 1963 2827 2032; x_wconf 86' lang='lat' dir='ltr'><strong>incircumscriptus</strong></span> <span class='ocrx_word' id='word_1_588' title='bbox 2910 1971 2994 2018; x_wconf 83' lang='lat' dir='ltr'><strong>est</strong></span> <span class='ocrx_word' id='word_1_589' title='bbox 3062 1962 3367 2017; x_wconf 88' lang='lat' dir='ltr'><strong>secundum</strong></span> 
     </span>
    </p>
   </div>
   <div class='ocr_carea' id='block_1_78' title="bbox 1790 2048 3368 2116">
    <p class='ocr_par' dir='ltr' id='par_1_78' title="bbox 1790 2048 3368 2116">
     <span class='ocr_line' id='line_1_78' title="bbox 1790 2048 3368 2116; baseline 0.003 -15"><span class='ocrx_word' id='word_1_590' title='bbox 1790 2048 2028 2116; x_wconf 86' lang='lat' dir='ltr'><strong>Patrem,</strong></span> <span class='ocrx_word' id='word_1_591' title='bbox 2082 2052 2163 2106; x_wconf 91' lang='lat' dir='ltr'><strong>sic</strong></span> <span class='ocrx_word' id='word_1_592' title='bbox 2199 2063 2253 2106; x_wconf 91' lang='lat' dir='ltr'><strong>et</strong></span> <span class='ocrx_word' id='word_1_593' title='bbox 2303 2054 2601 2107; x_wconf 88' lang='lat' dir='ltr'><strong>secundum</strong></span> <span class='ocrx_word' id='word_1_594' title='bbox 2654 2061 2885 2107; x_wconf 87' lang='lat' dir='ltr'><strong>matrem</strong></span> <span class='ocrx_word' id='word_1_595' title='bbox 2922 2056 2976 2107; x_wconf 91' lang='lat' dir='ltr'><strong>in</strong></span> <span class='ocrx_word' id='word_1_596' title='bbox 3026 2054 3212 2108; x_wconf 85' lang='lat' dir='ltr'><strong>tabula</strong></span> <span class='ocrx_word' id='word_1_597' title='bbox 3269 2055 3368 2108; x_wconf 80' lang='lat' dir='ltr'><strong>de.—</strong></span> 
     </span>
    </p>
   </div>
   <div class='ocr_carea' id='block_1_79' title="bbox 1792 2146 3365 2216">
    <p class='ocr_par' dir='ltr' id='par_1_79' title="bbox 1792 2146 3365 2216">
     <span class='ocr_line' id='line_1_79' title="bbox 1792 2146 3365 2216; baseline 0.001 -17"><span class='ocrx_word' id='word_1_598' title='bbox 1792 2146 2071 2209; x_wconf 85' lang='lat' dir='ltr'><strong>scribitur,</strong></span> <span class='ocrx_word' id='word_1_599' title='bbox 2107 2155 2161 2201; x_wconf 91' lang='lat' dir='ltr'><strong>et</strong></span> <span class='ocrx_word' id='word_1_600' title='bbox 2190 2147 2487 2216; x_wconf 88' lang='lat' dir='ltr'><strong>descriptio</strong></span> <span class='ocrx_word' id='word_1_601' title='bbox 2538 2148 2657 2215; x_wconf 82' lang='lat' dir='ltr'><strong>ejus</strong></span> <span class='ocrx_word' id='word_1_602' title='bbox 2708 2148 2822 2201; x_wconf 80' lang='lat' dir='ltr'><strong>sive</strong></span> <span class='ocrx_word' id='word_1_603' title='bbox 2850 2148 3053 2216; x_wconf 80' lang='lat' dir='ltr'><strong>imago,</strong></span> <span class='ocrx_word' id='word_1_604' title='bbox 3091 2148 3365 2200; x_wconf 77' lang='lat' dir='ltr'><strong>adoranda</strong></span> 
     </span>
    </p>
   </div>
   <div class='ocr_carea' id='block_1_80' title="bbox 1792 2238 3369 2307">
    <p class='ocr_par' dir='ltr' id='par_1_80' title="bbox 1792 2238 3369 2307">
     <span class='ocr_line' id='line_1_80' title="bbox 1792 2238 3369 2307; baseline 0.001 -17"><span class='ocrx_word' id='word_1_605' title='bbox 1792 2247 1845 2290; x_wconf 91' lang='lat' dir='ltr'><strong>et</strong></span> <span class='ocrx_word' id='word_1_606' title='bbox 1882 2238 2191 2292; x_wconf 85' lang='lat' dir='ltr'><strong>veneranda</strong></span> <span class='ocrx_word' id='word_1_607' title='bbox 2219 2255 2233 2302; x_wconf 93' lang='lat'><strong>;</strong></span> <span class='ocrx_word' id='word_1_608' title='bbox 2285 2240 2337 2291; x_wconf 92' lang='lat' dir='ltr'><strong>in</strong></span> <span class='ocrx_word' id='word_1_609' title='bbox 2373 2255 2477 2307; x_wconf 92' lang='lat' dir='ltr'><strong>qua</strong></span> <span class='ocrx_word' id='word_1_610' title='bbox 2510 2239 2753 2293; x_wconf 82' lang='lat' dir='ltr'><strong>cernitur</strong></span> <span class='ocrx_word' id='word_1_611' title='bbox 2781 2254 2809 2292; x_wconf 90' lang='lat' dir='ltr'><strong>a</strong></span> <span class='ocrx_word' id='word_1_612' title='bbox 2850 2240 3009 2292; x_wconf 92' lang='lat' dir='ltr'><strong>nobis</strong></span> <span class='ocrx_word' id='word_1_613' title='bbox 3037 2238 3369 2293; x_wconf 85' lang='lat' dir='ltr'><strong>Christianis</strong></span> 
     </span>
    </p>
   </div>
   <div class='ocr_carea' id='block_1_81' title="bbox 1792 2326 3371 2398">
    <p class='ocr_par' dir='ltr' id='par_1_81' title="bbox 1792 2326 3371 2398">
     <span class='ocr_line' id='line_1_81' title="bbox 1792 2326 3371 2398; baseline 0.003 -20"><span class='ocrx_word' id='word_1_614' title='bbox 1792 2328 2009 2395; x_wconf 78' lang='lat' dir='ltr'><strong>qualem</strong></span> <span class='ocrx_word' id='word_1_615' title='bbox 2064 2326 2295 2381; x_wconf 87' lang='lat' dir='ltr'><strong>formam</strong></span> <span class='ocrx_word' id='word_1_616' title='bbox 2364 2330 2769 2398; x_wconf 87' lang='lat' dir='ltr'><strong>assumpserit;</strong></span> <span class='ocrx_word' id='word_1_617' title='bbox 2822 2339 2875 2383; x_wconf 88' lang='lat' dir='ltr'><strong>et</strong></span> <span class='ocrx_word' id='word_1_618' title='bbox 2928 2329 3238 2385; x_wconf 87' lang='lat' dir='ltr'><strong>declaratus</strong></span> <span class='ocrx_word' id='word_1_619' title='bbox 3286 2341 3371 2383; x_wconf 83' lang='lat' dir='ltr'><strong>est</strong></span> 
     </span>
    </p>
   </div>
   <div class='ocr_carea' id='block_1_82' title="bbox 1793 2420 3365 2492">
    <p class='ocr_par' dir='ltr' id='par_1_82' title="bbox 1793 2420 3365 2492">
     <span class='ocr_line' id='line_1_82' title="bbox 1793 2420 3365 2492; baseline 0.001 -19"><span class='ocrx_word' id='word_1_620' title='bbox 1793 2421 1988 2475; x_wconf 86' lang='lat' dir='ltr'><strong>similis</strong></span> <span class='ocrx_word' id='word_1_621' title='bbox 2031 2420 2188 2475; x_wconf 87' lang='lat' dir='ltr'><strong>nobis</strong></span> <span class='ocrx_word' id='word_1_622' title='bbox 2220 2420 2395 2475; x_wconf 80' lang='lat' dir='ltr'><strong>factus</strong></span> <span class='ocrx_word' id='word_1_623' title='bbox 2448 2437 2545 2490; x_wconf 87' lang='lat' dir='ltr'><strong>per</strong></span> <span class='ocrx_word' id='word_1_624' title='bbox 2591 2422 2773 2475; x_wconf 90' lang='lat' dir='ltr'><strong>omnia</strong></span> <span class='ocrx_word' id='word_1_625' title='bbox 2815 2433 3011 2491; x_wconf 83' lang='lat' dir='ltr'><strong>praeter</strong></span> <span class='ocrx_word' id='word_1_626' title='bbox 3040 2432 3365 2492; x_wconf 87' lang='lat' dir='ltr'><strong>peccatum:</strong></span> 
     </span>
    </p>
   </div>
   <div class='ocr_carea' id='block_1_83' title="bbox 1794 2511 3367 2583">
    <p class='ocr_par' dir='ltr' id='par_1_83' title="bbox 1794 2511 3367 2583">
     <span class='ocr_line' id='line_1_83' title="bbox 1794 2511 3367 2583; baseline 0.003 -20"><span class='ocrx_word' id='word_1_627' title='bbox 1794 2511 2018 2566; x_wconf 88' lang='lat' dir='ltr'><strong>abolens</strong></span> <span class='ocrx_word' id='word_1_628' title='bbox 2057 2526 2274 2565; x_wconf 85' lang='lat' dir='ltr'><strong>onmem</strong></span> <span class='ocrx_word' id='word_1_629' title='bbox 2315 2513 2567 2565; x_wconf 88' lang='lat' dir='ltr'><strong>idolieam</strong></span> <span class='ocrx_word' id='word_1_630' title='bbox 2608 2513 3045 2575; x_wconf 87' lang='lat' dir='ltr'><strong>similitudinem,</strong></span> <span class='ocrx_word' id='word_1_631' title='bbox 3074 2529 3235 2583; x_wconf 88' lang='lat' dir='ltr'><strong>quam</strong></span> <span class='ocrx_word' id='word_1_632' title='bbox 3272 2527 3367 2567; x_wconf 78' lang='lat' dir='ltr'><strong>co-</strong></span> 
     </span>
    </p>
   </div>
   <div class='ocr_carea' id='block_1_84' title="bbox 1794 2602 3369 2675">
    <p class='ocr_par' dir='ltr' id='par_1_84' title="bbox 1794 2602 3369 2675">
     <span class='ocr_line' id='line_1_84' title="bbox 1794 2602 3369 2675; baseline 0.003 -20"><span class='ocrx_word' id='word_1_633' title='bbox 1794 2602 1909 2657; x_wconf 90' lang='lat' dir='ltr'><strong>lens</strong></span> <span class='ocrx_word' id='word_1_634' title='bbox 1966 2604 2131 2671; x_wconf 88' lang='lat' dir='ltr'><strong>periit</strong></span> <span class='ocrx_word' id='word_1_635' title='bbox 2167 2603 2449 2657; x_wconf 89' lang='lat' dir='ltr'><strong>hominum</strong></span> <span class='ocrx_word' id='word_1_636' title='bbox 2503 2620 2675 2675; x_wconf 85' lang='lat' dir='ltr'><strong>genus</strong></span> <span class='ocrx_word' id='word_1_637' title='bbox 2703 2620 2731 2658; x_wconf 89' lang='lat' dir='ltr'><strong>a</strong></span> <span class='ocrx_word' id='word_1_638' title='bbox 2763 2605 2955 2658; x_wconf 88' lang='lat' dir='ltr'><strong>diebus</strong></span> <span class='ocrx_word' id='word_1_639' title='bbox 3011 2605 3222 2659; x_wconf 58' lang='lat' dir='ltr'><strong>saeculi.</strong></span> <span class='ocrx_word' id='word_1_640' title='bbox 3262 2603 3369 2670; x_wconf 83' lang='lat' dir='ltr'><strong>Qui</strong></span> 
     </span>
    </p>
   </div>
   <div class='ocr_carea' id='block_1_85' title="bbox 1793 2693 3370 2763">
    <p class='ocr_par' dir='ltr' id='par_1_85' title="bbox 1793 2693 3370 2763">
     <span class='ocr_line' id='line_1_85' title="bbox 1793 2693 3370 2763; baseline 0.002 -18"><span class='ocrx_word' id='word_1_641' title='bbox 1793 2707 1920 2761; x_wconf 83' lang='lat' dir='ltr'><strong>ergo</strong></span> <span class='ocrx_word' id='word_1_642' title='bbox 1950 2694 2099 2746; x_wconf 94' lang='lat' dir='ltr'><strong>illum</strong></span> <span class='ocrx_word' id='word_1_643' title='bbox 2156 2693 2393 2761; x_wconf 84' lang='lat' dir='ltr'><strong>imagine</strong></span> <span class='ocrx_word' id='word_1_644' title='bbox 2445 2697 2823 2763; x_wconf 83' lang='lat' dir='ltr'><strong>repraesentari</strong></span> <span class='ocrx_word' id='word_1_645' title='bbox 2881 2711 2989 2749; x_wconf 92' lang='lat' dir='ltr'><strong>non</strong></span> <span class='ocrx_word' id='word_1_646' title='bbox 3039 2696 3300 2761; x_wconf 88' lang='lat' dir='ltr'><strong>admittit,</strong></span> <span class='ocrx_word' id='word_1_647' title='bbox 3334 2711 3370 2748; x_wconf 94' lang='lat' dir='ltr'><strong>o</strong></span> 
     </span>
    </p>
   </div>
   <div class='ocr_carea' id='block_1_86' title="bbox 1794 2784 3369 2853">
    <p class='ocr_par' dir='ltr' id='par_1_86' title="bbox 1794 2784 3369 2853">
     <span class='ocr_line' id='line_1_86' title="bbox 1794 2784 3369 2853; baseline 0.002 -17"><span class='ocrx_word' id='word_1_648' title='bbox 1794 2784 1935 2837; x_wconf 85' lang='lat' dir='ltr'><strong>bone</strong></span> <span class='ocrx_word' id='word_1_649' title='bbox 1956 2786 2371 2853; x_wconf 87' lang='lat' dir='ltr'><strong>amice,judicio</strong></span> <span class='ocrx_word' id='word_1_650' title='bbox 2388 2788 2689 2852; x_wconf 90' lang='lat' dir='ltr'><strong>contendit,</strong></span> <span class='ocrx_word' id='word_1_651' title='bbox 2716 2790 2930 2842; x_wconf 85' lang='lat' dir='ltr'><strong>tametsi</strong></span> <span class='ocrx_word' id='word_1_652' title='bbox 2951 2788 3118 2842; x_wconf 86' lang='lat' dir='ltr'><strong>verbo</strong></span> <span class='ocrx_word' id='word_1_653' title='bbox 3142 2798 3369 2852; x_wconf 89' lang='lat' dir='ltr'><strong>annuat,</strong></span> 
     </span>
    </p>
   </div>
   <div class='ocr_carea' id='block_1_87' title="bbox 1794 2875 3372 2950">
    <p class='ocr_par' dir='ltr' id='par_1_87' title="bbox 1794 2875 3372 2950">
     <span class='ocr_line' id='line_1_87' title="bbox 1794 2875 3372 2950; baseline 0.004 -22"><span class='ocrx_word' id='word_1_654' title='bbox 1794 2875 1990 2929; x_wconf 84' lang='lat' dir='ltr'><strong>Filium</strong></span> <span class='ocrx_word' id='word_1_655' title='bbox 2048 2876 2142 2929; x_wconf 87' lang='lat' dir='ltr'><strong>Dei</strong></span> <span class='ocrx_word' id='word_1_656' title='bbox 2180 2878 2455 2932; x_wconf 89' lang='lat' dir='ltr'><strong>hominem</strong></span> <span class='ocrx_word' id='word_1_657' title='bbox 2510 2878 2712 2932; x_wconf 87' lang='lat' dir='ltr'><strong>factum</strong></span> <span class='ocrx_word' id='word_1_658' title='bbox 2759 2878 2973 2935; x_wconf 84' lang='lat' dir='ltr'><strong>fuisse:</strong></span> <span class='ocrx_word' id='word_1_659' title='bbox 3030 2891 3085 2935; x_wconf 92' lang='lat' dir='ltr'><strong>et</strong></span> <span class='ocrx_word' id='word_1_660' title='bbox 3128 2882 3220 2950; x_wconf 90' lang='lat' dir='ltr'><strong>qui</strong></span> <span class='ocrx_word' id='word_1_661' title='bbox 3252 2880 3372 2949; x_wconf 82' lang='lat' dir='ltr'><strong>ejus</strong></span> 
     </span>
    </p>
   </div>
   <div class='ocr_carea' id='block_1_88' title="bbox 1795 2971 3374 3040">
    <p class='ocr_par' dir='ltr' id='par_1_88' title="bbox 1795 2971 3374 3040">
     <span class='ocr_line' id='line_1_88' title="bbox 1795 2971 3374 3040; baseline 0.001 -17"><span class='ocrx_word' id='word_1_662' title='bbox 1795 2981 2039 3024; x_wconf 89' lang='lat' dir='ltr'><strong>sanctam</strong></span> <span class='ocrx_word' id='word_1_663' title='bbox 2070 2971 2357 3040; x_wconf 80' lang='lat' dir='ltr'><strong>imaginem</strong></span> <span class='ocrx_word' id='word_1_664' title='bbox 2385 2984 2492 3022; x_wconf 88' lang='lat' dir='ltr'><strong>non</strong></span> <span class='ocrx_word' id='word_1_665' title='bbox 2519 2972 2730 3033; x_wconf 89' lang='lat' dir='ltr'><strong>adorat,</strong></span> <span class='ocrx_word' id='word_1_666' title='bbox 2783 2971 2961 3039; x_wconf 90' lang='lat' dir='ltr'><strong>ipsum</strong></span> <span class='ocrx_word' id='word_1_667' title='bbox 3011 2987 3118 3025; x_wconf 90' lang='lat' dir='ltr'><strong>non</strong></span> <span class='ocrx_word' id='word_1_668' title='bbox 3143 2973 3374 3025; x_wconf 84' lang='lat' dir='ltr'><strong>adorare</strong></span> 
     </span>
    </p>
   </div>
   <div class='ocr_carea' id='block_1_89' title="bbox 1795 3060 3375 3129">
    <p class='ocr_par' dir='ltr' id='par_1_89' title="bbox 1795 3060 3375 3129">
     <span class='ocr_line' id='line_1_89' title="bbox 1795 3060 3375 3129; baseline 0 -16"><span class='ocrx_word' id='word_1_669' title='bbox 1795 3061 2081 3113; x_wconf 79' lang='lat' dir='ltr'><strong>convictus</strong></span> <span class='ocrx_word' id='word_1_670' title='bbox 2110 3070 2211 3124; x_wconf 92' lang='lat' dir='ltr'><strong>est,</strong></span> <span class='ocrx_word' id='word_1_671' title='bbox 2246 3061 2374 3113; x_wconf 84' lang='lat' dir='ltr'><strong>licet</strong></span> <span class='ocrx_word' id='word_1_672' title='bbox 2418 3061 2646 3113; x_wconf 88' lang='lat' dir='ltr'><strong>adorare</strong></span> <span class='ocrx_word' id='word_1_673' title='bbox 2700 3076 2756 3113; x_wconf 87' lang='lat' dir='ltr'><strong>se</strong></span> <span class='ocrx_word' id='word_1_674' title='bbox 2804 3062 3144 3129; x_wconf 76' lang='lat' dir='ltr'><strong>profiteatur.</strong></span> <span class='ocrx_word' id='word_1_675' title='bbox 3189 3060 3375 3115; x_wconf 88' lang='lat' dir='ltr'><strong>llonor</strong></span> 
     </span>
    </p>
   </div>
   <div class='ocr_carea' id='block_1_90' title="bbox 1796 3152 3370 3224">
    <p class='ocr_par' dir='ltr' id='par_1_90' title="bbox 1796 3152 3370 3224">
     <span class='ocr_line' id='line_1_90' title="bbox 1796 3152 3370 3224; baseline 0.002 -19"><span class='ocrx_word' id='word_1_676' title='bbox 1796 3152 1939 3206; x_wconf 90' lang='lat' dir='ltr'><strong>enim</strong></span> <span class='ocrx_word' id='word_1_677' title='bbox 1967 3153 2219 3222; x_wconf 82' lang='lat' dir='ltr'><strong>imaginis</strong></span> <span class='ocrx_word' id='word_1_678' title='bbox 2256 3152 2373 3217; x_wconf 87' lang='lat' dir='ltr'><strong>ejus</strong></span> <span class='ocrx_word' id='word_1_679' title='bbox 2403 3154 2467 3205; x_wconf 91' lang='lat' dir='ltr'><strong>ad</strong></span> <span class='ocrx_word' id='word_1_680' title='bbox 2498 3162 2844 3222; x_wconf 82' lang='lat' dir='ltr'><strong>prototypuln</strong></span> <span class='ocrx_word' id='word_1_681' title='bbox 2892 3155 3094 3208; x_wconf 88' lang='lat' dir='ltr'><strong>transit</strong></span> <span class='ocrx_word' id='word_1_682' title='bbox 3124 3172 3137 3208; x_wconf 86' lang='lat'><strong>:</strong></span> <span class='ocrx_word' id='word_1_683' title='bbox 3174 3170 3370 3224; x_wconf 87' lang='lat' dir='ltr'><strong>quem—</strong></span> 
     </span>
    </p>
   </div>
   <div class='ocr_carea' id='block_1_91' title="bbox 1799 3245 3374 3319">
    <p class='ocr_par' dir='ltr' id='par_1_91' title="bbox 1799 3245 3374 3319">
     <span class='ocr_line' id='line_1_91' title="bbox 1799 3245 3374 3319; baseline 0.001 -20"><span class='ocrx_word' id='word_1_684' title='bbox 1799 3246 2093 3299; x_wconf 85' lang='lat' dir='ltr'><strong>admodum</strong></span> <span class='ocrx_word' id='word_1_685' title='bbox 2153 3254 2207 3299; x_wconf 85' lang='lat' dir='ltr'><strong>et</strong></span> <span class='ocrx_word' id='word_1_686' title='bbox 2257 3245 2510 3315; x_wconf 80' lang='lat' dir='ltr'><strong>imaginis</strong></span> <span class='ocrx_word' id='word_1_687' title='bbox 2586 3246 2761 3315; x_wconf 91' lang='lat' dir='ltr'><strong>ipsius</strong></span> <span class='ocrx_word' id='word_1_688' title='bbox 2814 3247 3031 3319; x_wconf 80' lang='lat' dir='ltr'><strong>negatio</strong></span> <span class='ocrx_word' id='word_1_689' title='bbox 3074 3248 3144 3301; x_wconf 86' lang='lat' dir='ltr'><strong>ad</strong></span> <span class='ocrx_word' id='word_1_690' title='bbox 3194 3249 3374 3318; x_wconf 91' lang='lat' dir='ltr'><strong>ipsum</strong></span> 
     </span>
    </p>
   </div>
   <div class='ocr_carea' id='block_1_92' title="bbox 1798 3337 3375 3410">
    <p class='ocr_par' dir='ltr' id='par_1_92' title="bbox 1798 3337 3375 3410">
     <span class='ocr_line' id='line_1_92' title="bbox 1798 3337 3375 3410; baseline 0.003 -19"><span class='ocrx_word' id='word_1_691' title='bbox 1798 3337 2058 3393; x_wconf 85' lang='lat' dir='ltr'><strong>transfert</strong></span> <span class='ocrx_word' id='word_1_692' title='bbox 2105 3339 2471 3409; x_wconf 74' lang='lat' dir='ltr'><strong>negationem.</strong></span> <span class='ocrx_word' id='word_1_693' title='bbox 2526 3338 2662 3392; x_wconf 89' lang='lat' dir='ltr'><strong>Cum</strong></span> <span class='ocrx_word' id='word_1_694' title='bbox 2709 3354 2859 3410; x_wconf 80' lang='lat' dir='ltr'><strong>ergo,</strong></span> <span class='ocrx_word' id='word_1_695' title='bbox 2925 3351 2984 3395; x_wconf 90' lang='lat' dir='ltr'><strong>ut</strong></span> <span class='ocrx_word' id='word_1_696' title='bbox 3037 3341 3226 3405; x_wconf 91' lang='lat' dir='ltr'><strong>audio,</strong></span> <span class='ocrx_word' id='word_1_697' title='bbox 3292 3342 3375 3396; x_wconf 88' lang='lat' dir='ltr'><strong>sic</strong></span> 
     </span>
    </p>
   </div>
   <div class='ocr_carea' id='block_1_93' title="bbox 1795 3431 3373 3500">
    <p class='ocr_par' dir='ltr' id='par_1_93' title="bbox 1795 3431 3373 3500">
     <span class='ocr_line' id='line_1_93' title="bbox 1795 3431 3373 3500; baseline 0.001 -16"><span class='ocrx_word' id='word_1_698' title='bbox 1795 3433 1958 3485; x_wconf 91' lang='lat' dir='ltr'><strong>etiam</strong></span> <span class='ocrx_word' id='word_1_699' title='bbox 1996 3432 2110 3500; x_wconf 91' lang='lat' dir='ltr'><strong>ipse</strong></span> <span class='ocrx_word' id='word_1_700' title='bbox 2166 3446 2483 3499; x_wconf 84' lang='lat' dir='ltr'><strong>persuasum</strong></span> <span class='ocrx_word' id='word_1_701' title='bbox 2533 3431 2756 3493; x_wconf 84' lang='lat' dir='ltr'><strong>habeas,</strong></span> <span class='ocrx_word' id='word_1_702' title='bbox 2807 3432 3037 3500; x_wconf 80' lang='lat' dir='ltr'><strong>ideoque</strong></span> <span class='ocrx_word' id='word_1_703' title='bbox 3075 3433 3145 3486; x_wconf 91' lang='lat' dir='ltr'><strong>ab</strong></span> <span class='ocrx_word' id='word_1_704' title='bbox 3180 3434 3373 3488; x_wconf 80' lang='lat' dir='ltr'><strong>lcono-</strong></span> 
     </span>
    </p>
   </div>
   <div class='ocr_carea' id='block_1_94' title="bbox 1786 3521 3378 3593">
    <p class='ocr_par' dir='ltr' id='par_1_94' title="bbox 1786 3521 3378 3593">
     <span class='ocr_line' id='line_1_94' title="bbox 1786 3521 3378 3593; baseline 0.002 -19"><span class='ocrx_word' id='word_1_705' title='bbox 1786 3524 2114 3575; x_wconf 70' lang='lat' dir='ltr'><strong>‘machorum</strong></span> <span class='ocrx_word' id='word_1_706' title='bbox 2157 3521 2542 3575; x_wconf 81' lang='lat' dir='ltr'><strong>communione</strong></span> <span class='ocrx_word' id='word_1_707' title='bbox 2584 3530 2635 3575; x_wconf 88' lang='lat' dir='ltr'><strong>te</strong></span> <span class='ocrx_word' id='word_1_708' title='bbox 2692 3521 3032 3587; x_wconf 85' lang='lat' dir='ltr'><strong>subtrahas;</strong></span> <span class='ocrx_word' id='word_1_709' title='bbox 3085 3524 3294 3593; x_wconf 81' lang='lat' dir='ltr'><strong>gaudeo</strong></span> <span class='ocrx_word' id='word_1_710' title='bbox 3321 3532 3378 3577; x_wconf 79' lang='lat' dir='ltr'><strong>et</strong></span> 
     </span>
    </p>
   </div>
   <div class='ocr_carea' id='block_1_95' title="bbox 1798 3614 3376 3687">
    <p class='ocr_par' dir='ltr' id='par_1_95' title="bbox 1798 3614 3376 3687">
     <span class='ocr_line' id='line_1_95' title="bbox 1798 3614 3376 3687; baseline 0 -19"><span class='ocrx_word' id='word_1_711' title='bbox 1798 3615 2115 3682; x_wconf 83' lang='lat' dir='ltr'><strong>congaudeo</strong></span> <span class='ocrx_word' id='word_1_712' title='bbox 2151 3624 2326 3667; x_wconf 85' lang='lat' dir='ltr'><strong>tecum</strong></span> <span class='ocrx_word' id='word_1_713' title='bbox 2358 3630 2373 3678; x_wconf 90' lang='lat'><strong>;</strong></span> <span class='ocrx_word' id='word_1_714' title='bbox 2412 3614 2611 3684; x_wconf 76' lang='lat' dir='ltr'><strong>gratias</strong></span> <span class='ocrx_word' id='word_1_715' title='bbox 2643 3630 2765 3682; x_wconf 81' lang='lat' dir='ltr'><strong>ago,</strong></span> <span class='ocrx_word' id='word_1_716' title='bbox 2805 3624 2860 3668; x_wconf 87' lang='lat' dir='ltr'><strong>et</strong></span> <span class='ocrx_word' id='word_1_717' title='bbox 2907 3623 2997 3668; x_wconf 85' lang='lat' dir='ltr'><strong>tua</strong></span> <span class='ocrx_word' id='word_1_718' title='bbox 3048 3631 3216 3671; x_wconf 89' lang='lat' dir='ltr'><strong>causa</strong></span> <span class='ocrx_word' id='word_1_719' title='bbox 3250 3632 3376 3687; x_wconf 78' lang='lat' dir='ltr'><strong>gra-</strong></span> 
     </span>
    </p>
   </div>
   <div class='ocr_carea' id='block_1_96' title="bbox 1798 3707 3376 3779">
    <p class='ocr_par' dir='ltr' id='par_1_96' title="bbox 1798 3707 3376 3779">
     <span class='ocr_line' id='line_1_96' title="bbox 1798 3707 3376 3779; baseline 0.002 -18"><span class='ocrx_word' id='word_1_720' title='bbox 1798 3709 1903 3761; x_wconf 90' lang='lat' dir='ltr'><strong>tias</strong></span> <span class='ocrx_word' id='word_1_721' title='bbox 1927 3722 2050 3779; x_wconf 78' lang='lat' dir='ltr'><strong>ago,</strong></span> <span class='ocrx_word' id='word_1_722' title='bbox 2076 3707 2223 3775; x_wconf 91' lang='lat' dir='ltr'><strong>quod</strong></span> <span class='ocrx_word' id='word_1_723' title='bbox 2252 3722 2445 3761; x_wconf 87' lang='lat' dir='ltr'><strong>cernas</strong></span> <span class='ocrx_word' id='word_1_724' title='bbox 2482 3708 2787 3769; x_wconf 83' lang='lat' dir='ltr'><strong>veritatem,</strong></span> <span class='ocrx_word' id='word_1_725' title='bbox 2825 3708 3045 3761; x_wconf 85' lang='lat' dir='ltr'><strong>tametsi</strong></span> <span class='ocrx_word' id='word_1_726' title='bbox 3078 3724 3203 3763; x_wconf 87' lang='lat' dir='ltr'><strong>sero</strong></span> <span class='ocrx_word' id='word_1_727' title='bbox 3238 3709 3376 3763; x_wconf 87' lang='lat' dir='ltr'><strong>edo-</strong></span> 
     </span>
    </p>
   </div>
   <div class='ocr_carea' id='block_1_97' title="bbox 1799 3797 3370 3869">
    <p class='ocr_par' dir='ltr' id='par_1_97' title="bbox 1799 3797 3370 3869">
     <span class='ocr_line' id='line_1_97' title="bbox 1799 3797 3370 3869; baseline 0.003 -17"><span class='ocrx_word' id='word_1_728' title='bbox 1799 3808 1942 3861; x_wconf 88' lang='lat' dir='ltr'><strong>ctus,</strong></span> <span class='ocrx_word' id='word_1_729' title='bbox 1977 3809 2035 3853; x_wconf 93' lang='lat' dir='ltr'><strong>ut</strong></span> <span class='ocrx_word' id='word_1_730' title='bbox 2068 3798 2214 3854; x_wconf 91' lang='lat' dir='ltr'><strong>filius</strong></span> <span class='ocrx_word' id='word_1_731' title='bbox 2255 3797 2347 3853; x_wconf 88' lang='lat' dir='ltr'><strong>Dei</strong></span> <span class='ocrx_word' id='word_1_732' title='bbox 2381 3814 2555 3867; x_wconf 86' lang='lat' dir='ltr'><strong>nuper</strong></span> <span class='ocrx_word' id='word_1_733' title='bbox 2606 3799 2842 3869; x_wconf 82' lang='lat' dir='ltr'><strong>genitus.</strong></span> <span class='ocrx_word' id='word_1_734' title='bbox 2896 3801 3006 3855; x_wconf 80' lang='lat' dir='ltr'><strong>Nec</strong></span> <span class='ocrx_word' id='word_1_735' title='bbox 3035 3816 3167 3855; x_wconf 88' lang='lat' dir='ltr'><strong>vero</strong></span> <span class='ocrx_word' id='word_1_736' title='bbox 3199 3803 3370 3857; x_wconf 83' lang='lat' dir='ltr'><strong>mire-</strong></span> 
     </span>
    </p>
   </div>
   <div class='ocr_carea' id='block_1_98' title="bbox 1798 3891 3374 3964">
    <p class='ocr_par' dir='ltr' id='par_1_98' title="bbox 1798 3891 3374 3964">
     <span class='ocr_line' id='line_1_98' title="bbox 1798 3891 3374 3964; baseline 0.002 -20"><span class='ocrx_word' id='word_1_737' title='bbox 1798 3893 1875 3947; x_wconf 91' lang='lat' dir='ltr'><strong>ris</strong></span> <span class='ocrx_word' id='word_1_738' title='bbox 1927 3892 2070 3962; x_wconf 88' lang='lat' dir='ltr'><strong>quod</strong></span> <span class='ocrx_word' id='word_1_739' title='bbox 2105 3892 2272 3946; x_wconf 84' lang='lat' dir='ltr'><strong>etiam</strong></span> <span class='ocrx_word' id='word_1_740' title='bbox 2322 3893 2465 3945; x_wconf 91' lang='lat' dir='ltr'><strong>inter</strong></span> <span class='ocrx_word' id='word_1_741' title='bbox 2518 3891 2865 3946; x_wconf 74' lang='lat' dir='ltr'><strong>Christianos</strong></span> <span class='ocrx_word' id='word_1_742' title='bbox 2909 3908 3064 3946; x_wconf 88' lang='lat' dir='ltr'><strong>error</strong></span> <span class='ocrx_word' id='word_1_743' title='bbox 3122 3892 3374 3964; x_wconf 86' lang='lat' dir='ltr'><strong>obrepat.</strong></span> 
     </span>
    </p>
   </div>
   <div class='ocr_carea' id='block_1_99' title="bbox 1805 3983 3381 4046">
    <p class='ocr_par' dir='ltr' id='par_1_99' title="bbox 1805 3983 3381 4046">
     <span class='ocr_line' id='line_1_99' title="bbox 1805 3983 3381 4046; baseline 0.001 -9"><span class='ocrx_word' id='word_1_744' title='bbox 1805 3983 1903 4037; x_wconf 89' lang='lat' dir='ltr'><strong>Ubi</strong></span> <span class='ocrx_word' id='word_1_745' title='bbox 1938 3985 2081 4037; x_wconf 90' lang='lat' dir='ltr'><strong>enim</strong></span> <span class='ocrx_word' id='word_1_746' title='bbox 2122 3992 2206 4036; x_wconf 88' lang='lat' dir='ltr'><strong>est</strong></span> <span class='ocrx_word' id='word_1_747' title='bbox 2258 3984 2427 4046; x_wconf 91' lang='lat' dir='ltr'><strong>salus,</strong></span> <span class='ocrx_word' id='word_1_748' title='bbox 2480 3997 2545 4036; x_wconf 92' lang='lat' dir='ltr'><strong>eo</strong></span> <span class='ocrx_word' id='word_1_749' title='bbox 2576 3984 2814 4037; x_wconf 90' lang='lat' dir='ltr'><strong>accurrit</strong></span> <span class='ocrx_word' id='word_1_750' title='bbox 2844 3985 3008 4039; x_wconf 92' lang='lat' dir='ltr'><strong>draco</strong></span> <span class='ocrx_word' id='word_1_751' title='bbox 3031 3985 3284 4040; x_wconf 92' lang='lat' dir='ltr'><strong>diabolus</strong></span> <span class='ocrx_word' id='word_1_752' title='bbox 3321 3996 3381 4039; x_wconf 91' lang='lat' dir='ltr'><strong>ut</strong></span> 
     </span>
    </p>
   </div>
   <div class='ocr_carea' id='block_1_100' title="bbox 1801 4077 3375 4146">
    <p class='ocr_par' dir='ltr' id='par_1_100' title="bbox 1801 4077 3375 4146">
     <span class='ocr_line' id='line_1_100' title="bbox 1801 4077 3375 4146; baseline 0.002 -17"><span class='ocrx_word' id='word_1_753' title='bbox 1801 4078 1999 4131; x_wconf 82' lang='lat' dir='ltr'><strong>inferat</strong></span> <span class='ocrx_word' id='word_1_754' title='bbox 2042 4077 2306 4130; x_wconf 80' lang='lat' dir='ltr'><strong>exiliunt:</strong></span> <span class='ocrx_word' id='word_1_755' title='bbox 2366 4086 2527 4144; x_wconf 88' lang='lat' dir='ltr'><strong>atque</strong></span> <span class='ocrx_word' id='word_1_756' title='bbox 2586 4077 2688 4130; x_wconf 90' lang='lat' dir='ltr'><strong>hoc</strong></span> <span class='ocrx_word' id='word_1_757' title='bbox 2734 4092 2829 4146; x_wconf 81' lang='lat' dir='ltr'><strong>per</strong></span> <span class='ocrx_word' id='word_1_758' title='bbox 2876 4078 3150 4131; x_wconf 90' lang='lat' dir='ltr'><strong>hominem</strong></span> <span class='ocrx_word' id='word_1_759' title='bbox 3184 4094 3375 4142; x_wconf 90' lang='lat' dir='ltr'><strong>unum,</strong></span> 
     </span>
    </p>
   </div>
   <div class='ocr_carea' id='block_1_101' title="bbox 1800 4169 3380 4240">
    <p class='ocr_par' dir='ltr' id='par_1_101' title="bbox 1800 4169 3380 4240">
     <span class='ocr_line' id='line_1_101' title="bbox 1800 4169 3380 4240; baseline 0.003 -18"><span class='ocrx_word' id='word_1_760' title='bbox 1800 4186 1967 4240; x_wconf 80' lang='lat' dir='ltr'><strong>penes</strong></span> <span class='ocrx_word' id='word_1_761' title='bbox 2014 4185 2175 4238; x_wconf 91' lang='lat' dir='ltr'><strong>quem</strong></span> <span class='ocrx_word' id='word_1_762' title='bbox 2208 4181 2292 4222; x_wconf 84' lang='lat' dir='ltr'><strong>est</strong></span> <span class='ocrx_word' id='word_1_763' title='bbox 2342 4177 2606 4236; x_wconf 87' lang='lat' dir='ltr'><strong>potestas.</strong></span> <span class='ocrx_word' id='word_1_764' title='bbox 2660 4169 2846 4238; x_wconf 88' lang='lat' dir='ltr'><strong>Nuper</strong></span> <span class='ocrx_word' id='word_1_765' title='bbox 2878 4170 3021 4224; x_wconf 88' lang='lat' dir='ltr'><strong>enim</strong></span> <span class='ocrx_word' id='word_1_766' title='bbox 3077 4171 3166 4225; x_wconf 91' lang='lat' dir='ltr'><strong>hic</strong></span> <span class='ocrx_word' id='word_1_767' title='bbox 3222 4188 3380 4226; x_wconf 87' lang='lat' dir='ltr'><strong>error</strong></span> 
     </span>
    </p>
   </div>
   <div class='ocr_carea' id='block_1_102' title="bbox 1801 4261 3379 4318">
    <p class='ocr_par' dir='ltr' id='par_1_102' title="bbox 1801 4261 3379 4318">
     <span class='ocr_line' id='line_1_102' title="bbox 1801 4261 3379 4318; baseline 0.002 -3"><span class='ocrx_word' id='word_1_768' title='bbox 1801 4264 1943 4315; x_wconf 90' lang='lat' dir='ltr'><strong>inter</strong></span> <span class='ocrx_word' id='word_1_769' title='bbox 1992 4262 2334 4315; x_wconf 88' lang='lat' dir='ltr'><strong>Christianos</strong></span> <span class='ocrx_word' id='word_1_770' title='bbox 2374 4264 2621 4316; x_wconf 86' lang='lat' dir='ltr'><strong>invectus</strong></span> <span class='ocrx_word' id='word_1_771' title='bbox 2669 4272 2773 4315; x_wconf 90' lang='lat' dir='ltr'><strong>est.</strong></span> <span class='ocrx_word' id='word_1_772' title='bbox 2812 4261 2943 4315; x_wconf 85' lang='lat' dir='ltr'><strong>Nam</strong></span> <span class='ocrx_word' id='word_1_773' title='bbox 2974 4262 3043 4316; x_wconf 91' lang='lat' dir='ltr'><strong>ab</strong></span> <span class='ocrx_word' id='word_1_774' title='bbox 3083 4264 3232 4316; x_wconf 92' lang='lat' dir='ltr'><strong>omni</strong></span> <span class='ocrx_word' id='word_1_775' title='bbox 3267 4279 3379 4318; x_wconf 86' lang='lat' dir='ltr'><strong>me-</strong></span> 
     </span>
    </p>
   </div>
   <div class='ocr_carea' id='block_1_103' title="bbox 1802 4353 3377 4423">
    <p class='ocr_par' dir='ltr' id='par_1_103' title="bbox 1802 4353 3377 4423">
     <span class='ocr_line' id='line_1_103' title="bbox 1802 4353 3377 4423; baseline 0.001 -16"><span class='ocrx_word' id='word_1_776' title='bbox 1802 4354 1975 4407; x_wconf 88' lang='lat' dir='ltr'><strong>moria</strong></span> <span class='ocrx_word' id='word_1_777' title='bbox 2017 4354 2197 4423; x_wconf 83' lang='lat' dir='ltr'><strong>imago</strong></span> <span class='ocrx_word' id='word_1_778' title='bbox 2255 4353 2481 4418; x_wconf 89' lang='lat' dir='ltr'><strong>Christi,</strong></span> <span class='ocrx_word' id='word_1_779' title='bbox 2524 4366 2577 4408; x_wconf 87' lang='lat' dir='ltr'><strong>et</strong></span> <span class='ocrx_word' id='word_1_780' title='bbox 2621 4354 2885 4423; x_wconf 74' lang='lat' dir='ltr'><strong>Deiparze,</strong></span> <span class='ocrx_word' id='word_1_781' title='bbox 2935 4362 2991 4408; x_wconf 83' lang='lat' dir='ltr'><strong>et</strong></span> <span class='ocrx_word' id='word_1_782' title='bbox 3053 4365 3377 4410; x_wconf 90' lang='lat' dir='ltr'><strong>sanctorum</strong></span> 
     </span>
    </p>
   </div>
   <div class='ocr_carea' id='block_1_104' title="bbox 1801 4460 1941 4514">
    <p class='ocr_par' dir='ltr' id='par_1_104' title="bbox 1801 4460 1941 4514">
     <span class='ocr_line' id='line_1_104' title="bbox 1801 4460 1941 4514; baseline -0.014 -15"><span class='ocrx_word' id='word_1_783' title='bbox 1801 4460 1941 4514; x_wconf 62' lang='lat' dir='ltr'><strong>cius.</strong></span> 
     </span>
    </p>
   </div>
   <div class='ocr_carea' id='block_1_105' title="bbox 1735 4536 3380 4616">
    <p class='ocr_par' dir='ltr' id='par_1_105' title="bbox 1735 4536 3380 4616">
     <span class='ocr_line' id='line_1_105' title="bbox 1735 4536 3380 4616; baseline 0.004 -28"><span class='ocrx_word' id='word_1_784' title='bbox 1735 4558 1781 4616; x_wconf 78' lang='grc' dir='ltr'>υ</span> <span class='ocrx_word' id='word_1_785' title='bbox 1876 4536 1999 4591; x_wconf 71' lang='lat' dir='ltr'><strong>Hzec</strong></span> <span class='ocrx_word' id='word_1_786' title='bbox 2025 4538 2282 4606; x_wconf 74' lang='lat' dir='ltr'><strong>egotibi,</strong></span> <span class='ocrx_word' id='word_1_787' title='bbox 2317 4538 2535 4593; x_wconf 91' lang='lat' dir='ltr'><strong>domine</strong></span> <span class='ocrx_word' id='word_1_788' title='bbox 2584 4538 3023 4604; x_wconf 84' lang='lat' dir='ltr'><strong>honoratissime,</strong></span> <span class='ocrx_word' id='word_1_789' title='bbox 3060 4547 3319 4611; x_wconf 79' lang='lat' dir='ltr'><strong>tanquam</strong></span> <span class='ocrx_word' id='word_1_790' title='bbox 3349 4558 3380 4595; x_wconf 87' lang='lat' dir='ltr'><strong>a</strong></span> 
     </span>
    </p>
   </div>
   <div class='ocr_carea' id='block_1_106' title="bbox 1805 4629 3378 4699">
    <p class='ocr_par' dir='ltr' id='par_1_106' title="bbox 1805 4629 3378 4699">
     <span class='ocr_line' id='line_1_106' title="bbox 1805 4629 3378 4699; baseline 0.001 -17"><span class='ocrx_word' id='word_1_791' title='bbox 1805 4629 1915 4682; x_wconf 82' lang='lat' dir='ltr'><strong>Deo</strong></span> <span class='ocrx_word' id='word_1_792' title='bbox 1951 4629 2238 4698; x_wconf 84' lang='lat' dir='ltr'><strong>impulsus,</strong></span> <span class='ocrx_word' id='word_1_793' title='bbox 2270 4630 2398 4683; x_wconf 87' lang='lat' dir='ltr'><strong>licet</strong></span> <span class='ocrx_word' id='word_1_794' title='bbox 2437 4639 2695 4699; x_wconf 84' lang='lat' dir='ltr'><strong>peccator</strong></span> <span class='ocrx_word' id='word_1_795' title='bbox 2728 4632 2854 4695; x_wconf 88' lang='lat' dir='ltr'><strong>sim,</strong></span> <span class='ocrx_word' id='word_1_796' title='bbox 2904 4632 3220 4699; x_wconf 89' lang='lat' dir='ltr'><strong>prolocutus</strong></span> <span class='ocrx_word' id='word_1_797' title='bbox 3256 4646 3378 4686; x_wconf 88' lang='lat' dir='ltr'><strong>Sum</strong></span> 
     </span>
    </p>
   </div>
   <div class='ocr_carea' id='block_1_107' title="bbox 1806 4723 3382 4793">
    <p class='ocr_par' dir='ltr' id='par_1_107' title="bbox 1806 4723 3382 4793">
     <span class='ocr_line' id='line_1_107' title="bbox 1806 4723 3382 4793; baseline 0 -19"><span class='ocrx_word' id='word_1_798' title='bbox 1806 4723 1871 4775; x_wconf 85' lang='lat' dir='ltr'><strong>ad</strong></span> <span class='ocrx_word' id='word_1_799' title='bbox 1927 4723 2398 4777; x_wconf 85' lang='lat' dir='ltr'><strong>confirmationem</strong></span> <span class='ocrx_word' id='word_1_800' title='bbox 2479 4723 2603 4777; x_wconf 86' lang='lat' dir='ltr'><strong>ﬁdei</strong></span> <span class='ocrx_word' id='word_1_801' title='bbox 2661 4734 2771 4778; x_wconf 66' lang='lat' dir='ltr'><strong>tua:</strong></span> <span class='ocrx_word' id='word_1_802' title='bbox 2822 4741 2836 4778; x_wconf 89' lang='lat'><strong>:</strong></span> <span class='ocrx_word' id='word_1_803' title='bbox 2892 4726 3148 4793; x_wconf 90' lang='lat' dir='ltr'><strong>quoniam</strong></span> <span class='ocrx_word' id='word_1_804' title='bbox 3212 4724 3382 4777; x_wconf 85' lang='lat' dir='ltr'><strong>frater</strong></span> 
     </span>
    </p>
   </div>
   <div class='ocr_carea' id='block_1_108' title="bbox 1810 4816 3382 4885">
    <p class='ocr_par' dir='ltr' id='par_1_108' title="bbox 1810 4816 3382 4885">
     <span class='ocr_line' id='line_1_108' title="bbox 1810 4816 3382 4885; baseline 0.003 -20"><span class='ocrx_word' id='word_1_805' title='bbox 1810 4826 1863 4868; x_wconf 89' lang='grc' dir='ltr'><strong>ιιι</strong></span> <span class='ocrx_word' id='word_1_806' title='bbox 1938 4823 2189 4881; x_wconf 88' lang='lat' dir='ltr'><strong>noster;</strong></span> <span class='ocrx_word' id='word_1_807' title='bbox 2242 4830 2349 4869; x_wconf 92' lang='lat' dir='ltr'><strong>non</strong></span> <span class='ocrx_word' id='word_1_808' title='bbox 2431 4817 2753 4885; x_wconf 79' lang='lat' dir='ltr'><strong>peregrinus</strong></span> <span class='ocrx_word' id='word_1_809' title='bbox 2818 4826 2880 4870; x_wconf 91' lang='lat' dir='ltr'><strong>ut</strong></span> <span class='ocrx_word' id='word_1_810' title='bbox 2954 4817 3165 4869; x_wconf 84' lang='lat' dir='ltr'><strong>dixisti.</strong></span> <span class='ocrx_word' id='word_1_811' title='bbox 3224 4816 3382 4883; x_wconf 86' lang='lat' dir='ltr'><strong>Quod</strong></span> 
     </span>
    </p>
   </div>
   <div class='ocr_carea' id='block_1_109' title="bbox 1808 4905 3383 4977">
    <p class='ocr_par' dir='ltr' id='par_1_109' title="bbox 1808 4905 3383 4977">
     <span class='ocr_line' id='line_1_109' title="bbox 1808 4905 3383 4977; baseline 0 -18"><span class='ocrx_word' id='word_1_812' title='bbox 1808 4906 1852 4959; x_wconf 91' lang='lat' dir='ltr'><strong>si</strong></span> <span class='ocrx_word' id='word_1_813' title='bbox 1889 4906 2209 4976; x_wconf 79' lang='lat' dir='ltr'><strong>peregrinus</strong></span> <span class='ocrx_word' id='word_1_814' title='bbox 2245 4922 2305 4961; x_wconf 89' lang='lat' dir='ltr'><strong>es</strong></span> <span class='ocrx_word' id='word_1_815' title='bbox 2348 4907 2557 4969; x_wconf 92' lang='lat' dir='ltr'><strong>mundi,</strong></span> <span class='ocrx_word' id='word_1_816' title='bbox 2590 4907 2726 4960; x_wconf 84' lang='lat' dir='ltr'><strong>bene</strong></span> <span class='ocrx_word' id='word_1_817' title='bbox 2790 4907 2975 4961; x_wconf 87' lang='lat' dir='ltr'><strong>habet.</strong></span> <span class='ocrx_word' id='word_1_818' title='bbox 3014 4905 3126 4960; x_wconf 88' lang='lat' dir='ltr'><strong>Nos</strong></span> <span class='ocrx_word' id='word_1_819' title='bbox 3182 4909 3383 4977; x_wconf 85' lang='lat' dir='ltr'><strong>quippe</strong></span> 
     </span>
    </p>
   </div>
   <div class='ocr_carea' id='block_1_110' title="bbox 1810 4998 3382 5067">
    <p class='ocr_par' dir='ltr' id='par_1_110' title="bbox 1810 4998 3382 5067">
     <span class='ocr_line' id='line_1_110' title="bbox 1810 4998 3382 5067; baseline -0.001 -16"><span class='ocrx_word' id='word_1_820' title='bbox 1810 5001 2042 5053; x_wconf 89' lang='lat' dir='ltr'><strong>humiles</strong></span> <span class='ocrx_word' id='word_1_821' title='bbox 2097 5000 2199 5052; x_wconf 92' lang='lat' dir='ltr'><strong>hoc</strong></span> <span class='ocrx_word' id='word_1_822' title='bbox 2249 5001 2421 5066; x_wconf 89' lang='lat' dir='ltr'><strong>ipsum</strong></span> <span class='ocrx_word' id='word_1_823' title='bbox 2477 5015 2669 5053; x_wconf 88' lang='lat' dir='ltr'><strong>sumus</strong></span> <span class='ocrx_word' id='word_1_824' title='bbox 2710 5018 2725 5052; x_wconf 87' lang='lat'><strong>:</strong></span> <span class='ocrx_word' id='word_1_825' title='bbox 2773 5008 2828 5053; x_wconf 87' lang='lat' dir='ltr'><strong>et</strong></span> <span class='ocrx_word' id='word_1_826' title='bbox 2887 5009 3175 5067; x_wconf 78' lang='lat' dir='ltr'><strong>propterea</strong></span> <span class='ocrx_word' id='word_1_827' title='bbox 3223 4998 3382 5067; x_wconf 71' lang='lat' dir='ltr'><strong>eiecti</strong></span> 
     </span>
    </p>
   </div>
   <div class='ocr_carea' id='block_1_111' title="bbox 1810 5087 3384 5157">
    <p class='ocr_par' dir='ltr' id='par_1_111' title="bbox 1810 5087 3384 5157">
     <span class='ocr_line' id='line_1_111' title="bbox 1810 5087 3384 5157; baseline 0.001 -17"><span class='ocrx_word' id='word_1_828' title='bbox 1810 5089 1916 5144; x_wconf 91' lang='lat' dir='ltr'><strong>huc</strong></span> <span class='ocrx_word' id='word_1_829' title='bbox 1967 5104 2159 5143; x_wconf 89' lang='lat' dir='ltr'><strong>sumus</strong></span> <span class='ocrx_word' id='word_1_830' title='bbox 2218 5100 2440 5157; x_wconf 77' lang='lat' dir='ltr'><strong>prepter</strong></span> <span class='ocrx_word' id='word_1_831' title='bbox 2508 5089 2735 5141; x_wconf 80' lang='lat' dir='ltr'><strong>verbum</strong></span> <span class='ocrx_word' id='word_1_832' title='bbox 2805 5087 2917 5141; x_wconf 88' lang='lat' dir='ltr'><strong>Dei.</strong></span> <span class='ocrx_word' id='word_1_833' title='bbox 2970 5089 3049 5141; x_wconf 88' lang='lat' dir='ltr'><strong>Ac</strong></span> <span class='ocrx_word' id='word_1_834' title='bbox 3104 5087 3294 5141; x_wconf 90' lang='lat' dir='ltr'><strong>beatus</strong></span> <span class='ocrx_word' id='word_1_835' title='bbox 3323 5102 3384 5141; x_wconf 84' lang='lat' dir='ltr'><strong>es</strong></span> 
     </span>
    </p>
   </div>
   <div class='ocr_carea' id='block_1_112' title="bbox 1808 5177 3382 5249">
    <p class='ocr_par' dir='ltr' id='par_1_112' title="bbox 1808 5177 3382 5249">
     <span class='ocr_line' id='line_1_112' title="bbox 1808 5177 3382 5249; baseline -0.002 -16"><span class='ocrx_word' id='word_1_836' title='bbox 1808 5182 1901 5249; x_wconf 89' lang='lat' dir='ltr'><strong>qui</strong></span> <span class='ocrx_word' id='word_1_837' title='bbox 1961 5188 2104 5234; x_wconf 85' lang='lat' dir='ltr'><strong>recte</strong></span> <span class='ocrx_word' id='word_1_838' title='bbox 2158 5180 2210 5231; x_wconf 92' lang='lat' dir='ltr'><strong>in</strong></span> <span class='ocrx_word' id='word_1_839' title='bbox 2256 5183 2421 5233; x_wconf 87' lang='lat' dir='ltr'><strong>Deum</strong></span> <span class='ocrx_word' id='word_1_840' title='bbox 2470 5178 2687 5242; x_wconf 87' lang='lat' dir='ltr'><strong>credis,</strong></span> <span class='ocrx_word' id='word_1_841' title='bbox 2728 5191 2782 5232; x_wconf 90' lang='lat' dir='ltr'><strong>et</strong></span> <span class='ocrx_word' id='word_1_842' title='bbox 2837 5178 3021 5231; x_wconf 91' lang='lat' dir='ltr'><strong>omnia</strong></span> <span class='ocrx_word' id='word_1_843' title='bbox 3085 5177 3162 5230; x_wconf 92' lang='lat' dir='ltr'><strong>illi</strong></span> <span class='ocrx_word' id='word_1_844' title='bbox 3228 5187 3382 5246; x_wconf 88' lang='lat' dir='ltr'><strong>post-</strong></span> 
     </span>
    </p>
   </div>
   <div class='ocr_carea' id='block_1_113' title="bbox 1810 5269 3383 5338">
    <p class='ocr_par' dir='ltr' id='par_1_113' title="bbox 1810 5269 3383 5338">
     <span class='ocr_line' id='line_1_113' title="bbox 1810 5269 3383 5338; baseline -0.003 -13"><span class='ocrx_word' id='word_1_845' title='bbox 1810 5274 2059 5338; x_wconf 88' lang='lat' dir='ltr'><strong>ponenda</strong></span> <span class='ocrx_word' id='word_1_846' title='bbox 2126 5270 2306 5325; x_wconf 91' lang='lat' dir='ltr'><strong>ducis.</strong></span> <span class='ocrx_word' id='word_1_847' title='bbox 2336 5269 2528 5325; x_wconf 85' lang='lat' dir='ltr'><strong>Videre</strong></span> <span class='ocrx_word' id='word_1_848' title='bbox 2566 5281 2747 5324; x_wconf 89' lang='lat' dir='ltr'><strong>autem</strong></span> <span class='ocrx_word' id='word_1_849' title='bbox 2798 5286 2897 5324; x_wconf 88' lang='lat' dir='ltr'><strong>nos</strong></span> <span class='ocrx_word' id='word_1_850' title='bbox 2962 5270 3192 5323; x_wconf 78' lang='lat' dir='ltr'><strong>invicem</strong></span> <span class='ocrx_word' id='word_1_851' title='bbox 3240 5269 3383 5323; x_wconf 86' lang='lat' dir='ltr'><strong>dilli-</strong></span> 
     </span>
    </p>
   </div>
   <div class='ocr_carea' id='block_1_114' title="bbox 1808 5361 3383 5431">
    <p class='ocr_par' dir='ltr' id='par_1_114' title="bbox 1808 5361 3383 5431">
     <span class='ocr_line' id='line_1_114' title="bbox 1808 5361 3383 5431; baseline -0.002 -15"><span class='ocrx_word' id='word_1_852' title='bbox 1808 5364 1910 5417; x_wconf 82' lang='lat' dir='ltr'><strong>cile</strong></span> <span class='ocrx_word' id='word_1_853' title='bbox 1967 5373 2072 5426; x_wconf 82' lang='lat' dir='ltr'><strong>est,</strong></span> <span class='ocrx_word' id='word_1_854' title='bbox 2108 5363 2430 5431; x_wconf 85' lang='lat' dir='ltr'><strong>prohibente</strong></span> <span class='ocrx_word' id='word_1_855' title='bbox 2468 5362 2521 5415; x_wconf 90' lang='lat' dir='ltr'><strong>id</strong></span> <span class='ocrx_word' id='word_1_856' title='bbox 2583 5363 2826 5431; x_wconf 88' lang='lat' dir='ltr'><strong>principe</strong></span> <span class='ocrx_word' id='word_1_857' title='bbox 2870 5380 2883 5415; x_wconf 90' lang='lat'><strong>:</strong></span> <span class='ocrx_word' id='word_1_858' title='bbox 2922 5362 3025 5416; x_wconf 89' lang='lat' dir='ltr'><strong>nisi</strong></span> <span class='ocrx_word' id='word_1_859' title='bbox 3075 5362 3215 5416; x_wconf 82' lang='lat' dir='ltr'><strong>Deus</strong></span> <span class='ocrx_word' id='word_1_860' title='bbox 3267 5361 3383 5413; x_wconf 87' lang='lat' dir='ltr'><strong>dis-</strong></span> 
     </span>
    </p>
   </div>
   <div class='ocr_carea' id='block_1_115' title="bbox 1811 5453 3384 5524">
    <p class='ocr_par' dir='ltr' id='par_1_115' title="bbox 1811 5453 3384 5524">
     <span class='ocr_line' id='line_1_115' title="bbox 1811 5453 3384 5524; baseline -0.004 -15"><span class='ocrx_word' id='word_1_861' title='bbox 1811 5466 1977 5522; x_wconf 88' lang='lat' dir='ltr'><strong>ponat</strong></span> <span class='ocrx_word' id='word_1_862' title='bbox 2009 5470 2119 5524; x_wconf 90' lang='lat' dir='ltr'><strong>quo</strong></span> <span class='ocrx_word' id='word_1_863' title='bbox 2160 5455 2263 5523; x_wconf 91' lang='lat' dir='ltr'><strong>ipsi</strong></span> <span class='ocrx_word' id='word_1_864' title='bbox 2325 5456 2489 5509; x_wconf 90' lang='lat' dir='ltr'><strong>modo</strong></span> <span class='ocrx_word' id='word_1_865' title='bbox 2530 5454 2825 5509; x_wconf 81' lang='lat' dir='ltr'><strong>videbitur.</strong></span> <span class='ocrx_word' id='word_1_866' title='bbox 2867 5453 2969 5507; x_wconf 91' lang='lat' dir='ltr'><strong>Tui</strong></span> <span class='ocrx_word' id='word_1_867' title='bbox 3014 5467 3145 5508; x_wconf 82' lang='lat' dir='ltr'><strong>vero</strong></span> <span class='ocrx_word' id='word_1_868' title='bbox 3181 5453 3384 5506; x_wconf 90' lang='lat' dir='ltr'><strong>memi-</strong></span> 
     </span>
    </p>
   </div>
   <div class='ocr_carea' id='block_1_116' title="bbox 1813 5543 3380 5611">
    <p class='ocr_par' dir='ltr' id='par_1_116' title="bbox 1813 5543 3380 5611">
     <span class='ocr_line' id='line_1_116' title="bbox 1813 5543 3380 5611; baseline -0.002 -13"><span class='ocrx_word' id='word_1_869' title='bbox 1813 5549 1955 5602; x_wconf 89' lang='lat' dir='ltr'><strong>nisse</strong></span> <span class='ocrx_word' id='word_1_870' title='bbox 1995 5563 2101 5600; x_wconf 90' lang='lat' dir='ltr'><strong>non</strong></span> <span class='ocrx_word' id='word_1_871' title='bbox 2133 5547 2467 5611; x_wconf 87' lang='lat' dir='ltr'><strong>desinemus,</strong></span> <span class='ocrx_word' id='word_1_872' title='bbox 2508 5556 2562 5599; x_wconf 89' lang='lat' dir='ltr'><strong>et</strong></span> <span class='ocrx_word' id='word_1_873' title='bbox 2589 5560 2775 5599; x_wconf 82' lang='lat' dir='ltr'><strong>amate</strong></span> <span class='ocrx_word' id='word_1_874' title='bbox 2832 5554 2882 5599; x_wconf 85' lang='lat' dir='ltr'><strong>te</strong></span> <span class='ocrx_word' id='word_1_875' title='bbox 2910 5555 2966 5597; x_wconf 92' lang='lat' dir='ltr'><strong>ut</strong></span> <span class='ocrx_word' id='word_1_876' title='bbox 3011 5543 3234 5598; x_wconf 83' lang='lat' dir='ltr'><strong>fratrem</strong></span> <span class='ocrx_word' id='word_1_877' title='bbox 3277 5559 3380 5595; x_wconf 84' lang='lat' dir='ltr'><strong>no-</strong></span> 
     </span>
    </p>
   </div>
   <div class='ocr_carea' id='block_1_117' title="bbox 1812 5637 3382 5707">
    <p class='ocr_par' dir='ltr' id='par_1_117' title="bbox 1812 5637 3382 5707">
     <span class='ocr_line' id='line_1_117' title="bbox 1812 5637 3382 5707; baseline -0.004 -15"><span class='ocrx_word' id='word_1_878' title='bbox 1812 5650 1985 5693; x_wconf 85' lang='lat' dir='ltr'><strong>strum</strong></span> <span class='ocrx_word' id='word_1_879' title='bbox 2015 5681 2028 5703; x_wconf 87' lang='lat'><strong>,</strong></span> <span class='ocrx_word' id='word_1_880' title='bbox 2060 5653 2221 5707; x_wconf 90' lang='lat' dir='ltr'><strong>quem</strong></span> <span class='ocrx_word' id='word_1_881' title='bbox 2276 5653 2387 5690; x_wconf 90' lang='lat' dir='ltr'><strong>non</strong></span> <span class='ocrx_word' id='word_1_882' title='bbox 2425 5652 2657 5706; x_wconf 89' lang='lat' dir='ltr'><strong>usquam</strong></span> <span class='ocrx_word' id='word_1_883' title='bbox 2714 5637 2974 5691; x_wconf 85' lang='lat' dir='ltr'><strong>novimus</strong></span> <span class='ocrx_word' id='word_1_884' title='bbox 3017 5653 3081 5690; x_wconf 73' lang='lat' dir='ltr'><strong>CX</strong></span> <span class='ocrx_word' id='word_1_885' title='bbox 3132 5650 3299 5687; x_wconf 87' lang='lat' dir='ltr'><strong>carne</strong></span> <span class='ocrx_word' id='word_1_886' title='bbox 3327 5645 3382 5685; x_wconf 75' lang='grc' dir='ltr'><strong>ει</strong></span> 
     </span>
    </p>
   </div>
   <div class='ocr_carea' id='block_1_118' title="bbox 1812 5725 3379 5797">
    <p class='ocr_par' dir='ltr' id='par_1_118' title="bbox 1812 5725 3379 5797">
     <span class='ocr_line' id='line_1_118' title="bbox 1812 5725 3379 5797; baseline -0.001 -20"><span class='ocrx_word' id='word_1_887' title='bbox 1812 5728 2103 5797; x_wconf 81' lang='lat' dir='ltr'><strong>sanguine,</strong></span> <span class='ocrx_word' id='word_1_888' title='bbox 2163 5742 2308 5779; x_wconf 89' lang='lat' dir='ltr'><strong>nunc</strong></span> <span class='ocrx_word' id='word_1_889' title='bbox 2348 5741 2478 5779; x_wconf 87' lang='lat' dir='ltr'><strong>vero</strong></span> <span class='ocrx_word' id='word_1_890' title='bbox 2537 5735 2595 5779; x_wconf 91' lang='lat' dir='ltr'><strong>ut</strong></span> <span class='ocrx_word' id='word_1_891' title='bbox 2646 5735 2938 5796; x_wconf 79' lang='lat' dir='ltr'><strong>cognatum</strong></span> <span class='ocrx_word' id='word_1_892' title='bbox 3002 5725 3269 5779; x_wconf 89' lang='lat' dir='ltr'><strong>habemus</strong></span> <span class='ocrx_word' id='word_1_893' title='bbox 3313 5738 3379 5775; x_wconf 70' lang='lat' dir='ltr'><strong>ex</strong></span> 
     </span>
    </p>
   </div>
   <div class='ocr_carea' id='block_1_119' title="bbox 1814 5816 3376 5891">
    <p class='ocr_par' dir='ltr' id='par_1_119' title="bbox 1814 5816 3376 5891">
     <span class='ocr_line' id='line_1_119' title="bbox 1814 5816 3376 5891; baseline -0.002 -18"><span class='ocrx_word' id='word_1_894' title='bbox 1814 5818 2019 5890; x_wconf 87' lang='lat' dir='ltr'><strong>Spiritu</strong></span> <span class='ocrx_word' id='word_1_895' title='bbox 2056 5828 2247 5875; x_wconf 88' lang='lat' dir='ltr'><strong>sancto</strong></span> <span class='ocrx_word' id='word_1_896' title='bbox 2270 5838 2286 5886; x_wconf 87' lang='lat'><strong>;</strong></span> <span class='ocrx_word' id='word_1_897' title='bbox 2324 5819 2490 5891; x_wconf 75' lang='lat' dir='ltr'><strong>geniti</strong></span> <span class='ocrx_word' id='word_1_898' title='bbox 2515 5821 2675 5875; x_wconf 88' lang='lat' dir='ltr'><strong>ambo</strong></span> <span class='ocrx_word' id='word_1_899' title='bbox 2697 5835 2761 5874; x_wconf 81' lang='lat' dir='ltr'><strong>ex</strong></span> <span class='ocrx_word' id='word_1_900' title='bbox 2784 5830 2956 5873; x_wconf 88' lang='lat' dir='ltr'><strong>matre</strong></span> <span class='ocrx_word' id='word_1_901' title='bbox 2974 5817 3244 5887; x_wconf 73' lang='lat' dir='ltr'><strong>adoptiva,</strong></span> <span class='ocrx_word' id='word_1_902' title='bbox 3274 5816 3376 5871; x_wconf 85' lang='lat' dir='ltr'><strong>sci-</strong></span> 
     </span>
    </p>
   </div>
  </div>
