3964 6320
601 377 743 440 1519

1781 372 1841 428 S.
1875 365 2269 428 THEODORI
2307 365 2656 425 STUDITE

3750 359 3770 420 1
3781 361 3870 420 5213

590 493 721 547 licet
755 489 966 563 piscina
1000 489 1367 560 baptismatis.
1408 486 1516 541 Pas
1544 487 1659 551 tibi,
1700 485 1880 540 amice
1908 493 1962 538 et
1999 482 2168 536 frater

2283 480 2364 533 ποῦ
2401 483 2789 551 βαπτίσματος.
2825 485 3028 554 Εἰρήνη
3085 501 3190 547 σοι,
3234 483 3356 550 φίλι
3393 483 3493 534 καὶ
3542 480 3756 548 ἀδελςέ
3792 501 3870 533 κα.

589 593 646 639 et
675 584 919 639 domine.
952 583 1068 638 Pax
1098 593 1152 636 et
1186 580 1376 636 domui
1407 591 1538 646 tuae,
1562 587 1616 634 et
1641 578 1898 633 omnibus
1936 576 2031 646 qui
2096 576 2164 629 ad

591 685 647 731 te
694 675 990 745 pertinent,
1026 672 1337 737 aPatre,et
1364 672 1523 737 Filio,
1577 679 1634 726 et
1688 669 1896 740 Spiritu
1949 675 2166 723 sancto.

593 768 789 820 Amen.

805 880 1036 936 CLXIV.
1061 913 1131 923 —-
1169 881 1615 936 Archimandritaz
1639 878 1864 934 Gottlaiw
1897 876 1992 949 (⁸).

2271 572 2527 627 δέσποτα.
2556 575 2762 647 Εἰρήνη
2813 580 2907 630 καὶ
2963 577 3038 647 τῷ
3089 577 3226 645 οῐκῳ
3278 593 3396 638 σου,
3457 575 3559 626 καὶ
3596 576 3868 635 etiamet;

2273 663 2590 736 διαφέρουσι
2615 685 2718 732 σοι,
2755 669 2865 721 ἀπὸ
2917 668 3013 720 τοῦ
3067 667 3284 738 Πατρὸς
3333 668 3432 720 καὶ
3476 663 3580 718 τοῦ
3609 665 3756 717 Tia-5
3789 670 3868 715 καὶ

2274 755 2370 808 τοῦ
2407 757 2564 825 ἁγίου
2613 758 2952 827 Πνεύματος.

2412 870 2551 925 ΡΞΔ¹
2576 872 2709 944 (56).
2734 901 2805 915 -—
2857 872 3295 943 Αρχιμαγὸρίτῃ
3320 871 3612 936 Γοτθίας.
3644 867 3778 939 [1,32]

1896 995 1969 1045 De
1994 992 2262 1043 monastico
2287 990 2533 1041 instituto.

662 1102 908 1159 Gratiam
937 1102 1204 1158 habemus
1229 1112 1422 1157 sancto
1463 1101 1595 1167 Deo,
1633 1104 1778 1173 quod
1809 1102 1959 1174 digni
1997 1102 2171 1157 habiti

592 1210 784 1252 sumus
812 1195 906 1264 qui
935 1195 1142 1250 amicas
1167 1194 1480 1250 stinctitatis
1512 1203 1622 1248 tua)
1648 1195 1860 1249 litteras
1901 1194 2174 1264 accipere-

592 1303 736 1342 mus.
766 1284 878 1341 Nec
907 1301 1036 1341 vero
1053 1287 1322 1342 tarditatis
1350 1287 1702 1342 excusatione
1730 1287 1886 1340 nobis
1911 1299 1994 1340 est
2014 1302 2173 1355 opus.

591 1380 824 1446 Quinam
853 1378 1000 1433 enim
1028 1394 1221 1433 sumus
1249 1394 1352 1434 nos
1390 1379 1642 1434 homines
1675 1377 1872 1432 tantilli
1897 1379 1920 1432 ?
1941 1388 2035 1432 aut
2067 1393 2174 1447 qna

589 1471 659 1526 de
698 1486 865 1526 causa
895 1486 994 1525 vos
1013 1471 1287 1526 ullatenus
1313 1471 1380 1525 de
1409 1472 1645 1541 negotiis
1673 1470 1872 1525 vestris
1913 1469 2172 1524 maximis

592 1561 659 1616 ad
703 1564 1026 1616 tenuitatem
1079 1572 1322 1615 nostram
1387 1561 1684 1616 referatis?
1734 1561 1988 1615 Attamen
2037 1561 2168 1630 quia

593 1651 807 1706 modice
825 1651 892 1705 de
922 1651 1079 1705 vobis
1115 1651 1435 1715 sentientes,
1474 1651 1650 1705 nostis
1699 1650 1861 1704 etiam
1907 1650 2168 1703 minimos

593 1742 880 1813 complecti
909 1761 924 1798 :
952 1741 1284 1798 conveniens
1308 1741 1411 1795 fuit
1451 1751 1505 1795 et
1550 1757 1648 1796 vos
1675 1741 1932 1804 scribere,
1967 1751 2021 1795 et
2069 1754 2172 1794 nos

593 1834 827 1900 discere,
859 1849 969 1888 non
1002 1833 1176 1888 solum
1204 1848 1326 1902 qua:
1356 1832 1582 1900 epistola
1614 1832 1950 1897 continebat,
1979 1845 2170 1885 verum

595 1928 756 1982 etiam
791 1943 912 1997 qua:
937 1925 1372 1981 reverendissimi
1394 1923 1590 1978 fratres
1607 1939 1669 1977 ac
1702 1934 1884 1993 patres
1911 1923 2169 1987 docuere,

592 2017 688 2086 qui
717 2031 812 2071 eas
840 2017 1156 2071 attulerunt.
1203 2016 1407 2070 Contra
1451 2030 1575 2085 qua:
1620 2015 1802 2068 omnia
1852 2013 1997 2069 Deus
2041 2031 2171 2084 pro-

595 2119 768 2164 tector
788 2119 994 2175 noster,
1025 2118 1082 2163 et
1119 2107 1524 2162 inconsiderate
1545 2106 1885 2176 obiectarum
1915 2107 2178 2161 crimina-

592 2200 807 2254 tionum
841 2198 1118 2268 depn-lsor.
1164 2196 1522 2252 Conferemus
1557 2206 1736 2251 autem
1785 2209 1838 2252 et
1869 2212 1970 2251 nos
2000 2198 2178 2251 humi-

598 2292 699 2352 les,
727 2291 774 2345 si
811 2293 1030 2361 quando
1057 2289 1262 2344 incidat
1312 2305 1514 2355 sermo,
1546 2306 1668 2360 qua:
1695 2290 1749 2344 in
1805 2291 1964 2344 nobis
1995 2299 2175 2352 erunt,

599 2382 741 2452 apud
768 2398 865 2438 eos
890 2383 982 2451 qui
1009 2382 1284 2438 voluerint
1324 2383 1687 2450 calumniari;
1719 2398 1829 2436 non
1863 2399 1973 2452 quo
2010 2382 2174 2435 bene-

599 2475 783 2529 ficium
819 2475 973 2529 vobis
1009 2476 1391 2544 rependamus,
1416 2475 1511 2529 sed
1544 2475 1764 2542 utquod
1797 2475 2052 2529 charitati
2079 2475 2176 2528 de-

602 2567 777 2630 betur,
801 2566 1132 2635 expleamus.
1167 2567 1339 2632 Quam
1373 2567 1443 2620 ob
1466 2581 1689 2621 causam
1738 2567 1976 2621 scribere
2001 2565 2176 2620 coacti

601 2655 807 2713 fuimus
845 2656 938 2712 Dei
988 2658 1368 2713 amantissimo
1402 2657 1548 2711 Patri
1593 2668 1646 2712 et
1686 2657 1927 2727 pontifici
1954 2659 2178 2711 domino

603 2747 877 2804 Philareto
906 2767 920 2803 :
947 2749 994 2804 si
1028 2749 1166 2804 forte
1194 2761 1446 2819 suscepta
1499 2749 1662 2803 fuerit
1720 2750 1944 2804 humilis
1991 2761 2177 2804 nostra

605 2841 945 2906 intercessio,
976 2841 1044 2896 ad
1073 2843 1507 2912 componendam
1537 2857 1747 2912 pacem,
1779 2843 1908 2912 quia
1933 2843 2071 2897 nihil
2097 2854 2180 2898 est

605 2933 1028 2999 conducibilius,
1057 2943 1112 2988 et
1166 2951 1273 3004 qua
1301 2934 1505 2988 Christi
1539 2934 1813 3004 discipuli,
1845 2936 1938 3005 qui
1973 2937 2042 2990 ab
2063 2937 2181 3006 ipso

607 3027 783 3082 vocati
815 3035 968 3091 sunt,
999 3027 1252 3097 insigniri
1283 3028 1500 3083 debent.
1547 3027 1672 3084 Haec
1703 3030 1851 3083 velut
1873 3029 1928 3083 in
1958 3045 2174 3084 summa

607 3117 674 3172 de
708 3121 775 3173 iis
798 3133 918 3186 qua:
949 3129 1165 3188 urgent.
1200 3118 1276 3173 De
1311 3121 1434 3175 aliis
1468 3135 1597 3174 vero
1645 3136 1908 3189 quorsum
1944 3137 1973 3174 a
2024 3123 2181 3175 nobis

608 3208 897 3278 quasitum
932 3217 1017 3264 est
1050 3219 1110 3263 ut
1135 3211 1604 3280 respondeamus?
1633 3227 1757 3265 cum
1800 3227 1898 3265 vos
1922 3213 2180 3265 divinitus

609 3297 788 3351 cdocti
843 3296 1042 3352 librum
1081 3300 1262 3368 magni
1297 3299 1502 3352 Basiliii
1529 3314 1558 3352 a
1593 3299 1703 3352 Deo
1746 3311 2029 3354 exaratum
2081 3303 2180 3352 lia-

612 3387 805 3451 beatis,
837 3385 1124 3442 docentem
1177 3404 1298 3457 quae
1343 3389 1662 3444 monasticae
1705 3406 1799 3444 seu
1854 3390 2184 3444 ccenobiaca:

613 3477 736 3531 vita:
757 3477 1020 3531 salutaria
1043 3486 1170 3532 sunt
1191 3486 1244 3531 et
1269 3478 1419 3532 utilia
1445 3498 1458 3532 :
1489 3479 1697 3549 absque
1723 3495 1832 3549 quo
1862 3495 1962 3534 nec
1990 3483 2188 3551 guber-

613 3583 744 3623 nare
765 3569 928 3639 digne
966 3568 1074 3624 Dco
1123 3572 1294 3640 possit
1347 3588 1569 3641 prases,
1606 3589 1707 3627 nec
1749 3575 1952 3628 utiliter
1993 3575 2189 3643 guber-

612 3662 736 3716 nari
765 3663 1040 3718 subditus.
1070 3662 1165 3718 Ille
1186 3664 1254 3719 de
1280 3667 1520 3735 quolibet
1549 3676 1602 3721 et
1629 3678 1948 3738 argumento
1991 3677 2044 3721 et
2077 3684 2189 3720 ma-

617 3753 750 3807 teria
800 3769 972 3809 sacrae
1012 3755 1135 3810 vitae
1162 3756 1492 3811 coenobiacze
1539 3759 1758 3827 propria
1798 3759 2182 3828 interrogatus,

615 3861 713 3914 per
760 3843 1024 3916 Spiritum
1069 3858 1317 3902 sanctum
1351 3850 1674 3917 respondet:
1719 3860 1776 3902 ut
1823 3851 2053 3919 quiejus
2083 3850 2186 3903 du-

613 3949 761 3992 ctum
795 3939 1062 4010 sequitur,
1103 3941 1326 3995 ductum
1360 3950 1624 4010 sequatur
1680 3942 1920 4009 Spiritus
1963 3943 2138 3996 sancti
2173 3960 2184 3995 :

616 4033 708 4099 qui
739 4030 788 4084 ei
820 4047 928 4084 non
958 4031 1151 4096 credit,
1175 4032 1393 4087 Christo
1421 4032 1512 4101 qui
1548 4048 1643 4100 per
1684 4048 1807 4084 eum
1842 4034 2058 4086 locutus
2083 4043 2185 4092 est.

616 4137 725 4176 non
754 4124 957 4178 credat.
989 4122 1121 4189 Qua:
1147 4140 1278 4194 ergo
1313 4138 1408 4192 per
1440 4125 1709 4178 incuriam
1741 4123 1999 4178 fratribus
2025 4124 2186 4178 obre-

615 4221 752 4284 punt
782 4214 998 4282 delicta,
1061 4230 1123 4268 ea
1158 4230 1252 4284 per
1287 4215 1458 4270 laicos
1506 4215 1753 4270 homines
1795 4216 2027 4284 judicari
2078 4232 2184 4268 non

617 4304 781 4367 licere
811 4319 966 4360 sacer
1002 4305 1117 4374 ipse
1160 4306 1362 4359 clamat
1411 4305 1740 4374 Apostolus:
1777 4306 1948 4358 Audet
1994 4304 2186 4374 aliquis

615 4407 846 4449 vestrum
872 4396 1067 4450 habens
1091 4399 1357 4466 negotium
1379 4398 1628 4454 aduersus
1654 4398 1879 4450 alterum
1904 4439 1918 4461 ,
1943 4397 2184 4466 judicari

616 4488 758 4556 apud
798 4488 1004 4558 iniquos
1024 4497 1076 4542 et
1119 4505 1221 4542 non
1251 4491 1391 4555 apud
1421 4501 1630 4542 sanctos
1653 4489 1791 4541 "'".
1817 4487 2020 4558 Etpost
2041 4490 2142 4542 alia
2169 4509 2182 4544 :

617 4577 707 4631 Sic
725 4595 831 4632 non
856 4591 934 4633 est
959 4581 1096 4633 inter
1120 4597 1208 4634 vos
1235 4582 1443 4650 sapiens
1472 4583 1770 4649 quisquam,
1803 4582 1892 4648 qui
1916 4581 2188 4648 possitju-

2343 1099 2518 1170 Χάριν
2564 1095 2935 1168 ὁμολογοῦμεν
2976 1097 3052 1166 τῷ
3084 1097 3226 1165 άγξῳ
3253 1094 3395 1162 Θεῷ,
3432 1093 3517 1146 ὅτι
3553 1089 3869 1161 ἠξιώθημεν

2269 1189 2524 1255 δέξασθαι
2547 1191 2850 1260 γράμματα
2876 1191 3189 1260 ἀγαπητικά
3233 1186 3332 1257 τῆς
3355 1188 3650 1256 ὁσιότητος
3693 1185 3866 1252 ὑμῶν·

2271 1285 2333 1336 οὐ
2359 1283 2466 1352 μὴν
2515 1282 2791 1353 χρῄζομεν
2809 1281 3100 1349 ἀπολογίας
3122 1280 3207 1332 διὰ
3225 1280 3324 1348 τὴν
3354 1277 3708 1347 βραδυτῆτα,
3727 1276 3871 1334 Τίνες

2273 1375 2382 1445 γάρ
2425 1376 2585 1445 ἡμεῖς
2638 1376 2687 1426 οἱ
2721 1373 2994 1438 εὐτελεῖς;
3026 1373 3057 1442 ἢ
3105 1373 3249 1435 τίνος
3287 1371 3479 1423 ἕνεκεν
3521 1369 3670 1429 ὅλως
3722 1368 3784 1418 τὸ
3813 1370 3870 1434 τῇ

2275 1465 2521 1535 ἡμετέρᾳ
2552 1464 2860 1535 οὐθενότητι
2893 1465 3186 1534 ἀναφέρειν
3225 1465 3372 1532 ὑμᾶς
3416 1461 3556 1531 περὶ
3597 1460 3716 1514 τῶν
3751 1476 3870 1524 συγ-

2272 1558 2563 1611 κινούντων
2589 1559 2729 1628 ὑμᾶς
2749 1558 3082 1624 άναγκαίων;
3102 1558 3290 1626 Ὅμως
3317 1555 3511 1625 ἐπειδὴ
3544 1553 3872 1623 μτριὸφρο-

2273 1668 2360 1713 νες
2390 1651 2749 1720 τυγχάνοντες
2779 1650 2957 1702 οἴδατε
2987 1651 3078 1703 καὶ
3109 1652 3221 1710 τοῖς
3252 1648 3569 1718 ἐλαχίστοις
3599 1662 3872 1714 συμπερι-

2274 1743 2571 1812 φέρεσθαι·
2621 1744 2846 1805 εἰκότως
2875 1744 2970 1796 καὶ
2999 1743 3150 1795 αὐτοὶ
3191 1742 3537 1809 γεγράφατε,
3571 1741 3676 1792 καὶ
3717 1740 3870 1808 ἡμεῖς

2274 1832 2653 1902 ἐδιδάχθημεν,
2682 1833 2741 1884 οὺ
2772 1832 2930 1900 μόνον
2958 1834 3058 1885 ὅσα
3085 1835 3116 1901 ή
3151 1831 3431 1900 ἐπιστολὴ,
3469 1830 3616 1882 ἀλλὰ
3646 1829 3753 1882 καὶ
3781 1830 3868 1880 ὅσα

2273 1927 2322 1978 οἱ
2365 1925 2567 1996 ταύτην
2616 1927 2996 1995 ἐπιφερόμενοι
3041 1923 3463 1992 αἱδεσιμώτατοι
3509 1922 3752 1993 ἀδελφοὶ
3781 1926 3866 1972 καὶ

2280 2017 2520 2088 Πατέρες
2553 2018 2816 2082 ἐδίδαξαν.
2850 2017 2989 2070 Καθ’
3028 2011 3102 2070 ὧν
3137 2017 3392 2070 ἀπάντων
3440 2017 3470 2068 6
3515 2015 3660 2077 Θεὸς
3721 2014 3871 2082 tua

2280 2105 2697 2175 ὑπερασπιστὴς
2740 2122 2753 2135 ·
2806 2105 2899 2158 καὶ
2943 2105 3053 2156 τῶν
3095 2105 3510 2174 ἐπιφερομένων
3562 2105 3866 2172 ἀλογίστεες

2278 2196 2618 2265 αἰτιαμάτων
2643 2197 2990 2265 διαλλακτής.
3025 2197 3442 2265 Συνεισοὶσομεν
3472 2196 3532 2249 δὲ
3567 2197 3668 2249 καὶ
3720 2197 3867 2264 ἡμεῖς

2277 2290 2326 2340 οἱ
2353 2289 2613 2350 ταπεινοὶ,
2634 2289 2688 2341 εἴ
2705 2306 2833 2342 ποτε
2868 2287 3026 2356 λόγος
3061 2288 3269 2356 γένοιτο
3291 2289 3357 2342 τά
3385 2290 3518 2360 παρ’
3545 2289 3788 2349 ἑαυτῶν,
3820 2295 3865 2337 εγ.-

2277 2382 2388 2441 τοῖς
2428 2379 2719 2447 φθάζουσιν
2758 2380 3121 2434 ὲνδιαὸάλλειν
3148 2424 3162 2447 ,
3203 2383 3264 2434 οὐ
3309 2382 3474 2452 χάριν
3525 2382 3667 2450 ὑμῖν
3711 2397 3867 2432 κατα-

2279 2471 2594 2540 ϐαλλόμενοι
2615 2511 2630 2533 ,
2664 2472 2796 2524 ἀλλὰ
2819 2473 2878 2524 τὺ
2907 2473 3386 2542 κεχρεωστημένον
3415 2475 3484 2542 τῇ
3521 2472 3727 2540 ἀγάπῃ
3753 2472 3865 2522 άπαι-

2279 2563 2680 2634 πληρώσοντες.
2733 2558 2808 2616 Οὗ
2857 2564 3020 2632 χάριν
3078 2562 3509 2630 ἠναγκάσθημεν
3563 2562 3863 2612 ἐπιστεῖλαι

2279 2657 2372 2707 καὶ
2403 2656 2481 2726 τῷ
2511 2655 2912 2723 θεοφιλεστάτῳ
2945 2655 3120 2721 Πατρὶ
3146 2655 3238 2706 καὶ
3262 2654 3513 2722 ἀρχιερεῖ
3540 2654 3729 2724 κυρίῳ
3753 2655 3862 2705 Φιλ-

2281 2747 2486 2816 αρέτῳ·
2542 2747 2656 2811 εἴγε
2701 2745 2794 2796 καὶ
2832 2741 3188 2813 προσδεχθεεη
3236 2743 3269 2811 ἡ
3316 2741 3678 2811 παράκλησις
3718 2741 3862 2810 ἡμᾶν

2279 2838 2387 2888 τῶν
2412 2836 2702 2899 ταπεινῶν,
2734 2835 3027 2888 συνδέουσα
3063 2832 3131 2886 τὰ
3163 2833 3296 2902 πρὸς
3321 2834 3578 2903 εἰρήνην,
3611 2828 3682 2903 ἧς
3727 2833 3864 2885 οὐδὲδ

2281 2929 2738 2999 λυσιτελέστερον,
2777 2928 2868 2980 καὶ
2915 2923 3058 3001 ἐφ’ᾖ
3104 2927 3340 2996 Χριστοῦ
3384 2927 3637 2996 μαθηταὶ
3686 2930 3738 2978 0i
3781 2926 3866 2978 ἀπ’

2283 3026 2447 3078 αὑτοῦ
2465 3023 2809 3093 κεκλημένοι,
2828 3023 3100 3091 ὀφείλουσι
3130 3019 3664 3093 χαρακτηρίζεσθαι.
3687 3021 3862 3071 Ταῦτα

2280 3117 2354 3178 ὼς
2384 3119 2440 3169 ὲν
2483 3115 2762 3182 κεφαλαίῳ
2806 3114 2935 3183 περὶ
2965 3114 3072 3165 τῶν
3102 3113 3566 3178 κατεπειγόντων.
3607 3112 3785 3182 ’Υπὲρ
3817 3113 3864 3163 δὲ

2281 3209 2388 3260 τῶν
2417 3207 2614 3274 ἄλλων,
2637 3208 2687 3258 τί
2718 3206 2809 3257 καὶ
2838 3204 3253 3275 ὲπεξητήθημεν
3292 3204 3427 3263 ὅλως
3461 3202 3862 3271 ἀποκριθῆναις

2284 3299 2514 3366 ἑχόντων
2538 3297 2689 3366 ὑμῶν
2719 3300 2828 3348 τῶν
2861 3295 3212 3348 θεοδιδάκτων
3238 3295 3336 3361 τὴν
3367 3294 3748 3364 θεοχάρακτον
3785 3294 3856 3362 βέ-

2291 3389 2417 3440 6λον
2443 3387 2535 3440 τοῦ
2567 3389 2804 3457 μεγάλου
2837 3387 3139 3450 Βασιλείου,
3178 3387 3541 3440 διδάσκουσαν
3567 3388 3665 3440 τοῦ
3707 3405 3865 3457 μονα-

2289 3480 2459 3545 δικοῦ,
2496 3480 2593 3532 εἶτ’
2615 3477 2706 3533 οὖν
2741 3480 3080 3534 κοινοὸιακοῦ
3114 3479 3227 3549 βίου
3257 3482 3324 3533 τά
3348 3481 3598 3550 σωτήρια
3627 3483 3724 3533 καὶ
3750 3482 3861 3549 ὀνη-

2289 3573 2516 3642 σίῳορα·
2554 3567 2620 3642 ἧς
2657 3572 2826 3641 χωρὶς
2859 3572 2956 3624 οὐκ
2989 3571 3135 3624 ἔστιν
3168 3571 3289 3623 οὔτε
3331 3571 3710 3642 καθοδηγῆσαι
3752 3573 3861 3624 θεο-

2291 3663 2535 3732 πρεπῶς,
2562 3662 2683 3715 οὗτε
2713 3662 3144 3731 καθοδηγηθῆναι
3164 3661 3476 3727 λυσιτελῶς,
3503 3662 3601 3714 καὶ
3631 3664 3860 3731 ἄρχοντα

2289 3755 2382 3804 καὶ
2411 3753 2730 3822 ἀρχόμενον.
2770 3754 3006 3814 Ἐκεῖνος
3041 3751 3391 3822 ἐρωτώμενος
3421 3754 3515 3804 ἐπὶ
3549 3755 3706 3824 πάσῃ
3739 3755 3858 3805 ὑπο-

2290 3847 2434 3898 θέσει
2480 3845 2572 3896 καὶ
2605 3845 2824 3914 ἀφορμῇ
2855 3845 2954 3914 τῆς
2993 3846 3050 3896 ὲν
3081 3844 3331 3914 κοινοσίῳ
3374 3845 3524 3913 ἱερᾶς
3568 3843 3745 3916 ζωῆς,
3782 3848 3858 3898 διὰ

2290 3937 2428 3989 ΙΙνεὺ
2438 3954 2600 4006 ματος
2622 3937 2775 4003 άγίου
2801 3937 3159 4006 ἀποκέκριται
3181 3952 3194 3965 ·
3221 3937 3317 3990 καὶ
3339 3940 3367 3990 6
3392 3938 3592 4007 ἐκείνῳ
3617 3941 3857 4009 στοιχιῖμθ,

2289 4029 2570 4097 ὲστοίχησε
2623 4029 2700 4098 τῷ
2739 4028 2877 4095 ἁγίῳ
2918 4025 3228 4096 Πνεύματι·
3276 4031 3305 4080 6
3336 4029 3383 4079 δ’
3416 4028 3569 4097 αὐτῷ
3601 4031 3852 4092 ἀπειθῶν,

2290 4120 2551 4188 ὴπείθησε
2580 4121 2656 4188 τῷ
2687 4122 2742 4171 ἐν
2769 4119 2915 4189 αὑτῷ
2953 4119 3310 4188 φθεγξαμένῳ
3339 4119 3584 4190 Χριστῷ.
3621 4121 3704 4173 Τά
3738 4122 3852 4189 γοὲν

2293 4212 2670 4280 συμπίπτοντα
2697 4211 2755 4276 ἐξ
2783 4211 3111 4281 ἀπροσεξὶας
3137 4214 3248 4273 τοῖς
3274 4211 3523 4278 ἀδελφοῖς
3548 4213 3850 4283 σφάλματα.

2289 4305 2386 4355 οὐκ
2415 4303 2531 4367 ἐξὸν
2564 4303 2653 4354 ἐπὶ
2677 4302 2877 4355 λαῖκῶν
2907 4303 3210 4372 προσώπων
3244 4302 3550 4369 κρίνεσθαι,
3582 4305 3679 4356 καὶ
3707 4306 3851 4365 αὖτις

2289 4394 2478 4466 ὁῐερὸς
2516 4392 2832 4455 Ἀπόστολος
2876 4394 3005 4463 βοᾷ·
3047 4392 3240 4460 Τολμᾷ
3284 4411 3374 4456 τις
3421 4391 3592 4461 ὑμῶν
3630 4394 3850 4463 πρᾶγμα

2287 4485 2442 4553 ἔχων
2469 4486 2774 4551 κρίνεσθαι
2801 4485 2896 4536 ἐπὶ
2925 4484 3042 4537 τῶν
3066 4485 3306 4546 ἀδίκων,
3333 4483 3431 4536 κα)
3457 4485 3598 4551 οὐχὶ
3625 4487 3722 4537 ἐπὶ
3751 4485 3851 4537 τιὶν

2288 4576 2508 4642 άγίων;
2542 4576 2648 4626 Καὶ
2679 4574 3015 4642 μεθ’ἓτερα·
3053 4574 3247 4638 Οὕτως
3305 4575 3416 4627 οὐκ
3466 4575 3561 4627 ἔνι
3611 4576 3682 4628 ἐν
3727 4577 3850 4644 rip-Er

615 4671 796 4724 dicare
833 4672 970 4723 inter
1011 4673 1234 4740 fratrem
1275 4689 1470 4734 suum;
1529 4675 1620 4725 sed
1665 4675 1833 4743 frater
1865 4689 1980 4725 cum
2023 4677 2178 4742 [ram

2289 4667 2479 4734 σοφὸς
2515 4663 2656 4717 οὐδὲ
2682 4661 2787 4729 εἷς,
2819 4665 2884 4730 ὃς
2909 4665 3235 4729 δυνήσεται
3267 4665 3586 4732 ἀνακρῖναι
3616 4668 3732 4720 ἀνὰ
3759 4668 3848 4736 μέ·

614 4762 902 4815 contendit.
920 4772 967 4815 et
990 4763 1086 4816 hoc
1115 4769 1256 4833 apud
1277 4765 1513 4833 inﬁdeles
1536 4765 1857 4818 ‘°?Perinde
1881 4773 2184 4828 autem-est,

614 4869 679 4909 ac
709 4855 919 4924 siapud
961 4855 1206 4911 infideles
1239 4857 1354 4921 fiat,
1407 4859 1549 4926 apud
1585 4857 1756 4911 laicos
1783 4858 2180 4911 monacliornm

614 4945 854 5015 negotia,
884 4947 1208 5012 examinari,
1241 4949 1508 5018 etjanum
1541 4949 1609 5004 iis
1640 4949 1874 5016 aperire,
1910 4962 2048 5017 quos
2087 4965 2185 5002 ne-

615 5034 698 5090 fas
729 5048 814 5091 est
860 5050 948 5092 res
979 5049 1198 5093 nostras
1240 5039 1556 5109 inspicere:
1620 5041 2029 5111 absurdumque
2084 5041 2185 5094 hoc

615 5142 846 5196 prorsus
865 5139 919 5182 et
953 5129 1278 5184 damnosum
1313 5139 1366 5184 et
1393 5128 1652 5186 Ecclesiis
1685 5131 1795 5186 Dei.

679 5476 802 5513 ⁶⁶·⁸⁹-
831 5477 847 5528 l
874 5477 1002 5542 Cor,
1038 5495 1106 5541 γι,
1139 5480 1224 5532 Η.
1305 5480 1348 5509 ⁶⁰
1389 5481 1516 5535 ibid.
1541 5482 1593 5533 5.

2289 4775 2403 4809 σον
2449 4755 2554 4808 τοῦ
2603 4755 2870 4823 ἀδελφοῦ
2923 4755 3145 4810 αὑτοῦ·
3200 4755 3362 4808 ἀλλὰ
3407 4755 3682 4824 ἀδελφὸς
3719 4761 3847 4825 μετὰ

2287 4847 2552 4915 ἀδελφοῦ
2583 4848 2864 4914 κρίνεται,
2897 4848 2995 4899 καὶ
3026 4847 3201 4900 τοῦτο
3236 4847 3335 4899 ἐπὶ
3369 4849 3672 4904 ἀπίστων.
3727 4851 3847 4903 Ἴσον

2286 4943 2338 4994 δὲ
2364 4941 2470 4993 τῶν
2495 4940 2739 4993 ἀπίστων
2769 4941 2882 4994 ἐστὶ
2909 4940 2970 4992 τὸ
2992 4941 3084 4992 ἐπὶ
3112 4940 3218 4992 τῶν
3242 4938 3448 4993 λαῖκῶν
3475 4941 3546 4994 τὰ
3569 4945 3680 4996 τῶν
3710 4962 3848 5014 μονα-

2288 5034 2398 5103 χὼν
2449 5033 2821 5099 ἐξετάζεσθαι,
2866 5035 2960 5086 καὶ
3019 5033 3254 5099 ἀνοίγειν
3299 5033 3477 5104 θύραν
3539 5034 3626 5097 οἷς
3682 5039 3848 5107 ἀθέμι-

2286 5140 2378 5174 τον
2425 5123 2806 5195 παρακύπτειν
2852 5126 2932 5187 εις
2971 5123 3039 5176 τά
3083 5124 3364 5194 ἡμέτερα·
3413 5127 3513 5179 καὶ
3564 5129 3722 5182 τοῦτο
3766 5132 3850 5181 άπ-

2295 5213 2418 5282 ᾲδον
2453 5215 2570 5266 ἐστὶ
2593 5216 2908 5269 παντάπασι
2955 5216 3048 5268 καὶ
3093 5215 3416 5285 ἀσύμφορον
3459 5222 3532 5290 τῇ
3581 5221 3847 5290 Ἐκκλησξςι

2293 5303 2384 5356 τοῦ
2419 5304 2575 5360 Θεοῦ.

2127 5633 2352 5689 NOTAE.

686 5791 758 5860 (⁸)
791 5790 1113 5863 Dogmatica.

2388 5790 2496 5861 (56)
2529 5791 2582 5844 In
2607 5792 2725 5844 cod.
2754 5791 2887 5862 Reg.
2932 5792 3054 5861 ρνδ’.
