3964 6320
141 383 286 446 1521

1336 372 1877 434 EPISTOLARUM
1935 372 2083 430 LIB.
2126 371 2213 428 Ιῐ.

3255 366 3392 428 1522

223 495 353 563 Περὶ
378 491 656 559 ἀποταγῆς
687 489 780 542 καὶ
803 488 1184 557 ἀποκάρσεως,
1210 487 1397 557 ἐπειδὴ
1420 487 1516 539 καὶ
1538 484 1726 538 τούτου

1900 479 1977 534 De
2015 477 2421 533 renuntiatinne
2472 485 2528 530 et
2574 485 2823 538 tonsura,
2850 471 3292 543 quandoquidem
3328 477 3396 526 de

138 585 328 653 λόγος,
380 581 504 635 οὕτε
563 581 625 633 τὸ
669 581 1016 634 ἀποσείεσθαι
1049 580 1364 632 ἀκίνδυνον·
1409 578 1542 648 φησι
1587 576 1718 645 γὰρ,

147 676 274 730 Τὸν
299 674 627 742 ἐρχόμενον
653 673 801 740 πρός
822 688 921 741 με,
951 673 1022 724 οὐ
1042 671 1128 738 μὴ
1154 670 1383 724 ἐκϐάλω
1411 670 1528 733 ἔξω
1549 684 1564 699 ⁶
1598 668 1721 721 οὔτε

139 772 213 820 τὸ
238 764 563 837 προσίεσθαι
592 764 777 826 ἁπλῶς
817 764 908 816 καὶ
946 763 1021 826 ὡς
1054 763 1237 833 ἔτυχε·
1273 762 1367 815 καὶ
1411 759 1722 830 ἀποκείρειν

143 860 622 926 ἀνεπιστημόνως,
664 856 832 910 ὅσιον.
867 855 928 906 Ei
967 853 1075 924 γὰρ
1107 854 1303 918 οὐδεὶς
1331 852 1722 920 στρατευόμε-

136 970 256 1017 νος
283 948 640 1020 ἐμπλέκεται
668 947 796 1014 ταῖς
827 948 934 1001 τοῦ
961 949 1106 1012 βίου
1153 948 1595 1014 πραγματείαις,
1626 945 1726 996 ἵνα

137 1045 228 1105 τῷ
255 1042 808 1110 στρατολογήσαντι
832 1038 1042 1106 ἀρέσῃ,
1074 1039 1218 1091 καθά
1252 1039 1598 1109 γέγραπται·
1630 1038 1727 1089 πό-

140 1134 336 1204 σῳ·δὴ
384 1133 477 1187 οὖν
508 1133 709 1204 μᾶλλον
742 1132 834 1183 ἐπὶ
860 1131 988 1200 τῇδε
1027 1133 1093 1201 τῇ
1142 1130 1414 1200 θεολέκτῳ
1453 1130 1723 1199 στρατιᾷς

144 1227 326 1278 Πᾶσιν
353 1224 725 1288 ἀποτάξασθαι
747 1223 845 1285 δεῖ,
871 1223 1088 1275 πάντων
1115 1220 1579 1291 ἀπογυμνωθῆναι
1600 1221 1724 1290 χρὴ,

142 1320 375 1371 πάντων
404 1318 786 1387 ἀπορραγῆναι
804 1313 943 1375 δέον,
968 1313 1061 1366 καὶ
1084 1313 1345 1382 σχέσεων,
1374 1312 1468 1365 καὶ
1488 1311 1725 1375 οἰκείων,

141 1411 248 1463 καὶ
275 1409 466 1478 φίλων,
487 1409 584 1461 καὶ⁵
613 1408 911 1475 συγγενῶν,
945 1407 1038 1459 καὶ
1064 1407 1156 1458 τοῦ
1182 1405 1497 1475 σύμπαντος
1519 1405 1727 1474 κόσμου

141 1503 296 1557 κατά
313 1501 556 1555 διάθεσιν
582 1499 902 1570 ξενωθῆναι,
942 1499 1033 1550 τόν
1057 1515 1120 1566 γε
1151 1499 1227 1562 ὡς
1257 1497 1472 1565 ἀληθῶς
1500 1497 1727 1550 ἀκολου-

141 1600 266 1650 οεῖν
297 1595 558 1665 μέλλοντα
576 1592 653 1662 τῷ
678 1591 897 1660 Χριστῷ
915 1606 926 1619 ·
950 1587 1048 1642 εἷθ’
1070 1589 1240 1652 οὕτως
1269 1589 1613 1658 στοιχηθῆναι
1637 1588 1731 1640 καὶ

139 1685 551 1754 διαπλασθῆναι
579 1683 676 1750 τὴν
705 1681 987 1751 θεοστοιχῆ
1020 1681 1114 1735 καὶ
1143 1680 1472 1733 θεόπλαστον
1508 1680 1728 1750 μοναδι-

143 1780 254 1848 κὴν
283 1778 399 1843 ἕξιν
423 1793 438 1807 ο
468 1776 560 1828 καὶ
583 1777 776 1844 πεῖραν
810 1774 967 1826 δόντα
1001 1773 1095 1826 καὶ
1127 1772 1356 1842 βάσανον
1381 1771 1603 1843 ἀρετῆς,
1633 1770 1730 1823 οὓ-

140 1886 258 1933 τως
285 1867 602 1936 εἰσαχθῆναι
630 1868 696 1934 τῇ
727 1864 1000 1936 μαρτυρίᾳ
1027 1864 1136 1918 τῶν
1171 1863 1377 1916 πολλῶν
1392 1865 1480 1926 εἰς
1511 1863 1605 1932 τὴν
1633 1879 1726 1932 μο-

141 1964 382 2033 ναχικὴν
418 1961 718 2022 τελείωσιν,
754 1961 847 2012 καὶ
881 1961 975 2012 ἕνα
1013 1960 1265 2027 γενέσθαι
1312 1958 1423 2011 τῶν
1464 1958 1560 2009 τοῦ
1591 1959 1726 2027 Χρι-

146 2035 284 2107 στοῦ
343 2051 650 2123 προϐάτων.
724 2050 1010 2119 Ἀμυήτως
1073 2049 1130 2102 δὲ
1186 2047 1281 2102 καὶ
1344 2046 1592 2116 ἀμαθῶς,
1651 2047 1724 2108 ὡς

143 2145 501 2215 ἀπήγγελται
558 2144 710 2212 ἡμῖν,
768 2140 1178 2212 ἀποκείρεσθαι,
1239 2139 1572 2193 ἐπικίνδυνον
1633 2139 1726 2190 καὶ

143 2236 567 2310 ὀλεθριώτατον,
622 2235 714 2288 καὶ
761 2232 838 2303 τῷ
869 2233 1173 2302 κειρομένῳ
1218 2233 1313 2284 καὶ
1352 2231 1432 2299 τῷ
1466 2230 1720 2300 κείροντι.

161 2330 330 2383 Ἀ).λά
375 2330 482 2397 γὰρ
535 2325 630 2379 καὶ
681 2325 1147 2394 ἀποσχηματίζειν
1179 2321 1433 2392 μοναχὸν,
1466 2322 1577 2374 ἴσον
1608 2321 1727 2375 ἐστὶ

143 2421 232 2492 τῷ
276 2417 694 2480 ἁποϋαπτίζειν.
723 2415 900 2478 Ὅλως
933 2415 1197 2484 τολμᾶται
1238 2415 1396 2468 τοῦτο
1441 2413 1718 2483 γίνεσθαι·

147 2509 384 2580 φρικτόν
411 2511 526 2559 ἐστι
570 2506 665 2559 καὶ
694 2505 1046 2574 ἀκουόμενον.
1082 2505 1145 2560 El
1174 2504 1232 2558 δὲ
1268 2504 1406 2575 μετά
1441 2504 1538 2558 τοῦ
1575 2505 1723 2558 δεόν-

144 2617 263 2663 τως
299 2600 610 2666 ἀποκεῖραι,
655 2594 842 2666 ἐπειδὴ
885 2595 1236 2648 ὑπονοστοῦσί
1289 2612 1432 2659 τινες
1480 2595 1615 2666 πρὸς
1654 2595 1725 2648 τά

147 2689 378 2761 χείρονα
401 2703 415 2716 °
448 2688 573 2749 τοὺς
612 2687 884 2749 τοιούτους
927 2687 1284 2755 ἐπιμένοντας
1313 2690 1377 2758 τῇ
1410 2687 1597 2758 κακίᾳ,
1633 2687 1726 2740 καὶ

151 2781 234 2851 μὴ
264 2778 528 2848 ἰωμένους
551 2778 774 2840 ἑαυτοὺς
790 2780 848 2830 ὲν
864 2780 976 2840 τοῖς
1000 2781 1249 2847 ψυχικοῖς
1277 2779 1724 2848 ἀρρωστήμασιν,

149 2870 527 2925 ὲκκόπτεσθαι
578 2869 684 2940 χρὴ
734 2871 834 2939 τῆς
891 2871 1273 2940 ἁδελφότητος,
1313 2871 1436 2925 καθ’
1468 2870 1726 2941 ὁμοίωσιν

148 2965 267 3018 τῶν
303 2965 618 3035 σεσηπότων
667 2964 862 3034 μελῶν,
911 2964 985 3028 ὼς
1017 2965 1082 3018 ἂν
1118 2966 1192 3037 μὴ
1229 2969 1294 3036 τῇ
1344 2966 1595 3036 συνεχείᾳ
1633 2965 1726 3018 καὶ

149 3057 220 3108 τὸ
250 3056 402 3122 ὑγιὲς
436 3055 742 3124 βλάπτοιτο.
779 3055 916 3125 Φησὶ
953 3057 1061 3126 γὰρ
1093 3059 1120 3110 ὁ
1161 3056 1387 3128 Κύριος·
1419 3056 1727 3126 Συμφερές

151 3163 261 3200 σοι
286 3147 386 3198 ἵνα
410 3145 479 3198 ἐν
502 3145 620 3199 τῶν
639 3146 840 3214 μελῶν
871 3164 986 3202 σου
1012 3149 1309 3217 ἀποκοπῇ,
1343 3151 1440 3204 καὶ
1466 3149 1551 3219 μὴ
1581 3150 1728 3204 ὅλον

153 3239 226 3290 τὸ
255 3234 428 3304 σῶμα
460 3251 576 3290 σου
602 3237 810 3305 βληθῇ
837 3241 924 3305 είς
949 3240 1063 3308 τὴν
1095 3241 1348 3310 γέενναν
1381 3242 1488 3296 τοῦ
1517 3245 1730 3311 πυρός.

169 3328 300 3380 Ἐὰν
323 3327 381 3379 δὲ
405 3327 549 3397 ἄλλῳ
580 3328 806 3382 δυνατὸν
900 3331 992 3384 τὸν
1020 3332 1322 3385 ἐκκοπέντα
1354 3333 1732 3404 προσήκασθαι

153 3418 306 3469 κατά
339 3417 748 3488 φιλανθρωπίας
775 3423 996 3491 τρόπον,
1027 3423 1128 3475 οὐκ
1156 3422 1259 3488 ἔξω
1293 3423 1386 3477 τοῦ
1422 3426 1649 3487 εἰκότοςο
1683 3424 1736 3477 ετ

153 3528 224 3579 γε
259 3511 509 3582 εὑρεθείη
542 3513 1104 3586 ὲπιστημονικὼτερος
1150 3514 1438 3586 ἰατρεύειν,
1485 3515 1621 3568 ἀλλά
1658 3515 1734 3586 μὴ

153 3603 551 3673 ἀπολλυμένων
579 3607 1140 3678 συμπεριφερόμενος.
1166 3610 1228 3661 Οί
1258 3607 1315 3660 δὲ
1337 3607 1512 3671 ἄλλως
1538 3608 1734 3676 κουφό-

154 3715 316 3751 τατοι
340 3698 724 3768 ἀποπηδῶντες
749 3698 843 3753 τοῦ
866 3700 1155 3770 κοινοσίου,
1177 3700 1535 3772 ἀπρόσδεκτοι
1563 3700 1731 3754 ἔστω-

159 3807 264 3842 σαν
315 3794 456 3854 ταῖς
491 3791 679 3856 ἄλλαις
715 3792 1070 3864 ἀδελφότησιν
1092 3809 1106 3823 ·
1139 3794 1226 3848 ίνα
1275 3793 1645 3864 συνασπισμὸς

157 3879 262 3932 καὶ
287 3883 574 3950 συμφωνία
602 3883 744 3936 κατὰ
766 3885 940 3938 πάντα
965 3886 1076 3948 τοίς
1102 3885 1236 3938 πᾶσι
1254 3900 1268 3916 ο
1298 3884 1395 3938 καὶ
1425 3883 1498 3954 μὴ
1526 3879 1616 3937 ὑπ’
1637 3884 1733 3939 ἀλ-

159 3973 342 4041 λήλων
367 3976 435 4027 τὰ
464 3975 707 4043 ἀλλήλων
730 3975 1090 4040 καταλύοντες
1121 3977 1511 4047 σπουδάσματα
1527 3992 1544 4008 ο
1576 3975 1638 4041 ἐξ
1659 3972 1735 4030 ὧν

159 4067 224 4120 οὺ
255 4066 467 4135 κεφαλὴ
497 4067 525 4119 ὁ
555 4066 807 4136 Χριστὸς,
829 4070 940 4138 ὁτῇ
970 4070 1157 4140 εἰρήνῃ
1187 4069 1419 4122 συνδέων
1443 4069 1508 4121 τὰ
1536 4069 1731 4134 πάντα,

158 4156 302 4211 ἀλλά
333 4158 454 4224 τίς;
504 4160 832 4212 ἀπευκταϊον
883 4161 979 4214 καὶ
1023 4161 1221 4228 λέγειν.
1253 4160 1449 4214 Δοῦλον
1490 4161 1548 4214 δὲ
1588 4159 1735 4230 ἔχειν

161 4248 402 4318 μοναχὸν
441 4250 523 4313 είς
559 4251 939 4321 μοναστήριον,
979 4252 1233 4305 τοσοῦτον
1262 4251 1408 4316 ξένον
1440 4252 1516 4315 ὼς
1547 4252 1645 4305 καὶ
1673 4251 1735 4305 τὸ

158 4341 311 4411 ἔχειν
346 4343 611 4408 γυναῖκαο
658 4344 942 4413 ἀμφότερα
976 4344 1084 4414 γὰρ
1119 4344 1218 4411 τῆς
1247 4345 1533 4415 παρακοῆς
1578 4343 1735 4414 εὑρέ-

163 4448 318 4502 ματα
335 4447 350 4463 ⁸
385 4432 609 4495 καὶτοῖς
629 4435 709 4497 είς
733 4433 793 4486 τὺ
818 4436 938 4488 κατ’
963 4436 1136 4506 ἀρχὰς
1164 4437 1494 4506 ἀναδραμεῖν
1514 4437 1733 4506 ἐφιεμέ-

158 4541 275 4585 νοις
305 4522 392 4578 διά
425 4525 526 4593 τῆς
561 4525 852 4596 μοναδικῆς
886 4527 1180 4593 πολιτείας,
1210 4529 1304 4582 καὶ
1348 4528 1446 4599 τὴν
1473 4529 1732 4599 ἀπήμονα
1764 4513 1808 4568 Ῑ)

157 4617 258 4668 τοῦ
306 4617 636 4687 παραδείσου
691 4616 837 4688 ζωὴν
893 4619 1176 4689 μιμεῖσθαι
1219 4619 1572 4691 ὲζηλωκόσιν,
1598 4621 1734 4675 ἀπό-

159 4712 342 4781 mnu
370 4713 440 4765 τὰ
472 4715 865 4786 προειρημένα.
903 4715 1088 4768 Ταῦτα
1120 4717 1219 4768 οὐκ
1249 4716 1476 4779 οἴκοθεν,
1513 4715 1628 4769 ἀλλ’
1674 4716 1734 4782 ἐξ

161 4794 240 4852 ὦν
281 4802 331 4854 οἱ
380 4801 626 4872 θεοφόροι
678 4805 920 4874 Πατὲρες
972 4805 1323 4874 φθέγγοντες,
1358 4803 1732 4875 συνειληχότες

162 4893 591 4961 ὑπομνηστικῶς
631 4893 1045 4964 ἐφθεγξάμεθα·
1081 4896 1392 4967 αίτούμενοι
1432 4898 1576 4966 ὑμᾶς
1607 4897 1732 4962 τοὺς

161 4982 456 5053 πανιέρους
510 4984 905 5053 προσεύχεσθαι
953 4987 1039 5056 μὴ,
1062 4987 1220 5056 μόνον
1268 4988 1447 5058 λέγειν
1478 4988 1621 5058 ἡμᾶς
1662 4988 1730 5040 τά

160 5071 326 5135 καλὰ,
359 5070 496 5124 ἀλλά
523 5072 619 5124 καὶ
651 5072 912 5142 πράττειν
942 5076 1000 5128 ὲν
1027 5076 1236 5146 Κυρίῳ.

372 5184 516 5237 ΡΞΕ¹
545 5185 678 5255 (57).
701 5217 770 5226 —
792 5188 1092 5256 Γρηγορίφ
1117 5189 1324 5256 τέκνῳ.
1365 5188 1517 5262 [σγ’.]

1823 573 1930 627 hoc
1963 572 2127 626 etiam
2184 585 2400 625 sermo:
2436 582 2537 622 nec
2584 567 2828 638 periculo
2873 574 3032 621 vacat
3086 563 3394 635 repellere;

1821 666 1898 722 ait
1923 664 2068 719 enim
2101 679 2115 716 :
2151 661 2289 715 Eum
2313 660 2404 731 qui
2423 660 2561 714 venit
2591 661 2659 714 ad
2682 675 2783 725 me,
2801 675 2906 713 non
2926 658 3138 724 eiiciam
3154 656 3396 729 foras“:

1823 769 2003 825 neque
2028 763 2231 808 temere
2259 767 2323 806 ac
2347 751 2571 807 fortuito
2610 752 2921 817 admittere,
2949 759 3003 805 et
3036 751 3261 806 tondere
3291 749 3400 805 im-

1823 849 2018 918 perite,
2055 856 2302 902 sanctum
2330 853 2431 900 est.
2460 842 2594 905 Nam
2619 845 2664 898 si
2699 860 2848 897 nemo
2880 842 3116 897 militum
3158 842 3400 910 implicat

1826 939 2047 1008 negotiis
2084 936 2452 1003 uecularibus,
2480 944 2541 988 ut
2562 936 2610 988 ei
2649 934 2852 1002 placeat
2879 935 2966 987 cui
2989 950 3041 987 se
3063 932 3300 1002 probavit
3328 933 3400 996 ",

1825 1032 1967 1086 sicut
1999 1032 2262 1102 scriptum
2288 1040 2392 1096 est,
2413 1036 2620 1100 quanto
2652 1029 2825 1100 magis
2855 1027 2911 1082 in
2940 1027 3042 1082 hac
3064 1042 3096 1083 a
3125 1028 3236 1083 Deo
3262 1042 3399 1082 con-

1828 1125 2014 1180 stituta
2036 1124 2228 1178 militia
2251 1122 2275 1177 ?
2297 1120 2565 1177 Omnibus
2593 1130 2910 1176 renuntiare
2949 1127 3185 1192 oportet,
3222 1119 3402 1176 omni-

1827 1215 1932 1270 bus
1970 1216 2192 1285 spoliari
2223 1228 2446 1269 necesse
2487 1222 2591 1278 est,
2623 1213 2691 1267 ab
2715 1212 2974 1270 omnibus
3018 1212 3176 1267 avelli
3202 1225 3402 1267 conve-

1831 1309 1932 1370 nit,
1990 1318 2045 1362 et
2073 1307 2384 1370 affectibus,
2418 1314 2473 1358 et
2524 1303 2860 1367 domesticis,
2889 1310 2946 1358 et
2971 1303 3185 1368 amicis.
3217 1311 3273 1358 et
3305 1317 3401 1358 co-

1835 1400 2036 1472 gnatis.
2070 1408 2126 1455 et
2158 1415 2186 1453 a
2216 1398 2422 1454 mundo
2453 1397 2712 1453 universo
2740 1395 3020 1451 voluntate
3063 1394 3401 1465 peregrinari

1829 1509 1976 1558 eum,
2007 1491 2100 1562 qui
2149 1506 2276 1546 vere
2320 1499 2610 1546 secuturus
2657 1490 2732 1544 sit
2781 1488 3099 1544 Christum:
3134 1495 3296 1557 atque
3323 1486 3400 1542 ita

1833 1587 2040 1641 institui
2069 1595 2124 1641 et
2146 1585 2374 1640 formari
2403 1585 2764 1641 monasticam
2799 1582 3196 1655 professionem
3227 1600 3259 1639 a
3286 1584 3397 1638 Deo

1831 1679 2110 1757 conditam
2141 1697 2157 1735 :
2190 1693 2426 1749 eumque
2463 1680 2620 1749 cujus
2651 1680 2822 1733 virtus
2846 1687 3087 1748 spectala
3125 1685 3289 1746 atque
3308 1690 3406 1731 ει-
3484 1721 3488 1726 .

1832 1780 1985 1841 perta
2007 1770 2190 1836 fuerit,
2235 1771 2315 1826 sic
2348 1771 2622 1826 introduci
2679 1770 2785 1825 sub
2819 1769 3121 1825 multorum
3156 1769 3406 1826 testimo-

1834 1863 1924 1916 nio
1955 1862 2021 1916 ad
2045 1862 2423 1918 monachicam
2453 1861 2867 1933 perfectionem,
2907 1871 2962 1915 et
2999 1875 3165 1916 unam
3197 1859 3312 1914 ﬁeri
3338 1860 3407 1915 de

1831 1952 2024 2006 nvibus
2054 1950 2278 2007 Christi.
2311 1953 2439 2009 Sine
2469 1953 2775 2008 initiatione
2802 1961 2982 2008 autem
3005 1961 3059 2008 et
3074 1952 3194 2007 sine
3224 1953 3407 2008 scien-

1833 2044 1928 2107 tia,
1961 2053 2022 2097 nt
2049 2043 2208 2098 nobis
2227 2044 2604 2099 denuntiatum
2637 2043 2759 2108 fuit,
2795 2044 3007 2099 tonderi
3028 2045 3405 2115 periculosum

1830 2146 1937 2197 est,
1974 2149 2040 2189 ac
2059 2135 2593 2204 perniciosissimum
2625 2146 2680 2190 et
2711 2145 2869 2192 tonso
2905 2146 2960 2192 et
2993 2137 3265 2192 tondenti.
3298 2136 3406 2194 Sed

1832 2237 1886 2278 et
1913 2225 2158 2280 habitum
2185 2227 2471 2283 detrahere
2500 2228 2791 2294 monacho,
2843 2229 3071 2297 perinde
3101 2237 3188 2285 est
3214 2244 3279 2285 ac
3310 2229 3410 2285 bn-

1830 2316 2034 2385 ptismo
2066 2316 2324 2386 spoliare.
2356 2315 2594 2372 Omnino
2623 2331 2692 2371 eo
2720 2318 3035 2387 proceditur
3063 2319 3310 2376 audacia
3343 2331 3406 2376 ut

1851 2408 2000 2464 istud
2030 2408 2144 2474 ﬁat,
2173 2410 2472 2466 orrendum
2501 2419 2589 2465 est
2615 2409 2703 2465 vel
2740 2411 2955 2468 auditu.
2989 2411 3049 2466 Si
3076 2426 3209 2468 vero
3249 2420 3410 2484 post-

1829 2518 1995 2573 quam
2035 2510 2259 2558 tonsura
2290 2503 2395 2559 rite
2444 2502 2589 2558 facta
2643 2503 2829 2569 fuerit,
2888 2505 2957 2559 ad
2991 2503 3264 2562 deteriora
3321 2519 3411 2559 re-

1831 2597 1995 2650 deant
2038 2593 2231 2664 aliqui,
2273 2594 2421 2664 iique
2465 2594 2762 2664 persistant
2801 2595 2859 2650 in
2914 2595 3286 2666 improbitate,
3308 2608 3410 2649 nec

1831 2687 2028 2740 anima:
2066 2701 2180 2741 sua:
2211 2687 2436 2741 morbos
2471 2694 2665 2741 curent
2688 2703 2703 2752 ;
2726 2686 2975 2742 exscindi
3015 2686 3213 2742 debent
3240 2701 3273 2742 a
3295 2684 3408 2766 fra-

1831 2788 1976 2832 trum
2009 2790 2180 2845 conu,
2219 2778 2364 2834 sicut
2412 2777 2590 2832 solent
2617 2779 2832 2847 putrida
2865 2780 3131 2843 membra,
3181 2794 3251 2834 ne
3271 2794 3410 2836 con-

1832 2879 1979 2924 tactu
2009 2871 2153 2940 quod
2183 2885 2378 2926 sanum
2407 2877 2491 2924 est
2515 2871 2760 2925 laedatur.
2793 2870 3095 2926 Dicitenim
3113 2871 3407 2930 Dominus:

1833 2961 2071 3016 Prwstat
2100 2979 2262 3016 unum
2287 2961 2352 3016 de
2381 2963 2629 3017 membris
2673 2964 2778 3016 tuis
2831 2964 3092 3028 abacindi,
3126 2980 3286 3038 quam
3330 2975 3410 3018 to-

1833 3065 1944 3108 tum
1989 3071 2178 3124 corpus
2209 3065 2358 3109 tuum
2408 3057 2549 3109 mitti
2578 3057 2633 3110 in
2678 3055 2965 3125 gehennam
3012 3057 3148 3126 ignis
3166 3056 3233 3111 ⁸³.
3272 3054 3408 3111 Eum

1831 3158 2012 3204 autem
2045 3146 2140 3218 qui
2164 3150 2434 3203 rescissus
2469 3157 2572 3213 est,
2601 3147 2671 3201 ab
2691 3148 2863 3203 altero
2895 3149 3102 3218 suscipi
3149 3148 3413 3204 humani-

1833 3240 1964 3295 tatis
1985 3239 2182 3311 gratia,
2223 3255 2334 3294 non
2365 3250 2448 3293 est
2481 3226 2679 3309 praefer
2698 3238 2783 3295 ias
2809 3251 2864 3295 et
2897 3256 3114 3311 aequum
3142 3259 3159 3308 ;
3205 3242 3253 3297 si
3286 3256 3406 3297 mo-

1831 3335 1961 3390 dum
2018 3335 2246 3405 peritior
2287 3333 2533 3390 medicus
2567 3333 2879 3390 inveniatur
2932 3337 3027 3406 qui
3058 3352 3184 3390 eum
3228 3346 3405 3400 sanet,

1834 3443 1935 3482 nec
1967 3442 1997 3481 a
2031 3427 2386 3497 pereuntibus
2431 3427 2594 3483 simul
2643 3427 2966 3492 abducatur,
3015 3427 3281 3484 Casterum
3312 3432 3408 3499 qui

1833 3536 1931 3591 per
1976 3520 2247 3576 levitatem
2293 3529 2351 3576 et
2409 3521 2660 3577 coanobio
2715 3520 3001 3585 resiliunt,
3032 3521 3102 3576 ab
3135 3522 3258 3577 aliis
3291 3521 3407 3577 fra-

1835 3613 2185 3670 ternitatibus
2225 3613 2374 3667 nullo
2421 3614 2584 3667 modo
2611 3613 2977 3683 recipiantur:
3009 3623 3069 3669 ut
3107 3625 3298 3672 mutua
3337 3617 3409 3671 sit

1834 3707 2056 3763 dilectio
2085 3716 2141 3762 et
2190 3705 2483 3761 concordia
2516 3706 2762 3759 omnium
2813 3706 2870 3761 in
2897 3705 3200 3774 omnibus;
3247 3716 3303 3764 et
3339 3723 3409 3763 ne

1835 3800 1926 3854 alii
1955 3799 2188 3854 aliorum
2217 3797 2450 3853 invicem
2481 3797 2571 3866 pia
2610 3798 2792 3852 studia
2817 3797 3141 3865 destruant;
3173 3814 3240 3855 ex
3269 3800 3407 3871 qui-

1835 3893 1938 3947 bus
1970 3891 2048 3953 iit,
2080 3899 2142 3944 ut
2162 3898 2327 3960 caput
2355 3905 2464 3944 non
2506 3890 2579 3944 sit
2611 3887 2884 3956 Christus,
2940 3889 3034 3960 qui
3088 3906 3183 3960 per
3215 3906 3408 3962 pacem

1836 3983 2044 4051 colligit
2075 3983 2329 4036 universa
2354 3998 2371 4049 ;
2410 3980 2506 4036 sed
2531 3981 2654 4051 quis
2683 3980 2706 4034 ἲ
2733 3981 3112 4037 detestandum
3129 3994 3214 4038 est
3233 3982 3406 4041 dictu.

1836 4072 1993 4139 Quod
2021 4080 2202 4127 autem
2256 4087 2477 4128 servum
2523 4071 2723 4127 habeat
2777 4075 3080 4130 monachus
3111 4074 3165 4129 in
3213 4089 3406 4130 mona-

1837 4165 2031 4231 sterio,
2067 4165 2120 4220 id
2170 4179 2279 4219 non
2336 4164 2522 4219 minus
2549 4163 2785 4218 alienum
2815 4174 2898 4221 est
2924 4181 3088 4236 quam
3123 4166 3169 4222 si
3210 4165 3408 4223 habeat

1837 4257 2122 4313 mulierem
2146 4275 2162 4324 ;
2195 4266 2428 4326 utraque
2453 4255 2596 4310 enim
2616 4255 2832 4312 inventa
2853 4257 3403 4314 suntinobedientiaz:

1836 4349 1992 4404 etiis
2019 4347 2114 4417 qui
2147 4347 2215 4401 ad
2262 4347 2643 4417 primigeniam
2673 4349 3040 4420 integritatem
3090 4350 3269 4406 redire
3310 4366 3408 4422 per

1836 4441 2215 4495 monachicam
2266 4441 2741 4496 conversationem
2795 4442 3043 4511 cupiunt,
3068 4449 3124 4498 et
3157 4442 3285 4498 mali
3310 4459 3405 4496 ex-

1837 4542 2044 4602 pertem
2078 4533 2318 4603 paradisi
2367 4533 2535 4586 vitam
2583 4532 2787 4587 imitari
2823 4532 3066 4600 student,
3098 4538 3403 4605 respuenda

1836 4633 2103 4694 suntquae
2130 4622 2398 4678 dixi.Haec
2436 4638 2548 4678 non
2581 4623 2730 4678 domi
2770 4633 2919 4690 nata,
2956 4624 3050 4681 sed
3084 4640 3148 4681 ex
3179 4626 3248 4682 iis
3283 4643 3406 4696 quae

1836 4715 2009 4770 divini
2044 4714 2238 4770 Patres
2259 4715 2455 4770 docent
2481 4715 2681 4770 collata
2715 4717 3084 4787 protulimus;
3123 4717 3405 4788 postulan-

1840 4820 1924 4868 tes
1959 4821 2021 4866 ut
2049 4824 2148 4865 vos
2180 4809 2514 4865 sanctissimi
2537 4809 2728 4876 oretis,
2764 4818 2825 4865 ut
2863 4824 2964 4866 nos
2995 4811 3142 4867 bona
3179 4825 3292 4865 non
3323 4810 3406 4864 di-

1836 4920 2027 4961 camus
2067 4903 2248 4968 modo,
2272 4904 2366 4960 sed
2395 4909 2449 4957 et
2476 4900 2743 4957 iaciamus
2767 4904 2818 4956 in
2847 4902 3104 4958 Domino.

2267 5184 2397 5241 CLX
2411 5183 2543 5240 V.--
2563 5185 2813 5257 Gregorio
2849 5190 2984 5258 ﬁlio.

1451 5310 1526 5358 De
1561 5307 1772 5359 diversis
1796 5306 2119 5373 argumentis.

245 5386 482 5457 Ἐχάρην
511 5387 608 5440 ἐπὶ
636 5389 714 5460 τῷ
735 5391 1020 5462 γράμματί
1058 5410 1172 5459 σου,
1205 5393 1394 5447 τέκνον
1436 5396 1730 5465 ἠγαπημέ-

159 5496 270 5541 νον,
300 5481 383 5531 ὅτι
410 5481 504 5532 καὶ
533 5481 726 5534 ἀστεία
758 5484 790 5554 ή
826 5484 942 5545 ὁδὸς
972 5485 1080 5538 τῶν
1105 5487 1163 5538 ὲν
1187 5485 1338 5541 ἄστει
1359 5485 1514 5540 “xui.
1543 5487 1731 5549 ὑγείαν

230 5597 275 5627 ⁸*
301 5596 463 5649 Joan.
501 5609 576 5660 vr,
607 5595 700 5649 '57.
734 5597 778 5627 ⁶¹
806 5595 848 5649 ll
891 5597 1128 5653 Timoth.
1156 5615 1215 5663 ιι,
1244 5598 1298 5654 4.
1377 5601 1420 5632 ⁸³
1448 5597 1714 5663 Matth,v,
1748 5597 1817 5650 9.9

1907 5395 2141 5450 Gavisus
2197 5405 2317 5446 sum
2361 5390 2558 5446 litteris
2583 5389 2710 5454 luis,
2751 5387 2949 5443 dilecte
2993 5387 3277 5458 {ilizquod
3310 5406 3404 5445 ur-

1841 5489 1977 5542 bane
2006 5497 2059 5542 et
2092 5487 2322 5540 honeste
2352 5499 2411 5539 se
2445 5493 2639 5554 gerant
2670 5484 2761 5553 qui
2791 5489 2915 5537 sunt
2961 5480 3017 5537 in
3066 5479 3219 5546 urbe,
3254 5484 3399 5552 quod

1663 5689 1867 5744 NOT/E

235 5777 346 5847 (57)
377 5776 433 5830 In
465 5775 589 5832 cod.
623 5773 753 5843 Reg.
784 5776 924 5845 ρμζ¹.
