3964 6320
571 339 707 405 1523

1759 349 1819 409 S.
1854 346 2251 409 THEODORI
2294 350 2642 412 STUDITAZ

3726 355 3753 417 1
3764 354 3865 417 524

562 457 929 513 valetudinem
964 474 1087 513 cum
1126 458 1295 514 fratre
1335 460 1553 516 Zosima
1595 465 1866 533 receperis
1884 478 1981 534 per
2013 478 2143 517 san-

2254 465 2588 533 προσελάϐου
2622 466 2739 536 ἅμα
2767 464 2845 535 τῷ
2867 464 3081 536 ἀδελφῷ
3104 466 3333 537 Ζωσιμᾷ
3352 464 3444 520 διά
3474 469 3582 537 τῆς
3604 468 3863 535 ἀφαιμέι-

559 549 746 620 guinis
777 550 1173 605 detractionem
1201 564 1256 607 et
1283 554 1427 621 quod
1483 556 1590 608 alia
1623 556 1781 611 vobis
1836 571 1903 609 ex
1964 556 2149 609 animo

560 640 962 696 successerint.
1015 641 1085 695 De
1100 642 1418 698 Xenodochi
1450 655 1629 699 autem
1658 647 2146 716 propositionibus,

559 730 705 797 quod
738 730 918 785 adhuc
949 747 978 785 a
1016 732 1175 787 nobis
1202 733 1631 791 declarationem
1693 737 1943 806 ﬂagitasti
1975 756 1990 801 ;
2023 754 2147 793 cum

559 819 731 887 probe
765 820 840 874 illi
869 836 934 875 ex
986 820 1297 875 divinorum
1332 822 1557 878 Patrum
1613 826 1862 879 doctrina
1916 841 2147 895 respon-

564 910 737 975 deris,
775 913 911 967 nihil
972 913 1241 970 habemus
1296 917 1523 983 quodad
1584 920 1971 987 responsiones
2025 930 2149 974 tuas

558 1005 686 1059 addi
746 1008 938 1075 possit.
975 1006 1204 1063 Temere
1263 1020 1445 1064 autem
1488 1013 1758 1083 garriunt,
1794 1022 1853 1064 ut
1881 1024 2103 1081 apparet
2131 1055 2147 1078 ,

564 1114 667 1152 nec
699 1099 915 1153 discere
943 1101 1193 1168 cupiunt,
1227 1103 1321 1171 qui
1351 1103 1717 1173 interrogant.
1752 1107 2000 1157 Attamen
2019 1105 2147 1173 quia

560 1191 824 1256 scriptum
846 1201 955 1244 est:
992 1190 1180 1244 Parati
1212 1199 1278 1244 ad
1301 1194 1733 1262 satisfartionem
1750 1197 1892 1247 omni
1931 1211 2149 1262 poscen-

560 1282 602 1335 ti
626 1298 713 1335 tos
740 1284 996 1335 rationem
1021 1282 1085 1335 de
1106 1300 1168 1336 ea
1190 1300 1307 1353 qua:
1341 1287 1396 1337 in
1445 1286 1590 1339 vobis
1652 1296 1730 1340 est
1763 1302 1851 1353 spe
1903 1287 1980 1354 “,
2064 1302 2151 1341 re-

559 1372 953 1442 spondebimus
983 1380 1037 1426 et
1068 1388 1169 1428 nos
1210 1377 1335 1429 ista.
1361 1375 1752 1431 Monachorum
1786 1378 2004 1433 habitus
2036 1380 2149 1432 vir-

559 1464 809 1533 ginitatis
858 1477 942 1518 est
994 1466 1330 1534 progressio,
1370 1476 1425 1520 et
1474 1470 1795 1539 mysterium
1833 1480 1916 1523 est
1961 1486 2152 1524 mona-

560 1556 731 1611 chica:
772 1558 1149 1627 perfectionis,
1182 1569 1241 1612 ut
1266 1560 1509 1629 loquitur
1554 1562 1773 1615 divinus
1813 1570 1863 1616 et
1932 1563 2151 1630 sapien-

562 1650 809 1705 tissimus
842 1650 1149 1721 Dionysius.
1182 1649 1245 1703 Et
1270 1652 1415 1720 quod
1445 1662 1698 1721 qumrunt
1727 1652 2007 1705 nonnulli:
2039 1650 2154 1706 Un-

559 1744 759 1798 denam
794 1752 913 1797 orta
951 1744 1190 1807 traditio,
1226 1761 1333 1813 qua
1385 1745 1551 1798 homo
1593 1746 1873 1798 renuntiat
1925 1745 2148 1809 saeculo,

2251 555 2385 621 ξεως
2404 573 2417 586 ·
2453 557 2548 609 καὶ
2577 557 2745 612 τᾶλλα
2788 559 2918 625 ὑμῖν
2947 558 3029 610 ὄτι
3056 558 3197 610 κατά
3231 559 3435 610 σκοπὸν
3466 558 3692 629 ἀπέϐη.
3743 560 3864 610 Ἐπὶ

2248 647 2306 699 δὲ
2351 650 2471 711 ταῖς
2508 649 2659 717 παρά
2686 650 2779 702 τοῦ
2811 649 3100 719 Ξενοδὸχου
3131 651 3456 720 προτάσεσι,
3500 651 3560 702 τι
3609 651 3699 703 ὅτι
3734 652 3862 721 παρ’

2250 739 2406 809 ἡμῶν
2468 738 2811 810 ὲπεζήτησας
2869 740 2950 791 ἔτι
3009 741 3363 809 διασάφησιν,
3425 742 3865 810 ἐγκεκριμένως

2250 831 2570 900 ἀποκριθεὶς
2613 830 2761 899 αὐτῷ
2806 831 2947 883 κατὰ
2982 830 3080 899 τὴν
3122 832 3229 881 τῶν
3261 830 3549 897 θεοφόρων
3586 831 3860 899 Πατέριυν

2250 922 2603 975 διδασκαλίαν
2637 922 2787 975 οὐδὲν
2838 923 3225 992 περισσότερον
3266 920 3467 990 ἔχομεν
3513 921 3713 989 λέγειν
3758 923 3859 974 τῶν

2253 1013 2363 1065 σῶν
2394 1014 2938 1085 ἀντιπαραστάσεων.
2988 1012 3397 1079 Είκαιολογοῖισι
3440 1012 3525 1075 δὲ,
3560 1014 3645 1075 ὡς
3686 1014 3856 1075 ἔοικε,

2252 1108 2345 1159 καὶ
2372 1107 2433 1159 οὐ
2466 1107 2855 1176 φιλομαθοῦσιν
2877 1109 2925 1159 οἰ
2949 1106 3329 1177 ἐπερωτῶντες
3351 1106 3507 1173 ὅμως
3536 1106 3747 1173 ἐπειδὴ
3769 1108 3856 1171 γέ-

2250 1215 2529 1269 γραπται’
2567 1201 2820 1269 Ἕτοιμοι
2872 1200 3044 1265 ὄντες
3080 1200 3231 1266 πρὸς
3273 1197 3634 1263 ἀπολογίαν
3672 1198 3855 1249 παντὶ

2250 1290 2330 1355 τῷ
2367 1289 2631 1344 αἰτοῦντι
2672 1289 2827 1359 ὑμᾶς
2860 1290 3045 1358 λόγον
3088 1290 3218 1357 περὶ
3254 1286 3364 1356 τῆς
3395 1290 3467 1340 ἐν
3499 1288 3657 1355 ὑμῖν
3686 1288 3859 1341 ἐλατί-

2250 1382 2376 1447 δος·
2411 1384 2853 1454 ἀποκρινούμεθα
2896 1384 2991 1436 καὶ
3028 1385 3191 1453 ἡμεῖς
3222 1382 3371 1436 τάδε.
3403 1382 3481 1433 Τὸ
3520 1382 3641 1433 τῶν
3690 1400 3855 1450 μονα-

2250 1475 2363 1545 χῶν
2388 1476 2597 1545 σχῆμα,
2621 1475 2917 1545 παρθενίας
2944 1475 3092 1526 ἐστὶν
3119 1472 3472 1542 ἐπάγγελμα,
3511 1472 3618 1524 καὶ
3642 1475 3855 1541 μυστή-

2254 1568 2369 1637 ριόν
2404 1570 2519 1619 ἐστι
2570 1567 2866 1636 μοναχικῆς
2909 1566 3262 1630 τελειώσεως,
3311 1566 3457 1618 κατά
3505 1566 3616 1636 τὴν
3666 1568 3853 1637 φωνὴν

2250 1658 2343 1712 τοῦ
2380 1659 2525 1711 θείου
2559 1661 2653 1711 καὶ
2683 1659 2962 1727 πανσόφου
2992 1657 3290 1712 Διονυσίου.
3321 1658 3432 1710 Καὶ
3460 1658 3525 1710 τὸ
3550 1658 3746 1725 λέγειν
3776 1677 3854 1710 τι-

2253 1750 2352 1813 νάς
2391 1751 2471 1813 τὸ,
2495 1750 2664 1805 ιιόθεν
2694 1749 2967 1819 παρεδόθη
3003 1750 3065 1801 τὸ
3094 1748 3525 1813 ἀποτάσσεσθαι,
3558 1752 3665 1803 καὶ
3706 1752 3853 1818 γίνεο

561 1846 617 1893 et
654 1838 714 1892 ﬁt
748 1840 1077 1902 monachus,
1105 1838 1253 1892 aliud
1283 1839 1417 1892 nihil
1458 1838 2100 1907 respondendum,quam
2134 1855 2146 1891 :

2257 1842 2381 1896 σθαι
2424 1844 2683 1913 μοναχόν;
2717 1842 2869 1895 οὐδὲν
2895 1842 3083 1912 ἕτερόν
3113 1843 3260 1894 ἐστιν
3295 1842 3498 1905 εἰπεῖν,
3536 1843 3572 1912 ἢ
3610 1844 3722 1907 ὅτι,
3751 1845 3851 1896 Πό-

563 1926 847 1983 Undenam
878 1941 999 1982 orta
1022 1930 1242 1983 traditio
1273 1945 1381 1999 qua
1430 1929 1778 1984 Christianus
1808 1932 1867 1983 tit
1916 1928 2153 1998 aliquis?

2256 1935 2347 1988 θεν
2393 1935 2662 2004 παρεδόθη
2697 1934 2941 2003 γίνεσθαί
2980 1951 3101 1986 τινα
3141 1934 3503 2004 Χριστιανὸνς
3551 1936 3618 1989 Ὀ
3654 1936 3852 2007 γὰρτὸ

562 2030 667 2096 Qui
699 2031 845 2084 enim
881 2030 1037 2099 prius
1079 2030 1259 2083 sanxit
1292 2029 1587 2097 apostolica
1620 2028 1934 2092 traditione,
1978 2043 2148 2098 posm-

2255 2029 2521 2098 πρότερον
2563 2026 2975 2097 θεσμοθετήσας
3013 2027 3341 2098 ἀποστολικῇ
3378 2029 3722 2099 παραδόσει.
3761 2032 3851 2079 καὶ

563 2121 681 2175 rius
717 2124 884 2175 etiam
954 2121 1129 2174 edidit
1159 2116 1305 2190 (57*)
1363 2135 1455 2174 sex
1507 2119 1761 2191 mysteria
1820 2121 2151 2176 instituens:

562 2214 804 2285 primum
852 2214 920 2269 de
967 2213 1295 2284 baptismate
1329 2230 1342 2265 :
1383 2212 1796 2278 secundum,de
1836 2214 2022 2283 synaxi
2055 2228 2150 2267 seu

565 2307 989 2362 communione:
1023 2305 1263 2370 tertium,
1294 2305 1362 2359 de
1391 2305 1810 2360 consecratione
1842 2305 2104 2375 unguenti
2132 2322 2146 2358 :

565 2400 931 2472 quartum,de
949 2398 1387 2456 sacerdotalibus
1413 2398 1814 2453 initiationibus
1838 2417 1851 2452 :
1874 2398 2147 2467 quintum,

563 2493 633 2548 de
661 2493 987 2547 monachica
1028 2492 1366 2563 perfectione
1397 2508 1416 2546 :
1458 2500 1696 2557 sextum,
1730 2492 1795 2545 de
1821 2500 2006 2547 sancte
2022 2490 2148 2544 dor-

570 2585 891 2642 mientibus.
924 2584 1067 2653 Quid
1107 2600 1239 2655 ergo
1273 2587 1327 2638 in
1356 2585 1439 2639 his
1477 2584 1769 2639 dicendum
1801 2586 1823 2637 ?
1852 2583 2007 2649 Quod
2052 2583 2147 2651 qui

562 2680 633 2735 de
646 2694 765 2743 ,nno
780 2677 993 2732 dubitat
1024 2692 1088 2731 ex
1125 2676 1191 2730 iis
1222 2690 1345 2745 quae
1382 2674 1529 2729 dicta
1558 2684 1705 2740 sunt,
1735 2673 1961 2742 ambigit
2005 2672 2147 2725 haud

564 2773 729 2828 dubie
753 2771 891 2826 etde
912 2771 1058 2836 aliis,
1098 2779 1286 2824 utrum
1317 2784 1348 2822 a
1376 2769 1561 2824 divina
1592 2767 1879 2824 traditione
1911 2767 2149 2819 habean-

564 2875 697 2929 tur;
733 2871 787 2919 et
814 2877 927 2919 uno
956 2861 1193 2927 sublato,
1231 2861 1394 2916 simul
1426 2860 1735 2915 necessario
1777 2857 2048 2911 tolluntur
2096 2865 2150 2911 et

565 2958 777 3026 reliqua
803 2998 818 3025 ,
844 2965 897 3010 et
927 2971 1105 3024 neque
1142 2956 1434 3024 baptisma,
1473 2966 1651 3020 neque
1690 2951 1935 3020 synaxis,
1973 2965 2149 3017 neque

565 3049 814 3104 divinum
838 3058 1199 3118 unguentum,
1231 3060 1406 3114 neque
1460 3042 1818 3097 sacerdotalis
1859 3040 2095 3094 initiatio
2130 3080 2146 3105 ,

2252 2120 2313 2172 τὸ
2366 2119 2615 2190 δεύτερον
2672 2118 2969 2184 ἐξέδωκεν,
3020 2118 3079 2183 ἓξ
3137 2123 3414 2191 μυστήρια
3470 2120 3846 2179 ἐκτεθεικώς

2255 2209 2490 2279 πρῶτον,
2526 2227 2591 2261 πε
2599 2208 2656 2279 pl.
2677 2209 3048 2279 φωτίσματος’
3080 2209 3353 2283 δεύτερον,
3378 2211 3513 2280 περὶ
3538 2212 3844 2274 συνάξεως,

2252 2299 2351 2355 εἴτ’
2388 2298 2481 2355 οὖν
2516 2301 2799 2366 κοινωνίας
2823 2316 2837 2330 ’
2868 2303 3050 2372 τρίτον
3090 2305 3215 2372 περὶ
3247 2303 3470 2369 τελετῆς
3514 2303 3731 2372 μύρου·
3762 2304 3845 2355 τέ-

2250 2412 2469 2467 ταρτον,
2511 2396 2641 2465 περ)⁸
2684 2396 2973 2466 ἱερατικῶν
3008 2396 3365 2449 τελειώσεων·
3391 2395 3683 2463 πέμπτον,
3720 2398 3843 2466 περὶ

2255 2486 2557 2557 μοναχικῆς
2596 2486 2929 2551 τελειώσεως
2958 2505 2973 2520 ν
3001 2488 3178 2551 ἕκτον,
3210 2486 3339 2555 περὶ
3367 2484 3480 2538 τῶν
3530 2489 3705 2558 ἱερῶς
3755 2506 3840 2540 κε-

2251 2578 2623 2648 κοιμημένων.
2676 2579 2741 2631 Τί
2774 2578 2867 2632 οὖν
2899 2578 3046 2631 ἐστιν
3083 2578 3255 2629 εἰπεῖν
3298 2578 3357 2628 ὲν
3386 2580 3651 2643 τούτοις;
3690 2580 3774 2631 ὅτι
3812 2580 3840 2628 ὁ

2249 2671 2613 2742 ἀμφισϐητῶν
2655 2674 2784 2741 περὶ
2826 2670 2947 2734 ἑνὸς
2990 2669 3098 2722 τῶν
3126 2670 3456 2740 εἰρημένων,
3499 2671 3838 2740 ἀμφιϐάλλει

2249 2766 2492 2837 δηλονότι
2545 2766 2639 2820 καὶ
2700 2766 2830 2836 περὶ
2872 2764 2980 2817 τῶν
3032 2762 3227 2829 ἄλλων,
3281 2767 3356 2835 μὴ
3412 2765 3836 2834 θεοπαραδὸτως

2250 2858 2427 2928 ἔχειν’
2470 2859 2564 2911 καὶ
2612 2859 2677 2927 τῇ
2727 2856 2819 2907 τοῦ
2870 2854 2987 2918 ἑνὸς
3030 2856 3308 2926 ἀναιρέσει
3359 2856 3739 2926 συνανῄρηται
3782 2855 3836 2919 ἐξ

2250 2953 2553 3020 ἀναγκαίου
2590 2950 2686 3002 καὶ
2722 2948 2791 3000 τὰ
2828 2948 2989 3002 λοιπά
3011 2965 3026 2978 ο
3053 2950 3148 3001 καὶ
3183 2950 3308 3001 οὔτε
3337 2950 3595 3020 ἱερατικὴ
3618 2950 3835 3001 τελείω-

2253 3064 2356 3110 σις,
2388 3047 2511 3099 οὔτε
2539 3046 2649 3098 τῶν
2684 3044 2845 3114 ἱερῶς
2882 3043 3301 3113 κεκοιμημένων
3347 3041 3695 3105 διατύπωσις
3728 3038 3834 3093 εἷεν

568 3155 749 3210 neque
779 3149 968 3194 sancte
1002 3137 1396 3195 dormientium
1434 3134 1721 3204 dispositio
1750 3133 1856 3187 crit
1914 3133 2044 3199 ulla,
2101 3133 2145 3186 si

2255 3140 2339 3200 ἂν,
2388 3138 2546 3206 εἴπερ
2595 3137 2667 3206 μὴ
2712 3135 2976 3206 πάρεστιν
3008 3137 3041 3205 ἡ
3089 3132 3354 3205 μοναχικὴ
3385 3134 3703 3198 τελείωσις·
3745 3136 3833 3188 καί

568 3251 679 3289 non
716 3235 858 3287 adsit
886 3233 1208 3285 monachica
1239 3227 1501 3298 perlectio
1536 3246 1551 3294 ;
1590 3236 1644 3281 et
1670 3228 1747 3281 uti
1789 3228 2014 3297 gentiles
2054 3242 2145 3280 sa-

568 3328 772 3398 pimus,
798 3333 853 3379 et
888 3323 1031 3377 athei
1064 3336 1256 3375 sumus
1285 3322 1335 3373 in
1373 3322 1578 3372 mundo
1600 3357 1615 3383 ,
1646 3335 1824 3388 neque
1853 3333 2002 3387 spem
2056 3316 2148 3368 ha-

567 3423 784 3475 bemus.
830 3416 981 3471 Talis
1008 3424 1090 3469 est
1122 3414 1217 3483 qui
1240 3411 1666 3482 propositionem
1694 3412 1835 3464 hanc
1882 3408 2087 3479 profert
2131 3423 2143 3458 :

572 3510 859 3566 Undenam
896 3514 1174 3573 sumptum
1240 3504 1311 3557 sit
1356 3501 1500 3571 quod
1577 3501 1774 3570 aliquis
1830 3499 1922 3552 ﬁat
1952 3510 2144 3549 mona-

566 3604 726 3657 chus.
748 3600 825 3655 Ac
854 3599 1094 3653 nondum
1117 3597 1242 3651 dico
1280 3594 1650 3665 praecellentes
1705 3607 1895 3646 omnes
1934 3590 2147 3644 divinos

570 3697 786 3762 Patres,
817 3703 872 3747 et
899 3690 1201 3745 monachos
1238 3689 1424 3752 fuisse,
1459 3696 1513 3740 et
1542 3684 1917 3739 monachicnm
1948 3683 2143 3743 vitam,

568 3789 720 3841 velut
742 3785 1067 3854 angelicam,
1094 3780 1298 3834 divinis
1329 3779 1584 3832 laudibus
1609 3776 1798 3831 eﬂerre
1828 3792 1845 3836 ;
1886 3791 1916 3829 a
1942 3776 2145 3844 quibus

570 3887 625 3933 et
684 3878 753 3931 de
782 3890 951 3929 sacrae
977 3871 1371 3927 vitaeinstitutis
1406 3870 1607 3938 scripta
1641 3876 1861 3923 exstant
1911 3867 2144 3920 volumi—

571 3986 663 4026 na.
698 3968 853 4035 Quod
896 3967 1085 4033 siqnis
1113 3963 1353 4016 animum
1404 3960 1669 4023 advertat,
1717 3958 1957 4013 inveniet
2009 3957 2151 4011 divi-

574 4079 704 4117 num
723 4064 900 4132 ipsum
921 4056 1263 4127 Dionysium,
1296 4055 1361 4108 ad
1390 4054 1564 4107 instar
1594 4052 1960 4121 angelicorum
1994 4048 2146 4103 ordi-

573 4170 729 4221 num,
763 4165 817 4208 et
836 4152 1203 4207 sacerdotales
1234 4148 1457 4218 gradus,
1510 4155 1565 4200 et
1610 4161 1706 4199 eos
1745 4145 1838 4214 qui
1886 4154 2037 4197 extra
2067 4158 2155 4195 sa-

575 4248 900 4307 cerdotium,
936 4246 1050 4316 pari
1080 4258 1305 4299 numero
1324 4251 1432 4296 tres
1460 4240 1513 4293 in
1545 4240 1765 4294 ordines
1788 4236 2149 4299 distribuere;

575 4335 813 4405 primum
845 4333 1023 4387 adhuc
1055 4331 1452 4400 incipientium,
1484 4344 1580 4383 seu
1611 4327 2149 4387 catechumenorum;

574 4427 807 4481 alterum
852 4424 1287 4492 baptizatorum;
1330 4420 1550 4473 tertium
1606 4416 1928 4471 monachica
1978 4413 2152 4483 perfe—

2252 3231 2420 3296 ἐσμεν
2452 3228 2793 3298 ἐθνὸφρονες,
2823 3228 2972 3282 ἄθεοι
3002 3228 3153 3290 ὄντες
3181 3230 3240 3279 ἐν
3275 3227 3354 3297 τῷ
3380 3227 3599 3295 κόσμῳ,
3627 3229 3724 3279 καὶ
3749 3228 3831 3279 ἐλ-

2250 3322 2377 3374 πίδα
2413 3322 2487 3391 μὴ
2521 3320 2753 3391 ἔχοντες.
2793 3320 3043 3383 Τοιοῦτός
3071 3323 3215 3373 ἐστιν
3240 3319 3269 3371 ὁ
3296 3319 3394 3388 τὴν
3424 3320 3702 3387 πρότασιν
3723 3322 3832 3372 εἰσ-

2248 3415 2432 3480 άγων,
2479 3414 2539 3466 τὸ
2574 3415 2737 3467 πόθεν
2791 3414 3159 3485 παρείληπται
3201 3413 3462 3482 μονάζειν
3515 3414 3826 3485 ἄνθρωπον.

2249 3509 2360 3560 Καὶ
2386 3506 2539 3561 οῠπω
2566 3508 2729 3574 λέγω,
2754 3508 2835 3560 ὅτι
2870 3506 2963 3558 καὶ
2987 3507 3186 3569 πάντες
3217 3506 3266 3558 οἱ
3295 3506 3471 3575 ἔξοχοι
3497 3507 3614 3559 τῶν
3645 3508 3830 3575 θεοφό-

2251 3616 2360 3670 ρων
2390 3599 2667 3667 Πατέρων,
2696 3598 2789 3651 καὶ
2819 3599 3080 3667 μονασταὶ
3104 3598 3379 3663 γεγόνασι,
3412 3598 3510 3651 καὶ
3538 3599 3638 3652 τὸν
3669 3618 3829 3669 μονα-

2250 3692 2402 3761 χικὸν
2437 3692 2571 3762 βίον,
2605 3692 2679 3753 ὡς
2708 3689 3020 3758 ἀγγελικὸν,
3046 3684 3417 3752 ἑκθειάζουσν
3452 3692 3594 3759 πρὸς
3631 3686 3709 3744 ὧν
3740 3693 3828 3744 καὶ

2249 3784 2317 3836 τὰ
2340 3782 2712 3835 διατυπωτικά
2744 3781 2844 3852 τῆς
2876 3783 3027 3850 ἱερᾶς
3048 3778 3194 3848 ζωῆς
3228 3782 3667 3852 συγγράμματα,
3696 3785 3826 3837 Ειδέ

2251 3894 2356 3937 τινι
2395 3874 2516 3938 νοῦς
2562 3875 2814 3943 πάρεστι,
2859 3876 3073 3937 παντως
3117 3874 3361 3945 εὑρήσει,
3397 3878 3491 3927 καὶ
3528 3878 3697 3930 αὐτὸν
3743 3879 3827 3931 τὸν

2254 3968 2394 4020 θεῖον
2435 3967 2730 4033 Διονύσιον,
2782 3968 2900 4030 πῶς
2943 3968 3082 4020 κατὰ
3122 3970 3246 4031 τοὺς
3280 3969 3617 4037 ἀγγελικοὺς
3651 3972 3825 4024 διακὸ-

2259 4076 2447 4129 σμους,
2484 4060 2576 4112 καὶ
2618 4059 2745 4121 τοὺς
2788 4059 3096 4129 ἱερατικοὺς
3141 4058 3403 4127 βαθμοὺς,
3444 4065 3539 4111 καὶ
3571 4063 3699 4124 τοὺς
3730 4062 3824 4126 ἔξω

2257 4150 2576 4220 ἱερωσύνης,
2638 4148 2961 4219 ἰσαρίθμους
3018 4166 3162 4218 τρισι
3234 4149 3455 4212 τάξεσιν
3523 4152 3821 4221 ἀπένειμε’

2256 4241 2480 4312 πρώτην
2503 4243 2596 4293 καὶ
2625 4242 3010 4311 εἰσαγωγικὴν,
3035 4242 3143 4293 τῶν
3172 4241 3252 4293 ἔτι
3283 4244 3688 4311 μαιευομένων,
3717 4247 3822 4314 ﬁrst

2253 4330 2703 4399 κατηχουμένων·
2752 4329 3009 4397 δευτέραν
3062 4329 3171 4381 τῶν
3227 4333 3687 4399 πεφωτισμένων,
3739 4336 3822 4385 καὶ

2252 4422 2443 4492 τρίτην
2494 4419 2601 4473 τῶν
2650 4422 2958 4491 μοναχικῶς
3001 4422 3427 4490 τελειουμένων·
3483 4425 3581 4475 καὶ
3621 4426 3685 4478 τὸ
3722 4430 3822 4487 τοῖς

575 4521 756 4575 ctione
799 4515 1149 4587 prazditorum
1181 4531 1195 4566 :
1230 4514 1298 4567 iis
1324 4518 1505 4565 autem
1534 4526 1654 4580 qua:
1696 4508 1986 4563 manifesta
2022 4519 2148 4562 sunt

2255 4517 2508 4587 ἐναργέσι
2557 4514 2845 4587 μάχεσθαι,
2897 4515 3235 4586 ἀναισθήτων
3286 4515 3460 4582 ἐστὶν,
3508 4517 3542 4587 ἢ
3598 4517 3816 4572 ἀϐαπτί-

576 4625 900 4681 repngnare,
931 4624 1100 4663 sensu
1123 4607 1430 4661 carentium
1460 4614 1543 4659 est
1571 4646 1586 4672 ,
1623 4614 1719 4658 aut
1762 4603 1987 4657 minime
2017 4602 2151 4667 bap-

576 4706 861 4759 tizatorum
874 4739 889 4755 .

651 4796 902 4849 Secunda
943 4791 1245 4863 propositio
1278 4831 1294 4854 ,
1340 4790 1407 4845 de
1459 4788 1807 4845 infantibus:
1843 4786 1988 4857 quod
2029 4802 2155 4841 san-

578 4898 700 4943 ctus
734 4886 968 4941 Basilius
995 4884 1049 4936 in
1088 4883 1313 4951 Regalis
1340 4881 1656 4951 praecipiat,
1679 4879 1848 4948 utqui
1886 4879 1953 4933 ad
1980 4878 2157 4947 legiti-

576 4995 723 5034 mam
757 4976 997 5047 pervenit
1037 4984 1273 5036 a‘talem,
1308 4974 1354 5027 si
1384 4973 1662 5042 virginalis
1685 4972 2013 5041 vitaejugutn
2044 4986 2151 5024 non

578 5069 717 5129 {erat
768 5068 953 5120 habitu
1006 5066 1266 5133 spolictur
1300 5080 1314 5129 ;
1366 5078 1471 5115 non
1505 5073 1589 5116 est
1619 5062 1713 5123 ita,
1747 5062 1842 5115 sed
1880 5061 2063 5113 omnia
2095 5061 2151 5113 in

578 5160 836 5215 omnibus
863 5158 1046 5211 divino
1079 5155 1307 5224 Spiritu,
1335 5162 1390 5208 et
1415 5165 1719 5223 opportune
1751 5156 1814 5207 ad
1844 5153 2030 5206 mundi
2060 5168 2152 5206 sa-

580 5254 745 5307 lutem
776 5249 1081 5304 constituit.
1121 5246 1187 5300 Et
1208 5262 1275 5300 ne
1298 5248 1384 5299 cui
1438 5246 1620 5300 veniat
1653 5247 1707 5299 in
1741 5255 1973 5299 mentem
2033 5261 2149 5298 tne-

578 5346 688 5400 lius
721 5342 926 5411 aliquid
951 5355 1094 5401 esse,
1146 5338 1497 5407 quantumvis
1544 5339 1770 5392 meliora
1838 5337 2151 5405 msipientcs

578 5436 797 5510 quidam
841 5444 1084 5489 statuere
1114 5440 1416 5503 conentur,
1462 5430 1577 5502 ipse
1609 5432 1673 5489 de
1708 5431 1812 5487 illis
1862 5431 2027 5485 etiam
2056 5429 2149 5501 qui

668 5574 712 5607 “
747 5572 765 5626 ι
794 5571 942 5628 Petr.
978 5586 1058 5635 ut,
1096 5569 1180 5623 15.

2254 4627 2416 4663 στων.

2324 4792 2397 4844 Τὸ
2425 4790 2674 4859 δεύτερον
2700 4789 3013 4860 πρόϐλημα,
3047 4787 3176 4858 περὶ
3198 4786 3305 4841 τῶν
3331 4788 3568 4858 νηπίων,
3599 4791 3702 4854 ὅτι,
3728 4807 3817 4858 φη-

2256 4883 2361 4945 σὶν,
2389 4884 2416 4935 ὁ
2454 4882 2605 4948 ἅγιος
2637 4880 2908 4941 Βασίλειος
2944 4881 3000 4931 ἐν
3021 4881 3127 4940 τοῖς
3168 4878 3402 4931 Κανόσιν
3424 4880 3715 4948 ἐπιτρέπει
3739 4883 3817 4948 ἑρ-

2260 4976 2466 5045 χόμενα
2511 4976 2589 5036 εἰς
2625 4974 2723 5042 τὴν
2761 4972 2983 5041 ἔννομον
3014 4971 3250 5040 ἡλικίαν,
3279 4972 3327 5022 εἰ
3377 4972 3453 5041 μὴ
3490 4974 3711 5041 φέροιεν
3739 4974 3816 5024 τὶν

2260 5062 2423 5127 ζυγὸν
2477 5060 2576 5127 τῆς
2617 5062 2675 5111 ὲν
2726 5058 2991 5128 παρθενίᾳ
3036 5058 3204 5127 ζωῆς,
3254 5059 3814 5131 ἀποσχηματὶζεσθαι,

2258 5154 2355 5221 οὐχ
2382 5151 2554 5214 οὕτως
2576 5166 2590 5179 ⁸
2630 5149 2764 5205 ἀλλά
2796 5149 3163 5219 νομοθετήσας
3206 5149 3386 5202 πάντα
3419 5154 3480 5203 ἐν
3522 5154 3661 5205 πᾶσι
3703 5154 3813 5220 θείῳ

2262 5242 2555 5311 Πνεύματι,
2586 5242 2673 5293 καὶ
2707 5240 2987 5309 σωτηρίως
3027 5239 3103 5310 τῷ
3132 5239 3340 5309 κόσμῳ.
3373 5242 3487 5293 Καὶ
3526 5243 3603 5305 ὡς
3641 5245 3737 5296 οὐκ
3764 5245 3817 5295 iv

2258 5336 2613 5405 ἐπινοηθεῖεν,
2675 5331 3025 5403 βελτιώτερόν
3088 5349 3137 5383 τι
3192 5332 3480 5399 γίνεσθαι,
3526 5338 3630 5389 κᾶν
3692 5353 3817 5395 τινες

2259 5426 2647 5499 ἀφρονεύοντες
2701 5424 2996 5495 πειρῶνται
3036 5423 3106 5476 τὰ
3148 5423 3438 5491 κρείττονα
3486 5427 3816 5497 νομυθετείνο

2127 5673 2355 5729 ΝΟΤΑΕ.

654 5805 786 5869 (57‘)
820 5803 972 5857 lianc
1012 5798 1251 5867 Dionysii
1278 5804 1332 5851 et
1363 5794 1632 5852 Theodori
1667 5791 1987 5850 sententiam
2034 5790 2266 5858 esplicat
2301 5789 2407 5844 Leu
2427 5789 2659 5843 Allatius
2687 5785 2782 5841 lib.
2812 5800 2873 5839 Ill
2902 5783 2978 5838 De
3003 5798 3286 5851 consensu,
3325 5800 3447 5855 cap.
3501 5787 3587 5842 16.
