3964 6320
144 338 184 402 1
199 339 317 402 5‘25

1357 336 1895 401 EPISTOLARUM
1942 342 2090 404 LIB.
2141 342 2226 403 II.

3279 326 3416 406 1526

129 449 332 511 αὐτὸς
372 445 464 500 καὶ
507 443 638 514 περὶ
669 443 775 498 τῶν
802 443 909 497 ἀπὸ
936 441 1160 513 πρώτης
1185 442 1402 513 ἡλικίας
1435 461 1735 514 προσερχο-

1836 463 1864 500 a
1898 449 2069 516 prima
2095 456 2253 504 aetate
2277 448 2520 513 veniunt,
2546 449 2818 518 quomodo
2840 450 3056 520 regendi
3086 449 3216 515 sint,
3238 450 3410 518 legem

137 540 372 609 μένων,
399 538 512 598 τοῖς
547 534 1010 603 ἀναδεδεγμένοις,
1038 534 1129 586 τὸν
1173 535 1268 603 τῆς
1306 536 1605 604 ἡγεμονίας
1649 535 1736 587 θε-

132 631 308 699 σμὸν
337 627 729 697 νενομοθέτηκε
755 646 768 659 ·
799 625 892 679 καὶ
981 626 1160 695 βίϐλος
1186 626 1360 696 δηλοῖ,
1393 628 1485 679 καὶ
1517 627 1578 678 τὸ
1612 627 1735 680 κατ’

130 722 296 783 ἔπος
340 718 521 786 λέγειν
557 716 788 770 ἐνταῦθα
837 717 935 768 οὐκ
984 716 1241 782 ἐπαρκές.
1287 717 1432 786 Πλὴν
1468 718 1550 770 ὅτι
1597 717 1736 786 μετά

130 811 261 881 τὴν
294 809 686 879 συμπλήρωσιν
726 805 817 859 τοῦ
853 806 1034 874 λόγου,
1076 809 1239 876 ἤγουν
1270 808 1377 859 ἀπὸ
1415 808 1736 862 ἑκκαιδεκα-

132 901 337 963 ετίας,
372 899 464 951 καὶ
493 899 650 967 πρὸς,
679 897 792 964 μεθ’
823 889 897 948 ὧν
929 898 1022 949 καὶ
1051 900 1208 965 τιμαῚ¹
1237 899 1329 950 καὶ
1350 899 1629 968 τιμωρίαι,
1661 898 1735 961 ῶς

135 1007 333 1058 φησιν
359 989 517 1048 αὐτός
541 1002 554 1016 ⁸
588 989 715 1056 περὶ
749 986 926 1039 αὐτῶν
955 987 1300 1056 ἐκκρίνεσθαι
1326 988 1454 1051 δεῖν,
1487 989 1580 1041 καὶ
1611 1006 1734 1042 συν-

132 1081 432 1134 άπτεσθαι
459 1081 578 1141 ταῖς
608 1078 927 1147 ἀδελφότησι
956 1078 1042 1130 διὰ
1069 1080 1165 1148 τῆς
1195 1080 1493 1150 μοναχικῆς
1517 1080 1735 1134 τελειώ-

138 1188 307 1233 σεως
341 1170 711 1239 προστέταχε”
745 1168 840 1220 καὶ
878 1167 1060 1222 ἔκτοτε
1100 1169 1555 1240 μετατιθεμένους
1599 1173 1734 1242 πρὸς

133 1260 253 1312 τὸν
284 1258 596 1311 κοινωνικὸν
623 1258 755 1329 βίον,
780 1259 836 1325 ἐξ
860 1260 1170 1329 ἀνατροπῆς
1197 1263 1458 1332 πονηρᾶς,
1485 1263 1617 1334 μηδέ
1642 1263 1734 1316 θύ-

140 1369 266 1423 ραν
294 1353 608 1420 ἀνοίγεσθαι
650 1352 836 1414 αὐτοῖς
877 1353 1017 1406 κατά
1057 1352 1217 1424 ψιλὴν
1256 1356 1550 1424 παράδοσιν
1573 1355 1729 1426 [Cat].

139 1444 298 1513 Reg.
334 1443 607 1514 περίοδον]
658 1443 716 1508 ἐξ
744 1437 818 1495 ὧν
842 1445 1158 1514 ἀπέστησαν
1181 1447 1521 1500 κεκέλευκεν.
1550 1448 1734 1500 Ἔνδο-

136 1536 255 1589 Θεν
303 1534 360 1587 δέ
405 1534 498 1588 τοῦ
534 1536 930 1604 προειρημένου
974 1537 1156 1610 ἔτους..
1190 1539 1236 1590 εί
1267 1537 1342 1608 μὴ
1373 1539 1733 1609 αἱρουμένους

135 1625 252 1681 τὸν
303 1629 361 1680 ἐν
411 1626 679 1696 παρθενίᾳ
723 1627 857 1694 βίον,
894 1628 927 1697 ἢ
963 1629 1056 1680 καὶ
1084 1631 1459 1698 αἱρουμένους,
1491 1632 1626 1685 ἀλλά
1658 1632 1732 1704 μὴ

140 1718 422 1780 Θέλοντας
454 1717 883 1787 καταρτισθῆναι
932 1720 1070 1787 πρὸς
1099 1720 1196 1790 τήν
1230 1724 1527 1794 μοναχικὴν
1552 1723 1695 1794 ζωὴν
1715 1762 1729 1788 ,

137 1808 577 1878 ἀποκρίνεσθαι,
606 1807 698 1859 καὶ
724 1807 1147 1877 ἀποπέμπεσθαι
1182 1812 1261 1875 είς
1292 1812 1380 1865 τὸν
1413 1815 1729 1869 κοινωνικὸν

142 1901 277 1969 βίον
311 1916 325 1929 ⁸
378 1900 450 1962 ὡς
502 1899 576 1968 μὴ
622 1899 796 1969 ὀνείδη
872 1901 1206 1956 ἀνάπτεσθαι
1265 1903 1342 1974 τῷ
1407 1905 1535 1977 ἱερῷ
1608 1907 1726 1978 βίῳ.

139 1994 155 2062 |
177 1991 315 2046 Cod.
347 1990 477 2059 Reg.
495 1990 828 2043 ἀνάπτεσθαι
848 1993 969 2053 ταῖς
989 1995 1311 2064 ἀποτυχίαις
1334 1997 1410 2067 τῷ
1430 1997 1558 2067 ἱερῷ
1579 1998 1727 2070 ﬁfty].

141 2081 348 2136 Ταῦτα
376 2082 432 2134 δέ
456 2083 575 2134 ἐπεὶ
606 2083 666 2134 οὐ
704 2084 918 2145 πάντως
951 2085 1189 2152 γίνονται
1215 2086 1272 2138 ἐν
1298 2105 1406 2140 τισι
1435 2087 1616 2152 καθὼς
1644 2091 1730 2143 ἐν-

139 2174 434 2238 τέταλται,
472 2173 608 2228 ἀλλά
660 2175 1011 2244 ἀποκείρουσι
1059 2178 1410 2248 νηπιόθενοῆ
1459 2181 1554 2234 καὶ
1592 2186 1732 2235 κατά

141 2263 378 2334 ἡλικίαν
413 2264 655 2332 ἔννομον,
703 2265 817 2318 ἀλλ’
841 2265 902 2316 οὐ
929 2267 1192 2336 νομίμως,
1225 2271 1318 2322 καὶ
1362 2278 1733 2344 κατηρτισμέ-

143 2373 265 2418 νως
287 2373 301 2385 ο
337 2355 425 2407 διὰ
463 2356 620 2408 τοῦτο
655 2356 720 2407 τὰ
744 2357 856 2409 ἄνω
898 2358 1048 2412 κάτω
1075 2373 1088 2386 ·
1121 2362 1214 2413 καὶ
1261 2363 1438 2432 ἱερεὺς
1471 2368 1565 2418 καὶ
1598 2385 1730 2437 προ-

145 2449 347 2518 φήτης
371 2447 686 2516 ἐξέστησαν,
717 2448 855 2500 κατά
883 2449 942 2501 τὸ
970 2453 1354 2522 γεγραμμένον
1376 2471 1389 2484 ·
1423 2458 1515 2509 καὶ
1544 2460 1732 2528 μυριό-

141 2537 308 2600 δοξος
342 2536 658 2605 παράδοσις,
703 2539 796 2589 καὶ
846 2540 1164 2610 αὐτόκριτος
1209 2545 1518 2613 νομοθεσία,
1556 2550 1614 2600 οὐ
1644 2550 1732 2603 διὰ

146 2624 365 2693 φιλίαν,
406 2623 540 2676 ἀλλά
594 2624 682 2677 διὰ
718 2626 1111 2698 φιλαργυρίαν·
1139 2630 1256 2681 οὐδὲ
1297 2633 1383 2685 διὰ
1436 2637 1729 2706 σωτηρίαν,

145 2716 294 2768 ἀλλὰ
328 2715 416 2767 διὰ
451 2716 809 2787 φιλοκερδίαν.
838 2719 945 2771 Καὶ
979 2720 1114 2789 πρὸς
1146 2721 1319 2774 ταῦτα
1352 2724 1462 2792 ἐγὼ
1504 2729 1532 2779 ὀ
1564 2729 1732 2789 τάλας

147 2807 550 2878 ἀποκρίνεσθαι
581 2810 680 2861 οὐκ
711 2809 840 2878 ἔχω,
877 2811 908 2880 ἢ
934 2812 1137 2864 στένειν
1171 2815 1264 2866 καὶ
1295 2816 1728 2886 σκυθρωπάζειν,

149 2899 372 2960 καὶτὰς
399 2899 608 2951 ἑαυτῶν
634 2901 905 2972 ἁμαρτίας
932 2902 1247 2956 ἀποκλαίειν
1269 2920 1282 2934 ·
1309 2907 1371 2959 σὺ
1395 2908 1451 2960 δέ
1477 2910 1728 2980 σωθείης,

153 2993 354 3044 τέκνον
386 2993 575 3060 ήγαπη
585 2993 762 3061 μένον.

370 3105 553 3174 Ρεςν.
582 3107 695 3177 (58)
714 3135 785 3146 -
808 3109 1141 3175 Θεοκτιστφ
1165 3113 1433 3184 ἐρημίτηο
1464 3118 1611 3194 [φᾶ-1

1839 541 2172 610 praescripsit
2223 540 2291 595 iis
2315 541 2408 610 qui
2443 541 2590 609 ipsos
2648 541 3008 610 receperint:
3071 541 3235 611 idque
3279 544 3416 597 liber

1837 633 2090 702 explicat,
2130 641 2184 686 et
2217 641 2278 686 ut
2308 633 2517 703 singula
2561 633 2647 686 hic
2676 635 2743 687 ad
2808 635 3033 688 verbum
3093 637 3414 702 recitentur,

1837 736 2050 794 tempus
2081 741 2187 779 non
2221 724 2470 780 sufficiat.
2495 725 2784 790 Caeterum,
2811 726 2904 780 ubi
2928 727 3092 795 plane
3126 740 3412 796 compotes

1837 817 2066 870 rationis
2093 816 2203 884 jam
2238 827 2384 879 sunt,
2418 818 2519 869 hoc
2571 826 2655 869 est
2684 817 2750 869 ab
2791 832 2934 871 anno
2969 818 3143 871 aztatis
3197 819 3412 874 decimo

1837 917 1990 962 sexto
2019 919 2073 961 et
2096 908 2259 970 ultra,
2294 917 2422 962 tunc
2451 923 2572 961 cum
2615 918 2666 961 et
2697 909 2936 963 honores
2976 919 3030 962 et
3088 925 3262 978 poma:
3325 910 3413 964 lo-

1835 1016 1958 1055 cum
1991 999 2211 1064 habent,
2256 1008 2315 1052 ut
2360 999 2474 1068 ipse
2526 1000 2632 1063 ait,
2658 1001 2723 1054 de
2757 1000 2864 1055 illis
2896 1001 3085 1064 statui,
3123 1010 3177 1056 et
3214 1001 3412 1056 frater-

1836 1091 1992 1145 nitati
2040 1095 2185 1159 ipsos
2213 1105 2308 1158 per
2346 1091 2718 1144 monachicam
2750 1090 3139 1159 perfectionem
3188 1093 3412 1161 adjungi

1830 1183 2019 1254 jubet:
2049 1197 2114 1236 ex
2137 1199 2309 1251 eoque
2341 1191 2600 1251 tempore,
2638 1182 2682 1236 si
2722 1199 2816 1250 per
2847 1183 3150 1252 improbam
3179 1199 3414 1238 convcr-

1836 1276 2043 1330 sionem
2077 1275 2244 1328 velint
2277 1275 2342 1327 ad
2380 1290 2724 1328 communem
2763 1276 2928 1328 vitam
2956 1274 3278 1340 transferri,
3311 1291 3413 1329 nec

1833 1367 2057 1437 januam
2093 1366 2226 1430 illis,
2262 1366 2433 1420 etiam.
2478 1366 2706 1419 minimo
2755 1375 2877 1436 post
2899 1376 3165 1436 tempore,
3212 1365 3413 1434 aperiri

1835 1458 2006 1511 voluit
2044 1467 2101 1510 ut
2127 1458 2194 1511 ad
2224 1473 2286 1511 ea
2314 1458 2538 1511 redeant
2567 1472 2688 1526 qua:
2721 1458 3079 1526 reliquerunt.
3127 1455 3273 1509 Intra
3325 1457 3411 1510 di-

1834 1558 1981 1604 ctum
2017 1559 2196 1603 autem
2245 1566 2476 1613 annum,
2501 1551 2593 1618 qui
2632 1564 2739 1602 non
2786 1550 3050 1618 elegerint
3090 1549 3254 1603 vitam
3301 1549 3415 1602 vir-

1835 1639 2090 1709 ginalem,
2119 1647 2213 1691 aut
2237 1640 2498 1708 elegerint
2525 1639 2765 1707 quidem,
2798 1639 2891 1692 sed
2922 1637 2991 1692 ad
3034 1638 3158 1692 vitae
3221 1654 3414 1691 mona-

1835 1731 2003 1786 chicae
2029 1730 2414 1800 perfectionem
2452 1731 2628 1784 nolint
2652 1730 2981 1784 contendere
3014 1770 3028 1796 ,
3074 1730 3174 1784 hos
3201 1730 3412 1784 secerni

1833 1823 1987 1893 jubet
2016 1833 2068 1877 et
2102 1823 2166 1875 ad
2201 1838 2545 1877 communem
2584 1823 2750 1881 vitam
2804 1822 3106 1884 amandari,
3136 1837 3201 1874 ne
3243 1835 3414 1875 sacrae

1833 1916 1959 1969 vita:
1987 1914 2265 1968 infamiam
2298 1914 2538 1968 inurant.
2560 1913 2693 1980 Quae
2717 1913 2975 1983 quoniam
3003 1914 3058 1968 in
3085 1913 3411 1982 quibusdam

1833 2023 1939 2062 non
1969 2009 2039 2061 ita
2072 2022 2298 2076 prorsus
2321 2008 2455 2061 fiunt
2485 2016 2544 2059 ttt
2584 2016 2848 2076 praecepta
2887 2014 3047 2071 sunt,
3071 2006 3162 2059 sed
3189 2005 3416 2058 tonden-

1836 2112 1923 2155 tur
1952 2100 2020 2153 ab
2046 2098 2271 2152 infantia
2302 2116 2316 2165 ;
2359 2107 2452 2151 aut
2477 2098 2521 2151 si
2552 2097 2792 2167 legitima
2828 2107 3008 2162 aetate,
3050 2104 3106 2151 at
3133 2110 3238 2150 non
3275 2098 3411 2167 lt-gi-

1833 2193 1966 2245 time
2001 2199 2055 2245 et
2084 2190 2318 2259 perfecte
2359 2208 2373 2256 ;
2430 2199 2716 2258 propterea
2763 2204 2964 2258 susque
3003 2187 3178 2257 deque
3204 2191 3411 2249 omnia,

1832 2294 1886 2340 et
1919 2285 2173 2340 sacerdos
2212 2294 2268 2338 et
2317 2286 2576 2354 propheta
2623 2294 2802 2338 mente
2833 2284 3054 2339 alienati
3083 2295 3231 2348 sunt,
3269 2283 3413 2338 sicut

1833 2373 2098 2441 scriptum
2152 2380 2235 2427 est
2261 2373 2343 2438 ⁸⁸,
2381 2383 2434 2427 et
2484 2388 2715 2427 numero
2767 2371 2978 2426 infinita
3027 2371 3250 2425 traditio
3311 2385 3412 2439 pro

1833 2464 2059 2517 arbitrio
2090 2462 2376 2532 cujusque,
2410 2472 2464 2517 et
2491 2478 2653 2533 quam
2695 2478 2795 2516 suo
2819 2463 3049 2532 quisque
3077 2461 3283 2532 judicio
3302 2463 3412 2514 fin-

1833 2556 1909 2625 git
1938 2555 2230 2625 legislatio,
2271 2571 2377 2608 non
2412 2571 2477 2609 ex
2528 2556 2841 2620 dilectione,
2881 2556 2975 2609 sed
3003 2571 3069 2609 ex
3121 2555 3349 2607 avaritia
3391 2570 3406 2608 :

1834 2662 2010 2716 neque
2042 2646 2256 2711 salutis,
2296 2646 2389 2700 sed
2421 2646 2555 2700 lucri
2591 2645 2796 2699 studio.
2835 2645 2899 2698 Et
2927 2644 2994 2698 ad
3020 2644 3134 2697 haec
3169 2658 3270 2713 ego
3305 2643 3410 2696 mi-

1834 2755 1922 2795 ser
1952 2738 2082 2810 quid
2107 2738 2462 2805 respondeam
2497 2753 2604 2791 non
2633 2737 2805 2791 habeo
2841 2778 2854 2802 ,
2879 2735 2983 2790 nisi
3019 2748 3077 2788 ut
3106 2742 3324 2805 gemant
3355 2744 3411 2790 et

1834 2834 2150 2896 tristentur,
2182 2841 2235 2886 et
2265 2846 2363 2886 sua
2399 2833 2640 2900 ipsorum
2673 2840 2892 2900 peccata
2919 2829 3150 2884 deﬂeant
3181 2847 3194 2882 :
3234 2837 3285 2883 tu
3319 2843 3410 2882 ve-

1834 2943 1894 2979 ro
1925 2926 2108 2980 salvus
2131 2924 2232 2992 sis,
2258 2923 2332 2978 fili
2367 2924 2586 2978 dilecte.

2197 3120 2796 3177 CLXVl.—Theoctista
2825 3123 3074 3177 ercmt'tw.

1017 3221 1094 3272 De
1117 3223 1327 3275 diversis
1350 3232 1654 3292 argumentis
1675 3249 1688 3284 :
1712 3243 1765 3285 et
1784 3235 1837 3284 in
1858 3235 1955 3284 [lue
1975 3235 2037 3283 de
2058 3233 2209 3283 sacris
2230 3230 2544 3293 imaginibus.

223 3320 528 3388 Δεξάμενος
578 3320 637 3373 τὸ
677 3324 1054 3392 γραμματεῖον
1102 3327 1203 3396 τῆς
1245 3330 1559 3401 τιμιότητός
1606 3351 1721 3396 σου,

1898 3337 2120 3389 Brevem
2151 3337 2434 3404 epistolam
2499 3336 2814 3388 reverentiae
2891 3345 2996 3390 tuae
3057 3353 3178 3393 cum
3243 3355 3405 3398 acce-

147 3416 252 3470 καὶ
294 3416 558 3479 ἀναγνοὺς
605 3415 684 3474 είς
717 3416 950 3484 ἐπήκοον
996 3417 1090 3469 τοῦ
1127 3419 1539 3490 θεοφιλεστάτου
1570 3427 1724 3498 ἀρχι-

148 3507 459 3559 επισκόπου
482 3506 574 3558 καὶ
602 3505 829 3574 ἀδελφοῦ
858 3525 979 3577 μου,
1013 3509 1126 3579 ἅμα
1153 3515 1267 3576 τοῖς
1298 3508 1546 3571 συνοῦσιν
1570 3519 1724 3572 ἀδελ-

148 3601 276 3665 φοίς
297 3614 312 3629 ο
345 3598 721 3668 ηὐχαρίστησα
764 3601 791 3650 ὁ
818 3600 1071 3664 ταπεινὸς
1096 3602 1173 3671 τῷ
1205 3607 1394 3678 Κυρίῳ
1419 3650 1434 3674 ,
1460 3609 1518 3672 ὃς
1547 3611 1724 3666 ἔκλινε

148 3690 255 3759 τὴν
288 3689 520 3758 καρδίαν
559 3707 650 3742 σου
680 3691 885 3760 γράψαι
911 3692 1086 3763 ὀρθῶς
1109 3695 1170 3748 τὸ
1195 3698 1293 3766 τῆς
1318 3701 1554 3764 πίστεως
1583 3704 1722 3774 σύμ-

152 3781 335 3834 ϐολον.
372 3781 443 3832 Τὸ
478 3781 587 3851 γὰρ
618 3783 901 3852 ὁμολογεῖν
943 3783 1192 3854 δέχεσθαι
1231 3792 1331 3858 τὴν
1360 3793 1600 3846 Παλαιὰν
1629 3797 1724 3848 καὶ

148 3874 302 3925 Νέαν
332 3872 629 3942 Διαθήκην,
661 3875 754 3926 καὶ
789 3875 965 3929 πάντα
994 3879 1062 3929 τά
1092 3878 1196 3931 ὑπὸ
1221 3881 1330 3934 τῶν
1359 3883 1530 3951 ἁγίων
1549 3887 1721 3939 Πατέ-

153 3980 269 4031 ρων
297 3964 701 4035 παραδεδομένα
717 3969 782 4037 τῇ
812 3967 1108 4039 Ἐκκλησία
1129 3971 1222 4024 τοῦ
1246 3974 1724 4044 Θεοῦ,’κεφαλαιωο

148 4054 315 4124 δῶςή
346 4055 574 4125 ὀρθότης
603 4058 718 4109 ἐστὶ
749 4061 847 4128 τῆς
883 4059 1136 4123 πίστεως.
1182 4063 1397 4136 Ἐπειδὴ
1431 4067 1486 4120 δὲ
1515 4070 1721 4138 αἱρετι-

148 4151 271 4207 κοῐς
319 4145 432 4198 ἐστι
478 4146 650 4199 ταῦτα
685 4147 884 4217 λέγειν,
931 4151 989 4202 οὐ
1039 4151 1143 4221 μὴν
1178 4157 1526 4225 εὑρίσκεσθαι
1579 4166 1721 4216 κατά

146 4239 279 4298 τοὺς
330 4236 519 4304 λόγους
567 4239 745 4291 αὐτῶν
788 4241 1211 4312 ὀρθοτομοῦντας
1275 4249 1364 4302 τὸν
1414 4252 1570 4320 λόγον
1619 4255 1719 4325 τῆς

147 4327 410 4395 ἀληθείας
429 4345 444 4359 ο
476 4328 562 4381 διὰ
588 4328 744 4382 τοῦτο
768 4332 917 4401 παρά
941 4335 1050 4386 τῶν
1076 4337 1432 4406 πεμφθέντων
1455 4344 1716 4413 ἀδελφῶν,

148 4417 250 4472 καὶ
281 4418 514 4487 μάλιστα
543 4419 692 4489 παρά
719 4421 811 4472 τοῦ
837 4421 978 4477 ἀὸϐᾶ
1004 4427 1351 4501 Σωσιπάτρου
1381 4433 1719 4506 ἐπεζητήσα-

151 4527 256 4580 μεν
284 4511 344 4562 τὸ
372 4510 619 4580 ἀκριϐὲς,
644 4511 786 4564 καθά
814 4516 906 4568 καὶ
934 4517 1205 4588 ἐζήτησας
1239 4523 1295 4573 ἐν
1323 4525 1433 4586 τοῖς
1460 4529 1718 4597 γράμμα-

149 4617 204 4651 σι
225 4615 238 4628 ο
267 4598 355 4652 διὰ
385 4599 443 4651 τὸ
475 4599 549 4669 μὴ
575 4599 751 4652 πάντα
780 4603 1040 4673 ἐγχωρεῖν
1067 4607 1430 4674 ἀπαγγέλλειν
1465 4614 1564 4679 τὴν
1597 4615 1716 4666 ἐπι-

1827 3430 2050 3498 pissem,
2088 3429 2446 3497 [egissentque
2479 3427 2732 3481 audit-nte
2773 3428 2864 3481 Dei
2908 3431 3286 3488 amantissimo
3318 3452 3407 3490 ar-

1827 3522 2173 3588 chiepiscopo
2210 3531 2262 3573 et
2292 3522 2458 3573 fratre
2489 3535 2626 3582 meo,
2674 3537 2775 3571 una
2815 3538 2938 3576 cum
2982 3523 3243 3581 fratribus
3307 3530 3402 3598 qui

1825 3614 2084 3678 aderant;
2118 3612 2346 3666 Domino
2396 3615 2618 3668 humilis
2648 3632 2746 3683 ego
2797 3616 3000 3684 gratias
3045 3619 3150 3687 egi,
3194 3621 3404 3688 quit-or

1826 3715 1976 3758 tuum
2011 3706 2226 3764 inflexit.
2261 3716 2318 3757 ttt
2346 3707 2793 3777 litlcisytnholum
2829 3719 2974 3761 recte
3007 3711 3398 3777 perscriberes.

1825 3797 1975 3860 Quod
2011 3796 2154 3848 enim
2190 3797 2467 3848 contiteris
2537 3809 2586 3849 te
2624 3795 2788 3850 Vetus
2847 3795 3170 3867 Novumque
3209 3799 3401 3855 Testa—

1825 3899 2064 3941 mentum
2099 3888 2361 3954 rccipcre,
2405 3888 2677 3956 simulque
2729 3889 2911 3942 omnia
2957 3905 3078 3958 quae
3129 3905 3159 3942 a
3193 3893 3398 3948 sanctis

1823 3981 2073 4033 i’atribus
2104 3980 2300 4032 tradita
2330 3988 2457 4032 sunt
2492 3979 2747 4034 Ecclesiae
2771 3978 2886 4044 Dei,
2917 3991 3061 4034 recta
3108 3991 3192 4036 est
3235 3991 3400 4053 atque

1823 4072 2008 4125 omnia
2065 4071 2302 4126 breviter
2356 4073 2724 4140 complectens
2783 4071 2902 4124 fidei
2934 4072 3224 4140 professio.
3290 4073 3396 4130 Sed

1822 4163 1946 4228 quia
1982 4159 2213 4213 haeretici
2245 4160 2405 4213 etiam
2432 4162 2547 4214 haec
2577 4163 2757 4216 dicere
2788 4162 2986 4224 solent,
3052 4180 3154 4220 nec
3211 4174 3395 4220 tamen

1822 4261 1986 4317 recte,
2021 4253 2202 4321 utipsi
2234 4253 2462 4321 jactant,
2521 4255 2763 4309 veritatis
2793 4255 3094 4310 doctrinam
3117 4259 3396 4327 explicare

1819 4343 2342 4410 deprehenduntur:
2397 4344 2602 4400 idcirco
2680 4346 2748 4399 ab
2801 4346 2868 4401 iis
2927 4349 3019 4417 qui
3064 4349 3218 4404 missi
3268 4362 3397 4406 sunt

1820 4433 2100 4496 fratribus,
2124 4432 2466 4502 maximeque
2491 4434 2559 4488 ab
2601 4434 2796 4488 abbate
2847 4434 3127 4505 Sosipatro
3159 4455 3273 4494 rem
3297 4457 3392 4494 ex-

1817 4526 2142 4593 quisivimus
2166 4568 2181 4588 ,
2218 4527 2675 4595 quemadmodum
2708 4527 2821 4597 ipse
2857 4543 2950 4596 per
2977 4529 3186 4584 litteras
3209 4542 3396 4601 postu-

1819 4619 1961 4672 laras
1992 4635 2008 4675 :
2053 4633 2119 4672 eo
2148 4619 2295 4685 quod
2323 4618 2506 4672 omnia
2542 4620 2826 4672 enuntiare
2853 4636 2955 4673 non
2981 4634 3166 4689 posset
3190 4625 3395 4692 episto-

148 4688 372 4758 στολήν·
407 4692 500 4742 καὶ
525 4691 756 4761 εὕρομεν
789 4694 968 4763 χάριτι
992 4697 1251 4765 Χριστοῦ,
1280 4701 1715 4770 ἀπαγγέλλοντας

1828 4709 1866 4759 la
1897 4679 2248 4776 :Christique
2287 4707 2550 4762 beneficio
2608 4679 3009 4778 comperimus;
3079 4679 3390 4768 orthodoxe

145 4781 344 4842 αὐτοὺς
377 4781 719 4851 ὀρθοφρόνως
751 4784 816 4836 τὰ
845 4787 1015 4858 παρὰκ
1041 4787 1135 4839 σοῦ
1171 4790 1354 4856 αὐτοῖς
1386 4796 1712 4863 παρατιθέν-

144 4889 235 4923 τα.
265 4871 397 4924 Τίνα
428 4872 484 4924 δέ
514 4873 720 4939 ταῦτα;
766 4875 872 4928 δεῖν
904 4880 961 4930 ἐν
985 4879 1300 4946 κεφαλαίοις
1333 4885 1712 4956 ἐπισημανθῆ-

149 4979 261 5014 ναι.
294 4961 516 5030 Πρῶτον
547 4964 674 5033 περ)⁴
702 4967 798 5035 τῆς
825 4969 986 5035 ἁγίας
1011 4969 1272 5024 Θεοτόκου
1292 4991 1306 5004 ·
1339 4977 1467 5044 φασὶ
1499 4977 1602 5048 γὰρ
1628 4979 1714 5033 λέ-

148 5067 268 5119 γειν
316 5067 396 5115 σε,
440 5052 523 5104 ὅτι
571 5051 677 5121 πρὸ
721 5054 829 5109 τῶν
879 5058 1093 5111 αίώνων
1148 5062 1501 5131 ὴΠαρθένος.
1546 5066 1715 5120 Τοῦτο

148 5140 332 5207 ἐπειδὴ
371 5143 605 5213 ἀρνῆσαι
659 5145 793 5216 μήτε
847 5147 1043 5217 λέγειν,
1079 5151 1217 5221 μήτε
1246 5154 1301 5207 δὲ
1337 5158 1569 5226 φρονεῖν,
1599 5160 1712 5212 ἀλλ’

141 5234 419 5302 ὁμολογεῖν
448 5235 508 5300 ἐξ
541 5235 730 5304 ἀνδρὸς
753 5239 846 5291 καί¹
878 5243 1138 5307 γυναικὸς
1180 5245 1431 5317 Ἰωακεὶμ
1469 5250 1561 5301 καὶ
1584 5252 1714 5302 Ἀν-

143 5341 236 5394 νης
273 5325 531 5396 τετάχθαι
556 5327 746 5396 αὐτὴν,
784 5327 840 5383 εὖ
873 5331 938 5385 ἂν
971 5334 1105 5405 ἔχοι.
1139 5337 1419 5410 Δεύτερον,
1452 5344 1581 5412 περὶ
1617 5343 1709 5396 τοῦ

146 5415 364 5485 Κυρίου,
409 5417 490 5469 ὅτι
540 5417 638 5469 οὐκ
679 5420 1016 5494 ἐσταυρώθη.
1069 5425 1285 5501 Ἐπειδὴ
1330 5430 1386 5483 δέ
1429 5432 1710 5502 ὁμολογεῖς

233 5531 277 5562 ⁸⁸
351 5530 457 5587 lsa.
545 5546 753 5595 xxvut,
813 5535 862 5589 7.

1819 4801 1888 4853 ab
1920 4801 2055 4867 ipsis
2099 4799 2290 4854 referri
2344 4815 2465 4870 qua:
2485 4809 2539 4854 tu
2563 4802 2670 4856 illis
2702 4803 3074 4857 commiseras.
3128 4804 3390 4870 Quasnam

1821 4891 1934 4945 haec
1975 4900 2102 4946 sunt
2139 4891 2161 4944 ?
2188 4907 2410 4947 necesse
2435 4894 2576 4947 enim
2608 4901 2690 4948 est
2719 4904 2851 4948 utea
2884 4895 3218 4963 capitulatim
3246 4898 3393 4951 desi-

1819 4990 2050 5048 gnentur
2071 5021 2083 5033 .
2111 4980 2379 5045 Primum,
2433 4984 2500 5036 de
2532 4991 2719 5037 sancta
2750 4982 2980 5051 Deipara
3011 5003 3024 5038 :
3063 4985 3215 5039 aiunt
3241 4987 3390 5042 enim

1816 5071 2000 5127 dicere
2046 5083 2118 5136 te,
2178 5071 2451 5142 Virginem
2494 5083 2620 5127 ante
2671 5074 2872 5127 saecula
2904 5075 3206 5131 exstitisse.
3273 5077 3391 5133 Hoc

1815 5164 1942 5231 quia
1971 5179 2138 5235 negas
2169 5172 2219 5216 te
2243 5164 2325 5217 vel
2354 5164 2535 5219 dicere
2582 5164 2666 5219 vel
2704 5166 2927 5230 sentire,
2965 5166 3058 5220 sed
3112 5170 3390 5225 confiteris

1815 5255 1961 5308 illam
1997 5273 2064 5312 ex
2084 5256 2198 5310 viro
2229 5267 2283 5310 et
2307 5257 2526 5321 femina,
2563 5255 2808 5312 Joachim
2843 5269 2896 5311 et
2928 5259 3105 5322 Anna,
3131 5262 3387 5328 progeni-

1814 5357 1921 5400 tam
1950 5391 1964 5415 ,
2025 5351 2162 5404 bene
2211 5349 2394 5404 habet.
2437 5351 2770 5411 Secundum,
2811 5352 2877 5405 de
2933 5351 3184 5415 Domino,
3239 5353 3385 5422 quod

1814 5440 2108 5498 cruciﬁxus
2144 5456 2252 5497 non
2277 5439 2398 5498 fuit.
2432 5441 2700 5507 Quoniam
2723 5449 2904 5498 autem
2943 5442 3218 5499 confiteris
3249 5459 3381 5498 cru-

1635 5629 1859 5690 NOTAS.

204 5740 313 5812 (58)
344 5739 401 5795 lu
430 5739 555 5793 cod.
582 5736 715 5808 Reg.
755 5749 887 5811 ρνη’.
