3976 6322
584 338 610 403 1
623 339 725 400 527

1774 338 1835 398 S.
1865 335 2260 396 THEODORI
2291 335 2638 398 STUDlT/E

573 447 990 504 ciﬂxumt‘ulsse
1023 451 1319 506 secundum
1375 450 1711 520 Scripturas.
1771 452 1908 505 bene
1964 453 2146 506 habet.

2264 450 2625 521 ἐσταυρῶσθαι
2682 447 2843 502 αὐτὸν
2892 446 3031 500 κατά
3065 445 3166 510 τὰς
3202 445 3456 517 Γραφὰς,
3489 442 3557 498 εὗ
3602 445 3687 498 ἂν
3738 446 3874 515 ἔχοι.

574 542 863 605 Tertium,
921 543 989 598 de
1012 544 1218 613 angelis
1281 552 1337 598 et
1417 543 1976 612 dannonibus:quod
2027 552 2150 613 post

571 636 835 705 judicium
862 634 1044 690 futura
1059 645 1145 691 est
1165 637 1362 690 iterum
1400 637 1675 691 restitutio
1703 639 1756 690 in
1812 637 2102 706 pristinum
2130 677 2145 701 ,

568 726 762 794 lietque
791 741 954 777 unum
992 726 1145 790 ovile,
1180 735 1230 778 et
1273 741 1407 778 unus
1433 736 1617 791 pastor
1649 727 1694 757 “
1721 765 1735 780 .
1776 725 1842 780 Et
1873 728 2000 796 quia
2048 726 2153 779 hoc

574 831 740 886 negas
762 857 776 881 ,
809 816 1108 886 laterisque
1133 826 1391 872 eternam
1424 819 1539 871 fore
1579 829 1690 871 tum
1718 820 2150 881 damnationem,

574 918 687 960 tum
721 923 948 979 regnum
981 909 1269 974 caelorum,
1301 909 1440 963 bene
1487 910 1666 963 habet.
1733 912 2027 975 Quartum,
2084 910 2151 964 de

576 1007 848 1052 monacho
882 1014 1232 1070 unoquoque,
1295 996 1440 1071 quod
1475 1002 1649 1069 possit
1708 1001 1886 1070 ptenis
1922 1002 2153 1055 liberare

573 1097 795 1142 centum
820 1089 1219 1161 quinquaginta
1262 1092 1571 1146 damnatos.
1621 1091 1685 1144 Et
1738 1093 1996 1162 quoniam
2053 1093 2155 1147 hoc

576 1195 765 1249 negas,
796 1192 850 1234 et
881 1181 1025 1236 dicis
1061 1198 1161 1236 nec
1191 1184 1568 1252 pcenitentiam
1594 1199 1716 1238 esse
1745 1196 1864 1254 post
1899 1194 2152 1246 mortem,

576 1286 679 1324 nec
699 1286 1030 1341 quemquam
1058 1275 1150 1342 qui
1189 1275 1363 1343 possit
1393 1275 1462 1329 ab
1489 1275 1709 1330 inﬂictis
1757 1292 1787 1330 a
1817 1276 1924 1329 Deo
1981 1278 2156 1346 poenis

571 1381 784 1432 eruere,
821 1369 956 1423 bene
985 1371 1163 1423 habet.
1199 1369 1487 1436 Quintum,
1535 1372 1601 1425 de
1632 1371 1795 1434 libro,
1827 1373 1921 1440 qui
1949 1371 2157 1424 dicitur

572 1456 841 1525 Antonii;
876 1460 1021 1528 quod
1056 1477 1179 1515 etnn
1206 1463 1356 1515 dicas
1409 1463 1603 1516 merito
1661 1462 2051 1530 recipiendum,
2101 1463 2156 1514 in

572 1562 683 1616 quo
707 1549 874 1603 multa
916 1560 1044 1605 sunt
1088 1550 1437 1620 blasphema;
1477 1555 1618 1607 sicut
1671 1553 1771 1621 ipsi
1791 1554 2026 1622 legentes
2065 1569 2158 1608 co-

573 1639 891 1706 gnovimus.
924 1642 991 1699 Et
1017 1643 1273 1711 quoniam
1302 1645 1490 1698 fateris
1539 1653 1592 1697 te
1622 1645 1765 1697 hunc
1791 1644 2014 1712 rejicere
2041 1653 2160 1696 tan-

575 1747 742 1801 quam
777 1733 1016 1786 alienum
1054 1734 1122 1788 ab
1152 1734 1395 1790 Ecclesia
1445 1735 1560 1799 Dei,
1604 1750 1701 1788 nec
1734 1737 1964 1804 amplius
1994 1737 2159 1790 habe-

573 1836 634 1874 re
692 1831 785 1875 aut
817 1822 1237 1894 legere:neque
1262 1833 1334 1887 te,
1423 1839 1602 1893 neque
1660 1825 1778 1877 illos
1831 1825 1922 1893 qui
1974 1837 2152 1879 tecum

573 1923 746 1979 sunt;
781 1914 918 1968 bene
971 1915 1150 1968 habet.
1233 1915 1671 1986 Benedictusque
1726 1917 1793 1971 sit
1852 1918 2013 1983 Deus,
2064 1917 2154 1986 qui

575 2006 845 2074 praedictis
879 2007 1154 2063 scandulis
1200 2024 1296 2061 vos
1347 2009 1644 2077 purgavit:
1704 2018 1757 2062 et
1815 2009 2155 2063 benedictum

579 2115 778 2154 nomen
803 2100 991 2169 gloriae
1048 2102 1187 2168 ejus,
1225 2102 1370 2170 quod
1403 2102 1677 2170 persuasit
1734 2109 1794 2154 ut
1838 2101 2051 2156 diceres
2108 2113 2157 2155 te

580 2193 850 2244 rusticum
891 2205 1013 2246 esse
1076 2201 1240 2262 atque
1276 2193 1589 2260 imperitutn
1613 2234 1627 2257 ,
1659 2208 2055 2261 cessurumque
2101 2194 2155 2247 in

578 2277 859 2342 omnibus,
893 2288 948 2334 et
1008 2278 1510 2349 obtemperaturum
1580 2278 1761 2332 verbis
1837 2280 2158 2334 humilitatis

579 2384 731 2422 meae.

2190 1795 2229 1846 Β

646 2541 758 2610 Ego
793 2558 920 2597 vero
964 2543 1100 2597 nihil
1127 2553 1316 2612 praeter
1346 2560 1408 2599 ea
1437 2559 1562 2613 quas
1593 2559 1624 2599 a
1687 2543 1892 2600 sanctis
1941 2553 2158 2613 aposto-

576 2634 641 2687 lis
668 2633 1019 2703 etprophetis
1040 2645 1094 2688 et
1126 2634 1378 2690 Patribus
1398 2636 1663 2690 divinitus
1695 2636 1974 2690 enuntiata
2008 2645 2159 2698 sunt,

577 2726 822 2780 suadebo
868 2725 950 2778 vel
1007 2728 1357 2795 praescribam
1408 2741 1424 2780 :
1478 2728 1574 2781 sed
1636 2729 1737 2783 hoc
1772 2729 1970 2798 ipsum,
2021 2731 2162 2782 sicut

576 2819 869 2887 scripsisti,
905 2827 964 2871 ut
1016 2819 1212 2873 credas
1245 2819 1298 2872 in
1357 2829 1600 2871 sanctam
1642 2818 1982 2883 Trinitatem,
2019 2821 2161 2873 indi-

581 2911 756 2963 visam
775 2910 1032 2969 essentia,
1083 2909 1314 2962 divisam
1355 2911 1806 2964 characteribus:
1857 2913 1910 2965 in
1945 2911 2160 2964 Patrem

578 3011 630 3051 rt
670 2997 867 3051 Filium
896 3008 953 3051 et
1011 2998 1272 3069 Spiritum
1368 3009 1662 3066 sanctum;
1716 3016 1883 3054 unum
1954 3001 2160 3062 Deum,

581 3108 750 3148 unum
791 3091 1080 3146 Dominum
1115 3110 1128 3145 :
1163 3091 1305 3146 sicut
1343 3101 1396 3144 et
1422 3109 1528 3145 una
1571 3093 1723 3147 ﬁdes.
1772 3092 1866 3146 Est
1895 3103 2072 3146 autem
2113 3105 2162 3146 et
2192 3122 2233 3174 ο

580 3181 740 3236 Pater
767 3183 927 3244 Deus,
957 3180 1194 3236 etFilius
1222 3180 1386 3243 Deus.
1417 3192 1471 3236 et
1510 3183 1741 3253 Spiritus
1794 3185 1933 3240 Dens
1966 3202 1980 3251 ;
2052 3200 2159 3239 non

580 3284 689 3335 tres
720 3273 818 3334 dii,
847 3273 1030 3326 absit!
1077 3273 1168 3328 sed
1197 3289 1338 3326 unus
1386 3274 1555 3338 Deus,
1592 3276 2049 3342 quemadmodum
2107 3287 2162 3331 et

582 3365 870 3419 Dominus.
927 3364 1039 3418 lloc
1067 3375 1150 3420 εει
1182 3365 1468 3435 theologia:
1499 3371 1713 3437 dogma.
1743 3369 1817 3423 De
1856 3371 2161 3424 meonomia

581 3466 762 3506 autem
796 3453 1036 3517 credere,
1083 3468 1252 3507 uumn
1293 3454 1359 3506 de
1416 3468 1599 3507 sancta
1651 3455 1937 3520 Trinitate,
1986 3457 2163 3512 Patris

588 3545 946 3614 beneplacito,
981 3555 1035 3598 et
1059 3546 1445 3615 cooperatione
1469 3547 1642 3601 sancti
1677 3547 1931 3615 Spiritus.
1979 3550 2159 3602 incar-

583 3648 770 3693 natum
799 3655 919 3692 esse
979 3636 1044 3690 de
1072 3647 1257 3691 sancta
1293 3636 1540 3706 Dt-ipara,
1574 3641 1990 3708 superveniente
2015 3643 2064 3694 in
2100 3643 2162 3694 il-

585 3734 686 3783 lam
719 3730 920 3798 Spiritu
940 3738 1147 3790 sancto,
1180 3737 1233 3780 et
1265 3729 1336 3781 ita
1375 3731 1728 3784 obumbrante
1751 3732 2012 3785 Altissimi
2049 3735 2162 3786 vir-

583 3833 715 3885 tute,
751 3811 894 3875 sient
945 3830 1030 3874 est
1063 3821 1116 3872 in
1147 3818 1440 3890 Evangelio
1468 3822 1511 3852 ⁸⁷
1544 3839 1558 3887 ;
1587 3838 1650 3876 ex
1671 3840 1775 3890 qua
1804 3833 1856 3876 et
1891 3833 2051 3878 natus
2082 3835 2166 3878 est

586 3917 748 3966 homo
768 3912 1043 3981 perfectus
1085 3911 1246 3966 simul
1275 3922 1325 3964 et
1376 3912 1514 3966 Deus
1553 3913 1863 3982 perfectus;
1901 3932 2040 3969 unus
2071 3917 2165 3986 hy-

585 4007 815 4075 postasi,
842 4005 1041 4073 duplex
1099 4012 1289 4055 natura
1316 4022 1329 4067 ;
1364 4006 1824 4072 quemadmodum
1866 4007 2035 4059 divini
2065 4007 2164 4060 Pa-

584 4110 714 4160 tres,
746 4106 798 4150 et
826 4108 1028 4164 septem
1058 4107 1258 4149 saneta:
1284 4097 1631 4150 memnenicaz
1662 4098 1849 4167 synodi
1899 4115 2164 4168 exposue-

587 4201 730 4243 runt.
793 4187 1053 4242 Couliteri
1131 4188 1294 4240 etiam
1352 4187 1613 4257 Virginem
1684 4188 1967 4258 Dciparam
2020 4209 2161 4254 esse,

584 4289 840 4342 omnibus
867 4282 1239 4337 sublimiorem
1288 4287 1342 4334 et
1390 4281 1838 4348 honoratiorem;
1883 4298 2002 4348 quae
2051 4300 2166 4338 ma-

586 4393 740 4435 terno
769 4380 889 4448 jure
929 4378 1068 4446 apud
1109 4375 1305 4429 Filium
1338 4390 1493 4431 suum
1557 4390 1620 4427 ac
1644 4373 1931 4428 Dominum
1995 4378 2165 4444 possit

586 4490 683 4543 pro
717 4471 974 4526 universo
1001 4468 1207 4521 mundo
1232 4466 1587 4519 intercedere.
1629 4466 1864 4534 Angelos
1918 4468 2160 4521 conliteri
2198 4470 2238 4524 D

584 4575 800 4629 quoque
840 4568 897 4610 ut
935 4557 1176 4626 angelos,
1218 4555 1307 4623 qui
1343 4563 1396 4606 et
1423 4552 1522 4621 ipsi
1556 4569 1880 4622 magnopere
1919 4570 2015 4622 pro
2044 4573 2162 4609 mn-

587 4653 745 4706 nibus
777 4647 1087 4704 hominibus
1128 4646 1507 4714 deprecentur.
1560 4643 1765 4699 llorum
1801 4661 1979 4699 autem
2031 4663 2164 4702 con-

587 4744 758 4798 sortio
796 4757 967 4811 genus
1026 4740 1331 4793 daemonum
1391 4737 1668 4790 exclusum
1700 4754 1820 4790 esse
1871 4739 1922 4790 in
1960 4741 2158 4794 smeula

588 4833 937 4902 sempiterna,
971 4831 1300 4896 eosdemque
1330 4828 1552 4895 preprio
1582 4828 1857 4882 domicilio
1905 4845 1997 4898 per
2030 4846 2163 4898 apo-

589 4926 816 4980 stasiam
847 4924 1086 4992 ejeetos,
1117 4930 1284 4988 atque
1339 4933 1370 4971 a
1435 4916 1543 4971 Deo
1569 4921 1635 4971 ad
1689 4919 1835 4988 justa
1898 4922 2162 4990 supplicia

588 5012 1183 5073 damnatos.Conﬁteri
1252 5011 1424 5064 etiam
1480 5019 1696 5063 sanctos
1755 5025 1966 5074 omnes,
2020 5013 2166 5069 velut

592 5107 824 5161 famulos
867 5101 980 5167 Dei,
1017 5116 1112 5169 pro
1144 5099 1320 5152 salute
1390 5107 1577 5151 nostra
1623 5113 1782 5166 posse
1819 5100 1961 5167 apud
1997 5096 2162 5155 Deum

589 5197 948 5257 intercedere.
1001 5190 1261 5245 Conliteri
1293 5200 1549 5258 praeterea
1612 5199 1829 5244 sanctas
1852 5191 2113 5259 imagines
2151 5232 2165 5256 ,

587 5299 643 5340 et
675 5284 847 5354 ipsius
881 5279 1092 5333 Domini
1124 5276 1295 5331 nostri
1319 5275 1446 5331 Jesu
1477 5277 1700 5337 Christi.
1735 5289 1786 5332 et
1811 5281 2001 5335 matris
2025 5282 2166 5350 ejus,

588 5375 1030 5448 Angelorumque
1051 5384 1115 5423 ac
1148 5381 1463 5425 sanctorum
1502 5370 1771 5433 omnium,
1797 5380 1851 5425 et
1893 5371 2122 5427 adorare
2148 5415 2164 5439 ,

589 5476 645 5519 et
679 5465 978 5532 suscipere,
1005 5461 1160 5530 juxta
1194 5461 1243 5513 id
1271 5460 1417 5529 quod
1439 5469 1520 5513 est
1558 5462 1608 5513 in
1643 5458 1859 5515 Nicaeua
1928 5465 2162 5518 secunda

592 5556 800 5627 synudo
831 5553 1221 5618 constitutum;
1259 5561 1312 5606 et
1336 5551 1796 5608 anathematizare
1828 5569 2018 5610 omnes
2051 5556 2159 5610 ha:-

665 5736 710 5766 “
740 5731 898 5788 Joan.
936 5747 990 5796 x,
1029 5730 1111 5784 ιθ.
1213 5730 1254 5760 ⁸⁷
1291 5727 1423 5782 Luc.
1480 5743 1514 5790 ι,
1551 5727 1642 5780 55.

2247 542 2460 612 Τρίτον,
2497 540 2624 610 περὶ
2665 539 2774 591 τῶν
2812 538 3060 606 ἀγγέλων
3107 537 3205 590 καὶ
3250 537 3360 589 τῶν
3406 537 3744 604 δαιμόνων,
3794 540 3872 590 ὅτι

2253 633 2391 702 μετά
2446 633 2543 700 τὴν
2572 630 2752 699 κρίσιν
2792 628 3236 689 ἀποκατάστασις
3279 627 3439 679 ἔσται
3483 627 3669 680 πάλιν
3700 645 3717 656 ·
3775 647 3871 681 και

2249 719 2568 789 γενήσεται
2608 720 2714 786 μία
2758 719 3001 785 ποίμνη.
3040 711 3128 782 εἷς
3167 716 3418 784 ποιμήν.
3478 719 3600 769 Kal
3671 719 3870 787 ἐπειδὴ

2250 812 2407 865 τοῦτο
2440 813 2771 882 ἀπαρνῆσαι,
2808 813 2901 864 καὶ
2948 810 3228 880 ὁμολογεῖς
3280 810 3508 864 αἰώνιον
3555 807 3722 863 εἶναι
3780 817 3870 863 καὶ

2251 909 2350 972 τὴρν
2383 907 2564 975 κρίσιν
2607 906 2700 958 καὶ
2739 905 2835 976 τὴν
2886 904 3160 974 βασιλείαν
3199 903 3308 956 τῶν
3338 904 3624 974 οὐρανῶν,
3683 901 3752 957 εὖ
3804 904 3868 956 ἂν

2254 999 2386 1068 ἔχοι.
2420 999 2689 1066 Τέταρτον
2740 997 2866 1066 περὶ
2912 995 3147 1066 μοναχοῦ
3177 996 3315 1058 ἐνὸς,
3347 995 3432 1048 ὅτι
3477 996 3730 1048 δύναται
3769 996 3867 1062 τῆς

2253 1088 2525 1148 κολάσεως
2561 1084 2824 1155 ῥύσασθαι
2855 1084 3047 1136 ἑκατὸν
3076 1085 3418 1151 πεντήκοντα
3449 1083 3862 1150 κρινομένους.

2256 1179 2362 1232 Kal
2386 1178 2571 1247 ἐπειδὴ
2601 1176 2759 1228 τοῦτο
2789 1175 3127 1245 ἁπαρνῆσαι,
3157 1174 3248 1225 καὶ
3274 1174 3474 1238 λέγεις,
3509 1177 3665 1240 μήτε
3698 1174 3862 1242 μετὰ·

2255 1288 2401 1323 νοιαν
2451 1266 2589 1321 εἶναι
2624 1268 2759 1336 μετὰ
2797 1267 3045 1329 θάνατον,
3083 1267 3219 1334 μήτε
3252 1267 3374 1317 τινὰ
3412 1265 3506 1316 τὸν
3536 1266 3862 1332 δυνάμενον

2257 1361 2533 1426 ἐξελέσθαι
2577 1361 2686 1413 ἀπὸ
2715 1359 2814 1428 τῆς
2851 1360 2914 1411 ὲκ
2941 1358 3033 1410 τοῦ
3057 1355 3201 1420 ,Θεοῦ
3230 1357 3698 1426 ἀπονεμηθείσης
3727 1359 3861 1410 ἑκά-

2259 1472 2366 1524 στῳ
2418 1453 2712 1516 κολάσεως,
2762 1446 2820 1504 εὖ
2868 1451 2933 1504 ἂν
2968 1452 3100 1519 ἔχοι.
3145 1448 3402 1517 Πέμπτον
3449 1449 3587 1518 περὶ
3635 1449 3861 1514 βιϐλίου

2257 1547 2350 1598 τοῦ
2394 1546 2780 1614 ὲπιλεγομένου
2821 1543 2914 1596 τοῦ
2951 1542 3269 1596 Ἀντωνίου·
3302 1542 3383 1593 ὅτι
3414 1541 3604 1609 λέγεις
3643 1543 3859 1595 εὐαπά-

2258 1637 2443 1690 δεκτον
2485 1633 2621 1688 εἶναι
2655 1637 2711 1689 ἐν
2739 1627 2782 1702 ᾧ
2814 1634 2982 1686 πολλά
3011 1631 3324 1704 βλάσφημα,
3351 1633 3429 1696 ὡς
3471 1634 3647 1702 ἡμεῖς
3697 1635 3858 1686 αὐτοὶ

2261 1730 2582 1794 ἀναγνόντες
2617 1728 2880 1796 ἔγνωμεν.
2932 1727 3039 1780 Καὶ
3067 1727 3225 1779 τοῦτο
3268 1727 3509 1791 ἐπείπερ
3551 1728 3857 1796 ὁμολογεῖς

2259 1817 2658 1871 ἀποϐάλλεσθαι
2721 1817 2796 1878 ὡς
2864 1816 3144 1885 ἀλλότριον
3196 1816 3297 1884 τῆς
3355 1816 3707 1885 Ἐκκλησίας
3759 1818 3851 1872 τοῦ

2258 1907 2414 1972 Θεοῦ,
2468 1910 2561 1962 καὶ
2608 1907 2806 1978 μηκέτι
2863 1896 2998 1977 μήτε
3042 1907 3184 1976 ἔχειν
3229 1908 3367 1977 μήτε
3405 1909 3850 1975 ἀναγινώσκειν,

2260 2001 2397 2070 μήτε
2422 2000 2502 2062 σὲ,
2541 2001 2678 2069 μήτε
2701 1999 2829 2060 τοὺς
2855 2000 2990 2065 μετά
3023 1999 3136 2061 σοῦ,
3177 1995 3236 2051 εὖ
3273 1999 3339 2051 ἂν
3367 1999 3505 2068 ἔχοι.
3545 2001 3665 2053 Καὶ
3701 2003 3851 2054 εὐλο-

2256 2091 2422 2159 γητὸς
2447 2092 2474 2142 ὁ
2495 2091 2628 2150 Θεὸς
2655 2091 2682 2142 ὁ
2708 2090 3077 2159 ποιησάμενος
3105 2090 3446 2158 καθαρισμὸν
3477 2095 3538 2145 ὲν
3579 2093 3720 2162 ὑμῖν
3743 2095 3850 2146 τῶν

2259 2182 2668 2251 προειρημένων
2699 2179 3010 2232 σκανδάλων
3028 2194 3042 2208 ⁸
3069 2179 3160 2231 καὶ
3179 2180 3550 2250 εύλογημένον
3577 2183 3641 2235 τὸ
3673 2185 3847 2254 ὄνομα

2256 2272 2354 2336 τῆς
2388 2272 2543 2340 δόξης
2579 2271 2765 2337 αὑτοῦ,
2792 2271 2854 2324 τὸ
2884 2273 3078 2324 πεῖσάν
3113 2288 3171 2324 σε
3211 2274 3386 2324 εἰπεῖν
3418 2277 3670 2344 χωρικὸν
3707 2277 3844 2334 εἶναι

2258 2363 2354 2415 καὶ
2381 2363 2586 2431 ἀμαθῆ,
2623 2363 2718 2416 καὶ
2748 2364 2918 2416 εἴκειν
2947 2364 3088 2416 κατὰ
3116 2364 3292 2417 πάντα
3317 2365 3412 2417 καὶ
3436 2367 3740 2422 πείθεσθαι
3772 2370 3844 2440 τῷ

2259 2454 2401 2522 λόγῳ
2430 2455 2527 2523 τῆς
2555 2453 2934 2517 ταπεινώσεως
2967 2472 3093 2520 μου.

2343 2544 2484 2610 Ἐγὼ
2508 2545 2564 2596 δὲ
2591 2546 2742 2597 οὐδὲν
2770 2547 3006 2615 παρὰτά
3036 2547 3266 2610 θειωδῶς
3296 2550 3704 2620 ἒκπεφασμένα
3736 2555 3843 2616 τοῖς

2261 2633 2434 2700 ἁγίοις
2473 2634 2786 2696 ἀποστόλοις
2809 2637 2903 2689 καὶ
2937 2639 3242 2707 προφήταις
3270 2641 3364 2691 καὶ
3394 2640 3680 2711 Πατράσι,
3713 2661 3843 2716 παρ-

2261 2726 2459 2778 αινέσω
2485 2725 2517 2793 ἢ
2544 2725 2894 2779 διατυπώσω’
2920 2728 3036 2781 ἀλλ’
3066 2730 3193 2782 αὐτὸ
3222 2729 3398 2795 τοῦτο,
3431 2732 3624 2797 καθὼς
3647 2736 3842 2804 γέγραε

2263 2834 2390 2887 φας,
2425 2816 2700 2868 πιστεύειν
2730 2834 2788 2869 σε
2831 2818 2910 2880 είς
2941 2821 3040 2884 τὴν
3078 2821 3240 2887 ἀγίαν
3278 2822 3485 2891 Τριάδα
3511 2826 3617 2893 τὴν
3658 2828 3839 2897 ἀμερῆ

2261 2909 2381 2962 κατ’
2415 2907 2625 2973 οὐσίαν,
2654 2908 3036 2979 διαιρουμένην
3067 2910 3122 2962 δὲ
3159 2915 3270 2971 τοῖς
3302 2915 3691 2983 χαρακτῆρσιν
3713 2935 3729 2948 ·
3766 2919 3840 2980 είς

2263 3000 2482 3069 Πατέρα
2525 3002 2618 3053 καὶ
2658 2999 2782 3052 Υἱὸν
2819 3003 2914 3053 καὶ
2949 3001 3104 3067 ᾰγιον
3142 3002 3382 3072 Πνεῦμα,
3417 3005 3512 3057 ἕνα
3545 3007 3708 3071 Θεὸν,
3747 3009 3841 3067 ἕνα

2267 3092 2489 3160 Κύριον,
2517 3091 2650 3143 καθὸ
2682 3093 2769 3143 καὶ
2811 3091 2907 3160 μία
2943 3093 3141 3155 πίστις.
3171 3093 3323 3145 Ἔστι
3366 3094 3422 3145 δὲ
3464 3097 3557 3147 καὶ
3590 3100 3620 3149 ὁ
3648 3098 3839 3168 Πατὴρ

2268 3180 2418 3244 Θεὸς,
2446 3181 2538 3232 καὶ
2559 3182 2587 3231 ὁ
2616 3180 2738 3242 Υἱὸς
2773 3180 2922 3242 Θεὸς,
2955 3183 3049 3232 καί
3075 3181 3133 3231 τὸ
3160 3180 3377 3250 Πνεῦμα
3404 3184 3564 3251 Θεὸς,
3594 3187 3656 3238 οὐ
3695 3191 3839 3260 τρεῖς

2267 3270 2410 3334 Θεοί,
2437 3272 2510 3341 μὴ
2536 3271 2772 3337 γένοιτοί
2806 3271 2922 3323 ἀλλ’
2952 3267 3031 3333 εἷς
3056 3271 3186 3333 Θεὸς
3210 3314 3224 3337 ,
3262 3271 3449 3343 ὥσπερ
3478 3279 3576 3328 καὶ
3614 3279 3836 3349 Κύριος.

2268 3360 2439 3412 Τοῦτο
2468 3363 2562 3429 τῆς
2591 3363 2865 3430 θεολογίας
2902 3363 2959 3414 τὸ
2987 3362 3185 3430 δόγμα.
3216 3364 3350 3432 Περὶ
3382 3363 3482 3431 τῆς
3521 3369 3838 3439 οἰκονομίας

2268 3451 2564 3516 πιστεύειν,
2599 3455 2679 3505 ὅτι
2724 3456 2752 3505 ὁ
2783 3451 2858 3516 εἷς
2899 3457 2998 3524 τῆς
3039 3454 3284 3524 Τριάδος,
3325 3455 3686 3526 εὐδοκία.πώ
3732 3463 3836 3514 Πα-

2268 3546 2414 3614 τρὸς,
2449 3545 2540 3596 καὶ
2583 3545 2842 3614 συνεργίᾳ
2866 3544 2958 3596 τοῦ
2991 3545 3144 3612 ἁγίου
3175 3545 3510 3615 Πνεύματος,
3547 3549 3834 3622 ἑσαρκώθη

2269 3639 2331 3689 ἐκ
2360 3638 2459 3705 τῆς
2488 3636 2645 3702 ἀγίας
2676 3638 2959 3702 Θεοτόκου,
3005 3640 3519 3709 προεισεληλυθότος
3553 3643 3653 3695 τοῦ
3681 3647 3833 3712 ἁγίου

2271 3729 2584 3797 Πνεύματος
2641 3731 2698 3780 ὲν
2738 3729 2901 3798 αὐτῇ,
2948 3729 3039 3780 καὶ
3080 3728 3252 3792 οὕτως
3286 3733 3712 3797 ὲπισκιάσαντος
3743 3737 3834 3806 τῆς

2267 3820 2363 3870 τοῦ
2404 3821 2661 3891 Ὑψίστου
2689 3821 2986 3890 δυνάμεως,
3018 3821 3158 3874 κατὰ
3193 3824 3253 3874 τὸ
3285 3823 3619 3892 Εὑαγγέλιον
3638 3845 3652 3858 ·
3683 3829 3744 3893 ἐξ
3771 3827 3832 3901 ἧς

2271 3912 2365 3964 καὶ
2394 3912 2588 3981 ἐτέχθη
2613 3913 2916 3980 ἄνθρωπος,
2942 3913 3145 3977 τέλειος
3168 3913 3242 3966 ὢν
3277 3918 3334 3967 ὲν
3362 3918 3546 3987 ταύτῷ
3579 3922 3673 3973 καὶ
3709 3923 3832 3985 Θεὸς

2267 4001 2496 4064 τέλειος·
2532 3999 2611 4063 είς
2649 4006 2712 4072 τῇ
2742 4003 3054 4066 ὑποστάσει,
3084 4005 3301 4068 διπλοῦς
3326 4009 3391 4076 τῇ
3424 4008 3623 4075 φύσει·
3660 4012 3831 4074 καθὼς

2268 4093 2316 4145 οἱ
2345 4091 2588 4161 θεοφόροι
2621 4094 2882 4164 Πατέρες,
2914 4096 3008 4149 καὶ
3031 4098 3085 4148 αἱ
3115 4097 3252 4149 έπτὰ
3277 4097 3430 4164 ἅγιαι
3459 4103 3827 4171 οίκουμενικαὶ

2270 4183 2474 4235 σύνοδοι
2497 4185 2737 4248 ἐξέθεντο
2755 4201 2768 4216 ·
2806 4203 2825 4235 ι
2868 4186 3175 4255 Ὁμολογεῖν
3195 4204 3253 4239 τε
3279 4188 3377 4259 τὴν
3405 4190 3684 4260 Παρθένον
3715 4195 3828 4248 Θεο-

2269 4277 2448 4339 τόκον,
2483 4277 2696 4329 πάντων
2736 4273 2898 4330 οὖσαν
2941 4279 3277 4352 ὑψηλοτέραν
3328 4288 3422 4336 καὶ
3466 4290 3822 4357 τιμιωτέραν·

2269 4369 2571 4438 δυναμένην
2614 4387 2673 4421 τε
2721 4370 3041 4441 πρεσϐεύειν
3076 4373 3356 4442 μητρικῶς
3403 4373 3484 4441 τῷ
3529 4377 3698 4444 αὐτῆς
3724 4381 3824 4442 Tit;

2268 4462 2361 4514 καὶ
2414 4463 2602 4532 Κυρίῳ
2632 4463 2771 4533 ὑπὲρ
2803 4463 2998 4526 παντὸς
3041 4463 3135 4516 τοῦ
3162 4465 3385 4534 κόσμου.
3428 4466 3744 4537 Ὀμολογεῖν
3772 4487 3821 4522 τε

2262 4554 2388 4615 τοὺς
2417 4555 2699 4621 ἀγγέλους,
2730 4554 3134 4624 ύπερδεομένων
3164 4556 3255 4608 καὶ
3286 4557 3468 4610 αὐτῶν
3497 4560 3716 4613 πάντων
3742 4563 3820 4614 ἀν-

2266 4645 2516 4714 θρώπων.
2543 4646 2615 4698 Τό
2642 4663 2699 4698 τε
2721 4647 2994 4716 δαιμόνιον
3019 4646 3181 4716 φῦλον
3211 4649 3410 4717 ἀμιγὲς
3433 4645 3578 4705 εῖναι
3603 4655 3681 4717 είς
3706 4655 3816 4707 αἰῶ-

2265 4754 2358 4798 νας
2389 4737 2797 4808 ἁτελευτήτους,
2834 4738 2971 4810 ’πρὸς
2997 4740 3192 4802 αὐτοὺς
3232 4742 3292 4793 τὸ
3341 4741 3475 4803 ἴδιον
3521 4747 3817 4816 οἰκητήριον

2265 4826 2336 4881 δι’
2360 4829 2692 4881 ἀποστασίαν
2726 4830 3112 4897 ἀπολιπόντας,
3152 4832 3245 4884 καὶ
3272 4834 3816 4906 καταδεδικασμένους

2272 4921 2374 4971 ὑπὸ
2402 4920 2537 4973 Θεοῦ
2563 4922 2791 4985 ἐνδίκοις
2821 4923 3124 4976 κολάσεσιν.
3171 4924 3487 4992 Ὀμολογείν
3508 4945 3566 4979 τε
3595 4930 3687 4982 καὶ
3712 4931 3816 4988 τοὺς

2273 5011 2460 5077 ἁγίους
2490 5011 2699 5074 πάντας
2748 5013 2823 5075 ὡς
2851 5014 3182 5083 θεράποντας
3211 5015 3367 5078 Θεοῦ,
3403 5017 3726 5088 πρεσὸεύειν
3753 5022 3816 5087 τῷ

2272 5102 2393 5174 Θεῷ
2427 5103 2755 5172 δυναμένους
2781 5107 2860 5168 είς
2895 5108 3167 5175 σωτηρίαν
3187 5107 3366 5176 ἡμῶν.
3401 5108 3526 5161 Ἔτι
3561 5111 3816 5179 ὁμολογεῖν

2273 5192 2372 5254 τὰς
2400 5193 2561 5260 ἁγίας
2591 5197 2824 5260 εἰκόνας,
2849 5197 3010 5250 αὑτοῦ
3035 5215 3092 5249 τε
3115 5199 3207 5250 τοῦ
3238 5199 3448 5268 Κυρίου
3478 5203 3640 5271 ἡμῶν
3669 5201 3815 5273 Ἰησοῦ

2273 5283 2531 5352 Χριστοῦ,
2591 5288 2689 5354 τῆς
2736 5303 2795 5337 τε
2846 5286 3009 5340 αὑτοῦ
3051 5287 3293 5357 Μητρὸς,
3339 5289 3598 5356 ἀγγέλων
3641 5310 3698 5345 τε
3741 5296 3816 5346 καὶ

2272 5378 2489 5428 πάντων
2525 5377 2714 5445 ἁγίων,
2741 5382 3060 5447 προσκυνεῖν
3081 5396 3138 5430 τε
3163 5380 3260 5431 καὶ
3281 5382 3664 5450 ἀποδέχεσθαι,
3697 5389 3813 5437 κατὰ

2269 5465 2329 5516 τὸ
2384 5466 2742 5532 δογματισθὲν
2773 5469 2839 5536 τῇ
2886 5469 2943 5518 έν
2990 5466 3194 5536 Natat;
3227 5467 3286 5519 τὸ
3325 5467 3582 5538 δεύτερον
3624 5471 3812 5538 συνόδῳ·

2270 5556 2686 5628 ἀναθεματίζειν
2737 5577 2793 5612 τε
2830 5562 3039 5622 πάντας
3070 5559 3379 5631 αίρετικοῦς
3413 5562 3544 5626 τοὺς
3585 5563 3686 5618 ὑπὸ
3724 5562 3811 5616 τῶν
