3976 6322
163 367 196 430 1
219 367 332 430 5‘29

1375 365 1906 428 EPISTOLARUM
1944 366 2091 428 LIB.
2142 366 2226 428 II.

3282 371 3426 436 1530

154 481 425 534 συνόδων
460 478 1049 550 ἀναθεματιζομένους·
1099 477 1491 548 ἀνακηρύττειν
1540 479 1738 540 πάντας

1853 479 2047 534 reticos
2071 481 2211 547 quia
2239 477 2459 545 synodis
2483 479 2918 535 anathematizati
2939 491 3102 548 sunt,
3146 486 3442 552 pmlicare

146 570 315 633 τοὺς
346 569 658 642 ὀρθοδόξους
683 571 816 642 παρ’
843 570 1022 623 αὐτῶν
1047 570 1514 640 εύφημουμένους.
1545 568 1693 639 Αὕτη
1719 570 1738 619 ’ί

1858 583 1953 624 eos
1985 585 2174 625 omnes
2198 585 2337 638 quos
2362 571 2564 626 eaedem
2595 581 2654 626 ut
2687 572 3019 629 orthodoxos
3059 574 3312 631 laudibus
3331 593 3428 632 ex-

154 660 419 731 ἀληθινὴ
452 659 611 732 [Cod.
644 660 775 731 Reg.
800 659 1119 730 είλικρινὴς]
1150 662 1331 724 πίστις
1358 661 1466 714 τῶν
1491 661 1750 731 Χριστια-

153 752 333 804 νῶν·
384 751 543 805 τοῦτο
584 753 643 805 τὸ
675 752 970 822 μαρτύριον
1015 752 1116 820 τῆς
1161 752 1397 820 Χριστοῦ
1442 751 1748 821 ὁμολογίας.

151 842 348 914 Παρὰ
373 842 544 896 ταῦτα
572 845 600 896 ὁ
625 843 834 914 φρονῶν
859 845 970 912 ῆτω
991 842 1235 910 ἀνάθεμα
1264 842 1372 895 ἀπὸ
1397 843 1488 896 τοῦ
1514 843 1749 911 Πατρὸς,

153 935 279 986 καὶ
311 932 406 985 τοῦ
433 932 587 998 Υίοῦ,
619 935 712 986 καὶ
740 932 833 986 τοῦ
863 933 1017 1000 ἁγίου
1040 933 1354 1002 Πνεύματος
1373 947 1388 963 ⁶
1413 933 1555 989 καθά
1586 949 1750 1001 φησιν

149 1028 198 1077 ὁ
237 1025 538 1087 ἀπόστολος
587 1023 834 1086 Παῦλοςι
866 1025 996 1077 Ὀτι
1034 1023 1152 1078 κᾶν
1190 1024 1382 1092 ἡμεῖς,
1415 1022 1454 1092 ἢ
1496 1023 1750 1093 ἅγγελος

147 1118 246 1181 ἐξ
286 1116 545 1183 οὐρανοῦ
572 1115 1009 1185 εὐαγγελίζηται
1036 1117 1178 1187 ὑμῖν
1207 1115 1340 1184 παρ’
1370 1115 1402 1184 δ
1438 1118 1748 1185 εὐηγγελι-

148 1207 433 1276 σάμεθα,
458 1205 719 1276 ἀνάθεμα
737 1209 910 1261 ἔστω.
949 1207 1043 1274 Ὧς
1071 1208 1410 1276 προείρηκα,
1437 1206 1534 1260 καὶ
1564 1206 1750 1260 πάλιν

149 1298 364 1365 λέγωο
394 1299 464 1351 Ei
499 1315 590 1363 τις
616 1300 766 1366 ὑμᾶς
804 1298 1234 1368 εὐαγγελίζεται
1262 1299 1398 1367 παρ’
1427 1297 1460 1352 ὃ
1488 1298 1748 1366 παρελά-

153 1391 329 1455 ϐετε,
359 1389 625 1457 ἀνάθεμα
657 1389 830 1444 ἔστω.
875 1390 1025 1444 Ἐπεὶ
1067 1387 1160 1445 οὖν
1196 1390 1357 1452 αὐτὸς
1395 1387 1746 1458 λεπτομερῶς

149 1497 350 1532 ταυτα
375 1479 712 1548 ἑξεκάλυψας
751 1483 807 1534 ὲν
831 1483 944 1545 τοῖς
975 1481 1264 1554 γράμμασί
1294 1497 1385 1533 σου
1406 1496 1418 1508 ·
1449 1479 1564 1533 δέον
1597 1481 1747 1531 πᾶσα

1858 663 2115 716 tulerunt.
2165 662 2293 719 Haec
2356 679 2481 719 vera
2523 672 2606 721 est
2649 662 3083 720 Christianorum
3114 667 3248 727 ﬁdes
3279 685 3294 722 ι
3329 669 3433 725 hoc

1856 753 2229 808 testimonium
2276 755 2637 811 confessionis
2685 755 2910 811 Christi.
2970 756 3134 812 Extra
3179 760 3296 814 hate
3332 762 3433 830 qui

1853 839 2038 904 sentit,
2070 841 2358 893 anathema
2381 841 2509 894 sita
2560 842 2738 905 Patre,
2793 852 2846 896 et
2900 842 3058 910 Filio,
3122 854 3177 899 et
3224 845 3426 913 Spiritu

1855 937 2083 982 sancto:
2113 929 2256 983 sicut
2279 930 2476 984 Paulus
2504 932 2783 998 apostolus
2815 932 2892 985 ait
2927 949 2940 985 :
2978 931 3127 984 Licet
3182 951 3294 998 nos,
3334 943 3431 986 aut

1853 1023 2065 1088 angelus
2096 1020 2158 1074 de
2188 1021 2314 1073 caelo
2362 1024 2683 1092 evangelizeo
2721 1024 2863 1076 vobis
2904 1033 3252 1092 praeterquam
3286 1025 3427 1094 quod

1851 1111 2338 1182 evangelisavimus.
2388 1116 2671 1167 anathema
2706 1116 2798 1170 sit.
2863 1113 3015 1168 Sicut
3078 1114 3325 1183 prcedixi,
3377 1127 3428 1168 et

1853 1221 1989 1258 nunc
2037 1205 2228 1257 iterum
2278 1205 2395 1258 dico
2430 1221 2448 1258 :
2478 1204 2536 1260 Si
2569 1208 2683 1276 quis
2707 1208 2849 1262 vobis
2874 1207 3193 1276 evangelizct
3231 1216 3426 1277 prater

1852 1293 1992 1363 quod
2015 1295 2315 1363 accepistis,
2346 1295 2629 1350 anathema
2655 1299 2724 1350 sit
2742 1297 2786 1329 ⁸⁸
2812 1337 2826 1350 .
2854 1297 3120 1364 Quoniam
3150 1314 3278 1367 ergo
3308 1301 3426 1354 haec

1853 1384 2166 1454 singillatim
2201 1387 2502 1455 exposuisti
2547 1389 2600 1442 in
2637 1388 2830 1443 litteris
2866 1389 2972 1443 luis
3009 1405 3023 1453 ;
3071 1403 3296 1444 necesse
3341 1401 3427 1444 est

1851 1489 2078 1543 prorsus
2129 1477 2443 1531 contitearis
2507 1486 2561 1531 te
2587 1478 2660 1532 ita
2719 1483 2938 1533 sentire.
2993 1478 3108 1533 Hoc
3148 1494 3275 1533 vero
3329 1480 3425 1548 qui

153 1572 394 1638 ἀνάγκη
424 1571 754 1640 ὁμολογῆσαί
784 1589 844 1624 σε
877 1571 1018 1625 οὕτω
1047 1575 1280 1642 φρονεῖν.
1306 1571 1476 1624 Τοῦτο
1509 1571 1565 1624 δὲ
1591 1569 1738 1622 ἔσται

1853 1561 1941 1614 [iet
1967 1561 1990 1614 ?
2018 1561 2076 1615 Si
2098 1563 2165 1617 ad
2189 1562 2348 1617 ﬁnem
2371 1564 2612 1632 epistola:
2632 1565 2796 1634 hujus
2823 1566 3140 1619 subscribas
3167 1565 3320 1634 juxta
3340 1566 3426 1619 in-

151 1663 331 1727 πῶς;
387 1661 475 1714 ἵνα
510 1663 570 1713 ὲν
608 1661 684 1732 τῷ
719 1663 1044 1734 πληρώματι
1076 1663 1178 1732 τῆς
1221 1661 1514 1732 ἐπιστολῆς
1542 1660 1744 1729 ταύτης

151 1751 501 1822 ὑπογράψῃς
532 1753 674 1805 κατὰ
704 1754 766 1805 τὸ
795 1753 1161 1822 ἐμφερόμενον
1188 1752 1490 1808 πιττάκιον.
1512 1751 1620 1803 Καὶ
1647 1750 1742 1802 06-

1848 1661 2052 1705 sertum
2087 1654 2139 1706 in
2170 1669 2232 1706 ea
2265 1655 2569 1722 pittacium.
2604 1657 2779 1725 Atque
2807 1660 2880 1710 ita
2913 1673 3018 1725 paa:
3046 1656 3159 1722 Dei,
3186 1673 3302 1726 quas
3328 1673 3426 1711 ex-

1848 1751 2055 1810 superat
2078 1759 2278 1796 omnem
2306 1761 2535 1810 sensum,
2559 1747 2814 1800 custodiet
2842 1745 2908 1812 ‘9,
2941 1762 3278 1817 praemiaque
3316 1747 3427 1802 alli-

145 1816 365 1910 vztocnﬂ
409 1816 624 1910 *ε’ίρήνη
670 1842 775 1895 τοῦ
827 1816 980 1895 vaso-6
1005 1816 1061 1908 ’ἡ
1118 1843 1498 1911 ὑπερέχουσα
1541 1841 1736 1895 πάντα

1853 1834 1958 1888 ciet
1986 1849 2085 1889 nos
2133 1845 2186 1890 et
2215 1851 2312 1890 vos
2352 1837 2405 1890 in
2448 1854 2559 1893 uno
2611 1839 2806 1908 spiritu
2840 1849 2894 1893 et
2944 1854 3053 1892 uno
3117 1841 3300 1904 corde,
3364 1848 3425 1893 ut

146 1932 343 1995 γοῦν,
388 1931 735 2000 φρουρήσει,
763 1933 857 1984 καὶ
883 1931 1172 2000 βραϐεύσει
1206 1934 1350 2003 ἡμᾶς
1386 1949 1444 1986 τε
1471 1932 1566 1984 καὶ
1595 1931 1738 2001 ὑμᾶς

1842 1925 2152 1994 credamus,
2197 1928 2553 1998 colamusque
2590 1940 2837 1985 sanctam
2866 1931 3210 1994 Trinitatem,
3242 1930 3308 1984 ad
3335 1945 3424 1984 sa-

145 2027 223 2077 ὲν
267 2025 350 2077 ἑνὶ
391 2025 662 2093 πνεύματι
689 2024 784 2076 καὶ
828 2027 924 2094 μιᾷ
955 2025 1174 2096 καρδίᾳ,
1197 2025 1473 2080 πιστεύειν
1522 2024 1614 2077 καὶ
1642 2023 1738 2076 λα-

1853 2017 2011 2070 lutem
2043 2026 2354 2072 nostrarqu
2378 2020 2708 2084 animarum,
2737 2028 2790 2074 et
2817 2019 2997 2088 pepuli
3023 2018 3078 2072 in
3113 2020 3250 2074 duas
3289 2034 3421 2088 par-

146 2112 386 2180 τρεύειν
437 2115 502 2181 τῇ
546 2113 676 2182 άγίᾳ
715 2112 906 2184 Τριάδι
959 2114 1053 2166 ἐπὶ
1101 2116 1345 2185 σωτηρίᾳ
1398 2114 1506 2167 τῶν
1551 2131 1612 2166 τε
1658 2113 1739 2165 ol-

147 2207 333 2259 κείων
353 2206 560 2276 ψυχῶν,
588 2208 682 2260 καὶ
707 2205 800 2259 τοῦ
841 2207 1202 2277 διαιρεθέντος
1231 2206 1360 2259 λαοῦ
1393 2209 1472 2268 είς
1499 2206 1593 2259 δύο
1639 2204 1735 2275 μέ-

1843 2118 1926 2164 tes
1961 2109 2176 2165 dissecti
2203 2126 2216 2163 :
2254 2125 2442 2165 coram
2472 2112 2676 2166 domno
2713 2112 3000 2166 JOannicio
3021 2112 3293 2180 spirituali
3325 2127 3424 2180 pa-

1840 2207 1922 2253 tre
1951 2215 2154 2266 nosuo,
2190 2210 2353 2271 teque
2379 2211 2434 2257 et
2464 2213 2618 2273 patre
2645 2212 2700 2257 et
2728 2203 2897 2258 fratre
2919 2211 3110 2259 nostro
3153 2204 3422 2259 honoran-

149 2315 233 2366 ρη
255 2315 268 2327 ·
295 2296 554 2349 ἀπέναντι
575 2295 669 2348 τοῦ
696 2296 865 2368 κυροῦ
895 2298 1218 2351 Ἰωαννικίου
1239 2298 1333 2350 τοῦ
1360 2292 1735 2365 πνευματικοῦ
1843 2294 1913 2346 do
1937 2292 2106 2363 (58").

150 2387 327 2459 ἡμῶν
355 2387 589 2455 Πατρὸς,
634 2388 730 2440 καὶ
775 2387 868 2440 σοῦ
913 2387 1005 2440 τοῦ
1047 2389 1230 2458 τιμίου
1263 2387 1357 2442 καὶ
1396 2386 1601 2459 πατρὸς
1641 2384 1736 2441 καὶ
1772 2379 2000 2471 ἀδελφοῦ
2026 2383 2200 2453 ἡμῶν.

405 2501 544 2556 ΡΞΖ¹
568 2502 705 2573 (59).
734 2530 808 2542 -—
831 2502 1088 2571 Διογένει
1129 2501 1476 2572 ἀσηκρῆτις.

2106 2493 2357 2550 CLXVII.
2386 2525 2457 2536 —
2483 2495 2703 2566 Diogeni
2727 2501 3008 2553 secretario
3030 2497 3127 2569 (⁸).

674 2616 750 2666 De
766 2617 1068 2667 sanctissima
1089 2618 1232 2682 imagi
1242 2632 1304 2667 ne
1324 2615 1524 2677 Christi,
1559 2623 1614 2666 et
1643 2615 1772 2680 quod
1795 2611 1984 2662 adorari
2006 2610 2229 2662 relative
2251 2613 2454 2672 debeat,
2478 2627 2576 2663 non
2599 2614 2741 2664 latria
2764 2616 2886 2666 coli.

765 2725 1118 2778 ΕΡΩΤΗΣΙΣ.

227 2811 362 2880 Πῶς
387 2811 484 2866 δεῖ
505 2814 714 2867 καλεῖν
741 2814 857 2881 τὴν
880 2818 1134 2881 Χριστοῦ
1155 2816 1375 2881 εἰκόνα,
1404 2815 1504 2872 καί
1527 2813 1653 2880 πῶς

575 2883 766 2953 αὐτὴν
793 2885 1159 2952 προσκυνεῖν
1183 2886 1320 2954 χρή.

750 2997 1136 3052 ΑΠΟΚΡΙΣΙΣ.

2381 2717 2919 2779 INTERROGATIO.

1901 2808 2170 2875 Quomodo
2192 2809 2508 2884 appellanda
2533 2812 2600 2864 sit
2629 2813 2800 2884 imago
2826 2812 3048 2879 Christi,
3061 2823 3117 2871 ιι
3140 2816 3402 2884 quomodo

2204 2881 2350 2934 illam
2380 2891 2617 2949 oporteat
2642 2883 2898 2937 adorare.

2449 2990 2850 3048 RESPONSIO.

240 3113 308 3166 Ἦ
331 3109 595 3182 ἐρώτησις
617 3110 808 3179 διπλῆν
831 3111 929 3179 τὴν
956 3111 1246 3179 ἀπόκρισιν
1269 3109 1404 3179 ἔχει,
1428 3111 1596 3180 ἤγουν
1624 3107 1720 3177 τὴν

1894 3102 2245 3173 Interrogatio
2274 3103 2542 3172 duplicem
2598 3106 2762 3161 habet
2815 3110 3246 3176 responsionem,
3284 3110 3402 3164 sive

150 3203 374 3272 κλῆσιν.
414 3200 646 3268 Λέγεται
677 3200 785 3269 γὰρ
828 3201 922 3252 καὶ
959 3199 1180 3269 κυρίως,
1216 3200 1308 3251 καὶ
1338 3200 1398 3252 οὐ
1431 3198 1636 3266 κυρίως
1661 3197 1722 3249 τὸ

1853 3194 2275 3262 appellationem.
2319 3193 2525 3249 Dicitur
2601 3199 2747 3252 enim
2801 3210 2854 3253 et
2901 3201 3153 3268 proprie,
3205 3210 3258 3255 et
3301 3217 3409 3254 non

151 3297 246 3348 ἐπ’
270 3293 407 3363 αὑτῇ
434 3293 849 3369 ὀνομαζόμενον.
874 3290 1089 3361 Κυρίως
1113 3293 1210 3359 μὲν
1233 3291 1363 3361 γὰρ,
1393 3289 1554 3343 εἰκὼν
1585 3290 1723 3359 Χρι-

1853 3284 2059 3350 ιτοριείε,
2102 3283 2153 3338 id
2205 3285 2347 3352 quod
2410 3286 2461 3338 in
2524 3301 2587 3340 ea
2656 3291 2991 3344 nominatur.
3058 3289 3302 3360 Proprie,
3360 3296 3409 3350 si

153 3382 288 3435 στοῦ
314 3383 547 3450 εῐρηται,
567 3382 600 3450 ἡ
622 3381 784 3432 εἰκὼν
807 3379 991 3432 αὑτοῦ·
1014 3378 1072 3430 οὑ
1097 3379 1300 3446 κυρίως
1321 3377 1396 3442 δὲ,
1418 3378 1543 3429 ὅταν
1565 3374 1724 3444 καλῆ-

1853 3391 2022 3442 ιειιιμε
2077 3377 2256 3446 imago
2291 3376 2516 3442 Christi,
2579 3379 2697 3448 ejus
2742 3381 2922 3451 imago
2976 3382 3230 3451 dicatur;
3299 3402 3406 3442 noxi

150 3493 248 3527 ται
280 3473 532 3542 Χριστὸς,
552 3472 687 3525 άλλά
721 3472 861 3525 κατά
891 3469 1223 3538 κατάχρησιν
1240 3469 1314 3532 ὼς
1340 3470 1471 3538 ἔχει.
1503 3469 1719 3530 Ἐπίτε

1853 3467 2046 3534 ιτορτὶε
2075 3476 2274 3530 autem,
2317 3467 2363 3521 si
2401 3469 2658 3525 Christus
2712 3473 3030 3540 appelletur.
3074 3477 3166 3530 sed
3197 3492 3291 3545 per
3316 3492 3409 3531 ca-

151 3564 253 3618 :06
277 3563 537 3628 ζωοποιοῢ
562 3562 790 3630 σταυροῦ
807 3561 1006 3616 καὶτοῦ
1027 3561 1194 3612 τύπου
1216 3561 1399 3639 αὑτοῦ,
1428 3557 1718 3630 ὁμολογοῦν

1854 3559 2144 3612 achresim.
2205 3557 2260 3611 In
2337 3562 2547 3615 viviﬁca
2593 3565 2721 3617 item
2783 3582 2962 3634 cruce,
3037 3579 3089 3622 et
3163 3570 3217 3622 in
3286 3571 3406 3639 ejus

151 3657 215 3710 τὸ
247 3654 526 3724 θεώρημα.
574 3654 842 3717 Ὡσαύτως
887 3655 980 3707 καὶ
1013 3653 1100 3704 ἐπὶ
1142 3652 1236 3719 τῆς
1276 3631 1715 3722 προσκυνήσεως,

1853 3647 2025 3716 (ligio,
2083 3665 2178 3717 par
2248 3661 2331 3705 est
2384 3654 2542 3710 ratio.
2607 3656 2697 3710 Sic
2750 3659 2913 3710 etiam
2979 3660 3032 3713 in
3091 3663 3405 3716 atloratiune

163 3745 565 3814 παραπλησίως
598 3745 673 3816 τῷ
704 3747 855 3816 τύπῳ
883 3745 974 3798 τοῦ
1004 3745 1304 3814 σταυροῠ,ἡ
1328 3743 1712 3816 προσκύνησις.

1853 3739 2067 3807 naginis
2117 3741 2365 3798 similiter
2445 3755 2609 3813 atque
2667 3748 2721 3801 in
2777 3750 2956 3804 crucis
3036 3753 3210 3823 eﬂigie
3244 3793 3259 3817 ,
3343 3769 3404 3809 se

153 3837 393 3908 Σχετικὴ
420 3835 550 3906 γὰρ,
579 3837 654 3900 ὡς
679 3836 785 3890 τῶν
817 3838 950 3906 πρός
977 3855 1028 3888 τι
1060 3835 1248 3898 ὄντων,
1271 3834 1624 3911 πρωτοτύπου
1654 3850 1713 3885 τε

1855 3830 1976 3884 abet
2040 3832 2307 3887 adoratio.
2390 3833 2630 3890 ltelativa
2700 3840 2847 3892 enim
2874 3850 2976 3904 est,
3012 3854 3268 3915 tauquam
3309 3864 3400 3904 eo-

153 3931 253 3981 καὶ
286 3927 513 3992 εἰκόνος,
538 3928 678 3980 κατὰ
700 3928 796 3996 τὴν
823 3927 1015 3997 φωνὴν·
1031 3925 1122 3978 τοῦ
1149 3925 1384 3995 μεγάλου
1408 3925 1710 3981 Βασιλείου.

1853 3937 1934 3974 um
1961 3937 2083 3991 quae
2117 3926 2185 3975 ad
2233 3925 2443 3995 aliquid
2478 3939 2628 3993 sunt,
2677 3935 2951 4001 prototypi
3000 3944 3052 3989 et
3101 3937 3352 4008 imaginis
3380 3983 3399 4007 ,

164 4020 233 4071 'H
263 4017 369 4087 γὰρ
402 4018 532 4087 τιμὴ
567 4017 665 4086 τῆς
699 4019 903 4081 είκόνος
949 4016 1042 4070 ἐπὶ
1086 4016 1145 4067 τὸ
1187 4015 1554 4100 πρωτότυπον.
1577 4015 1708 4066 ἀνα·

1853 4019 1965 4064 txla
2009 4010 2229 4065 ell'atum
2289 4014 2472 4082 magni
2505 4015 2692 4069 Basilii
2732 4018 2796 4071 '°.
2843 4019 3027 4073 llonor
3061 4023 3205 4075 enim
3263 4025 3399 4080 ima-

151 4106 360 4160 δαίνει·
389 4105 505 4158 ἐστι
542 4105 650 4158 τῶν
680 4107 1000 4175 ἀμφοτέρων
1035 4105 1128 4174 μία
1158 4105 1191 4173 ἡ
1221 4101 1585 4173 προσκύνησις
1605 4117 1618 4131 ·
1648 4102 1710 4154 οὐ

1853 4103 1952 4157 inis
1994 4105 2254 4157 ascendit.
2294 4106 2358 4159 ad
2390 4116 2731 4178 prototypum
2760 4125 2778 4162 :
2811 4125 2918 4163 una
2940 4112 3138 4181 quippe
3167 4123 3250 4168 est
3281 4130 3398 4169 am-

153 4196 472 4267 σχιζομένη,
507 4197 628 4250 οὐδὲ
656 4197 1026 4267 διαιρουμένη.
1056 4195 1172 4250 ἀλλ’
1199 4198 1293 4248 ἐπὶ
1325 4196 1420 4266 μὲν
1442 4195 1535 4248 τοῦ
1562 4212 1712 4265 πρω-

1853 4209 2003 4247 orum
2044 4194 2310 4256 adoratio.
2343 4213 2448 4250 non
2470 4199 2662 4264 scissa,
2699 4215 2876 4268 neque
2941 4202 3114 4258 divisa
3145 4221 3160 4269 ;
3195 4207 3286 4259 sed
3339 4208 3394 4262 in

149 4287 386 4340 τοτύπου
416 4285 688 4348 οὐσιωδῶς
707 4301 722 4316 ο
754 4289 845 4338 ἐπὶ
873 4287 930 4338 δὲ
956 4285 1048 4339 τοῦ
1080 4285 1411 4353 παραγώγου
1447 4283 1710 4352 σχετικῶς

1853 4294 2092 4355 rototypo
2118 4288 2338 4354 quidem
2383 4291 2749 4344 essentialiter
2788 4294 3082 4358 exsistens,
3141 4297 3194 4349 in
3221 4296 3393 4368 effigie

152 4377 508 4447 ὑπάρχουσα·
558 4376 742 4447 ὧσπερ
791 4378 884 4430 καὶ
931 4377 992 4430 τὸ
1035 4372 1173 4438 εἶδος
1211 4376 1311 4444 τῆς
1348 4375 1559 4446 μορφῆς
1585 4392 1599 4405 ο
1627 4376 1708 4428 ὅτι

1853 4393 1936 4431 cro
1997 4394 2278 4444 expressa,
2329 4380 2571 4436 relative.
2615 4383 3087 4446 Quemadmodum
3109 4398 3162 4442 et
3205 4388 3393 4445 forma:

152 4471 268 4520 ἐκεῖ
291 4468 389 4537 μὲν
415 4467 679 4534 φυσικῶς.
713 4467 944 4520 ἐνταῦθα
965 4468 1020 4521 δὲ
1040 4466 1316 4536 μεθεκτῶς
1344 4467 1623 4535 πάρεστιν.
1653 4465 1710 4517 Ὀ

1853 4468 2039 4535 pecies,
2073 4470 2183 4523 illic
2210 4471 2429 4539 quidem
2450 4474 2799 4539 naturaliter,
2856 4475 2944 4530 hic
3012 4493 3140 4531 vero
3171 4482 3391 4548 partici-

152 4559 283 4627 γοῦν
304 4557 624 4629 προσκυνῶν
645 4558 742 4629 τὴν
769 4559 949 4612 εἰκόνα
975 4557 1302 4618 οὑτινοσοῦν,
1326 4558 1434 4610 εἴτε
1455 4555 1710 4627 Χριστοῦ,

1853 4560 2047 4614 atione.
2092 4561 2345 4631 Quiergo
2399 4564 2592 4618 adorat
2629 4566 2920 4636 imaginem
2977 4570 3385 4641 cujuscunque,

153 4651 262 4704 εἴτε
292 4650 388 4717 τῆς
418 4649 701 4713 Θεοτόκου,
729 4651 838 4700 είτε
865 4650 1040 4716 ἁγίου,
1073 4649 1181 4701 εἴτε
1208 4647 1391 4709 ἁπλῶς
1431 4644 1710 4716 βασιλέως,

1853 4653 1926 4706 ive
1959 4653 2178 4716 Christi,
2214 4655 2328 4708 sive
2359 4655 2619 4727 Deiparaa,
2646 4658 2758 4711 sive
2786 4660 2984 4722 sancti,
3017 4662 3132 4715 sive
3174 4664 3386 4733 simpli-

153 4744 260 4794 εἴτε
289 4741 571 4810 ἄρχοντος,
610 4740 718 4821 sits
770 4741 1057 4810 ὑφειμένου
1103 4736 1410 4808 ἀνθρώπου,
1454 4738 1512 4788 ὲν
1539 4734 1714 4805 ταύτῃ

1853 4742 1944 4796 iter
1972 4744 2133 4813 regis,
2171 4744 2283 4798 sive
2303 4748 2566 4816 principis
2592 4788 2608 4809 ,
2640 4750 2754 4803 sive
2779 4751 3058 4807 inferioris
3091 4755 3328 4810 hominis
3363 4773 3380 4821 ;

154 4831 528 4901 προσεκύνησε
578 4812 669 4884 τὸν
714 4825 882 4901 οὗπερ
923 4830 1059 4901 αὕτη
1097 4830 1356 4898 τυγχάνει
1386 4827 1581 4880 εἰκών·
1618 4826 1713 4878 καὶ

1853 4851 1867 4887 t
1901 4835 2003 4888 hac
2027 4812 2270 4891 adoravit
2300 4812 2451 4893 illum
2484 4812 2645 4910 cujus
2678 4843 2790 4911 ipsa
2818 4854 2904 4898 est
2945 4845 3126 4915 imago
3157 4862 3171 4909 ;
3222 4854 3275 4899 et
3306 4848 3380 4902 ita

152 4921 290 4974 οὕτω
319 4921 640 4993 προσκυνῶν
664 4922 723 4972 οὐ
751 4922 1042 4990 σφάλλεται
1103 4920 1214 4973 ἀλλ’
1239 4919 1531 4990 ὀρθοδόξως
1563 4919 1709 4986 ἐρει-

1853 4927 2050 4983 dorans
2084 4945 2190 4982 non
2234 4940 2430 4993 errat,
2459 4933 2551 4985 sed
2612 4935 2922 4988 orthodoxe
2977 4936 3241 5001 ﬁrmatus,
3285 4952 3383 4993 eos

149 5014 390 5083 δόμενος,
436 5013 563 5076 τοὺς
609 5013 692 5080 ἐφ’
727 5015 961 5085 ἑκάτερᾳ
989 5016 1054 5082 τῇ
1086 5013 1311 5082 ἀληθείᾳ
1357 5010 1709 5063 ἀντιπίπτον-

1853 5019 1901 5070 ιιί
1926 5021 2136 5073 veritati
2179 5022 2500 5075 alterutram
2533 5023 2584 5076 in
2614 5034 2825 5093 partem
2866 5027 3160 5089 obsistunt,
3187 5029 3382 5084 merito

151 5121 265 5167 τας,
297 5103 524 5164 ἐνδίκως
551 5103 937 5173 ἀποκρούεται.
970 5106 1124 5165 Τίνες
1152 5105 1210 5155 δὲ
1240 5096 1413 5166 οὖτοις
1439 5102 1492 5154 οἵ
1515 5117 1573 5152 τε
1601 5102 1707 5152 ἁπ-

1853 5109 2031 5176 ερείιίι.
2072 5109 2305 5174 Quinam
2338 5128 2465 5165 vero
2489 5114 2543 5166 hi
2576 5117 2752 5169 sunt?
2786 5126 2900 5170 tum
2933 5118 2965 5170 ii
2997 5118 3090 5186 qui
3119 5134 3383 5172 veneran-

150 5193 486 5263 αναινόμενοι
517 5199 840 5262 προσκυνεῖν
870 5196 967 5258 τὰς
1012 5194 1212 5256 σεπτάς
1240 5194 1453 5254 εἰκόνας
1479 5209 1492 5224 ο
1535 5193 1625 5244 καὶ
1657 5192 1707 5242 οἱ

1853 5212 1899 5250 is
1928 5196 2188 5265 imagines
2228 5200 2465 5255 adorare
2491 5203 2742 5258 abnuunt
2775 5222 2789 5269 ;
2822 5217 2934 5260 tum
2969 5207 3004 5260 ii
3053 5207 3145 5275 qui
3175 5207 3228 5259 in
3246 5209 3379 5261 ado-

149 5289 202 5340 ὲν
248 5289 312 5355 τῇ
362 5287 729 5357 προσκυνήσει
768 5287 1035 5355 λέγοντες,
1090 5285 1228 5341 αὐτὰ
1264 5286 1330 5336 τὰ
1376 5285 1702 5354 πρωτότυπα

1853 5289 2009 5343 itione
2043 5290 2564 5364 dicunt,'prototypa
2615 5296 2730 5365 ipsa
2765 5313 2825 5353 se
2867 5298 3088 5368 physice
3117 5297 3376 5358 adorare:

215 5418 259 5450 “
284 5417 462 5473 Galat.
495 5435 534 5486 t,
615 5421 666 5488 8,
700 5422 755 5478 9.
827 5423 871 5456 "
899 5423 1094 5492 Philip.
1123 5438 1196 5487 tv,
1258 5420 1307 5474 7.
1376 5421 1423 5454 ⁷ο
1459 5419 1615 5474 Tom.
1647 5418 1710 5483 ll,
1745 5420 1819 5475 De
1849 5422 2049 5492 Spiritu
2085 5439 2291 5494 sancto,
2327 5445 2378 5484 c.
2415 5429 2504 5496 l8,
2536 5445 2590 5500 p.
2626 5430 2747 5494 189.

1637 5539 1871 5598 NOTAE.

206 5655 352 5727 (58‘)
381 5656 647 5712 Baronius
678 5659 768 5726 qui
791 5659 855 5714 ad
875 5676 1011 5728 ann.
1037 5660 1160 5722 8‘25,
1189 5676 1244 5713 n.
1269 5659 1358 5724 G8,
1382 5661 1524 5713 hanc
1543 5662 1699 5728 epist.

140 5731 349 5790 recitat,
384 5737 531 5780 notat
568 5728 810 5781 ultimam
871 5727 1099 5782 fortasse
1143 5730 1311 5785 fuisse
1349 5747 1378 5784 a
1417 5727 1701 5786 Theodoro

143 5805 347 5862 datam,
389 5797 656 5868 siquidem
701 5813 845 5853 anno
895 5803 1142 5868 sequenti
1177 5817 1207 5855 e
1257 5802 1390 5857 \ivis
1451 5805 1701 5860 excessit.

1883 5659 2092 5737 (§9)_ln
2121 5659 2242 5737 cod.
2268 5659 2399 5731 Reg.
2434 5661 2572 5737 ρηθ’.

1879 5730 1954 5800 (⁸)
1989 5729 2316 5797 Dogtnatica.
