3976 6322
600 358 729 425 1531

1786 362 1848 423 S.
1887 362 2281 427 THEODORI
2322 370 2666 440 STUDITJE

3749 380 3883 447 153?

590 488 826 544 quorum
878 487 976 543 par
1001 482 1084 528 est
1128 482 1489 545 utrorumque
1531 473 1868 545 blasphemia
1902 494 1917 530 :
1957 476 2164 532 illorum

2276 488 2521 553 φυσικῶς
2578 494 2937 561 προσκυνεῖν·
2998 487 3074 548 ῶν
3138 495 3476 567 ἀμφοτέρων
3544 498 3769 567 ἐπίσης
3830 497 3885 546 τὸ

591 563 835 631 quidem,
879 573 937 617 ut
962 564 1055 632 qui
1117 564 1513 618 incarnationis
1565 565 1887 632 mysterium
1928 566 2164 631 tollant;

594 656 784 708 horum
803 669 952 721 vero,
994 662 1055 708 ut
1084 656 1179 722 qui
1208 653 1341 708 deos
1366 654 1479 708 sive
1507 655 1843 709 substantias
1873 654 2075 710 faciant
2104 673 2168 710 ea

564 740 713 817 qua:
747 759 944 803 natura
981 748 1172 817 procul
1220 748 1423 801 absunt
1472 762 1503 801 a
1555 748 1878 818 prototypis.
1919 748 2169 816 Quaproo

592 854 709 911 pter
734 841 1010 895 adoramla
1037 850 1119 895 est
1152 842 1331 911 imago
1364 840 1566 895 Christi
1599 841 1710 906 (hic
1732 841 1875 893 enim
1900 850 1982 894 est
2023 842 2170 894 colo-

594 936 734 999 phon
764 932 1185 1000 dissertationis)
1237 933 1480 995 relative,
1554 942 1857 985 nouantem
1890 932 2038 984 cultu
2088 931 2169 982 Ia-

592 1021 739 1072 triae:
766 1022 866 1074 hoc
890 1022 1261 1073 enimnatura:
1286 1020 1389 1087 ipsi
1431 1020 1636 1072 Christi
1664 1019 1921 1071 convenit
1950 1034 2169 1086 ;quan-

590 1112 885 1179 doquidem
918 1111 1077 1164 unica
1107 1121 1191 1163 est
1254 1110 1537 1164 Trinitatis
1592 1110 1769 1163 lati-ia.
1817 1111 1895 1163 Ac
1921 1126 1989 1162 ne
2055 1110 2169 1177 ipsa

590 1203 810 1270 quidem
837 1201 1061 1269 Deipara
1102 1201 1326 1255 colenda
1352 1210 1433 1254 est
1481 1202 1659 1263 latria,
1688 1216 1863 1269 neque
1898 1216 2029 1253 crux
2057 1199 2171 1266 ipsa

589 1292 824 1345 viviﬁca.
879 1291 969 1345 Sic
1014 1308 1189 1360 neque
1247 1291 1447 1345 Christi
1494 1290 1713 1359 imagini
1762 1289 2049 1343 deferenda
2090 1298 2175 1342 est

590 1384 881 1445 latria,sed
908 1386 1156 1439 adoratio
1190 1402 1203 1438 :
1237 1385 1308 1437 ita
1347 1394 1405 1437 ut
1438 1399 1628 1437 omnes
1666 1382 2042 1437 adorationes.
2078 1396 2173 1449 per

590 1474 997 1527 mediaillorutn
1038 1485 1347 1544 prototypa,
1374 1475 1441 1528 ad
1468 1488 1629 1527 unam
1662 1473 2171 1539 solamquaasanctat

593 1564 883 1620 Trinitatis
934 1568 1304 1621 adorationem
1376 1566 1702 1621 referantur.
1766 1566 1899 1617 Alite
1939 1577 2173 1631 namque

588 1673 697 1712 non
731 1658 1049 1721 latreuticae,
1082 1660 1177 1715 sed
1250 1659 1542 1713 adorativa:
1586 1672 1799 1718 omnes,
1875 1655 2172 1709 secundum

592 1750 892 1807 discrimen
915 1752 1198 1808 inferioris
1224 1762 1316 1807 aut
1334 1750 1628 1805 eminentis
1659 1762 1925 1818 personae.

830 1962 1374 2023 CLXVlll.——Jaanni
1406 1958 1761 2017 Grammatice
1788 1954 1883 2026 (δι).

2278 575 2631 649 βλάσφημον
2676 584 2785 635 τῶν
2826 584 2943 651 μὲν,
2977 585 3052 648 ὡς
3085 587 3459 659 ἀναιρούντων
3494 589 3557 641 τὸ
3588 590 3697 657 τῆς
3737 590 3880 641 οἰκο-

2277 670 2467 739 νομίας
2500 678 2833 743 μυστήριονο
2868 676 2977 729 τῶν
3030 679 3084 732 δὲ
3133 680 3209 740 ὠς
3263 681 3705 741 θεοποιούντων,
3767 681 3880 748 ἦτοι

2274 761 2724 818 οὑσιοποιούντων
2763 767 2831 819 τὰ
2875 770 3090 837 μακρὰν
3119 772 3398 841 ἀπέχοντα
3442 774 3512 841 τῇ
3549 772 3727 837 φύσει
3779 772 3881 823 ἀπὸ

2274 852 2381 905 τῶν
2446 857 2839 923 πρωτοτύπων.
2898 862 3201 932 Τοιγαροῦν
3267 865 3707 934 πρωκυνητὲον
3788 866 3879 932 τὴν

2274 946 2460 1000 εἰκόνα
2482 949 2717 1016 Χριστοῦ
2739 968 2753 981 ⁸
2787 945 2889 1006 ὧδε
2923 956 3033 1025 γὰρ
3063 957 3089 1007 ὁ
3113 956 3359 1025 κολοφὼν
3393 956 3493 1009 τοῦ
3518 958 3693 1025 λόγου
3713 977 3729 989 ·
3764 977 3881 1026 51:-

2271 1039 2459 1103 τικῶς,
2493 1040 2608 1094 ἀλλ’
2653 1044 2711 1096 ού
2754 1046 3114 1116 λατρευτέον·
3149 1050 3308 1102 τοῦτο
3340 1050 3452 1121 γὰρ
3490 1050 3760 1118 φυσικῶς
3798 1051 3877 1101 ἐπ’

2274 1130 2439 1183 αὑτοῦ
2474 1134 2746 1203 Χριστοῦ·
2784 1136 3015 1208 ἐπείπερ
3058 1140 3091 1209 ἠ
3135 1139 3363 1209 λατρεία
3405 1141 3511 1209 μία
3556 1143 3669 1209 τῆς
3702 1140 3876 1209 Τριά-

2273 1222 2381 1285 δος.
2415 1225 2525 1276 Καὶ
2558 1226 2679 1278 οὑδὲ
2706 1228 2842 1297 αὐτῇ
2871 1228 3118 1301 Θεοτόκῳ
3144 1232 3473 1302 λατρευτέον
3496 1248 3511 1261 ·
3552 1232 3688 1283 οὐδὲ
3725 1229 3875 1296 αὑτῷ

2275 1313 2354 1376 τῷ
2381 1312 2627 1385 ζωοποιῷ
2656 1319 2894 1387 σταυρῷ.
2929 1319 3113 1383 Οῦτως
3156 1322 3278 1374 οὐδὲ
3308 1324 3373 1391 τῇ
3405 1321 3667 1390 Χριστοῦ
3702 1322 3878 1371 εέκὸνι

2277 1402 2600 1473 λατρευτέον
2621 1424 2635 1439 ο
2668 1404 3238 1480 ἀλλὰ“προσκυνητέον
3261 1426 3276 1441 ο
3313 1414 3509 1464 πασῶν
3549 1414 3671 1464 τῶν
3704 1428 3877 1480 προς-

2277 1497 2557 1565 κυνήσεων
2613 1498 2701 1551 διὰ
2741 1500 2907 1569 μέσου
2951 1502 3060 1555 τῶν
3101 1505 3222 1557 κατ’
3253 1507 3420 1567 αὑτὰς
3453 1505 3870 1573 πρωτοτύπιυν,

2275 1588 2370 1638 ἐπὶ
2410 1587 2508 1654 τὴν
2547 1589 2677 1656 μίαν
2706 1592 2801 1645 καὶ
2862 1594 3030 1663 μόνην
3077 1594 3438 1666 λατρευτικὴν
3482 1596 3871 1663 προσκύνησιν

2273 1680 2372 1745 τῆς
2424 1678 2586 1746 ἁγίας
2618 1682 2847 1752 Τριάδος
2866 1685 3305 1756 ἀναφερομένων.
3340 1689 3405 1740 Ai
3438 1686 3552 1756 γὰρ
3615 1687 3782 1740 ἄλλαι
3814 1684 3871 1737 οὗ

2274 1768 2647 1839 λατρευτικαὶ,
2678 1775 2813 1828 ἀλλὰ
2868 1781 3237 1849 προσκυνηταὶ
3295 1779 3542 1843 ἅπασαι,
3607 1779 3762 1831 κατὰ
3816 1777 3873 1829 τὸ

2273 1859 2529 1932 διαφορον
2585 1862 2679 1915 τοῦ
2732 1865 3112 1937 ὑφειμένου,ῆ
3170 1868 3506 1938 προύχοντος
3535 1868 3866 1939 προσώπω.

2490 1955 2636 2008 ΡΞΗ⁹
2665 1956 2797 2027 (60).
2821 1986 2895 1999 -
2927 1959 3173 2028 Ἰωάννῃ
3195 1960 3625 2031 Γωμματικῷ.
3708 1959 3865 2033 [ψξῖ]

1975 2044 2100 2106 Quid
2123 2044 2189 2094 sit
2208 2046 2544 2108 suppositum.

658 2169 881 2225 Minime
910 2165 1151 2220 l'ucatum
1222 2162 1449 2215 sincerae
1504 2156 1784 2211 cltaritatis
1850 2152 2141 2206 candorem

585 2260 983 2319 demonstravit
1015 2254 1408 2311 honorabilitas
1466 2258 1556 2303 tua
1592 2251 1644 2302 in
1706 2248 1791 2299 his
1841 2260 1960 2314 qua:
1999 2242 2167 2296 corri-

584 2355 756 2427 genda
786 2350 1093 2407 observavit
1124 2352 1175 2400 in
1202 2347 1339 2398 libro
1369 2359 1399 2396 a
1428 2343 1586 2396 nobis
1633 2338 1897 2405 imperitis
1940 2349 2164 2401 compo-

584 2449 715 2501 sito.
749 2444 815 2496 Et
851 2453 1012 2497 erunt
1071 2442 1158 2492 illa
1216 2437 1435 2506 quidem
1496 2432 1775 2503 sigillatim
1835 2444 1957 2481 cum
2027 2427 2167 2478 libro

585 2534 935 2592 cettferenda.
974 2532 1126 2597 Quod
1170 2544 1297 2582 vero
1326 2524 1604 2587 hazsitasti,
1630 2538 1739 2590 quo
1772 2528 1927 2589 pacto
1961 2531 2166 2584 suppo-

586 2626 752 2679 situm
783 2625 863 2678 sic
900 2620 1374 2682 intellexerimus;
1407 2613 1562 2684 quasi
1609 2613 1765 2665 aliter
1803 2626 1832 2662 a
1854 2618 1903 2661 te
1933 2607 2170 2675 accipia-

585 2727 693 2780 tur,
733 2718 875 2771 sicut
905 2711 1226 2781 signilicasti
1266 2706 1681 2762 :haasitavimus
1740 2718 1838 2755 nos
1894 2714 2112 2769 quoque
2149 2734 2167 2762 ,

584 2810 862 2877 quomodo
914 2804 1186 2858 haesitarit
1232 2801 1315 2853 vir
1374 2798 1736 2863 undequaque
1796 2792 2165 2846 doctissimus.

587 2897 943 2965 Suppositum
972 2892 1272 2952 autem,vir
1301 2886 1640 2948 admirande,
1676 2885 1864 2937 beatus
1886 2883 2165 2943 Leontius,

582 2992 741 3058 cujus
768 2988 975 3042 scholia
1006 2993 1223 3039 exstant
1273 2980 1749 3051 praestantissima,
1810 2977 2166 3030 substantiam

585 3096 710 3135 esse
739 3081 872 3134 dicit
898 3094 1021 3132 cum
1059 3075 1359 3148 hypostasi.
1393 3074 1528 3127 Dicit
1556 3087 1718 3141 porro
1751 3080 1803 3124 et
1824 3085 2050 3138 magnus
2074 3067 2171 3119 Ba-

585 3174 766 3235 silius,
798 3188 903 3225 non
932 3171 985 3223 in
1014 3171 1306 3238 supposito.
1359 3169 1426 3222 de
1455 3176 1641 3221 sancta
1661 3165 1889 3234 loquens
1934 3162 2170 3218 Trinita-

586 3273 662 3319 te.
704 3263 810 3316 Sed
840 3272 894 3316 et
923 3260 1362 3330 sapientissimus
1395 3258 1685 3327 Dionysius
1742 3257 1979 3325 quodam
2051 3256 2171 3308 loco

584 3356 700 3409 ait:
732 3352 929 3405 «Multa
955 3351 1194 3420 quidem,
1227 3351 1431 3403 ratione
1448 3350 1803 3404 accidentium
1830 3366 1844 3412 ;
1878 3350 1969 3403 sed
2002 3365 2166 3403 unum

2339 2151 2413 2203 Τὸ
2439 2154 2803 2226 ἀνυπόκριτον
2830 2173 2923 2209 σου
2958 2156 3058 2225 τῆς
3085 2156 3411 2228 εἰλικρινοῦς
3441 2158 3680 2228 ἀγάπης
3699 2161 3866 2214 δέδει-

2267 2261 2362 2314 κεν
2396 2246 2429 2315 ἡ
2458 2248 2711 2318 τιμιότης
2747 2266 2839 2302 σου
2870 2251 2927 2302 ὲν
2956 2252 3071 2313 τοῖς
3104 2249 3576 2320 ὲπανορθωτικοῖς
3614 2255 3860 2322 σημειώ-

2270 2352 2425 2405 μασι,
2461 2337 2556 2391 τοῦ
2594 2340 2729 2412 πρὸς
2765 2342 2924 2416 ἡμῶν
2953 2342 3062 2397 τῶν
3095 2343 3323 2413 ἀμαθῶν
3349 2344 3758 2413 συνταχθέντος
3782 2347 3862 2397 λό-

2269 2445 2389 2496 γου.
2418 2431 2529 2483 Καὶ
2551 2431 2665 2501 ἔχει
2691 2434 2789 2503 μὲν
2811 2438 2995 2487 ἐκεῖνα
3021 2435 3240 2506 οὑτωςῆ
3261 2434 3433 2497 οὕτως
3454 2440 3860 2507 συγκεκρὴθαι

2268 2520 2346 2590 τῷ
2372 2521 2533 2593 λόγῳ.
2584 2525 2799 2597 Ἐπειδὴ
2830 2526 2887 2579 δὲ
2912 2528 3178 2598 ἠπόρησε,
3212 2527 3327 2591 πῶς
3352 2530 3486 2598 ἡμῖν
3512 2530 3775 2597 νενόηται
3807 2533 3859 2581 τι

2271 2614 2647 2683 ὑποκείμενον,
2678 2620 2770 2670 καὶ
2800 2618 2874 2682 ὡς
2906 2620 3080 2683 ἄλλως
3109 2620 3557 2691 ὲκλαμόάνεσθαι
3597 2624 3736 2691 παρ’
3769 2624 3859 2675 αἰ-

2268 2704 2363 2758 τοῦ
2418 2705 2577 2777 [Cod.
2628 2707 2759 2778 Reg.
2791 2710 3008 2781 αὑτῆς],
3052 2710 3196 2764 καθά
3247 2710 3691 2780 ὑπεσημῄνατο’
3740 2729 3858 2763 συν-

2269 2800 2629 2870 ηπορήσαμεν
2677 2801 2773 2853 καὶ
2807 2802 2984 2871 ἡμεῖς,
3019 2804 3099 2855 ὅτι
3128 2803 3408 2874 ἠπόρησεν
3440 2805 3470 2856 ὁ
3500 2804 3640 2874 περὶ
3682 2807 3857 2858 πάντα

2271 2891 2453 2959 σοφός.
2514 2891 2585 2942 Τὸ
2644 2891 2753 2960 γὰρ
2806 2894 3185 2961 ὑποκείμενον,
3236 2888 3281 2948 ὦ
3345 2894 3654 2964 θαυμάσιε,
3719 2899 3857 2948 κατὰ

2269 2984 2518 3037 Λεόντιον
2547 2984 2638 3035 τὸν
2672 2984 2966 3054 μακάριον,
3006 2978 3066 3036 οὑ
3092 2986 3158 3038 τὰ
3190 2986 3375 3055 σχόλια
3403 2988 3732 3058 ὑπερκαλῆ,
3762 2988 3851 3040 οὗ·

2272 3074 2389 3125 σίαν
2420 3070 2557 3127 εἶναι
2588 3075 2739 3143 λέγει
2783 3074 2922 3146 μετὰ
2968 3076 3332 3140 ὑποστάσεως.
3367 3079 3537 3145 Λέγει
3575 3079 3637 3132 δὲ
3684 3080 3780 3132 καὶ
3826 3081 3852 3131 ὁ

2275 3164 2444 3235 μέγας
2475 3166 2770 3229 Βασίλειος,
2800 3168 2908 3219 οὐκ
2952 3166 3023 3220 ἐν
3065 3165 3144 3231 τῷ
3184 3169 3584 3237 ὑποκειμένῳ,
3621 3173 3715 3224 ἐπὶ
3756 3171 3851 3240 τῆς

2271 3254 2431 3321 ἁγίας
2464 3255 2713 3326 Τριάδος.
2760 3257 2919 3309 Ἀλλὰ
2945 3257 3053 3326 γὰρ
3085 3256 3176 3308 καὶ⁵
3205 3259 3231 3309 ὁ
3258 3258 3540 3327 πάνσοφος
3575 3260 3851 3322 Διονύσιος

2273 3342 2374 3402 ὧδὲ
2405 3348 2507 3400 πού
2540 3366 2671 3418 φησι
2704 3350 2794 3402 τό⁸
2829 3349 3038 3401 «Πολλὰ
3066 3351 3175 3412 τοῖς
3216 3348 3655 3417 συμϐεϐηκόσιν,
3694 3353 3753 3404 ἒν
3782 3352 3851 3421 τῷ

585 3451 797 3505 ratione
848 3446 1137 3518 suppositi.
1170 3447 1486 3500 Aceidentia
1531 3455 1710 3499 autem
1749 3462 1856 3499 non
1900 3446 1951 3498 in
2033 3447 2162 3500 sub-

2273 3412 2635 3511 ὑποκειμένω.
2667 3441 3057 3511 Συμϐεὸηκότα
3093 3441 3148 3494 δὲ
3174 3412 3358 3493 οὑκ-ὲν
3395 3412 3465 3513 τῇ
3495 3412 3736 3496 καθόλου
3766 3412 3853 3497 οὑζ

585 3544 783 3599 stantia
827 3541 1148 3603 universali,
1211 3540 1306 3594 sed
1359 3540 1411 3592 in
1486 3540 1766 3609 hyposlasi
1826 3548 2160 3607 spectantur,

588 3633 730 3687 sicut
767 3634 964 3685 nosti.)
1007 3631 1191 3699 Itaque
1215 3628 1466 3683 eumait:
1504 3646 1521 3678 ι
1565 3626 1728 3679 Multa
1756 3626 1972 3695 quidem
1995 3625 2160 3678 ratio-

588 3742 657 3783 ne
682 3724 1065 3787 accidentium,
1088 3738 1253 3776 unum
1269 3736 1396 3775 vero
1413 3722 1621 3774 ratione
1638 3719 1899 3789 suppositi
1934 3737 1947 3771 :
1980 3736 1998 3767 ι
2032 3733 2161 3787 sup-

587 3818 822 3885 positum
853 3814 1117 3868 intellexit
1157 3814 1517 3867 subsmutiam
1548 3829 1671 3866 cum
1729 3812 2004 3883 hypostasi
2032 3829 2045 3877 ;
2074 3826 2167 3865 ne-

586 3923 713 3976 que,
746 3918 802 3960 ut
824 3922 965 3971 reor,
1018 3906 1174 3959 aliter
1202 3920 1363 3975 quam
1399 3905 1605 3966 debuit,
1635 3904 1689 3957 in
1733 3904 1869 3956 libro
1901 3904 2163 3972 scriptum

587 4008 690 4053 est.
727 3997 907 4062 Quare
935 3997 1103 4063 enim,
1138 3998 1183 4052 si
1230 4012 1336 4050 non
1372 4005 1456 4051 est
1480 4010 1646 4048 unum
1708 3996 2008 4064 supposito,
2050 4010 2163 4049 non

588 4090 760 4144 tribus
790 4092 954 4144 etiam
1002 4091 1314 4144 nominibus
1347 4100 1401 4142 et
1426 4088 1588 4144 rebus
1624 4102 1655 4141 a
1696 4088 1960 4157 theologis
1991 4087 2163 4155 expli-

584 4176 850 4230 cabitur?
888 4178 962 4231 ita
1012 4187 1069 4231 ut
1105 4178 1448 4246 suppositum
1505 4176 1653 4231 aliud
1718 4177 1851 4230 nihil
1882 4179 1951 4231 sit
1996 4194 2158 4247 quant

584 4269 891 4323 substantia
911 4285 1034 4323 cum
1064 4270 1366 4340 hypostasi.
1409 4268 1567 4335 Quod
1603 4271 1648 4321 si
1680 4270 1807 4337 quid
1833 4271 2047 4325 acutius
2078 4272 2161 4325 in-

582 4373 802 4416 ventum
844 4361 1009 4417 fuerit
1061 4377 1091 4415 a
1150 4363 1435 4417 sanctitate
1468 4370 1580 4428 tua,
1640 4362 1694 4424 id
1766 4363 1960 4417 docere
2010 4380 2155 4429 nos,

581 4464 637 4508 et
658 4454 983 4524 perpolitum
1013 4455 1081 4509 ab
1113 4455 1229 4524 ipsa
1260 4470 1461 4509 munus
1485 4456 1753 4525 impertiri
1784 4472 1889 4509 non
1917 4466 2153 4512 recuset.

682 4566 915 4624 CLXIX.
968 4599 1040 4611 —-
1098 4568 1547 4711 Tliea‘tilpgtihpro
1597 4569 1872 4624 Eustratio
1939 4588 2149 4641 praepo-

2268 3534 2379 3607 σία,
2432 3534 2547 3588 ἀλλ’
2575 3536 2727 3604 ὲνοτῇ
2755 3536 3048 3588 ὑποστάσει
3088 3533 3447 3605 τεθεώρηται,
3491 3534 3571 3596 ὡς
3618 3531 3797 3590 οἶσθα.
3832 3558 3848 3588 ι

2268 3628 2432 3681 Ὥστε
2474 3626 2642 3679 εἰπὼν
2669 3627 2729 3678 τό
2749 3642 2762 3655 ·
2795 3644 2813 3677 ι
2848 3628 3024 3682 Πολλὰ
3057 3630 3167 3691 τοῖς
3200 3625 3649 3697 συμϐεϐηκόσιν,
3682 3627 3741 3682 ἓν
3782 3627 3852 3695 τῷ

2266 3719 2631 3789 ὑποκειμένῳο
2674 3738 2691 3771 ι
2748 3718 2804 3771 τὸ
2849 3720 3237 3789 ὑποκείμενον,
3275 3720 3467 3773 οὐσίαν
3521 3721 3669 3789 μετὰ
3716 3722 3847 3776 ὑπο-

2270 3812 2513 3874 στάσεως
2543 3811 2764 3882 εἴληφεο
2796 3813 2887 3864 καὶ
2912 3812 3010 3864 οὑκ
3037 3812 3140 3876 ἔξω
3170 3812 3261 3866 τοῦ
3296 3814 3533 3877 εἰκότος,
3564 3811 3646 3875 ὡς
3676 3810 3848 3883 οἶμαι,

2266 3903 2344 3971 τῷ
2376 3904 2588 3956 κεῖσθαι
2620 3907 2677 3957 ὲν
2708 3903 2785 3972 τῷ
2815 3902 2975 3972 λόγῳ.
3009 3903 3131 3966 Πῶς
3162 3905 3269 3975 γὰρ
3310 3905 3377 3958 ἂν
3426 3904 3505 3974 τῷ
3555 3904 3633 3975 μὴ
3676 3905 3736 3955 ἓν
3776 3904 3848 3973 τῷ

2268 3997 2630 4066 ὑποκειμένῳ,
2655 3996 2730 4067 μὴ
2752 3996 2874 4066 οὑχὶ
2895 3996 3041 4065 τρισὶ
3069 3995 3161 4046 καὶ
3187 3996 3415 4065 ὀνόμασι
3440 3997 3538 4049 καὶ
3560 3997 3846 4067 πράγμασι

2268 4086 2761 4158 θεο>.ογηοήσεται;
2815 4086 2891 4149 ὡς
2942 4082 3079 4139 εἶναι
3138 4086 3198 4138 τὸ
3263 4089 3632 4157 ὑποκείμενον
3702 4089 3846 4141 οὐδὲν

2267 4179 2415 4243 ἄλλο,
2448 4180 2692 4249 ἢοὺσίαν
2729 4180 2865 4249 μετὰ
2895 4180 3262 4244 ὑποστάσεως.
3311 4180 3375 4233 Ei
3413 4182 3469 4233 δέ
3516 4200 3570 4234 τι
3616 4182 3847 4236 6::an-

2266 4288 2421 4340 τερον
2444 4271 2749 4342 ἐξενεχθείη
2779 4271 2934 4342 [Cet].
2958 4271 3089 4342 Reg.
3129 4271 3464 4344 ὲξευρεθείη]
3494 4276 3551 4326 ὲν
3587 4278 3655 4344 τῇ
3685 4278 3843 4342 ἁγιω-

2266 4365 2397 4437 σύνῃ
2422 4382 2533 4429 σου,
2558 4367 2632 4435 μὴ
2651 4366 3054 4437 παραιτήσηται
3071 4365 3296 4428 διδάξαι,
3316 4366 3375 4417 τὸ
3391 4366 3565 4436 δῶρον
3588 4370 3723 4438 πρὶς
3746 4368 3827 4419 αὖο

2264 4457 2362 4525 τῆς
2384 4456 2731 4524 ἐγκαλλωπιζ
2747 4458 2938 4525 όμενον
2968 4456 3125 4529 LCod.
3158 4456 3292 4526 Reg.
3318 4456 3838 4528 ὲγκιι›μιαζόμενον].

2260 4569 2403 4628 ΡΞΘ¹
2436 4570 2569 4642 κει).
2599 4600 2666 4612 -—
2698 4569 2995 4642 Θεόδωρος
3036 4568 3188 4642 ὑπὲρ
3218 4570 3616 4642 -Εὑστρατὶου
3667 4560 3836 4638 ἡγου-

2815 4641 3024 4708 μένου.
3062 4638 3233 4711 [φιδκῖ

1443 4732 1581 4791 Quod
1607 4730 1831 4784 Christus
1856 4732 1923 4783 sit
1942 4733 2399 4799 incircumscriptus
2430 4738 2482 4782 et
2503 4728 2926 4792 circumscriptus.

652 4837 982 4908 Propositio,
1039 4854 1202 4907 quam
1254 4852 1401 4893 sana:
1462 4838 1727 4893 doctrinae
1774 4840 2083 4904 arbitraris,
2122 4857 2154 4893 ο

2333 4840 2407 4892 Τὸ
2437 4837 2729 4907 πρόϐλημα
2771 4834 2867 4902 τῆς
2900 4832 3162 4902 δοκούσης
3212 4850 3296 4885 σοι
3341 4832 3617 4900 εὐδοξίας,
3650 4828 3695 4888 ὦ
3722 4836 3826 4899 τᾶν,

579 4934 778 4995 amice,
835 4943 893 4985 ttt
926 4932 1061 4986 alias
1094 4932 1476 4985 antecedentes
1503 4931 1584 4984 vel
1634 4932 2029 5001 subsequentes
2076 4933 2161 4986 di-

574 5026 902 5089 ctiuuculas,
939 5036 1193 5091 tanquam
1213 5024 1420 5091 ineptas
1445 5034 1495 5077 et
1523 5025 1752 5078 solmcas
1781 5026 2025 5077 omittam
2051 5040 2066 5089 ;
2091 5023 2159 5077 ad

574 5119 799 5173 verbum
833 5127 909 5171 est
942 5117 1253 5186 huiusmodi
1278 5134 1290 5170 :
1316 5115 1771 5187 Quandoquidem
1793 5116 2043 5173 Christus
2062 5134 2158 5173 ve—

574 5223 671 5262 rus
703 5206 845 5261 Deus
864 5216 1070 5271 noster,
1091 5208 1229 5261 duas
1252 5215 1495 5270 naturas,
1515 5208 1648 5260 duas
1664 5207 1992 5272 voluntates,
2020 5208 2157 5263 duas

573 5301 942 5368 operationes,
964 5301 1180 5354 unicam
1208 5315 1337 5354 vero
1358 5300 1554 5355 habeat
1571 5300 1801 5355 duarum
1830 5310 2153 5355 naturarum

579 5406 891 5457 personam,
924 5391 1209 5461 cujusnam
1244 5392 1492 5463 eﬂingam
1518 5407 1805 5461 personam
1832 5392 1853 5445 ?
1880 5391 2149 5457 Quoniam

578 5480 761 5549 igitur,
787 5481 1025 5551 Ecquam
1052 5498 1363 5551 personam,
1381 5483 1602 5553 rogasti,
1628 5482 1755 5536 audi
1775 5490 1995 5536 attente.
2016 5480 2147 5547 Qua:

580 5570 814 5628 formam
844 5576 1143 5645 assumpsit
1179 5594 1193 5631 :
1228 5576 1497 5646 siquidem
1531 5575 1720 5632 formae
1749 5590 1941 5646 expers
1974 5574 2151 5643 imago

2264 4930 2352 4983 ἴνα
2406 4927 2575 4980 τᾶλλα
2636 4936 2718 4977 σοι
2787 4922 3173 4994 προηγούμενα
3227 4925 3322 4975 καὶ
3372 4924 3625 4993 ἑπόμενα
3675 4926 3830 4989 λεξεί-

2261 5020 2369 5081 δια,
2435 5017 2510 5079 ὼς
2568 5016 2805 5084 ὰσὺφιλα
2854 5032 2914 5067 τε
2972 5015 3065 5067 καὶ
3126 5013 3577 5085 σεσολοικισμένα
3648 5018 3824 5087 παρῶ·

2262 5109 2504 5165 τοιοῦτόν
2530 5111 2677 5161 ἐστιν
2713 5109 2805 5162 ἐπὶ
2837 5107 3055 5171 λέξεως
3090 5107 3327 5177 Χριστὸς
3370 5108 3399 5159 ὁ
3426 5107 3685 5178 ἀληθινὸς
3715 5110 3829 5171 Θεὶς

2264 5202 2443 5274 ἡμῶν,
2477 5199 2569 5252 δύο
2599 5198 2811 5268 φύσεις,
2837 5197 2930 5251 δύο
2959 5198 3226 5267 θελήσεις,
3248 5197 3341 5251 δύο
3370 5200 3677 5269 ἐνεργείας,
3706 5201 3757 5252 ἓν
3779 5200 3825 5251 δὲ

2264 5293 2555 5364 πρόσωπον
2614 5292 2750 5361 ἔχων
2806 5289 2915 5342 τῶν
2959 5288 3053 5342 δύο
3109 5289 3343 5357 φύσεων,
3404 5291 3555 5354 τίνος
3594 5293 3824 5345 εἰκονὶσω

2260 5387 2552 5458 πρόσωπον
2575 5402 2589 5453 ;
2634 5384 2850 5455 Ἐπειδὴ
2873 5380 2966 5436 οῦν
2994 5382 3308 5454 ἠρώτησας,
3327 5383 3491 5436 Ποῖον
3523 5386 3800 5454 πρόςωπον

2255 5479 2487 5534 ἄκουσον
2519 5477 2792 5548 ἐμμελῶς.
2825 5478 2899 5528 Τὸ
2924 5474 3289 5545 εἰδοποιηθένο
3317 5476 3511 5547 ἐπειδὴ
3546 5478 3575 5530 ὁ
3608 5477 3822 5537 ἁνείδεος

2258 5572 2547 5641 χαρακτὴρ
2601 5570 2699 5638 τῆς
2728 5568 3079 5631 ὑποστάσεως
3113 5566 3207 5621 τοῦ
3248 5568 3469 5638 Πατρδς
3524 5568 3816 5640 εἰδοποιήὼι

2051 5773 2275 5830 NOTAE.

647 5854 723 5921 (⁸)
762 5855 1090 5925 Dogtnatica.

647 5926 751 5997 (")
786 5927 1120 5999 Dugmutica.

2326 5866 2437 5930 (60)
2469 5866 2523 5918 In
2554 5866 2673 5918 Cod.
2714 5864 2841 5933 Reg.
2876 5864 3005 5933 p57".

2332 5939 2441 6005 461)
2475 5936 2527 5990 In
2555 5939 2674 5991 cod.
2718 5930 2849 6005 Reg.
2878 5930 3019 6004 ρξηῗ
