3976 6322
101 380 312 443 1533

1352 382 1891 444 EPISTOLARUM
1952 381 2100 442 LIB.
2144 381 2204 441 II

3275 379 3414 441 1534

91 490 199 548 τὸ
241 488 384 541 καθ’
422 487 591 558 ἡμᾶς.
638 489 710 540 Τὸ
743 487 999 560 ἐγχρονω
1021 505 1036 520 ·
1070 489 1259 561 ἐπειδὴ
1301 491 1329 542 6
1358 491 1526 554 ἀΐδιος
1561 491 1728 560 ιπαρόι⁴

1843 490 2160 545 substantiae
2181 489 2376 555 Patris,
2400 488 2632 544 formam
2683 488 2894 545 scilicet
2929 500 3172 543 nostram
3210 489 3410 547 induit.

94 597 324 634 τοισιν
365 578 481 649 ἔχει
527 577 684 637 lCod.
719 578 852 650 Reg.
896 579 1110 652 εἴληφε]
1166 582 1442 651 χρονικήν.
1494 581 1568 634 T6
1620 583 1741 651 ἔχον

89 673 501 741 ὀφθαλμοὺς,
558 666 691 733 ὦτα,
748 674 888 742 ῥῖνα,
940 673 1134 742 στόμα,
1185 674 1446 742 παρειάς·
1480 674 1668 744 ἐπειδὴ
1714 677 1741 727 6

93 767 577 836 ἀσχημάτιστος
610 767 668 818 ἐν
704 770 942 836 σχήματι
987 768 1186 836 εὑρέθη
1219 768 1295 830 ὡς
1328 769 1633 838 ἄνθρωπος.
1667 771 1739 821 Τὸ

95 859 422 927 φιληθέν·
450 859 633 925 ἐπειδὴ
655 859 682 909 6
711 860 1082 928 ἀπερίληπτος
1107 857 1478 930 περιληφθεὶς,
1506 859 1736 931 ἐφιλήοη

98 949 250 1002 ὑπὸ
311 949 410 1001 τοῦ
461 950 742 1020 προδότου.
787 950 859 1003 Τὸ
906 952 1200 1023 ραπισθέν·
1234 951 1421 1022 ἐπειδὴ
1464 955 1492 1005 6
1524 954 1737 1022 ἀναφὴς

93 1041 378 1109 ἕπαφος
403 1040 660 1108 γεγονὼς,
687 1044 990 1114 ὲρραπίσοη
1016 1045 1118 1096 ὑπὸ
1139 1045 1229 1096 τοῦ
1261 1046 1554 1116 ὑπηρέτου.
1583 1047 1654 1100 Τὸ
1679 1049 1736 1100 ἐν

101 1132 389 1202 σταυρῷ
419 1133 580 1201 ὀφοὲν
612 1136 902 1205 ὲγκάρσιον
929 1153 942 1167 ·
979 1136 1165 1208 ἐπειδὴ
1195 1138 1222 1189 6
1251 1137 1513 1201 ἀθάνατος
1549 1139 1734 1201 κλίνας

91 1227 234 1293 τὴν
305 1227 560 1297 κεφαλὴν
609 1227 891 1296 παρέδωκε
949 1228 1008 1280 τὸ
1057 1227 1298 1296 Πνεῦμα.
1333 1208 1456 1282 ’Καὶ
1492 1231 1551 1286 οὐ
1589 1231 1734 1283 δυοῖν

100 1317 475 1385 προσώπων
506 1318 664 1370 τοῦτο
695 1320 1057 1386 ἐμφαντικὸν¹
1086 1320 1264 1386 ἄπαγε
1309 1322 1408 1389 τῆς
1439 1322 1693 1386 ἀσεϐείας

93 1411 252 1464 ἀλλ’
283 1412 420 1473 ἐνὸς
454 1411 744 1481 προσώπου
774 1412 866 1464 τοῦ
900 1415 963 1465 ὲκ
994 1412 1104 1476 δύο,
1138 1415 1231 1466 καὶ
1267 1415 1324 1464 ὲν
1357 1415 1476 1467 δυσὶ
1508 1417 1734 1482 φύσεσιν

99 1507 300 1567 ὄντος
340 1504 664 1574 ἀδιαιρέτως
717 1507 810 1558 καὶ
851 1507 1170 1575 ἀσυγχῦτως
1207 1509 1602 1563 ἀποδεικτικὸν.
1643 1511 1734 1562 Διό

95 1614 315 1665 φησιν
385 1598 414 1648 6
470 1596 610 1665 ἱερὸς
645 1598 993 1661 Ἀτεόστολος⁹
1031 1599 1170 1666 Περὶ
1221 1600 1326 1653 τοῦ
1384 1602 1517 1655 Υἱοῦ
1546 1603 1733 1657 αὐτοῦ

97 1692 236 1745 τοῦ
281 1690 626 1760 γενομένου
653 1692 721 1744 ἐκ
755 1690 1095 1759 σπέρματος
1119 1693 1301 1747 Δαυῒὸ
1325 1700 1474 1747 κατὰ
1505 1695 1729 1762 σάρκω

97 1785 232 1838 τοῦ
276 1783 641 1853 ὁρισθέντος
670 1785 806 1838 Υίοῦ
839 1784 986 1837 Θεοῦ
1014 1786 1082 1838 ἐν
1111 1787 1357 1854 δυνάμει
1384 1787 1531 1839 κατὰ
1551 1788 1731 1842 πνεῦ-

1844 578 1975 644 Ουεε
2018 581 2245 648 tempori
2279 581 2514 635 subest:
2554 581 2682 651 quia
2734 591 2972 634 aeternus
3039 582 3410 636 extensionem

1843 673 2001 726 habet
2024 673 2430 740 temporariam.
2481 672 2614 738 Quae
2643 675 2834 728 oculos
2868 674 3048 738 habet,
3097 688 3280 736 aures,
3312 689 3412 726 na-

1841 779 1984 827 sum,
2010 779 2092 827 os,
2129 764 2297 817 malas
2330 781 2342 816 :
2397 764 2524 833 quia
2567 763 2736 834 ﬁgura
2769 781 2986 827 carens,
3016 765 3067 816 in
3109 765 3278 833 ﬁgura
3329 764 3412 817 in-

1840 863 2032 906 ventus
2064 862 2228 906 estut
2261 853 2441 906 homo.
2497 850 2628 917 Quae
2679 854 2925 907 osculum
2977 853 3222 920 excepit:
3283 852 3409 920 quia

1839 943 2405 1012 incomprehensibilis
2432 944 2883 1012 comprehensus,
2945 945 3136 996 osculo
3186 942 3410 996 aliectns

1837 1044 1919 1090 est
1953 1051 1982 1088 a
2026 1037 2318 1104 proditore.
2381 1033 2522 1100 Quas
2543 1036 2753 1104 alapam
2816 1037 3070 1104 pertulit:
3127 1035 3253 1103 quia
3315 1034 3408 1102 qui

1839 1128 1978 1197 tangi
2002 1145 2108 1181 non
2143 1139 2370 1196 poterat,
2398 1129 2444 1182 is
2481 1131 2646 1182 tactui
2679 1128 2858 1182 lactus
2888 1129 3182 1192 obnoxius,
3250 1127 3408 1194 alapa

1836 1233 2009 1273 caesus
2041 1229 2124 1272 est
2145 1199 2471 1274 a‘ministro.
2506 1219 2636 1285 Quae
2670 1220 2724 1272 in
2763 1235 2925 1273 cruce
2954 1220 3063 1272 \‘isa
3097 1227 3178 1270 est
3228 1227 3408 1271 trans-

1834 1309 2033 1362 versim
2095 1321 2412 1376 exporrecta
2439 1311 2596 1377 :quia
2623 1310 2946 1363 immortalis
2979 1309 3235 1362 inclinato
3257 1308 3406 1375 capi-

1838 1411 1888 1453 te
1924 1399 2435 1468 tradiditspiritum.
2475 1399 2660 1470 Neque
2695 1417 2824 1456 vero
2849 1401 2988 1453 duas
3023 1415 3285 1468 personas
3303 1401 3408 1453 hoc

1835 1491 2178 1546 demonstrat
2216 1508 2426 1562 :apage
2476 1493 2617 1548 hanc
2655 1493 3030 1561 impietatem:
3090 1491 3184 1545 sed
3241 1506 3407 1544 unam

1835 1598 2143 1650 personam,
2170 1600 2237 1637 ex
2285 1585 2496 1638 duabus
2524 1595 2578 1638 et
2606 1585 2658 1637 in
2691 1585 2904 1650 duabus
2938 1584 3147 1637 naturis
3176 1583 3408 1636 indivise

1833 1675 2223 1744 inconfuseque
2252 1677 2599 1729 exsistentem
2622 1675 2876 1729 ostendit.
2903 1674 3057 1729 Unde
3079 1677 3153 1728 ait
3185 1683 3411 1729 sanctus

1832 1764 2121 1832 Apostolus
2150 1781 2163 1817 :
2187 1764 2262 1817 De
2287 1763 2429 1817 Filio
2457 1781 2573 1828 suo,
2603 1766 2691 1833 qui
2712 1765 2883 1833 factus
2899 1774 2973 1818 est
2997 1780 3060 1818 ex
3078 1765 3270 1817 semine
3295 1763 3408 1815 Da-

93 1894 197 1946 μα
251 1877 641 1945 ἁγιωσύνης.
675 1878 866 1929 Τοίνυν
899 1878 1100 1946 δέδειχέ
1131 1896 1232 1943 σοι,
1277 1879 1364 1932 διὰ
1395 1880 1489 1932 τοῦ
1531 1883 1724 1944 εἰπεῖν,

1834 1858 1914 1908 vid
1941 1857 2223 1908 secundum
2251 1872 2493 1908 carnem:
2529 1858 2620 1926 qui
2675 1857 3082 1924 prwdestinatus
3131 1865 3207 1909 est
3231 1854 3407 1907 Filius

97 1971 290 2022 κατὰ
346 1968 572 2036 σάρκα,
607 1971 983 2040 περιγραπτὸν
1017 1967 1177 2034 εἶναι,
1207 1972 1324 2039 ἦτοι
1359 1970 1729 2042 ὲξεικονισμέ-

100 2080 210 2114 νον
240 2079 257 2092 ο
319 2062 422 2114 διὰ
465 2061 521 2113 δὲ
551 2061 643 2114 τοῦ
685 2063 873 2128 φάναι,
913 2062 1062 2115 κατὰ
1101 2063 1333 2130 πνεῦμα
1367 2064 1726 2130 ἁγιωσύνης,

101 2155 575 2224 ἀπερίγραπτον
606 2154 696 2206 τὸν
731 2154 891 2205 αὐτὸν
921 2156 1183 2224 ὑπάρχειν
1227 2155 1428 2223 Ἰησοῦν
1457 2155 1689 2226 Χριστόν
1710 2171 1726 2184 ·

97 2248 211 2314 ἀφ’
249 2240 324 2300 οὗ
365 2245 711 2315 ἐξειληφότες
745 2246 942 2309 πάντες
971 2248 1017 2298 οἱ
1050 2248 1295 2317 θεοφόροι
1319 2248 1557 2317 Πατέρες
1593 2249 1728 2317 βοῶ-

105 2356 166 2390 σι
232 2337 566 2407 τρανότατα
598 2343 966 2407 περιγραπτὸν
989 2339 1147 2390 αὑτὸν
1177 2340 1268 2390 καὶ
1295 2339 1723 2409 ἀπερίγραπτον,

99 2428 340 2499 ὁρατόν
370 2445 439 2481 τε
468 2430 562 2482 καὶ
591 2430 839 2500 ἀόρατον,
871 2430 1125 2502 ἐγχρονόν
1151 2449 1209 2484 τε
1236 2433 1330 2484 καὶ
1357 2432 1546 2486 ἀΐδιον.

189 2674 265 2727 Ei.
304 2673 373 2726 δὲ
410 2671 475 2724 οὐ
502 2676 717 2743 χωρεῖς,
758 2674 1043 2728 Ἰουδαϊκὸν
1071 2676 1131 2728 τὸ
1154 2677 1369 2748 λῆμμα·
1399 2681 1516 2742 πῶς
1545 2681 1602 2734 δὲ
1634 2681 1728 2738 καὶ

105 2766 215 2819 δύο
261 2764 504 2832 φύσεων
543 2763 633 2815 τὸν
673 2765 905 2833 Χριστὸν
942 2766 1131 2833 λέγων,
1167 2767 1272 2836 φὴς
1319 2771 1727 2841 ἀπερίγραπτον

117 2856 300 2925 μόνον
328 2872 341 2914 ;
382 2853 549 2905 τοῦτο
581 2854 688 2924 γὰρ
720 2857 848 2936 μιᾶς
883 2855 1095 2924 φύσεως
1128 2857 1292 2916 αὐτοῦ
1324 2861 1437 2911 ἐστι
1463 2873 1728 2928 σημαντι-

112 2949 245 3001 κόν.
287 2947 374 2999 T6
409 2946 472 2999 δὲ
512 2947 621 2998 τῶν
662 2946 776 3011 δύω,
805 2947 865 3000 τὸ
895 2949 1264 3019 περιγραπτὸν
1297 2953 1472 3002 είπεῖν
1506 2952 1727 3005 ἀκολού-

114 3041 237 3103 Οως
269 3041 382 3093 καὶ
414 3040 851 3110 ἀπερίγραπτον.
886 3041 1092 3094 Οὐκοῦν
1117 3041 1295 3111 ἐαυτῷ
1317 3045 1725 3116 ,ἐναντιολογείᾳ

121 3135 190 3184 Εἰ
241 3133 366 3203 γὰρ
428 3131 840 3200 ἀπερίγραπτος
892 3133 1050 3201 μόνον
1093 3133 1235 3186 δοκεί
1279 3152 1380 3200 σοι,
1433 3137 1590 3188 τοῦτο
1637 3138 1728 3189 καὶ

117 3222 445 3292 Μανιχαίῳ
478 3223 556 3291 τῷ
597 3222 1030 3291 ἀπαμφιεννύντι
1097 3225 1187 3277 τὸν
1253 3226 1421 3292 Λόγον
1474 3229 1571 3296 τῆς
1629 3230 1724 3281 ἁν-

125 3315 537 3384 Θρωπότητος.
594 3314 651 3367 Ὀ
696 3315 804 3383 γὰρ
848 3314 1008 3384 τῆσδε
1053 3316 1278 3384 γυμνὸς,
1321 3317 1728 3387 ἀπερίγρατττος

122 3413 225 3463 καὶ
275 3407 746 3474 ἀνεξεικόνιστος.
779 3409 988 3461 Ταὺτὸν
1021 3411 1128 3478 γὰρ
1161 3410 1464 3479 ἀμφότερα.
1505 3411 1574 3463 ’Ἡ
1613 3412 1728 3475 πῶς

125 3501 306 3554 πάλιν
362 3500 625 3570 μετέχεις
663 3499 756 3552 τοῦ
790 3499 1038 3570 σώματος
1087 3504 1177 3554 καὶ
1215 3502 1442 3570 αἵματος
1472 3503 1564 3555 τοῦ
1593 3505 1728 3572 Χρι-

126 3597 291 3656 στοῦ.
356 3593 534 3647 αὑτοῦ
579 3593 730 3658 ὄντος
783 3595 920 3648 κατὰ
970 3596 1029 3648 σὲ
1070 3597 1524 3666 ἀπεριγράπτου,
1556 3593 1628 3649 ὧν
1673 3599 1729 3650 δὲ

130 3688 407 3757 μετέχεις
444 3689 1009 3758 περιγεγραμμένων;
1051 3688 1083 3757 ἢ
1124 3692 1197 3758 μὴ
1231 3689 1446 3758 μέτεχε,
1482 3682 1525 3740 ὦ
1553 3689 1726 3756 βέλτι-

129 3796 251 3842 στε,
287 3780 324 3848 ἢ
366 3779 620 3846 μετέχων
651 3779 900 3847 ὁμολόγει
929 3778 1021 3832 τοῦ
1051 3780 1567 3849 περιγεγραμμένου
1600 3782 1730 3851 Χρι-

131 3870 268 3921 στοῦ
307 3868 577 3938 μετέχειν
613 3871 672 3922 τὸ
699 3873 1213 3941 περιγεγραμμένον
1245 3872 1402 3941 σῶμα
1434 3873 1526 3924 καὶ
1553 3857 1691 3942 αἷμα
1712 3890 1726 3903 ·

130 3962 221 4014 ἵνα
265 3961 346 4030 μὴ
390 3959 797 4029 Παυλιανίςῃς·
827 3945 901 4021 ὧς
935 3959 1092 4027 ψιλοῦ
1140 3959 1425 4029 ἀνθρώπου
1463 3961 1725 4029 μετέχων,

131 4052 252 4103 ἀλλ’
291 4069 356 4104 ου
407 4049 552 4128 Θεοῦ
586 4049 1022 4119 σεσαρκωμένου.
1060 4051 1331 4119 Σιτνῆκται
1377 4051 1468 4103 οὖν
1510 4051 1568 4114 ἐξ
1601 4052 1730 4120 ἁλη-

131 4141 291 4203 Οείας
322 4143 433 4210 ἀρα
449 4141 642 4210 ρᾶτως,
674 4139 748 4201 ὼς
787 4142 812 4192 6
842 4141 1196 4209 περιγράφων
1226 4141 1316 4192 τὸν
1343 4142 1595 4211 Χριστὸν,
1631 4143 1730 4194 οὐκ

133 4231 619 4302 ἁνΟρωπολάτρης
667 4231 808 4283 κατά
851 4231 1165 4300 Νεστόριον,
1197 4233 1228 4303 ἢ
1262 4235 1731 4303 κτισματολάτρης

134 4327 285 4378 κατὰ
341 4327 598 4392 Ἀρειον,
645 4322 719 4384 ὡς
779 4322 1165 4394 ὲφληνάφησας
1216 4326 1563 4394 ἀμαθαίνων·
1617 4327 1729 4379 ἀλλ’

136 4419 313 4486 ἀπρὶξ
360 4416 650 4488 ὀροόδοξος
679 4416 1001 4483 Χριστιανὸς
1031 4406 1424 4486 ἀληθέστατος·
1459 4417 1533 4479 ὼς
1577 4419 1669 4470 καὶ
1705 4421 1732 4470 ὀ

1755 3182 1797 3240 C

1830 1945 1926 1999 Dei
1945 1947 1996 1998 in
2023 1947 2212 2000 virtute
2242 1947 2529 2000 secundum
2559 1949 2807 2018 spiritum
2840 1949 3276 2016 sanctiﬁcationis
3308 1947 3352 1978 ”¹¹
3390 1985 3406 2000 .

1829 2032 1994 2103 Igitur
2026 2037 2260 2089 ostendit
2287 2037 2403 2100 tibi,
2435 2053 2556 2091 cum
2614 2041 2755 2092 dicet
2807 2039 3093 2091 secundum
3157 2054 3364 2090 carnem

1827 2130 2199 2183 cn'cumscribi
2233 2145 2392 2197 posse
2440 2147 2536 2184 seu
2567 2131 2822 2200 eﬂigiari:
2886 2147 3010 2184 cum
3053 2131 3185 2184 dicit
3221 2141 3403 2183 autem

1827 2231 2116 2274 secundant
2165 2222 2412 2291 spiritum
2449 2223 2917 2291 sanctiﬁcationis,
2992 2222 3406 2277 incircumscri—

1828 2319 1980 2379 ptum
2018 2326 2139 2365 esse
2163 2313 2395 2366 eundem
2418 2312 2607 2368 Jesum
2631 2312 2930 2367 Christum.
2969 2312 3012 2364 Α
3063 2328 3172 2381 quo
3227 2313 3404 2366 edocti

1827 2416 2016 2456 omnes
2047 2401 2214 2454 divini
2243 2398 2429 2455 Patres
2460 2403 2764 2456 clarissima
2797 2416 2931 2453 voce
2980 2401 3307 2468 praedicant,
3334 2401 3402 2454 il-

1822 2494 1936 2548 lum
1959 2504 2010 2548 et
2033 2495 2503 2564 circumscriptum
2529 2505 2585 2549 et
2614 2495 3144 2564 incircumscriptum
3167 2535 3181 2559 ,
3217 2495 3405 2549 visibi-

1827 2590 1929 2643 lem
1955 2598 2008 2641 et
2043 2590 2397 2654 invisibiletn,
2431 2590 2818 2658 temporarium
2847 2599 2900 2643 et
2922 2603 3206 2643 aeternum.

1897 2679 2050 2745 Quod
2075 2681 2118 2733 si
2147 2697 2250 2733 non
2312 2681 2591 2748 intelligis,
2646 2679 2875 2735 Judaica
2933 2691 3015 2735 est
3051 2680 3353 2750 propositio
3385 2698 3401 2735 :

1827 2787 1934 2841 quo
1963 2780 2141 2825 autem
2174 2782 2349 2840 pacto,
2389 2774 2619 2825 duarum
2663 2781 2979 2825 naturarum
3003 2773 3282 2826 Clu-istum
3328 2773 3407 2827 «ιιι

1828 2874 1976 2922 cens,
2040 2863 2420 2913 tantummodo
2478 2860 3016 2928 incircumscriptum
3063 2861 3252 2915 dicis?
3299 2861 3409 2936 hoc,

1828 2951 1971 3003 enim
1999 2952 2212 3002 unicam
2245 2949 2364 3016 ejus
2390 2959 2639 3003 naturam
2669 2950 2961 3019 signiﬁcat.
2982 2950 3081 3015 Qui
3118 2967 3244 3008 vero
3268 2952 3406 3006 dua-

1829 3057 1954 3094 rum
1985 3042 2152 3103 dirat,
2188 3051 2242 3095 et
2271 3043 2745 3109 circumscriptum
2777 3058 3118 3111 consequens
3145 3051 3228 3096 est
3255 3044 3407 3097 dice-

1831 3147 1908 3195 re,
1933 3143 1985 3186 et
2012 3134 2566 3202 incircumscriptum,
2597 3134 2761 3202 igitur
2791 3135 2885 3187 tibi
2916 3134 3030 3204 ipse
3054 3135 3405 3190 contradicis.

1829 3223 1962 3276 Nam
2003 3225 2045 3278 si
2079 3225 2581 3293 incircumscriptus
2617 3234 2826 3278 tantum
2877 3225 2972 3278 tibi
3025 3226 3262 3289 videtur,
3317 3227 3405 3278 id-

1830 3310 2006 3378 ipsum
2037 3321 2089 3364 et
2110 3310 2529 3380 Manichaeo,qui
2551 3311 2779 3365 Verbum
2800 3312 2995 3379 spoliat
3024 3312 3361 3364 humanitate
3387 3325 3403 3361 :

1829 3400 1921 3469 qui
1946 3402 2086 3452 enim
2119 3401 2203 3454 illa
2250 3409 2418 3463 caret,
2460 3401 2970 3466 incircumscriptus
3025 3410 3107 3451 est
3135 3409 3189 3451 et
3231 3397 3404 3452 incili-

1829 3491 2060 3558 giabilis.
2086 3489 2228 3543 Idem
2258 3495 2401 3544 enim
2423 3500 2552 3544 sunt
2584 3491 2765 3543 ambo.
2786 3492 2895 3543 Aut
2918 3504 3105 3542 rursus
3129 3488 3408 3557 quomodo

1830 3577 2124 3646 participas
2160 3593 2359 3646 corpus
2391 3588 2443 3631 et
2478 3578 2802 3647 sanguinem
2833 3577 3058 3638 Christi,
3115 3591 3237 3629 cum
3288 3575 3404 3643 ipse

1830 3679 1918 3723 tua
1949 3673 2212 3723 sententia
2241 3671 2310 3724 sit
2345 3669 2884 3737 incircumscriptus,
2917 3677 2969 3722 et
2990 3669 3400 3737 circumscripta

1830 3760 1938 3814 sint
1964 3775 2025 3812 ea
2084 3776 2205 3828 qua:
2247 3761 2544 3830 participas
2575 3761 2597 3812 ?
2623 3761 2728 3812 Aut
2770 3761 3094 3828 participare
3147 3761 3397 3824 abstine,

1827 3853 1912 3904 vir
1943 3853 2166 3919 optime,
2200 3861 2297 3905 aut
2327 3854 2661 3922 participans
2684 3854 2941 3906 conﬁtere
2973 3861 3023 3906 te
3055 3849 3404 3906 circumscri-

1828 3942 1906 4012 pti
1976 3943 2178 3996 Christi
2230 3943 2702 4010 circumscriptum
2747 3959 2944 4011 corpus
2977 3951 3030 3996 et
3081 3942 3404 4012 sanguinem

1828 4035 2154 4103 participare
2187 4051 2201 4086 :
2242 4043 2427 4085 utnon
2461 4032 2824 4098 Paulianizes,
2858 4035 3005 4090 velut
3043 4037 3249 4087 nudntn
3298 4034 3402 4087 ho-

1831 4126 2057 4191 minem,
2086 4136 2260 4178 etnon
2300 4124 2466 4178 Deum
2504 4125 2843 4180 incarnatum
2878 4128 3230 4195 participans.
3264 4125 3403 4192 Apte

1832 4217 1998 4284 igitur
2027 4231 2092 4270 ex
2123 4219 2350 4269 veritate
2376 4217 2698 4270 conclusum
2730 4227 2833 4281 est,
2865 4234 2988 4272 eum
3006 4220 3098 4287 qui
3123 4219 3397 4272 Christum

1832 4309 2230 4376 circumscribit
2258 4349 2273 4373 ,
2303 4325 2409 4363 non
2448 4323 2570 4363 esse
2603 4309 2840 4364 hominis
2876 4311 3213 4365 adoratorem
3243 4313 3400 4381 ju‘xta

1833 4396 2168 4464 Nestorium,
2197 4415 2295 4453 nec
2327 4409 2590 4454 creatura:
2611 4401 2976 4468 adoratorem,
3010 4403 3163 4471 juxta
3187 4402 3397 4467 Arium,

141 4513 219 4581 μὴ
266 4511 638 4581 περιγράφων
685 4511 824 4562 κατά
856 4511 934 4574 σὲ,
978 4510 1327 4580 Μανιχαΐζων
1359 4511 1491 4578 ὁμοῦ
1526 4528 1584 4562 τε
1634 4511 1725 4563 καὶ

1837 4491 1978 4543 sicut
2017 4501 2072 4543 tu
2123 4492 2371 4559 imperite
2440 4501 2674 4561 nugatus
2719 4509 2779 4546 es
2820 4510 2836 4560 ;
2887 4495 2978 4548 sed
3029 4494 3399 4548 orthodoxum

139 4603 562 4665 Παυλιανὶζων·
597 4602 658 4653 τὸ
695 4603 791 4671 μὲν
842 4605 905 4673 τῇ
960 4603 1052 4655 τοῦ
1113 4603 1526 4672 ἁπεριγράπτου
1580 4606 1728 4673 φωνῇ

141 4695 354 4763 γυμνὸν
422 4696 559 4746 Θεὸν
620 4695 874 4759 εἰσάγων,
943 4694 1324 4763 φαντασιωδῶς
1381 4693 1733 4762 ἐνανορωπή-

144 4801 354 4837 σανταθ
405 4786 468 4836 τὸ
527 4785 583 4836 δὲ
639 4788 704 4854 τῇ
759 4787 890 4855 αὐτῇ
946 4788 1096 4855 φωνῇ
1141 4785 1233 4836 τοῦ
1291 4785 1728 4855 ἀπεριγράπτου,

143 4876 220 4938 ὡς
268 4877 432 4944 ψιλοῦ
485 4878 774 4948 ἀνθρώπου
827 4881 1067 4949 μετέχων
1118 4876 1275 4946 σῶμα
1323 4880 1415 4930 καὶ
1458 4872 1594 4945 αἷμα
1628 4895 1729 4928 κα-

143 4967 215 5018 τὰ
281 4967 540 5034 Παῦλον,
608 4969 702 5021 καὶ
763 4970 822 5022 οὐ
893 4969 1026 5023 Θεοῦ
1094 4968 1310 5038 ἀληθῶς
1375 4967 1725 5038 ἐνανῡρωπή-

149 5069 364 5119 σαντος.

362 5317 469 5370 PO'
503 5316 640 5388 (62).
661 5346 731 5358 --
759 5317 1027 5387 Θεοδώρῳ
1058 5317 1331 5384 διακόνῳ.
1357 5315 1551 5389 [ψκγκῖ

1832 4583 2128 4645 mordicus,
2161 4585 2622 4653 verissimumque
2682 4584 3056 4639 Christianum
3089 4603 3103 4638 :
3136 4586 3400 4652 quemad-

1827 4672 2050 4727 modum
2085 4675 2174 4742 qni
2206 4683 2382 4727 tecum
2420 4690 2526 4728 non
2561 4676 2987 4739 circumscribit,
3025 4676 3076 4728 in
3109 4675 3398 4729 Manichaei

1829 4766 1991 4820 simul
2065 4776 2112 4818 et
2146 4765 2295 4817 Pauli
2321 4766 2556 4821 hzereses
2580 4767 2808 4820 incurrit
2844 4785 2857 4820 :
2895 4767 2947 4819 in
2983 4767 3126 4820 illam
3151 4768 3396 4835 quidem,

1829 4856 1942 4925 ipsa
1980 4857 2433 4925 incircumscripti
2469 4873 2601 4911 voce
2645 4857 2908 4912 inducens
2936 4861 3140 4912 nudum
3177 4858 3342 4912 Deum
3379 4897 3397 4923 ,

1828 4950 2172 5018 phantastice
2239 4950 2513 5005 hominem
2564 4949 2766 5004 factum
2802 4970 2817 5019 ;
2849 4953 2901 5004 in
2937 4953 3077 5004 hanc
3106 4966 3256 5013 vero,
3305 4967 3398 5019 per

1829 5043 2078 5097 eamdem
2118 5044 2574 5112 incircumscripti
2601 5059 2811 5107 vocem,
2843 5055 2901 5098 ut
2942 5044 3034 5112 qui
3075 5043 3198 5096 nudi
3227 5043 3397 5095 homi-

1830 5135 1915 5186 nis
1949 5151 2146 5201 corpus
2193 5146 2246 5188 et
2276 5137 2595 5204 sanguinem
2637 5135 2903 5204 percipiat
2931 5137 3228 5188 secundum
3252 5133 3394 5186 l’au-

1830 5224 1962 5286 lum,
1992 5237 2045 5279 et
2073 5241 2177 5277 non
2203 5224 2298 5278 Dei
2325 5241 2449 5277 vere
2483 5225 2719 5278 hominis
2749 5223 2896 5278 iacti.

2097 5316 2305 5370 CLXX.
2338 5348 2397 5357 -—
2432 5316 2700 5371 Theodoro
2740 5318 2961 5370 diacono
2993 5318 3089 5387 (ἢ.

1460 5425 1783 5476 (ἶοηΐιιιειιοτίε
1812 5428 2151 5479 Ιιτετριὶοειτυῐη
2175 5432 2516 5491 quzestionum,

227 5505 388 5560 ’Ἥκω
411 5513 480 5581 τῇ
514 5512 780 5583 ἐπιτροπῇ
810 5515 909 5584 τῆς
936 5514 1152 5583 ἀγάπης
1195 5527 1288 5564 σου
1327 5512 1421 5565 ἐπὶ
1458 5513 1522 5579 τῇ
1547 5512 1720 5561 ἀπαν-

226 5614 268 5645 ¹¹
301 5618 504 5673 ltom.t
539 5660 554 5683 ,
582 5622 636 5674 5.

1905 5509 2096 5578 Venio,
2134 5514 2420 5570 charitatis
2461 5525 2561 5569 tua:
2611 5513 2886 5578 mandato,
2947 5511 3014 5566 ad
3075 5507 3398 5566 refellendas

1663 5711 1797 5765 NOT
1810 5713 1895 5767 1E.

228 5796 337 5863 (62,
369 5801 422 5856 In
455 5805 576 5858 cod.
616 5801 741 5874 Reg.
781 5807 907 5875 (255‘.

1903 5808 1975 5876 (")
2007 5808 2342 5875 Dogmatica.
