3976 6322
601 355 619 415 1
633 357 732 420 535

1786 373 1848 431 5.
1877 372 2272 432 THEODORI
2296 377 2643 436 STUDITE

3745 381 3874 439 153i;

598 467 974 523 luereticorum
1002 470 1372 540 objectiones:
1401 493 1538 547 quas
1556 479 1601 534 si
1630 491 1776 535 recte
1796 483 2165 548 confutavero,

2275 488 2431 555 τήσει
2465 487 2574 540 τῶν
2605 486 2900 556 αίρετικῶν
2929 487 3370 558 προϐλημάτων·
3410 489 3512 543 καὶ
3567 490 3621 541 ει
3684 489 3796 559 μὲν
3833 483 3880 541 ε]

597 562 876 630 scriptioni
913 564 1151 633 sigillum
1182 582 1393 638 appone
1429 587 1443 636 ;
1482 573 1566 626 sin
1614 575 1820 638 minus,
1868 579 2168 646 explicabis

598 652 714 722 ipse
741 654 1052 713 dilucidius.
1088 657 1224 724 Quia
1254 677 1385 716 vero
1424 669 1710 721 commode
1736 671 1873 724 solvi
1914 671 2168 728 haretica

595 744 830 815 objectio
856 763 961 802 non
982 759 1178 819 potest,
1218 754 1322 808 nisi
1349 759 1647 825 propositio
1684 761 1800 828 ipsa
1839 773 2166 831 exponatur,

599 840 776 905 priore
807 841 896 894 illa
929 843 1050 898 loco
1086 855 1380 914 statuetur,
1414 858 1528 905 tum
1587 852 1782 909 deinde
1827 854 1959 911 ﬁdes
1986 857 2170 911 orthoo

594 931 754 985 doxa.

1082 1203 1319 1273 Objeclio
1349 1208 1602 1265 haeretici.

667 1284 842 1342 Unam
906 1302 1153 1348 naturam
1187 1295 1280 1351 Dei
1313 1297 1467 1355 Verbi
1490 1304 1826 1360 incarnatam
1857 1307 2122 1364 conﬁtens
2149 1352 2164 1377 ,

597 1388 767 1435 lotum
806 1385 1063 1452 quiddam
1119 1387 1421 1456 Christum,
1464 1395 1577 1451 sive
1638 1415 1799 1451 unam
1841 1402 2164 1456 totalitatem

590 1488 655 1527 ex
698 1478 960 1543 partibus,
1013 1482 1294 1539 divinitate
1333 1488 1542 1542 scilicet
1570 1498 1624 1544 et
1671 1490 2028 1557 humanitate,
2083 1495 2168 1549 di-

593 1567 741 1621 citis.
805 1567 1212 1648 lnterrogamus
1250 1596 1400 1648 ergo,
1448 1585 1703 1653 quidnam
1745 1601 1947 1646 sancta:
1983 1589 2165 1644 Trini-

592 1659 686 1710 tati
709 1667 1083 1721 annumeratis
1114 1667 1136 1720 ?
1170 1679 1435 1735 Iotumne,
1490 1690 1556 1729 an
1609 1691 1812 1746 partem
1839 1683 1861 1736 ?
1887 1683 1952 1738 Et
1992 1687 2167 1755 siqui-

590 1753 712 1805 dem
739 1763 908 1810 totum
934 1796 949 1822 ,
1007 1775 1114 1814 non
1147 1763 1454 1821 eritsaneta
1507 1767 1745 1827 Trinitas
1807 1779 2164 1834 consubstan-

2271 579 2663 648 ἀπαντήσοιμι,
2697 578 2884 641 ἐπίθες
2921 580 3020 649 τὴν
3060 583 3334 651 σφραγῖδα
3372 581 3457 653 τῷ
3500 583 3660 653 λόγῳ
3686 601 3701 613 ·
3741 586 3794 637 εί
3837 586 3880 636 δὲ

2275 671 2810 739 μήγε,σαφηνίσειας
2837 672 2996 735 αὐτὸς
3019 674 3465 746 εὐκρινέστερον.
3499 677 3670 729 Ἐπεὶ
3693 677 3760 730 δὲ
3793 678 3878 744 οἰχ

2269 753 2382 810 οἷον
2441 776 2502 810 τε
2557 760 2619 812 εὖ
2662 761 2806 830 μάλα
2834 761 3082 815 διαλῦσαι
3113 764 3174 816 τὸ
3213 767 3499 830 αἱρετικὸν
3546 768 3878 836 πρόελημα,

2273 847 2428 919 [(Σοιί.
2462 848 2593 920 Reg.
2645 851 2924 923 φρόνημα]
2970 855 3018 905 εἰ
3063 855 3136 924 μὴ
3180 855 3320 925 αὐτη
3351 856 3384 926 ἡ
3421 858 3716 927 πρότασις
3754 860 3878 911 ἀπο-

2269 940 2544 994 δείκνυται
2573 940 2733 1012 [Cod.
2773 941 2904 1009 Reg.
2935 944 3333 1018 ὑποδείκνυτο],
3394 947 3632 1017 πρῶτον
3671 950 3876 1001 uisi-ei

2269 1031 2430 1102 αὕτη,
2459 1033 2555 1085 καὶ
2585 1030 2686 1086 εἷθ’
2713 1035 2885 1099 οὕτως
2914 1039 2950 1107 ἡ
2978 1039 3257 1108 ὀρθόδοξος
3287 1039 3501 1105 πίστις.
3530 1041 3706 1113 [(3οά.
3749 1042 3872 1111 Reg.

2268 1123 2469 1196 λύσις.]

2725 1222 3043 1290 Πρόϐλημα
3069 1223 3389 1289 αΙρετικοῦ.

2337 1315 2485 1368 Μίαν
2521 1313 2682 1383 φύσιν
2715 1315 2811 1368 τού
2841 1313 2976 1367 Θεοῦ
2994 1315 3171 1382 Λόγου
3203 1316 3655 1387 σεσαρκωμένην
3680 1319 3874 1388 ὁμολο-

2266 1405 2513 1474 γοῦντες,
2551 1406 2672 1459 ὅλον
2705 1424 2760 1459 τι
2804 1405 2895 1457 τὸν
2936 1406 3190 1474 Χριστὸν,
3226 1407 3395 1476 ἤγουν
3451 1409 3593 1477 μίαν
3638 1410 3872 1478 ὁλότητι

2266 1499 2331 1551 ἐκ
2373 1500 2575 1570 μερῶν,
2615 1499 2866 1568 θεότητός
2898 1516 2958 1551 τε
3001 1500 3095 1551 καὶ
3123 1498 3555 1570 ἀνθρωπότητος
3600 1503 3874 1572 δηλονότι,

2263 1589 2472 1659 λέγετε.
2517 1591 2908 1660 Πυνθανόμεθα
2953 1587 3068 1656 οὖν,
3099 1593 3151 1644 τί
3191 1593 3595 1663 συναριθμεῖτε
3639 1599 3708 1665 τῇ

2265 1685 2456 1754 Τριάδι
2477 1702 2492 1750 ;
2515 1685 2576 1737 τὺ
2603 1684 2803 1755 ὃλον,ἢ
2837 1685 2898 1737 τὸ
2923 1685 3120 1754 μέρος;
3150 1685 3244 1738 καὶ
3272 1688 3322 1737 εί
3356 1687 3460 1755 μὲν
3486 1689 3552 1741 τὸ
3587 1689 3739 1752 ὅλον,
3777 1691 3872 1741 οὐκ

2266 1777 2420 1829 ἔσται
2453 1777 2737 1847 ὁμοούσιος
2767 1780 2799 1848 ἡ
2829 1777 2959 1845 ἁγία
2985 1778 3155 1848 Τριάς
3178 1793 3192 1807 °
3224 1780 3274 1830 εί
3304 1769 3362 1831 δὲ
3382 1779 3446 1832 τὸ
3482 1781 3685 1852 μέρος,
3718 1783 3753 1852 ἦ
3777 1782 3872 1846 τὴν

593 1847 736 1902 tialis
769 1868 781 1903 :
818 1851 862 1904 si
897 1868 1023 1908 vero
1055 1867 1264 1923 partem
1296 1901 1310 1925 ,
1352 1872 1446 1915 aut
1495 1865 1834 1922 divinitatem
1895 1886 2164 1928 annume—

2275 1868 2500 1935 θεότητα
2541 1847 3045 1940 συναριθμοῦντες,
3071 1869 3228 1931 ἐκτὸς
3279 1872 3380 1938 τῆς
3412 1847 3586 1939 ἁγίας
3636 1847 3870 1941 Τρινάὼς

592 1950 797 2004 rantes.
831 1955 984 2002 extra
1038 1961 1284 2006 sanctam
1346 1954 1667 2013 Trinitatem
1723 1964 2009 2034 perspicue
2063 1967 2166 2021 hu-

593 2037 907 2091 manitatem
946 2041 1281 2111 relinquitis;
1316 2056 1410 2100 aut
1471 2050 1864 2109 humanitatem
1903 2073 2169 2113 annume-

593 2138 797 2194 rantes,
822 2132 1161 2192 divinitatem
1192 2151 1344 2196 extra
1376 2141 1702 2203 Trinitatem
1730 2149 1912 2206 dicere
1965 2152 2165 2224 depre-

594 2220 926 2279 hendemini.

1158 2322 1370 2380 Salutio
1395 2330 1725 2397 objectionis.

662 2403 836 2461 Unam
869 2420 1120 2469 naturam
1183 2418 1341 2474 Verbi
1401 2422 1740 2480 incarnatam
1813 2429 2164 2499 conﬁtentes,

591 2514 699 2552 non
729 2501 1052 2571 simpliciter
1113 2514 1285 2564 totum
1323 2514 1584 2580 quiddam
1627 2518 1927 2585 Christum,
1963 2525 2056 2578 sed
2097 2539 2167 2581 ex

589 2592 802 2647 duabus
837 2597 1192 2654 Iotalitatibus
1224 2602 1386 2658 simul
1418 2608 1753 2677 conjunctis,
1780 2611 2064 2672 divinitate
2112 2629 2169 2675 et

593 2677 945 2748 humanitate,
981 2686 1304 2744 conﬁtemur
1329 2709 1342 2744 :
1367 2698 1667 2753 secundum
1691 2717 1829 2771 quas
1851 2706 2164 2775 totalitatcs,

590 2789 710 2841 quae
739 2786 796 2830 ut
821 2788 1002 2847 partes
1024 2783 1090 2836 ad
1146 2790 1598 2854 compositionem
1649 2810 1946 2869 assumptae
1986 2816 2115 2858 sunt
2148 2846 2164 2872 ,

592 2876 739 2924 totus
765 2880 866 2937 est,
921 2882 1178 2945 tanquam
1215 2877 1376 2948 Deus,
1426 2882 1571 2938 Patri
1601 2896 1654 2941 et
1723 2889 1947 2958 Spiritui
1977 2908 2167 2953 sancto

593 2962 914 3017 naturaliter
943 2968 1278 3036 conjunctus
1309 2989 1324 3037 ;
1360 2985 1414 3027 et
1450 2984 1614 3043 totus,
1647 2982 1797 3036 velut
1825 2988 2007 3054 homo,
2043 3007 2163 3046 cum

591 3060 762 3106 matre
786 3063 840 3108 et
891 3057 1048 3113 nobis
1081 3061 1510 3119 substantialiter
1543 3080 1828 3138 cooptatus
1859 3094 1872 3142 ;
1902 3080 2164 3144 singulari

2267 1960 2365 2031 τὴν
2403 1961 2797 2032 ἀνθρωπότητα
2837 1961 3116 2031 προδήλως
3154 1962 3649 2034 καταλιμπάνετε’
3689 1965 3724 2034 ἦ

2267 2055 2658 2125 ἀνθρωπότητα
2681 2052 3160 2123 συναριθμοῦντες,
3193 2054 3472 2109 ἁλώσεσθε
3499 2057 3607 2127 τῆς
3630 2056 3866 2126 Τριάδος

2267 2146 2425 2209 ἐκτὸς
2445 2145 2544 2216 τὴν
2566 2144 2794 2215 θεότητα
2817 2145 3086 2214 λέγοντες.

2759 2325 2950 2391 Λύσις
2972 2324 3124 2394 πρὸς
3149 2325 3351 2380 τοῦτο.

2338 2417 2484 2472 Μίαν
2521 2415 2686 2486 φύσιν
2725 2417 2820 2472 τοῦ
2852 2419 3024 2486 Λόγου
3063 2417 3497 2489 σεσαρκωμένην
3526 2422 3861 2492 ὁμολογοῦν·

2265 2526 2380 2572 τες,
2410 2508 2508 2579 ούχ
2548 2510 2735 2573 ἁπλῶς
2778 2511 2898 2563 ὅλον
2941 2527 2992 2562 τι
3022 2510 3112 2562 τὸν
3145 2510 3397 2579 Χριστὸν,
3447 2513 3573 2565 ἀλλ’
3609 2518 3679 2569 ὲκ
3721 2517 3859 2569 δυᾶν

2267 2601 2538 2673 ὁλοτὴτων
2561 2603 3058 2672 συνενηνεγμένων,
3080 2601 3333 2672 Θεότητός
3363 2621 3421 2656 τε
3443 2607 3543 2658 καὶ
3564 2608 3858 2677 ἀνθρωπόο

2267 2712 2450 2764 τητος,
2482 2694 2852 2764 ὁμολογοῦμεν
2877 2711 2890 2724 ·
2922 2692 3044 2746 καθ’
3076 2692 3144 2756 ἀς
3176 2693 3435 2764 ὁλότητας
3466 2698 3571 2761 τὰς
3605 2700 3685 2762 ὡς
3723 2701 3858 2769 μέρη

2271 2789 2407 2858 πρὸς
2433 2787 2530 2857 τὴν
2564 2786 2812 2840 σύνθεσιν
2839 2784 3196 2854 εἰλημμένας,
3231 2785 3352 2850 ὅλος
3384 2789 3562 2852 ἐστὶν,
3599 2791 3679 2854 ὡς
3708 2792 3856 2855 Θεὸς,

2267 2882 2346 2950 τῷ
2388 2881 2556 2950 [Ia-cpi
2581 2897 2638 2932 τε
2673 2880 2766 2931 καὶ
2790 2877 2868 2947 τῷ
2896 2878 3171 2947 Πνεύματι
3198 2881 3447 2948 φυσικῶς
3480 2886 3853 2954 συνημμένος·

2267 2975 2362 3025 καὶ
2394 2973 2530 3034 ὅλος,
2562 2969 2634 3032 ὠς
2659 2969 2962 3038 ἄνθρωπος,
2992 2973 3059 3040 τῇ
3093 2972 3260 3043 μητρὶ
3290 2974 3385 3026 καὶ
3410 2974 3548 3043 ἡμῖν
3579 2977 3857 3037 ούσιωδικ

2270 3063 2736 3131 συντεταγμένος·
2785 3059 2864 3130 τῷ
2916 3063 3187 3135 μοναδικῷ
3236 3069 3549 3135 χαρακτῆρι
3601 3067 3673 3119 τὰ
3717 3068 3858 3136 ἄκρα

589 3145 903 3203 charactere
953 3151 1217 3221 colligens
1273 3165 1512 3212 extrema
1540 3160 1592 3213 in
1641 3166 1838 3233 seipso,
1886 3181 2162 3226 extremo-

2275 3155 2409 3225 πρὸς
2457 3152 2648 3206 ἑαυτὸν
2684 3152 2934 3217 συνδέων,
2983 3159 3076 3209 καὶ
3117 3157 3243 3218 τοὺς
3291 3156 3398 3208 τῶν
3448 3157 3645 3226 ἄκρων
3700 3159 3857 3227 ὅρους

592 3247 822 3302 rumque
855 3235 1200 3294 deﬁnitiones
1241 3241 1436 3298 illaesas
1461 3257 1514 3300 et
1550 3247 1867 3310 incoul'usas
1895 3257 1947 3310 in
2006 3261 2165 3315 unio-

589 3339 660 3376 ne
691 3339 1040 3384 conservans.
1075 3328 1132 3384 ln
1170 3348 1281 3403 quo
1333 3337 1575 3395 Trinitas
1642 3355 1825 3400 manet
1900 3345 2160 3420 Trinitas,

586 3411 828 3466 alienum
865 3417 1224 3487 quidquama
1276 3433 1471 3479 natura
1521 3442 1616 3496 per
1675 3431 2003 3490 additionem
2053 3411 2165 3495 non

589 3499 922 3568 admittens;
973 3515 1029 3558 et.
1069 3506 1390 3564 humanitas
1457 3525 1643 3570 manet
1690 3519 2028 3585 humanitas,
2095 3528 2165 3580 ah

591 3591 740 3646 unita
763 3593 864 3647 sibi
891 3597 1177 3654 divinitate
1211 3604 1438 3659 minime
1477 3608 1666 3662 divisa.
1704 3611 2041 3684 Quapropter
2075 3635 2167 3673 ra-

591 3683 754 3736 tionis
775 3699 971 3754 expers
997 3689 1100 3743 fuit
1121 3692 1353 3761 objectio
1387 3707 1496 3759 tua,
1515 3715 1580 3752 ex
1609 3683 2008 3771 Acephalorum
2033 3725 2166 3765 cou-

591 3774 932 3832 fundentium
969 3781 1158 3837 haeresi
1190 3787 1472 3843 ebulliens.

839 3868 1077 3936 Objectio
1103 3873 1272 3927 altera
1295 3877 1528 3944 ejusdem
1592 3882 1847 3940 Iiwretici.

663 3958 759 4012 Hic
785 3960 1057 4026 Christus,
1089 3981 1251 4034 quem
1285 3981 1385 4024 nos
1426 3973 1777 4044 conﬁtemur,
1831 3997 2166 4040 annumera-

589 4061 678 4104 tnr
708 4062 910 4108 sancta:
950 4055 1225 4123 Trinitati,
1265 4063 1348 4115 vel
1367 4078 1495 4119 non.
1529 4065 1659 4123 Etsi
1694 4072 1912 4141 quidem
1965 4090 2168 4134 sanctae

588 4139 848 4199 Trinitati
900 4159 1316 4219 annumeratur,
1367 4171 1478 4224 quo
1546 4139 1726 4226 pacto
1761 4163 1874 4232 jam
1926 4164 2167 4225 Trinitas

591 4238 696 4291 erit
723 4242 1213 4299 consubstantialis
1238 4247 1260 4299 ?
1286 4245 1341 4300 Si
1361 4257 1541 4302 autem
1574 4268 1680 4305 non
1729 4269 2123 4315 annumeratur
2150 4258 2173 4328 ,⁸

593 4345 693 4384 nec
724 4330 867 4388 Deus
899 4336 1023 4401 erit,
1055 4337 1148 4391 sed
1180 4339 1361 4394 nudus
1428 4351 1639 4397 tantum
1704 4344 1890 4402 homo.
1956 4349 2166 4416 Quibus

593 4438 692 4477 vos
739 4427 919 4482 verbis
946 4429 1339 4486 dubitationem
1391 4435 1634 4500 solvetis,
1673 4438 1896 4494 illaasam
1960 4445 2024 4499 de
2058 4463 2165 4500 uno

2267 3247 2577 3317 ἀλωόνήτους
2622 3249 2715 3301 καὶ
2757 3246 3096 3317 ἀσυγχύτους
3139 3250 3196 3300 ὲν
3223 3251 3289 3319 τῇ
3319 3248 3517 3300 ὲνὼσει
3560 3250 3856 3318 διαφυλάτ-

2264 3356 2394 3393 των.
2441 3339 2557 3408 Ἐφ’
2594 3331 2638 3406 ᾧ
2680 3342 2713 3408 ἡ
2744 3339 2915 3409 Τριὰς
2946 3341 3096 3409 μένει
3130 3339 3318 3409 Τριάς,
3349 3341 3649 3409 ἀσυμφυὲς
3687 3360 3743 3396 τι
3781 3346 3855 3407 είς

2268 3434 2589 3504 προσθήκην
2619 3434 2692 3502 μὴ
2723 3434 3054 3504 προσιεμένη
3077 3449 3090 3463 ⁸
3123 3434 3218 3486 καὶ
3245 3434 3274 3504 ἡ
3306 3433 3672 3506 ἀνθρωπότης
3705 3438 3854 3508 μένει

2268 3526 2648 3596 ἀνθρωπότης,
2703 3524 2801 3592 τῆς
2846 3523 3138 3594 ὲνωθείσης
3194 3525 3329 3595 αὐτῇ
3380 3525 3644 3595 θεότητος
3692 3531 3854 3598 μήπω

2269 3617 2645 3688 διαιρουμένη.
2698 3615 2863 3667 Ὥστε
2921 3632 3015 3667 σου
3069 3616 3335 3684 ἀλογῶδες
3365 3617 3425 3670 τὺ
3452 3619 3756 3690 πρόϐλημα
3793 3624 3852 3673 ἐκ

2267 3709 2366 3776 τῆς
2390 3708 2498 3761 τῶν
2533 3706 2846 3776 Ἀκεφάλων
2871 3709 3204 3780 συγχυτικῆς
3227 3709 3496 3779 αἱρέσεως
3521 3711 3853 3782 ἀποζευγνύ-

2315 3817 2456 3854 ενον.

2273 3818 2528 3945 μψνωζόῦ
2566 3889 2754 3945 αὑτοῦ
2792 3891 3089 3960 αἰρετικοῦ
3126 3892 3333 3960 ἕτερον
3365 3893 3714 3962 πρόϐλημα.

2343 3974 2512 4044 Οὗτος
2540 3981 2568 4033 6
2601 3979 2834 4051 Χριστὸς
2866 3984 2893 4033 6
2924 3983 3052 4052 παρ’
3081 3984 3112 4051 ἠ
3124 3981 3236 4052 μῶν
3255 3982 3697 4051 ὁμολογούμενος
3729 4000 3848 4036 aw-

2270 4072 2584 4143 ἀριθμεῖται
2613 4075 2676 4142 τῇ
2704 4072 2833 4142 ἁγίᾳ
2859 4070 3073 4142 Τριάδι,
3105 4073 3136 4142 ἦ
3161 4071 3241 4124 οὗ.
3275 4073 3386 4125 Καὶ
3415 4075 3464 4125 εί
3496 4074 3599 4142 μὲν
3633 4093 3846 4146 συναριο

2271 4165 2488 4234 Θμεῖται
2529 4168 2594 4235 τῇ
2636 4165 2765 4233 ἁγίᾳ
2792 4164 3016 4234 Τριάδι,
3048 4163 3165 4225 πῶς
3193 4165 3345 4216 ἔσται
3379 4165 3568 4218 λοιπὸν
3620 4170 3654 4237 ἡ
3689 4169 3845 4241 Τριὰς

2268 4257 2583 4325 ὀμοούσιος;
2617 4259 2664 4310 εἰ
2697 4256 2753 4308 δὲ
2783 4256 2843 4308 ού
2875 4255 3285 4326 συναριθμεῖται
3306 4295 3321 4321 ,
3348 4257 3474 4310 οὐδὲ
3509 4258 3642 4322 Θεὸς
3677 4260 3841 4321 ἔσται,

2268 4349 2405 4402 ἀλλὰ
2457 4350 2616 4418 μόνον
2653 4347 2805 4416 ψιλὸς
2845 4345 3151 4417 ἄνθρωπος.
3200 4341 3296 4412 Οἷς
3326 4348 3511 4401 τοίνυν
3548 4350 3710 4419 ὑμεῖς
3756 4351 3843 4421 τὴν

2269 4440 2504 4511 ἀπορίαν
2543 4437 2867 4492 ὲπιλύσεσθε
2901 4438 3099 4506 λόγοις,
3139 4439 3240 4510 τὴν
3287 4441 3418 4510 περὶ
3462 4441 3584 4504 ἐνὸς
3613 4443 3840 4510 Χριστοῦ

595 4515 813 4573 Christo
846 4532 1130 4580 servantes
1158 4525 1472 4594 opinionem
1508 4547 1524 4594 ;
1557 4530 1745 4585 eadem
1775 4533 1894 4602 ipsa
1914 4537 2068 4593 nobis
2097 4541 2163 4594 ad

2275 4532 2629 4601 φυλάττοντες
2655 4529 2813 4594 δόξαν
2840 4530 3193 4601 ἀπήμαντον,
3223 4525 3368 4586 οὗτοι
3413 4535 3510 4586 καὶ
3541 4536 3679 4605 ημῖν
3714 4538 3842 4607 πρὸς

592 4605 735 4661 hanc
764 4607 1053 4676 suliicieot_

1060 4702 1271 4761 Salutio
1305 4708 1634 4778 objectionis.

663 4788 762 4846 Hic
789 4791 1064 4863 Christus,
1089 4814 1248 4867 quem
1279 4816 1379 4856 nos
1412 4805 1754 4868 conﬁtemur,
1782 4807 1984 4876 quibus
2024 4812 2166 4864 veri-

593 4883 718 4938 tatis
748 4887 930 4941 verbis
962 4890 1195 4958 priorem
1228 4893 1587 4963 objeetionem
1632 4900 1851 4967 repulit,
1887 4901 2080 4957 iisdem
2116 4915 2170 4960 et

595 4990 916 5044 praesentem
941 4983 1183 5051 repellet,
1215 4994 1275 5039 ut
1323 5002 1440 5054 qua:
1472 5004 1656 5056 parem
1700 4993 1943 5048 continet
1975 4995 2170 5066 impie-

595 5080 786 5124 tatem.
818 5073 991 5138 Quem
1025 5089 1154 5129 vero
1194 5091 1290 5132 vos
1323 5077 1626 5146 Christum,
1661 5099 1823 5137 unam
1857 5087 2066 5144 scilicet
2095 5106 2163 5145 ex

592 5163 854 5232 partibus,
878 5165 1160 5222 divinitate
1198 5177 1253 5221 et
1296 5168 1652 5238 humanitate,
1691 5176 2010 5230 totalitatem
2069 5195 2167 5233 na-

592 5255 821 5306 turalem
843 5255 1169 5323 praedicatis,
1214 5273 1314 5313 nec
1344 5262 1827 5318 consubstantialis
1851 5275 1932 5319 est
1964 5266 2108 5321 Patri
2146 5311 2162 5335 ,

591 5342 857 5410 siquidem
885 5341 1045 5398 Pater
1069 5345 1212 5401 Deus
1251 5347 1426 5402 solum
1461 5360 1563 5416 est,
1593 5361 1645 5406 et
1681 5368 1788 5407 non
1830 5354 1994 5410 homo
2023 5373 2036 5409 :
2069 5374 2165 5411 ne-

591 5450 698 5503 que
736 5438 1220 5494 consubstantialis
1239 5443 1400 5496 matri
1431 5458 1446 5508 ;
1475 5444 1741 5513 siquidem
1785 5458 1958 5501 mater
2001 5451 2166 5506 homo

592 5533 676 5578 est
702 5534 932 5590 tantum,
962 5535 1016 5580 et
1050 5543 1155 5583 non
1184 5528 1323 5585 Deus
1353 5547 1368 5584 :
1399 5543 1451 5587 et
1485 5543 1698 5604 tempus
1725 5546 1809 5592 est
1836 5548 1894 5592 ut
1914 5539 2166 5596 Christos

593 5615 728 5670 alios
764 5618 1041 5685 quaeratis,
1064 5620 1262 5689 quibus
1291 5621 1391 5676 iste
1423 5623 1492 5677 sit
1520 5626 2004 5682 consubstantialis
2041 5646 2055 5694 ;
2091 5631 2166 5683 si-

595 5705 813 5774 quidem
849 5724 955 5762 non
985 5719 1071 5764 est
1108 5711 1272 5765 ullam
1300 5715 1540 5782 reperire
1571 5726 1821 5772 naturam
1851 5734 1973 5788 qua:
2002 5721 2166 5774 unius

596 5809 803 5855 tantum
835 5818 1078 5870 personae
1105 5805 1319 5872 propria
1345 5807 1434 5860 sit.
1455 5807 1607 5872 Quod
1636 5811 1678 5864 si
1714 5807 1820 5865 non
1850 5813 2162 5882 inveniatis,

2273 4625 2476 4696 ταύτην
2507 4625 2855 4696 ἀρκέσουσιν.

2753 4718 2944 4782 Λύσις
2981 4716 3129 4786 πρὸς
3159 4717 3353 4772 τοῦτο.

2344 4807 2513 4875 Οὗτος
2553 4811 2582 4863 6
2613 4809 2847 4880 Χριστὸς
2885 4812 2913 4863 6
2947 4809 3076 4881 παρ’
3105 4810 3258 4880 ἡμῶν
3285 4809 3741 4882 ὁμολογούμενος,
3766 4807 3835 4875 οἷς

2273 4908 2450 4976 λόγοις
2479 4903 2811 4975 ἀληθότητος
2839 4904 3198 4976 ὲξεκρούσατο
3223 4905 3323 4974 τὴν
3352 4907 3524 4974 προτὲ
3535 4923 3636 4976 ραν
3661 4907 3835 4976 πρότα-

2275 5017 2380 5064 σιν,
2421 4998 2651 5061 τούτοις,
2696 4997 2792 5050 καὶ
2836 4998 2934 5067 τὴν
2981 4996 3262 5067 παροῦσαν
3303 4997 3718 5067 συγκρούσειεν,
3769 5000 3833 5061 ὡς

2277 5091 2581 5160 ἰσορρόπως
2608 5089 2670 5141 τὸ
2694 5087 2888 5150 ἀσεϐὲς
2910 5085 3157 5155 ἔχουσαν.
3193 5089 3289 5140 ’ον
3317 5087 3376 5140 δὲ
3408 5090 3569 5157 ὑμεῖς
3599 5088 3831 5161 Χριστὸν,

2272 5182 2438 5251 ἤγουν
2469 5179 2597 5248 μίαν
2621 5178 2848 5248 ὁλότητα
2877 5177 3110 5248 φυσικὴν
3141 5180 3206 5230 ὲκ
3239 5180 3447 5249 μερῶν,
3491 5180 3744 5252 θεότητός
3783 5201 3830 5236 τε

2273 5273 2364 5324 καὶ
2408 5270 2846 5340 ἀνθρωπότητος,
2897 5270 3248 5337 πρεσϐεύετε,
3283 5269 3409 5324 οὔτε
3449 5273 3738 5342 ὁμοούσιος
3776 5277 3833 5329 ἂν

2271 5366 2356 5432 εἴη
2385 5363 2463 5434 τῷ
2495 5363 2690 5432 Harp},
2725 5363 2882 5431 εἴπερ
2919 5363 2948 5415 6
2972 5361 3156 5432 Πατὴρ
3185 5361 3317 5426 Θεὸς
3362 5365 3550 5433 μόνον,
3581 5369 3698 5421 ἀλλ’
3725 5370 3830 5440 οὐχὶ

2272 5458 2364 5508 καὶ
2390 5455 2702 5526 ἄνθρωπος’
2733 5455 2856 5508 οὕτε
2878 5455 3160 5523 ὀμοούσιος
3180 5456 3247 5524 τῇ
3275 5457 3468 5525 μητρὶ,
3493 5459 3655 5529 εῐπερ
3685 5463 3715 5531 ἡ
3741 5463 3832 5531 μή·

2271 5564 2376 5615 τηρ
2406 5546 2689 5617 ἄνθρωπος
2726 5549 2905 5617 μόνον,
2935 5550 3050 5603 ἀλλ’
3083 5551 3204 5620 ούχὶ
3239 5552 3331 5603 καὶ
3372 5553 3510 5618 Θεός
3533 5571 3549 5585 ο
3597 5558 3693 5610 καὶ
3729 5558 3828 5627 ὥρα

2273 5640 2401 5707 ὑμῖν
2430 5638 2614 5709 ζητεῖν
2640 5639 2858 5712 ἑτέρους
2888 5643 3175 5713 Χριστοὺς,
3206 5637 3286 5706 οἷς
3314 5635 3472 5709 οὗτος
3505 5647 3574 5700 ἂν
3602 5651 3685 5719 εἴη
3713 5652 3828 5719 ὀμο-

2271 5729 2448 5791 ούσιος
2472 5745 2487 5759 ο
2528 5730 2650 5782 ἐπεὶ
2678 5731 2750 5801 μὴ
2771 5727 2882 5784 οἷόν
2909 5747 2966 5784 τε
2997 5735 3422 5803 μονοπρόσωπον
3456 5736 3626 5802 φύσιν
3651 5742 3824 5809 γνωρί-

2275 5821 2482 5885 ζεσθαι.
2517 5823 2574 5875 Ei
2611 5823 2663 5875 δὲ
2694 5824 2787 5893 οὐχ
2817 5824 3146 5896 εὐρίσκοιτε,
3185 5829 3292 5903 τοῖς
3330 5826 3482 5893 ἰδίοις
3528 5832 3823 5903 προϐλήμα-
