3976 6322
178 356 360 420 1537

1397 350 1938 412 EPISTOLARUM
1979 349 2104 408 LIB
2182 347 2266 408 II.

3311 341 3449 406 1538

168 485 292 520 σιν
329 465 646 530 ἑαλωκότες,
670 463 746 535 τῷ
771 463 910 535 κενῷ
936 463 1276 535 ἀναπλασμῷ
1300 464 1359 517 οὺ
1383 463 1615 533 Χριστόν
1638 458 1752 515 εῐνα

1878 459 2109 528 propriis
2161 455 2553 520 objectionibus
2604 453 2767 524 capti,
2823 453 2926 507 hoc
2983 452 3132 508 inani
3196 454 3448 524 figmento

162 560 352 625 ὅλως
385 560 676 624 δοξάζοιτε.

423 673 572 729 PUA'
599 671 732 742 (63).
763 701 831 712 —-
865 671 1095 741 Νικήτᾳ
1115 671 1450 742 μονάζοντι.
1491 669 1681 744 [timbh1

1882 551 2157 606 Christum
2189 564 2414 619 prorsus
2441 563 2555 630 non
2587 563 2708 603 esse
2740 547 3024 602 docebitis.

2183 663 2417 721 CLXXI.
2456 692 2506 704 -
2540 661 2746 716 Nicena
2772 663 3026 715 monacho
3061 663 3146 730 (‘).

159 789 352 849 Quod
373 786 785 849 quemadmodum
822 783 982 835 omnis
1023 784 1105 834 vir‘
1124 785 1396 852 perfectus,
1428 782 1624 852 etiamsi
1658 782 1708 832 in
1733 781 2216 852 apostoliconordine
2253 787 2514 852 censeatur
2550 779 2742 843 indiget
2769 780 2900 831 libro
2933 778 3259 842 evangelica;
3289 775 3361 827 sic
3393 781 3448 826 et

1240 848 1430 907 pictura
1451 845 1670 894 historiae
1693 858 1801 906 quae
1831 845 1882 893 in
1903 858 1964 893 eo
1997 845 2122 892 libro
2159 845 2460 893 continetur.

257 931 354 984 Τό
383 927 536 998 παρά
563 927 662 997 τῆς
690 928 960 998 ὁσιότητος
995 925 1150 997 ἡμῶν
1181 927 1267 980 διὰ
1295 928 1389 980 τοῦ
1429 927 1772 994 θεοφιλεστά-

153 1038 284 1072 του
355 1016 747 1087 μητροπολίτου
795 1017 1095 1069 ἀποσταλὲν
1142 1016 1272 1086 ἡμῖν
1305 1013 1505 1084 βιϐλίον
1537 1015 1773 1084 ἀνέγνω-

162 1126 327 1180 μεν.
367 1107 476 1160 Καὶ
509 1108 609 1160 οὐκ
650 1107 796 1160 ἐστιν
826 1107 854 1158 ό
887 1106 1044 1159 τοῦτο
1081 1105 1532 1175 συγγραψάμενος
1569 1107 1661 1158 ἐπὶ
1692 1105 1771 1176 τῷ

156 1201 437 1265 δόγματι
468 1195 574 1248 τῶν
602 1197 813 1248 σεπτῶν
837 1196 1056 1248 εἰκόνων
1086 1195 1447 1264 όρθοιρρονῶν.
1475 1196 1636 1262 Λέγει
1661 1195 1768 1265 γὰρ

157 1290 325 1344 τάδε
345 1303 361 1318 ⁶
405 1305 424 1338 ε
460 1288 572 1358 Τὴν
595 1289 829 1358 ἄρρητον
865 1288 958 1340 καὶ
987 1287 1354 1357 ἀπερίληπτον
1383 1289 1464 1350 εἱς
1498 1289 1644 1356 ἡμᾶς
1675 1287 1767 1340 τοῦ

156 1380 332 1433 Θεοῦ
367 1379 794 1450 φιλανθρωπίαν,
821 1380 914 1432 καὶ
945 1380 1069 1443 τοὺς
1101 1380 1276 1450 ἱεροὺς
1297 1379 1406 1432 τῶν
1429 1380 1599 1446 ἁγίων
1629 1379 1774 1445 ἀγῶ-

1950 925 2118 991 Quem
2156 929 2418 979 sanctitas
2452 934 2630 979 vestra
2674 940 2769 996 per
2810 924 3283 995 religiosissimum
3329 940 3444 978 mc-

1878 1019 2190 1087 tropolitam
2220 1018 2283 1072 ad
2313 1033 2415 1072 nos
2449 1018 2650 1071 librum
2681 1018 2846 1082 misit,
2879 1017 3140 1087 legimus,
3172 1025 3226 1071 et
3265 1016 3444 1087 profe-

1877 1119 1984 1174 cto,
2017 1110 2107 1179 qui
2141 1110 2284 1164 hunc
2310 1110 2562 1179 scripsit,
2597 1111 2652 1163 in
2687 1109 3116 1164 venerandarum
3147 1109 3439 1178 imaginum

1876 1203 2129 1269 dogmate
2159 1217 2266 1254 non
2303 1210 2446 1256 recte
2475 1203 2656 1256 sentit.
2712 1202 2839 1256 Haec
2871 1201 3017 1257 enim
3048 1201 3208 1255 dicit:
3250 1218 3267 1250 ι
3300 1201 3443 1254 lnef-

1877 1293 2092 1347 labilem
2129 1303 2182 1347 et
2219 1293 2722 1361 incomprehensam
2757 1292 2848 1348 Dei
2886 1309 3013 1363 erga
3049 1307 3151 1346 nos
3195 1292 3442 1361 benigni-

1870 1390 2054 1442 tatem,
2084 1393 2138 1436 et
2165 1399 2348 1437 sacros
2384 1381 2708 1436 Sanctorum
2744 1398 2944 1452 agones
2975 1384 3028 1437 in
3064 1382 3286 1437 Litteris
3315 1383 3439 1452 qui-

158 1490 285 1535 νας
345 1472 406 1524 ἐν
457 1473 753 1543 Γράμμασι
787 1472 884 1542 μὲν
928 1474 1089 1543 ἡμεῖς
1135 1474 1299 1542 ἱεροῖς
1343 1472 1748 1541 ἀνευφημεῖσθα

1869 1475 1988 1529 dem
2018 1475 2411 1529 sacrislaudari
2445 1473 2800 1537 aﬂirmamus,
2833 1475 2984 1528 nullo
3013 1488 3114 1526 nos
3140 1473 3396 1541 figmento
3422 1512 3438 1536 ,

156 1562 596 1634 διατυποῦμεν,
629 1565 854 1634 οὐδεμιᾷ
896 1564 1090 1617 πλάσει
1132 1563 1193 1616 τό
1232 1565 1318 1632 ἐφ’
1350 1565 1480 1633 ἡμῖν
1515 1563 1546 1632 ἢ
1587 1565 1771 1633 γραφῇ

157 1656 455 1725 καθάπερ
480 1656 636 1727 [Cod.
677 1655 805 1724 Reg.
840 1654 1114 1726 καθάπαξ]
1163 1656 1435 1725 ἡδόμενοι.
1463 1655 1776 1725 Συγχωροῦ-

1871 1577 2136 1634 quantum
2166 1567 2219 1621 in
2255 1569 2410 1622 nobis
2436 1577 2538 1628 est,
2564 1568 2646 1620 vel
2673 1569 2883 1635 pictura
2911 1570 3058 1620 velut
3087 1567 3437 1620 oblectantes.

1870 1659 2243 1714 Permittimns
2288 1666 2465 1713 autem
2512 1658 2968 1726 simplicioribus,
3011 1673 3132 1711 cum
3184 1656 3440 1726 imperfe-

159 1767 287 1818 μεν
338 1749 403 1802 δὲ
452 1752 562 1812 τοῖς
612 1749 1000 1817 ἁπλουστέροις
1036 1749 1404 1819 ἀτελεστέροις
1433 1749 1613 1811 αὐτοῖς
1652 1750 1755 1800 ὐπ-

1862 1751 2060 1804 Ctiores
2113 1751 2258 1813 sint,
2306 1765 2404 1818 pro
2451 1749 2683 1803 naturali
2747 1749 2992 1816 ipsorum
3042 1749 3440 1817 persuasione,

157 1841 481 1908 ἁρχουσιν,
525 1839 629 1892 ὑπὸ
663 1838 943 1908 συμφυοῦς
977 1839 1151 1891 αὐτῶν
1179 1840 1479 1909 ὲναγωγῆς,
1520 1840 1612 1892 καὶ
1647 1838 1765 1908 ὕψει

155 1938 235 2003 τῇ
273 1933 477 1992 αὐτοῖς
504 1933 817 2002 συμμέτρῳ,
862 1932 930 1984 τά
954 1929 1175 1983 τοιαῦτα
1218 1933 1273 1984 ὲν
1304 1933 1610 2000 εἰσαγωγῆς
1639 1932 1764 2001 τρό-

156 2045 262 2095 sup
332 2024 651 2094 μανθάνειν.
694 2043 713 2075 υ
764 2024 828 2076 Τί
861 2020 953 2077 οὖν
995 2024 1140 2077 ἔστιν
1197 2026 1254 2076 ὲν
1310 2025 1516 2089 τούτοις
1557 2027 1763 2092 είπεῖν;

157 2118 424 2188 Πρῶτον
470 2117 569 2184 μὲν
617 2117 697 2170 ὅτι
745 2117 1009 2186 διαίρεσιν
1056 2117 1155 2186 τῆς
1199 2119 1326 2187 μιᾶς
1366 2121 1458 2170 καὶ
1497 2117 1763 2182 ἐντελοῦς,

158 2210 273 2262 καὶ
336 2207 469 2276 μηδ’
505 2206 682 2259 ὁτιοῦν
738 2205 1096 2277 πρόσθεσινὴ
1142 2206 1426 2276 ὑφαίρεσιν
1474 2205 1765 2274 προσιεμέ-

157 2317 275 2368 νης
317 2298 566 2362 πίστεως
609 2298 763 2368 ἡμῶν
795 2298 1200 2368 ἀπεργάζεταιο
1232 2296 1410 2366 ἐαυτῷ
1438 2297 1534 2366 μὲν
1559 2297 1655 2367 τὴν
1675 2297 1763 2350 διὰ

154 2393 285 2446 τῶν
348 2391 517 2460 ἱερῶν
561 2391 906 2461 Γραμμάτων
949 2393 1235 2459 ἀπονέμων
1262 2392 1623 2444 διατύπωσιν·
1652 2394 1764 2454 τοῖς

156 2485 587 2552 ἁπλουστέροις
619 2485 675 2536 δὲ
703 2484 861 2554 δῆθεν
909 2484 1003 2536 καὶ
1053 2483 1426 2554 ἀτελεστέροις
1460 2484 1764 2552 ὑπάρχουσι

153 2580 274 2649 τὴν
312 2579 380 2630 ὲν
414 2576 609 2628 πλάσει
639 2576 732 2629 καὶ
767 2578 950 2646 γραφῇ
989 2576 1227 2646 ἱστορίαν
1255 2576 1505 2639 ἀποίσας.
1534 2576 1762 2628 Ἔπειτα

160 2668 335 2738 αὐτῷ
387 2667 492 2736 μὲν
524 2667 749 2721 ἀνάπτει
789 2668 849 2720 τό
881 2668 1083 2720 τέλειον
1123 2667 1222 2735 τῆς
1260 2668 1516 2737 χάριτοςο
1562 2669 1673 2729 τοῖς
1706 2667 1762 2718 δὲ

154 2764 274 2832 τὴν
313 2758 623 2828 Ἰουδαῖκὴν
649 2759 974 2830 ἀπορρίπτει
995 2759 1312 2828 νηπιότητα,
1337 2758 1608 2827 δεομένοις
1635 2776 1763 2828 συμ-

159 2852 357 2920 (ptio-3;
408 2851 716 2918 ἀναγωγῆς.
749 2849 960 2904 Οὐκοῦν
995 2851 1115 2903 κατ’
1153 2851 1314 2904 αὑτὸν
1353 2850 1693 2919 διαψεύδεται
1735 2853 1761 2903 ό

161 2946 328 3016 ἱερὸς
368 2941 694 3003 Ἀπόστολος
723 2943 977 3010 φάσκων·
1016 2944 1134 2996 Οὐκ
1160 2944 1250 2996 ἐνι
1288 2943 1591 3010 Ἰουδαῖος,
1622 2942 1761 2996 οὐδὲ

161 3035 468 3102 Ἕλλην·
507 3043 617 3088 οὐκ
656 3035 746 3086 ἔνι
797 3034 1036 3097 δοῦλος,
1077 3035 1217 3088 οὐδὲ
1251 3035 1560 3104 ἐλεύθερος
1584 3052 1598 3066 ο
1648 3038 1758 3088 οὐκ

1871 1842 2033 1895 etiam
2079 1849 2301 1908 aspectu
2337 1841 2470 1909 ipsis
2508 1849 2836 1908 congruente
2864 1878 2878 1902 ,
2925 1839 3051 1892 talia
3088 1854 3182 1905 per
3223 1837 3438 1890 modum

1871 1931 2288 1988 introductionis
2319 1933 2519 1986 doceri.
2549 1951 2568 1982 ι
2608 1931 2748 1996 Quid
2793 1932 2857 1984 ad
2898 1931 3010 1984 haec
3048 1931 3211 1996 igitur
3249 1929 3439 1983 dicen-

1870 2023 1996 2076 dum
2029 2022 2154 2077 est?
2188 2021 2428 2075 Primum
2459 2023 2700 2090 quidem,
2728 2021 2870 2090 quod
2905 2022 3066 2074 unius
3087 2030 3140 2073 et
3167 2018 3436 2087 perfectae.

1872 2116 2184 2183 nullamque
2222 2115 2305 2168 vel
2348 2115 2678 2168 additionem
2717 2115 2799 2168 vel
2846 2113 3303 2167 substractionem
3338 2112 3436 2164 ad-

1874 2207 2135 2260 mittentis
2163 2207 2285 2260 fidei
2320 2218 2521 2260 nostrae
2543 2202 2863 2260 divisionem
2904 2205 3170 2269 instituit;
3202 2203 3306 2258 sibi
3334 2203 3433 2272 ipsi

1869 2299 2086 2368 quidem
2127 2299 2347 2366 petitam
2396 2314 2461 2352 ex
2519 2298 2690 2352 sacris
2741 2296 2965 2350 Litteris
3015 2296 3431 2350 delineationeni

1869 2390 2214 2452 attribuens;
2255 2389 2689 2456 simplicioribus
2717 2405 2846 2443 vero
2881 2398 3041 2458 atque
3071 2389 3434 2457 imperfectio-

1868 2482 2021 2536 ribus
2067 2481 2353 2546 videlicet,
2407 2496 2502 2550 per
2537 2483 2688 2535 fictas
2723 2482 2808 2535 vel
2857 2481 3028 2549 pictas
3068 2479 3269 2550 elligies
3314 2479 3432 2535 edi-

1867 2574 2052 2630 scendi
2126 2572 2366 2628 studium
2428 2571 2700 2628 deferens.
2763 2573 2966 2626 Deinde
3029 2571 3133 2627 sibi
3213 2569 3431 2639 quidem

1867 2666 2249 2736 perfectionem
2283 2667 2468 2736 gratiae
2506 2666 2724 2736 adaptat
2759 2682 2772 2718 :
2819 2668 2940 2721 aliis
2989 2683 3120 2721 vero
3148 2664 3432 2720 Judaicam

1866 2757 2119 2825 relinquit
2155 2754 2436 2810 infantiam
2466 2795 2480 2817 ,
2515 2756 2608 2824 qui
2643 2758 2874 2811 naturali
2907 2759 3249 2813 institutione
3291 2758 3432 2811 indi-

1865 2858 2045 2914 geant.
2097 2845 2259 2913 Igitur
2314 2850 2612 2902 secundum
2669 2849 2847 2918 ipsum
2899 2850 3162 2903 mentitur
3208 2860 3431 2904 sanctus

1864 2937 2152 3006 Apostolus
2172 2954 2294 2992 cum
2325 2939 2439 2993 ait:
2479 2937 2602 2992 Non
2626 2949 2703 2993 est
2720 2939 2964 3003 Judwus,
2991 2957 3149 3009 neque
3169 2939 3386 2994 Graecus
3405 2957 3424 2992 :

1866 3047 1964 3082 non
1995 3041 2070 3083 est
2092 3030 2297 3095 servus',
2325 3047 2486 3102 neque
2511 3031 2684 3084 liber:
2716 3049 2816 3084 non
2841 3041 2916 3084 est
2944 3031 3236 3094 masculus,
3271 3048 3432 3100 neque

159 3131 262 3183 ἐνι
320 3097 523 3194 ἄρσεν
570 3127 668 3179 καὶ
696 3126 869 3192 θῆλυ.
906 3125 1130 3192 Πάντες
1154 3129 1264 3196 τὰρ
1301 3097 1470 3193 ὑμεῖςζ
1507 3097 1595 3193 είς
1619 3128 1758 3182 ἐστε

1862 3122 2271 3190 femina.0mnes
2296 3126 2431 3175 enim
2453 3141 2542 3177 vos
2567 3139 2729 3176 unum
2754 3124 2878 3176 estis
2905 3124 2959 3176 in
2985 3121 3191 3177 Christo
3215 3120 3427 3177 Iesu".

160 3222 236 3274 ἐν
266 3217 521 3288 Χριστῷ
557 3217 784 3284 Ἰησοῦ.
813 3219 876 3271 Ei
901 3218 958 3271 δὲ
988 3219 1259 3287 ἀληθεύει,
1295 3219 1485 3290 ὥσπερ
1513 3216 1606 3273 οὖν
1623 3219 1759 3290 ﬁli]—

162 3313 396 3375 θευται,
444 3309 538 3360 καὶ
559 3303 663 3374 Εἷς
688 3309 922 3376 Κύριος,
954 3309 1061 3377 μία
1085 3310 1307 3376 πίστις.
1338 3310 1409 3364 ἓν
1424 3311 1754 3379 ,ϐἀπτισμω

161 3403 254 3463 τίς
303 3403 342 3471 ἡ
391 3401 529 3472 κενὴ
579 3400 718 3471 αὕτη
749 3401 1008 3470 διαίρεσις
1034 3401 1112 3462 εἱς
1144 3401 1236 3455 δύο
1263 3403 1528 3472 τμήματα
1557 3402 1755 3467 avum;

159 3496 228 3546 τὸ
270 3493 440 3555 ἔθνος
480 3492 542 3544 τό
568 3493 740 3560 ἅγιον,
773 3493 834 3546 τό
880 3493 1148 3564 βασίλειον
1183 3493 1502 3565 ἱεράτευμα,
1532 3493 1759 3565 ἀποκρί-

163 3601 332 3637 νεσαι
361 3600 378 3615 ο
411 3584 508 3636 καὶ
537 3585 596 3635 τὸ
630 3583 726 3652 μὲν
749 3580 888 3637 εἶναι
914 3585 1012 3650 τῆς
1043 3585 1420 3654 ὲντελεστέρας
1455 3586 1667 3655 μοίρας·
1694 3585 1756 3638 τό

160 3675 221 3728 δὲ
244 3675 356 3743 τῆς
393 3674 882 3744 ὑφειμενεστέρας.
917 3674 1169 3738 Ἔπειτα,
1208 3675 1289 3726 ὃτι
1329 3673 1510 3743 ἐπειδὴ
1541 3677 1648 3736 πᾶς
1692 3671 1753 3727 εὖ

163 3764 400 3835 φρονῶν
437 3765 647 3833 ἐφίεται
678 3765 1011 3834 τελειότητος
1033 3781 1046 3794 ·
1083 3765 1377 3835 νεμεσητὸν
1398 3766 1661 3835 ἡγήσεται
1693 3784 1704 3799 ·
1727 3764 1755 3817 ό

164 3852 408 3915 ἀτελέςο
463 3853 757 3906 κάντεῦθεν
807 3853 866 3917 ἐξ
907 3853 1203 3920 ἀναγκαίου
1236 3853 1506 3922 παρέλκον
1551 3856 1666 3908 ἐστὶ
1693 3855 1753 3906 τό

161 3943 270 4011 τῆς
303 3943 556 4012 ἱστορίας
585 3943 778 4011 δόγμα.
818 3944 1186 3997 Ἔναντιοῦται
1209 3944 1265 3997 δὲ
1295 3946 1374 3998 ὅτι
1398 3946 1631 4013 μάλιστα
1658 3947 1750 3998 καὶ

164 4032 248 4102 τῷ
307 4033 542 4103 μεγάλῳ
592 4033 876 4104 Βασιλείῳ,
926 4033 1000 4104 μὴ
1037 4033 1299 4098 ταυτίζων
1327 4033 1392 4085 τὰ
1421 4035 1512 4087 ὑπ’
1541 4035 1748 4088 ἐκείνου

164 4127 376 4195 ὲπίσης
414 4125 872 4194 δογματιζόμενα.
911 4144 929 4176 ι
971 4128 1038 4178 Ἀ
1067 4126 1176 4196 γὰρ
1206 4128 1233 4178 ό
1267 4125 1442 4192 λόγος,
1472 4127 1624 4196 φησὶ,
1655 4125 1752 4194 τῆς

167 4220 426 4289 ἱστορίας
475 4218 541 4270 δι’
572 4218 739 4286 ἀκοῆς
768 4218 1083 4286 παρίστησι,
1125 4218 1296 4268 ταῦτα
1339 4216 1581 4286 γραφικὴ
1625 4233 1750 4268 σιω-

165 4311 334 4364 πῶσα
368 4310 460 4362 διὰ
491 4310 774 4379 μιμήσεως
809 4309 1096 4361 δείκνυσιν.
1137 4326 1155 4357 ι
1207 4308 1612 4359 Ἀντανίσταται
1643 4307 1750 4378 ἄρα

1860 3213 1953 3268 Sin
1998 3221 2179 3265 autem
2215 3227 2404 3264 verum
2450 3212 2621 3277 dicit,
2670 3220 2731 3265 ut
2775 3223 2919 3266 certe
2963 3213 3144 3279 dicit,
3193 3224 3247 3266 et
3283 3212 3429 3267 Unus

1860 3305 2150 3364 Dominus,
2205 3320 2313 3356 una
2352 3303 2518 3372 ﬁdes,
2567 3320 2730 3357 unum
2769 3303 3028 3374 baptisma
3059 3306 3135 3371 7’;
3177 3322 3425 3376 quasnam

1856 3408 1938 3449 est
1973 3398 2088 3449 haec
2121 3396 2300 3450 inanis
2331 3396 2526 3450 divisio
2560 3397 2610 3449 in
2653 3408 2928 3464 segmenta
2965 3399 3072 3453 duo
3106 3399 3428 3468 inaequalia?

1856 3495 2068 3556 gentem
2098 3497 2362 3552 sanctam,
2396 3488 2573 3556 regale
2603 3489 2966 3542 sacerdotium
2998 3491 3063 3554 ⁷⁸,
3105 3491 3284 3544 dirimi
3321 3513 3331 3546 :
3373 3504 3428 3545 et

1855 3578 1992 3631 alios
2020 3578 2240 3646 quidem
2273 3577 2617 3647 perfectioris
2646 3581 2820 3648 partis
2850 3596 2994 3645 esse,
3025 3581 3159 3635 alios
3187 3583 3426 3636 deterio-

1857 3673 1951 3724 ris.
1989 3671 2227 3735 Deinde,
2260 3671 2522 3740 quoniam
2560 3674 2942 3742 unusquisque
2974 3674 3019 3727 si
3056 3675 3200 3744 sapit
3245 3673 3409 3744 perfe-

1853 3765 2085 3818 ctionem
2125 3767 2372 3833 expetit;
2420 3765 2545 3818 odio
2577 3763 2804 3832 dignum
2847 3767 3007 3821 ducet
3045 3768 3187 3836 quod
3225 3767 3426 3836 imper-

1853 3853 2052 3907 fectum
2088 3862 2208 3919 est;
2244 3865 2407 3923 atque
2447 3853 2573 3907 hinc
2604 3855 2914 3908 necessario
2957 3870 3420 3924 supervacaneum

1851 3953 1935 3996 est
1969 3943 2167 4009 dogma
2216 3944 2461 4012 picturae.
2505 3944 2840 3998 Adversatur
2882 3953 2936 3999 et
2985 3962 3146 4013 quam
3187 3947 3421 4000 maxime

1851 4049 2054 4101 magno
2086 4033 2311 4099 Basilio,
2343 4050 2451 4088 non
2483 4035 2822 4100 assentiens,
2867 4051 2968 4089 nec
2997 4052 3058 4089 ea
3092 4037 3250 4091 simul
3287 4051 3420 4092 coii-

1847 4122 2083 4190 jnngens
2112 4138 2232 4190 qua:
2268 4123 2358 4176 ille
2387 4140 2452 4178 ex
2487 4139 2643 4193 aequo
2669 4125 2877 4177 docuit.
2917 4145 2932 4176 ι
2962 4124 3089 4190 Qua:
3130 4127 3293 4188 enim,
3331 4126 3418 4178 in-

1850 4213 1988 4281 quit,
2016 4213 2258 4268 historiaa
2277 4229 2456 4268 sermo
2473 4231 2564 4283 per
2579 4231 2740 4269 aures
2773 4226 3158 4284 repraesentat,
3194 4217 3307 4270 haec
3331 4219 3418 4286 pi-

1849 4315 2001 4360 ctura
2042 4307 2208 4361 silens
2238 4310 2705 4377 perimitationem
2736 4311 3048 4364 ostendit".
3084 4329 3101 4361 ι
3140 4309 3420 4379 Repugnat

163 4403 195 4454 ό
222 4403 494 4470 γεννάδας
532 4403 644 4463 τοῖς
682 4401 844 4468 ἱεροῖς
868 4399 1102 4466 Λογίοις,
1143 4398 1328 4468 ὥσπερ
1363 4399 1453 4450 καὶ
1481 4397 1557 4467 τῷ
1583 4415 1746 4467 κορυ-

1862 4415 1976 4467 ergo
1999 4400 2078 4452 vir
2109 4400 2359 4469 egregius
2388 4401 2564 4457 sacris
2597 4401 2896 4471 Scripturis
2919 4441 2933 4464 ,
2982 4403 3123 4456 sicut
3175 4411 3227 4456 et
3282 4419 3418 4472 prae-

165 4490 318 4558 φαὶῳ
350 4487 532 4558 Πατρί
551 4506 564 4518 ·
598 4489 691 4540 καὶ
725 4487 964 4556 οἰόμενος
997 4488 1153 4540 ἄλλον
1184 4487 1269 4540 ἐπ’
1300 4486 1447 4556 αὐτῷ
1485 4488 1549 4557 δὴ
1574 4487 1746 4556 τούτῳ

164 4580 248 4648 τῷ
279 4581 521 4650 δόγματι
559 4579 919 4648 διορθοῦσθαι,
946 4579 1105 4641 αὐτὸς
1137 4577 1456 4648 πεφώραται
1487 4578 1748 4646 ὀφλισκά-

167 4687 278 4722 νων
308 4673 542 4736 μάταια.
572 4671 681 4722 Καὶ
707 4670 794 4729 διὰ
821 4670 976 4723 τοῦτο
1006 4672 1167 4740 ἡμεῖς
1202 4671 1299 4740 μὲν
1323 4670 1498 4740 πάντη
1521 4670 1746 4740 διαγρά-

167 4779 345 4830 φομεν
393 4763 466 4816 τὰ
498 4762 720 4815 τοιαῦτα
751 4762 1183 4833 βατταρίσματα.
1226 4762 1747 4833 ’Υπομιμνὴσκομεν

166 4850 226 4902 δὲ
269 4853 368 4905 καὶ
412 4855 516 4922 τὴν
544 4851 815 4922 ὑμετέραν
851 4853 1164 4923 ἐμμέλειαν,
1204 4851 1282 4921 τῷ
1323 4851 1468 4921 αὐτῷ
1519 4855 1748 4922 στοιχεῖν

167 4942 362 4996 κανόνι
390 4945 499 5014 τῆς
527 4944 854 5014 όρθοδοξίας,
886 4945 1090 4997 εἱδυῖαν
1118 4945 1200 4996 ὅτι
1225 4945 1300 5007 ὠς
1327 4944 1496 4997 δεῖται
1532 4947 1638 5008 πᾶς
1663 4947 1748 4998 τέ-

169 5031 337 5097 λειος,
367 5036 478 5089 κᾶν
505 5035 566 5087 ὲν
596 5036 933 5106 ἀποστολικῷ
960 5036 1227 5105 ἀξιώματι
1257 5038 1614 5101 κατείλεκται,
1649 5037 1746 5107 τῆς

169 5123 540 5195 τὺαγγελικῆς
564 5123 743 5176 δέλτου
760 5141 774 5156 ο
803 5125 942 5179 οὕτω
969 5127 1063 5178 καὶ
1083 5128 1181 5196 τῆς
1209 5127 1327 5179 κατ’
1351 5125 1518 5197 αὐτὴν
1543 5143 1744 5196 γραφι-

171 5213 274 5282 κῆς
305 5216 551 5286 ἱστορίας
572 5232 588 5247 ο
621 5215 700 5268 ὅτι
732 5218 826 5270 καὶ
859 5218 958 5288 τῆς
1001 5218 1124 5288 ῐσης
1154 5219 1317 5290 τιμῆς
1347 5236 1405 5272 τε
1447 5219 1541 5272 καὶ
1574 5236 1746 5288 προσ-

170 5312 457 5376 κυνήσεως
494 5309 801 5380 ἀμφότερα.

1848 4492 2187 4546 stantissimo
2233 4491 2379 4547 Patri
2415 4512 2426 4546 :
2468 4505 2522 4548 et
2561 4494 2688 4548 dum
2730 4495 2893 4547 alium
2926 4495 2979 4547 in
3017 4496 3118 4548 hoc
3161 4495 3277 4563 ipso
3317 4495 3416 4548 do-

1850 4593 2027 4655 gtnate
2044 4585 2317 4653 corrigere
2339 4586 2541 4649 studet,
2558 4585 2672 4654 ipse
2692 4585 2878 4638 frivola
2900 4585 3102 4639 dixisse
3124 4586 3416 4653 deprehen-

1849 4679 2014 4731 ditur.
2063 4675 2126 4730 Et
2161 4679 2300 4732 hanc
2335 4694 2559 4747 prorsus
2593 4679 2664 4732 ob
2692 4694 2916 4732 causam
2949 4678 3083 4732 tales
3110 4693 3282 4746 nugas
3311 4693 3413 4732 nos

1850 4766 2067 4835 quidem
2091 4769 2313 4822 omnino
2341 4769 2642 4837 rejicimus.
2673 4769 3210 4824 Commonefacimus
3231 4780 3408 4822 autem

1848 4858 2182 4926 diligentiam
2210 4869 2471 4926 vestram,
2501 4871 2562 4915 ut
2594 4862 2839 4916 eamdem
2882 4870 3141 4929 sequatur
3172 4860 3409 4928 regulant

1849 4948 1972 5001 fidei
1998 4949 2312 5003 orthodoxa:
2337 4991 2351 5015 ,
2394 4952 2571 5004 sciens
2594 4989 2609 5014 ,
2649 4947 3105 5019 quemadmodum
3139 4945 3412 5015 perfectus

1847 5037 2122 5107 quisque,
2177 5039 2302 5093 licet
2355 5041 2648 5110 apostolica
2701 5040 2965 5110 dignitate
3019 5049 3241 5093 ornatus
3289 5039 3406 5102 sit,

1845 5129 2153 5198 evangelica
2185 5141 2306 5200 eget
2337 5133 2574 5202 pagina;
2628 5132 2703 5186 ita
2753 5142 2807 5186 et
2857 5132 3064 5202 pictura
3108 5130 3403 5184 secundum

1848 5223 1996 5275 illam
2033 5237 2294 5291 expressa
2328 5241 2342 5277 :
2391 5225 2648 5294 quoniam
2698 5224 2941 5295 ejusdem
2973 5223 3197 5278 honoris
3241 5231 3406 5291 atque

1849 5313 2188 5368 adorationis
2224 5325 2534 5385 utrumque.

242 5477 286 5506 τ’
322 5476 502 5536 Galat.
533 5494 615 5546 Ill,
645 5479 735 5532 28.
811 5483 855 5512 ⁷³
891 5481 1084 5551 Ephes.
1125 5496 1196 5545 Iv,
1232 5481 1284 5535 5.
1359 5482 1405 5514 "
1438 5481 1456 5536 Ι
1492 5479 1636 5537 Petr.
1672 5497 1706 5535 ιι
1749 5482 1800 5536 9.
1879 5483 1924 5513 "
1957 5482 2115 5536 Hom.
2156 5500 2244 5549 xx,
2286 5486 2340 5541 in
2367 5485 2435 5541 ιο
2477 5496 2763 5558 martyres.

1675 5653 1904 5709 ΝΟΤᾸῗ.

246 5743 354 5809 (63)
386 5746 446 5801 lu
486 5749 608 5804 cod.
635 5747 763 5820 Reg.
800 5750 931 5820 ρξη’.

1910 5750 1982 5820 (⁸)
2017 5751 2344 5821 Dngmatica.
