3976 6322
603 341 739 406 1539

802 460 1054 519 CLXXII.
1081 496 1149 505 -—
1171 471 1432 541 Hesychia
1469 486 1831 542 protonotario
1863 484 1947 555 (').

1786 369 1847 431 S.
1888 371 2279 435 THEODORI
2321 378 2665 445 STUDIT/E

3744 401 3868 465 1540

2336 494 2466 548 POB
2511 499 2645 568 (64).
2671 531 2740 545 —-
2779 501 3043 573 Ἡσυχίῳ
3066 510 3552 578 πρωτονοταρίῳ.
3602 509 3803 585 [al/m2]

1272 589 1345 638 De
1370 590 1487 642 filim
1513 598 1889 651 consecratione
1912 616 1924 652 :
1949 608 2001 651 et
2034 615 2098 651 ne
2120 602 2371 656 ullatenus
2397 624 2507 662 cum
2532 616 2783 669 haereticis
2816 623 3163 675 communicet.

659 683 926 741 Praeclara
949 689 1170 758 quidem
1211 696 1441 762 epistola
1482 706 1949 769 praestantissima:
1978 710 2155 764 hono-

584 775 867 832 riﬁcentia:
895 788 1019 842 tuae,
1050 792 1101 835 et
1133 791 1391 851 tanquam
1420 790 1488 845 de
1523 794 1667 847 bono
1692 800 1953 854 thesauro
1975 805 2160 859 cordis

583 866 827 933 profecta
851 912 864 930 .
895 883 950 926 et
989 882 1247 944 tanquam
1292 880 1695 947 pulchritudine
1729 891 1946 946 radians
1982 894 2159 947 chari-

582 958 712 1011 tatis
749 977 762 1012 :
815 977 921 1015 non
954 964 1058 1019 hoc
1092 976 1269 1023 tamen
1312 974 1530 1029 nomine
1564 976 1853 1044 laudanda,
1884 983 2027 1050 quod
2058 1000 2158 1039 nos

582 1047 866 1118 imperitos
900 1056 1153 1114 laudibus
1189 1066 1507 1121 extollebat.
1554 1066 1848 1138 Ecquando
1890 1047 2033 1129 enim
2077 1075 2157 1130 fa-

579 1153 702 1197 etus
733 1161 879 1211 sum,
909 1153 1054 1219 quod
1082 1155 1165 1208 ais
1189 1196 1202 1217 ,
1240 1156 1456 1214 lucerna
1492 1167 1680 1217 ardens
1711 1176 1758 1218 et
1783 1170 1959 1222 lucens
1995 1170 2061 1234 ⁷⁸,
2102 1170 2156 1225 in

577 1250 684 1301 qua
727 1252 781 1291 tu
816 1239 1081 1299 Dominus
1106 1263 1258 1303 mens
1296 1250 1415 1304 luce
1454 1255 1808 1311 collustratus
1849 1262 2156 1316 exsultave-

577 1325 694 1378 ris‘.’
738 1337 833 1381 aut
876 1330 1000 1387 fons
1033 1334 1415 1404 limpidissime
1449 1342 1657 1407 ﬂuens,
1708 1348 1774 1399 de
1806 1364 1915 1414 quo
1938 1349 2156 1405 dilertio

576 1426 669 1470 tua
715 1434 1019 1476 sermonem
1064 1427 1358 1481 salutarem
1407 1432 1695 1489 hauserit?
1741 1438 1937 1491 Annon
1973 1442 2154 1508 potius

574 1509 864 1567 obscurata
894 1526 978 1569 est
1013 1533 1043 1571 e
1089 1524 1368 1575 contrario
1396 1524 1559 1579 facies
1596 1538 1779 1583 nostra
1814 1547 1980 1600 supra
2029 1534 2155 1586 fuli-

576 1601 782 1667 ginem,
820 1615 877 1658 ut
908 1621 1031 1660 cum
1076 1614 1340 1681 propheta
1375 1616 1567 1683 loquar
1598 1619 1662 1683 ⁷⁷,
1698 1636 1796 1688 per
1834 1624 1957 1677 vita:
1990 1625 2156 1677 inuti-

570 1691 821 1750 litatem?
857 1708 909 1752 et
952 1716 1133 1754 sermo
1177 1716 1363 1758 noster
1393 1710 1576 1776 operis
1618 1713 1827 1767 viribus
1858 1713 2154 1770 destitutus

569 1786 819 1855 elanguit
884 1793 951 1845 ad
982 1797 1341 1851 erudiendum
1402 1802 1564 1855 talem
1621 1807 1974 1861 auditorem?
2023 1809 2154 1872 Ome

566 1880 787 1948 quidem
824 1898 853 1936 a
891 1900 978 1939 me
1011 1886 1290 1953 dicuntur,
1324 1907 1428 1944 non
1454 1895 1600 1962 quod
1636 1896 2024 1966 Smyrnensem
2053 1915 2152 1953 cu-

567 1973 799 2028 stodiam
837 1979 1187 2047 vituperem;
1233 1984 1419 2039 absit!
1468 1991 1778 2045 veneranda
1828 1994 1970 2046 enim
2023 1995 2145 2058 illa,

566 2067 893 2120 veneranda:
910 2070 1280 2127 confessionis
1302 2092 1433 2128 mem
1448 2087 1665 2134 custos:
1691 2081 1783 2135 sed
1802 2091 1861 2135 ut
1884 2084 2148 2151 meipsum
2186 2067 2225 2121 Β

564 2157 778 2226 culpem
801 2200 814 2220 ,
848 2161 939 2228 qui
974 2178 1081 2216 non
1128 2180 1227 2233 pro
1258 2182 1323 2220 eo
1358 2176 1422 2223 ac
1460 2171 1645 2224 decuit
1682 2174 1735 2226 in
1776 2174 1863 2227 illa
1899 2184 2151 2231 versatus

564 2246 693 2299 sim.
724 2245 921 2303 Verum
953 2252 1037 2307 his
1061 2256 1439 2326 omissis,quaa
1471 2261 1669 2315 indicia
1692 2272 1819 2316 sunt
1842 2265 2147 2331 charitalis,

563 2340 631 2391 ad
652 2340 961 2397 institutum
988 2348 1287 2402 orationem
1314 2363 1599 2407 converto.
1629 2354 1969 2425 Signiﬁcavit
1990 2360 2149 2413 nobis

563 2429 782 2487 bonitas
812 2443 901 2489 tua
929 2478 942 2498 ,
972 2438 1112 2494 duas
1141 2450 1224 2506 te,
1257 2454 1313 2497 ut
1340 2446 1502 2500 verbo
1524 2446 1703 2501 dicam
1725 2487 1746 2517 ,
1779 2449 1978 2504 habere
2010 2451 2148 2505 ﬁlias

563 2538 592 2575 a
623 2524 728 2578 Deo
755 2527 948 2595 datas;
980 2541 1035 2585 et
1065 2534 1302 2600 priorem
1335 2539 1585 2607 quidem,
1619 2553 1913 2611 antequam
1954 2560 2147 2598 nasce-

563 2627 751 2681 retur,
807 2619 919 2676 Deo
973 2640 1069 2694 per
1132 2629 1253 2682 vitae
1312 2634 1627 2687 monasticae
1677 2638 2143 2694 consecrationem

561 2710 955 2781 spopondisse;
999 2717 1225 2772 alteram
1260 2721 1311 2774 in
1345 2725 1522 2777 medio
1550 2736 1605 2781 et
1631 2730 1851 2798 ancipiti
1886 2732 2145 2800 reliquis-

558 2814 620 2852 se
652 2823 667 2853 ι
704 2818 849 2856 nunc
885 2814 1066 2859 autem
1106 2819 1323 2865 mutato
1352 2816 1606 2879 consilio.
1644 2819 1759 2873 vice
1788 2835 1939 2875 versa
1970 2821 2146 2877 facere

558 2892 914 2949 constituisse
956 2897 1025 2950 ob
1064 2906 1360 2967 quamdam
1405 2910 1787 2964 necessitatem
1839 2928 1962 2981 quae
2010 2913 2145 2968 inci-

558 2980 676 3033 dit:
721 2989 782 3035 ut
817 2999 1011 3053 nempe
1052 2986 1163 3043 Deo
1209 2995 1582 3061 promissam,
1622 3002 1825 3055 mutulo
1864 3002 2141 3072 assignes,

558 3070 663 3125 hoc
695 3083 779 3128 est
810 3076 926 3133 viro
959 3079 1143 3135 tradas
1176 3084 1324 3137 omni
1354 3101 1417 3138 ex
1459 3098 1613 3155 parte
1650 3089 1913 3145 laudabili
1946 3135 1961 3157 ,
1993 3098 2141 3163 ejus-

556 3160 792 3232 demque
839 3180 962 3218 cum
1010 3168 1185 3234 puella
1236 3172 1453 3233 astatis;
1507 3174 1559 3226 in
1598 3178 1776 3231 medio
1808 3190 1986 3234 autem
2018 3184 2142 3236 reli-

556 3259 701 3307 ctam
729 3297 743 3318 ,
785 3256 1077 3311 admodum
1135 3259 1487 3328 juvenculam
1541 3277 1592 3321 et
1634 3269 1893 3338 imparem
1937 3284 2135 3341 aetate,

555 3344 757 3400 oll'cras
792 3346 933 3414 Deo;
985 3359 1039 3403 et
1085 3350 1138 3403 in
1182 3353 1285 3407 hoc
1313 3357 1572 3413 vacillare
1618 3370 1669 3414 te
1717 3377 1780 3417 ac
1820 3367 2134 3434 perplexum

554 3452 704 3500 esse,
735 3452 801 3493 ne
830 3438 967 3494 forte
1006 3441 1059 3495 id
1098 3457 1358 3516 repugnet
1390 3451 1664 3507 voluntati
1715 3453 1831 3509 Dei.
1863 3455 2140 3515 Dehueras

554 3530 814 3600 quidem,
867 3532 1093 3591 Domine
1138 3539 1601 3607 honoratissime,
1640 3548 1741 3601 hac
1778 3549 1845 3603 de
1896 3566 1953 3603 re
2004 3552 2141 3609 alios

554 3619 897 3691 interrogare
923 3666 939 3689 ,
981 3626 1049 3679 ab
1081 3628 1259 3697 iisque
1285 3670 1300 3694 ,
1332 3645 1392 3687 ut
1421 3634 1512 3703 qui
1544 3637 1764 3690 scientia
1801 3641 1959 3693 nobis
1988 3653 2142 3697 ante-

552 3714 772 3780 cellant,
799 3717 1122 3772 solutionem
1162 3722 1454 3791 accipere;
1512 3743 1688 3796 neque
1731 3746 1759 3783 a
1809 3733 1971 3787 nobis
2023 3744 2133 3790 tam

554 3806 719 3875 longe
753 3810 994 3863 IOCorum
1034 3812 1321 3868 intervallo
1358 3817 1648 3885 disjunctis
1685 3838 2007 3893 responsum
2050 3844 2140 3882 re-

554 3898 793 3964 quirere.
843 3900 1097 3955 Altamen
1126 3907 1347 3974 quando
1395 3923 1494 3977 pro
1547 3926 1608 3965 ea
1680 3929 1843 3982 quam
1897 3916 2138 3973 habuisti

554 3991 755 4045 ﬁducia
777 3992 856 4047 sic
884 3995 1153 4061 statuisti;
1188 4013 1248 4052 re
1276 4014 1400 4053 cum
1429 3999 1519 4056 Dei
1547 4007 1931 4063 amantissimo
1960 4013 2139 4066 archi-

552 4081 813 4149 episcopo
845 4092 898 4137 et
928 4083 1099 4137 fratre
1138 4095 1328 4140 nostro
1354 4092 1701 4148 considerata
1725 4138 1738 4161 ,
1768 4095 2135 4165 judicavimus

552 4186 672 4224 eam
707 4188 829 4228 esse
859 4188 1055 4245 praeter
1089 4176 1348 4247 ollicium,
1392 4194 1446 4237 et
1478 4194 1674 4253 praeter
1704 4199 1908 4244 rectam
1942 4193 2098 4247 Iidem
2118 4234 2134 4259 ,

552 4277 862 4335 przcterque
890 4284 952 4321 ea
992 4284 1114 4336 qua:
1150 4287 1393 4341 unquam
1435 4275 1638 4331 fuerint
1671 4286 1941 4352 exempla.
1991 4286 2132 4342 Olim

551 4358 706 4410 Anna
742 4359 829 4411 illa
869 4360 1101 4416 celebris
1153 4362 1463 4419 Samuelem
1504 4372 1823 4441 priusquam
1878 4392 2133 4433 nasrcre-

551 4454 641 4498 tur
674 4448 916 4515 pollicita
946 4490 959 4514 ,
1009 4466 1170 4519 quem
1220 4457 1546 4522 promiserat
1594 4476 1698 4515 non
1731 4469 2130 4533 commutavit,

551 4539 764 4592 tametsi
797 4540 935 4595 alios
963 4542 1199 4597 habebat
1227 4546 1391 4612 ﬁlios,
1426 4550 1520 4603 sed
1553 4551 1697 4607 hunc
1726 4556 1903 4624 ipsum
1936 4560 2131 4615 obtulit

551 4628 684 4683 Deo.
736 4630 894 4685 Beata
958 4631 1190 4701 Nonna,
1243 4653 1369 4692 cum
1420 4639 1742 4714 Gregorium
1794 4647 2127 4722 'l'heologum

549 4723 803 4777 similiter
837 4726 1213 4794 promisisset,
1260 4740 1447 4785 votum
1506 4750 1665 4790 suum
1717 4738 1823 4792 Deo
1870 4741 2122 4797 reddidit.
2159 4771 2202 4826 ι)

550 4815 787 4869 Sanctus
816 4817 942 4871 item
974 4816 1334 4889 Euthymius,
1386 4823 1496 4880 Deo
1536 4843 1566 4881 a
1606 4832 1922 4895 parentibus
1966 4834 2125 4891 datus

548 4916 675 4959 ante
700 4908 1077 4974 nativitatem,
1115 4927 1221 4965 non
1254 4924 1339 4969 est
1366 4928 1554 4984 postea
1587 4934 1988 4981 commutatus.
2020 4926 2124 4993 Qui

547 4999 906 5057 admirabiles
952 5002 1109 5071 plane
1151 5006 1206 5060 in
1262 5010 1468 5065 mundo
1519 5014 1621 5068 visi
1664 5027 1841 5072 sunt:
1887 5037 2121 5089 quarunt

549 5108 711 5147 causa
745 5104 798 5148 et
845 5107 1097 5163 parentes
1140 5099 1283 5154 beati
1314 5104 1587 5166 prmdicati
1627 5120 1771 5164 sunt.
1808 5112 1926 5178 Quo
1958 5116 2125 5185 igitur

549 5196 706 5255 pacto
742 5203 863 5253 nos,
893 5190 977 5241 vir
1000 5189 1337 5259 admiranda,
1367 5208 1556 5253 contra
1590 5200 1702 5257 hare
1733 5216 1953 5275 agentes
1976 5251 1989 5274 ,
2022 5226 2115 5264 ex-

545 5285 627 5331 tra
677 5279 1156 5349 reprehensionem
1205 5285 1457 5343 erimus?
1507 5306 1570 5344 ac
1618 5310 1723 5347 non
1777 5299 1955 5365 potius
2001 5316 2123 5369 per-

542 5371 772 5442 Stringet
800 5389 901 5428 nos
930 5375 1121 5431 beatus
1167 5378 1361 5437 Petrus
1385 5425 1400 5449 ,
1436 5384 1635 5441 alicubi
1664 5389 1852 5445 dicens
1882 5412 1896 5448 :
1933 5393 2121 5448 Nonne

614 5551 660 5583 ἠ
689 5551 846 5606 Joan.
884 5571 937 5620 ν,
976 5555 1064 5611 55.
1142 5559 1184 5590 ⁷⁷
1217 5557 1421 5618 Thren.
1457 5582 1540 5629 tv,
1572 5565 1622 5620 8.

2187 712 2229 768 Α
2330 717 2484 789 Καλὴ
2517 726 2615 792 μὲν
2658 726 2689 795 ἡ
2722 728 2977 799 ἐπιστολὴ
3007 732 3107 798 τῆς
3134 733 3424 801 παγκάλου
3468 752 3571 788 σου
3613 736 3861 806 τιμιότη-

2260 825 2372 874 τος,
2396 814 2489 864 καὶ
2511 814 2586 878 ὡς
2607 818 2701 868 ἀπ’
2727 818 2930 885 ἀγαθοῦ
2967 821 3241 892 θησαυροῦ
3273 827 3372 895 τῆς
3395 827 3640 896 καρδίας
3674 828 3866 894 ἐξαγο-

2263 902 2543 983 ρευοεῐσαο
2596 908 2689 959 καὶ
2736 910 2812 973 ὡς
2856 912 2934 982 τῷ
2977 915 3161 966 κάλλει
3204 917 3303 985 τῆς
3336 919 3571 988 ἀγάπης
3606 921 3863 986 ἐναγὶαῖ-

2260 996 2467 1050 σοεῖσα.
2496 1000 2570 1050 Οὐ
2598 1000 2705 1071 μὴν
2726 1003 2801 1064 ὡς
2823 1006 3194 1076 ἀπεσέμνυνεν
3222 1010 3369 1077 ἡμᾶς
3392 1011 3525 1074 τοὺς
3554 1013 3860 1081 ἀμούσους,

2258 1086 2449 1154 λόγους
2484 1094 2773 1162 ἐγκωμίων
2804 1096 2935 1165 ἔχει.
2965 1099 3099 1150 Πότε
3142 1099 3251 1168 γὰρ
3278 1102 3589 1171 ἐγενόμην,
3616 1103 3700 1166 ὡς
3735 1103 3859 1169 φὴς.

2256 1180 2487 1249 λύχνος
2538 1186 2854 1255 καιόμενος
2902 1190 2998 1242 καὶ
3042 1193 3291 1258 φαίνων,
3326 1195 3382 1244 ὲν
3412 1188 3458 1260 ᾧ
3504 1198 3537 1248 ὁ
3573 1198 3860 1261 Aes-.1531;

2260 1288 2362 1339 μου
2390 1275 2700 1342 ἠγαλλιάσω
2733 1281 3128 1349 φωτιζόμενος;
3162 1284 3194 1350 ἦ
3228 1284 3377 1353 πηγὴ
3410 1288 3630 1340 νάουσα
3664 1288 3860 1340 διειδέ-

2257 1378 2444 1429 στατα,
2481 1367 2570 1432 ἀφ’
2596 1360 2662 1437 ἦς
2692 1370 2965 1441 ηρρύσατο
3004 1374 3036 1441 ἡ
3072 1374 3294 1444 φιλότης
3341 1394 3438 1428 σου
3476 1379 3644 1456 λργον
3680 1379 3859 1446 σωτή-

2258 1470 2407 1523 ριονς
2444 1459 2539 1509 καὶ
2585 1460 2707 1530 οὐχὶ
2752 1465 3060 1517 τούναντίον
3114 1467 3312 1533 μᾶλλον
3354 1470 3668 1524 ὲσκότασεν
3718 1472 3855 1539 ὑπὲρ

2256 1546 2511 1616 ἀσϐόλην,
2549 1555 2901 1621 προφητικῶς
2931 1559 3120 1623 εἰπεῖν,
3163 1559 3221 1610 τὸ
3257 1555 3396 1621 εἶδος
3440 1564 3611 1631 ἡμῶν
3654 1568 3726 1616 τῦ
3764 1564 3851 1615 τοῦ

2255 1636 2370 1706 βίου
2402 1641 2803 1714 ἀχρηστὸτητις
2840 1650 2932 1701 καὶ
2976 1649 3003 1700 ὁ
3036 1651 3189 1719 λόγος
3215 1652 3524 1723 ἠσθένησεν
3563 1660 3669 1710 οὐκ
3716 1658 3851 1726 ἔχων

2252 1729 2349 1799 τὴν
2385 1732 2442 1797 ἐξ
2478 1732 2638 1801 ἔργου
2683 1736 2932 1807 δύναμιν,
2964 1743 3041 1803 εἰς
3072 1742 3343 1813 ἐνίδρυσιν
3373 1746 3469 1798 τοῦ
3503 1750 3849 1812 ἀκούοντςςς

2251 1824 2361 1877 Καὶ
2392 1826 2569 1879 ταῦτα
2597 1829 2759 1897 λέγω,
2795 1833 2854 1884 οὐ
2886 1834 2982 1902 τὴν
3014 1835 3070 1887 ὲν
3099 1839 3162 1906 τῇ
3191 1836 3415 1910 Σμύρνῃ
3451 1839 3717 1910 φυλακὴν
3751 1859 3849 1894 κα-

2251 1918 2446 1981 κίζων’
2482 1921 2555 1991 μή
2590 1939 2641 1974 τι
2672 1923 2880 1989 γένοιτο
2904 1925 2914 1977 l
2942 1928 2974 1995 ἡ
3004 1927 3101 1995 μὲν
3132 1929 3238 1998 γὰρ
3268 1930 3532 2001 σεϐαστὴ.
3574 1932 3849 2000 σεδαστῆς

2250 2011 2540 2080 ὁμολογίας
2582 2032 2671 2083 μοι
2703 2018 2938 2087 φρουρός
2964 2036 2977 2049 ·
3016 2021 3252 2086 ἐμαυτὸν
3285 2024 3343 2076 δὲ
3374 2026 3745 2096 αἰτιώμενος,
3776 2027 3848 2090 ὡς

2250 2100 2349 2153 οὐκ
2378 2102 2542 2166 ἀξίως
2568 2105 2624 2156 ἐν
2652 2104 2787 2176 αὐτῇ
2823 2107 3296 2179 πολιτευσάμενον.
3337 2114 3481 2166 Ἀλλ’
3510 2116 3683 2182 ἀφεὶς
3718 2116 3845 2169 ταῦο

2249 2208 2339 2257 τα,
2387 2192 2463 2257 ὡς
2499 2194 2597 2263 τῆς
2645 2196 2863 2267 ἀγάπης
2907 2198 3033 2252 ὄντα
3084 2204 3406 2272 συμϐόλαια,
3453 2205 3553 2256 ἐπὶ
3596 2208 3661 2259 τὴ
3713 2225 3841 2259 κατ-

2250 2290 2468 2355 επεῖγον
2505 2289 2596 2341 τὸν
2622 2290 2776 2357 λόγον
2807 2292 3245 2367 μεθαρμὸσομαι.
3294 2297 3421 2366 Ἑσή
3434 2316 3611 2365 μανεν
3645 2301 3782 2368 ἡμῖν
3812 2302 3839 2365 ἡ

2250 2380 2554 2448 χρηστότης
2590 2397 2705 2445 σου,
2740 2380 2813 2443 ὡς
2840 2383 2934 2436 δύο
2962 2384 3126 2455 ἔχειν,
3162 2390 3436 2453 συντόμως
3468 2390 3678 2451 εἰπεῖν,
3723 2392 3839 2442 Θεο-

2248 2468 2519 2539 δωρὴτους
2554 2472 2858 2545 θυγατέρας
2879 2494 2893 2507 ·
2921 2478 3015 2530 καὶ
3042 2480 3140 2548 τὴν
3169 2479 3268 2547 μὲν
3302 2478 3529 2548 πρώτην
3570 2482 3683 2551 πρὸ
3714 2500 3834 2548 γεν-

2248 2562 2453 2630 νήσεως
2477 2563 2916 2636 καθυποσχέσοαι
2938 2569 3005 2623 δι’
3033 2570 3379 2640 ἀφιερώσεως
3404 2571 3504 2623 τοῦ
3540 2575 3836 2642 μοναδικσῦ

2249 2650 2364 2721 βίου
2396 2652 2514 2723 Θεῴ
2536 2670 2548 2683 ·
2579 2654 2675 2725 τὴν
2702 2656 2759 2709 δὲ
2789 2658 3045 2728 δευτέραν
3089 2662 3145 2713 ἐν
3179 2660 3487 2732 μεταιχμίῳ
3522 2665 3831 2734 φέρεσθαι·

2247 2743 2342 2796 νῦν
2374 2745 2429 2797 δὲ
2464 2748 2992 2815 μεταϐεϐουλεῦσθαι
3038 2753 3264 2816 ἐναλλὰξ
3304 2754 3643 2823 ποιήσασθαι
3694 2759 3834 2810 κατά

2245 2853 2368 2890 τινα
2397 2841 2697 2908 ἀναγκαίαν
2728 2844 3079 2912 περιπέτειαν
3101 2862 3113 2875 ·
3141 2837 3279 2897 ὥστε
3306 2845 3401 2914 τῂν
3426 2849 3833 2919 ὑποσχεθεῖσαν

2246 2934 2536 3004 ἀπονεῖμαι
2569 2935 2644 3005 τῷ
2675 2935 2883 3005 κόσμῳ,
2917 2937 3085 3006 ἤγουν
3131 2938 3428 2992 ἀποδόσθαι
3467 2942 3633 3011 ἀνδρὶ
3682 2941 3832 3009 καλῷ

2243 3040 2303 3075 τε
2342 3023 2408 3075 τὰ
2452 3025 2648 3086 πάντα,
2685 3024 2778 3076 καὶ
2801 3028 2867 3095 τῇ
2902 3027 3051 3079 παιδὶ
3086 3027 3453 3101 συνηλικιώτῃ
3476 3049 3489 3061 ·
3526 3032 3633 3102 τὴν
3664 3033 3727 3086 δὲ
3774 3036 3830 3085 ὲν

2247 3115 2553 3185 μεταιχμίῳ
2583 3117 2776 3185 κομιδῇ
2821 3117 2949 3170 νέαν
3001 3118 3163 3172 οὖσαν
3204 3122 3296 3173 καὶ
3325 3123 3385 3174 οὐ
3420 3125 3830 3193 συντρέχουσαν

2240 3207 2306 3275 τῇ
2344 3206 2550 3275 ἡλικίᾳ,
2586 3208 2862 3268 ἀναθεῖναι
2892 3209 3047 3280 eap-
3081 3210 3181 3264 κᾶν
3222 3212 3396 3284 τούτῳ
3447 3217 3703 3280 σκάξειν,
3740 3217 3830 3268 καὶ

2240 3295 2635 3365 δυσχεραίνειν,
2691 3298 2765 3368 μή
2826 3316 2941 3363 πως
2994 3300 3357 3366 ὲναντιοΟελὲς
3413 3304 3499 3374 εἴη
3557 3306 3641 3376 τῷ
3688 3306 3827 3374 Θεῷ.

2168 3413 2210 3472 C
2248 3383 2393 3436 Ἔδει
2428 3385 2526 3454 μὲν
2566 3384 2680 3451 οὖν,
2709 3383 2753 3440 ὦ
2784 3387 3020 3442 δέσποτα
3048 3389 3363 3459 τιμιώτατε,
3394 3393 3593 3448 ἄλλους
3624 3395 3829 3448 «wei-

2244 3474 2429 3528 νεσθαι
2454 3480 2581 3548 περὶ
2609 3479 2761 3532 τοῦδε
2796 3479 2889 3532 τοῦ
2920 3480 3194 3551 δράματος
3214 3522 3229 3546 ,
3255 3484 3349 3536 καὶ
3380 3487 3512 3555 παρ’
3536 3486 3725 3537 αὐτῶν
3755 3487 3827 3549 ὡς

2244 3572 2697 3639 προφερεστέρων
2733 3572 2873 3626 κατὰ
2905 3573 3105 3640 γνῶσιν
3132 3575 3231 3643 τῆς
3253 3576 3409 3643 ἡμῶν
3444 3578 3824 3647 οὑοενῦτητσς,

2242 3655 2541 3729 λαμϐάνειν
2582 3662 2678 3732 τὴν
2711 3662 2884 3725 λύσιν,
2916 3665 3011 3718 καὶ
3048 3667 3122 3737 μὴ
3158 3670 3394 3737 τοσούτῳ
3434 3673 3607 3740 μήκει
3635 3672 3826 3741 διῳκι-

2244 3751 2478 3819 σμένους
2530 3754 2678 3823 ἡμᾶς
2718 3759 2783 3825 τῇ
2831 3755 2979 3810 Θέσει
3011 3758 3104 3811 τοῦ
3136 3760 3297 3812 τόπου
3342 3762 3824 3833 ἐπαναλαμϐάνειν

2240 3844 2322 3905 εις
2369 3846 2682 3916 ἀπόκρισιν.
2723 3847 2915 3918 ’Ὅμως
2957 3852 3141 3923 ἐπειδὴ
3194 3853 3480 3923 κέκρικας,
3527 3851 3614 3919 οἷς
3663 3864 3824 3913 πεπὶ-

2240 3952 2473 4000 στευκας
2503 3940 2752 4009 τρόποις·
2786 3940 2945 3994 τοῦτο
2982 3944 3044 4014 δὴ
3096 3946 3233 4014 μετὰ
3274 3946 3367 3998 τοῦ
3398 3946 3819 4015 Θεοφιλεστάτου

2238 4028 2666 4099 ἀρχιεπισκόπου
2708 4033 2804 4088 καὶ
2853 4034 3081 4103 ἀδελφοῦ
3129 4034 3286 4107 ήμῶν
3334 4040 3707 4097 συνέσκεπται
3749 4046 3819 4107 ως

2237 4118 2389 4188 παρὰ
2437 4120 2498 4173 τὸ
2543 4121 2661 4174 δέον
2700 4122 2761 4174 τὸ
2795 4127 3049 4194 πρᾶγμα.
3082 4127 3179 4179 καὶ
3207 4129 3358 4198 παρά
3388 4129 3488 4200 τὴν
3521 4126 3695 4201 ὀροῆν
3731 4138 3817 4186 τιξ-

2240 4201 2357 4264 σῖτιν
2388 4210 2545 4282 [Cod.
2578 4213 2710 4281 Reg.
2744 4215 2971 4287 κρίσιν],
3051 4217 3147 4270 καὶ
3206 4219 3357 4289 παρὰ
3417 4221 3487 4275 τὰ
3530 4223 3592 4287 ἐξ
3627 4226 3813 4286 αἰῶνος

2237 4304 2676 4374 παραδείγματα.
2705 4306 2878 4359 Πάλαι
2913 4309 3079 4362 ’Ἅννα
3109 4311 3140 4378 ἡ
3175 4310 3418 4375 ἀοίδιμος
3450 4312 3543 4365 τὸν
3566 4314 3815 4386 Σαμουὴλ

2236 4395 2341 4464 πρὸ
2381 4400 2685 4465 γεννήσεως
2716 4398 3084 4469 ὑποσχομένη,
3121 4402 3217 4471 οὐχ
3247 4403 3523 4473 ὑπήλλαξε
3556 4407 3653 4459 τὸν
3684 4408 3811 4459 ὐπο-

2236 4486 2514 4553 σχεθὲντα,
2550 4488 2643 4540 καί
2683 4506 2765 4541 τοι
2801 4490 2999 4558 ἔχουσα
3035 4493 3126 4544 καὶ
3154 4494 3377 4564 ἐτέρους
3425 4499 3649 4564 παῖδας,
3684 4502 3812 4553 ἀλλὰ

2231 4578 2419 4631 τοῦτον
2442 4583 2756 4649 προσήγαγε
2783 4583 2861 4651 τῷ
2892 4583 3031 4654 Θεῷ.
3063 4586 3237 4639 Νὸννα
3274 4590 3307 4655 ὴ
3340 4592 3610 4660 μακαρία,
3640 4593 3812 4650 ὡσαύ-

2229 4683 2337 4729 τως
2373 4668 2717 4740 ὑποσχομένη
2768 4671 3067 4742 Γρηγὸριον
3099 4676 3190 4728 τὸν
3224 4677 3509 4746 Θεολόγον,
3558 4683 3805 4738 ἀπέδωκε

2231 4757 2308 4827 τῷ
2341 4758 2459 4828 Θεῷ
2489 4761 2586 4827 τὴν
2615 4761 2781 4833 εὐχὴν
2803 4764 2992 4834 αὐτῆς.
3026 4767 3135 4818 Καὶ
3168 4767 3276 4837 μὴν
3300 4770 3325 4820 ό
3347 4770 3510 4837 ἆγιος
3540 4773 3807 4844 Εὑϐὑμιτις

2227 4847 2377 4911 δοτὸς
2410 4850 2485 4920 τῷ
2520 4850 2637 4921 Θεῷ
2662 4854 2811 4924 παρά
2839 4857 2949 4917 τοῖς
2979 4857 3193 4923 γονεῦσι
3223 4860 3329 4930 πρὸ
3356 4865 3695 4934 γεννήσεως,
3722 4870 3807 4920 καὶ

2226 4939 2287 4991 οὐ
2336 4940 2651 5011 διήλλακται
2701 4945 2839 5014 μετά
2871 4946 2968 5017 τὴν
3002 4949 3274 5020 γέννησιν.
3302 4950 3367 5004 Οἳ
3395 4956 3493 5007 καὶ
3532 4959 3725 5029 χρῆμά
3758 4978 3805 5011 τι

2226 5031 2538 5101 θαυμαστὸν
2565 5036 2643 5104 τῷ
2670 5037 2859 5108 κόσμῳ
2886 5037 3147 5111 ὤφθησαν
3168 5060 3181 5072 ·
3214 5043 3272 5109 ἐξ
3304 5037 3381 5098 ὧν
3414 5049 3513 5101 καὶ
3544 5053 3597 5103 οἱ
3639 5055 3803 5118 τοκεῇ

2229 5125 2668 5194 μερακάρηνται.
2699 5128 2825 5191 Πῶς
2871 5131 2914 5181 δ’
2944 5130 3011 5184 ἂν
3057 5128 3149 5185 οὖν
3195 5136 3381 5205 ἡμεῖς,
3415 5133 3462 5191 ὧ
3500 5142 3804 5213 θαυμαστό-

2222 5230 2349 5265 τατε
2379 5213 2535 5285 [Cod.
2571 5213 2699 5288 Reg.
2741 5220 3125 5293 συνετώτατε],
3176 5228 3330 5296 παρά
3376 5229 3558 5283 ταῦτα
3602 5235 3804 5287 atomis.

2220 5322 2329 5369 τες,
2384 5307 2488 5373 ἔξω
2543 5310 2886 5381 ἐγκλήματος
2930 5314 3228 5385 πέσοιμενς
3286 5322 3383 5373 καὶ
3424 5325 3551 5393 οὐχὶ
3614 5326 3801 5395 μᾶλλον

2220 5396 2514 5484 καθάψοιτο
2546 5402 2703 5471 ημῶν
2732 5406 2760 5456 ὁ
2785 5406 3051 5477 μακάριος
3085 5408 3291 5478 Πέτρος
3317 5405 3426 5466 ὧδέ
3462 5434 3573 5471 που
3602 5420 3796 5489 λέγων·

2058 5729 2289 5789 ΝΟΤΑΕ.

614 5801 696 5873 (ﬂ
725 5806 1059 5875 Dogmattca.

2197 5829 2311 5901 (6t)
2338 5832 2396 5889 In
2429 5835 2550 5892 cod.
2578 5835 2708 5909 Reg.
2746 5836 2880 5909 950'.
