3976 6322
142 385 263 452 1541

1297 386 1417 446 ΕΡ]
1429 383 1835 445 STOLARUM
1891 382 2039 443 LIB.
2079 381 2166 443 II.

3230 382 3367 446 1542

131 500 265 569 Οὐχὶ
292 497 473 570 μένον
510 510 609 552 σοι
647 496 840 567 ἔμενε,
874 495 971 551 καί
1001 496 1227 566 πραθὲν
1271 498 1341 551 ὲν
1373 496 1446 566 τῇ
1471 497 1558 566 σῇ
1580 497 1681 562 ἐξ·

1797 493 1881 547 tibi
1909 509 2125 547 manens
2148 489 2417 557 manebat,
2441 498 2492 545 et
2520 494 2895 546 venumdatam
2920 494 2974 546 in
3008 504 3099 547 tua
3127 507 3238 549 erat
3268 514 3366 566 po-

135 593 303 659 ουσίᾳ
336 590 607 659 ὑπῆρχες
647 590 705 644 τί
734 589 825 643 ὅτι
849 588 990 644 ἔθου
1016 589 1086 641 ἐν
1113 587 1187 658 τῇ
1219 587 1429 657 καρδίᾳ
1463 605 1579 643 σου
1616 589 1683 642 τὸ

134 681 355 752 πρᾶγμα
399 681 614 743 τοῦτο;
643 681 739 733 καὶ
764 679 825 732 τὸ
852 680 979 748 ἐξῆς
1002 678 1284 748 δύσφημον
1325 677 1566 750 παρίημι
1594 679 1685 733 λέ-

132 792 247 843 γειν
264 817 279 840 ,
306 773 879 843 εἰδότιδιαλεγὸμενος.
908 772 1020 825 Καὶ
1043 772 1153 842 γὰρ
1178 771 1317 825 ἐπὰν
1345 771 1525 826 ὁτιοῦν
1552 772 1688 826 ἀπο-

134 866 344 937 ταχθείη
387 864 506 936 Θεῷ
548 864 616 918 δι’
652 864 816 934 εὐχῆς
868 862 1072 930 αίσίας,
1126 864 1206 926 είς
1252 861 1438 934 κοινὴν
1492 863 1687 935 χρῆσιν

140 957 452 1030 μεταφέρειν
481 958 579 1010 οὐκ
614 956 913 1012 ἀκίνδυνον.

204 1048 363 1118 Κοινὴ
394 1047 451 1099 δὲ
478 1046 676 1117 χρῆσίς
716 1047 863 1100 ἐστιν
904 1047 936 1117 ἡ
966 1045 1058 1101 τοῦ
1091 1045 1205 1115 βίου
1247 1045 1537 1117 ἐπιγαμία.
1577 1046 1688 1100 Καὶ

132 1138 311 1209 ὥσπερ
334 1141 362 1191 ὁ
393 1139 757 1208 ὑποσχόμενος
789 1138 1038 1209 μονάσαι,
1062 1139 1155 1192 καὶ
1178 1138 1268 1192 ἐπὶ
1295 1139 1469 1210 τούτῳ
1501 1139 1689 1207 κείμε-

130 1246 237 1292 νος,
267 1230 630 1297 ὑπονοστήσας
651 1227 743 1279 καὶ
767 1229 951 1296 γήμας
981 1227 1401 1298 κατακέκριται·
1430 1227 1574 1280 οὕτω
1594 1229 1687 1281 καὶ

126 1322 159 1372 ὁ
189 1318 541 1389 προελόμενος
571 1318 684 1371 υίὸν
711 1318 743 1387 ἢ
776 1317 1051 1389 θυγατέρα
1080 1321 1369 1389 προσοῖσαι
1397 1318 1538 1389 Θεῷ,
1570 1315 1688 1372 εἶτα

130 1409 487 1481 μεταλλάξας,
515 1410 612 1481 τὴν
643 1409 809 1481 αὐτὴν
841 1411 1163 1481 κατάκρισιν
1190 1410 1325 1480 έχοι.
1349 1409 1506 1463 Οὕτω
1535 1409 1688 1462 νοοῦν

130 1518 249 1573 μεν,
296 1501 604 1570 σύγγνωθι·
650 1501 851 1573 καίπερ
882 1501 1159 1571 ἐφιέμενοι
1194 1501 1255 1553 τὸ
1283 1502 1688 1555 ἀναπαυστικὸν

127 1611 242 1657 σου,
273 1593 364 1647 καὶ
396 1593 456 1646 τὸ
490 1593 618 1664 περὶ
662 1594 886 1648 σεαυτὸν
913 1594 1125 1665 εὐχθέν,
1164 1594 1245 1657 εἰς
1284 1593 1444 1664 ἔργον
1476 1593 1689 1664 ἀποϐῇ-

126 1702 245 1739 ναι’
277 1686 388 1739 ἀλλ’
426 1686 489 1738 οὐ
523 1686 592 1739 δι’
627 1685 844 1758 ἐντολὴν
879 1688 1064 1758 ἐντολὴ
1098 1685 1521 1756 παραδαίνοιτο·
1567 1687 1687 1739 οὐδὲ

124 1779 216 1833 διὰ
249 1779 309 1832 τὸ
345 1778 575 1850 θατέρου
611 1778 970 1850 σωτηριιῖὧες,
1015 1779 1077 1833 τὸ
1114 1778 1342 1848 θατέρου
1397 1778 1688 1850 ἐπιζήμιον

125 1870 474 1940 θεραπεύοιτο
529 1870 689 1943 [Cod.
720 1870 853 1941 Reg.
877 1870 1364 1944 πραγματεύοιτο]·
1391 1871 1464 1937 ὡς
1489 1873 1538 1926 oi
1568 1872 1688 1926 θεο-

123 1966 281 2034 φόροι
328 1963 570 2034 Πατέρες
626 1964 996 2035 ἁπεφήναντοε
1049 1964 1157 2018 Καὶ
1217 1965 1390 2019 ταῦτα
1446 1965 1543 2035 μὲν
1598 1965 1691 2019 ἐπὶ

119 2056 393 2109 τοσοῦτον.
434 2056 499 2110 Ἥ
534 2056 589 2111 δὲ
625 2056 783 2127 τρίτη
835 2056 1056 2128 ἐπιϐολὴ
1098 2055 1191 2110 τοῦ
1232 2056 1411 2125 λόγου,
1455 2058 1537 2111 ὅτι
1581 2057 1690 2112 εἰσί

116 2165 266 2211 τινες
297 2149 518 2218 μοναχοὶ
550 2148 625 2211 ὡς
653 2149 713 2203 τὸ
745 2149 921 2202 δοκεῖν
952 2150 1050 2218 τῆς
1082 2148 1246 2219 ὀρθῆς
1290 2148 1526 2214 πίστεως
1563 2150 1692 2204 ἀντ·

115 2247 394 2311 εχόμενοι,
420 2243 513 2295 καὶ
546 2242 774 2305 πολλοὺς
802 2242 1072 2312 διωγμοὺς
1102 2242 1241 2310 ὑπὲρ
1268 2242 1524 2312 ἀληθείας
1559 2244 1691 2297 ὐπο-

119 2334 496 2404 μεμενηκότες
520 2374 535 2399 ,
571 2332 1135 2403 συναναστρεφόμενοι
1164 2332 1221 2386 δὲ
1241 2335 1410 2403 ὅμως,
1444 2336 1539 2388 καὶ
1561 2353 1689 2389 συν-

112 2423 389 2485 εσθίοντες
418 2425 527 2486 τοῖς
556 2425 869 2493 αίρετικοῖς,
897 2424 988 2474 καὶ
1020 2424 1565 2492 πγκαταὸαίνοντες,
1594 2426 1690 2479 καὶ

112 2516 410 2585 ἀδιάφορον
437 2516 496 2567 τὸ
529 2516 760 2585 πρᾶγμα
806 2515 1061 2584 οἰόμενοι,
1092 2515 1167 2580 ὡς
1203 2518 1354 2587 παρά
1381 2535 1488 2571 τινι
1517 2519 1689 2590 Πατρὶ

110 2606 620 2677 νενομοθετημένοι,
664 2607 790 2678 τρία
818 2606 993 2663 ταῦτα
1029 2608 1400 2677 φυλάξασθαιο
1435 2612 1509 2682 μὴ
1536 2612 1690 2665 εὐλο-

110 2703 332 2768 γεῑσθαι
382 2698 487 2752 ὑπὸ
522 2700 629 2753 τῶν
655 2701 1034 2771 αἱρετιζόντων
1059 2719 1074 2733 ·
1110 2703 1183 2772 μὴ
1218 2703 1552 2772 συμψάλλειν
1593 2705 1691 2757 αὐ-

110 2792 230 2851 τοῖς
260 2790 683 2859 προαρχομένοις,
712 2805 728 2821 ο
754 2794 849 2842 καὶ
876 2790 936 2843 τὸ
960 2790 1263 2859 ἀπέχεσθαι
1285 2792 1383 2861 τῆς
1409 2792 1691 2856 κοινωνίας

108 2880 210 2933 τοῦ
239 2880 406 2951 ἄρτου
433 2880 629 2933 αὐτῶν.
670 2881 827 2953 Παρὰ
853 2881 920 2935 τὰ
948 2881 1344 2952 διατεταγμένα
1374 2885 1487 2946 τοῖς
1515 2884 1690 2951 ἁγίοις

107 2975 365 3044 Πατρέισι
394 2973 456 3025 τὸ
480 2972 791 3043 λεγόμενον.
820 2972 957 3026 Οὔτε
985 2974 1092 3045 γὰρ
1133 2975 1687 3046 συναναστρέφεσθαι,

105 3066 244 3119 οὔτε
292 3064 612 3129 συνεσθίειν,
649 3064 772 3117 οὕτε
813 3064 1168 3135 συμψάλλειν,
1204 3063 1318 3116 οὔθ’
1363 3066 1499 3128 ὅλως
1546 3065 1689 3135 ἔχειν

104 3156 238 3205 τινὰ
259 3151 543 3205 κοινωνίαν
574 3153 709 3223 πρὸς
741 3152 940 3214 αὐτοὺς
973 3152 1392 3222 καταδέχονται’
1422 3154 1559 3207 ἀλλὰ
1594 3155 1689 3208 καὶ

1785 584 2020 638 testate?
2053 581 2230 648 Quare
2267 572 2490 652 posuisti
2530 583 2585 636 in
2629 583 2784 639 corde
2820 594 2910 638 tuo
2939 585 3076 638 hanc
3118 601 3226 639 rem
3271 585 3369 641 ⁷⁸2

1785 675 1854 732 Et
1895 675 2043 747 quod
2090 675 2341 745 sequitur
2384 676 2513 729 mali
2554 676 2756 731 ominis
2795 678 3200 746 praetermitto:
3239 694 3368 733 cum

1785 768 1980 823 scienti
2014 768 2231 837 loquar.
2274 766 2572 821 Enimvero
2604 767 2695 821 ubi
2739 768 3023 839 quidpiam
3062 770 3173 826 Deo
3203 770 3372 826 fuerit

1786 859 1935 915 felici
1962 868 2090 915 voto
2112 860 2432 932 sepositum,
2462 859 2515 913 in
2538 873 2889 915 communem
2916 874 3078 917 usum
3101 862 3156 918 id
3188 872 3370 919 trans-

1789 950 1933 1007 ferre
1954 991 1970 1017 ,
2004 952 2263 1023 periculo
2293 967 2404 1006 non
2435 961 2613 1006 vacat.

1857 1044 2175 1100 Communis
2209 1053 2389 1099 autem
2423 1060 2556 1100 usus
2588 1053 2669 1099 est
2699 1045 2961 1101 saeculare
2985 1046 3321 1101 connubium
3350 1062 3366 1099 :

1784 1149 1839 1192 et
1866 1137 2325 1207 quemadmodum
2375 1139 2468 1206 qui
2502 1140 2861 1193 monasticam
2900 1139 3064 1193 vitam
3091 1139 3368 1209 promisit,

1785 1243 2018 1297 eamque
2062 1226 2297 1283 adorsus
2354 1240 2458 1291 est,
2492 1230 2537 1284 si
2583 1231 2893 1285 retrocedat
2948 1241 3005 1285 et
3054 1231 3368 1302 coniugium

1788 1318 1955 1384 ineat,
2008 1318 2403 1373 condemnatur
2438 1338 2450 1374 :
2483 1319 2563 1373 sic
2613 1328 2668 1374 et
2716 1323 2811 1390 qui
2842 1321 3013 1376 lilium
3060 1331 3157 1377 aut
3201 1323 3368 1377 tiliam

1789 1409 1988 1465 oli‘erre
2042 1409 2154 1465 Deo
2198 1412 2458 1475 instituit,
2499 1412 2545 1466 si
2601 1424 2791 1482 postea
2830 1426 3026 1479 mutet,
3078 1416 3135 1469 in
3179 1418 3368 1469 eadem

1788 1502 1892 1556 erit
1912 1502 2386 1556 condemnatione.
2408 1502 2497 1557 Sic
2518 1503 2803 1570 sentimus,
2838 1504 3089 1575 ignosce;
3115 1507 3372 1575 quamvis

1788 1607 1854 1647 ea
1896 1591 2078 1647 dicere
2120 1593 2321 1663 quibus
2351 1594 2672 1664 acquiescas
2708 1598 3018 1666 cupiamus,
3054 1608 3109 1652 et
3140 1600 3191 1653 id
3225 1599 3374 1668 quod

1790 1694 1948 1755 optas
1998 1686 2096 1741 tibi
2124 1701 2191 1741 ex
2223 1688 2492 1742 sententia
2526 1689 2857 1757 succedere;
2911 1706 3020 1745 non
3056 1700 3141 1747 est
3192 1701 3373 1745 tamen

1790 1788 2120 1848 praeceptum
2156 1781 2410 1850 praecepti
2464 1796 2633 1837 causa
2683 1782 3035 1850 violandum;
3068 1799 3169 1838 nec
3202 1799 3267 1837 ex
3307 1798 3375 1839 eo

1790 1872 1934 1941 quod
1968 1872 2207 1928 salutare
2235 1885 2317 1928 est
2364 1874 2538 1941 alteri,
2572 1877 2872 1941 curabitur,-
2904 1875 3051 1947 quod
3105 1878 3257 1932 alteri
3290 1880 3376 1932 est

1788 1964 2036 2029 noxium,
2087 1963 2233 2019 sicut
2271 1964 2441 2019 divini
2468 1965 2657 2023 Patres
2686 1969 3019 2023 docuerunt.
3052 1968 3132 2024 Ac
3182 1970 3248 2023 de
3288 1971 3375 2025 his

1788 2056 2007 2126 quidem
2027 2057 2134 2111 huc
2170 2072 2366 2127 usque.
2399 2056 2648 2116 Tertium
2677 2060 2921 2129 epistolae
2951 2070 3113 2130 caput
3153 2061 3221 2115 de
3253 2078 3373 2117 mo-

1789 2148 1979 2202 nachis
2005 2149 2466 2220 quibusdam,qui
2498 2161 2700 2206 rectam
2738 2153 2900 2208 ﬁdem
2925 2156 3063 2208 tueri
3094 2156 3374 2225 videntur,

1788 2245 1843 2291 et
1870 2236 2070 2291 multas
2100 2238 2508 2306 persecutiones
2532 2255 2628 2307 pro
2649 2240 2874 2294 veritate
2895 2240 3219 2309 pertulisse;
3243 2256 3359 2296 con-

1789 2337 2081 2381 versantur
2105 2337 2284 2383 tamen
2316 2341 2370 2383 et
2400 2341 2799 2386 convescnntur
2831 2348 2956 2388 cum
2994 2334 3285 2398 haereticis,
3317 2342 3377 2389 et

1789 2421 2258 2487 condescendunt,
2294 2437 2392 2491 pro
2421 2438 2480 2478 re
2511 2424 2841 2481 indili‘erenti
2903 2426 3166 2483 habentes
3196 2425 3375 2499 (quasi

1789 2508 1931 2565 hanc
1984 2527 2015 2565 a
2064 2510 2225 2567 Patre
2270 2514 2452 2583 aliquo
2506 2515 2678 2584 legem
2736 2518 3078 2587 acceperint)
3111 2520 3213 2573 tria
3262 2520 3377 2575 haec

1788 2618 2021 2670 cavere,
2076 2602 2326 2660 videlicet
2378 2623 2446 2660 ne
2492 2606 2926 2662 benedictionem
2990 2608 3061 2663 ab
3107 2610 3383 2673 haereticis

1789 2695 2079 2765 accipiant,
2123 2711 2192 2751 ne
2237 2713 2362 2752 cum
2396 2698 2506 2753 illis
2548 2699 2785 2767 psallunt
2811 2700 3205 2769 praeeuntibus,
3232 2711 3286 2756 et
3319 2709 3379 2756 ut.

1790 2801 1819 2839 a
1849 2786 2009 2856 panis
2032 2787 2276 2853 ipsorum
2308 2790 2694 2845 communione
2728 2790 3057 2846 abstineant.
3083 2791 3128 2845 A
3157 2803 3378 2849 sancto-

1790 2894 1913 2931 rum
1986 2877 2212 2934 Patrum
2274 2879 2775 2937 Constitntioaiibus
2834 2882 3009 2938 aliena
3077 2894 3206 2938 sunt
3255 2900 3380 2955 qua:

1790 2970 1998 3024 dicunt.
2036 2970 2172 3026 Nam
2206 2988 2383 3042 neque
2406 2974 2745 3040 conversari,
2768 2990 2944 3045 neque
2969 2976 3244 3039 convesci,
3278 2991 3377 3029 nec

1791 3074 1898 3128 que
1926 3075 2034 3114 una
2065 3060 2316 3128 psallere,
2348 3077 2523 3131 neque
2580 3064 2747 3118 ullam
2790 3066 3016 3120 omnino
3064 3067 3379 3121 communi-

1792 3151 2065 3205 cationem
2118 3152 2317 3207 habere
2359 3154 2731 3222 permittunt:
2768 3157 2901 3226 quin
2928 3165 2981 3211 et
3015 3173 3092 3211 vae
3141 3173 3384 3227 pronun—

103 3244 173 3296 τὸ
206 3244 330 3296 οὐαὶ
354 3243 777 3311 ἐπιφθέγγονται
806 3245 918 3307 τοῖς
951 3242 1110 3314 μέχρι
1134 3241 1444 3313 βρώματος,
1472 3244 1568 3297 καὶ
1591 3245 1689 3299 πό-

1797 3245 1928 3298 tiant
1958 3244 2008 3297 in
2038 3260 2132 3297 eos
2161 3246 2255 3314 qui
2285 3246 2369 3300 vel
2399 3246 2453 3300 in
2481 3247 2627 3310 cibo,
2655 3248 2740 3302 vel
2772 3249 2828 3302 in
2873 3258 3025 3318 potu,
3052 3249 3135 3304 vel
3170 3248 3372 3306 aﬂ‘ectu

110 3354 311 3406 ματος,
340 3337 435 3389 καὶ
458 3335 691 3406 σχέσεως
723 3336 1070 3389 κοινωνοῦσιν
1096 3335 1296 3398 αὐτοῖς.
1326 3336 1487 3389 Ὥστε
1524 3337 1691 3407 ἐκκή-

106 3444 317 3498 ρυκτος
343 3430 435 3479 καὶ
467 3426 1033 3498 ἀλλοτριοδιδάσκαλος
1056 3427 1084 3478 ὁ
1111 3426 1293 3481 ἐκεῖνα
1318 3427 1521 3497 λέγων,
1545 3429 1693 3491 ὅστις

104 3519 181 3575 ἂν
208 3520 296 3591 εἴη
324 3523 382 3574 ἐν
408 3519 736 3592 ἀνθρώποις.

363 3634 527 3689 P01".
553 3662 626 3674 —
648 3632 953 3702 Γρηγορίῳ
979 3628 1204 3696 ὑπάτῳ.
1241 3628 1434 3703 [aput-qh]

1794 3351 1917 3390 cum
1949 3336 2053 3390 illis
2080 3338 2510 3393 communicant.
2539 3338 2721 3406 Quare
2765 3340 3076 3407 damnatus,
3107 3352 3161 3397 et
3191 3344 3382 3399 alienae

1795 3428 2061 3482 doctrinae
2084 3428 2342 3500 magister
2370 3438 2454 3487 est
2486 3431 2580 3501 qui
2609 3432 2723 3488 haec
2742 3431 2896 3500 dicit,
2925 3434 3180 3505 quisquis
3203 3435 3293 3491 ille
3314 3436 3386 3491 sit

1798 3519 2008 3573 mortali
2020 3535 2133 3573 um.

2079 3629 2360 3686 CLXXIII.
2393 3661 2468 3674 --
2493 3631 2743 3705 Gregorio
2771 3634 2981 3690 consuli
2995 3636 3093 3705 (ν).

697 3769 753 3819 In
776 3767 901 3818 illud
925 3765 1152 3831 Apostoli
1176 3780 1188 3815 :
1218 3768 1284 3817 In
1308 3765 1418 3831 ipso
1448 3764 1683 3817 inhabitat
1702 3761 1862 3816 omnis
1883 3763 2132 3828 plenitudo
2161 3763 2432 3818 divinitatis
2463 3772 2805 3833 corporaliter.

195 3902 462 3974 Ἐζημίου
489 3903 635 3974 ἡμᾶς
662 3903 822 3975 μέχρι
849 3904 943 3958 τοῦ
973 3903 1131 3976 δεῦρο
1154 3905 1188 3974 ή
1216 3904 1465 3974 τιμιότης
1494 3920 1588 3957 σου
1618 3902 1693 3974 μὴ

101 3996 500 4053 ἐπιστείλασαο
533 3997 736 4067 καίπερ
780 3996 1167 4050 ἐπιστέλλουσα
1198 3996 1410 4057 καλῶς’
1443 3996 1519 4059 ὡς
1555 3996 1694 4050 αὐτὰ

101 4091 182 4144 τὰ
213 4089 520 4159 γράμματα
543 4087 712 4158 δηλοῖ.
751 4086 867 4157 Ἐφ’
896 4083 977 4151 οἷς
1021 4088 1128 4161 καὶ,
1146 4087 1490 4158 ἐπῃνέσαμεν
1522 4088 1693 4158 αὐτῆς

99 4185 172 4239 οὐ
217 4185 382 4254 μόνον
432 4183 494 4237 τὸ
520 4184 776 4253 εὐμαθὲς,
826 4185 963 4239 ἀλλὰ
1007 4186 1101 4240 καὶ
1144 4184 1203 4238 τὺ
1235 4184 1315 4238 ἔτι
1356 4184 1689 4256 φιλομαθές·

102 4277 451 4347 γλιχομένης
490 4277 738 4337 παιδείας
780 4277 1118 4349 ὑψηλοτέρας
1166 4278 1487 4348 μετασχείν’
1530 4272 1600 4349 ἦς
1636 4275 1698 4328 τὺ

103 4367 376 4433 πυκτίον,
421 4368 604 4430 καθὼς
640 4370 994 4441 ἐπεζήτησεν,
1028 4368 1222 4439 ἔχομεν
1254 4370 1373 4440 μὲν,
1401 4373 1460 4421 οὐ
1507 4369 1614 4439 μὴν
1651 4367 1697 4420 δ’

102 4459 383 4513 ἐνταῦθα.
418 4459 543 4511 Ἐὰν
570 4456 629 4511 δέ
672 4461 909 4531 συμϐαίη
941 4461 1234 4530 ἀφικέσθαι
1280 4464 1339 4515 ἐν
1371 4462 1482 4522 τοῖς
1512 4460 1701 4513 αὐτόθι

101 4550 205 4603 τὸν
235 4548 640 4619 παροικονόμον
684 4549 861 4617 ἡμῶν,
900 4549 1082 4602 λαϐὼν
1111 4549 1167 4614 ἐξ
1196 4541 1368 4619 οὗπερ
1408 4545 1699 4615 τεταμίευ-

1872 3902 2080 3956 Damno
2128 3904 2306 3958 alleeit
2347 3920 2447 3959 nos
2503 3904 2773 3959 hactenus
2817 3903 3238 3959 homriﬁcentia
3265 3915 3383 3974 tua,

1798 3995 1936 4048 nihil
1969 3996 2213 4050 scribens
2241 3996 2566 4059 litterarum,
2602 3996 2855 4064 quamvis
2894 3996 3108 4065 egregie
3155 3997 3385 4060 scribat.

1800 4093 1860 4137 ut
1905 4084 2095 4139 littera:
2136 4085 2266 4154 ipsa
2294 4084 2697 4141 demonstrant.
2728 4085 2782 4139 In
2816 4086 3016 4155 quibus
3045 4087 3387 4141 laudavimus

1797 4172 1916 4240 ejus
1971 4187 2082 4226 non
2128 4174 2307 4226 solum
2336 4174 2696 4236 docilitatem,
2729 4173 2821 4226 sed
2848 4184 3111 4241 praeterea
3140 4176 3386 4230 discendi

1798 4279 2019 4333 quoque
2071 4263 2336 4329 studium,
2375 4274 2435 4318 ut
2479 4280 2600 4333 quae
2650 4264 3026 4317 sublimiorem
3077 4265 3387 4319 doctrinam

1799 4354 2033 4423 adipisci
2052 4355 2236 4424 cupiat
2264 4372 2279 4409 :
2308 4356 2464 4423 cujus
2496 4355 2737 4409 codicem
2766 4370 2929 4424 quem
2962 4360 3192 4425 expetis,
3219 4357 3388 4411 liabe-

1801 4462 1925 4501 mus
1978 4448 2225 4517 quidem,
2254 4463 2365 4501 non
2420 4456 2601 4501 tamen
2652 4450 2753 4502 hoc
2790 4448 2842 4501 in
2878 4449 3018 4502 loco.
3050 4449 3231 4514 Quare
3261 4466 3384 4503 cum

1804 4554 2249 4608 parteconomum
2302 4548 2547 4594 nostrum
2617 4555 2683 4593 eo
2744 4540 3020 4609 proﬁcisci
3075 4544 3388 4613 continget,

102 4660 205 4695 ται
232 4641 407 4697 τόπου
434 4639 749 4693 ἐπιδώσειεν
775 4641 927 4695 αὑτό.
955 4638 1107 4710 Καλὴ
1131 4640 1187 4693 δέ
1212 4641 1244 4710 ἡ
1272 4638 1510 4698 παιδεία,
1545 4636 1590 4690 ὦ
1615 4638 1694 4690 δέ·

1806 4629 1929 4683 inde
1961 4630 2048 4683 ubi
2091 4630 2346 4687 conditus
2375 4641 2459 4684 est
2490 4630 2730 4683 ablatum
2768 4631 2942 4684 tradet
2974 4632 3090 4684 tibi.
3119 4632 3266 4685 Bona
3300 4649 3388 4687 res

106 4750 323 4797 σποτα,
349 4731 455 4795 ἓως
482 4730 547 4786 ἂν
575 4734 831 4803 συνεργὸς
857 4734 941 4803 εἴη
968 4732 1103 4803 πρὸς
1131 4731 1227 4802 τὴν
1255 4730 1424 4794 ὅντως
1445 4728 1702 4799 ἀληθινὴν

107 4822 380 4875 παιδείαν
403 4861 417 4884 ,
445 4820 580 4873 ἀλλά
617 4820 695 4891 μὴ
741 4822 1174 4893 κορυδαντιῶσα,
1205 4820 1561 4882 ἀπαιδεύτους
1587 4819 1704 4871 δια-

104 4912 353 4984 δεικνύῃ
394 4911 521 4972 τοὺς
562 4912 819 4981 μετόχους
865 4912 1056 4980 αὐτῆς.
1098 4911 1204 4964 Τοῦ
1240 4912 1295 4964 δέ
1344 4910 1702 4965 ἀποστολικοῦ

110 5005 295 5074 ῥητοῦ
347 5004 382 5073 ἠ
429 5002 644 5055 ἐννοιαο
678 5004 807 5058 Ὀτι
853 5012 924 5058 ἐν
962 5002 1123 5068 αὐτῷ
1170 5002 1436 5059 κατοικεῖ
1471 5001 1596 5056 πᾶν
1636 5000 1703 5053 τό

106 5093 425 5161 πλήρωμα
449 5090 558 5157 τῆς
584 5092 859 5159 θεότητος
889 5090 1261 5163 σωματὶκῶς·
1299 5092 1469 5155 οὕτως
1505 5108 1594 5160 μοι
1624 5091 1706 5143 6o-

110 5186 207 5237 κεί
250 5182 444 5251 ἔχειν⁸
487 5180 767 5234 τουτέστιν
816 5184 898 5236 ὃτι
958 5184 1016 5235 ἐν
1062 5184 1129 5251 τῇ
1186 5166 1595 5252 προσληφθείσῃ
1642 5165 1739 5231 ἐκ

113 5276 416 5346 Παρθένου
445 5274 611 5347 σαρκὶ
632 5274 728 5327 τοῦ
762 5277 958 5344 Λόγου,
988 5276 1107 5345 ἢτοι
1144 5277 1203 5327 ἐν
1224 5275 1300 5344 τῷ
1327 5275 1461 5347 ναῷ,
1494 5268 1538 5342 ᾧ
1566 5275 1707 5345 ᾠκο-

111 5369 373 5439 δόμησεν
405 5366 605 5437 ἐαυτῷ,
639 5371 880 5421 κατοικεῖ
907 5370 1016 5421 πᾶν
1057 5367 1117 5420 τὸ
1146 5367 1421 5439 πλήρωμα
1454 5367 1552 5435 τῆς
1592 5366 1709 5418 θεό-

111 5476 319 5530 τητος·
352 5462 463 5511 πᾶν
478 5458 539 5510 τὸ
571 5459 844 5530 πλήρωμὰ
867 5477 1051 5531 φησιν,
1085 5460 1145 5511 οὐ
1177 5460 1342 5531 μέρος
1361 5479 1413 5513 τι
1444 5458 1588 5511 καθὰ
1615 5474 1711 5510 πε-

1807 4733 1891 4777 est
1935 4722 2197 4786 eruditio,
2227 4722 2465 4786 domine,
2497 4731 2765 4790 quatenus
2810 4720 3061 4775 conferre
3103 4733 3285 4792 potest
3315 4724 3382 4777 ad

1808 4830 1952 4880 eam,
1994 4831 2116 4884 quae
2167 4829 2294 4867 vera
2345 4829 2571 4883 prorsus
2629 4822 2734 4873 est,
2770 4812 3076 4866 doctrinam
3127 4832 3139 4866 :
3185 4816 3279 4869 sed
3320 4831 3390 4871 ne

1808 4908 2177 4977 Corybantum
2216 4924 2369 4959 more
2418 4904 2698 4959 insaniens
2724 4904 3002 4972 imperitos
3051 4907 3240 4961 reddat
3266 4907 3389 4962 illos

1807 5003 1900 5072 qui
1934 5004 2035 5057 hac
2064 4998 2255 5055 imbuti
2288 4997 2417 5051 sint.
2447 4997 2743 5063 Apostolici
2783 5011 2944 5064 porro
2978 4996 3107 5050 dicti
3139 5013 3336 5054 sensus
3370 5018 3383 5052 :

1807 5095 1947 5159 Quia
1991 5096 2048 5147 in
2087 5093 2198 5159 ipso
2248 5091 2507 5143 inhabitat
2552 5091 2722 5142 omnis
2767 5090 3040 5157 plenitudo
3090 5091 3386 5145 divinitatis

1804 5186 2146 5255 corporaliter
2162 5184 2207 5215 ⁷⁹
2228 5224 2243 5248 ,
2266 5183 2353 5235 bic
2376 5197 2499 5237 esse
2527 5182 2654 5234 mihi
2678 5181 2910 5243 videtur,
2937 5182 3219 5247 nimirum,
3239 5185 3383 5251 quod

1805 5277 1857 5329 in
1900 5291 2065 5331 carne
2099 5271 2280 5336 Verbi,
2313 5288 2476 5342 quam
2526 5272 2590 5325 de
2624 5268 2843 5339 Virgine
2888 5272 3225 5340 assumpsit,
3275 5274 3389 5326 sive

1818 5369 1869 5420 in
1924 5367 2124 5437 templo
2174 5365 2316 5433 quod
2379 5364 2481 5417 sibi
2527 5362 2836 5425 exstruxit,
2886 5362 3150 5416 inhabitet
3208 5364 3389 5418 omnis

1817 5460 2095 5528 plenitudo
2155 5455 2482 5510 divinitatis.
2529 5453 2755 5507 Omnem
2808 5454 3197 5522 plenitudinem
3230 5455 3384 5516 dicit,

115 5553 405 5624 φρόνηται
440 5552 553 5610 τοῖς
587 5550 683 5619 τὴν
725 5552 902 5621 ἀμερῆ
937 5550 1215 5621 μερίζουσι
1258 5551 1506 5621 θεότητα.
1541 5549 1612 5601 Τὸ
1654 5549 1694 5601 δί

1819 5568 1929 5605 non
1973 5560 2183 5622 partem
2212 5549 2475 5619 aliquam,
2510 5555 2674 5616 prout
2706 5546 2739 5598 ii
2770 5555 3062 5601 senserunt
3094 5546 3185 5615 qui
3217 5546 3388 5615 parti-

115 5642 496 5715 σωματικῶς,
532 5640 697 5710 ἡγουν
723 5642 993 5705 οὐσιωδῶς
1014 5658 1028 5670 ’
1081 5641 1221 5695 οὕτω
1255 5647 1363 5715 γὰρ
1397 5641 1689 5711 ἐξείληπτα

1820 5642 1921 5699 bus
1986 5649 2261 5698 carentem
2311 5640 2560 5695 dividunt
2614 5638 2972 5693 divinitatem.
3026 5636 3388 5706 Corporaliter

200 5821 255 5852 "
292 5819 425 5876 Act.
462 5833 517 5884 ν,
550 5816 633 5872 4.
679 5820 722 5853 "
751 5820 961 5879 Coloss.
999 5834 1063 5883 ιι,
1101 5817 1153 5874 9.

1894 5820 1965 5892 (³⁸)
2002 5817 2332 5893 Dogmatica.
