3976 6322
591 346 732 410 1543

1772 355 1832 417 S.
1869 356 2257 417 THEODORI
2298 357 2644 420 STUDITA!

3742 357 3866 420 lSil

585 477 739 524 vero,
781 462 832 515 id
879 471 964 515 est
1006 462 1470 530 substantialiter;
1517 466 1598 521 sic
1643 469 1790 522 enim
1839 483 2168 542 acceperunt

2279 473 2380 535 τοῖς
2435 473 2684 544 Πατράσι
2717 475 2861 527 κατά
2897 472 3169 526 ἀντίθεσιν
3200 473 3306 525 τῶν
3339 472 3620 542 exsuxit;
3656 475 3868 540 φληνα-

589 553 775 610 Patres
807 555 1066 610 adversus
1093 571 1187 610 eos
1214 558 1306 627 qui
1339 557 1533 613 aﬂ'ectu
1565 560 1707 614 uniri
1735 563 2000 630 garriunt.
2036 564 2165 618 Tale

587 657 672 701 est
718 653 772 699 et
824 647 951 700 illud
990 667 1003 701 :
1052 646 1270 700 Verbum
1303 667 1428 703 caro
1459 650 1660 719 factum
1695 663 1770 706 est
1815 666 1865 708 et
1909 656 2166 709 habitavit

588 741 643 792 in
671 739 818 792 nobis
833 739 900 793 ⁸⁸.
928 738 1087 803 Nam,
1117 756 1184 794 ne
1220 743 1536 809 cpinaretur
1563 747 1832 815 quispiam
1865 747 1918 800 in
1942 763 2163 802 carnem

589 845 916 884 cnnrcrsum
968 846 1089 886 esse
1130 831 1363 886 Verbum
1393 875 1406 899 ,
1445 836 1642 903 adjecit
1672 855 1684 889 :
1718 836 1784 891 Et
1817 837 2074 892 habitavit
2112 840 2165 893 in

589 919 758 973 nobis.
813 919 1164 988 Perspicuum
1217 937 1301 978 est
1351 935 1528 980 autem
1591 928 1736 980 aliud
1772 944 1893 983 esse
1924 931 2069 998 quod
2113 931 2166 984 in

591 1012 944 1065 tabernaculo
995 1013 1222 1077 habitat,
1255 1023 1307 1066 et
1343 1015 1488 1068 aliud
1527 1017 1938 1071 tabernaculum
1983 1020 2034 1071 in
2059 1034 2169 1087 quo

593 1102 891 1155 habitantis
923 1113 1004 1156 est
1041 1103 1302 1156 habitatio
1335 1123 1348 1158 :
1383 1115 1443 1158 ut
1487 1106 1650 1160 simul
1680 1107 1788 1161 duo
1818 1108 1927 1162 sint
1973 1107 2026 1160 in
2062 1124 2168 1161 una

591 1205 821 1258 persona
871 1191 1096 1255 Christi,
1154 1192 1408 1246 divinitas
1455 1205 1507 1248 et
1554 1195 1888 1250 humanitas.
1933 1195 2087 1262 Quod
2123 1198 2167 1252 si

594 1282 752 1336 aliter
801 1283 892 1336 tibi
928 1285 1140 1338 videtur
1179 1301 1266 1339 res
1298 1287 1518 1351 habere,
1553 1288 1660 1340 noli
1698 1288 2080 1356 perspicaciori
2117 1297 2172 1342 et

593 1374 792 1427 veriori
837 1377 1206 1443 speculatione
1241 1377 1457 1446 privare
1493 1393 1608 1440 nos,
1642 1379 1733 1446 qui
1777 1394 1949 1444 pauca
1979 1377 2171 1432 didici-

595 1481 739 1529 mus,
771 1478 954 1534 atque,
988 1477 1046 1520 ut
1089 1469 1191 1522 hoc
1230 1471 1449 1531 addam,
1500 1471 1917 1539 negligentiores
1959 1484 2170 1533 sumus,

595 1556 807 1606 tametsi
854 1555 968 1622 ipse
1013 1571 1132 1617 nos,
1165 1557 1464 1610 amicorum
1497 1572 1669 1622 more,
1702 1559 1956 1613 laudibus
1980 1559 2032 1612 in
2061 1572 2173 1612 cce-

595 1642 707 1698 lum
747 1646 1056 1698 sustuleris.

869 1757 1148 1814 CLXXIV.
1177 1789 1247 1800 -——-
1275 1758 1548 1813 Philotimo
1577 1761 1886 1827 possessori.

2267 563 2528 632 φθύντων.
2557 563 2811 619 Τοιοῦτόν
2833 566 2950 616 ἐστι
2974 563 3067 617 καὶ
3096 565 3178 626 τὸ,
3217 568 3279 617 '0
3308 566 3506 632 Λόγος
3535 563 3712 630 σὰρξ
3743 565 3864 631 ἐγέ-

2265 673 2426 720 νετο,
2464 657 2563 710 καί
2592 656 2948 721 ἐσκήνωσεν
2980 656 3049 708 ὲν
3078 656 3242 723 ἡμῖν.
3277 657 3397 708 Ἵνα
3428 656 3547 723 γὰρ
3579 656 3659 725 μὴ
3698 654 3864 718 δόξειέ

2263 764 2349 811 τις
2378 749 2478 814 (ei;
2513 749 2690 818 σάρκα
2721 747 3021 818 τετράφθαι
3063 746 3154 798 τὸν
3191 747 3387 814 Λόγον,
3427 747 3720 815 ἐπήγαγε,
3774 751 3864 796 καὶ

2266 841 2620 906 ἐσκήνωσεν
2652 842 2720 895 ὲν
2759 840 2922 908 ἡμῖν.
2953 839 3119 906 Δῆλον
3142 839 3198 891 δὲ
3228 839 3308 891 ὅτι
3335 839 3468 892 ἀλλο
3504 841 3571 890 τὸ
3603 836 3859 901 σκηνοῦν,

2267 933 2358 988 καί
2386 933 2513 986 ἀλλο
2536 931 2596 985 τὸ
2625 934 2888 1002 σκήνωμα
2936 933 2992 983 tv
3025 925 3069 998 ᾧ
3097 932 3130 1002 ἡ
3155 932 3431 1000 σκήνωσις
3460 929 3562 982 τοῦ
3592 928 3862 999 σκηνοῦν-

2266 1041 2386 1086 τος·
2419 1023 2549 1077 ὥσθ’
2578 1025 2692 1094 ἀμα
2726 1025 2824 1093 μὲν
2853 1019 2991 1076 εἶναι
3022 1023 3090 1076 τά
3116 1023 3230 1083 δύο,
3261 1023 3500 1090 θεότητα
3533 1023 3636 1074 καὶ
3659 1022 3866 1091 ἀνθρω-

2270 1117 2496 1186 πότητα,
2523 1120 2580 1171 tv
2608 1117 2685 1187 τῷ
2710 1119 2791 1169 tv‘t
2816 1119 3089 1190 προσώπῳ
3115 1116 3376 1186 Χριστοῦ.
3416 1118 3482 1170 Εἰ
3504 1117 3568 1169 δέ
3604 1134 3692 1168 σοι
3722 1115 3866 1168 δοκεῖ

2268 1208 2441 1272 ἄλλως
2468 1208 2632 1278 ἔχειν,
2666 1209 2764 1278 τῆς
2796 1210 3166 1281 ὀπτικωτέρας
3193 1208 3289 1261 καὶ
3320 1207 3711 1278 ἀληθεστέρας
3739 1205 3864 1257 θεω-

2273 1299 2392 1369 ρίας
2449 1300 2523 1371 μὴ
2583 1301 3017 1372 ἀποστερήσεως
3073 1302 3220 1372 ἡμᾶς
3272 1298 3401 1360 τοὺς
3464 1297 3859 1367 ὀλιγομαθεξ·

2272 1390 2564 1461 προσθείην
2606 1392 2652 1444 δ’
2696 1393 2764 1445 ἂν
2809 1394 2903 1445 καὶ
2949 1393 3276 1462 ἀτημλεῖς·
3315 1389 3422 1444 κάν
3474 1391 3657 1453 ἄλλως
3703 1390 3864 1448 αὐτξς

2273 1481 2585 1548 ὲξεθείασας
2613 1485 2725 1547 τοῖς
2759 1485 2990 1554 φιλικοῖς
3017 1483 3278 1548 ἐπαίνοις.

2340 1744 2382 1802 Β
2411 1742 2552 1798 ΡΟΔ⁹
2584 1741 2717 1811 (65).
2745 1771 2816 1782 —-
2843 1739 3102 1805 tPtJoOétp
3129 1740 3370 1808 κτήτορι
3401 1738 3545 1808 (66).
3590 1733 3794 1810 [ψληη

1517 1873 1551 1920 [Γ
1560 1879 1579 1920 ι
1603 1886 1799 1921 omnem
1823 1886 1932 1921 cum
1962 1870 2293 1922 lconomachis
2313 1862 2709 1918 communionem
2729 1858 2941 1907 devitet.

666 1978 1035 2045 Acceptahilcs
1055 1976 1164 2030 Deo
1208 1978 1406 2047 pioque
1444 1979 1650 2032 homini
1683 1990 1812 2033 sunt
1848 1981 2042 2034 littera:
2069 1982 2168 2034 ho-

593 2069 950 2122 norificentia:
1000 2080 1106 2123 tute
1141 2089 1154 2123 :
1191 2071 1461 2139 siquidem
1516 2071 1618 2124 hoc
1659 2080 1920 2139 tempore,
1960 2074 2011 2125 in
2061 2088 2170 2142 quo

594 2172 858 2215 nocturna
889 2178 1066 2231 pugna
1103 2162 1508 2226 haereticorum,
1536 2173 1595 2216 et
1632 2166 1867 2232 procella
1911 2166 2168 2219 incredu-

592 2253 801 2316 litatis,
850 2255 1025 2323 palam
1060 2256 1218 2308 nobis
1250 2255 1445 2318 fecisti,
1475 2265 1526 2310 te
1560 2259 1724 2310 stellae
1766 2258 2050 2326 cujusdam
2088 2259 2170 2310 in-

594 2351 709 2397 star
742 2344 828 2397 hic
861 2343 1085 2411 fulgere,
1116 2359 1213 2398 nec
1247 2347 1481 2400 tenebris
1525 2350 1874 2401 obscuratum
1906 2350 2171 2403 haeretica:

594 2437 1014 2498 communionis,
1051 2454 1148 2490 nec
1177 2438 1431 2491 obrutum
1468 2440 1582 2493 salo
1617 2441 1968 2494 infidelitatis.
1999 2441 2168 2495 Bene-

594 2527 882 2595 dictusque
921 2528 993 2580 sit
1045 2527 1328 2592 Dominus,
1354 2530 1446 2599 qui
1497 2532 1659 2585 etiam
1707 2533 1757 2584 in
1807 2533 1994 2585 ordine
2034 2532 2172 2586 laico

584 2607 909 2673 'defensores
950 2619 1112 2673 habet
1150 2620 1281 2687 legis
1317 2638 1450 2684 suae,
1490 2621 1545 2674 in
1577 2623 1824 2691 prmsenti
1855 2624 2175 2678 confusione

596 2722 662 2761 ac
691 2709 1043 2763 subversiune
1067 2711 1386 2765 orthodoxa:
1408 2713 1890 2768 docti-itiaa.Beatus
1911 2730 1990 2776 es,
2008 2713 2173 2768 frater

597 2799 1042 2862 honoratissime,
1092 2819 1328 2871 vereque
1386 2805 1481 2858 tibi
1527 2806 1779 2871 congruit
1823 2805 2060 2859 nominis
2092 2805 2170 2860 tui

598 2892 908 2960 appellatio,
943 2895 1070 2963 quia
1111 2904 1164 2947 et
1212 2894 1381 2949 Deum
1426 2899 1716 2961 adamasti,
1773 2909 1826 2951 et
1869 2899 2172 2968 depositum

598 2983 720 3036 lidei
748 2987 1002 3040 servasti.
1035 2984 1308 3040 Nuntiain
1344 2998 1526 3042 autent
1567 2990 1618 3042 in
1653 2991 1848 3045 litteris
1881 2991 2175 3050 tuis.hunc

598 3083 654 3127 ct
696 3075 846 3128 illum
901 3077 994 3130 tibi
1051 3078 1302 3131 affectum
1352 3079 1585 3132 inditum
1621 3080 1790 3135 fuisse
1814 3097 1842 3134 a
1869 3082 2039 3136 beatis
2069 3082 2174 3137 illis

599 3166 874 3233 Patribus,
921 3169 1013 3238 qui
1061 3181 1251 3224 sancto
1286 3171 1390 3225 line
1421 3173 1726 3240 migrarunt
1759 3174 1824 3226 ad
1867 3175 2172 3240 Dominum,

2349 1973 2702 2028 Εὐαπόδεκτα
2727 1969 2796 2022 τὰ
2825 1969 3125 2037 γράμματα
3157 1961 3257 2030 τῆς
3281 1959 3607 2029 τιμώτητὸς
3642 1976 3742 2010 σου
3777 1960 3861 2008 καὶ

2274 2065 2392 2134 Θεῷ
2417 2064 2512 2117 καὶ
2534 2061 2748 2116 εὐσεϐεῖ
2769 2057 3041 2129 ἀνθρώπῳ
3060 2072 3074 2086 ·
3105 2057 3184 2108 ὅτι
3207 2056 3263 2106 tv
3286 2052 3366 2120 τῷ
3397 2052 3636 2121 παρόντι
3665 2050 3859 2118 καιρῷ,

2275 2158 2363 2224 ἐφ’
2395 2149 2439 2223 ᾧ
2473 2151 2806 2221 νυκτομαχία
2840 2147 3089 2218 αἱρετικὴ
3118 2146 3213 2198 καὶ
3251 2144 3392 2212 (Iqu
3431 2142 3708 2204 ἀπιστίας
3732 2184 3747 2204 ,
3779 2142 3860 2207 δή·

2275 2251 2442 2302 λωσιν
2477 2249 2608 2317 ἡμῖν
2632 2246 2947 2314 ἐποιήσατο,
2980 2244 3061 2295 ὅτι
3090 2240 3280 2309 ὥσπερ
3315 2257 3396 2302 τις
3424 2238 3614 2307 ἀστὴρ
3653 2237 3860 2303 φαίνεις

2277 2345 2333 2396 tv
2373 2345 2483 2403 τοῖς
2513 2337 2719 2399 αὐτόθι,
2755 2337 2829 2407 μὴ
2863 2334 3121 2404 ζοφωθεὶς
3170 2335 3236 2402 τῇ
3281 2333 3536 2399 αἱρετικῇ
3582 2329 3858 2395 κοινωνίᾳ,

2278 2435 2413 2504 μηδὲ
2448 2433 2552 2503 μὴν
2579 2429 2906 2499 ὑποϐρύχιος
2933 2425 3172 2495 γεγονὼς
3211 2424 3291 2492 τῷ
3324 2422 3426 2489 τῆς
3467 2422 3741 2480 ἀπιστίας
3777 2421 3860 2471 σα-

2276 2529 2372 2594 λῳ.
2408 2528 2514 2580 Καὶ
2545 2522 2838 2593 εὐλογητὸς
2864 2519 3088 2590 Κύριος,
3127 2517 3184 2580 ὃς
3214 2516 3326 2585 ἔχει
3361 2515 3456 2568 καὶ
3487 2515 3548 2566 ὲν
3584 2512 3666 2583 τῷ
3693 2510 3859 2578 laba}

2280 2619 2526 2686 τάγματι
2555 2616 2679 2676 τοὺς
2710 2610 3102 2680 ἀντεχομένους
3140 2607 3233 2660 τοῦ
3280 2607 3447 2673 νόμου
3495 2603 3696 2664 αὐτοῦ,
3727 2607 3858 2654 κατά

2275 2708 2376 2777 τὴν
2401 2707 2496 2758 νῦν
2525 2706 2784 2772 σύγχυσιν
2814 2701 2907 2754 καὶ
2939 2698 3247 2767 ἀνατροπὴν
3275 2696 3372 2763 τῆς
3390 2694 3732 2764 ὀρθοδοξίας.
3755 2693 3859 2745 Μα-

2278 2801 2467 2871 κάριος
2499 2794 2568 2862 εἷ,
2598 2796 2789 2863 ἀδελφὲ
2817 2791 3135 2862 τιμιώτατε,
3167 2789 3262 2842 καὶ
3300 2789 3469 2850 ὄντως
3518 2787 3858 2859 φερωνύμως

2282 2909 2366 2946 σοι
2421 2894 2455 2961 ἡ
2509 2890 2740 2956 κλῆσις’
2789 2889 2869 2940 ὅτι
2927 2885 3021 2938 καὶ
3074 2883 3205 2936 Θεὸν
3257 2881 3592 2950 πεφίληκας,
3621 2881 3718 2932 καὶ
3768 2879 3856 2945 τὴν

2281 2980 2749 3052 παρακαταθήκην
2789 2977 2886 3046 τῆς
2927 2977 3159 3036 πίστεως
3190 2969 3611 3041 πεφρούρηκας.
3657 2969 3858 3036 ’Δπήγ-

2280 3074 2462 3142 γειλας
2493 3072 2548 3125 δὲ
2581 3074 2638 3123 ὲν
2667 3073 2779 3133 τοῖς
2808 3070 3151 3139 γράμμασιν,
3178 3064 3349 3126 οὕτως
3373 3063 3468 3116 καὶ
3491 3061 3672 3123 οὕτως
3697 3057 3857 3129 ἦχθαί

2283 3184 2342 3220 σε
2383 3165 2486 3218 ὑπὸ
2520 3163 2628 3215 τῶν
2669 3164 2954 3233 μακαρίων
2995 3159 3252 3227 Πατέρων
3292 3158 3517 3208 ἐκείνων
3575 3153 3690 3205 τῶν
3723 3153 3857 3205 τέλει

600 3274 823 3326 quorum
875 3262 1088 3313 nomina
1135 3272 1254 3315 sunt
1304 3264 1359 3316 in
1389 3264 1521 3316 libro
1551 3266 1671 3318 vita:
1704 3265 1770 3316 ⁸⁸.
1807 3267 1884 3319 Ac
1926 3267 2064 3320 bene
2092 3283 2172 3320 res

2279 3255 2502 3327 χρηστῷ
2552 3251 2977 3323 ἐκδημησάντων
3021 3250 3155 3319 πρδς
3189 3248 3419 3316 Κύριον·
3455 3239 3571 3298 Ὧν
3621 3244 3698 3297 τὰ
3737 3244 3858 3296 ὀνό-

603 3349 766 3401 habet
799 3367 814 3402 :
851 3350 955 3404 hoc
986 3366 1206 3419 quoque
1237 3353 1480 3405 ardentis
1515 3353 1613 3405 zeli
1649 3353 1724 3404 tui
1760 3354 2037 3422 prOprium
2073 3361 2176 3406 est.

601 3440 668 3493 Et
700 3442 956 3509 quoniam
990 3451 1111 3511 post
1138 3444 1354 3496 illorum
1389 3460 1673 3497 excessum
1702 3447 1871 3498 orbus
1909 3443 2180 3513 quodam-

602 3536 786 3593 modc,
820 3536 1102 3602 postulasti
1132 3536 1199 3589 ab
1231 3537 1536 3590 humilitate
1589 3547 1771 3590 nostra
1806 3538 1999 3590 iterum
2052 3554 2178 3590 cru-

603 3627 706 3679 diri
744 3644 756 3678 :
793 3643 891 3681 nos
933 3629 1067 3681 viles
1100 3629 1319 3694 quidem
1351 3639 1405 3682 et
1436 3630 1616 3691 nihili,
1654 3629 1776 3698 quia
1817 3638 1997 3683 tamen
2043 3633 2179 3682 scri-

602 3727 754 3783 ptum
812 3727 929 3782 est,
1007 3718 1390 3787 Supportantes
1446 3721 1661 3772 invicem
1718 3722 1769 3772 in
1823 3723 2078 3773 charitate
2113 3721 2181 3787 ⁸⁸,

604 3819 822 3877 propter
853 3813 990 3865 hanc
1033 3813 1084 3864 iu
1137 3811 1368 3866 Domino
1396 3814 1741 3875 cltaritatem,
1782 3815 2043 3875 cedimus,
2083 3831 2179 3880 ap-

603 3901 1008 3971 probamusque
1082 3904 1548 3957 consecrationem
1629 3917 1818 3966 tuam,
1901 3907 2178 3972 pulchram

605 4011 831 4065 prorsus
887 4005 940 4048 et
996 3996 1343 4052 laudabilem.
1390 3997 1558 4063 Igitur
1595 3997 1661 4049 ab
1721 3997 1970 4049 hatretica
2033 4011 2183 4052 com-

606 4088 866 4140 munione
907 4097 963 4140 et
1003 4088 1276 4141 abstinere
1305 4099 1534 4141 conatus
1563 4104 1644 4148 es,
1679 4099 1732 4140 et
1761 4087 2090 4150 abstinuisti,
2125 4104 2183 4153 ιιι

605 4181 706 4240 ais,
737 4179 938 4231 Christi
966 4179 1170 4248 gratia;
1194 4190 1245 4232 et
1273 4180 1486 4233 abstine
1519 4195 1681 4247 porro
1713 4197 1726 4230 :
1752 4180 1832 4232 sic
1859 4181 2001 4232 enim
2030 4191 2179 4232 tuam

605 4286 731 4340 erga
762 4270 927 4324 Deum
949 4272 1295 4325 dilectionem
1324 4272 1577 4326 ostendes
1620 4281 1674 4325 et
1708 4272 2175 4325 communionem:

608 4365 883 4416 contraria
901 4366 1102 4432 quippe
1129 4365 1442 4417 communio
1470 4374 1735 4432 separata
1761 4363 2001 4416 Christo.
2026 4363 2179 4428 Quod

609 4464 788 4508 autem
846 4457 1098 4524 cogimini
1153 4471 1182 4508 a
1238 4457 1374 4510 duce
1402 4458 1697 4519 exercitus,
1747 4457 1911 4509 simul
1948 4457 2180 4524 psallere

608 4562 731 4598 cum
791 4547 1077 4611 haereticis,
1113 4557 1162 4600 et
1199 4563 1315 4616 quae
1367 4550 1434 4600 ab
1472 4548 1581 4601 illis
1613 4563 1774 4602 cruce
1816 4549 2023 4616 signata
2054 4556 2180 4600 sunt

2276 3367 2435 3418 ματα
2479 3349 2547 3400 ἐν
2585 3347 2780 3411 ,βίϐλῳ
2819 3342 2987 3410 ζωῆς.
3021 3343 3130 3395 Καὶ
3168 3337 3224 3394 εὖ
3262 3341 3326 3393 ἂν
3359 3339 3474 3408 ἔχοι
3497 3355 3512 3370 ο
3571 3337 3672 3390 καὶ
3708 3334 3856 3388 τοῦτο

2282 3441 2374 3493 τοῦ
2406 3438 2667 3508 διαπύρου
2704 3454 2796 3489 σου
2825 3435 2986 3505 ζήλου
3017 3433 3230 3501 ἰδίωμα.
3276 3431 3493 3499 Ἐπειδὴ
3520 3429 3577 3482 δὲ
3609 3432 3676 3498 τῇ
3709 3428 3857 3495 ἐκδη-

2285 3532 2385 3600 μία
2417 3529 2660 3593 ἐκείνων,
2702 3524 2790 3579 οἷα
2834 3522 3278 3593 ἀπορφανισθεὶς,
3313 3520 3669 3589 ἐπεζήτησας
3703 3516 3856 3570 πάλιν

2283 3627 2419 3696 πρὸς
2467 3625 2568 3693 τῆς
2612 3622 2992 3683 ταπεινώσεως
3027 3618 3185 3688 ἡμῶν
3221 3613 3670 3686 στοιχειωθῆναι·
3706 3613 3854 3682 ἡμεῖς

2285 3717 2383 3786 μὲν
2429 3715 2665 3777 εὐτελεῖς
2712 3714 2804 3766 καὶ
2834 3708 3137 3779 οὐδαμινοί·
3169 3709 3313 3776 ὅμως
3354 3704 3478 3756 ἐπεὶ
3525 3704 3854 3770 γέγραπται.

2295 3808 2663 3875 Ἁνεχόμενοι
2711 3803 3000 3867 ἀλλήλων
3037 3801 3106 3853 ὲν
3133 3798 3329 3866 ἀγάπῃ
3352 3811 3365 3822 ·
3395 3794 3485 3847 διὰ
3525 3793 3737 3860 ταύτην
3767 3789 3855 3858 τὴν

2283 3901 2341 3953 tv
2390 3898 2580 3968 Κυρίῳ
2617 3898 2860 3964 ἀγάπην.
2897 3893 3215 3960 ὑπείκομεν,
3244 3889 3340 3940 καὶ
3386 3883 3738 3954 προσιέμεθα
3767 3883 3855 3948 τὴν

2282 3991 2538 4045 ἀνάθεσίν
2566 4006 2681 4053 σου,
2716 3987 2886 4055 καλὴν
2916 3981 3083 4037 οὖσαν
3128 3980 3206 4050 τῷ
3253 3980 3367 4032 ὄντι
3415 3978 3514 4030 καὶ
3543 3975 3852 4042 ἐπαινετὴν.

2281 4083 2357 4136 Τὸ
2391 4083 2489 4152 μὲν
2516 4078 2608 4135 οὖν
2639 4077 2938 4148 ἀπέχεσθαί
2973 4093 3031 4127 σε
3077 4073 3392 4126 παντάπασι
3435 4068 3540 4136 τῆς
3580 4064 3854 4137 αἱρετικῆς

2283 4174 2590 4236 κοινωνίας,
2623 4169 3020 4236 καὶπὴγωνίσω,
3059 4166 3150 4218 καὶ
3177 4163 3438 4229 ἀπέσχου,
3471 4161 3547 4222 ὡς
3591 4161 3719 4227 φὴς,
3765 4157 3855 4227 xi-

2285 4283 2392 4337 ριτι
2416 4262 2650 4334 Χριστοῦ
2673 4279 2686 4290 ·
2713 4263 2804 4314 καὶ
2835 4261 2913 4312 ἑτι
2941 4259 3178 4326 ἀπόσχου
3202 4271 3215 4284 ·
3247 4253 3392 4306 οὕτω
3414 4253 3524 4319 γάρ
3549 4250 3779 4312 δείξειας
3802 4250 3852 4298 τὸ

2283 4360 2418 4428 πρὸς
2464 4358 2555 4409 τὸν
2598 4355 2728 4408 Θεόν
2761 4371 2854 4405 σου
2893 4350 3114 4422 φιλητὸν
3153 4348 3246 4401 καὶ
3281 4343 3634 4397 κοινωνικόν·
3670 4345 3703 4410 ἡ
3757 4341 3850 4409 γὰρ

2282 4452 2500 4507 ἐναντία
2557 4448 2807 4503 κοινωνία
2848 4446 3111 4514 διίστησιν
3158 4440 3266 4494 ἀπὸ
3304 4436 3562 4508 Χριστοῦ.
3601 4437 3694 4496 Εἰς
3737 4435 3771 4488 ἃ.
3803 4434 3849 4486 δὲ

2282 4541 2658 4610 ἀναγκάζεσθε
2686 4539 2791 4591 ὑπὸ
2817 4535 2911 4590 τοῦ
2948 4530 3382 4604 στρατηγοῦντος
3423 4530 3506 4589 εἷς
3539 4544 3600 4578 τε
3630 4527 3689 4579 τὸ
3725 4543 3848 4592 συμ-

609 4638 912 4696 comedere,
958 4639 1027 4690 ita
1075 4648 1132 4691 ut
1178 4639 1336 4692 aliter
1386 4653 1544 4707 agere
1587 4640 1841 4693 dominus
1883 4647 2172 4706 strategus

2279 4609 2500 4700 ψάλλειν
2544 4632 2654 4692 τοῖς
2687 4627 2986 4697 αἱρετικοῖς
3019 4623 3113 4675 καὶ
3143 4621 3210 4673 τά
3245 4621 3378 4689 πρὸς
3405 4616 3590 4670 αὐτῶν
3625 4630 3843 4707 σιρραγιο

613 4746 716 4781 non
769 4730 941 4798 possit
987 4732 1105 4783 sine
1142 4730 1413 4798 periculo;
1445 4732 1510 4784 de
1559 4746 1623 4785 ea
1670 4748 1726 4785 re
1768 4748 1874 4785 non
1911 4733 2172 4785 habemus

613 4814 770 4866 facile
804 4817 946 4883 quod
984 4817 1410 4885 respondeamus
1450 4836 1464 4871 :
1523 4820 1779 4887 quoniam
1809 4832 2060 4874 accurata
2094 4821 2174 4874 di-

613 4905 854 4972 sciplime
883 4907 1021 4959 ratio
1051 4909 1299 4975 prohibet
1321 4909 1564 4974 omnino,
1587 4926 1651 4964 ne
1678 4927 1802 4966 cum
1830 4912 2172 4966 heterodoxis

612 4995 893 5062 participet
921 4996 1012 5064 qui
1055 5007 1196 5051 recte
1235 5000 1416 5057 sentit.
1451 5015 1624 5068 neque
1658 5001 1710 5053 in
1747 5001 1890 5063 cibo,
1913 5017 2087 5069 neque
2117 5002 2170 5055 in

615 5093 766 5151 potu,
799 5101 974 5153 neque
1003 5087 1054 5140 in
1090 5089 1280 5143 affectu
1313 5106 1436 5144 cum
1470 5091 1600 5160 ipsis
1630 5093 2012 5146 communicet.
2049 5092 2173 5146 Haec

616 5176 842 5230 bonitati
890 5189 995 5233 tua:
1039 5197 1162 5234 cum
1210 5192 1487 5251 perspecta
1533 5183 1660 5246 sint,
1693 5185 1744 5236 in
1776 5185 1915 5241 bono
1940 5185 2055 5238 zelo
2079 5194 2174 5238 tuo

613 5283 888 5337 permane,
933 5288 1095 5342 super
1125 5275 1354 5344 pulchro
1387 5275 1738 5331 fundamento
1765 5277 1923 5332 utiles
1964 5285 2171 5331 exacta!

680 5452 727 5483 δ’
759 5448 916 5506 Joan.
951 5468 988 5515 ι,
1032 5452 1118 5506 lli.
1214 5453 1254 5484 "
1292 5452 1519 5524 Philipp.
1546 5469 1622 5519 tv,
1662 5454 1716 5506 3.

2282 4723 2483 4793 ζὸμενα
2510 4709 2769 4792 βρὼμῖατα
2803 4716 2998 4769 ἐσθίειν
3018 4732 3033 4746 ο
3061 4713 3137 4776 ὡς
3162 4712 3261 4764 οὐκ
3292 4711 3359 4762 ἀν
3387 4709 3563 4768 ἄλλως
3596 4706 3838 4760 δύνασθαι

2279 4817 2370 4869 τὸν
2420 4816 2608 4886 κύριον
2649 4814 2739 4865 τὸν
2773 4809 3079 4882 στρατηγὸν
3111 4805 3410 4870 ἀκινδύνως
3442 4804 3678 4858 διελθεῖν
3701 4820 3716 4834 ·
3765 4800 3844 4854 καὶ

2282 4907 2414 4978 πρὸς
2456 4906 2612 4959 τοῦτο
2654 4906 2753 4958 οὐκ
2778 4905 2970 4973 ἔχομεν
2997 4900 3239 4962 εὐπετῶς
3269 4898 3666 4968 ἀποκρίνεσθαι
3685 4912 3700 4925 ο
3729 4895 3843 4947 διότι

2279 5000 2312 5069 ή
2370 4997 2622 5068 ἀκρίϐεια
2678 4996 2928 5065 ἀπείργει
2977 4995 3320 5046 παντάπασιν
3367 4991 3678 5061 ἁμέθεκτον
3723 4987 3841 5041 εἶναι

2277 5089 2385 5142 τῶν
2416 5087 2736 5158 ἑτεροδόξων
2763 5086 2854 5138 τὸν
2877 5084 3178 5154 ὀρθόφρονα
3200 5097 3216 5110 ·
3248 5084 3344 5136 καὶ
3379 5084 3518 5152 μήτε
3552 5083 3611 5134 tv
3644 5080 3836 5150 βρώσει.

2281 5185 2416 5252 μήτε
2466 5184 2524 5234 tv
2563 5184 2738 5244 πόσει,
2769 5180 2906 5249 μήτε
2937 5180 2994 5230 tv
3035 5177 3216 5246 σχέσει
3255 5177 3627 5246 συνέρχεσθαι
3660 5175 3835 5233 αύτοξ.

2279 5275 2464 5329 Ταῦτα
2507 5272 2677 5326 εἰδυῖα
2728 5272 2762 5342 ἡ
2796 5270 3098 5342 χρηστότης
3145 5284 3237 5320 σου
3278 5267 3496 5339 ὲχέσθω
3536 5268 3634 5322 τοῦ
3661 5260 3836 5334 ἀγαθοῦ

1809 5454 1855 5484 ⁸¹
1890 5452 2086 5523 Ephes.
2125 5468 2200 5516 iv,
2241 5449 2298 5504 2.

2096 5600 2329 5658 ΝΟΤᾹΖ.

683 5750 795 5824 (65)
823 5750 877 5808 lu
907 5755 1015 5809 cod.
1055 5754 1184 5826 Reg.
1238 5753 1405 5826 Ἀρχὴ
1432 5754 1634 5826 βιϐλίου
1658 5754 1731 5807 Δ’.

2288 5753 2400 5824 (66)
2439 5752 2494 5808 In
2523 5751 2646 5808 cod.
2675 5749 2802 5818 Reg.
2839 5747 2964 5817 906'.
