3976 6322
111 371 249 435 1545

1295 373 1834 433 EPISTOLARUM
1893 374 2040 432 LIB.
2088 373 2168 432 Ιῐ.

3230 366 3366 431 1546

98 488 264 558 αὐτῆς
295 485 459 556 ζήλου
483 499 496 514 ·
542 483 971 553 ὲποικοδομοῦσα
1007 483 1084 554 τῷ
1111 484 1260 554 καλῷ
1301 485 1537 556 θεμελίῳ
1587 487 1686 549 τὰς

1794 486 2188 540 observationis
2248 493 2552 538 structuras
2581 483 2881 547 :ediiicans,
2915 493 2969 537 et
3011 498 3107 551 pro
3153 483 3373 536 humili-

96 581 197 650 τῆς
220 579 505 651 ἀκριϐείας
529 578 863 648 χρυσοειδεῖς
893 577 1212 648 ὲνδομήσεις
1237 595 1249 608 ·
1287 579 1554 650 εὐχομένη
1592 578 1686 630 καὶ

98 671 237 742 ὑπὲρ
263 672 363 739 τῆς
388 667 774 731 ταπεινώσεως
801 667 982 738 ἡμῶν.

231 780 379 835 ΡΟΕ’
407 779 543 849 (67).
576 809 646 820 —
671 779 897 850 Εἰρήνῃ
926 780 1226 847 πατρικίᾳ.
1272 781 1462 853 [gl/1821

1797 585 1906 631 tate
1936 586 2120 631 nostra
2154 591 2340 629 orans.

2141 773 2400 830 CLXXV.
2436 805 2504 815 —
2540 772 2711 826 [reme
2739 772 3006 842 patricia.

1127 895 1190 944 Ut
1211 895 1269 943 ad
1294 894 1506 944 officium
1537 899 1590 943 et
1615 893 1848 942 virtutem
1874 890 2103 940 maritum
2129 889 2338 940 excitet.

173 981 393 1053 Ἐπειδὴ
424 982 877 1053 προσηγόρευσας
899 983 1048 1054 ἡμᾶς
1068 983 1196 1045 τοὺς
1220 985 1536 1047 ταπεινοὺς,
1562 997 1674 1034 ’κυ-

92 1077 205 1145 ρία,
241 1075 329 1130 διὰ
353 1075 447 1129 τοῦ
507 1075 940 1144 αἰδεσιμωτάτου
975 1076 1352 1146 πρεσϐυτέρου
1381 1092 1394 1106 ·
1447 1075 1676 1146 ἀμειϐό-

91 1171 236 1240 μεθα
275 1169 374 1239 τὴν
397 1168 769 1239 προσηγορίαν
799 1169 1146 1238 γράμμασιν,
1170 1169 1560 1239 ἀποδεχόμενοί
1582 1186 1674 1222 σου

85 1259 189 1329 τὴν
244 1257 418 1328 καλὴν
446 1257 630 1310 πίστιν
658 1260 754 1311 καὶ
783 1260 880 1328 τὴν
907 1259 1119 1328 θερμὴν
1165 1260 1492 1329 πεποίθησιν
1522 1277 1536 1291 ·
1587 1261 1679 1328 ὲγ-

87 1350 329 1414 νωκότες
386 1350 638 1404 ἐντεῦθεν
660 1350 875 1421 ἀγαθήν
925 1367 984 1403 σε
1024 1347 1164 1404 εἶναι
1209 1353 1267 1404 ὲν
1298 1339 1552 1420 γυναιξὶ,
1591 1371 1682 1421 φι-

87 1443 275 1496 λόθεόν
306 1459 366 1494 τε
397 1443 492 1496 καὶ
541 1443 903 1513 φιλομόναχον
936 1459 951 1473 ·
1005 1445 1148 1499 ὥστε
1208 1445 1449 1515 ἁρμόσαι
1507 1446 1684 1498 ἐκεῖνο

88 1535 531 1604 ἐπιφθέγξασθαι
606 1533 668 1585 τὸ
712 1534 1029 1602 Γραφικόν·
1085 1534 1383 1600 Γυναικός
1451 1533 1684 1603 ἀγαθῆς

1855 979 2125 1044 Quoniam
2176 993 2271 1048 per
2301 979 2658 1034 reverendnm
2693 977 2842 1033 hunc
2876 976 3248 1048 presbyterum
3283 976 3380 1032 hu-

1785 1074 1943 1129 miles
1971 1089 2095 1138 nos,
2143 1074 2389 1137 domina,
2417 1074 2667 1129 salutastl
2695 1092 2710 1128 :
2735 1083 2977 1128 mutuam
3001 1073 3380 1127 salutationem

1789 1179 1883 1231 per
1927 1163 2136 1218 litteras
2163 1162 2538 1233 rependimus,
2580 1165 2853 1234 egregiam
2892 1165 3051 1218 tidem
3088 1173 3258 1225 tuam,
3287 1178 3381 1216 ar-

1787 1256 2113 1325 dentemque
2170 1257 2426 1311 tiduciam
2495 1258 2812 1327 probantes,
2848 1267 3014 1327 atque
3075 1257 3203 1313 hinc
3231 1272 3380 1327 egre-

1791 1348 1934 1418 giam
2004 1357 2057 1402 te
2117 1349 2258 1403 inter
2309 1349 2588 1414 mulieres,
2639 1349 2844 1420 Deique
2906 1359 2962 1403 et
2989 1351 3380 1404 monachorum

1791 1451 2063 1495 amantem
2096 1455 2218 1495 esse
2249 1451 2612 1510 agnoscentes
2635 1483 2649 1506 ,
2684 1451 2744 1496 ut
2798 1441 2930 1496 illud
2956 1439 3253 1510 Scriptura:
3289 1457 3383 1495 ac-

1791 1533 2029 1585 clamare
2080 1533 2373 1585 conveniat
2415 1549 2429 1585 :
2471 1532 2713 1586 Mulieris
2765 1533 2914 1588 bona:
2970 1535 3052 1587 vir
3088 1533 3271 1586 beatus
3303 1533 3380 1588 ⁸³.

81 1627 378 1696 μακάριος
422 1629 454 1679 d
483 1625 637 1693 ἀνήρ
661 1664 675 1678 .
723 1625 907 1695 Ὁρᾷς,
938 1619 984 1677 ὦ
1017 1624 1204 1695 κυρία,
1260 1625 1342 1677 ὅτι
1370 1623 1680 1694 μακαρίζε-

1794 1615 1980 1681 Vides,
2041 1621 2282 1684 domina,
2333 1620 2578 1676 bonitate
2623 1632 2714 1676 tua
2769 1624 2986 1678 beatum
3023 1640 3052 1678 a
3102 1624 3384 1694 Scriptura

86 1737 176 1771 ται
209 1722 276 1787 τῇ
311 1717 612 1788 ἁγαθότητί
645 1735 740 1771 σου
778 1719 884 1769 ὺπδ
916 1718 1014 1786 τῆς
1066 1716 1288 1786 Γραφῆς
1340 1716 1368 1767 ὁ
1411 1715 1600 1785 κύριος
1650 1715 1679 1766 ὁ

91 1809 413 1877 πατρίκιος,
443 1808 536 1861 κα)⁵
569 1806 847 1869 θέοσδοτός
880 1825 974 1859 σου
1002 1807 1255 1875 σύζυγος.
1318 1805 1527 1859 Οὐκοῦν
1581 1805 1681 1876 ζη-

85 1900 259 1954 λοῦσα
282 1899 529 1970 ζήλωσον
581 1899 663 1951 έτι
700 1899 1117 1970 μακαριώτερον
1162 1897 1326 1952 αὑτὸν
1356 1899 1681 1967 ἀπεργάσα-

89 1993 237 2047 σθαι.
269 1991 396 2055 Πῶς
430 1991 474 2043 δ’
504 1992 570 2044 ἂν
597 1987 708 2044 εἷεν
737 1990 934 2057 τοῦτο;
963 1993 1019 2043 ὲν
1052 1989 1130 2059 τῷ
1166 2006 1225 2043 σε
1283 1989 1363 2041 έτι
1411 1989 1681 2058 ἁγσθύνε-

88 2084 257 2139 σθαι·
313 2086 483 2155 ἡγουν
532 2084 1011 2154 ὑπομνηματίζειν
1057 2082 1260 2148 αὐτὸν,
1317 2082 1678 2152 παρακαλεῖν,

85 2178 436 2246 ὲκλιπαρεῖν,
473 2175 534 2228 τὸ
554 2175 656 2244 τῆς
685 2174 1018 2246 στρατηγίας
1049 2173 1255 2243 ὕψωμα
1295 2173 1502 2226 διέπειν
1562 2173 1681 2226 θεο-

88 2271 291 2339 φιλῶς,
338 2267 483 2323 καθά
531 2269 625 2321 καὶ
649 2268 865 2321 διέπει·
913 2266 1349 2320 ἐπισκέπτεσθαι
1411 2269 1683 2337 ὀρφανοὺς

84 2368 183 2418 καὶ
238 2366 420 2435 χήρας
473 2365 532 2416 ὲν
584 2365 651 2432 τῇ
710 2360 887 2428 θλίψει
927 2359 1147 2412 αὐτῶν·
1209 2359 1439 2412 ἄσπιλον
1489 2360 1682 2412 ἑαυτὸν

85 2460 280 2527 τηρεῖν
326 2455 434 2509 ἀπὸ
462 2454 678 2515 ἀδικίας
699 2468 712 2482 ⁸
747 2451 1110 2520 φιλομόναχόν
1144 2468 1204 2504 τε
1241 2447 1380 2504 εἶναι
1406 2451 1502 2503 καὶ
1532 2451 1682 2519 φιλό-

86 2563 354 2618 πτωχον·
441 2547 746 2617 ἡμερότητι
833 2544 1207 2614 κεκραμένον·
1268 2543 1566 2612 ἐπειδήπερ
1647 2543 1679 2610 ἡ

85 2642 313 2706 ἐξουσία
361 2639 498 2709 αὐτὴ
528 2636 771 2708 ἀρκοῦσά
814 2638 930 2688 ἐστι
995 2635 1344 2707 καταπλῆξαι
1393 2636 1524 2698 τοὺς
1577 2634 1684 2687 ὑπὸ

85 2736 248 2804 χεῖρα
275 2750 289 2764 ·
332 2733 429 2784 καὶ
460 2729 565 2800 μὴν
600 2728 929 2798 ἀνεχόμενον
983 2727 1218 2798 ἀπειλῆς
1254 2727 1351 2780 καὶ
1404 2727 1686 2780 παιδευτιη

86 2825 204 2890 κῶς
247 2824 357 2896 μὲν
399 2822 727 2891 πλήττοντα,
765 2819 1166 2890 φιλανθρώπως
1200 2819 1257 2872 δὲ
1286 2820 1382 2872 καὶ
1409 2837 1655 2891 μεμετρη

91 2919 278 2988 μένως
345 2912 680 2986 μαστίζοντα
706 2928 720 2943 ·
749 2912 983 2981 ἐπείπερ
1020 2911 1143 2965 οὔτε
1205 2911 1267 2964 τὸ
1298 2911 1497 2979 ἄφετον
1547 2930 1687 2966 παν-

88 3015 300 3066 τάπασι
337 3008 609 3078 σωτήριον
637 3024 652 3038 ο
702 3007 827 3060 οὕτε
883 3007 944 3060 τὸ
980 3006 1328 3077 ὑπέρμετρον
1385 3005 1686 3075 πληκτικὸν
1715 3002 1756 3056 C

88 3103 486 3159 εὐαπόδεκτον.
535 3100 646 3152 Καὶ
679 3100 848 3171 πρόγε
902 3099 1142 3161 πάντων,
1202 3098 1263 3149 τὺ
1303 3097 1446 3150 κατὰ
1499 3099 1684 3150 πίστιν

88 3195 406 3268 ὀρθόδοξον.
436 3189 498 3243 El
554 3190 662 3260 γὰρ
727 3189 823 3242 καὶ
871 3188 1010 3258 πρὸς
1060 3187 1121 3239 τὸ
1173 3186 1279 3252 ἔξω
1330 3189 1444 3240 ἐστι
1505 3187 1686 3254 λέγειν

90 3288 386 3342 ἀδυνατεῖν
412 3282 558 3336 κατὰ
590 3284 658 3336 τὰ
691 3282 978 3351 φθάσαντα
1001 3280 1160 3333 τοῦτο
1190 3281 1481 3348 φυλάττειν
1501 3296 1515 3308 ·
1549 3281 1687 3348 ὅπερ

91 3381 212 3434 οὐδὲ
225 3380 390 3433 τοῦτο
406 3376 610 3447 ἀρκοῦν
628 3377 706 3440 είς
721 3376 858 3428 Θεοῦ
877 3374 1194 3442 ἀπολογίαν·
1225 3391 1244 3424 t
1267 3376 1366 3443 τῆς
1383 3371 1490 3442 γὰρ
1517 3369 1686 3424 αὐτοῦ

92 3475 321 3544 ἀγάπης
345 3471 500 3526 οὐδὲν
527 3469 944 3543 προτιμότερον·
980 3487 998 3517 ιι
1051 3467 1169 3519 ἀλλ’
1214 3463 1307 3519 οὖν
1333 3481 1398 3534 γε
1430 3465 1572 3518 κατὰ
1598 3466 1688 3519 τὸν

96 3569 208 3622 ἔσω
269 3567 607 3636 ἄνθρωπον,
666 3562 892 3615 δυνατὸν
945 3559 1104 3612 τοῦτο
1145 3559 1685 3630 παραφυλάττεσθαι,

93 3664 191 3716 καὶ
241 3658 462 3716 πολλῶν
499 3657 720 3726 σωτῆρα
749 3651 1110 3725 χρηματίζειν
1158 3655 1321 3705 αὐτὸν
1373 3654 1465 3705 καὶ
1523 3670 1690 3723 μονα-

94 3757 242 3807 στῶν
305 3752 405 3806 καὶ
451 3748 674 3813 λαῖκῶν,
729 3748 822 3799 καὶ
869 3747 1146 3815 ἀρχόντων
1200 3746 1296 3798 καὶ
1346 3746 1685 3816 ἀρχομένων.

93 3848 285 3902 Ταῦτα
317 3845 379 3910 ἐξ
407 3844 629 3910 ἀγάπης
660 3839 1042 3910 πνευματικῆς
1073 3841 1173 3908 τῆς
1205 3839 1342 3909 πρὸς
1399 3839 1542 3907 ὑμᾶς
1601 3855 1687 3890 κι-

91 3940 375 4011 νούμενοι,
427 3934 858 4005 τεθαρῥήκαμεν
919 3931 1278 4002 ὑπομνῆσαι·
1339 3931 1543 3992 εἰδότες
1595 3931 1689 3983 καὶ

92 4029 538 4097 ἀνυπομνήστως
589 4025 809 4094 ἔχεσθαι
844 4025 990 4093 ὑμᾶς
1019 4021 1113 4074 τοῦ
1146 4021 1332 4075 καλοῦ.

274 4141 447 4206 POC."
475 4137 587 4209 (68)
613 4169 682 4178 —
713 4137 948 4205 Βρυένᾳ
977 4133 1310 4204 στρατηγῷ.
1350 4130 1517 4205 [ψμἏ]

1785 1713 2064 1782 ρι’ωᾱίοοῆ
2105 1715 2388 1768 dominum
2427 1715 2719 1785 patricium
2772 1715 3057 1786 coniugem
3095 1715 3191 1768 tibi
3223 1730 3251 1768 a
3275 1715 3386 1769 Deo

1783 1806 1992 1861 datum.
2033 1805 2218 1872 Quare
2269 1808 2418 1861 omni
2468 1808 2652 1862 studio
2681 1809 2951 1863 contende
2987 1818 3044 1862 ut
3073 1809 3227 1863 illum
3255 1810 3384 1863 bea-

1783 1900 1975 1955 tiorem
2038 1901 2218 1955 adhuc
2273 1901 2497 1956 efﬁcias.
2559 1901 2808 1967 Quonam
2891 1912 3071 1955 autem
3134 1910 3296 1972 pacto
3331 1902 3384 1955 id

1788 1993 1916 2047 ﬁet?
1943 1993 2000 2046 Si
2038 1994 2176 2048 bene
2234 1995 2311 2048 illi
2346 1995 2527 2049 facere
2553 2010 2751 2063 pergas
2783 2012 2798 2060 ;
2835 1995 2939 2049 hoc
2990 2003 3094 2059 est,
3127 1996 3171 2050 si
3229 1996 3384 2049 illum

1784 2085 2266 2150 eomtnonel'acias,
2301 2087 2560 2148 horteris,
2597 2102 2817 2151 exores,
2851 2097 2908 2141 ut
2935 2088 3189 2142 militaris
3247 2104 3389 2158 prm-

1784 2178 2013 2233 l'ecturae
2040 2180 2250 2249 apicem
2293 2193 2357 2232 ex
2391 2179 2480 2232 Dei
2515 2188 2649 2232 nutu
2677 2189 2848 2249 regat,
2877 2179 3021 2234 sicut
3077 2181 3256 2251 reipsa
3298 2195 3388 2234 re-

1785 2271 1896 2340 git;
1935 2279 1993 2324 ut
2021 2272 2396 2340 orphanorum
2424 2269 2831 2339 viduarumque
2868 2286 3064 2325 curam
3100 2272 3152 2325 in
3193 2287 3384 2326 eorum

1785 2363 2048 2418 aerumnis
2107 2370 2260 2432 gerat
2289 2377 2303 2426 ;
2339 2363 2605 2417 intactum
2631 2378 2691 2418 se
2722 2362 2792 2417 ab
2840 2362 3127 2431 iniquitate
3158 2378 3384 2418 conser-

1783 2465 1912 2524 vet;
1952 2458 2349 2512 monachorum
2391 2465 2604 2512 amator
2630 2458 2701 2512 sit
2728 2465 2784 2511 et
2811 2471 3147 2526 pauperum:
3180 2456 3377 2510 huma-

1785 2551 1956 2605 nitate
2000 2557 2339 2619 temperatus
2377 2567 2391 2614 ;
2433 2559 2676 2621 potestas
2704 2549 2977 2619 siquidem
3011 2552 3127 2621 ipsa
3184 2548 3388 2606 sullicit

1786 2653 1847 2698 ut
1875 2643 2109 2699 subditis
2139 2655 2404 2698 terrorem
2440 2643 2684 2712 inliciat;
2720 2651 2776 2698 et
2816 2644 2992 2698 minas
3024 2645 3211 2714 utique
3238 2657 3389 2714 sper-

1787 2750 1949 2801 nens,
1983 2743 2038 2789 et
2091 2734 2451 2790 correctionis
2504 2735 2724 2804 quidem
2784 2735 2956 2804 gratia
2991 2734 3258 2804 plectens,
3293 2733 3386 2789 sed

1789 2827 2029 2881 humane
2061 2834 2116 2880 et
2147 2826 2426 2879 moderate
2488 2825 2706 2879 caadens
2742 2842 2754 2876 :
2791 2827 2921 2893 quia
2982 2841 3084 2880 nec
3134 2823 3390 2878 salutaris

1790 2930 1874 2975 est
1912 2919 2207 2973 immodica
2245 2932 2643 2988 usquequaque
2682 2917 2961 2983 remissio,
2993 2925 3050 2972 et
3087 2931 3232 2989 azgre
3288 2917 3387 2972 ad-

1791 3013 2026 3069 mittitur
2055 3027 2176 3082 quas
2232 3011 2454 3066 modum
2486 3011 2703 3066 excedit
2735 3010 3025 3066 severitas.
3104 3009 3245 3064 Ante
3272 3023 3390 3064 om-

1793 3103 1884 3157 nia
1919 3119 2050 3157 vero
2075 3102 2194 3171 ejus
2230 3101 2364 3157 ﬁdes
2399 3102 2471 3155 sit
2499 3101 2824 3156 orthodoxa.
2857 3102 2996 3154 Nam
3030 3101 3133 3156 etsi
3159 3099 3391 3155 fortasse

1793 3192 1942 3246 dicat
1985 3207 2095 3246 non
2168 3206 2329 3261 posse
2357 3192 2423 3245 ad
2461 3205 2524 3245 ea
2554 3206 2677 3260 quat
2710 3191 3274 3256 praeesserunthanc
3307 3189 3391 3245 foe

1795 3285 1872 3338 ris
1905 3283 2111 3338 servari
2148 3301 2161 3336 :
2198 3283 2342 3352 quod
2367 3282 2549 3351 ipsum
2595 3293 2774 3337 tamen
2803 3298 2910 3337 non
2958 3282 3159 3338 sufﬁcit
3189 3293 3248 3337 ut
3279 3281 3391 3338 Deo

1797 3375 2028 3430 satisﬁat
2087 3374 2203 3444 (Dei
2256 3376 2400 3429 enim
2463 3376 2638 3428 amori
2737 3375 2882 3428 nihil
2951 3377 3389 3446 anteponendum

1794 3469 1942 3540 est),
1970 3477 2027 3524 at
2066 3479 2216 3525 certe
2269 3470 2572 3524 secundum
2602 3469 2921 3523 interiorem
2973 3470 3246 3523 hominem
3277 3486 3392 3525 ser-

1794 3563 1912 3618 vari
1968 3571 2185 3632 potest:
2221 3570 2280 3615 ut
2335 3561 2527 3615 salutis
2587 3570 2780 3614 auctor
2822 3561 3009 3614 multis
3057 3561 3129 3614 sit
3173 3561 3308 3630 ipse,
3339 3571 3392 3614 et

1797 3654 2086 3708 monachis
2118 3664 2171 3707 et
2207 3653 2380 3715 Iaicis,
2406 3663 2458 3706 et
2489 3653 2828 3724 principibus
2856 3662 2910 3706 et
2943 3651 3203 3708 subditis.
3266 3652 3395 3707 llaec

1799 3747 2067 3816 spirituali
2097 3761 2224 3817 erga
2253 3761 2349 3800 vos
2376 3747 2648 3801 eharitate
2683 3747 2915 3815 permoti
2950 3760 3244 3818 suggerere
3273 3748 3392 3800 ausi

1799 3855 1989 3894 sumus
2018 3857 2030 3892 :
2061 3854 2166 3892 non
2222 3840 2540 3908 ignorantes
2579 3841 2706 3895 boni
2732 3843 2978 3910 rectique
3009 3840 3211 3906 studio,
3229 3841 3391 3896 etiam

1798 3932 1917 3987 sine
1957 3933 2251 3996 monitore,
2308 3947 2406 3988 vos
2448 3934 2646 3988 teneri.

2161 4130 2441 4186 CLXXVI.
2474 4163 2545 4172 —
2572 4131 2792 4201 Bryena:
2816 4139 3070 4202 stratego.

1348 4248 1638 4299 Consolatur
1661 4245 1725 4295 de
1757 4245 1895 4295 obitu
1919 4246 2111 4296 matris.

176 4363 491 4435 ’Δνηγγέλη
531 4364 662 4432 ἡμῖν
694 4362 722 4413 ὁ
744 4359 974 4420 θάνατος
1016 4358 1116 4428 τῆς
1149 4357 1428 4426 μακαρίας
1481 4356 1686 4426 μητρὸς

1862 4355 2121 4411 Nuntiata
2156 4357 2316 4411 nobis
2342 4365 2427 4411 est
2456 4371 2606 4410 mors
2640 4357 2813 4412 beata!
2853 4358 3043 4409 matris
3082 4378 3096 4412 :
3133 4371 3188 4414 et
3216 4376 3392 4431 quan-

93 4463 192 4516 καὶ
242 4461 374 4513 ὅσον
407 4454 776 4523 ἐστενὰξαμεν
808 4453 863 4504 τί
898 4451 1003 4522 χρὴ
1032 4453 1126 4502 καὶ
1147 4452 1358 4539 λέγεισν;
1389 4451 1446 4502 οὐ
1477 4451 1566 4502 διὰ
1593 4449 1691 4518 τὴν

94 4554 259 4614 ὁσίως
286 4547 728 4618 κεκοιμημένην,
775 4546 977 4610 ἄπαγε’
1018 4543 1210 4612 κέρδος
1246 4543 1353 4612 γὰρ
1399 4543 1538 4610 αὐτῇ
1574 4541 1694 4606 έγέ-

95 4659 221 4697 νετο
255 4644 289 4711 ή
321 4639 676 4710 μετάστασις,
695 4636 945 4704 φυγούση
976 4633 1067 4686 τὸν
1091 4634 1552 4702 πολυαμὰρτητον
1581 4630 1694 4700 βίον

94 4734 290 4787 τοῦτον
329 4747 343 4761 ο
383 4730 501 4782 ἀλλ’
529 4727 838 4789 ἐννοοῦντες
879 4727 979 4795 τὴν
1011 4726 1110 4794 σὴν
1145 4724 1573 4790 καλοκαγαθίαν,
1624 4722 1694 4784 ὡς

96 4822 617 4898 ἀπορφανισθεῖσαν
639 4820 844 4883 τέλεον,
880 4821 972 4872 καὶ
1034 4817 1302 4887 μηδεμίαν
1357 4819 1414 4869 ἐν
1461 4815 1540 4886 τῷ
1595 4813 1695 4882 βίῳ

99 4917 471 4990 παραμυθίαν
505 4914 874 4984 κεκτημένην.
911 4913 1020 4966 Καὶ
1041 4911 1216 4964 ταῦτα
1249 4911 1307 4962 ὲν
1361 4909 1505 4962 οὕτω
1562 4926 1692 4961 σκυ-

100 5015 301 5085 θρωπῇ
369 5007 710 5061 καταστάσει
755 5007 1110 5076 ὑπάρχουσαν
1140 5020 1152 5033 ·
1207 5004 1302 5056 καὶ
1355 5003 1479 5055 ουδὲ
1528 5002 1698 5070 αὐτῆς

101 5107 201 5174 τῆς
235 5104 398 5165 ὁσίας
431 5100 658 5169 κηδείας
690 5098 1111 5151 ἁπολαύσασαν·
1165 5097 1192 5148 ὃ
1215 5097 1403 5166 φέρειν
1451 5089 1555 5145 οἶδε
1612 5111 1701 5162 μι-

103 5203 247 5270 κράν
305 5193 662 5266 παρηγορίαν
688 5211 701 5224 ·
745 5192 904 5261 λόγος
950 5192 1217 5260 ὲξιτήριος
1278 5190 1373 5241 καὶ
1416 5187 1702 5239 τελευταία

105 5293 287 5362 φωνὴ,
320 5286 672 5358 πρόσπτυξίς
695 5304 754 5337 τε
769 5287 951 5355 τιμίου
981 5284 1258 5351 λειψάνου,
1287 5283 1381 5336 καὶ
1410 5281 1580 5348 αὐτῆς
1606 5280 1705 5348 τῆς

108 5388 167 5436 ὲν
229 5378 275 5451 ᾧ
317 5381 679 5434 κατατίθεται
716 5379 888 5450 θήκης
918 5378 1266 5445 ἐπισκέψεως
1299 5392 1313 5406 ·
1374 5375 1469 5428 καὶ
1525 5374 1707 5434 ἔοικας

108 5478 171 5530 τὸ
201 5476 296 5530 τοῦ
320 5473 608 5526 Ταντάλου
639 5472 852 5543 παθεῖν)
887 5472 936 5524 εἰ
971 5470 1064 5524 καὶ
1100 5469 1469 5540 μυθικώτερον
1502 5466 1561 5519 τὸ
1591 5465 1712 5518 tri—-

188 5594 237 5628 ⁸³
271 5589 449 5646 Eccli.
486 5603 638 5651 xxvt,
671 5586 720 5639 ‘l.

1794 4457 1910 4502 tum
1960 4449 2412 4518 ingemuerimus,
2443 4450 2572 4518 quid
2625 4451 2820 4504 attinet
2847 4449 3034 4505 dicere
3062 4451 3086 4504 ἳ
3115 4469 3224 4508 non
3263 4469 3394 4523 pro-

1795 4553 1914 4611 pter
1944 4543 2091 4596 illam
2148 4558 2269 4612 quae
2299 4555 2489 4598 sancte
2543 4544 2901 4609 obdormivit,
2962 4544 3106 4599 absit
3137 4564 3151 4600 :
3185 4547 3394 4601 lucrmn

1797 4637 1943 4689 enim
2009 4635 2113 4705 ipsi
2171 4634 2294 4698 fuit,
2355 4636 2500 4706 quod
2564 4638 2752 4690 multis
2805 4637 3045 4706 peccatis
3102 4638 3395 4692 obnoxiam

1801 4731 1944 4783 hanc
1975 4732 2142 4782 vitam
2191 4729 2408 4783 evasit:
2443 4729 2536 4784 sed
2589 4745 2711 4782 cum
2747 4730 3114 4798 cogitaremus
3141 4734 3395 4785 eximiam

1797 4821 2122 4890 probitatem
2163 4832 2310 4874 tuam
2344 4821 2490 4874 velut
2523 4820 2772 4874 orbatam
2827 4835 2951 4874 esse
3009 4823 3245 4888 penitus,
3275 4837 3397 4874 om-

1798 4913 1964 4983 nique
1998 4914 2050 4966 in
2077 4914 2184 4966 vita
2222 4912 2424 4966 solatio
2449 4913 2766 4967 deStitutam
2806 4933 2819 4966 :
2860 4922 3024 4981 atque
3056 4914 3170 4967 hate
3196 4916 3250 4966 in
3288 4924 3395 4966 tam

1799 5005 1939 5058 tristi
2001 5020 2187 5057 rerum
2256 5014 2474 5056 tuarum
2543 5012 2829 5057 statu:et
2859 5004 3004 5073 quod
3078 5019 3177 5056 nec
3243 5004 3396 5072 justa

1807 5105 2010 5150 sancta:
2076 5097 2150 5149 illi
2209 5096 2524 5165 persolvere
2573 5112 2637 5149 ac
2693 5096 2860 5150 funus
2911 5111 3107 5148 curare
3158 5097 3395 5159 licuerit;

1810 5204 1930 5258 qua:
1981 5205 2071 5242 res
2107 5190 2343 5258 aliquam
2374 5188 2567 5242 aﬂ‘erre
2602 5188 2740 5243 solet
2769 5188 3197 5242 consolationem
3238 5202 3250 5237 :
3285 5201 3400 5238 mo-

1813 5279 2006 5334 rientis
2033 5281 2210 5333 oratio
2238 5291 2293 5333 et
2328 5292 2605 5348 postrema
2643 5295 2769 5342 vox,
2803 5280 3094 5333 chararum
3137 5276 3366 5344 reliquia

1815 5385 1938 5422 rum
1967 5371 2272 5437 amplexus,
2311 5370 2589 5438 ipsiusque
2621 5369 2674 5421 in
2730 5384 2838 5439 quo
2862 5368 3125 5437 deposita:
3158 5378 3286 5420 sunt
3318 5366 3400 5418 Ιο-

1819 5463 1928 5516 culi
1999 5463 2724 5531 conspectuszviderisque
2781 5461 2911 5516 mihi
2975 5461 3211 5529 idipsum
3286 5457 3398 5528 pati

1663 5687 1893 5744 ΝΟΤᾸΞ.

193 5831 310 5901 (G7)
341 5827 400 5882 In
429 5823 553 5886 cod,
589 5820 718 5891 Reg.
762 5823 886 5888 ροζ’.

494 5924 762 5983 mmet.
812 5926 922 5981 Gn.
965 5921 1189 5981 XCIX.

1893 5810 2003 5882 (08)
2034 5810 2088 5863 In
2125 5809 2246 5866 COtl.
2288 5811 2417 5880 Reg.
2459 5810 2592 5880 prnf.

3011 5903 3084 5973 #9
