3976 6322
596 361 730 426 1547

1795 360 1855 418 S.
1897 353 2290 417 THEODOBI
2325 354 2676 416 STUDIT/E

3815 363 3920 425 1ῑμιξ

587 478 732 544 quod
762 474 1024 530 Tantalus
1053 478 1172 547 (etsi
1222 476 1526 531 fabulosior
1556 483 1637 529 est
1689 474 1805 529 lucc
1835 487 2179 528 commemo-

2290 469 2526 538 φθεγμα,
2559 470 2618 522 ὲν
2637 470 2834 540 μέσαις
2867 473 3072 539 πηγαῖς
3111 471 3262 541 δίψει
3312 474 3694 544 τηκόμενος,
3729 479 3904 541 axoni,-

587 566 749 638 ratio)
780 569 831 621 in
871 570 1068 622 mediis
1090 568 1335 624 fontibus
1366 569 1455 623 siti
1486 567 1769 622 confectus
1802 583 1815 618 :
1847 581 1970 620 cum
1998 575 2052 618 tu
2082 579 2181 616 au-

587 660 743 714 ribus
796 670 1028 725 tantum,
1054 671 1109 715 et
1157 677 1265 715 non
1301 662 1497 726 oculis,
1531 659 1724 714 matris
1757 659 1966 712 obitum
2025 672 2178 710 acce-

585 757 754 824 peris.
808 752 951 819 Quid
1006 769 1138 825 ergo
1167 754 1218 808 in
1268 753 1439 808 istis?
1478 755 1557 810 Au
1597 759 1957 820 praeterquam
2018 750 2178 803 decet

585 844 1064 916 ingemiscemus‘l
1118 860 1188 898 an
1239 843 1640 914 inexplebiliter
1693 839 1986 895 flebimus?
2023 838 2180 893 ell‘re-

585 949 714 991 nate
739 938 1257 992 stomachabimur?
1291 938 1357 991 Et
1389 937 1480 990 ubi
1510 935 1788 990 scientia?
1827 935 1918 988 ubi
1964 934 2179 1002 sapien-

588 1032 704 1085 tia?
738 1032 831 1086 ubi
890 1029 1456 1100 prudentia?quibus
1523 1029 1781 1083 nobilitas
1837 1038 1928 1081 tua
1982 1033 2177 1079 ornata

587 1135 691 1188 est,
719 1133 773 1178 et
809 1125 1028 1193 quidem
1077 1139 1239 1193 supra
1270 1124 1472 1177 multos
1503 1138 1693 1176 eorum
1742 1120 1834 1192 qui
1891 1121 2177 1190 magistra-

586 1225 702 1270 tum
739 1231 884 1269 nuuc
913 1225 1129 1283 gerunt.
1165 1215 1554 1284 Nequaquam,
1580 1228 1613 1268 0
1636 1212 2037 1277 amantissime,
2076 1227 2175 1265 ne-

587 1322 864 1378 quaquam
895 1325 908 1360 :
937 1307 1030 1362 sed
1057 1308 1146 1361 ubi
1194 1309 1470 1361 moderate
1501 1306 1836 1377 ingemueris
1871 1314 1925 1358 et
1951 1305 2177 1373 planxe-

586 1400 688 1466 ris,
717 1408 982 1468 quantum
1015 1399 1271 1455 videlicet
1308 1401 1443 1454 satis
1463 1409 1516 1454 ut
1553 1398 1816 1453 maternis
1849 1397 2175 1452 funebribus

586 1489 906 1562 defungare,
947 1501 998 1546 et
1049 1492 1194 1561 quod
1253 1500 1463 1546 naturae
1491 1500 1575 1546 est
1625 1490 1956 1560 patefacias;
1989 1491 2178 1544 redea-

587 1597 712 1636 mus
766 1582 963 1636 iterum
999 1582 1064 1637 ad
1097 1598 1219 1645 nos,
1248 1586 1294 1637 si
1321 1582 1517 1652 placet,
1555 1582 1886 1650 sublimique
1935 1590 2177 1635 content-

2283 1575 2408 1646 τῇδε

2295 559 2512 626 μόναις,
2560 561 2676 612 ἀλλ’
2706 562 2806 612 οὺχ
2842 562 3144 631 ὀφθαλμοῖς
3175 565 3488 618 ὑπολαϐὼν
3535 567 3653 637 τὴν
3684 570 3796 635 τῆς
3842 591 3918 638 μγ-

2288 653 2417 722 τρδς
2449 653 2728 724 κοίμησιν.
2763 654 2830 706 Τί
2864 654 2958 707 οὖν
2983 657 3041 707 ὲν
3088 655 3350 723 τούτοις;
3403 661 3788 729 στενάξομεν
3839 667 3918 729 5;:

2291 746 2439 815 πέρα
2468 745 2561 798 τοῦ
2592 747 2802 809 δέοντος
2830 764 2845 812 ;
2880 747 3378 818 δακρυρροήσομεν
3411 749 3755 820 ἄπληστας
3815 755 3918 806 ἁττ-

2287 836 2704 908 δυσπετήσομεν
2744 838 3036 907 ἁκράτητα
3065 855 3080 901 ;
3112 840 3223 891 Καὶ
3257 840 3369 892 ποῦ
3420 843 3455 909 ἡ
3496 842 3739 908 γνῶσις
3769 863 3783 906 ;

2287 930 2320 998 ὴ
2353 929 2513 997 σοφία
2543 944 2558 992 ;
2589 928 2693 979 ποῦ
2720 929 2753 998 ἡ
2789 928 3045 993 σύνεσις;
3079 922 3159 992 οἷς
3190 931 3626 1002 κατεκοσμήθη
3673 951 3778 984 σου
3805 936 3921 1002 nais

2296 1022 2506 1088 γένεια,
2553 1021 2646 1073 καί
2672 1038 2734 1089 γε
2767 1022 2908 1088 ὑπὲρ
2941 1021 3171 1085 πολλοὺς
3207 1023 3316 1074 τῶν
3345 1023 3452 1076 νῦν
3486 1026 3823 1095 ὁρωμένων

2287 1113 2455 1166 τέλει.
2493 1113 2778 1185 Μηδαμῶς
2802 1109 2918 1178 οὖν,
2972 1109 3376 1185 ὦὲπιπόθητε,
3441 1118 3758 1188 μηδαμῶς
3811 1120 3914 1170 die}:

2287 1202 2552 1268 στενάξας
2601 1204 2695 1256 καὶ
2726 1203 2973 1268 κλαύσας
3025 1208 3286 1275 μετρίως,
3339 1207 3476 1259 ὅσον
3523 1212 3639 1262 καὶ
3699 1210 3775 1262 τὰ
3834 1230 3914 1280 μ’-

2286 1297 2452 1368 τρικὲ
2506 1297 2797 1367 ὲπικήδεια
2844 1297 3278 1366 ἀφοσιώσασθαι,
3306 1301 3407 1353 καὶ
3435 1301 3506 1353 τὸ
3545 1303 3662 1372 τῆς
3721 1304 3913 1370 φύσεις

2286 1389 2696 1453 ἐπιδείξασθαι·
2728 1392 2812 1452 είς
2863 1391 3093 1454 ἑαυτοὺς
3162 1393 3349 1458 πάλιν,
3396 1396 3449 1445 εἰ
3500 1393 3734 1463 βούλει,
3766 1395 3912 1463 γενεί-

2287 1482 2431 1552 μεθα
2465 1523 2480 1547 ,
2565 1483 2662 1536 καὶ
2739 1483 3118 1554 διαῦλέψωμεν
3197 1485 3474 1555 μετεώρῳ
3559 1488 3787 1560 θεωρίᾳ
3860 1507 3911 1538 :1

2448 1593 2461 1606 '
2497 1576 2572 1639 ὡς
2619 1578 2773 1647 ὄναρ,
2829 1578 2926 1630 καὶ
2968 1577 3131 1639 σκιὰ,
3198 1578 3292 1630 καὶ
3339 1579 3406 1629 τὸ
3448 1579 3561 1632 ἐπὶ
3634 1583 3752 1650 γῆς
3807 1581 3910 1632 τσῦ-

587 1675 830 1745 platione
884 1692 1006 1746 quae
1068 1677 1157 1731 hic
1202 1688 1332 1731 sunt
1385 1677 1755 1742 despiciamus
1790 1693 1803 1729 :
1840 1691 1964 1730 cum
2026 1690 2177 1728 som-

2290 1684 2341 1718 το
2405 1669 2699 1736 παίγνιον,
2759 1669 2836 1732 ὥς
2899 1670 3003 1722 πού
3060 1670 3192 1739 φησί
3261 1688 3344 1732 τις
3405 1671 3528 1722 τῶν
3599 1672 3900 1740 eeo-Mysus.

587 1768 764 1832 nium,
823 1776 877 1822 et
944 1769 1164 1830 umbra,
1203 1778 1258 1823 et
1309 1769 1472 1824 ludus
1502 1769 1575 1823 sit
1606 1768 1876 1838 quidquid
1934 1769 1989 1821 in
2031 1776 2176 1821 terra

586 1868 692 1922 est,
761 1861 907 1916 sicut
961 1859 1368 1930 Theologorum
1428 1861 1654 1930 quidam
1710 1860 1789 1914 ait
1833 1877 1846 1912 :
1891 1860 2038 1914 nasci
2089 1875 2184 1914 eos

588 1954 682 2022 qui
724 1967 834 2007 non
886 1961 1035 2019 sunt,
1069 1963 1124 2007 et
1162 1962 1318 2007 natos
1349 1953 1593 2006 interire.
1649 1949 1784 2006 Nam
1823 1961 1879 2006 et
1905 1966 2006 2005 nos
2040 1951 2181 2004 viam

587 2045 838 2100 eamdem
868 2045 1262 2116 ingrediemur,
1292 2061 1458 2114 quam
1492 2054 1680 2115 patres
1711 2045 1887 2100 nostri
1919 2055 2048 2099 ante
2079 2060 2183 2099 nos

589 2144 884 2191 tenuerunt
930 2152 943 2189 :
981 2135 1234 2204 idemque
1261 2149 1452 2189 omnes
1489 2149 1556 2189 ex
1585 2149 1744 2196 aequo
1778 2143 2060 2203 exspectat
2092 2132 2180 2186 di-

589 2228 898 2283 versorium
925 2243 940 2292 ;
983 2226 1172 2282 forsan
1200 2237 1378 2281 autem
1410 2235 1465 2279 et
1490 2227 1638 2280 aliud
1668 2226 1774 2280 alio
1827 2226 2131 2280 luctuosius
2165 2241 2178 2290 ;

593 2321 856 2389 quoniam
885 2318 972 2372 hic
1012 2317 1065 2370 iu
1094 2332 1222 2385 pace
1259 2317 1507 2386 sepultus
1541 2326 1626 2371 est
1653 2316 1905 2380 fortasse,
1939 2317 2027 2370 hic
2054 2333 2183 2371 vero

594 2429 701 2467 non
739 2413 888 2478 item,
917 2420 1014 2466 aut
1047 2410 1194 2464 enim
1226 2409 1354 2464 belli
1379 2409 1678 2463 ludibrium
1713 2408 1837 2472 fuit;
1868 2418 1963 2462 aut
2016 2411 2184 2464 maris

589 2505 846 2560 ﬂuctibus
902 2507 1196 2572 absorptus
1248 2512 1353 2568 est,
1390 2511 1487 2556 aut
1541 2503 1652 2556 alio
1711 2503 1966 2571 quopiam
1999 2502 2182 2563 modo,

591 2598 788 2668 quales
814 2598 1001 2652 videre
1031 2605 1115 2651 est
1167 2595 1516 2651 diversorum
1545 2611 1806 2667 generum
1840 2595 2184 2649 miserandas

594 2697 806 2745 mortes
856 2690 1193 2759 repentinas.
1235 2687 1452 2755 Quibus
1485 2689 1738 2758 superior
1781 2688 1994 2743 exstitit
2026 2687 2184 2741 beata

594 2787 792 2844 mater,
828 2795 949 2849 qua:
971 2778 1024 2832 iu
1057 2779 1368 2843 sanctitate,
1404 2787 1458 2833 et
1490 2793 1710 2833 crucem
1759 2789 2008 2848 gestante
2045 2780 2180 2842 vita,

597 2873 724 2926 hinc
756 2872 1026 2942 migravit.
1057 2871 1349 2947 Reliquum
1397 2885 1529 2941 ergo
1569 2879 1652 2926 est
1702 2879 1765 2925 ut
1811 2872 1866 2925 in
1901 2871 1987 2927 bis
2039 2872 2184 2926 cele-

597 2963 752 3017 brem
783 2963 929 3016 illam
963 2962 1104 3017 beati
1130 2960 1234 3018 Job
1259 2976 1449 3016 vocem
1502 2977 1834 3030 usurpemus
1870 2980 1884 3015 :
1925 2962 2181 3016 Dominus

2287 1760 2389 1811 οὐκ
2427 1760 2590 1823 ὕντας
2630 1762 2935 1828 γενέσθαι,
3001 1763 3096 1814 καὶ
3145 1763 3484 1831 γενομένους
3544 1765 3904 1834 ἀναλυθῆνιι.

2290 1852 2403 1904 Καὶ
2455 1853 2566 1922 γὰρ
2621 1853 2720 1922 τὴν
2773 1854 2945 1924 αὐτὴν
2980 1855 3098 1907 ὁδὸν
3147 1856 3240 1907 καὶ
3272 1859 3438 1924 ἡμεῖς
3494 1860 3906 1928 πορευσόμεθα,

2287 1944 2468 2014 ¹ῐίλνττερ
2494 1946 2542 1996 οἱ
2582 1946 2826 2014 Πατέρες
2857 1946 3018 2015 ἡμῶν
3054 1948 3476 2018 προωδεὺκασιο
3519 1953 3624 2001 καὶ
3687 1952 3752 2002 τὸ
3787 1954 3903 2002 αὐτὶ

2288 2038 2462 2090 πᾶσιν
2495 2037 2554 2100 ἐξ
2591 2037 2709 2088 ἴσου
2739 2037 3003 2106 ἀναμένει
3033 2027 3356 2109 κατάλυμα*
3389 2043 3540 2109 τάχα
3574 2043 3636 2095 δὲ
3676 2048 3774 2095 καί
3821 2048 3900 2098 .51-

2239 2135 2250 2144 '
2288 2130 2383 2184 λου
2459 2130 2588 2184 ἄλλο
2615 2130 3105 2201 τραγῳδικώτερον
3128 2149 3143 2162 ο
3182 2133 3262 2184 ὃτι
3285 2133 3376 2185 τοῦ
3412 2135 3518 2203 μὲν
3553 2138 3615 2186 ὲν
3648 2140 3848 2207 εἰρήνῃ
3877 2141 3898 2204 ἦ

2285 2224 2432 2294 ταφὴ
2465 2225 2649 2293 τυχὸν,
2687 2223 2782 2276 τοῦ
2815 2224 2872 2276 δὲ
2903 2225 3002 2293 οὑχ
3025 2223 3217 2286 οὕτως.
3256 2226 3324 2276 Ἢ
3356 2226 3469 2294 γὰρ
3509 2228 3774 2297 πολέμου
3813 2249 3900 2280 :1-

2287 2317 2589 2388 ρανάλωμα
2619 2320 2843 2386 γέγονεν
2872 2336 2888 2350 ο
2951 2320 2984 2389 ἢ
3045 2320 3322 2390 Θαλάσσης
3382 2323 3785 2393 ὑπορῤὀςςημα
3814 2343 3826 2354 ·
3873 2329 3896 2392 ἦ

2289 2430 2408 2474 πως
2455 2413 2654 2477 ἄλλως,
2701 2413 2776 2473 ὡς
2828 2415 3021 2481 ὁρᾶται
3051 2414 3119 2466 τὰ
3169 2414 3347 2476 ἄλλοις
3400 2417 3644 2480 τρόποις
3705 2418 3896 2470 ὲὶεετη

2285 2503 2394 2556 τῶν
2426 2503 2693 2571 ἐξαπίνης
2727 2504 2978 2556 θανάτων
3018 2520 3026 2527 ·
3059 2497 3191 2574 ὧνὴ
3234 2508 3486 2574 μακαρία
3529 2510 3728 2578 μήτηρ
3764 2511 3892 2560 ἀνω-

2286 2595 2441 2665 τέρα,
2481 2597 2539 2647 ἐν
2571 2595 2810 2667 ὁσιότητι
2838 2597 2933 2649 καὶ
2961 2598 3318 2667 σταυροφόρῳ
3352 2597 3455 2667 βίῳ
3489 2602 3771 2670 ἀπάρασα
3795 2603 3892 2652 1:7».-

2287 2684 2518 2738 ἐνθένδε.
2552 2686 2888 2756 Λειπόμενον
2918 2682 3010 2739 οὖν
3045 2687 3190 2739 ἔστιν
3221 2691 3276 2740 ὲν
3292 2689 3508 2751 τούτοις
3529 2693 3721 2744 εἰπεῖν
3753 2695 3888 2763 ἡμᾶς

2286 2773 2385 2843 τὴν
2412 2774 2654 2843 ἀοίδιμον
2693 2775 2908 2845 ἐκείνην
2974 2775 3069 2828 τοῦ
3136 2778 3410 2847 μακαρίου
3484 2780 3614 2832 ’1ὼὸ
3675 2787 3889 2852 φωνήν·

2301 2864 2354 2916 Ὀ
2385 2865 2601 2930 Κύριος
2643 2864 2890 2928 ἔδωκεν,
2925 2869 2958 2919 ό
3016 2867 3231 2933 Κύριος
3297 2869 3634 2935 ἀφείλετοο
3693 2874 3776 2938 ὡς
3827 2872 3892 2934 τῷ

2288 2957 2483 3024 Κυρίῳ
2539 2955 2784 3019 ἔδωκεν,
2811 2957 3000 3023 οὕτως
3033 2959 3132 3011 καὶ
3171 2959 3431 3026 ἐγένετο.
3480 2962 3806 3033 Προσθείην
3855 2965 3891 3015 ε’

594 3055 763 3118 dedit,
819 3054 1078 3108 Dominus
1109 3054 1328 3108 abstulit
1358 3069 1377 3106 :
1413 3055 1554 3107 sicut
1603 3053 1832 3108 Domino
1859 3045 2083 3123 placuit,
2106 3061 2182 3110 ita

2290 3041 2356 3093 ἂν
2383 3039 2687 3108 λυσιτελεῖν
2719 3043 2866 3112 ἡμᾶς
2907 3043 3005 3111 τὴν
3046 3046 3228 3114 φωνὴν
3270 3048 3503 3118 ταύτην,
3549 3053 3652 3103 καὶ
3714 3055 3773 3105 ὲν
3823 3048 3890 3105 oi:

596 3151 800 3218 factum
827 3157 903 3202 est
937 3147 1002 3203 “.
1038 3147 1270 3209 Addam,
1308 3148 1494 3202 utilem
1533 3148 1691 3203 nobis
1724 3148 1840 3204 fore
1900 3149 2038 3204 hanc
2094 3167 2188 3206 vo-

596 3257 717 3296 cem
757 3242 812 3296 in
848 3240 1051 3311 quibus
1083 3239 1468 3296 conflictamur
1544 3257 1725 3295 rerum
1776 3242 2188 3299 diflicultatibus

595 3345 651 3388 et
707 3335 972 3404 angustiis
1033 3333 1476 3403 quandoquidem
1513 3334 1811 3404 praeclarus
1846 3335 1936 3389 ille
1974 3338 2077 3402 vir,
2126 3346 2186 3391 ut

599 3427 768 3489 nosti,
799 3428 941 3482 inter
990 3427 1310 3483 innumeras
1354 3442 1650 3492 aerumnas,
1680 3429 1976 3498 gratiarum
2014 3431 2188 3484 actio-

599 3534 698 3573 nes
731 3516 841 3571 Deo
881 3517 1138 3571 reddebat
1171 3537 1184 3572 :
1228 3535 1296 3572 ne
1331 3518 1493 3588 igitur
1526 3518 1770 3570 animum
1819 3519 2184 3582 remittamus,

601 3613 961 3678 amicissime,
1015 3629 1115 3668 nec
1153 3614 1277 3667 vitae
1333 3613 1496 3668 taedio
1561 3613 1863 3668 aﬂiciamur
1896 3632 1910 3668 :
1949 3615 2188 3669 scientes

603 3721 716 3760 nou
768 3707 1163 3775 permissurum
1221 3705 1537 3769 Dominum,
1594 3713 1653 3758 ut
1699 3713 1973 3758 tentemur
2022 3719 2189 3775 supra

601 3813 767 3866 quam
799 3812 1098 3866 possumus
1165 3798 1439 3851 sustinere
1462 3796 1527 3852 ⁸⁸.
1586 3795 1722 3862 Quis
1748 3797 1850 3850 scit
1873 3799 2004 3866 quid
2039 3797 2189 3866 pari-

601 3901 726 3945 tura
755 3890 826 3945 sit
846 3891 1085 3945 crastiua
1109 3890 1228 3946 dies
1249 3890 1332 3944 “?
1360 3889 1425 3943 Et
1451 3907 1464 3944 :
1491 3889 1624 3955 Quis
1653 3890 1991 3943 annuntiahit
2020 3888 2190 3943 Abra-

602 3983 750 4048 ham,
788 3985 921 4055 quia
956 3983 1122 4037 lactat
1162 3982 1330 4037 Sarra
1360 3983 1404 4014 ⁸⁷
1432 3984 1454 4037 τ
1495 3981 1842 4052 Symbolicus
1873 3992 1957 4038 est
1984 3998 2184 4038 sermo.

604 4073 840 4132 Oramus
863 4076 1044 4145 itaque
1077 4074 1366 4130 Dominum
1406 4074 1580 4143 ipsum
1605 4073 1814 4143 gloriae,
1833 4086 1894 4127 ut
1916 4089 2011 4130 cor
2032 4085 2186 4129 tuum

603 4178 855 4238 tangens,
895 4167 1076 4220 lumen
1124 4167 1178 4219 in
1224 4181 1290 4221 eo
1318 4166 1584 4236 producat
1623 4165 2017 4221 consolationis
2052 4183 2189 4221 nun-

601 4275 766 4329 quam
795 4258 1099 4315 deflcientis
1131 4274 1144 4312 :
1185 4268 1247 4312 ut
1272 4259 1328 4312 in
1359 4258 1534 4328 teipso
1588 4259 1796 4314 habens
1827 4274 1938 4329 quo
1969 4269 2021 4314 te
2054 4275 2186 4314 con-

601 4353 818 4417 soleris,
871 4352 1097 4407 alterius
1162 4366 1296 4407 voce
1349 4367 1457 4406 non
1500 4366 1683 4421 egeas.
1726 4350 1976 4409 Vidimus
2023 4369 2185 4422 porro

2291 3133 2458 3202 ἐσμεν
2488 3132 2788 3197 θλιπτικῶς
2820 3136 2912 3187 καὶ
2938 3136 3372 3206 ὲξαπορητικῶς.
3429 3141 3592 3194 Ἐπεὶ
3641 3149 3891 3205 κάκεῖνα

2290 3228 2317 3278 ὁ
2364 3218 2738 3296 ἀοίδιμος,’ὠς
2763 3222 2945 3294 οἶσθα,
2973 3230 3065 3281 ἐπὶ
3100 3232 3320 3300 μυρίοις
3354 3217 3640 3298 ἀλγεινοῖς
3683 3238 3754 3291 τά
3809 3241 3888 3290 εὖ·

2289 3319 2624 3386 χαριστήρια
2654 3316 2732 3387 τῷ
2758 3313 2878 3388 Θεῷ
2912 3319 3188 3374 ἀπεδίδου.
3248 3325 3338 3393 Μὴ
3394 3324 3590 3378 τοίνυν
3633 3329 3890 3399 ῥᾳθυμή-

2291 3423 2496 3474 σωμεν,
2532 3403 2576 3460 ὦ
2605 3408 2851 3476 φίλτατε,
2888 3411 3026 3477 μηδὲ
3062 3410 3495 3484 ὲξαπορὴσωμεν
3527 3420 3628 3470 καὶ
3665 3421 3763 3473 τοῦ
3795 3419 3886 3489 ζῇν

2291 3497 2495 3560 εἰδότες
2550 3500 2630 3551 ὅτι
2687 3501 2788 3555 οὐκ
2837 3502 2989 3554 ἐάσει
3027 3503 3174 3571 ἡμᾶς
3244 3505 3450 3574 Κύριος
3516 3511 3888 3581 πειρασθῆναι

2293 3593 2809 3665 ὑπὲρόδυκάμεθα.
2851 3597 2946 3658 Τίς
2974 3592 3086 3649 οἶδε
3143 3596 3198 3650 τί
3258 3599 3475 3663 τέξεται
3535 3604 3572 3672 ἡ
3620 3606 3881 3664 ἐπιοῦσι,

2291 3686 2386 3737 καὶ
2423 3686 2518 3751 Τίς
2547 3687 2874 3756 ἀναγγελεῖ
2908 3688 3188 3755 Ἀϐραὰμ,
3221 3687 3309 3740 ὅτι
3354 3691 3562 3758 Σὰρῤα
3607 3697 3882 3762 θη.ιάζει;

2293 3777 2622 3846 συμϐολικὺς
2649 3781 2676 3831 ὁ
2705 3779 2883 3848 λόγος.
2919 3777 3209 3851 Εὺχὸμεθα
3240 3775 3332 3833 οὖν
3353 3782 3521 3835 αὑτὸν
3552 3785 3650 3838 τὸν
3686 3789 3882 3858 Κύριον

2289 3869 2391 3935 τῆς
2416 3868 2574 3939 δόξης
2600 3909 2615 3933 ,
2648 3871 3000 3940 ὲφαῲάμενόν
3031 3889 3126 3924 σου
3164 3871 3262 3941 τῆς
3321 3875 3581 3943 καρδίας,
3647 3882 3879 3950 ἐμποιῆ-

2292 3975 2381 4010 σαι
2410 3959 2525 4026 φῶς
2553 3963 2611 4012 ἐν
2637 3961 2770 4031 αὐτῇ
2821 3961 3064 4031 ἀλήκτου
3121 3963 3500 4034 παραμυθίας,
3563 3967 3643 4029 ὼς
3677 3973 3747 4022 ἂν
3806 3973 3876 4023 σί-

2291 4050 2450 4103 κοθεν
2486 4047 2714 4122 ἔχουσαν
2748 4054 2847 4117 τὰς
2873 4055 3129 4126 ἀφορμὰς
3165 4057 3262 4127 τῆς
3287 4056 3723 4127 παρακλήσεως,
3758 4066 3879 4132 iii-.51:

2288 4142 2496 4195 δεῖσθαι
2537 4147 2721 4214 φωνῆς
2750 4146 2964 4217 ἐτέρας.
2998 4147 3231 4219 Εἷδομεν
3267 4149 3322 4201 δὲ
3377 4148 3473 4200 καὶ
3528 4152 3627 4202 τὸν
3665 4155 3874 4222 ἀγαπη-

2288 4235 2380 4288 τὸν
2439 4234 2667 4304 ἀδελφὸν
2702 4237 2858 4306 ἡμῶν
2885 4239 2978 4291 καὶ
3022 4240 3392 4311 πνευματικὸν
3449 4241 3601 4307 υἱέα,
3649 4246 3742 4296 τὸν
3790 4249 3872 4299 κὺ-

2292 4344 2408 4398 ριον
2449 4326 2725 4397 Ἰωάννην,
2761 4329 2852 4381 τὸν
2895 4332 3170 4402 ὁμαίμονα
3216 4337 3316 4405 τῆς
3353 4334 3704 4406 ὑψηλότητός
3768 4357 3867 4404 seu,

602 4398 818 4417 ww.-.
871 4398 1097 4407 ...--..--
1174 4398 1295 4407 η--
1349 4398 1457 4406 -.νη
1503 4398 1683 4421 νυν-.
1747 4398 1976 4409 ..-..-.-..
2025 4398 2182 4422 rw...

602 4447 861 4505 dilectum
906 4446 1070 4501 etiam
1100 4444 1323 4500 fratrem
1357 4454 1628 4511 nostrum,
1659 4453 1712 4499 et
1735 4446 2074 4515 spiritualem
2127 4448 2182 4502 fi-

2291 4414 2732 4484 ἐπισκεψαμενον
2768 4398 3089 4487 ἡμᾶς-,τοίδς
3113 4398 3504 4492 (ἀμαρτωλοθς
3536 4398 3692 4479 κᾷτά
3717 4428 3774 4480 τὸ
3799 4398 3868 4479 si;

601 4536 760 4600 lium,
789 4536 1074 4591 dominum
1106 4533 1400 4599 Joannem,
1441 4536 1914 4606 consanguineum
1958 4539 2184 4594 celsitu-

600 4628 747 4684 dinis
775 4639 880 4682 tuae
907 4644 922 4693 ;
953 4629 1048 4699 qui
1078 4642 1179 4683 nos
1215 4639 1533 4698 peccatores
1562 4634 1872 4697 opportune
1898 4630 2178 4699 visitavit;

601 4731 760 4785 quem
813 4723 868 4769 et
918 4716 1108 4785 paucis
1159 4716 1344 4771 verbis
1402 4717 1671 4771 consolati
1703 4732 1896 4774 sumus
1930 4721 1997 4774 de
2026 4721 2180 4774 obitu

603 4809 795 4863 matris
832 4828 846 4862 :
879 4817 935 4863 et
980 4807 1223 4864 fraterna
1257 4809 1688 4878 conspiratione,
1724 4825 1832 4865 uua
1866 4812 2078 4882 egimus
2113 4815 2181 4870 de

601 4901 818 4971 pietatis
840 4900 1008 4956 etiam
1041 4909 1149 4956 tua
1178 4902 1578 4958 consolatione.

811 5012 1117 5070 CLXXVII.
1149 5044 1219 5055 —
1252 5014 1612 5086 Euphrosynaz
1638 5019 1955 5085 prapositae.

2289 4508 2384 4571 κός
2417 4524 2431 4539 ο
2467 4507 2526 4560 ὃν
2552 4509 2645 4560 καὶ
2675 4510 3190 4582 παρεμυθησάμεθα
3259 4512 3486 4584 βραχέσι
3550 4517 3736 4584 λόγοις
3790 4519 3866 4570 διὰ

2284 4600 2346 4652 τὸ
2372 4599 2637 4670 μητρικὸν
2667 4601 2837 4664 πάθος
2873 4619 2884 4631 ·
2928 4603 3024 4655 καὶ
3086 4607 3669 4678 συμπαρεκαλέσαμεν
3715 4612 3866 4665 οἴσειν

2284 4695 2348 4762 τῇ
2381 4693 2641 4763 ἁδελφικῇ
2697 4694 3037 4749 συνδιαθέσει
3091 4695 3163 4750 τὰ
3212 4699 3353 4752 κατὰ
3403 4701 3505 4771 τὴν
3563 4702 3863 4758 θεοσέϐειαν

2291 4800 2403 4836 σου.

2358 5027 2502 5078 POZ'
2535 5023 2668 5092 (69).
2698 5053 2770 5064 —
2795 5025 3160 5094 Εὐφροσύνιι
3193 5027 3526 5099 ἡγουμένηο
3565 5031 3768 5108 [vui-1

1130 5130 1242 5193 Ejus
1283 5128 1398 5179 vita:
1424 5131 1757 5191 sanctitatem,
1783 5144 1841 5180 ac
1867 5134 2152 5194 praeclaram
2176 5139 2466 5190 monasterii
2493 5138 2969 5190 administrationem
3001 5142 3332 5194 commendat.

678 5217 834 5271 Nunc
861 5217 1023 5270 etiam
1080 5232 1175 5286 per
1204 5218 1413 5272 litteras
1462 5217 1753 5272 invisimus
1819 5223 2179 5278 reverentiam

606 5323 778 5376 tuam,
819 5313 962 5367 Scire
1003 5323 1224 5367 aventes
1258 5329 1423 5382 quam
1452 5323 1770 5369 constanter
1805 5315 1858 5369 iu
1890 5317 1997 5374 vita
2027 5321 2181 5389 spiri-

607 5407 737 5461 tuali
774 5406 875 5461 rite
917 5405 1134 5461 ferenda
1189 5422 1516 5477 perseveres.
1558 5409 1772 5463 Etenim
1811 5420 1871 5464 ut
1921 5412 2022 5467 hoc
2055 5430 2182 5484 aga-

676 5582 722 5612 °‘
747 5582 851 5639 Job
890 5599 930 5647 ι,
957 5584 1049 5636 21.

2362 5228 2471 5281 Καὶ
2506 5227 2600 5278 ἐπὶ
2647 5226 2743 5278 τοῦ
2802 5228 3071 5298 παρόντος
3122 5229 3582 5299 ἐπισκεπτόμεθὰ
3636 5251 3727 5287 σου
3779 5237 3858 5303 τὴν

2287 5319 2581 5389 τιμιότητα
2629 5319 2718 5370 διὰ
2775 5317 2868 5370 τοῦ
2913 5319 3269 5389 γράμματος,
3326 5323 3645 5394 γλιχόμενοι
3692 5328 3858 5397 μαθεῖν

2285 5412 2434 5475 ὅπως
2466 5410 2633 5478 ὑγιῶς
2676 5410 2883 5464 διατελια
2913 5428 2942 5481 η
2977 5411 3212 5483 φέρουσα
3246 5413 3475 5485 εὐαγῶς
3510 5417 3610 5490 τὴν
3639 5438 3857 5494 πνευμα-

2846 5537 2875 5553 θ

1144 5584 1188 5616 ⁸⁸
1225 5583 1242 5635 l
1281 5585 1408 5642 Cor.
1440 5604 1495 5655 κ,
1528 5589 1614 5642 t5.
1688 5589 1733 5621 ³⁸
1764 5589 1879 5645 Jac.
1917 5607 1988 5656 tr,
2028 5591 2113 5645 M.
2189 5591 2233 5622 ⁸⁷
2263 5589 2399 5645 Gen.
2433 5607 2546 5658 xxi,
2573 5589 2733 5646 7sec.
2767 5589 2856 5644 LX

2111 5712 2356 5783 NOTE.

679 5836 791 5910 (69)
826 5836 880 5890 In
903 5836 1025 5901 cod,
1060 5835 1190 5906 ueg.
1229 5836 1355 5909 ροθ’.
