3976 6322
95 397 212 458 1549

1260 391 1798 453 EPISTOLARUM
1854 392 2004 452 LIB.
2043 391 2125 449 II.

3181 391 3314 455 1550

85 506 226 576 τικὴν
245 501 405 574 ζωήν.
442 501 554 556 Καὶ
581 503 689 575 γὰρ
724 501 885 572 ἔργον
919 503 1050 574 ἡμῖν
1079 500 1428 573 ὀφειλόμενον
1476 499 1636 554 τοῦτο

1755 513 1886 564 nus,
1915 498 2075 556 oilicii
2105 507 2190 554 est
2219 498 2392 554 nostri
2423 518 2436 553 :
2464 509 2736 570 quatenus
2769 510 2826 556 tu
2872 503 3100 572 teipsam
3138 502 3316 556 humi-

89 599 244 651 ποιεῖν
266 613 278 626 ·
308 594 559 666 καθάπερ
583 595 678 648 καὶ
713 593 856 665 αῦτη
883 593 1383 664 προσανατέθεικας
1439 592 1639 664 ἑαυτὴν

88 692 145 760 τῇ
174 685 488 744 ταπεινώσει
515 686 691 757 ήμῶν,
727 686 824 738 ἀπ’
854 684 1025 753 αὐτῆς
1065 686 1165 755 τῆς
1197 684 1472 756 μακαρίας
1532 701 1637 753 μη-

85 777 200 848 τρός
228 794 315 830 σου
346 792 359 807 ·
394 770 462 846 ἧς
495 775 555 828 τὸ
589 775 930 846 μνημόσυνον
956 776 1015 827 ὲν
1047 774 1214 845 βίῦλῳ
1269 773 1512 839 ζώντων·
1541 790 1637 826 κα·

85 867 182 930 λῶς
210 865 498 937 βιωσάσης,
531 865 622 918 καὶ
652 863 980 941 χαρακτῆρα
1011 864 1292 928 εὐσεϐείας
1325 864 1416 917 τὸν
1441 863 1641 932 έαυτῆς

85 959 188 1030 βίον
217 957 632 1028 καταλιπούσης,
667 957 729 1010 ού
767 955 932 1027 μόνον
961 973 1041 1010 σοι
1075 959 1143 1027 τῇ
1184 958 1307 1028 ἱερᾷ
1359 955 1455 1010 καὶ
1517 954 1638 1010 0&6-

82 1066 249 1122 φρονι,
281 1050 397 1112 ταῖς
428 1065 483 1102 τε
522 1049 626 1101 ὑπὸ
653 1049 831 1118 χεῖρα,
890 1045 1026 1100 ἀλλά
1073 1047 1168 1100 καὶ
1225 1048 1391 1100 πᾶσιν
1439 1046 1640 1114 ἄλλοις,

80 1136 155 1204 οἷς
183 1142 292 1194 ἐστι
322 1140 487 1204 πόθος
515 1140 710 1210 ζηλοῦν
741 1143 808 1192 τά
854 1139 1014 1193 καλά.
1048 1139 1122 1192 Τὸ
1159 1139 1290 1207 γοῦν
1338 1140 1642 1210 ὑπόδειγμα

80 1235 172 1302 τῆς
199 1234 392 1304 ἀρετῆς
420 1233 689 1304 μητρόθεν
721 1232 938 1303 ἔχουσα,
973 1231 1208 1303 πρόσθες
1231 1232 1328 1286 καὶ
1376 1233 1447 1285 τά
1500 1233 1643 1287 κατὰ

81 1326 269 1389 σαυτὴν
291 1325 392 1388 ἔτι,
419 1325 605 1396 κυρία,
628 1323 1074 1395 παρακαλοῦμεν·
1100 1325 1158 1393 ἐξ
1182 1325 1389 1388 εἰκόνος
1413 1324 1643 1396 ἀρίστης

81 1415 233 1469 εἰκὼν
254 1417 512 1487 γινομένη
535 1416 632 1470 καλ⁵
664 1418 804 1490 αὐτὴ
828 1417 1013 1471 ἐνθέου
1045 1416 1161 1487 βίου
1190 1420 1304 1480 τοῖς
1334 1415 1504 1487 ὁρῶσί
1557 1433 1636 1481 σε,

79 1505 257 1578 ὥσπερ
311 1511 406 1561 καὶ¹
429 1507 624 1576 γίνοιο.
693 1509 802 1562 Καὶ
827 1509 938 1580 γὰρ
966 1507 1238 1579 ἀκούομεν
1291 1509 1370 1562 ἔτι
1416 1509 1509 1563 καὶ
1562 1508 1642 1562 ἔτι

79 1600 143 1652 τὰ
202 1599 338 1654 καλά
396 1616 456 1652 σε
487 1601 833 1671 πράττουσαν
864 1621 880 1634 ·
927 1599 1086 1654 τοῦτο
1111 1603 1209 1672 μὲν
1243 1604 1303 1656 ὲν
1363 1604 1430 1673 τῇ
1464 1600 1643 1672 καθη-

79 1691 229 1760 γήσει
257 1690 363 1744 τῶν
396 1691 663 1762 ἀδελφῶν,
704 1694 802 1764 μιᾷ
839 1691 984 1763 ψυχῇ
1012 1693 1374 1763 ἀγαπητικῶς
1405 1694 1505 1757 τὰς
1546 1693 1645 1747 πά-

80 1799 172 1845 σας
192 1782 536 1854 συνέχουσαν,
555 1785 937 1856 γρηγοροῦσαν
965 1786 1033 1836 τὰ
1056 1785 1191 1856 πρὸς
1210 1785 1363 1852 Θεὸν,
1393 1787 1451 1838 ὲν
1477 1802 1645 1856 προσ-

80 1877 277 1944 ευχαῖς,
311 1879 368 1929 ἐν
401 1875 762 1946 ψαλμῳδίαις,
816 1878 872 1930 ὲν
937 1876 1275 1944 ἀναγνώσεσι
1309 1895 1325 1911 ο

79 1967 168 2017 καὶ
199 1967 254 2018 ἐν
287 1966 599 2039 φιλαδέλφῳ
663 1967 940 2039 ξενοδοχίᾳ
989 1968 1344 2040 πολυτρόπως
1398 1972 1650 2042 διαμερι-

79 2056 304 2129 ζομένην
349 2062 470 2123 ταῖς
512 2060 828 2130 φροντίσεσί
856 2079 916 2114 τε
949 2063 1044 2116 καὶ
1068 2063 1341 2116 ὲπιδόσεσι
1368 2081 1381 2094 ·
1415 2064 1507 2118 καὶ
1539 2059 1649 2119 οἷόν

74 2165 155 2212 τις
177 2151 452 2223 ὀφθαλμὸς
477 2155 534 2206 έν
567 2151 801 2222 σώματι,
825 2151 983 2207 τοῦτο
1031 2156 1090 2208 έν
1116 2157 1181 2225 τῇ
1217 2153 1525 2220 Βυζαντίδι,
1574 2157 1650 2222 ὼς

76 2242 339 2306 κατανοῶ,
370 2243 431 2296 τὸ
454 2243 545 2297 σὸν
566 2246 930 2317 μοναστήριον
949 2262 964 2278 ·
988 2245 1056 2300 δι’
1089 2240 1150 2301 οῦ
1182 2246 1465 2312 δοξάζεται
1493 2249 1648 2315 Θεὸς,

75 2333 165 2386 καὶ
197 2334 382 2404 ἥδεται
437 2336 694 2407 ἀρρήτως
743 2337 1064 2408 ὴμακαρία
1123 2340 1306 2410 μήτηρ
1340 2355 1357 2371 ο
1419 2341 1649 2408 ἐπείπερ

74 2422 331 2490 ἠξίωνται
364 2426 417 2479 οἱ
455 2427 601 2493 ἀγιοι
628 2426 849 2496 βλέπειν
905 2429 1014 2483 τῶν
1069 2431 1217 2499 σφῶν
1271 2429 1529 2499 μαθητῶν
1583 2432 1651 2484 τά

74 2515 498 2587 κατορθώματα.
530 2517 760 2588 Χαίροις
812 2518 926 2582 οῦν,
958 2520 1136 2590 ἀγαθὴ
1189 2519 1498 2584 διδάσκαλε,
1559 2521 1652 2573 καὶ

77 2604 255 2674 μήτηρ
279 2607 646 2677 γνησιεύουσα
665 2609 773 2662 τῶν
801 2610 942 2663 κατά
971 2611 1104 2663 Θεὸν
1134 2611 1343 2664 τέκνων
1368 2629 1381 2640 ·
1414 2611 1512 2665 καὶ
1545 2611 1641 2666 ἀλ-

74 2693 151 2748 λοι
189 2696 288 2765 μὲν
321 2699 601 2768 ἐχέτωσαν
631 2701 790 2768 δόξας
818 2702 1013 2772 γηῖνας
1072 2703 1170 2755 καὶ
1235 2702 1649 2774 λαμπρότητας,

74 2785 381 2858 διαδήματά
439 2807 500 2843 τε
543 2791 638 2844 καὶ
689 2790 1094 2862 στεφανώματα
1150 2792 1505 2864 πρόσκαιρα·
1569 2793 1653 2846 σοὶ

74 2880 126 2933 δὲ
185 2885 411 2956 ἀρκέσει
434 2887 464 2940 6
495 2887 728 2958 σταυρὸς
753 2887 1014 2958 Χριστοῦ,
1041 2889 1070 2941 6
1099 2886 1394 2959 θεόληπτος
1429 2889 1562 2960 βίος,
1624 2892 1653 2943 6

74 2978 497 3049 χριστοπόθητος
523 2979 832 3050 παρθενών,
874 2981 923 3033 εί
952 2981 1008 3034 δὲ
1041 2981 1244 3052 βούλει,
1267 2983 1335 3036 τὰ
1362 2982 1501 3053 ὑπὲρ
1523 3000 1654 3053 χρυ-

74 3066 182 3119 σίον
205 3070 300 3122 καὶ
332 3069 508 3125 λίθον·
533 3071 720 3142 τίμιον
748 3071 1160 3146 τιμαλφέστερα
1185 3057 1341 3143 λόγια
1362 3076 1456 3127 τοῦ
1473 3073 1608 3126 Θεοῦ
1634 3089 1649 3104 ·

75 3157 135 3209 τὸ
160 3160 318 3226 φαιὸν
350 3164 588 3234 ἱμάτιον,
621 3165 655 3235 ἡ
693 3164 1053 3234 ἀκολούθησις
1079 3166 1172 3220 τοῦ
1221 3166 1460 3238 Χριστοῦ
1488 3182 1501 3195 ·
1534 3166 1650 3221 ἆτι·

1741 591 1881 648 litati
1908 602 2112 650 nostrae
2138 593 2463 648 commisisti
2521 603 2646 664 post
2666 594 2875 649 obitum
2902 595 3077 650 beatae
3129 599 3321 651 matris

1738 695 1846 739 tute
1872 703 1886 751 ;
1913 685 2074 754 cujus
2100 683 2362 740 memoria
2387 684 2443 739 in
2472 686 2770 740 viventium
2804 685 2949 740 libro
2973 696 3077 749 est,
3111 695 3171 740 ιιι
3200 701 3324 758 quae

1740 789 1935 833 sancte
1971 779 2146 833 vixit:
2172 779 2497 849 pietatisque
2527 777 2784 845 formam,
2816 795 2974 836 suam
3013 780 3188 850 ipsius
3239 782 3324 833 vi-

1742 879 1849 924 tam
1888 871 2128 942 reliquit,
2158 887 2269 926 non
2318 871 2496 938 solum
2525 870 2642 935 tibi,
2691 887 2814 941 quae
2847 887 3003 927 sacra
3034 888 3115 936 es,
3144 883 3198 927 et
3238 872 3327 927 di-

1741 965 1868 1018 vina
1921 965 2089 1034 sapis,
2139 975 2194 1019 ct
2230 964 2298 1019 iis
2336 979 2460 1034 qua:
2504 965 2606 1019 sub
2637 980 2803 1020 manu
2834 975 2924 1020 tua
2965 974 3096 1020 sunt
3122 965 3328 1021 sorori-

1740 1055 1867 1120 bus,
1921 1058 2014 1111 sed
2045 1056 2169 1111 aliis
2223 1057 2387 1110 etiam
2444 1055 2723 1122 omnibus,
2747 1058 2841 1127 qui
2876 1066 3025 1112 recta
3078 1056 3326 1113 azmulari

1741 1149 2070 1204 desiderant.
2113 1148 2247 1204 Cum
2304 1165 2434 1221 ergo
2475 1149 2691 1205 virtutis
2739 1151 3049 1220 exemplum
3088 1166 3119 1204 ιι
3154 1162 3329 1205 matre

1742 1240 1967 1304 habeas,
1997 1241 2172 1311 adjiee
2217 1241 2443 1312 insuper
2470 1259 2592 1312 quae
2619 1254 2709 1297 tua
2746 1254 2897 1309 sunt,
2931 1242 3177 1308 domina,
3223 1242 3327 1298 ob-

1742 1345 2008 1391 testamur
2041 1376 2056 1400 ,
2095 1345 2151 1390 ut
2195 1351 2261 1391 ex
2299 1336 2506 1404 optima
2543 1337 2777 1407 imagine
2804 1336 2987 1408 imago
3018 1347 3072 1392 et
3107 1337 3224 1408 ipsa
3253 1336 3334 1392 di-

1743 1428 1886 1482 vina:
1942 1427 2066 1482 vitae
2117 1430 2198 1484 sis
2232 1429 2603 1496 intuentibus,
2639 1429 3106 1500 quemadmodum
3142 1445 3331 1485 revera

1745 1519 1930 1574 futura
1961 1535 2039 1575 es.
2076 1521 2254 1576 Audio
2296 1523 2442 1577 enim
2468 1523 2632 1577 etiam
2658 1531 2824 1592 atque
2861 1522 3026 1576 etiam
3066 1521 3331 1593 praeclara

1744 1628 1871 1681 quae
1898 1613 2068 1684 geris,
2091 1617 2291 1683 partim
2312 1615 2456 1668 circa
2489 1614 2876 1684 praefecturam
2907 1631 3182 1682 sororum,
3205 1631 3332 1671 cun-

1745 1717 1863 1762 ctas
1893 1707 1946 1761 in
1972 1708 2156 1762 anima
2178 1723 2284 1761 una
2303 1723 2400 1777 per
2417 1707 2740 1764 charitatem
2763 1717 3075 1773 continens,
3101 1708 3338 1780 vigilans

1746 1803 1805 1853 in
1859 1799 1928 1854 iis
1968 1815 2091 1868 quae
2146 1800 2213 1853 ad
2244 1797 2414 1854 Deum
2468 1809 2736 1869 spectant,
2781 1800 2836 1855 in
2880 1800 3246 1862 orationibus,
3279 1802 3332 1853 in

1384 1879 1540 1932 τοῦτο
1585 1879 1641 1933 δὲ
1676 1879 1719 1934 Β
1750 1887 2096 1959 psalmodiis,
2121 1888 2176 1941 in
2203 1887 2534 1943 lectionibus
2571 1909 2583 1944 :
2621 1890 2822 1959 partim
2853 1901 2908 1944 ct
2947 1889 3003 1943 in
3030 1890 3210 1944 amica
3233 1889 3332 1945 ho-

1750 1978 1952 2046 spitum
1989 1991 2244 2031 sororum
2278 1976 2614 2046 receptione,
2647 1976 2894 2031 animum
2937 1979 2994 2030 in
3022 1991 3187 2031 curas
3229 1975 3334 2034 lar-

1750 2068 2095 2139 gitionesque
2133 2067 2380 2123 dividens
2411 2088 2424 2123 :
2457 2068 2714 2138 quodque
2768 2069 2963 2124 oculus
3001 2080 3085 2123 est
3123 2068 3177 2122 in
3207 2082 3352 2122 σοι-ι

1750 2175 1905 2230 pore,
1937 2159 2040 2214 hoe
2065 2159 2119 2214 in
2149 2159 2452 2231 Byzantina
2476 2161 2634 2225 urbe,
2669 2171 2732 2216 ut
2761 2161 3027 2230 intelligo,
3060 2168 3338 2214 monime-

1751 2253 1897 2306 rium
1961 2262 2115 2306 tuum
2164 2253 2375 2322 :cujus
2440 2253 2611 2323 gratia
2669 2253 3004 2324 glorificatur
3077 2250 3242 2316 Deus,
3283 2260 3337 2305 et

1750 2344 1911 2399 beata
1963 2353 2138 2398 mater
2191 2344 2405 2400 laetatur
2443 2361 2604 2415 supra
2631 2361 2794 2415 quam
2822 2345 2930 2399 dici
2970 2352 3151 2415 potest
3183 2361 3198 2398 :
3228 2344 3335 2398 hoc

1751 2436 1896 2491 enim
1935 2435 2118 2490 meriti
2171 2443 2299 2490 sunt
2343 2437 2545 2502 sancti,
2575 2445 2633 2490 ut
2672 2434 3068 2506 discipulorum
3105 2449 3332 2490 suorum

1750 2537 1900 2582 recte
1947 2527 2088 2580 facta
2140 2525 2378 2581 videant.
2416 2526 2605 2582 Gaude
2645 2527 2831 2596 igitur,
2862 2526 3001 2580 bona
3051 2523 3332 2594 magistra,

1751 2629 1806 2673 et
1859 2635 1986 2673 vera
2022 2628 2197 2674 mater
2247 2620 2548 2674 secundum
2598 2618 2808 2673 Deum:
2841 2618 3058 2687 sibique
3101 2617 3339 2672 habeant

1752 2711 1844 2765 alii
1870 2713 2167 2781 dignitates
2226 2721 2475 2767 terrenas
2518 2720 2573 2765 et
2605 2711 2907 2773 claritates,
2942 2709 3251 2763 diademata
3284 2719 3338 2762 et

1753 2801 1934 2856 brevis
1965 2803 2227 2871 temporis
2252 2817 2526 2868 coronas;
2567 2802 2665 2853 tibi
2711 2818 2840 2856 vero
2888 2802 3025 2856 satis
3054 2800 3159 2856 erit
3199 2813 3336 2855 crint

1752 2890 1977 2953 Christi,
2005 2892 2114 2944 vita
2147 2890 2258 2944 Deo
2299 2902 2541 2961 accepta,
2568 2891 2788 2945 Christo
2829 2892 2995 2945 chara
3059 2892 3335 2961 virginum

1752 2985 1970 3051 domus,
2006 3000 2092 3051 ac,
2125 2987 2170 3041 si
2199 2987 2361 3040 modo
2406 2988 2512 3053 vis,
2535 2985 2914 3040 desiderabilia
2949 3001 3112 3056 super
3142 3001 3338 3040 aurum

1751 3085 1807 3130 et
1857 3075 2090 3146 lapidem
2124 3076 2450 3145 pretiosum,
2499 3075 2717 3145 eloquia
2783 3075 2921 3128 Dei:
2954 3074 3100 3144 pulla
3146 3074 3336 3137 vestis,

1753 3168 2088 3224 consectatio
2137 3168 2337 3222 Christi
2371 3185 2387 3223 :
2423 3184 2545 3237 qua:
2597 3168 2818 3236 quidem
2874 3168 3104 3221 terrenis
3159 3169 3342 3221 omni-

74 3249 134 3303 νά
164 3225 281 3306 ἐστι
312 3225 488 3325 μείζω
522 3225 742 3311 πάντων
766 3257 874 3312 τῶν
921 3225 1202 3328 ἐπιγείων,
1243 3225 1339 3314 καὶ
1392 3259 1646 3332 ἀρραοω-

1755 3260 1859 3316 bus
1893 3260 2057 3315 bonis
2099 3259 2312 3329 potiora
2344 3225 2496 3324 sun't,
2528 3267 2581 3313 et
2607 3259 2833 3329 pignora
2867 3262 3019 3329 regni
3070 3258 3336 3322 celestis.

74 3344 300 3414 νίσματα
342 3349 444 3420 τῆς
471 3349 749 3418 βασιλείας
769 3350 878 3403 τῶν
909 3351 1175 3419 οὐρανῶν.
1197 3396 1210 3404 .

135 3436 226 3508 Μή
255 3454 339 3492 σοι
369 3438 558 3494 λοιπόν
579 3458 711 3495 ποτε
741 3443 976 3515 νυστάεῃ
996 3443 1055 3496 τὸ
1082 3444 1236 3514 ὃμμα
1261 3444 1360 3514 τῆς
1391 3443 1652 3509 διανοίας,

74 3530 208 3600 μηδὲ
242 3533 276 3602 ή
323 3532 466 3603 ἀκοὴ
510 3533 609 3604 τῆς
638 3533 865 3604 καρδίας
894 3536 1275 3607 ἀνακουστίισῃ
1297 3552 1310 3566 ·
1345 3536 1481 3606 μηδὲ
1520 3533 1654 3605 λήξῃ

74 3621 159 3672 σού
192 3639 324 3675 ποτε
367 3625 396 3676 6
419 3623 563 3686 θεῖος
593 3622 734 3694 ἔρως
767 3641 781 3654 ο
842 3625 982 3678 ἀλλά
1006 3627 1113 3700 γὰρ
1165 3627 1259 3680 καὶ
1315 3627 1656 3697 προσθήκαις

74 3709 276 3779 ἀρετῶν
310 3713 400 3767 ἀεὶ
448 3713 735 3780 έπαύξαιο,
769 3714 1041 3770 νύσσουσα
1095 3719 1191 3771 καὶ
1245 3717 1657 3770 κατανύσσουσα

74 3800 161 3871 τὴν
185 3804 388 3876 ψυχὴν,
424 3807 520 3860 καὶ
545 3805 736 3877 ὥσπερ
762 3807 826 3861 ἔκ
851 3826 998 3873 τινος
1015 3809 1201 3880 πηγῆς
1236 3809 1543 3880 προχέουσα
1565 3809 1651 3863 δά-

74 3908 252 3961 κρυον.
291 3897 478 3950 Καλὸν
515 3899 623 3969 γάρ
648 3899 793 3952 ἐστιν
826 3901 907 3954 ὅτι
943 3899 1180 3969 μάλιστα
1206 3897 1268 3952 τὸ
1309 3899 1454 3970 ὕδωρ
1477 3898 1655 3951 τοῦτο·

74 3984 321 4057 καθαίρει
350 3988 558 4060 ψυχὴν,
591 3990 703 4044 ἔσθ’
730 3992 818 4044 ὅτε
856 3991 1208 4064 ρυπουμένην
1235 3994 1292 4044 ὲν
1348 3991 1655 4062 λογισμῦῖς⁶

74 4074 322 4131 σϐέννυσι
361 4080 480 4149 πῦρ
529 4080 590 4144 ἐξ
619 4083 950 4151 ἀπροσεξίας
983 4082 1359 4155 ἀναπτόμενον
1392 4084 1496 4136 ὑπὸ
1521 4084 1659 4154 ἕρω·

74 4182 152 4229 τος
183 4169 392 4239 σαρκός
412 4187 427 4201 ·
466 4169 792 4236 κατευνάζει
820 4175 1108 4246 ταραχώδη
1145 4175 1386 4229 διάθεσιν
1416 4176 1509 4228 καὶ
1534 4176 1661 4230 δυσ-

74 4257 262 4325 μνοῦς
295 4260 615 4333 προσϐολῆς
639 4281 652 4296 ·
696 4263 936 4333 κάμπτει
955 4267 1032 4336 τῷ
1059 4267 1172 4320 ὄντι
1199 4267 1332 4320 Θεὸν
1374 4269 1454 4329 εὶς
1490 4267 1658 4320 ἔλεον·

74 4352 158 4403 καὶ
193 4353 383 4423 ἵστησι
414 4354 584 4406 πάλιν
638 4357 731 4408 ἐπὶ
761 4356 862 4426 τῆς
897 4362 1169 4432 προτέρας
1196 4362 1546 4432 γνησιότητος
1573 4361 1664 4414 τὸν

74 4444 327 4516 ἐραστήν.
367 4445 526 4516 Σοφὴ
562 4441 720 4512 οὖσα,
751 4451 859 4502 νόει
892 4449 928 4504 ἃ
957 4449 1121 4519 λέγω.
1176 4442 1374 4504 Δίδωσι
1430 4452 1534 4521 γάρ
1583 4467 1664 4503 σοι

1827 3437 2092 3491 Caeterum
2141 3451 2425 3505 nunquam
2461 3435 2556 3488 tibi
2585 3435 2848 3490 dormitet
2887 3437 3083 3492 oculus
3117 3438 3337 3503 mentis,

1757 3544 1934 3597 neque
1984 3531 2134 3583 auris
2189 3530 2372 3583 cordis
2423 3529 2802 3595 obsurdescat,
2859 3545 3038 3600 neque
3097 3547 3337 3599 unquam

1759 3630 1936 3675 cesset
1983 3621 2202 3675 divinus
2235 3635 2390 3675 amor
2421 3631 2546 3676 tuus
2581 3637 2598 3686 ;
2637 3624 2732 3676 sed
2785 3622 3135 3678 incrementis
3167 3623 3342 3677 virtu-

1759 3722 1876 3768 tum
1941 3728 2159 3783 semper
2214 3713 2492 3783 augearis,
2549 3729 2801 3785 pungens
2861 3723 2917 3769 et
2969 3714 3359 3786 compungens'

1759 3809 2019 3874 animam,
2057 3816 2112 3862 et
2160 3815 2423 3875 tanquam
2463 3821 2531 3860 ex
2583 3805 2731 3861 fonte
2782 3807 3020 3876 quodam
3071 3808 3344 3879 laerymas

1759 3900 2065 3955 eﬂ‘undens.
2125 3899 2358 3954 Pulchra
2410 3900 2557 3952 enim
2591 3915 2674 3953 εει
2729 3914 2893 3968 quam
2940 3898 3178 3953 maxime
3228 3897 3345 3952 bare

1761 4007 1923 4060 aqua,
1971 4001 2026 4043 et
2067 3991 2306 4044 animam
2357 3988 2778 4058 cogitationibus
2811 3988 3082 4043 interdum
3116 3986 3346 4043 sorden-

1761 4096 1868 4139 tem
1892 4084 2025 4136 eluit
2055 4099 2070 4146 ;
2108 4084 2284 4151 ignem
2322 4083 2643 4152 exstinguit,
2672 4083 2765 4152 qui
2795 4097 2858 4136 ex
2889 4081 3216 4151 negligentia
3247 4096 3347 4150 per

1762 4176 1947 4230 carnis
1993 4189 2236 4228 amorem
2273 4174 2625 4240 accenditur;
2660 4175 2813 4229 sedat
2845 4173 3213 4228 turbulentam
3256 4170 3346 4229 af-

1767 4264 2056 4318 fectionem
2111 4265 2180 4317 ab
2235 4263 2393 4317 hoste
2473 4263 2730 4333 injectam
2776 4281 2790 4317 :
2836 4263 3066 4318 inﬂectit
3117 4278 3347 4332 prorsus

1765 4355 1931 4410 Deum
1961 4356 2029 4410 ad
2068 4356 2541 4413 misericordiam:
2578 4366 2632 4410 et
2661 4358 2717 4413 in
2765 4357 3002 4427 pristina
3033 4357 3348 4412 sinceritate

1764 4463 1958 4503 rursus
1986 4447 2286 4502 constituet
2316 4458 2639 4503 amatorem.
2685 4449 2918 4518 Sapiens
2979 4464 3102 4503 cum
3129 4450 3228 4514 sis,
3259 4450 3346 4504 in-

74 4533 268 4604 Κύριος
318 4538 510 4608 χάριν,
561 4539 655 4590 καὶ
694 4538 885 4594 δώσειέ
924 4559 1009 4594 σοι
1066 4543 1169 4604 ἔτι,
1215 4546 1293 4605 είς
1314 4545 1376 4596 τὸ
1419 4545 1652 4614 στέργειι

1769 4542 1948 4612 telligc
1975 4541 2119 4610 quod
2153 4541 2297 4595 dico.
2345 4541 2444 4595 Dat
2469 4543 2615 4596 enim
2671 4543 2766 4596 tibi
2797 4540 3061 4598 Dominus
3091 4544 3344 4613 gratiam,

74 4631 225 4684 ιύτὸν
299 4634 399 4687 καὶ
476 4634 954 4706 ἀντιστέργεσθαι,
1033 4641 1221 4692 ποθεῖν
1278 4641 1370 4692 καὶ
1422 4641 1656 4693 ἀντιπο-

74 4720 316 4777 θεῖσθαι·
375 4724 456 4789 ὡς
525 4725 593 4778 ἀν
644 4726 757 4791 ἕξει
813 4730 910 4782 καὶ
971 4731 1055 4782 σοὶ
1126 4732 1301 4784 εἰπεῖν
1353 4732 1492 4801 μετὰ
1563 4731 1658 4784 τοῦ

74 4810 407 4867 ’Δποστόλου
443 4831 459 4845 ο
497 4813 591 4866 Ζῶ
619 4816 708 4882 δὲ,
742 4819 946 4873 οὐκέτι
985 4820 1118 4890 ἐγὼ,
1148 4820 1222 4889 ζῆ
1281 4822 1348 4875 δὲ
1405 4823 1477 4875 ἐν
1535 4821 1665 4891 ἐμοὶ

74 4904 340 4971 Χριστός.
375 4907 491 4961 Καὶ
548 4909 659 4980 γάρ
686 4912 714 4961 6
775 4912 1007 4979 ἀγαπῶν
1046 4914 1348 4986 ὁλοσχερῶς
1403 4916 1494 4968 τὸν
1534 4915 1666 4968 Θεὸν

74 4995 341 5061 ἐξίσταται
390 4999 615 5062 ἑαυτοῦ,
660 5002 718 5053 ὲν
767 5003 844 5073 τῷ
869 5006 1224 5076 ἀγαπωμένῳ
1271 5009 1363 5059 καὶ
1399 5008 1534 5071 ζῶν.
1573 5010 1667 5060 καὶ

74 5089 388 5158 ιιινούμενος
447 5091 546 5144 καὶ
588 5090 685 5145 ὧν.
730 5095 997 5166 Τοιαύτην
1050 5116 1109 5150 σε
1157 5099 1186 5150 6
1227 5099 1384 5168 λόγος
1423 5101 1671 5169 ἐπιζητεῖ

74 5181 156 5250 τὴν
206 5181 459 5250 Νύμφην
490 5182 587 5234 τοῦ
643 5185 912 5254 Χριστοῦ,
945 5191 1107 5256 καίγε
1178 5191 1277 5253 τὰς
1318 5191 1422 5243 ὑπὸ
1485 5193 1545 5244 σὲ
1575 5192 1667 5245 θυ-

74 5277 305 5347 γατέρας
336 5276 507 5330 Θεοῦ.
537 5276 649 5329 Καὶ
678 5277 730 5329 τί
768 5278 831 5331 τὸ
858 5279 1139 5343 ὲντεῦθενς
1168 5282 1196 5332 6
1230 5280 1480 5350 Νυμφίος
1528 5282 1664 5352 Χρι-

74 5368 188 5431 πὸς
210 5370 240 5421 6
267 5369 609 5438 ἐπουράνιος
639 5369 891 5441 νυμφὼν,
910 5372 1004 5425 καὶ
1023 5373 1091 5424 τὰ
1112 5371 1293 5439 ἀγαθά
1313 5372 1411 5440 τῆς
1437 5373 1548 5426 ἀνω
1571 5372 1665 5424 Ἰε-

74 5460 604 5532 ρουσαλὴμι,αὖτηή
639 5460 890 5530 βασιλεία
944 5464 1054 5516 τῶν
1103 5464 1351 5535 οὐρανῶν
1397 5467 1490 5518 καὶ
1565 5465 1667 5519 ὃσα

74 5550 410 5620 ἐπήγγελται
430 5553 817 5608 ἀναπαυστικά
835 5557 946 5619 τοίς
973 5556 1169 5624 ἀγίοις·
1189 5555 1225 5609 ἃ
1241 5556 1492 5625 φθάσασα
1509 5557 1540 5625 ἡ
1563 5573 1668 5626 μα-

74 5643 234 5709 καρία
269 5645 482 5713 μήτηρ,
520 5647 829 5712 παρακαλεῖ
845 5649 1126 5718 ἐπιμένειν
1151 5649 1294 5719 ὑμᾶς
1321 5652 1376 5703 ἐν
1404 5653 1470 5722 τῇ
1494 5652 1668 5719 ἀσκή-

74 5747 169 5793 σει,
208 5735 268 5786 ὲν
299 5735 369 5804 τῇ
419 5733 666 5804 ὁμονοίᾳ,
701 5740 758 5796 έν
793 5743 858 5813 τῇ
893 5741 1212 5814 συμψυχίᾳ·
1251 5745 1441 5796 πατεῖν
1469 5742 1535 5796 τὰ
1561 5743 1664 5796 πά-

162 5847 205 5880 “
248 5847 440 5904 Calai.
483 5864 548 5918 It,
578 5848 668 5907 22.

1763 4644 1927 4704 atque
1983 4633 2191 4687 utinam
2240 4635 2331 4689 det
2375 4649 2564 4704 porro,
2618 4643 2678 4686 ut
2727 4633 2906 4704 ipsum
2944 4650 3093 4691 ames
3126 4645 3180 4690 et
3222 4636 3347 4689 red-

1766 4726 1989 4791 ameris,
2007 4726 2283 4780 desideres
2304 4734 2357 4779 et
2378 4732 2572 4779 mutuo
2588 4723 2914 4781 desideraris
2934 4742 2950 4781 :
2970 4726 3136 4780 uttibi
3165 4725 3348 4780 dicere

1769 4820 1928 4872 liceat
1980 4834 2104 4872 cum
2163 4818 2470 4887 Apostolo:
2516 4815 2636 4870 Vivo
2677 4827 2878 4880 autem,
2924 4817 3046 4886 jam
3095 4835 3198 4871 non
3229 4833 3346 4887 ego,

1771 4914 1892 4966 vivit
1912 4929 2030 4966 vero
2056 4915 2108 4966 in
2143 4929 2222 4966 me
2245 4911 2487 4966 Christus
2510 4911 2578 4964 ⁸⁸.
2609 4911 2820 4964 Etenim
2844 4911 2936 4980 qui
2960 4911 3177 4980 penitus
3203 4923 3351 4966 amat

1766 5004 1958 5068 Deum,
1993 5005 2106 5059 exit
2151 5005 2219 5059 de
2240 5005 2444 5074 scipso,
2476 5013 2528 5057 et
2563 5003 2614 5057 in
2643 5014 2824 5056 amato
2854 5003 2989 5056 vivit
3023 5012 3078 5056 et
3102 5013 3351 5057 movetur

1764 5108 1819 5150 et
1855 5097 2089 5150 exsistit.
2127 5095 2311 5150 Talem
2351 5104 2404 5148 te
2448 5110 2573 5150 esse
2600 5095 2843 5162 postulat
2900 5094 3058 5159 ratio,
3091 5110 3348 5162 sponsam

1730 5176 1992 5252 'Christi,
2042 5188 2319 5256 simulque
2357 5187 2455 5240 tibi
2490 5187 2815 5241 commissas
2846 5186 2937 5241 Dei
2991 5188 3148 5242 tilias.
3207 5187 3346 5253 Quid

1771 5280 1895 5332 inde
1925 5289 2105 5331 autem
2133 5279 2156 5330 ?
2196 5277 2447 5347 Sponsus
2480 5278 2751 5344 Christus,
2783 5279 3024 5332 ctelestis
3051 5278 3348 5343 thalamus,

1770 5380 1825 5423 et
1862 5370 2004 5424 bona
2044 5385 2294 5438 supernae
2316 5368 2640 5436 Jerusalem,
2672 5369 2774 5424 hoc
2805 5381 2908 5436 est,
2933 5387 3156 5438 regnum
3185 5372 3353 5426 caalo-

1774 5480 1916 5530 rum,
1952 5476 2006 5517 et
2065 5479 2428 5533 quaecumque
2464 5465 2667 5518 sanctis
2701 5464 2769 5518 ad
2798 5466 3034 5534 quietem
3076 5465 3352 5534 promissa

1772 5566 1936 5621 sunt;
1979 5571 2100 5626 qua:
2130 5572 2255 5610 cum
2275 5556 2389 5625 jam
2427 5555 2619 5624 adepta
2646 5558 2716 5611 sit
2739 5557 2896 5612 beata
2929 5568 3123 5624 mater,
3164 5558 3350 5611 horta-

1766 5658 1854 5702 tur
1896 5664 1996 5703 nos
2057 5647 2199 5701 utin
2247 5649 2637 5705 exercitatione
2693 5653 3075 5720 persistamus,
3113 5651 3170 5704 in
3219 5666 3353 5702 con-

1765 5741 1950 5796 cordia
1985 5750 2037 5797 et
2067 5741 2460 5810 unanimitate;
2492 5746 2936 5815 perturbationes
2998 5744 3170 5800 animi
3217 5758 3350 5798 con-
