3976 6322
617 377 743 440 1551

1799 369 1858 426 S.
1887 365 2282 426 THEODORI
2339 365 2685 424 STUDITE
3777 367 3862 425 15:
3878 369 3896 425 2

608 489 889 538 culcemus
920 498 933 546 ;
977 493 1198 533 carnem
1231 478 1512 532 oderimus
1542 484 1594 528 et
1619 474 1938 544 sanguian
1973 493 1986 539 ;
2030 474 2192 526 dediti

2303 471 2395 540 θη,
2452 477 2629 543 μισεῖν
2654 475 2834 543 σάρκα
2858 473 2950 525 καὶ
2977 467 3136 542 αἷμα,
3166 473 3496 543 ἀντέχεσθαι
3558 474 3676 525 τῶν
3703 479 3898 543 ipsa}.

606 577 780 628 simus
812 575 1131 630 virtutibus.
1184 586 1282 639 per
1343 584 1484 640 quas
1550 566 1844 621 ineﬂ'abilia
1897 568 2009 619 haac
2052 566 2194 618 bona

608 664 866 731 ctutsequi
916 664 1060 716 licet.

843 771 1174 827 CLXXVIII.
1211 803 1279 813 -—
1317 769 1610 822 Eudocimo
1643 765 1940 834 spat/tario.

2299 563 2368 614 δι’
2404 558 2477 618 ὧν
2509 565 2656 617 ἐστιν
2685 567 2962 635 ἐπιτυχεῖν
2999 564 3167 618 τῶνδε
3187 565 3299 616 τῶν
3333 567 3609 636 ἀρρήτων
3669 570 3896 630 ὸ-ίαὲίίε.

2421 760 2571 812 ΡΟΗ⁹
2595 760 2729 829 (70).
2754 763 3148 832 --Εὐδοκίμῳ
3182 767 3519 831 σπαθορίῳ.
3550 765 3778 834 [ᾦμβκλ

1509 887 1670 950 Ipsius
1690 886 1996 949 patientiam,
2031 889 2083 933 et
2109 882 2155 931 in
2178 880 2397 929 adversis
2416 883 2740 928 constantiam
2775 881 2956 930 laudat.

680 975 882 1030 Iterum
931 973 1112 1028 scribo
1159 974 1224 1026 ad
1260 973 1636 1027 excellentiam
1679 984 1848 1034 tuam,
1883 972 2042 1038 idque
2083 969 2183 1020 im-

608 1069 772 1140 pulsu
826 1066 1033 1120 Silvani
1083 1067 1524 1121 reverendissimi
1571 1065 1755 1119 fratris
1789 1064 1981 1117 nostri.
2032 1061 2189 1115 Post-

609 1177 772 1232 quam
799 1161 943 1214 enim
974 1163 1027 1212 in
1054 1170 1409 1228 conSpectum
1431 1168 1483 1213 et
1513 1160 1845 1227 colloquium
1897 1156 2059 1215 venit,
2092 1154 2192 1206 hu-

611 1253 792 1306 milem
841 1252 1078 1304 animam
1132 1262 1374 1304 nostram
1430 1250 1723 1319 percussit,
1794 1263 1917 1300 cum
1979 1243 2191 1313 singula

608 1354 918 1400 enarrasset
946 1382 960 1405 ,
1003 1343 1465 1411 quemadmodum
1495 1357 1616 1394 cum
1654 1342 1948 1408 gratiarum
1979 1337 2194 1389 actione

610 1435 782 1500 feras,
836 1435 1058 1489 domine
1109 1444 1315 1495 noster,
1346 1435 1489 1503 quod
1543 1432 1760 1493 accidit,
1810 1441 1863 1483 et
1903 1429 1969 1482 ad
2032 1426 2200 1478 Deum

609 1528 816 1583 referas
867 1530 1008 1582 hanc
1042 1541 1385 1591 aerumnam;
1423 1537 1575 1579 extra
1630 1533 1684 1577 te
1731 1522 1913 1574 omnia
1954 1527 2199 1573 statuens

609 1638 732 1690 quae
810 1622 1094 1675 hominum
1151 1619 1418 1683 iniustitia
1494 1617 1798 1669 machinata
1858 1621 1988 1676 est;
2037 1620 2198 1677 atque

612 1728 781 1766 unum
844 1712 1079 1780 denique
1121 1711 1223 1763 hoc
1265 1725 1539 1778 qu:erens,
1574 1721 1685 1776 quo
1720 1715 1878 1774 pacto
1942 1711 2195 1769 accepta-

2376 965 2691 1032 Δευτερεύω
2720 965 2814 1018 τοῦ
2846 965 3184 1018 ἐπιστέλλειν
3210 969 3273 1036 τῇ
3300 968 3592 1038 τιμιότητί
3628 988 3736 1022 σου
3768 990 3782 1001 ·
3826 991 3900 1024 1:.

2291 1056 2451 1107 τοῦτο
2478 1058 2820 1126 προτραπεὶς
2852 1057 3003 1126 παρά
3023 1058 3314 1110 Σιλουανοῦ
3334 1059 3428 1111 τοῦ
3455 1061 3899 1130 αίδεσιμωτάτε;

2294 1149 2451 1217 ἡμῶν
2486 1149 2745 1215 ἀδελφοῦ.
2792 1150 3010 1218 Ἐπειδὴ
3041 1151 3144 1219 γὰρ
3173 1147 3341 1220 ἦλθεν
3373 1155 3459 1214 εἰς
3511 1155 3756 1220 ὁμιλίαν

2295 1242 2414 1292 κατ’
2469 1241 2805 1310 ὀφθαλμοὺς,
2881 1243 3215 1294 κατέκλασεν
3255 1244 3414 1313 ἡμῶν
3473 1245 3581 1315 τὴν
3637 1252 3900 1316 rasas-1:.

2294 1332 2493 1402 ψυχὴν,
2526 1332 2871 1403 ἐξηγορήσας
2901 1334 3109 1388 ἕκαστα
3137 1337 3218 1387 ὅτι
3252 1337 3347 1388 καὶ
3373 1338 3754 1407 εὐχαρίστως
3819 1360 3900 1406 2;:-

2305 1425 2796 1495 ροις,ὁδεσπότης
2849 1425 3028 1496 ἡμῶν,
3092 1427 3152 1477 τὸ
3205 1427 3584 1495 συμϐεϐηκὸς,
3657 1432 3765 1480 καὶ
3826 1433 3900 1480 ἐπὶ

2299 1517 2430 1568 Θεὸν
2465 1518 2756 1586 ἀναφέρεις
2783 1519 2841 1570 τὸ
2888 1518 3084 1579 πάθος.
3118 1518 3263 1581 Ἐξω
3310 1521 3504 1572 ἑαυτὴν
3563 1522 3756 1581 τιθεὶς
3809 1522 3902 1571 τῶν

2298 1609 2752 1677 σκαιωρηθέντων
2782 1609 3149 1678 ἀνθρωπίναις
3181 1611 3289 1678 έπη
3310 1611 3487 1678 ρείαις
3522 1629 3537 1642 ο
3591 1613 3693 1662 καὶ
3764 1615 3903 1673 τέλος

2293 1697 2350 1748 ἓν
2385 1697 2598 1764 ζητῶν,
2648 1699 2796 1761 ὅπως
2849 1700 3242 1769 εὐπρόσδεκτος)
3293 1701 3431 1770 πρὸς
3488 1703 3556 1754 τὸ
3626 1703 3768 1771 ἑξῆς

607 1805 768 1858 bilem
798 1803 1032 1857 Domino
1065 1802 1451 1855 universonnn
1504 1802 1670 1852 vitam
1730 1797 1982 1850 instituas
2010 1796 2062 1847 in
2100 1807 2192 1862 po-

2302 1790 2444 1860 ζωὴν
2471 1793 2872 1860 καταστήσειας
2908 1791 2983 1861 τῷ
3013 1793 3257 1863 Δεσπὸτῃ
3287 1793 3394 1845 τῶν
3435 1795 3737 1849 ἁπάντων.
3791 1799 3901 1850 Ἐπὶ

608 1881 835 1950 steruni.
894 1894 1104 1961 Quibus
1133 1893 1392 1946 omnibus
1435 1890 1611 1944 elfecit
1640 1897 1699 1942 ut
1731 1890 1926 1940 merito
1954 1885 2083 1939 illud
2115 1884 2200 1936 di-

607 2002 858 2041 ceremus
899 2004 913 2039 :
954 1985 1132 2040 Bonas
1200 1987 1355 2037 homo
1411 1983 1477 2035 de
1532 1982 1664 2034 bono
1720 1980 1966 2033 thesauro
2022 1977 2197 2029 cordis

606 2078 805 2147 profert
831 2079 964 2130 bona
999 2077 1064 2130 ⁸³.
1103 2076 1314 2128 Etenim
1363 2090 1486 2127 eum
1538 2075 1589 2126 in
1618 2073 1798 2126 anima
1852 2079 2105 2138 tanquam
2143 2069 2194 2121 in

607 2170 986 2240 promptuario
1021 2170 1282 2238 quodam,
1313 2185 1376 2221 ex
1416 2165 1686 2236 praeterita
1740 2162 2084 2217 institutione
2108 2160 2196 2213 di-

607 2263 733 2314 vina
777 2270 831 2314 et
885 2262 1121 2315 humana
1165 2261 1456 2314 thesauros
1521 2256 1765 2310 scientia:
1831 2253 2193 2309 condideris:

608 2363 854 2421 tempore
895 2352 1145 2407 videlicet
1167 2360 1476 2420 Opportuna
1509 2348 1824 2417 spirituales
1857 2346 2070 2416 profers
2103 2345 2191 2398 di-

607 2445 790 2508 vitias,
831 2444 899 2498 ad
948 2444 1176 2498 salutem
1239 2457 1382 2496 tuam
1433 2443 1775 2510 dispensans.
1827 2440 1906 2493 Ac
1937 2439 2080 2501 vide,
2110 2439 2194 2491 vir

607 2534 835 2604 optime,
891 2541 948 2586 ut
1001 2532 1052 2585 in
1091 2533 1292 2584 bonum
1339 2530 1431 2584 tibi
1484 2527 1747 2583 cesserint
1785 2525 1968 2578 divina
2023 2523 2193 2577 docu-

607 2635 786 2676 menta
813 2639 827 2687 ;
864 2621 1022 2674 lectio
1054 2631 1106 2673 et
1138 2620 1397 2687 cognitio,
1430 2618 1598 2672 otium
1627 2624 1683 2669 et
1718 2614 2026 2683 occupatio,
2059 2628 2190 2666 eou-

610 2729 832 2782 gressus
859 2723 910 2766 et
942 2712 1141 2774 oratio,
1174 2726 1456 2765 sacrorum
1511 2722 1824 2762 sermonum
1861 2715 1913 2758 et
1941 2706 2187 2758 codicum

609 2802 883 2872 possessio
913 2821 923 2852 :
955 2815 1120 2869 quam
1175 2799 1326 2851 dives
1378 2808 1434 2850 tu
1485 2796 1805 2860 admodum,
1859 2795 1985 2847 licet
2015 2808 2188 2862 pauca

610 2893 707 2946 tibi
749 2900 949 2945 restent
989 2893 1111 2944 vim
1143 2889 1428 2944 subsidia:
1459 2903 1621 2958 quam
1673 2887 1886 2956 pulchri
1923 2886 2016 2939 tibi
2043 2887 2185 2939 oculi

608 2994 664 3039 et
692 2983 980 3054 palpebrae,
1017 2983 1139 3035 licet
1164 2983 1280 3035 visu
1316 2996 1410 3049 per
1461 2980 1721 3049 injuriam
1793 2978 2016 3032 orbatus
2064 2977 2140 3032 sis
2170 2995 2183 3032 :

610 3094 772 3147 quam
809 3077 1036 3131 illustris
1069 3075 1229 3128 valde
1263 3075 1340 3128 sis
1371 3083 1426 3128 et
1458 3073 1748 3142 gloriosus,
1779 3069 1904 3122 licet
1955 3070 2185 3123 inhono-

2310 1882 2442 1933 πᾶσι
2469 1882 2681 1945 τούτοις
2709 1882 2956 1952 διέθηκεν
3008 1885 3154 1952 ἡμᾶς
3193 1884 3333 1935 κατὰ
3395 1885 3459 1936 τὸ
3515 1887 3674 1948 εἰκδς
3738 1888 3900 1939 ἐκεῖ-ις

2307 1974 2561 2036 εἰπόντας
2585 2016 2599 2038 ,
2634 1975 2714 2027 ὅτι
2761 1975 2827 2027 '0
2870 1975 3091 2042 ἀγαθὸς
3120 1976 3430 2043 ἅνθρωπος
3461 1977 3530 2030 ἐκ
3607 1981 3724 2032 τοῦ
3768 1981 3898 2046 ἀπι-

2306 2066 2413 2118 θοῦ
2441 2067 2752 2134 θησαυροῦ
2785 2066 2895 2134 τῆς
2928 2067 3178 2134 καρδίας
3202 2069 3484 2123 ἐκϐάλλει
3551 2072 3629 2124 τὰ
3686 2072 3893 2140 ἀλτγιιίίὲ.

2305 2159 2414 2210 Καὶ
2449 2161 2556 2227 γὰρ
2588 2161 2776 2228 ὥσπερ
2810 2159 2866 2210 έν
2894 2177 2999 2211 τινι
3029 2162 3283 2230 ταμιείῳ,
3328 2162 3393 2214 τά
3423 2164 3488 2215 ὲκ
3538 2165 3649 2233 τῆς
3704 2167 3894 2235 :90}:-

2303 2249 2506 2317 ϐούσης
2535 2249 2781 2309 παιδείας
2811 2249 2960 2312 θείας
2985 2267 3042 2301 τε
3074 2252 3166 2303 καὶ
3214 2252 3578 2323 ἀνθρωπίνης
3639 2256 3892 2307 ἐναποεέ-

2305 2355 2464 2407 μενος
2488 2343 2552 2409 τῇ
2581 2340 2726 2409 ψυχῇ
2771 2341 3051 2407 γνωστικά
3087 2342 3534 2411 θησαυρίσματα,
3577 2347 3676 2397 ἐπὶ
3712 2345 3890 2414 καιροῦ

2302 2431 2527 2494 εἰκότως
2549 2431 2841 2501 χρειώδους
2869 2434 3085 2502 προῖοις
3117 2433 3184 2484 τὰ
3241 2437 3605 2500 πνευματικά
3666 2437 3888 2504 πλοὺτη,

2298 2523 2598 2591 οἰκονομῶν
2627 2524 2685 2574 τὸ
2719 2523 2860 2576 κατά
2893 2525 3119 2577 σεαυτὸν
3149 2527 3438 2594 σωτήριον,
3498 2528 3617 2579 Καὶ
3679 2529 3784 2591 ἴδε,
3811 2531 3887 2581 ἆν-

2298 2612 2481 2680 θρωπε
2509 2612 2700 2681 ἀγαθὲ,
2730 2615 2813 2666 δτι
2843 2616 2922 2676 είς
2951 2615 3115 2667 καλόν
3151 2633 3230 2668 σοι
3262 2614 3440 2685 ἀπέϐη
3472 2617 3542 2668 τὰ
3565 2617 3694 2670 θεῖα
3723 2620 3884 2687 μαεή·

2300 2720 2447 2770 ματα
2472 2705 2538 2772 ’ἡ
2570 2705 2878 2772 ἀνάγνωσις
2905 2707 3001 2758 καὶ
3029 2707 3061 2776 ἡ
3097 2707 3408 2772 ἐπίγνωσις,
3441 2709 3474 2777 ἠ
3515 2709 3714 2780 σχολὴ,
3743 2713 3830 2762 καὶ
3862 2715 3884 2776 ἠ

2296 2794 2537 2866 ἐντριϐὴ,
2569 2799 2602 2866 ἡ
2630 2796 2867 2862 ἔντευξις
2889 2799 2981 2849 καὶ
3005 2800 3036 2868 ἡ
3069 2797 3364 2866 προσευχὴ,
3393 2799 3426 2867 ἡ
3458 2800 3669 2868 κτῆσις
3698 2803 3804 2853 τῶν
3826 2793 3888 2854 Esi

2297 2887 2406 2957 ρῶν
2423 2887 2596 2954 λόγων
2623 2906 2683 2941 τε
2710 2891 2802 2942 καί
2832 2889 3027 2942 δέλτων
3059 2904 3072 2917 ·
3103 2890 3179 2950 ὡς
3203 2888 3460 2952 πλούσιος
3498 2892 3565 2943 σὺ
3595 2894 3762 2959 ἄγαν,
3798 2895 3886 2945 xiv

2294 2980 2372 3040 είς
2395 2979 2546 3046 ὀλίγα
2572 2998 2652 3031 σοι
2674 2982 2917 3049 περίεστι
2945 2979 3012 3032 τά
3045 2980 3141 3047 τῆς
3171 2979 3316 3048 ζωῆς
3337 2981 3551 3048 ἐφόδιαο
3576 2984 3658 3046 ὡς
3678 2985 3885 3051 εὺώτπζς

2294 3070 2387 3120 καὶ
2405 3071 2855 3141 καλλιϐλέφαρος,
2883 3071 2984 3123 κᾶν
3009 3069 3106 3141 τὴν
3127 3071 3251 3139 δψιν
3273 3072 3462 3143 ἀδικίᾳ
3484 3073 3880 3145 ἀπεστέρησαι¹

612 3163 1087 3232 rametingloriam
1107 3163 1270 3214 vitam
1290 3163 1520 3214 tolerare
1532 3158 1879 3212 existimeris.
1903 3153 2192 3210 Enimvero

2302 3159 2368 3220 ὡς
2389 3161 2694 3229 περιφανὴς
2723 3161 2844 3214 λίαν
2861 3162 2954 3214 καὶ
2972 3161 3272 3231 περίδοξος,
3301 3163 3405 3215 κᾶν
3433 3166 3537 3234 τὴν
3569 3166 3777 3236 ἄτιμον
3806 3171 3885 3220 καί

613 3259 727 3308 haec
751 3255 894 3308 haud
920 3255 1083 3308 dubie
1109 3253 1358 3322 probatio
1390 3260 1474 3304 est
1504 3249 2047 3317 experimentumque
2083 3249 2193 3300 vir-

611 3347 766 3408 tutis,
794 3355 854 3400 ut
886 3348 1028 3398 unde
1076 3361 1175 3398 nos
1201 3342 1489 3396 derelictos
1517 3349 1796 3409 putamus,
1827 3340 1950 3393 inde
1975 3354 2074 3392 nos
2105 3339 2196 3393 be-

612 3438 809 3492 neficio
869 3436 1100 3490 allectos
1121 3452 1150 3488 a
1180 3435 1323 3488 bono
1374 3433 1484 3487 Deo
1511 3433 1909 3501 comperiamus
1941 3449 1954 3485 :
1990 3433 2078 3502 qui
2102 3448 2197 3502 per

613 3543 868 3597 prospera
889 3536 942 3580 et
968 3528 1218 3589 adversa,
1237 3540 1327 3592 per
1347 3525 1571 3594 gloriam
1603 3533 1650 3576 et
1676 3524 2076 3590 ignobilitatem,
2107 3539 2197 3591 per

613 3619 896 3688 infamiam
924 3628 971 3676 et
1005 3618 1197 3670 bonum
1233 3618 1430 3686 famam
1464 3617 1530 3676 °°,
1573 3625 1625 3668 et
1669 3625 1934 3685 quotquot
1967 3616 2066 3667 alia
2092 3631 2193 3668 vox

613 3711 908 3780 apostolica
948 3711 1220 3771 distinxit,
1271 3710 1434 3762 vitam
1485 3718 1730 3762 nostram
1797 3707 1948 3760 novit
1991 3708 2196 3760 utiliter

612 3804 958 3872 dispensare.

685 3978 862 4048 Atque
892 3978 998 4032 hoc
1047 3986 1204 4031 vetus
1252 3985 1335 4030 est
1381 3977 1681 4038 decretum,
1732 3983 1786 4028 et
1810 3975 2052 4028 omnium
2101 3977 2194 4043 qui

615 4068 820 4138 accepti
850 4065 958 4121 Deo
983 4076 1111 4120 sunt
1139 4067 1263 4120 vita:
1294 4066 1560 4134 probatio.
1586 4064 1750 4117 Sume
1777 4064 1909 4116 mihi
1942 4065 2073 4117 Abel
2101 4065 2192 4118 Dei

617 4159 927 4214 testimonio
957 4157 1206 4226 justum:
1252 4171 1435 4209 annon
1502 4157 1756 4208 fraterna:
1795 4169 1990 4208 manus
2053 4155 2194 4207 Iudi-

617 4250 796 4303 brium
831 4248 1044 4302 fuit"?
1100 4248 1285 4302 Enoch
1324 4248 1472 4300 illum
1499 4246 1720 4315 quiDeo
1742 4244 1976 4314 placuit:
2013 4260 2195 4297 annon

617 4348 843 4410 propter
901 4340 1049 4395 illius
1078 4340 1339 4408 temporis
1399 4348 1778 4406 corruptores,
1817 4337 1910 4406 qui
1942 4339 2194 4406 etipsum

566 4418 574 4427 ’
619 4446 970 4500 corrumpere
993 4432 1331 4492 nitebantur,
1366 4429 1509 4483 Deus
1535 4430 1683 4481 illum
1704 4429 1768 4481 de
1796 4429 1972 4482 medio
1994 4431 2191 4496 rapuit,

619 4531 784 4591 atque
823 4523 874 4575 in
910 4523 1094 4589 ignota
1149 4523 1264 4574 loca
1297 4521 1596 4581 transtulit,
1650 4520 1738 4572 ubi
1771 4519 1839 4571 ad
1883 4521 2022 4573 hanc
2048 4523 2189 4573 diem

617 4623 923 4685 permanet,
966 4613 1309 4683 praenuntius
1337 4612 1849 4666 secundiadventus
1867 4610 2070 4666 Christi
2109 4612 2196 4665 lu-

623 4706 824 4760 Iurus?
850 4704 1099 4777 Agnosco
1137 4705 1413 4758 Abraham
1446 4703 1635 4757 multis
1664 4703 1844 4757 modis
1872 4712 2137 4757 tentatum
2169 4720 2198 4757 a

621 4798 733 4850 Deo
766 4814 782 4849 :
809 4797 965 4864 cujus
987 4797 1230 4866 probatio
1257 4798 1379 4862 ﬁdei
1429 4795 1594 4848 multo
1635 4795 1913 4861 pretiosior
1968 4811 2098 4846 auro
2128 4797 2196 4846 θ’.

2298 3250 2481 3314 ἄδοξον
2510 3251 2654 3320 ζωὴν
2693 3253 2889 3322 ἀντλᾷν
2943 3254 3308 3323 διανενόησαι.
3374 3257 3483 3308 Καί
3551 3275 3619 3324 γε
3677 3262 3884 3320 πάντας

2299 3343 2457 3394 τοῦτο
2486 3343 2684 3415 δοκιμή
2727 3345 2811 3407 τίς
2844 3347 2961 3398 ἐστι
2992 3347 3086 3399 καὶ
3119 3347 3352 3416 βάσανος
3392 3349 3630 3420 ἀρετῆς,
3693 3353 3783 3404 ἵνα
3838 3352 3884 3415 ἐξ

2301 3428 2377 3487 ὧν
2437 3434 2685 3504 δοκῶμεν
2751 3437 3260 3506 ἐγκαταλελεῖφθαι,
3321 3439 3578 3492 ἐντεῦθεν
3642 3442 3883 3512 εὕρωμεν

2301 3526 2707 3594 εὐεργετεῖσθαι
2791 3529 2929 3599 πρὸς
2989 3529 3126 3581 Θεοῦ
3186 3529 3278 3580 τοῦ
3359 3531 3574 3597 ἀγαθοῦ
3612 3550 3626 3562 ·
3675 3535 3738 3596 ὃς
3808 3537 3882 3588 δή

2296 3617 2405 3668 τῶν
2427 3616 2622 3683 δεξιῶν
2646 3620 2741 3670 καὶ
2790 3619 3113 3687 ἀριστερῶν,
3145 3618 3243 3670 διὰ
3271 3618 3459 3684 δόξης
3511 3623 3616 3674 καὶ
3653 3624 3882 3691 ἀτιμίας

2297 3707 2394 3760 διὰ
2427 3709 2775 3777 δυσφημίας
2809 3710 2908 3763 καὶ
2937 3711 3255 3778 εὐφημίας,
3293 3711 3389 3762 καὶ
3416 3711 3526 3763 τῶν
3558 3713 3744 3765 ἄλλων
3794 3718 3880 3767 ὅσα

2299 3803 2332 3868 ἡ
2402 3801 2739 3870 ἀποστολικὴ
2794 3800 3128 3854 διεστείλατο
3177 3801 3329 3871 φωνὴ
3379 3797 3522 3856 οἶδεν
3581 3807 3878 3876 οἰκονομεῖν

2301 3892 2692 3958 συμφερόντως
2716 3892 2816 3959 τὴν
2852 3890 2998 3961 ζωὴν
3043 3893 3219 3962 ἡμῶν.

2368 3982 2477 4033 Καὶ
2499 3981 2658 4033 τοῦτο
2682 3981 2857 4050 δόγμα
2891 3983 3134 4052 ἀρχαῖον,
3169 3983 3261 4036 καὶ
3289 3985 3390 4053 τῆς
3417 3984 3526 4036 τῶν
3563 3985 3875 4056 θεολήπτων

2299 4072 2506 4142 ἀνδρῶν
2536 4073 2812 4136 πολιτείας
2853 4074 3231 4144 γνωριστικόν.
3269 4075 3416 4128 Δάϐε
3463 4095 3558 4146 μοι
3593 4081 3765 4131 Ἀϐελ
3796 4081 3874 4131 τὸν

2299 4164 2590 4234 θεοκρίτως
2626 4165 3045 4234 μαρτυρηθέντα
3071 4165 3274 4219 δίκαιον
3298 4184 3311 4197 ·
3351 4167 3474 4236 οὐχὶ
3497 4171 3871 4237 παρανάλωμα

2298 4253 2591 4322 ἀδελφικῆς
2636 4255 2816 4324 χειρὸς
2865 4256 3095 4322 γέγονε;
3145 4255 3248 4307 Τὸν
3294 4254 3465 4325 Ἑνὼχ
3513 4259 3730 4312 ἐκεῖνον
3769 4261 3871 4327 Θεῴ

2298 4343 2769 4412 εὐαρεστήσαντα·
2827 4344 2948 4412 οὐχὶ⁸
2986 4344 3076 4396 διὰ
3131 4346 3259 4407 τοὺς
3305 4347 3616 4413 τηνικαῦτα
3665 4350 3869 4419 φθορᾶς

2301 4435 2395 4484 καὶ
2429 4434 2669 4502 φθείρειν
2710 4434 2870 4486 αὑτὸν
2920 4435 3323 4497 ἐσπουδακότας
3351 4477 3364 4497 ,
3404 4437 3538 4499 Θεὸς
3594 4441 3658 4490 ἐκ
3712 4442 3865 4506 μέςῡυ

2299 4525 2568 4594 ἥρπασεν,
2601 4527 2657 4575 ἐν
2685 4525 2899 4594 ἀδήλοις
2927 4527 3114 4587 τόποις
3145 4528 3533 4596 μεταεέμενος,
3563 4529 3626 4591 ὃς
3659 4535 3752 4583 καὶ
3780 4549 3864 4599 ρε-

2297 4631 2376 4667 νει
2414 4616 2575 4683 μέχρι
2604 4617 2698 4667 τοῦ
2731 4617 2890 4686 δεῦρο
2932 4618 3269 4687 προάγγελος
3316 4619 3416 4685 τῆς
3440 4619 3711 4691 δευτέρας
3743 4624 3864 4690 Χρι-

2297 4707 2422 4757 στοῦ
2449 4708 2768 4773 ἐπιφανείας
2807 4708 3097 4777 ὲσόμενος;
3129 4709 3302 4761 Γνῶθι
3344 4710 3434 4761 τὸν
3472 4710 3731 4781 Ἀϐραὰμ
3771 4733 3864 4765 πει-

2298 4795 2598 4863 ραζόμενον
2620 4797 2724 4848 ὑπὸ
2742 4796 2876 4849 Θεοῦ
2908 4798 3258 4865 πολυτρόπως
3276 4815 3289 4830 ·
3304 4794 3365 4852 οὗ
3388 4799 3447 4851 τὸ
3469 4800 3750 4868 δοκίμιον
3772 4805 3864 4870 τῆς

618 4890 797 4956 Atque
833 4899 890 4943 ut
923 4889 1062 4942 alios
1117 4891 1548 4956 praetermittam.
1607 4887 1810 4939 multos
1857 4901 2108 4949 numero,
2145 4895 2192 4940 el

2302 4889 2553 4952 πίστεως
2581 4889 3047 4956 πολυτιμότερον
3075 4886 3311 4954 χρυσοῦ
3342 4888 3433 4940 ὅτι
3454 4889 3752 4955 μάλιστα.
3773 4895 3863 4944 Καὶ

621 4981 714 5048 qui
747 4981 888 5034 intra
915 4981 1159 5048 epistolae
1190 4981 1410 5033 modum
1461 4979 1880 5033 commemorari
1925 4993 2030 5030 non
2063 4993 2190 5046 pos-

623 5082 787 5136 sunt;
811 5072 857 5126 si
886 5088 1009 5126 cum
1042 5071 1441 5136 aerumnislob,
1474 5071 1634 5139 cujus
1670 5074 1951 5123 innumera
1975 5070 2193 5124 fuerunt

623 5161 941 5222 certamina,
1003 5177 1278 5214 aerumnas
1343 5169 1559 5214 nostras
1627 5160 2039 5223 contendamus,
2095 5159 2194 5212 has

625 5253 819 5319 utique
897 5249 1183 5305 inferiores
1243 5250 1755 5319 deprehendemus;
1820 5259 1873 5301 et
1928 5249 2189 5301 celebrem

623 5344 770 5395 illam
806 5342 925 5410 ejus
955 5355 1144 5398 vocem
1173 5350 1502 5411 usurpantes
1539 5357 1644 5394 una
1667 5357 1786 5395 cum
1821 5341 1937 5408 ipso
1957 5356 2194 5408 pronun-

602 5434 901 5488 tiabimus.
935 5433 1026 5489 Sic
1054 5434 1221 5504 igitur
1257 5435 1544 5487 hortamur
1577 5443 1646 5496 te,
1691 5442 1749 5486 ut
1778 5434 1843 5486 de
1874 5434 2036 5488 rebus
2083 5434 2189 5486 tuis

691 5549 739 5580 ⁸⁹
770 5548 963 5603 Matth.
994 5566 1091 5608 xu.
1115 5548 1202 5603 55.
1280 5549 1326 5580 ⁹⁰
1357 5547 1398 5601 II
1423 5549 1547 5603 Cor.
1579 5564 1652 5613 rt,
1690 5549 1741 5604 8.

1820 5549 1860 5579 ⁹¹
1899 5548 2027 5618 Sap.
2066 5563 2138 5610 tv,
2171 5547 2257 5600 ll.

2300 4979 2386 5030 ἵνα
2429 4981 2554 5040 τοὺς
2608 4980 2796 5041 ἄλλους
2831 4979 3266 5050 παραδράμοιμι,
3305 4979 3536 5042 πολλοὺς
3567 4982 3748 5046 δντις,
3786 4986 3862 5038 καὶ

2300 5068 2399 5118 οὐκ
2439 5069 2496 5118 ἐν
2542 5068 2832 5136 ἐπιστολῆς
2877 5068 3058 5137 μέτρῳ
3103 5068 3661 5137 ὑπομνηματίξεσθαι
3713 5077 3862 5141 ἐγχω-

2303 5157 2566 5227 ροῦντας,
2591 5155 2711 5209 Ἰὼϐ
2741 5157 2828 5210 τὸν
2861 5157 3154 5228 μυρίαθλον
3199 5159 3367 5227 τάχα,
3397 5161 3446 5211 εί
3475 5163 3862 5233 παραϐάλωμεν

2299 5253 2369 5304 τὰ
2409 5251 2619 5304 ἑαυτῶν
2647 5255 2759 5313 τοῖς
2793 5251 3000 5303 ἐκείνου
3028 5250 3282 5315 πάθεσιν,
3310 5252 3576 5322 εὕροιμεν
3603 5255 3670 5322 δὴ
3694 5257 3859 5317 ἐνδεῶς

2299 5343 2529 5412 ἔχοντα·
2573 5345 2668 5396 καὶ
2719 5342 3178 5413 συμφθεγξόμεθα
3220 5346 3325 5414 τὴν
3373 5347 3597 5399 ἐκείνου
3647 5350 3858 5418 ἀοίδιμον

2299 5435 2486 5504 φωνὴν
2516 5436 2776 5487 ἑκάστοτε
2819 5434 3310 5505 ἀναλαμϐάνοντες.
3347 5437 3543 5502 Οὕτως
3572 5436 3668 5494 οὖν
3708 5458 3857 5510 παρει-

2334 5550 2378 5579 "
2417 5548 2435 5601 ι
2465 5547 2610 5602 Petr.
2641 5565 2678 5612 I,
2738 5549 2768 5599 7

2131 5665 2364 5720 NOTAE.

697 5787 809 5860 (70)
843 5788 896 5842 in
927 5786 1046 5841 cod.
1077 5783 1208 5854 Reg.
1255 5792 1362 5856 ρπ’.
