3976 6322
114 370 283 434 1553

1327 371 1866 432 EPISTOLARUM
1912 371 2060 431 LIB.
2121 373 2180 430 II
2192 415 2207 430 .

3264 376 3394 436 1554

109 481 418 551 καλοῦμέν
458 498 538 545 σε,
569 480 888 548 ἐπιπόθητε,
916 479 1194 532 διαθέσθαι
1231 482 1297 532 τὰ
1328 481 1467 534 κατὰ
1503 481 1704 532 σαυτόν

1823 489 2057 542 statuas,
2086 480 2428 541 charissime,
2471 488 2795 548 tempusque
2853 481 3194 536 adversitatis
3249 486 3392 536 mul-

110 572 242 626 Καὶ
308 571 399 622 τὸν
447 572 637 639 καιρὸν
680 572 778 639 τῆς
829 570 1168 638 δυσπραγίας
1205 574 1298 622 καὶ
1343 571 1710 632 πολυπαθείας

107 661 412 729 κρείττονι
444 661 688 729 λογισμῷ
713 663 804 712 καὶ
831 659 1188 730 βεϐαιοπίστῳ
1223 661 1414 733 γνώμῃ
1451 664 1528 723 εἰς
1552 663 1710 712 εὐτυ-

107 755 256 822 χίαν
305 754 398 805 καὶ
448 752 740 805 εὐπάθειαν
790 751 1394 821 μεταστοιχειώσασθαι.
1443 753 1547 803 Τὸν
1603 752 1711 821 γὰρ

105 845 319 907 οὕτως
350 845 739 914 ἐρηρεισμένον
774 845 866 896 καὶ
893 843 1212 912 πεποιθήσει
1238 845 1373 896 Θεοῦ
1404 843 1602 907 ζῶντα,
1623 845 1711 896 οὑ-

106 936 210 988 δέν
269 940 646 1005 παρακινήσει
678 935 785 986 τῶν
823 935 1209 1003 ἀνθρωπίνων·
1248 935 1577 1004 ὑψηλότερον
1618 952 1711 986 πε-

105 1030 353 1096 φηνότα
387 1027 604 1080 πάντων
637 1026 745 1079 τῶν
773 1026 962 1078 λυπεῖν
1009 1027 1294 1079 εἰωθότων.
1327 1026 1440 1078 Κᾶν
1463 1026 1627 1094 λέγῃς
1653 1029 1709 1077 ἐν

106 1123 180 1188 τῇ
217 1119 610 1188 παρακροάσει
640 1117 733 1170 τοῦ
763 1117 1230 1184 ἀναγινώσκοντος
1275 1117 1352 1178 είς
1396 1115 1562 1185 ὕμνον
1593 1115 1711 1184 τρέ-

106 1207 363 1266 πεσθαι.
397 1208 457 1258 οὐ
506 1205 720 1275 θαῦμα·
776 1208 986 1273 πέφυκε
1040 1206 1148 1273 γάρ
1201 1207 1234 1272 ἠ
1283 1205 1572 1276 ἀφαίρεσις
1612 1205 1710 1272 τῆς

105 1298 308 1364 ὅψεως
345 1298 500 1350 τοῦτο
534 1295 878 1366 ἐργάζεσθαι.
917 1295 1034 1349 Κᾶν
1066 1300 1169 1366 φῇς
1221 1297 1385 1366 μηδὲν
1423 1296 1579 1365 ἔργον
1617 1295 1710 1347 ἐπὶ

105 1393 322 1458 χεῖρας
371 1389 533 1458 ἔχειν,
579 1388 969 1459 ἀπρακτούσης
1007 1389 1104 1457 τῆς
1135 1388 1370 1456 φύσεως,
1423 1387 1588 1456 μηδὲν
1629 1402 1709 1438 σοι

111 1483 371 1551 μελέτω.
403 1483 571 1548 Φησὶν
599 1483 628 1533 ὁ
670 1481 988 1542 Ἀπόστολος
1009 1498 1022 1510 ·
1069 1480 1322 1547 Ψαλμὸν
1343 1479 1521 1546 ἔχεις,
1549 1476 1711 1531 διδα-

107 1571 246 1639 χὴν
290 1571 459 1639 ἔχεις
482 1609 498 1633 ,
535 1570 827 1638 γλῶσσαν
855 1571 1034 1640 ἔχεις,
1097 1570 1487 1636 ἀποκάλυψιν·
1515 1568 1673 1635 ἔχεις
1691 1585 1705 1598 ·

105 1661 334 1712 πάντα
363 1660 514 1727 πρὸς
544 1660 870 1728 οικοδομὴν
899 1659 1172 1729 γινέσθω.
1202 1661 1366 1726 Φάγε,
1391 1658 1499 1721 πίε,
1527 1656 1708 1711 ὕπνω-

110 1771 238 1806 σον.
282 1754 468 1806 Μόνον
498 1754 558 1805 τὸ
588 1753 909 1825 εὐχάριστον
953 1752 1218 1820 κέκτησο·
1254 1751 1347 1802 καὶ
1377 1750 1478 1801 ὅσα
1515 1765 1596 1800 σοι
1628 1747 1708 1799 οῖ-

1817 581 2107 639 tarttmque
2138 586 2530 630 aerumnarum.
2583 573 2796 626 meliori
2831 572 3163 643 cogitatione
3193 590 3257 629 ac
3286 574 3392 630 lide

1818 661 1942 712 nixa
1975 662 2269 724 sententia,
2306 660 2358 713 in
2385 661 2693 715 felicitatem
2716 663 3240 733 prosperitatemque
3264 682 3396 718 con-

1817 763 2014 803 vertas.
2052 749 2186 804 Eum
2229 752 2375 804 enim
2401 753 2492 819 qui
2525 753 2597 806 sit
2624 751 2979 808 conﬁrmatus
3013 753 3231 824 Deoqne
3260 772 3392 810 ωηο

1818 842 1947 893 Iisiis
1980 842 2131 902 vivit,
2161 842 2296 895 nihil
2331 857 2512 896 rerum
2566 843 2930 898 humanarum
2984 848 3390 916 commovebit;

1818 940 1875 982 ut
1905 932 1995 997 qui
2025 933 2280 985 omnibus
2327 948 2448 999 quae
2478 934 2754 988 tristitiam
2805 935 2999 992 atlerre
3047 941 3245 1000 solent,
3294 957 3357 995 su

1815 1025 1996 1090 perior
2034 1024 2363 1090 apparuerit.
2401 1025 2557 1090 Quod
2604 1026 2648 1079 si
2674 1028 2845 1092 dicas,
2885 1028 3004 1090 tibi,
3049 1031 3179 1083 dum
3213 1032 3386 1085 lecto-

1815 1126 1929 1164 rem
1965 1112 2146 1177 audis,
2177 1129 2430 1167 somnum
2475 1115 2755 1183 obrepere,
2811 1118 2947 1170 nihil
2982 1119 3217 1174 mirum:
3255 1123 3394 1177 solet

1816 1200 1960 1253 enim
1994 1202 2222 1269 privatio
2259 1204 2410 1258 visus
2446 1204 2550 1259 hoc
2582 1205 2818 1261 etlicere.
2853 1209 2909 1260 Si
2955 1209 3158 1263 dixeris
3182 1212 3390 1267 nullum

1818 1300 1870 1345 te
1892 1307 2028 1358 opus
2061 1309 2170 1360 pra:
2203 1295 2451 1349 manibus
2481 1295 2700 1361 habere,
2737 1299 2808 1350 ob
2845 1299 3099 1353 inertiam
3135 1311 3343 1355 natura:
3375 1320 3390 1357 :

1819 1396 1885 1434 ne
1917 1382 2012 1434 tibi
2043 1382 2091 1433 id
2132 1398 2277 1436 cura:
2300 1385 2390 1438 sit.
2421 1385 2512 1438 Ait
2533 1387 2822 1454 Apostolus
2851 1405 2863 1440 ;
2893 1388 3172 1446 Psalmum
3210 1392 3389 1457 habes,

1817 1473 2115 1526 doctrinam
2143 1477 2324 1538 habes,
2363 1476 2598 1546 linguam
2624 1478 2799 1540 habes,
2829 1482 3184 1551 apocalypsim
3207 1483 3389 1554 [reve-

1817 1563 2098 1635 lationem]
2131 1567 2289 1620 habes
2321 1584 2339 1620 :
2379 1571 2562 1621 omnia
2599 1570 2668 1622 ad
2712 1572 3118 1638 aediﬁcationem
3154 1575 3288 1642 ﬁant
3317 1577 3386 1630 ⁸³.

1815 1652 1945 1713 Ede.
1977 1655 2119 1720 bibe,
2145 1658 2344 1710 dormi.
2370 1657 2604 1712 Tantum
2663 1672 2818 1729 grato
2848 1662 2925 1716 sis
2957 1664 3162 1730 animo,
3191 1675 3245 1720 et
3273 1683 3394 1736 qua:

1815 1755 1878 1794 ex
1916 1743 2086 1810 teipso
2117 1744 2209 1798 tibi
2246 1755 2562 1814 suppetunt,
2593 1757 2646 1801 et
2683 1750 2735 1800 in
2765 1752 3002 1804 naturali
3037 1755 3394 1810 mentislibro

105 1846 307 1906 κοθεν,
351 1845 446 1898 καὶ¹
479 1847 534 1897 ἐν
556 1845 634 1915 τῷ
668 1845 879 1915 φυσικῷ
924 1844 1016 1896 τοῦ
1046 1842 1137 1894 νοῦ
1175 1842 1363 1910 βιϐλίῳ
1396 1841 1704 1902 ἀπόκειται,

1818 1834 2036 1887 condita
2065 1845 2210 1899 sunt,
2247 1837 2381 1906 lege.
2419 1839 2484 1891 Et
2511 1841 2855 1906 postmodum
2883 1853 3044 1896 acute
3070 1845 3390 1914 perspicies,

107 1940 501 2005 ἀναγίνωσκε.
531 1939 639 1990 Καὶ
665 1937 858 2006 μικρὸν
892 1935 1116 2003 ὕστερον
1154 1932 1511 2000 ἀναϐλέψειας
1543 1935 1706 2002 μέγα,

106 2034 212 2086 καὶ
247 2033 392 2092 ἰδοις
422 2031 481 2083 τὸ
508 2031 622 2097 φῶς
651 2030 709 2080 τὸ
735 2028 1048 2096 ἀπρόσιτον,
1067 2023 1273 2093 Ἰησοῦν
1300 2025 1388 2075 τὸν
1420 2023 1546 2074 Υἱὸν
1571 2023 1707 2074 Θεοῦ

107 2125 210 2178 ἀπ’
245 2122 504 2192 οὐρανῶν
557 2120 846 2189 ἐρχόμενον
896 2118 1035 2188 μετὰ
1076 2117 1233 2182 δόξης
1287 2117 1379 2168 καὶ
1425 2115 1709 2183 δυνάμεως

107 2216 291 2268 αὐτοῦ
323 2217 385 2264 ἐν
412 2212 546 2281 πυρὶ
579 2211 774 2279 φλογός
796 2228 806 2238 ·
843 2211 934 2273 οὒς
968 2209 1066 2278 μὲν
1096 2210 1350 2278 κρίνοντα
1371 2206 1446 2268 ὠς
1467 2205 1710 2266 ἐνδίκους

110 2307 397 2376 κρίσεως·
436 2302 529 2364 οὒς
562 2302 618 2354 δέ
672 2301 962 2366 δοξάζοντα
1013 2301 1086 2363 ὠς
1131 2299 1290 2368 δόξης
1353 2297 1705 2366 συνίστορας·

111 2394 243 2465 μεθ’
277 2388 363 2446 ὧν
392 2392 510 2460 εῖης
541 2392 632 2443 καὶ
657 2391 839 2453 αὐτὸς,
874 2389 1093 2458 φίλτατε
1129 2406 1218 2458 μοι
1255 2388 1351 2440 καὶ
1387 2385 1707 2454 τιμιώτατε,

109 2485 546 2554 ἀπαστράπτων
577 2484 665 2534 ίσα
701 2482 796 2533 καὶ
824 2481 973 2550 ἡλίου
1005 2479 1193 2548 βολίδι.
1221 2478 1352 2547 Περὶ
1381 2469 1441 2529 οὗ
1476 2475 1708 2544 προώριο

110 2596 215 2638 σας
257 2577 594 2647 προαστείου
641 2577 721 2636 εἰς
771 2574 1127 2642 μοναστήριον
1170 2569 1525 2631 καθεστάναι,
1566 2569 1619 2620 εί
1655 2585 1707 2620 τι

109 2667 208 2722 οὖν
239 2669 402 2732 ἄλλο,
436 2666 608 2728 οὕτως
637 2666 670 2733 ἢ
698 2665 917 2734 ἑτέρως,
963 2667 1021 2716 ἐν
1047 2661 1195 2731 καλῷ
1228 2661 1499 2732 διώριστο,
1533 2660 1710 2712 πάντα

110 2764 190 2826 ὼς
249 2761 364 2832 ἤδη
405 2758 669 2826 γεγονότα
699 2757 829 2818 Θεὸς
885 2755 1134 2816 ἐδέξατο·
1171 2753 1328 2822 εἴπερ
1367 2751 1708 2821 εὐχαρίστως

108 2855 212 2924 τὴν
248 2852 551 2921 ἀφαίρεσιν
579 2849 795 2901 πάντων
823 2846 1011 2908 οἴσεις.
1045 2844 1356 2916 Προσευχου
1398 2846 1527 2913 περὶ
1552 2843 1709 2912 ἡμῶν

111 2946 229 2998 τῶν
263 2940 619 3012 ἁμαρτωλῶν
640 2956 652 2968 ·
689 2940 812 3010 ἄρτι
837 2941 944 3008 γὰρ
974 2939 1072 3006 οὐχ
1102 2939 1262 3007 ἡμεῖς
1300 2937 1348 2989 οί
1374 2934 1708 3006 ἁμαρτωλοὶ,

112 3037 260 3090 ἀλλά
306 3035 408 3087 καὶ
451 3033 505 3084 εί
543 3049 627 3094 τις
653 3031 762 3084 τῶν
798 3030 960 3084 ὁσίων
1002 3030 1340 3098 ἐξαιτήσοιτο
1373 3029 1439 3081 ἄν
1474 3043 1568 3080 σου
1608 3027 1710 3094 τὴν

113 3128 331 3196 δέησιν,
387 3123 463 3186 ὡς
508 3123 806 3192 κάμνοντος
837 3123 948 3182 τοῖς
987 3119 1320 3188 παθήμασιν.
1366 3119 1422 3171 ’0
1459 3117 1707 3185 θεοφιλέο

115 3233 321 3278 στατος
348 3213 580 3281 ἁδελφὸς
627 3211 785 3283 ἡμῶν
814 3211 909 3263 καὶ
937 3196 1365 3278 ἀρχιεπίσκοπος
1397 3207 1622 3260 πλεῖστὰ
1649 3221 1707 3258 σε

116 3301 554 3375 προσαγορεύει.

403 3411 548 3468 ΡΟΘί
583 3413 718 3483 (71).
749 3442 819 3454 -—
844 3411 1066 3479 Σεργίῳ
1096 3409 1426 3477 ἡγουμένῳ.

1812 1935 1867 1980 et
1903 1928 2304 1982 videbislnceni
2336 1930 2790 1995 inaccessibilem,
2819 1929 3003 1986 Jesum
3047 1933 3244 1988 Filium
3288 1936 3386 1991 Dei

1811 2019 1876 2071 de
1902 2019 2056 2072 caelis
2097 2020 2401 2074 venientem
2428 2035 2554 2074 eum
2610 2023 2780 2090 gloria
2819 2034 2872 2076 et
2897 2034 3161 2091 potestate
3197 2043 3298 2080 sua
3335 2027 3389 2081 in

1813 2111 1934 2177 igne
1968 2109 2241 2174 ﬂamnnc;
2277 2112 2378 2164 hos
2419 2113 2638 2180 quidem
2663 2115 3139 2180 condemnantem,
3175 2127 3234 2171 ut
3271 2133 3393 2174 reos

1808 2200 2120 2269 judicii":
2184 2203 2278 2255 hos
2342 2217 2468 2254 vero
2547 2203 2937 2271 glorilicantem
2990 2216 3050 2260 ut
3110 2212 3396 2264 cOnsortes

1811 2289 2030 2356 glorize:
2060 2289 2386 2357 quibuscum
2411 2291 2485 2344 sis
2514 2303 2568 2345 et
2605 2302 2683 2352 tu,
2716 2296 3049 2350 amicissime
3103 2299 3175 2351 mi
3202 2309 3255 2352 et
3291 2302 3392 2354 ho-

1812 2380 2178 2442 noratissime,
2210 2398 2508 2436 coruscans
2540 2385 2711 2437 instar
2735 2387 2930 2441 solaris
2954 2389 3109 2443 radii.
3144 2389 3219 2442 De
3260 2393 3394 2447 sub-

1815 2471 2022 2525 urbano
2093 2473 2144 2524 in
2213 2490 2320 2542 quo
2365 2477 2759 2530 monasterium
2812 2481 3150 2536 constituere
3201 2484 3393 2538 decre-

1811 2562 1957 2624 visti,
2001 2567 2115 2618 sive
2159 2568 2286 2633 quid
2345 2569 2490 2620 aliud
2540 2570 2646 2622 isto
2696 2571 2777 2623 vel
2812 2571 2906 2625 illo
2935 2575 3097 2628 modo
3153 2585 3300 2630 recte
3330 2593 3394 2631 ac

1811 2654 2071 2722 praeclare
2091 2657 2431 2725 designatum
2457 2670 2540 2713 est
2570 2676 2584 2724 ;
2617 2663 2822 2725 omnia,
2863 2673 2923 2717 ut
2947 2665 3062 2734 jam
3091 2667 3236 2721 facta
3269 2684 3394 2724 sus-

1812 2749 1952 2813 cepit
1977 2745 2118 2800 Deus
2148 2767 2158 2799 :
2197 2749 2359 2801 modo
2391 2751 2634 2804 omnium
2671 2754 3028 2821 privationem
3057 2770 3210 2828 grato
3246 2758 3390 2816 feras

1813 2838 2017 2890 animo.
2055 2838 2158 2892 Ora
2187 2855 2280 2906 pro
2310 2842 2465 2893 nobis
2497 2847 2911 2910 peccatoribus:
2956 2865 3130 2918 neque
3167 2867 3266 2920 pro
3289 2868 3375 2906 no-

1813 2930 1895 2983 bis
1927 2930 2107 2991 inodo,
2140 2932 2230 2998 qui
2261 2941 2572 2998 peccatores
2612 2950 2827 3002 sumus,
2863 2939 2955 2992 sed
2985 2940 3029 2992 si
3065 2941 3190 3009 quis
3223 2942 3386 2996 etiam

1812 3029 2128 3073 sanctorum
2166 3035 2352 3087 preces
2410 3031 2624 3090 expetet
2668 3034 2812 3091 tuas,
2863 3036 2922 3080 ut
2977 3030 3068 3096 qui
3130 3035 3392 3086 aerumnis

1815 3113 2159 3166 conllicteris.
2197 3113 2287 3164 Dei
2323 3116 2738 3170 amantissimus
2773 3117 2941 3174 frater
2979 3132 3165 3177 noster
3189 3134 3244 3178 et
3289 3139 3386 3178 ar"

1817 3203 2198 3272 cltiepiscopus
2231 3205 2526 3272 plurimum
2562 3217 2613 3261 te
2638 3209 2860 3264 salutat.

2131 3396 2411 3452 CLXXIX.
2447 3430 2517 3441 —
2547 3399 2730 3471 Sergio
2759 3407 3064 3474 prwposito.

871 3501 1107 3549 Hortatur
1133 3499 1191 3546 ad
1213 3498 1509 3560 vigilantiam
1539 3502 1693 3556 utque
1724 3490 2073 3540 haereticorum
2111 3488 2507 3539 communionem
2530 3489 2672 3540 vitet.

187 3587 373 3657 Χάρις
409 3583 619 3654 Κυρίῳ,
650 3584 730 3636 ὅτι
761 3584 994 3650 ὑγιαίνει
1031 3585 1065 3650 ή
1091 3581 1340 3650 τιμιότης
1371 3599 1463 3633 σου
1487 3597 1502 3612 ο
1533 3580 1692 3632 τοῦτο

117 3676 226 3744 γὰρ
253 3674 553 3744 ἀνήγγειλε
577 3673 639 3724 τὸ
667 3673 923 3742 γράμμα,
951 3671 1046 3724 καὶ
1075 3673 1106 3741 ή
1145 3671 1274 3732 δυάς
1297 3669 1405 3722 τῶν
1429 3667 1697 3738 ἀδελφῶν.

128 3760 547 3830 ’Λπεδεξάμεθα
582 3761 637 3812 δὲ
660 3761 752 3814 καὶ
778 3760 876 3831 τὴν
905 3760 1160 3832 πρόθεσιν
1185 3761 1280 3813 τοῦ
1309 3760 1597 3828 ἐπιθυμεῖν
1638 3776 1698 3811 σε

116 3853 356 3922 ἀφῖχθαι
417 3852 553 3922 πρὸς
609 3853 777 3921 ἡμᾶς,
835 3851 1147 3905 κωλυθέντα
1191 3869 1253 3918 γε
1309 3853 1414 3921 μὴν
1461 3852 1564 3902 ὑπὸ
1599 3850 1700 3917 τῆς

117 3944 359 4012 συνοχῆς
388 3943 498 3995 τῶν
535 3943 811 4013 ἐμφυλίων
845 3944 1118 4009 πολέμων,
1163 3945 1258 3996 καὶ
1292 3944 1390 4011 τῆς
1432 3943 1572 3995 κατά
1604 3943 1702 4010 τὴν

117 4035 235 4086 ὁδὸν
287 4035 604 4104 ἀπηρείας·
658 4033 819 4086 ἅτινα
851 4034 1000 4087 κακά
1034 4035 1238 4104 Κύριος
1292 4036 1319 4085 ὁ
1363 4032 1493 4095 Θεὸς
1548 4033 1704 4102 ἡμῶν

116 4127 470 4180 διατκεδὰσει
498 4129 554 4178 ἐν
585 4126 761 4196 τάχει,
812 4127 1102 4193 ἐπανάγων
1130 4127 1208 4189 εἰς
1249 4127 1560 4195 είρήνην.τὸ
1598 4125 1704 4178 ὑπ-

117 4236 307 4286 ήκοον,
356 4220 522 4285 καίγε
556 4219 912 4270 ἀπαλλάττων
953 4220 1050 4286 τῆς
1079 4218 1184 4269 τῶν
1224 4217 1541 4288 Ἀγαρηνῶν
1581 4220 1703 4269 ἐπι-

118 4307 355 4377 δρομῆς.
424 4307 812 4378 Ἑδιδάχθημεν
866 4309 972 4377 γὰρ
1025 4311 1117 4361 καὶ
1185 4311 1282 4377 τὴν
1342 4312 1466 4378 περὶ
1524 4310 1701 4360 αὐτῶν

122 4399 425 4467 ῥομφαίαν,
454 4400 542 4452 οἶα
573 4401 665 4451 καὶ
694 4400 853 4469 ἡλίκη
880 4401 1102 4466 γέγονεν
1133 4403 1190 4451 ἐν
1216 4404 1325 4461 τοῖς
1356 4403 1563 4453 αὐτόθι.
1595 4402 1703 4454 Καὶ

117 4488 292 4543 ταῦτα
377 4496 558 4546 πάντα
624 4491 874 4560 ἐπιτίμιά
921 4492 1036 4543 ἐστι
1083 4493 1232 4560 παρά
1290 4492 1445 4552 Θεοῦ,
1505 4495 1596 4544 ἐπί
1638 4495 1703 4562 τῇ

1871 3573 2086 3626 Gratias
2116 3571 2364 3637 Domino,
2416 3575 2563 3642 quod
2619 3576 2911 3631 incolumis
2955 3579 3028 3633 sit
3098 3580 3389 3637 honorabi-

1802 3667 1926 3718 litas
1950 3673 2040 3717 tua
2071 3681 2085 3729 ;
2123 3665 2227 3718 hoc
2256 3665 2400 3718 cnim
2434 3668 2625 3720 littera:
2649 3670 3050 3734 renuntiarunt,
3104 3683 3157 3726 et
3193 3673 3390 3731 fratres

1803 3757 1934 3810 duo.
1969 3755 2282 3823 Pergratum
2309 3759 2469 3809 etiam
2523 3758 2836 3824 habuimus,
2886 3762 3033 3829 quod
3093 3765 3389 3820 consilium

1801 3861 1852 3902 et
1905 3849 2121 3902 animus
2166 3846 2331 3900 fuerit
2366 3848 2461 3900 tibi
2513 3849 2579 3900 ad
2624 3865 2723 3904 nos
2762 3851 3038 3915 veniendi,
3089 3855 3195 3910 nisi
3248 3857 3387 3912 bella

1804 3943 1984 3995 civilia
2018 3941 2378 4003 obstitissent,
2408 3950 2462 3994 et
2516 3941 2730 4009 injuria:
2774 3945 2976 4011 quibus
3028 3947 3128 4000 viae
3177 3947 3388 4003 infesta:

1805 4045 1968 4087 sunt:
2010 4047 2132 4103 quze
2176 4033 2519 4088 incommoda
2582 4035 2733 4088 brev:
2778 4036 3074 4105 dissipabit
3120 4038 3386 4096 Dominus

1804 4126 1948 4180 Deus
1988 4137 2194 4190 noster,
2238 4126 2487 4179 subditos
2521 4126 2584 4179 ad
2614 4142 2799 4196 pacem
2836 4145 3116 4194 revocans,
3141 4135 3388 4186 eosdem-

1804 4235 1908 4287 que
1943 4219 2177 4269 liherans
2203 4219 2270 4268 ah
2293 4217 2672 4286 Agarcnorum
2706 4219 3044 4275 incursione.
3080 4222 3213 4276 Nam
3248 4226 3389 4281 etde

1808 4311 2122 4376 rhomplnea
2165 4310 2379 4362 illorum
2446 4311 2758 4374 didicimus,
2811 4314 2999 4379 quales
3053 4323 3106 4368 et
3153 4327 3387 4385 quantas

1811 4401 1951 4469 apud
1976 4416 2070 4455 vos
2111 4412 2323 4470 strages
2369 4403 2617 4455 ediderit.
2653 4410 2826 4471 Atque
2858 4405 2971 4458 haec
3000 4407 3182 4460 omnia
3216 4424 3389 4472 poma

1815 4503 1966 4556 sunt,
1997 4510 2024 4546 a
2061 4493 2168 4546 Deo
2201 4503 2418 4562 propter
2456 4495 2888 4563 imptenitenteni
2962 4501 3226 4553 malitiam
3289 4519 3387 4556 no-

119 4581 490 4654 ἀμετανοήτῳ
541 4582 695 4650 ἡμῶν
737 4583 925 4652 κακίᾳ.
959 4583 1146 4650 Ὅμως
1195 4584 1281 4647 σὺ,
1332 4583 1462 4652 ἄνερ
1511 4582 1699 4649 ἀγαθὲ,

1812 4594 1980 4637 stram
2016 4585 2252 4638 inﬂictae.
2292 4585 2372 4638 Tu
2408 4595 2608 4648 tamen,
2643 4586 2724 4639 vir
2760 4588 2920 4652 bone,
2970 4605 3032 4642 ac
3071 4590 3242 4646 frater
3281 4594 3381 4647 ho-

120 4673 213 4723 καὶ
252 4674 455 4743 ἁδελφέ
511 4673 826 4742 τιμιώτατε,
880 4674 1036 4744 στῆθι
1084 4676 1178 4724 καὶ
1229 4675 1477 4744 ἀνδρίζου
1525 4677 1581 4725 ἐν
1627 4675 1704 4742 τῷ

121 4762 487 4833 καθηγεῖσθαι
535 4766 635 4832 τῆς
680 4766 1040 4833 ἀδελφότητος
1062 4781 1076 4794 ·
1114 4766 1188 4833 μὴ
1217 4766 1537 4818 ὑποπίπτων
1569 4765 1701 4818 ἀθυ-

123 4851 241 4923 μίᾳ,
278 4855 384 4908 κᾶν
417 4855 612 4908 πολλαὶ
657 4856 714 4907 αί
746 4856 1056 4908 δυσκολίαι·
1090 4855 1164 4924 μὴ
1208 4857 1543 4926 ἀποκάμνων
1581 4859 1699 4918 ταῖς

120 4945 400 5016 ἀπορίαις,
421 4948 529 5000 κᾶν
557 4950 589 5016 ἡ
617 4949 767 5017 ἰσχὺς
795 4950 1127 5001 δαπανᾶται.
1147 4949 1307 5000 Ἀλλά
1329 4948 1544 5018 πρῶτον
1574 4947 1692 5015 μὲν,

122 5031 149 5083 ὃ
181 5035 272 5086 καὶ
299 5037 522 5107 πρώτου
544 5037 703 5102 λόγου
722 5038 838 5089 ἐστὶ
862 5038 1104 5106 ζήτημα,
1131 5037 1232 5105 τὴν
1259 5037 1441 5088 πίστιν
1469 5036 1696 5104 φρούρει

123 5123 338 5196 ἀσφαλῆ
373 5128 474 5180 καὶ
499 5127 836 5197 ἀκρὰδαντον
858 5168 872 5190 ,
907 5127 1124 5195 φεύγων
1144 5130 1242 5195 τὴν
1275 5127 1560 5179 κοινωνίαν
1592 5126 1697 5177 τῶν

124 5212 447 5282 ἑτεροδόξων
483 5217 720 5286 παντοίῳ
750 5219 954 5288 τρόπῳ.
991 5217 1129 5271 Ἱσθι
1174 5218 1282 5286 γὰρ
1333 5217 1415 5270 ὅτι
1459 5215 1698 5283 διωγμὸς

124 5305 352 5374 πάρεστι
381 5327 395 5340 ·
433 5311 531 5363 καὶ
558 5311 620 5361 οὺ
649 5311 1007 5380 τελειότητος,
1043 5309 1105 5361 τὸ
1138 5310 1280 5378 ὑμᾶς
1307 5310 1444 5362 οἴκοι
1469 5306 1695 5370 καθέζε-

128 5393 284 5460 σθαι,
318 5403 414 5453 καὶ
447 5400 746 5462 ἁδιώκτους
787 5400 1062 5469 διαμένειν
1086 5415 1100 5428 ·
1151 5399 1262 5452 τῶν
1295 5397 1553 5469 ζηλωτῶν
1599 5395 1698 5464 τῆς

126 5483 402 5554 εὐσεϐείας
448 5489 622 5542 πολλὰ
660 5490 1039 5542 πεπονθότων·
1090 5489 1185 5541 καὶ
1225 5489 1526 5559 μαρτυρίου
1583 5487 1698 5539 διά-

191 5599 235 5629 ⁹¹
264 5601 283 5654 l
321 5604 448 5661 Cor.
477 5620 592 5670 xw,
630 5603 717 5660 26.
797 5608 844 5640 ⁹⁸
871 5609 915 5662 ll
946 5606 1138 5661 Thess.
1175 5620 1231 5671 ιι,
1266 5609 1320 5671 8,
1352 5622 1422 5659 vr.

1811 4675 2184 4738 noratissime,
2225 4685 2308 4728 sta
2333 4684 2386 4728 et
2427 4676 2653 4728 viriliter
2677 4691 2776 4745 age
2830 4677 2881 4730 in
2923 4679 3244 4746 praafectnra
3270 4681 3380 4736 fra-

1809 4777 1949 4818 trum
1985 4784 1996 4818 :
2036 4782 2133 4819 nec
2161 4766 2344 4818 animo
2368 4767 2552 4830 cadas,
2585 4770 2837 4836 quamvis
2877 4772 3060 4824 multa:
3097 4774 3205 4825 sint
3238 4773 3380 4826 ditli-

1806 4860 2076 4922 cultates;
2111 4874 2209 4911 nec
2242 4857 2458 4911 fatiseas
2491 4859 2544 4911 in
2601 4861 2892 4929 angustiis,
2950 4863 3050 4916 etsi
3073 4864 3216 4918 vires
3243 4879 3396 4918 con-.

1805 4959 2119 5001 sumuntur.
2157 4947 2261 5002 Sed
2303 4949 2539 5018 primum
2574 4954 2816 5020 quidem,
2862 4956 3006 5022 quod
3054 4956 3230 5022 primo
3261 4957 3380 5011 loco

1804 5041 2086 5107 quaeritur,
2125 5040 2284 5093 tidem
2326 5057 2482 5094 serva
2508 5045 2719 5096 lirmam
2747 5052 2800 5097 et
2839 5043 3246 5112 inconcussam,
3283 5047 3378 5100 he-

1805 5131 2192 5185 terodoxorum
2223 5134 2664 5188 communionem
2707 5137 2881 5191 modis
2937 5141 3196 5193 omnibus
3226 5139 3379 5193 devi-

1809 5233 1949 5275 tans.
1985 5221 2104 5277 Scis
2154 5226 2297 5277 enim
2346 5226 2537 5279 adesse
2594 5231 3051 5295 persecutionem,
3113 5247 3214 5285 nec
3252 5247 3377 5299 per-

1805 5313 2053 5368 fectionis
2091 5330 2210 5368 esse
2270 5316 2506 5369 residere
2535 5332 2629 5372 vos
2680 5317 2850 5385 domi,
2885 5331 3045 5388 atque
3071 5333 3220 5374 extra
3255 5338 3376 5390 per-

1801 5407 2136 5460 secutionem
2212 5424 2568 5475 permanere;
2634 5411 2784 5474 dum,
2839 5412 2931 5476 qui
3001 5413 3118 5467 zelo
3161 5414 3380 5481 pietatis

1806 5498 2055 5566 ﬂagrant,
2101 5499 2268 5552 multa
2327 5500 2626 5568 patiuntur,
2667 5503 2944 5557 nonnullis
2989 5504 3099 5573 jam
3134 5505 3378 5573 martyrii

1632 5696 1860 5757 NOT.E.

202 5827 305 5895 ΠΙ)
333 5830 385 5885 In
415 5833 533 5888 cod.
575 5831 687 5901 Reg
745 5843 884 5905 ρπα’.
