3976 6322
128 373 247 439 155Ί

1324 367 1857 429 EPISTOLARUM
1909 369 2051 428 LIB.
2092 368 2174 428 II.
2204 336 2210 343 ’

3236 369 3368 432 1558

125 482 254 555 εἶχον
284 486 331 539 οἱ
359 486 521 553 ἅγιοι.
563 482 676 535 Νῦν
707 481 764 534 δὲ
799 479 1115 534 τούναντίον
1145 479 1285 531 κατὰ
1320 479 1387 533 τὰ
1418 495 1680 550 προειρη-

1807 480 2032 534 ιθηιίιηιε
2091 480 2358 545 contenti,
2415 480 2630 534 dulcem
2686 482 2848 563 vitam
2903 492 3149 551 agentes,
3201 483 3367 535 etiam

128 581 271 647 μένα.
315 579 412 630 Διὰ
439 575 600 630 τοῦτο
633 575 728 629 καὶ
759 577 787 628 6
816 571 1195 644 περισπασμὸς
1226 573 1374 640 ὑμῖν,
1424 571 1511 625 ἵνα
1550 589 1682 644 προ-

125 672 274 741 στεθῇ
319 671 375 724 ἓν
408 668 691 739 ἀργύριον,
744 667 778 737 ἢ
823 665 881 718 ἓν
912 665 1131 737 χρύσιον
1176 664 1253 735 τῷ
1285 665 1385 736 ἤδη
1427 682 1683 736 προστοι-

123 760 362 815 6ασθέντι
408 761 678 832 κέρματι·
734 761 870 830 ὅπερ
919 758 1040 811 ἐστὶ
1073 755 1439 829 φιλαργυρίας
1482 757 1679 840 πάθος,

124 858 210 910 καὶ
242 855 531 910 Ἰουδαϊκὸν
564 853 936 924 ἀποτέλεσμα.

201 1125 435 1195 Ἐρωτῶ,
480 1127 574 1180 καὶ
621 1127 957 1200 ἀποκρίθητέ
1002 1146 1127 1198 μοι·
1159 1129 1349 1200 Ἔχετε
1392 1129 1557 1200 ἄρτον
1589 1133 1684 1184 καὶ

120 1213 276 1282 οἶνον,
317 1219 410 1272 καὶ
452 1219 633 1273 ἔλαιον
680 1221 801 1272 κατ’
849 1219 1155 1291 ὀλιγότητα,
1193 1222 1290 1273 σὺν
1340 1224 1454 1285 τοῖς
1503 1222 1684 1285 ἄλλοις

120 1309 438 1379 ἐπιτηδείοις
484 1312 579 1363 καὶ
630 1315 1011 1379 τροφευτικοῖς
1060 1312 1153 1364 τοῦ
1191 1311 1442 1382 σώματος
1467 1355 1482 1375 ,
1520 1312 1684 1383 μέχρι

123 1401 283 1472 μηνὸς
309 1402 423 1466 ἐνὸς
452 1402 485 1472 ἢ
521 1398 697 1467 δυοῖν;
721 1401 815 1454 ἐὰν
845 1402 1238 1472 κατανεύσητε,
1277 1405 1439 1475 χάρις
1470 1405 1687 1475 Κυρίῳ.

121 1492 181 1543 Ei
209 1491 263 1544 δὲ
307 1493 379 1562 μὴ
403 1533 418 1556 ,
449 1490 685 1560 πρίασθε
709 1533 724 1557 ,
755 1489 814 1557 ἐξ
861 1485 922 1545 οὗ
955 1492 1164 1545 δέδωκα.
1193 1494 1322 1563 ὑμῖν
1351 1495 1684 1564 νομίσματος

119 1584 240 1651 ἄρτι
258 1599 270 1611 ·
305 1583 399 1634 καὶ
428 1582 604 1645 οὐδεὶς
632 1583 1039 1653 περισπασμὸς,
1073 1585 1166 1637 καὶ
1193 1585 1418 1654 οὐδεμία
1447 1587 1681 1657 ταραχή.

131 1674 399 1743 Ἱκανήσει
429 1671 539 1742 γὰρ
568 1669 662 1726 οἷδ’
689 1674 772 1727 ὅτι
802 1675 896 1726 καὶ
922 1674 1348 1746 τετραμηνιαίου
1379 1675 1572 1746 χρόνου
1605 1678 1685 1740 είς

121 1767 324 1838 χρείαν.
387 1767 495 1818 Καὶ
539 1767 628 1819 ὅτε
675 1766 1009 1837 ἀπορήσετε,
1060 1767 1222 1820 πάλιν
1267 1767 1303 1838 ἢ
1350 1766 1600 1820 ἐντεῦθεν
1650 1767 1684 1837 ἢ

119 1861 357 1924 ἄλλοθεν,
415 1857 714 1930 προσθείην
766 1859 811 1911 δ’
866 1858 932 1913 ἂν
979 1859 1072 1912 καὶ
1114 1862 1179 1914 ἐκ
1226 1859 1319 1913 τοῦ
1370 1859 1689 1932 ἐργοχείρου
1721 1839 1764 1892 Β

122 1955 293 2024 ὑμῶν,
315 1955 344 2006 6
371 1953 591 2020 τρέφων
620 1952 689 2004 τὰ
713 1951 912 2016 πάντα,
952 1951 1173 2022 θρέψειε
1205 1955 1298 2006 καὶ
1324 1953 1489 2024 ὑμᾶς.
1522 1945 1692 2015 Οὗτος

119 2050 151 2098 6
203 2047 314 2114 βίος
365 2045 619 2114 ἄριστοςο
678 2043 853 2106 οὕτως
911 2044 1002 2097 τὸν
1047 2046 1282 2114 Χριστὸν
1329 2046 1490 2116 μέσον
1538 2045 1693 2115 ὑμῶν

123 2137 359 2208 σχοίητε,
392 2139 466 2205 πῆ
503 2137 600 2206 μὲν
633 2136 1014 2208 ἐργαζόμενοι,
1049 2137 1126 2206 πῆ
1156 2137 1211 2189 δὲ
1243 2137 1690 2208 προσευχόμενοι,

121 2232 217 2283 καὶ
250 2229 379 2282 ποτὲ
407 2229 505 2298 μὲν
533 2229 922 2299 ἡσυχάζοντες,
947 2229 1079 2282 ποτὲ
1109 2230 1164 2282 δὲ
1204 2231 1689 2299 ἀναγινώσκοντες.

120 2326 232 2378 Καὶ
282 2323 530 2377 ἀνατελεί
579 2322 708 2391 ὑμῖν
760 2320 876 2390 φῶς
918 2321 1133 2390 γλυκύ’
1187 2324 1279 2374 καὶ
1336 2323 1449 2383 τοῖς
1494 2321 1694 2391 ὁρῶσιν

124 2415 314 2468 ἔσεσθε
342 2414 563 2485 ἐραστοί
582 2429 596 2443 ’
625 2414 720 2465 καὶ
748 2413 882 2475 Θεὸς
913 2413 1306 2483 δοξασθήσεται
1331 2415 1389 2466 ἐν
1423 2414 1573 2484 ὑμῖν·
1601 2413 1695 2466 καὶ

119 2503 516 2570 ἀντιδοξάσειεν
575 2503 722 2572 ὑμᾶς
779 2502 874 2554 καὶ
923 2503 1019 2554 νῦν
1071 2503 1165 2554 καὶ
1212 2504 1268 2555 ἐν
1316 2501 1395 2573 τῷ
1448 2503 1694 2573 μέλλοντι

119 2596 298 2650 αἰῶνι.
363 2595 553 2666 Ἦμῶν
609 2612 667 2648 τε
734 2595 913 2649 αὐτῶν
963 2597 1072 2649 τῶν
1122 2596 1461 2666 ἁμαρτωλῶν
1505 2597 1695 2650 ἔσεσθε

121 2688 406 2758 καύχημα,
459 2688 553 2740 καὶ
594 2687 722 2759 ὅλης
760 2688 859 2756 τῆς
904 2687 1266 2758 ἁδελφότητος
1295 2688 1468 2751 κλέος.
1510 2688 1694 2742 Ταῦτα

121 2783 354 2853 εἴρηκα,
395 2779 493 2847 οὐχ
535 2779 610 2842 ὼς
642 2779 875 2850 ἐχόντων
904 2780 1057 2848 ὑμῶν
1101 2780 1322 2850 χρυσίον
1364 2781 1697 2851 τεθησαυρι-

123 2875 348 2944 σμένονο
396 2871 530 2942 μηδὲ
577 2871 662 2940 εἴη
696 2871 839 2941 ἐχειν
881 2871 1046 2940 ὑμᾶς,
1078 2874 1153 2935 ὼς
1183 2872 1250 2925 ἂν
1288 2871 1362 2943 μὴ
1395 2873 1692 2942 ἀκούσητε

125 2966 318 3018 Ὅπου
369 2965 403 3017 ὀ
458 2963 762 3030 θησαυρὸς
798 2960 999 3032 ὑμῶν,
1049 2963 1180 3016 ἐκεῖ
1230 2963 1328 3017 καὶ
1391 2965 1431 3030 ἡ
1485 2965 1700 3033 καρδία

121 3056 290 3125 ὑμῶν
315 3055 506 3109 ἔσται.
541 3054 824 3125 Θησαυρὸς
864 3054 920 3106 δέ
952 3057 1068 3108 ἐστι
1101 3055 1341 3126 μοναχῷ,
1387 3057 1481 3109 ἐὰν
1513 3057 1700 3109 ἐπάνω

1788 588 1914 627 cum
1950 574 2068 628 solo
2099 590 2238 643 pane
2281 581 2337 627 et
2385 588 2552 642 aqua,
2587 573 2804 642 qualem
2862 573 3138 627 duxerunt
3170 575 3364 627 sancti.

1788 664 1944 719 Nunc
1972 680 2102 719 vero
2133 681 2221 719 res
2252 665 2414 718 aliter
2455 679 2514 720 se
2553 664 2739 730 habet,
2777 671 2836 717 ut
2869 664 3126 733 superius
3163 665 3369 719 dictum

1788 767 1890 811 est.
1931 756 2081 811 Hanc
2119 758 2189 812 ob
2219 772 2335 810 rem
2361 764 2413 811 et
2459 756 2746 812 distractio
2808 756 3008 811 vobis:
3067 765 3128 810 ut
3178 771 3373 825 argen-

1788 857 1910 903 teus
1947 865 2087 904 unus
2131 849 2212 904 vel
2247 864 2449 903 aureus
2503 864 2646 903 unus
2682 849 2913 902 addatur
2964 848 3029 902 ad
3057 848 3373 902 nummulos

1785 942 1894 1010 jam
1926 949 2275 996 coacervatos
2305 957 2317 993 :
2356 940 2498 1009 quod
2524 941 2766 995 avaritia:
2794 941 3017 996 morbus
3065 951 3170 1004 est,
3205 955 3374 1010 opus-

1790 1047 1895 1101 que
1924 1029 2232 1085 Judaicum.

1859 1124 2075 1190 Quaeso,
2104 1123 2430 1193 respondete
2474 1125 2648 1190 mihi,
2693 1138 2879 1180 nonne
2919 1140 3112 1195 panem
3160 1126 3374 1183 habetis

1790 1223 1844 1270 et
1871 1215 2082 1280 vinum,
2112 1217 2505 1286 modicumque
2550 1219 2756 1282 oleum,
2809 1229 2933 1272 cum
2961 1218 3086 1273 aliis
3113 1228 3374 1288 opportu-

1792 1311 1899 1375 nis,
1961 1311 2162 1379 quibus
2207 1311 2274 1365 ad
2327 1327 2568 1366 mensem
2595 1327 2767 1365 unum
2821 1313 3029 1367 duosve
3072 1313 3370 1366 sustentari

1791 1417 1992 1470 corpus
2031 1403 2244 1471 possit?
2307 1401 2362 1456 Si
2401 1403 2728 1466 annueritis,
2792 1404 2912 1458 laus
2972 1402 3223 1460 Domino.
3274 1405 3370 1458 Sin

1791 1494 1996 1559 minus,
2038 1496 2203 1549 emite
2259 1495 2512 1564 pecunia,
2575 1511 2742 1564 quam
2783 1495 2938 1550 vobis
2985 1512 3160 1566 nuper
3206 1497 3370 1558 dedi;

1790 1594 1844 1640 et
1879 1587 2024 1640 nulla
2057 1588 2163 1641 erit
2193 1589 2500 1653 distractio,
2530 1597 2584 1644 et
2626 1588 2776 1642 nulla
2808 1591 3170 1659 perturbatio.
3203 1591 3371 1646 Sulli-

1791 1680 1897 1732 cict
1922 1679 2091 1743 enim,
2116 1688 2202 1732 sat
2226 1680 2359 1742 scio,
2380 1680 2460 1732 vel
2489 1680 2555 1734 ad
2578 1691 2814 1747 quatuor
2831 1680 3103 1736 mensium
3136 1687 3377 1738 necessi-

1795 1779 1979 1824 tatem.
2012 1769 2228 1826 Etcum
2275 1771 2608 1841 indigebitis,
2657 1788 2849 1828 rursus
2872 1773 2968 1842 qui
3008 1774 3107 1829 alit
3161 1777 3375 1842 omnia,

1794 1862 1943 1916 illinc
1971 1870 2066 1916 aut
2101 1861 2347 1929 aliunde,
2380 1863 2682 1918 addiderim
2708 1879 2832 1933 ego,
2878 1873 2932 1919 et
2963 1879 3030 1918 ex
3058 1879 3225 1933 opere
3254 1881 3372 1920 ma-

1795 1969 1962 2006 nuum
1995 1961 2324 2017 vestrarum,
2351 1970 2448 2010 vos
2505 1957 2731 2012 nutriet.
2781 1955 2909 2012 Hec
2951 1959 3060 2014 vita
3101 1970 3376 2029 praestan-

1797 2045 2005 2099 tissima
2035 2063 2050 2099 :
2079 2047 2158 2101 sic
2178 2046 2459 2101 Christum
2499 2048 2640 2102 inter
2670 2063 2770 2104 vos
2805 2050 3097 2115 habebitis,
3123 2066 3271 2105 nunc
3292 2051 3376 2104 la—

1795 2137 2072 2198 borautcs,
2106 2153 2252 2190 nunc
2286 2147 2524 2200 orantes,
2564 2147 2616 2193 et
2651 2139 2925 2193 interdum
2963 2141 3184 2210 quidem
3213 2141 3377 2211 quie-

1794 2237 2026 2291 sceutes,
2059 2226 2326 2280 interdum
2346 2228 2602 2297 legentes.
2628 2227 2695 2282 Et
2719 2229 2928 2284 orietur
2951 2230 3105 2286 vobis
3133 2231 3226 2284 lux
3250 2231 3374 2285 dul-

1794 2317 1896 2380 cis,
1927 2328 1981 2372 et
2015 2318 2355 2374 intuentibus
2400 2320 2669 2375 amabiles
2697 2321 2854 2376 eritis
2884 2339 2900 2387 ;
2933 2331 2990 2376 et
3041 2321 3185 2378 Deus
3211 2323 3378 2394 glori-

1796 2409 2047 2464 ﬁcabitur
2079 2412 2132 2465 in
2180 2412 2358 2481 vobis,
2401 2423 2457 2467 et
2492 2413 2739 2468 vicissim
2793 2413 3129 2484 gloriﬁcabit
3161 2431 3283 2481 vos,
3323 2427 3378 2471 et

1797 2516 1939 2556 nunc
1984 2512 2039 2558 et
2069 2503 2122 2556 in
2170 2503 2354 2557 futuro
2378 2503 2603 2559 saeculo.
2655 2507 2733 2560 Ac
2792 2513 2978 2560 nostra
3008 2522 3248 2578 quoque,
3281 2511 3377 2576 qui

1796 2602 2109 2662 peccatores
2136 2610 2346 2660 sumus,
2411 2596 2663 2666 gloriatio
2689 2598 2864 2664 eritis,
2903 2610 2958 2655 et
2981 2600 3252 2656 universa:
3287 2617 3380 2655 so-

1797 2684 2014 2742 cietatis
2051 2687 2241 2742 decus.
2290 2686 2414 2740 Haec
2439 2687 2574 2753 dixi,
2617 2705 2724 2743 non
2765 2691 2925 2760 quasi
2965 2707 3160 2746 aurum
3185 2706 3379 2746 recon-

1798 2776 1972 2832 ditum
2007 2795 2103 2833 vos
2148 2780 2434 2834 habeatis:
2470 2796 2647 2849 neque
2677 2797 2807 2836 vero
2845 2783 3126 2855 contingat
3148 2799 3248 2839 vos
3279 2784 3381 2838 ha-

1799 2871 1948 2935 bere,
1979 2886 2045 2925 ne
2070 2872 2346 2926 audiatis:
2403 2869 2504 2926 Ubi
2549 2872 2829 2928 thesaurus
2860 2885 3050 2936 vester,
3096 2874 3170 2928 ibi
3199 2883 3250 2929 et
3290 2892 3383 2929 cur

1799 2972 2028 3016 vestrum
2067 2966 2164 3017 erit
2194 2965 2266 3018 θ’.
2304 2960 2622 3018 Thesaurus
2677 2979 2842 3032 porro
2878 2974 2964 3020 est
3003 2968 3297 3033 monacho,
3332 2969 3379 3022 si

1801 3070 1964 3123 supra
2005 3064 2114 3109 tres
2160 3070 2440 3121 nummos,
2491 3054 2634 3110 sicut
2688 3055 2830 3125 apud
2871 3055 3064 3112 Patres
3118 3057 3384 3126 scriptum

121 3149 233 3201 τῶν
277 3147 444 3218 τριῶν
478 3147 853 3217 νομισμάτων,
900 3148 1041 3200 κατὰ
1088 3147 1148 3200 τὸ
1198 3150 1586 3219 γεγραμμένον
1643 3150 1701 3202 ἐν

1807 3147 2020 3217 legitur,
2081 3145 2186 3199 sibi
2218 3147 2508 3215 acquirat:
2565 3146 2730 3216 idque
2789 3155 2849 3200 ut
2897 3148 3042 3201 inter
3099 3148 3384 3203 mendicos

123 3245 238 3304 τοῖς
267 3243 514 3313 Πατράσι
539 3281 553 3303 ,
601 3241 1026 3311 περιποιήσηταί
1054 3259 1138 3305 τις
1168 3240 1346 3311 ἑαυτῷ
1368 3283 1383 3306 ,
1418 3242 1510 3295 καὶ
1545 3240 1705 3294 τοῦτο

121 3335 220 3388 ἐπὶ
269 3333 377 3385 τῶν
418 3331 650 3403 πτωχῶν
697 3331 796 3400 τὴν
839 3331 1109 3384 διάνοιαν·
1151 3334 1275 3386 ἐπεὶ
1322 3335 1415 3397 ὅγε
1471 3334 1706 3405 ἀκριόὴς

127 3423 387 3496 μοναχὸς,
441 3425 535 3475 καὶ
585 3422 864 3486 δεσπόζων
913 3423 1120 3494 κόσμου
1173 3423 1240 3476 δι’
1294 3424 1704 3495 ἀκτημοσύνης,

122 3517 249 3570 οὐδὲ
291 3514 348 3568 ἓν
394 3516 657 3586 ἀργύριον
703 3516 1000 3585 κέκτηται·
1045 3517 1138 3569 καὶ
1179 3517 1375 3586 κράζει
1429 3516 1569 3586 μετὰ
1611 3517 1706 3569 τοῦ

123 3609 286 3677 ἁγίου
313 3606 525 3661 Παύλου
547 3622 559 3634 ’
591 3607 683 3673 Ὧς
713 3608 947 3675 πτωχὸς
975 3606 1105 3676 ἐγὼ,
1131 3608 1402 3674 πολλοὺς
1426 3607 1493 3660 δὲ
1522 3612 1709 3661 πλου-

122 3700 335 3762 τίζων·
377 3699 476 3752 καὶ
529 3699 610 3764 ὡς
648 3699 720 3751 τὰ
767 3699 964 3753 πάντα
1020 3699 1309 3768 κατέχων,
1356 3701 1453 3753 καὶ
1513 3699 1709 3769 μηδὲν

123 3795 306 3861 ἔχων.
347 3792 459 3846 Καὶ
490 3792 599 3861 γὰρ
627 3793 654 3844 6
683 3789 814 3854 Θεὸς
843 3792 920 3863 τῷ
957 3791 1183 3862 τοιούτῳ
1211 3791 1476 3844 πάντοθεν
1503 3792 1709 3860 ἀνοίγει

124 3887 324 3956 θύραν,
359 3884 455 3938 καὶ
485 3882 839 3954 ἡσυχάζοντι,
869 3886 964 3937 καὶ
993 3884 1330 3955 διωκομένῳ,
1355 3883 1450 3937 καὶ
1479 3884 1713 3953 φυλακι-

123 3979 364 4049 ζομένῳ,
401 3978 495 4030 καὶ
521 3975 699 4028 ὁτιοῦν
733 3975 999 4044 πάσχοντι
1025 3975 1231 4047 ἕτερον.
1260 3975 1369 4028 Καὶ
1395 3975 1706 4046 Χριστοφό-

124 4090 225 4144 ρος
253 4074 282 4125 6
307 4069 553 4133 τοιοῦτος
578 4070 673 4122 καὶ
699 4069 1025 4139 Χριστιανὸς
1058 4069 1332 4140 ἀληθινὸς,
1356 4070 1449 4123 καὶ
1479 4070 1709 4140 ἄγγελος

123 4165 222 4218 ἐπὶ
252 4165 379 4234 γῆς,
403 4163 498 4215 καὶ
527 4161 861 4232 θεομίμητος
887 4159 1046 4232 ἀνὴρ,
1073 4163 1166 4215 καὶ
1193 4163 1529 4234 κληρονόμος
1548 4162 1708 4230 Θεοῦ,

125 4248 579 4321 συγκληρονόμος
606 4249 664 4301 δέ
689 4250 950 4319 Χριστοῦ.

199 4341 492 4412 Σκέψασθε
524 4341 617 4395 οῦν
641 4341 850 4401 λοιπὸν,
896 4337 940 4394 ῶ
968 4341 1186 4411 ἀδελφοὶ
1213 4383 1227 4403 ,
1257 4343 1349 4418 τδν
1389 4343 1544 4412 λόγον
1565 4361 1578 4376 ’
1617 4346 1711 4398 καὶ

120 4435 176 4488 εἰ
208 4433 313 4505 μὲν
343 4434 652 4502 τρινομείτε
691 4432 995 4502 ἀμφότεροι
1015 4472 1030 4497 ,
1056 4432 1156 4485 οὐκ
1185 4433 1481 4502 ἀπόϐλητοι
1517 4436 1575 4485 ἐν
1612 4451 1710 4503 μο-

1813 3238 2028 3291 censeri
2053 3238 2226 3308 possit
2253 3258 2265 3292 :
2287 3252 2394 3306 qua
2413 3247 2640 3294 exactus
2655 3240 2980 3305 monachus,
3002 3248 3057 3295 et
3079 3241 3171 3312 qui
3197 3240 3386 3296 mundi

1811 3329 2066 3384 dominus
2095 3339 2179 3384 est
2226 3344 2323 3399 per
2368 3339 2691 3400 egestatem,
2720 3346 2788 3384 ne
2840 3347 3009 3385 unum
3034 3332 3256 3402 quidem
3290 3348 3387 3386 ar-

1810 3431 2064 3490 genteum
2101 3422 2367 3492 possidet,
2400 3421 2710 3492 clamatque
2763 3435 2890 3476 cum
2935 3433 3128 3479 sancto
3174 3424 3384 3479 Paulo:

1812 3511 1960 3565 Sicut
1980 3530 2131 3584 egens
2152 3530 2244 3583 ego
2271 3523 2318 3566 et
2349 3512 2542 3566 multos
2559 3513 2920 3582 locupletum;
2942 3523 2992 3569 et
3017 3523 3270 3584 tanquam
3287 3532 3392 3568 om-

1817 3606 1908 3657 nia
1933 3608 2230 3673 possidens,
2248 3615 2294 3659 et
2331 3606 2462 3658 nihil
2492 3605 2690 3660 habens
2719 3605 2755 3660 ⁸.
2782 3605 2995 3660 Etenim
3026 3605 3172 3662 Deus
3198 3625 3271 3676 et,
3292 3609 3388 3676 qui

1812 3697 1936 3751 talis
1973 3709 2078 3762 est,
2116 3699 2318 3768 ubique
2347 3699 2850 3768 aperitjanuam,et
2881 3699 3118 3768 quietem
3142 3701 3386 3765 habenti,

1810 3796 1865 3841 et
1890 3791 2330 3858 persecutionem
2387 3789 2638 3860 patienti,
2675 3799 2729 3844 et
2757 3791 2810 3845 in
2851 3792 3099 3846 custodia
3144 3792 3389 3859 detento,

1810 3889 1905 3933 aut
1933 3882 2039 3935 alia
2075 3882 2270 3952 quavis
2299 3897 2540 3935 aerumna
2572 3898 2858 3952 oppresso.
2888 3883 2955 3939 Et
2987 3886 3129 3944 talis.
3153 3885 3388 3942 Christi-

1811 3970 1980 4027 ferae
2009 3961 2172 4029 verus
2207 3984 2292 4028 est
2313 3974 2684 4041 Christianus,
2727 3985 2784 4030 et
2825 3977 3120 4047 angelusin
3155 3988 3318 4041 terra,
3337 3991 3393 4034 et

1810 4064 1978 4119 Deum
2025 4065 2249 4121 imitans
2290 4066 2401 4133 vir,‘
2421 4076 2476 4122 et
2521 4068 2697 4124 haeres
2754 4068 2872 4138 Dei,
2925 4071 3169 4128 cohaeres
3204 4084 3393 4130 autem

1811 4157 2015 4212 Christi
2040 4160 2084 4213 ³.

1885 4331 2158 4386 Attendite
2209 4333 2392 4401 igitur,
2453 4331 2674 4393 fratres,
2733 4332 2800 4387 ad
2840 4335 2985 4390 hunc
3042 4349 3390 4404 sermonem;

1813 4432 1866 4476 et
1901 4423 1948 4478 si
1978 4424 2197 4490 quidem
2237 4432 2349 4477 tres
2395 4432 2607 4477 tantum
2645 4441 2903 4480 nummos
2960 4428 3171 4482 habetis
3205 4428 3391 4490 ambo,

121 4527 340 4596 ναχοϊς,
383 4523 526 4579 κατὰ
568 4523 631 4576 τὸ
660 4523 969 4593 ὑπόδειγμα
1012 4522 1072 4576 τὸ
1111 4523 1411 4595 πατρικόν·
1443 4526 1492 4576 εί
1521 4524 1577 4577 δὲ
1612 4526 1703 4578 ἐπε

1820 4530 1926 4568 non
1985 4515 2118 4569 cstis
2161 4514 2439 4584 rejiciendi
2485 4530 2554 4568 ex
2607 4516 2912 4581 monachis,
2959 4517 3118 4586 juxta
3167 4518 3391 4574 Patrum

120 4622 243 4676 ἀνω
278 4615 731 4687 δεκανομοῦντες,
772 4615 952 4678 καθὼς
985 4614 1189 4681 ἀκούω,
1222 4615 1255 4686 ἢ
1292 4616 1386 4670 καὶ
1417 4615 1584 4686 πρός·
1627 4633 1712 4685 γι-

120 4712 377 4765 νώσκετε
405 4709 676 4762 έκπτωτοι
694 4704 835 4760 εἶναι
860 4708 960 4777 τῆς
985 4707 1288 4777 μοναχικῆς
1303 4709 1712 4774 καταστάσεως,

121 4805 223 4859 καὶ
251 4804 598 4873 θεραπευταὶ
627 4803 686 4854 οὑ
723 4801 986 4871 Χριστοῦ,
1023 4799 1158 4853 ἀλλὰ
1186 4801 1280 4853 τοῦ
1315 4801 1592 4854 ἐναντίου·
1621 4804 1717 4855 κα)⁸

117 4899 300 4950 τέκνα
323 4896 427 4948 οὐκ
454 4893 590 4962 ἐμοῦ
617 4892 712 4947 τοῦ
745 4893 1024 4957 ταπεινοῦ,
1051 4893 1188 4945 ἀλλὰ
1213 4893 1306 4945 τοῦ
1334 4893 1722 4964 φιλοχρυσοῦν-

118 5006 240 5052 τος.
277 4986 492 5052 Δόξειεν
523 4986 668 5055 ὑμᾶς
694 4984 895 5052 λέγειν,
924 4985 1006 5037 ὅτι
1037 4985 1248 5054 Ἔχεις,
1279 4985 1368 5038 ναί
1389 5002 1403 5016 ο
1451 4987 1574 5039 tne‘t
1627 4987 1723 5040 καὶ

122 5080 373 5151 Χριστὸς
421 5078 511 5132 διὰ
557 5077 653 5130 τοῦ
703 5077 1090 5147 γλωσσοκόμου
1140 5070 1202 5130 οῦ
1251 5079 1590 5148 ἐπεφέρετο,
1627 5079 1724 5132 καὶ⁸

124 5175 243 5235 πᾶς
291 5169 710 5241 καθηγούμενος
757 5170 853 5222 καὶ
890 5170 1172 5240 προεστὼς
1200 5168 1312 5221 τῶν
1354 5166 1716 5239 Ἐκκλησιῶν.

135 5265 317 5320 Ἀλλὰ
345 5264 436 5318 διὰ
463 5264 561 5335 τὴν
590 5261 902 5332 οἰκονομίαν
920 5263 1017 5331 τῆς
1047 5262 1426 5331 ἀδελφότητος.
1448 5264 1583 5331 Φησὶ
1609 5264 1719 5333 γὰρ

124 5360 188 5409 ἐν
241 5354 324 5425 τῷ
376 5353 697 5424 Εὐαγγεὶίῳ
737 5355 765 5406 6
809 5352 1015 5423 Κύριος
1068 5353 1203 5422 πρὸς
1250 5351 1340 5402 τὸν
1378 5352 1609 5405 ἰούδανο
1651 5355 1718 5405 Ὃ

126 5450 353 5515 ποιεῖς,
401 5448 665 5514 ποίησον
700 5446 926 5515 τάχιον.
981 5445 1160 5499 Τοῦτο
1201 5443 1270 5496 δὲ
1318 5444 1518 5508 οὐδεὶς
1571 5446 1723 5513 ἔγνω

125 5541 256 5595 τῶν
285 5537 698 5606 ἀνακειμένων
727 5537 877 5604 πρὸς
913 5535 970 5588 τί
997 5531 1166 5589 εἶπεν
1191 5533 1370 5599 αὐτῷ.
1415 5533 1582 5600 Τινὲς
1614 5536 1722 5604 γὰρ

123 5632 418 5696 ἐδόκουν,
449 5628 578 5683 ἐπεὶ
606 5628 671 5681 τὸ
702 5629 1138 5698 γλωσσόκομον
1159 5620 1326 5694 εἶχεν
1371 5625 1611 5690 Ἰούδας,
1631 5624 1720 5677 ὅτι

204 5805 251 5837 ’⁸
283 5802 421 5859 Luc.
457 5816 553 5869 xu,
594 5800 684 5855 ‘51.
767 5800 781 5831 ¹
813 5799 938 5855 Cor.
975 5815 1044 5864 v1,
1090 5798 1178 5852 10.

1297 5799 1316 5827 ²
1350 5796 1508 5852 Rom.
1539 5813 1656 5865 rm,
1704 5798 1786 5852 18.

1818 4606 2145 4675 exemplum.
2189 4608 2259 4658 At
2290 4606 2335 4660 si
2385 4620 2552 4674 supra
2581 4606 2768 4660 decem
2819 4624 3096 4674 nummos,
3122 4619 3181 4663 ut
3207 4611 3392 4674 audio,

1821 4700 1905 4752 vel
1945 4699 2202 4766 amplius,
2243 4698 2437 4752 scitule
2468 4713 2569 4754 vos
2615 4700 3012 4753 monachorum
3050 4711 3193 4756 statu
3246 4707 3395 4757 exci-

1821 4791 1990 4855 disse,
2041 4790 2387 4859 cultoresque
2434 4804 2579 4856 esse,
2631 4805 2741 4843 non
2791 4790 3019 4855 Christi,
3072 4793 3170 4847 sed
3199 4797 3392 4849 adver-

1823 4882 1993 4948 sarii;
2026 4891 2079 4935 et
2104 4880 2244 4936 ﬁlios
2267 4896 2409 4947 esse,
2446 4897 2554 4935 non
2587 4881 2914 4938 humilitatis
2939 4899 3092 4949 meae,
3131 4885 3226 4940 sed
3246 4885 3395 4941 illius

1819 4975 1912 5044 qui
1938 4990 2134 5029 aurum
2164 4983 2334 5028 amat.
2387 4972 2590 5030 Dicetis
2622 4973 2860 5032 fortasse
2898 4975 3100 5031 habere
3131 4993 3229 5034 vos
3268 4981 3395 5049 qui-

1821 5068 1964 5130 dem,
2001 5067 2093 5121 sed
2115 5075 2169 5120 et
2228 5066 2506 5120 Christum
2561 5067 2772 5122 loculos
2824 5067 3107 5133 habuisse,
3154 5068 3396 5139 itemque

1823 5160 2171 5231 praepositum
2217 5173 2439 5212 omnem
2507 5173 2572 5212 ac
2603 5159 2889 5229 praesidem
2925 5159 3307 5216 Ecclesiarum.
3328 5165 3399 5217 At

1826 5252 1901 5305 illi
1939 5253 2041 5304 hoc
2081 5260 2341 5318 tanquam
2380 5248 2613 5304 fratrum
2648 5252 2944 5306 (economi.
2977 5253 3117 5308 Dicit
3165 5255 3312 5309 enim
3341 5255 3400 5311 in

1826 5342 2117 5412 Evangelio
2150 5342 2411 5397 Dominus
2447 5341 2643 5398 Iudae:
2694 5343 2848 5410 Quod
2897 5346 3054 5415 facis,
3106 5347 3192 5416 fac
3216 5349 3399 5404 citius.

1833 5433 1945 5486 Hoc
1971 5447 2144 5487 autem
2169 5449 2318 5486 nemo
2354 5434 2509 5487 scivit
2568 5435 3009 5489 discumbentium
3059 5436 3128 5489 ad
3149 5437 3277 5506 quid
3319 5439 3404 5491 di-

1825 5529 1961 5582 xerit
1995 5529 2060 5581 ei.
2100 5527 2333 5593 Quidam
2367 5529 2506 5581 enim
2534 5530 2818 5597 putabant,
2859 5531 2986 5600 quia
3012 5531 3212 5584 locu’los
3246 5531 3405 5584 habe-

1824 5621 1914 5674 bat
1935 5621 2128 5688 Judas,
2161 5621 2299 5692 quod
2343 5622 2677 5677 dixissetsi:
2707 5621 2838 5678 Eme
2881 5640 2942 5677 ea
2966 5641 3081 5695 qua:
3129 5640 3256 5693 opus
3283 5635 3404 5679 sunt
