3976 6322
597 342 732 407 1559

1770 345 1832 403 S.
1870 341 2263 403 THEODORI
2313 341 2660 402 STUDITIE

3738 345 3861 407 1530

593 454 741 515 nobis
762 459 829 513 ad
860 461 1000 512 diem
1029 461 1224 529 festum
1248 476 1266 513 :
1307 470 1398 513 aut
1428 461 1605 530 egenis
1645 471 1701 514 ut
1724 460 1929 530 aliquid
1957 462 2105 514 daret
2128 461 2162 513 ³.

2275 457 2437 527 λέγει
2465 458 2648 525 αὐτῷ,
2686 458 3013 529 Ἀγόρασον
3033 455 3121 514 ὧν
3137 462 3349 529 χρείαν
3371 461 3609 531 ἔχομεν
3636 465 3734 530 εις
3759 470 3862 531 τὴν

592 552 686 606 Sic
716 551 782 605 ad
817 549 1179 605 imitationem
1207 549 1440 617 Christi,
1474 551 1731 607 omnibus
1757 552 1851 620 qui
1879 568 2004 607 vere
2031 568 2167 622 prae-

590 650 747 705 sunt,
777 640 989 695 loculos
1020 640 1221 694 habere
1253 640 1399 705 licet,
1440 656 1550 695 non
1571 642 1644 696 ob
1673 642 1819 697 aliud
1843 644 2165 714 quidquam,

593 734 773 789 absit!
818 734 927 786 Deo
966 736 1108 786 enim
1142 749 1461 803 magtmpere
1492 733 1763 805 displicet.
1792 734 1846 789 Si
1877 752 2007 805 ergo
2032 753 2169 807 prae--

591 827 737 880 sides
772 826 937 879 etiam
998 840 1093 878 vos
1124 825 1278 888 estis,
1338 835 1393 879 et
1441 826 1595 880 vobis
1634 826 1798 896 aliqui
1833 827 2014 897 largiti
2048 828 2166 881 fne-

592 921 724 984 rint,
756 919 1217 987 quemadmodum
1277 927 1331 973 et
1369 919 1589 973 Christo
1620 921 1742 987 ipsi,
1773 919 1837 973 de
1887 921 2165 987 facultati-

592 1017 685 1067 bus
709 1014 843 1076 suis,
873 1013 1015 1066 sicut
1044 1011 1304 1081 scriptum
1336 1022 1441 1078 est,
1474 1013 1718 1065 mulieres
1744 1030 1861 1082 qua:
1885 1014 2041 1066 illum
2089 1029 2167 1065 se-

589 1106 888 1175 quebantur
912 1106 934 1137 δ
964 1123 979 1162 :
1007 1114 1061 1159 et
1102 1104 1308 1159 sanctis
1336 1105 1590 1159 similiter
1619 1105 1710 1158 alii
1759 1116 1813 1158 et
1848 1106 1998 1159 alite:
2031 1106 2166 1159 bene

590 1198 789 1261 habet,
818 1199 1147 1267 possidentis
1179 1199 1324 1262 licet,
1356 1212 1464 1251 non
1494 1198 1684 1250 decem
1741 1212 2018 1261 nummos,
2070 1196 2165 1249 sed

590 1290 772 1344 decies
805 1291 992 1345 mille:
1032 1292 1168 1346 nihil
1196 1291 1341 1347 enim
1378 1297 1616 1344 vestrum
1654 1300 1758 1350 est,
1790 1289 1883 1342 scd
1920 1287 2161 1351 Christi;

588 1392 643 1436 et
670 1382 1077 1452 dispensatores
1109 1399 1204 1439 vos
1252 1382 1386 1438 estis
1418 1382 1690 1437 bonorum
1738 1382 1981 1447 Christi;
2023 1381 2166 1435 sicut

588 1487 641 1528 et
673 1475 872 1530 Paulus
903 1476 1090 1530 omnia
1124 1475 1432 1545 possidens,
1483 1474 1619 1528 nihil
1664 1474 1913 1537 habebat,
1951 1482 2005 1527 et
2041 1474 2166 1541 qui-

590 1582 810 1636 cunque
856 1569 997 1623 alius
1032 1567 1095 1621 ad
1127 1568 1271 1621 hunc
1321 1568 1465 1621 diem
1493 1581 1617 1618 cutn
1650 1562 1743 1618 Dei
1781 1565 1945 1618 timor
1966 1564 2161 1632 praefe-

586 1670 799 1713 cturam
829 1660 1015 1731 gessit.
1044 1659 1201 1725 Quod
1252 1659 1298 1713 si
1353 1657 1629 1727 praepositi
1659 1672 1767 1710 non
1801 1655 1955 1720 estis,
1994 1670 2058 1708 ac
2082 1654 2163 1707 di-

590 1761 932 1819 spensatores
961 1750 1291 1813 animarum,
1326 1750 1517 1801 hortor
1538 1756 1593 1801 et
1616 1748 1865 1808 obsecto,
1895 1755 1950 1799 ut
1968 1760 2163 1815 quam-

2268 548 2503 616 ἑορτὴν,
2548 550 2585 618 ἦ
2632 549 2753 616 τοῖς
2800 550 3058 621 πτωχοῖς
3103 552 3204 605 ἵνα
3244 552 3327 617 δῷ
3355 571 3436 609 τι.
3488 553 3696 618 Οὕτως
3732 562 3859 609 κατὰ

2269 642 2502 710 μίμησιν
2532 642 2793 712 Χριστοῦ,
2828 644 2888 697 ἐν
2935 645 3070 697 πᾶσι
3100 648 3211 707 τοῖς
3244 646 3527 715 ἀληθινοῖς
3575 649 3858 716 προεστῶ-

2269 748 2373 787 σιν.
2399 732 2513 783 ἔστι
2544 734 2761 795 πάντως
2787 734 2847 787 τὸ
2877 736 3281 803 γλωσσόκομον·
3303 740 3396 789 καὶ
3425 739 3486 789 οὐ
3514 736 3591 788 δι’
3628 737 3768 790 duo
3790 757 3853 802 τι,

2266 821 2479 888 ἄττα.γεί
2533 822 2779 891 ἔχθιστον
2819 824 2926 895 γὰρ
2970 824 3109 895 Θεῷ.
3158 823 3341 879 Είοῦν
3369 830 3468 880 καὶ
3522 828 3696 895 ὑμεῖς
3744 832 3855 882 ἐστε

2266 916 2635 983 προεστῶτες,
2673 919 2765 969 καὶ
2798 917 3123 971 ὲπιδιδοῦσιν
3153 919 3283 988 ὑμῖν
3321 936 3489 980 τινες,
3525 921 3609 981 ὡς
3643 922 3747 974 καὶ
3774 926 3856 974 αὺ-

2264 1006 2342 1074 τῷ
2371 1006 2617 1077 Χριστῷ,
2659 1009 2726 1061 ἐκ
2761 1006 2881 1060 τῶν
2913 1004 3307 1078 ὒπαρχόντων
3332 1010 3561 1073 αὐτῶν,
3593 1016 3747 1066 καθά
3771 1018 3853 1081 γέ-

2265 1115 2507 1166 γραπται
2533 1138 2547 1160 ,
2595 1102 2655 1152 αὶ
2704 1100 3277 1161 συνακολουθοῦσαι,
3318 1101 3481 1165 αὺτῷ
3530 1106 3851 1172 γυναῖκες-

2266 1192 2359 1243 καιὶ
2387 1194 2501 1254 τοῖς
2533 1192 2711 1258 ἁγίοις
2734 1193 3106 1261 ὁμοιοτρόπως
3138 1191 3289 1246 ἄλλοι.
3319 1194 3417 1246 καὶ
3444 1194 3614 1249 ἄλλαι
3637 1215 3653 1228 ο
3691 1198 3758 1251 εὖ
3796 1200 3856 1250 ἀν

2265 1281 2407 1351 ἔχοι·
2461 1282 2555 1333 καὶ
2584 1282 2800 1353 σχοίητε
2833 1282 2909 1353 μὴ
2958 1284 3067 1336 ἀπὸ
3113 1284 3244 1337 δέκα
3296 1289 3692 1355 νομισμάτων,
3724 1290 3857 1343 ἀλλά

2264 1372 2359 1424 καὶ
2383 1371 2491 1424 ἀπὸ
2521 1372 2733 1441 μυρίων
2752 1390 2764 1403 ·
2792 1374 2945 1426 οὐδὲν
2975 1375 3080 1446 γὰρ
3112 1376 3395 1447 ὑμέτερον,
3419 1379 3565 1431 ἀλλά
3588 1381 3850 1449 Χριστοῦ·

2264 1465 2358 1517 καὶ
2388 1465 2660 1533 οίκονόμοι
2689 1466 2848 1534 ὑμεῖς
2872 1466 2962 1518 διὰ
2984 1466 3076 1519 τοῦ
3098 1468 3337 1539 Χριστοῦ
3358 1486 3372 1499 ·
3402 1472 3556 1525 καθά
3581 1476 3681 1526 καὶ
3709 1466 3852 1526 Παῦο

2263 1554 2349 1618 λος
2378 1558 2445 1607 τά
2476 1557 2649 1609 πάντα.
2685 1557 2952 1626 κατέχων,
2970 1558 3121 1614 οὐδὲν
3146 1556 3281 1629 εἶχε,
3309 1564 3405 1614 καὶ
3432 1565 3547 1626 πᾶς
3579 1581 3672 1627 τις
3698 1565 3855 1628 ἄλλω

2268 1647 2427 1717 μέχρι
2455 1647 2550 1699 τοῦ
2578 1647 2737 1717 δεῦρο
2770 1648 3045 1717 θευφόσως
3070 1650 3207 1719 ἔχων
3241 1653 3339 1721 τὴν
3370 1658 3753 1721 προστασίαν.
3791 1658 3850 1710 Ei

2264 1738 2319 1789 δὲ
2350 1740 2450 1790 οὑκ
2482 1739 2604 1790 ἐστὲ
2636 1740 2959 1809 προστάται,
2996 1743 3089 1792 καὶ
3112 1742 3383 1812 οἰκονόμοι
3413 1746 3634 1813 ψυχῶν,
3671 1767 3853 1819 παρα·

591 1808 829 1909 primum
905 1842 1146 1910 erogetis
1212 1840 1356 1908 quod
1426 1838 1793 1908 praescriptam
1848 1852 2161 1891 mensuram

2267 1829 2419 1881 καλῶ
2456 1832 2550 1883 καὶ
2582 1831 2871 1895 ἀντιϐολῶ,
2898 1832 3211 1903 διανείματε
3235 1835 3295 1888 τὸ
3324 1838 3476 1905 παρά
3505 1840 3851 1911 τὸῚὶιρισμέ-

590 1932 823 1997 excedit,
866 1946 935 1985 ne
962 1926 1209 1985 avaritia:
1239 1930 1430 1983 morbo
1492 1929 1636 1995 capti
1662 1945 1692 1982 a
1727 1928 1965 1992 diabolo,
1997 1927 2163 1981 disci-

590 2025 700 2094 puli
727 2024 936 2078 Christi
992 2039 1113 2077 esse
1161 2023 1448 2076 desinatis.
1488 2020 1609 2075 Haec
1667 2036 1771 2073 non
1829 2020 1982 2072 vobis
2032 2020 2163 2074 solis

588 2121 722 2187 dixi,
748 2119 843 2175 sed
893 2135 991 2189 per
1036 2134 1133 2173 vos
1171 2119 1385 2173 cunctis
1411 2116 1714 2181 fratribus;
1768 2133 1866 2170 nec
1896 2118 2021 2171 odio
2064 2118 2163 2171 ha-

588 2212 746 2275 bens,
784 2212 967 2276 absit;
993 2209 1085 2264 sed
1118 2223 1444 2277 magnopere
1472 2208 1746 2277 diligens;
1781 2222 1959 2277 neque
1984 2208 2038 2260 in
2073 2222 2163 2259 an-

589 2303 801 2373 gustias
830 2301 999 2369 redigi
1045 2315 1142 2352 vos
1180 2300 1427 2368 cupiens,
1460 2300 1553 2353 sed
1596 2299 1889 2353 admodum
1924 2296 2157 2351 dilatari.

590 2394 648 2446 ln
673 2392 922 2460 angustia
956 2391 1157 2459 quippe
1215 2391 1482 2443 latitudo:
1516 2400 1571 2443 et
1610 2390 1662 2442 in
1693 2389 1912 2443 tristitia
1964 2401 2162 2440 secun-

588 2484 718 2537 dum
748 2482 1049 2544 Christum,
1093 2482 1382 2535 exsultatio
1418 2482 1667 2551 spiritus.
1701 2479 1768 2534 Et
1828 2481 2011 2533 audite
2052 2494 2157 2543 me,

589 2576 705 2638 lilii,
730 2585 1069 2645 peccatorem
1120 2590 1268 2631 recte
1300 2576 1700 2637 consulentem,
1749 2573 1986 2641 legitime
2018 2588 2157 2642 pra:-

586 2663 872 2733 cipicntem
901 2680 916 2729 ;
950 2674 1010 2718 ut
1044 2680 1155 2734 'per
1194 2664 1379 2718 omnia
1418 2662 1553 2717 etin
1602 2661 1860 2715 omnibus
1886 2661 2160 2729 placentes

586 2754 826 2821 Christo,
868 2756 1112 2811 lucredes
1141 2756 1319 2810 simus
1366 2757 1634 2809 honorum
1665 2763 2015 2809 aeternorum.

949 3034 1233 3091 CLXXXI.
1253 3068 1322 3078 —-
1353 3037 1543 3094 Mariae
1572 3040 1782 3108 regina.

2266 1940 2355 1974 νον
2388 1924 2588 1993 μέτρον
2624 1925 2778 1993 τάχει
2801 1941 2814 1955 ·
2848 1925 2936 1977 ἵνα
2969 1926 3043 1995 μὴ
3087 1926 3163 1994 τῷ
3200 1928 3299 1996 τῆς
3338 1930 3724 2001 φιλαργυρίας
3753 1934 3851 1986 πά-

2265 2013 2346 2065 θει
2376 2014 2594 2075 ἁλόντες
2640 2015 2742 2067 ὑπὸ
2790 2015 2882 2067 τοῦ
2930 2015 3207 2083 διαϐόλου,
3257 2021 3547 2074 ὲκπέσοιτε
3592 2026 3708 2076 ἀπὸ
3760 2026 3851 2091 τῆς

2267 2102 2563 2169 μαθητείας
2591 2102 2851 2170 Χριστοῦ.
2887 2104 3073 2156 Ταῦτα
3103 2107 3201 2175 οὐχ
3236 2108 3367 2177 ὑμῖν
3401 2111 3593 2179 μόνας
3626 2113 3846 2180 εἴρηκα,

2264 2191 2397 2243 ἀλλά
2430 2194 2523 2244 καὶ
2551 2193 2617 2245 δι’
2641 2194 2793 2263 ὑμῶν
2818 2197 2951 2247 πᾶσι
2977 2196 3088 2259 τοῖς
3119 2198 3369 2268 ἀδελφοῖς
3389 2220 3401 2232 ·
3429 2202 3523 2253 καὶ
3548 2204 3613 2253 οὑ
3652 2204 3846 2271 μισῶ-ι,

2262 2281 2442 2349 ἄπαγε
2467 2284 2479 2335 i
2512 2283 2648 2335 ἀλλά
2677 2284 2772 2337 καὶ
2797 2284 2940 2337 πάνυ
2974 2286 3144 2355 φιλῶν
3163 2305 3177 2319 ·
3210 2290 3307 2342 καὶ
3342 2290 3402 2341 οὑ
3433 2292 3847 2362 στενοχωρῆσαι

2266 2373 2409 2441 ὑμᾶς
2430 2373 2777 2442 αἱρούμενος,
2822 2375 2957 2430 ἀλλὰ
2985 2378 3079 2430 καὶ
3113 2380 3255 2432 πάνυ
3293 2381 3714 2451 εὑρυχωρῆσαι.
3766 2386 3845 2438 Ἑν

2260 2462 2370 2533 γὰρ
2397 2466 2461 2533 τῇ
2492 2465 2771 2536 στενότητι
2802 2468 2834 2536 ἡ
2866 2468 3144 2539 πλατύτης
3164 2486 3178 2499 ’
3206 2470 3302 2522 καὶ
3348 2472 3405 2523 ὲν
3429 2476 3496 2542 τῇ
3533 2476 3687 2527 κατὰ
3721 2478 3847 2548 Χρι-

2263 2559 2387 2611 στὸν
2419 2558 2594 2628 θλίψει
2620 2562 2654 2630 ἡ
2685 2562 3008 2629 ἀγαλλίασις
3038 2564 3131 2616 τοῦ
3167 2565 3500 2635 πνεύματος.
3536 2570 3656 2623 Καὶ
3681 2572 3845 2625 ἀκού.

2264 2649 2394 2702 σατὲ
2452 2666 2557 2719 μου
2584 2690 2599 2713 ,
2648 2651 2840 2717 τέκνα,
2875 2653 2967 2705 τοῦ
3001 2653 3325 2723 ἀμαρτωλοῦ
3376 2657 3563 2721 καλῶς
3605 2660 3845 2729 61.29600-

2260 2740 2529 2808 λεύοντος,
2562 2743 2804 2814 ἐννόμως
2854 2745 3311 2816 προστάσσοντος.
3337 2749 3457 2803 Ἵνα
3486 2754 3637 2805 κατά
3670 2756 3845 2806 πάντα

2262 2836 2355 2887 καὶ
2407 2836 2465 2888 ὲν
2512 2836 2679 2893 πᾶσιν
2728 2835 3149 2906 εὑαρεστοῦντες
3197 2838 3457 2909 Χριστῷ,
3507 2840 3846 2914 κληρονόμοι

2266 2924 2552 2996 γενώμεθα
2591 2928 2697 2980 τῶν
2729 2927 2961 2981 αἰωνίων
2990 2927 3235 2995 ἀγαθῶν.

2435 3038 2586 3090 PllA'
2610 3038 2825 3107 (74).—
2850 3040 3040 3107 Μαρίᾳ
3052 3041 3419 3111 βασιλίσσῃ.
3450 3044 3635 3115 Huc.

772 3142 847 3193 Ne
872 3148 921 3194 in
943 3148 1128 3210 palatio
1151 3159 1263 3195 cum
1295 3147 1395 3196 illia
1413 3152 1639 3211 Augusta
1662 3146 1854 3199 habitet
1876 3164 1887 3196 :
1911 3162 2010 3211 quo
2033 3149 2188 3212 fugiat
2210 3149 2551 3200 haereticorum
2588 3150 2906 3201 consortium.
2945 3150 3146 3214 (Baron.
3180 3166 3259 3202 an.
3291 3153 3397 3212 816,
3432 3169 3483 3204 n.
3508 3158 3620 3221 ‘25.)

658 3248 881 3315 Quales,
922 3265 1024 3306 nos
1055 3250 1271 3319 ahjecti,
1334 3261 1389 3305 et
1421 3253 1646 3321 quinam
1676 3269 1887 3319 sumus,
1920 3271 2059 3324 quos
2110 3257 2163 3310 in
2193 3264 2234 3319 C

591 3342 1012 3394 occurrentibus
1044 3342 1310 3397 molestiis
1335 3342 1646 3408 defendere,
1677 3355 1731 3400 et
1762 3346 2017 3402 laudibus
2052 3364 2159 3402 su-

589 3447 687 3501 pra
728 3432 951 3486 ntodutn
989 3433 1183 3488 εποντο
1205 3444 1260 3489 et
1295 3450 1619 3491 consecrare
1660 3438 1880 3508 dignata
1925 3440 1995 3495 sit
2024 3456 2160 3510 pra:-

589 3524 794 3579 cellens
822 3526 1125 3581 dominatio
1158 3527 1286 3581 tua?
1330 3530 1581 3583 Attamen
1617 3533 1761 3599 quod
1806 3532 1961 3586 istam
1998 3532 2162 3601 pieta-

589 3617 661 3671 tis
685 3625 792 3670 tuae
840 3617 1211 3686 dignationem
1253 3620 1679 3688 susceperimus,
1712 3638 1800 3677 res
1830 3623 1946 3691 ipsa
1999 3622 2156 3676 fidem

588 3708 754 3763 faciet
783 3726 797 3763 :
832 3710 1057 3779 quando
1086 3712 1249 3765 etiam
1274 3714 1651 3767 necessarium
1691 3724 1796 3776 est,
1841 3712 2040 3768 multos
2062 3715 2161 3768 abs

591 3812 644 3855 te
670 3802 891 3856 liberari
917 3801 1053 3858 falsa
1078 3804 1409 3873 suspicione,
1444 3820 1567 3875 quae
1625 3807 1679 3860 in
1715 3806 2029 3875 hujusmodi
2068 3822 2161 3862 oc-

590 3893 905 3949 casionibus
951 3896 1091 3949 solet
1129 3895 1392 3965 obrepere
1448 3915 1462 3951 :
1510 3914 1610 3952 nec
1660 3899 1882 3952 mirum.
1943 3897 2159 3953 Eﬂ‘usus

587 3984 732 4039 enim
773 4000 958 4039 sermo
988 4001 1111 4040 cum
1147 3987 1199 4039 in
1238 3987 1440 4042 inultos
1484 3989 1848 4057 dispergautr,
1891 4003 2003 4044 tum
2050 4009 2157 4045 non

587 4085 673 4131 est
699 4076 754 4130 in
773 4078 1111 4147 singulorum
1137 4094 1231 4132 ore
1258 4094 1420 4134 verus
1452 4096 1866 4151 usquequaque.
1894 4080 2005 4138 Nos
2035 4098 2161 4138 vero

587 4170 788 4239 quibus
816 4171 996 4225 verbis
1028 4180 1244 4239 utemur
1290 4171 1630 4227 aiﬂictlssimi
1690 4174 1869 4230 cordis
1901 4176 1974 4229 tui
2005 4176 2160 4231 dolo-

588 4274 704 4313 rem
728 4262 1040 4331 abstergere
1063 4262 1363 4317 conantes?
1383 4273 1728 4333 autquonam
1752 4264 1999 4320 molliore
2026 4281 2160 4319 con-

589 4362 739 4405 tactu
774 4355 1134 4421 asperrimum
1179 4354 1347 4408 animi
1382 4371 1605 4410 sensum
1637 4356 1804 4409 lenire
1848 4358 2160 4425 possimus?

591 4439 867 4497 Pertulisti
893 4459 1021 4514 ergo
1050 4445 1070 4514 (
1102 4454 1161 4499 ut
1199 4444 1267 4498 ab
1294 4445 1450 4498 initio
1475 4447 1802 4513 provehatur
1824 4446 2000 4497 oratio
2031 4446 2050 4513 )
2078 4446 2157 4497 in-

584 4532 793 4601 justum
822 4534 1075 4605 conjugis
1099 4535 1417 4601 divortium,
1452 4536 1771 4605 abimperio
1821 4549 2039 4604 quoque
2085 4535 2158 4589 si-

2368 3256 2556 3309 Οποῖοι
2600 3258 2763 3328 ἡμεῖς
2812 3256 2906 3310 καὶ
2953 3257 3100 3320 τίνες
3136 3262 3185 3311 oi.
3233 3258 3509 3324 εὐτελεῖς,
3545 3264 3849 3337 ἀπολογίας

2266 3346 2557 3417 ἠξιωμένοι
2603 3348 2698 3399 ἐπὶ
2724 3349 2838 3410 τοῖς
2872 3348 3142 3418 συμϐᾶσιν
3187 3353 3450 3419 ἀνιαροῖς,
3494 3354 3638 3423 πρὸς
3668 3357 3729 3409 δὲ
3762 3365 3849 3411 καὶ

2264 3435 2506 3498 ἐπαίνοις
2553 3436 2835 3506 ὑπεράγαν
2886 3437 3277 3504 ἁφοσιωθέντες
3320 3440 3470 3511 παρά
3522 3444 3633 3513 τῆς
3678 3447 3849 3519 ὑπερ-

2264 3525 2422 3595 τίμου
2476 3544 2568 3580 σου
2613 3527 2968 3597 κυριότητοςς
2996 3529 3186 3598 Ὅμως
3210 3531 3291 3583 ὅτι
3323 3532 3747 3606 ἀποδεδέγμεθα
3793 3542 3850 3593 τὸ

2265 3618 2742 3685 εὑσυγκατάὅατόν
2774 3636 2866 3671 σου
2900 3620 2999 3690 τῆς
3026 3621 3327 3689 εὐσεϐείας,
3374 3626 3581 3693 διδάξει
3630 3630 3695 3682 τὸ
3723 3631 3848 3701 ἀλη-

2268 3708 2359 3773 θὲς
2383 3710 2489 3763 τῶν
2518 3712 2879 3779 πραγμάτων’
2905 3712 3176 3782 ἐπείτοιγε
3207 3718 3301 3768 καὶ
3326 3719 3654 3786 ἀναγκαῖον,
3673 3724 3849 3775 ἀπαλ-

2266 3798 2447 3865 λάξεις
2474 3802 2601 3863 τοὺς
2624 3800 2852 3863 πολλοὺς
2873 3800 3203 3869 ψευδοεποῦς
3224 3807 3570 3877 ὑπολήψεως,
3590 3810 3846 3876 εἰωθυίας

2264 3892 2322 3944 ὲν
2382 3893 2502 3955 ταῖς
2540 3891 2817 3956 τοιαύταις
2864 3894 3153 3949 ὑποθέσεσι
3196 3900 3717 3969 παρεισκρίνεσθαι,
3759 3905 3846 3957 καὶ

2266 3985 2324 4034 οὐ
2354 3982 2687 4052 θαυμαστόν.
2737 3984 3118 4056 Ῥυῖσκόμενος
3160 3990 3265 4059 γὰρ
3298 3992 3327 4043 ό
3365 3988 3525 4059 λόγος
3560 3995 3845 4049 σκίδναται

2266 4076 2356 4126 ὲπί
2400 4074 2632 4137 πολλοῖς·
2659 4076 2759 4128 οὑκ
2784 4076 2923 4145 ἔχων
2953 4079 3038 4147 ἐφ’
3068 4081 3282 4150 ἑκάστῳ
3315 4082 3552 4151 τάληθὲς
3592 4087 3840 4150 ἐντελῶς.

2277 4165 2467 4234 Ἡμεῖς
2495 4164 2549 4217 δὲ
2582 4166 2752 4229 ποίοις
2778 4167 2958 4236 λύγοις
2993 4170 3327 4241 χρησόμεθα,
3375 4175 3719 4246 πειρώμενοξ
3754 4197 3841 4232 σου

2267 4258 2585 4340 θεραπεύειν
2640 4250 2700 4311 τὸ
2754 4260 2916 4327 ἄλγος
2966 4261 3063 4326 τῆς
3121 4261 3462 4315 πολυωδύνου
3497 4268 3839 4340 infamatur,

2263 4349 2372 4401 τίσι
2423 4350 2750 4420 πραοτέραις
2792 4354 3028 4418 ἐπαφαῖς
3080 4352 3287 4405 λειάναι
3327 4371 3419 4407 σου
3476 4356 3845 4430 δυνηθείημεν

2263 4441 2322 4492 τὸ
2351 4441 2613 4510 τραχῦνον
2634 4443 2731 4512 τῆς
2774 4432 2993 4512 ψυχῆςζ
3030 4444 3305 4511 Ἤνεγκας
3344 4450 3652 4517 τοιγαροῦν
3700 4453 3765 4505 ἶν’
3788 4453 3841 4520 ἐξ

2263 4535 2433 4602 ἀρχῆς
2462 4535 2593 4604 ήμίν
2627 4534 2804 4605 προῖοι
2835 4537 2863 4588 ὁ
2893 4535 3049 4603 λόγος
3074 4553 3091 4569 ·
3122 4535 3304 4591 ἄδικον
3335 4540 3622 4608 ὁμοζύγου
3682 4563 3842 4616 χωρι.

589 4626 703 4679 ιιιυὶ
731 4625 945 4692 avulsa,
976 4627 1136 4697 cujus
1165 4628 1241 4682 rei
1265 4642 1433 4699 causa
1460 4642 1762 4682 concussus
1793 4636 1876 4681 est
1897 4627 2155 4681 mundus.

2264 4626 2399 4695 σμόν
2426 4630 2841 4696 ’συνεκραγεῖσα
2862 4630 2956 4682 καὶ
2983 4628 3075 4682 τοῦ
3101 4632 3354 4700 κράτους,
3388 4634 3477 4702 ἐφ’
3498 4626 3545 4701 ᾧ
3568 4636 3839 4707 δεὸὀνηται

590 4716 958 4773 Miserandum
1014 4719 1422 4789 spectaculum!
1460 4719 1718 4773 Adultera
1748 4734 2039 4789 purpuram
2073 4735 2161 4788 ge-

588 4824 737 4876 rens,
767 4818 823 4864 et
874 4812 1061 4880 regina
1116 4810 1265 4881 pullo
1299 4810 1500 4865 amictu
1529 4820 1710 4866 tecta:
1745 4809 1946 4864 famula
1986 4810 2159 4879 impe-

589 4914 743 4965 rans,
808 4910 862 4953 et
890 4901 1112 4955 domina
1146 4902 1413 4957 serviens.
1467 4904 1644 4971 Atque
1675 4911 1735 4955 ut
1766 4913 1954 4955 caetera
1995 4902 2156 4954 omit-

588 5000 726 5056 tam,
763 4993 883 5058 tibi,
913 5009 1037 5062 quaa
1067 5010 1229 5065 passa
1260 5011 1341 5060 es,
1380 4996 1601 5050 notiora
1632 5010 1795 5064 quam
1828 4993 1985 5049 nobis
2006 4993 2158 5061 igno-

590 5088 838 5141 rantibus
872 5106 884 5140 :
918 5088 1169 5142 exsilium
1202 5104 1299 5158 pro
1319 5089 1543 5142 veritate
1574 5088 1842 5157 pertulisti
1866 5102 1895 5139 a
1922 5086 2154 5155 propriis

591 5176 896 5232 visceribus
932 5187 1203 5245 separata.
1244 5176 1316 5229 Ex
1344 5190 1453 5245 quo
1477 5185 1531 5229 et
1560 5176 1715 5227 dolor
1744 5173 1838 5227 tibi
1883 5187 2151 5234 summus,

587 5277 643 5320 et
707 5268 978 5338 pracipua
1018 5270 1137 5322 laus
1170 5283 1197 5320 a
1240 5266 1367 5333 Dco,
1400 5268 1612 5336 piisqnc
1661 5265 1935 5320 omnibus.
1974 5262 2152 5317 Tertia

590 5356 704 5410 ha:c
743 5358 898 5433 plaga
923 5366 1025 5424 est,
1061 5360 1127 5412 de
1154 5374 1283 5428 qua,
1318 5358 1444 5426 quid
1483 5360 1691 5423 deceat,
1725 5356 2152 5426 exponerejussi

662 5529 856 5585 'Joan.
890 5548 1010 5596 xm,
1041 5532 1130 5596 27,
1156 5534 1243 5587 28.
1324 5533 1344 5563 ‘
1372 5532 1501 5609 Luc.
1538 5549 1654 5595 vut,
1697 5532 1761 5598 3;
1796 5549 1948 5597 xxitt,
1974 5531 2056 5586 l9.

2259 4717 2536 4788 ὁκόσμος.
2590 4719 2849 4772 Ἐλεεινὸν
2894 4721 3099 4793 θέαμαε
3145 4722 3209 4775 Ἦ
3260 4725 3516 4793 μοιχαλὶς
3567 4745 3839 4801 πορφυρο-

2260 4806 2519 4877 φοροῦσα,
2548 4809 2640 4861 καὶ
2686 4811 2719 4876 ή
2777 4810 2984 4881 βασιλὶς
3018 4812 3487 4884 μελανειμονοῦσα
3513 4834 3526 4846 ·
3589 4822 3626 4889 ὴ
3688 4822 3837 4890 δούλη

2258 4899 2615 4963 δεσπόζοντα,
2655 4903 2750 4953 καὶ
2803 4904 2835 4973 ἡ
2889 4902 3143 4957 δέσποινα
3207 4904 3540 4975 θητεύουσα.
3598 4913 3710 4966 Καὶ
3763 4914 3837 4966 ἴνα

2258 4989 2425 5042 τᾶλλα
2478 4992 2925 5062 παραδράμωμεν
2952 5009 2966 5024 ο
3025 4992 3119 5046 σοῦ
3152 4994 3256 5063 τῆς
3313 4998 3610 5072 παθούσης
3648 5005 3835 5073 μᾶλλον

2258 5082 2482 5146 εἰδυίας,
2513 5083 2653 5153 ὑπὲρ
2679 5085 2825 5155 ἡμᾶς
2853 5086 2976 5147 τοὺς
3005 5086 3256 5153 ἀγνῶτας
3281 5102 3297 5118 ⁸
3346 5089 3602 5159 ἦνεγκας
3635 5094 3837 5164 ὲξορίαν

2261 5174 2400 5243 ὑπὲρ
2429 5173 2703 5243 ἀληθείας,
2756 5175 3091 5251 ὲκτμηθεῖσα
3118 5176 3212 5230 τοῦ
3244 5182 3479 5249 γνησίου
3512 5185 3835 5257 σπλάγχνου.

2263 5264 2552 5318 Κάνταῦθα
2576 5267 2667 5318 καὶ
2700 5268 2727 5319 ό
2775 5267 2933 5329 πόνος
2962 5266 3155 5337 μέγας,
3191 5270 3291 5322 καὶ
3323 5273 3352 5323 ὁ
3386 5272 3561 5342 ὕμνος
3592 5294 3676 5330 σοι

2263 5356 2414 5426 παρά
2440 5373 2497 5409 τε
2530 5356 2648 5428 Θεῷ
2696 5358 2789 5410 καὶ
2812 5358 2947 5411 πᾶσι
2970 5361 3083 5423 τοῖς
3106 5359 3386 5419 εὐσεϐέσι.
3427 5365 3613 5439 Τρίτη
3669 5364 3833 5437 πληγὴ

2061 5662 2268 5721 NOTAE
2282 5708 2295 5724 .

665 5735 779 5803 (74)
816 5736 874 5792 ltt
907 5738 1027 5793 cod.
1062 5737 1185 5808 Reg.
1223 5744 1369 5808 ρπγ’.
