3976 6322
110 353 138 411 1
155 353 244 412 56
261 353 287 412 l
1363 359 1720 420 EPISTOLA

1825 364 1896 423 ΓΜ
1967 368 2109 426 LIB.
2147 369 2230 429 Π.
3284 372 3422 434 1562

107 470 154 536 ἡ
197 462 492 533 παροῦςα’
529 465 612 533 ἐφ’
709 463 770 516 τὸ
794 463 912 518 δέον
943 465 1269 536 παραδεῖξαι
1311 468 1716 538 κεκελεύσμεθα

1849 488 2064 529 sumus.
2097 474 2159 529 Et
2209 476 2315 530 alia
2351 477 2572 545 quidem
2619 477 2710 531 alii
2751 478 3220 547 pronuntiabunt:
3256 478 3422 534 tiliam

113 555 332 608 Ἀλλα
365 555 462 625 μὲν
487 550 578 608 οὖν
608 554 760 608 ἄλλοι
787 554 1110 623 φθέγξονται
1143 555 1469 610 συνέπεσθαι
1516 558 1720 640 μητέρα

1833 565 1997 617 matri
2041 567 2258 630 adesse,
2297 582 2529 637 eamque
2580 569 2737 636 sequi
2773 576 3045 637 oportere.
3084 567 3198 622 Hoc
3251 570 3420 636 enim,

105 645 405 715 θυγατρί.
430 647 551 699 Ὅτι
591 645 748 700 τοῦτο
775 648 870 700 καὶ
904 645 1115 716 Θηρίοις
1162 648 1295 715 φασὶ
1345 652 1548 719 φυσικῇ
1596 641 1720 717 ὁλκῇ

1836 660 2013 720 aiunt,
2062 660 2193 728 ipsis
2222 661 2274 714 in
2313 659 2508 713 belluis
2543 670 2753 714 natura:
2805 661 3068 716 instinctu
3129 661 3419 730 contingit.

108 735 472 803 συμϐαῖνον.
503 736 630 790 Ἰδοι
661 754 744 799 τις
789 737 873 791 ἄν’
904 741 1063 809 ἡμεῖς
1100 740 1156 792 δὲ
1193 743 1241 792 σί
1270 741 1505 805 εὐτελεῖς
1534 743 1605 795 τὰ
1633 746 1720 796 τοι

1834 748 2078 803 Viderint
2129 751 2202 804 illi
2237 768 2250 803 :
2290 768 2388 807 nos
2419 767 2545 805 vero
2573 751 2806 807 humiles
2852 754 3248 822 usurpabimus
3291 753 3422 806 illud

104 827 446 881 Δεσπότου·
484 828 581 894 Τίς
605 831 775 884 ἐστιν
795 832 831 897 ἠ
850 831 1045 899 μήτηρ
1064 851 1184 901 μου
1206 851 1225 898 ;
1261 833 1357 887 καὶ
1388 837 1547 901 τίνες
1574 837 1720 890 εἰσὶν

1834 839 2052 894 Domini
2099 859 2112 895 :
2162 841 2292 906 Quae
2320 852 2395 895 est
2431 851 2600 895 mater
2628 858 2774 905 mea,
2831 853 2880 895 et
2920 845 3009 913 qui
3049 853 3173 897 sunt
3227 845 3420 914 fratres

106 924 176 973 οἱ
214 920 488 989 ἀδελφοί
519 939 674 990 μου;
711 924 820 976 Καὶ
868 919 1024 986 αὖθις
1058 937 1072 951 ⁶
1109 925 1184 977 Εἴ
1205 943 1293 992 τις
1314 928 1549 995 ἔρχεται
1579 932 1720 997 πρός

1832 934 1932 986 mei
1956 933 2026 985 '?
2080 933 2256 1003 Atque
2301 935 2498 987 iterum
2531 949 2544 985 :
2583 933 2643 987 Si
2681 936 2796 1001 quis
2841 939 2977 987 venit
3014 938 3083 988 ad
3116 953 3214 999 me,
3247 946 3422 990 etnon

93 1027 219 1077 με.
247 1011 359 1062 καὶ
380 1013 450 1064 οὺ
467 1011 764 1079 μισεῖτὴν
784 1015 1093 1081 θυγατέρα,
1110 1016 1220 1068 οὐκ
1247 1015 1512 1083 ἐστιμου
1538 1016 1720 1083 ἄξιος.

1833 1023 1941 1078 odit
1974 1024 2166 1091 ﬁliam,
2193 1043 2294 1078 non
2321 1034 2396 1077 est
2424 1041 2503 1077 me
2523 1026 2712 1094 dignus
2741 1026 2782 1078 °.
2817 1025 2958 1091 Quid
2985 1027 3422 1081 consectarium?

106 1101 192 1155 τί
235 1102 310 1155 τὸ
342 1104 738 1175 συναγόμενον;
768 1106 828 1158 τὸ
856 1105 954 1177 τὴν
981 1107 1078 1176 σὴν
1102 1108 1410 1162 θεοσέϐειαν
1450 1111 1587 1162 οἴκοι
1639 1110 1720 1180 μὲ-

1834 1115 2142 1183 religiosam
2178 1121 2430 1183 pietatem
2452 1127 2599 1170 tuam
2616 1118 2760 1171 domi
2791 1134 3032 1182 manere,
3058 1119 3302 1189 Angusta
3325 1134 3422 1188 pa-

103 1211 278 1258 νειν,
327 1195 426 1264 τῆς
458 1196 773 1265 Αὑγούστης
825 1197 1057 1267 ἐχούσης
1088 1199 1154 1254 τά
1182 1199 1429 1269 βασίλεια
1463 1200 1548 1267 ἐφ’
1574 1194 1618 1267 ᾧ
1647 1201 1720 1253 δέ-

1833 1207 2022 1262 latium
2064 1209 2341 1263 obtinente
2372 1227 2384 1262 :
2428 1209 2479 1261 in
2505 1225 2615 1278 quo
2647 1212 2896 1265 cernitur
2935 1214 3286 1282 evangelicns
3309 1215 3422 1281 gla-

105 1284 362 1338 δεικται
386 1288 418 1357 ή
444 1287 775 1357 εύαγγελικὴ
816 1291 1062 1362 μάχαιρα
1091 1292 1188 1361 τὴν
1216 1293 1389 1362 τομὴν
1424 1294 1720 1359 ἐπάγουσα.

1833 1302 1957 1356 dius
2008 1302 2304 1355 sectionem
2366 1301 2646 1356 inducens.
2700 1301 2824 1357 Hazc
2878 1305 3115 1375 ignosce,
3177 1305 3418 1365 domina,

110 1374 337 1428 Ταῦτα
381 1379 676 1446 σύγγνωθι,
708 1379 986 1448 δέσποινα,
1020 1383 1115 1436 σὺν
1157 1382 1325 1454 πολλῇ
1369 1387 1609 1455 προσοχῇ
1636 1383 1730 1436 καὶ

114 1473 351 1540 συνοχῇ
405 1470 632 1541 καρδίας
681 1472 1122 1543 τεθαρρήκαμεν,
1153 1474 1228 1537 ὠς
1261 1475 1327 1528 ἂν
1359 1477 1439 1538 εἰς
1479 1471 1572 1536 οὖς
1605 1478 1728 1545 ὁμι-

109 1563 392 1627 λοῦντες,
422 1565 724 1617 ἐπιστεῖλαι
751 1565 894 1636 ὑπὲρ
919 1567 1245 1636 ἀμφοτέρων
1297 1567 1730 1638 προσεσχόμενοι

106 1653 192 1706 τὰ
235 1655 533 1724 κρείττονα
564 1655 658 1708 καὶ
685 1656 918 1727 ἐχόμενα
941 1660 1217 1730 σωτηρίας
1259 1659 1354 1713 νῦν
1381 1677 1440 1713 τε
1468 1659 1564 1713 καὶ
1594 1660 1730 1732 πρὸς

109 1746 187 1799 τὸ
217 1747 385 1818 ἑξῆς.

276 1863 433 1915 PﬂB'
461 1863 596 1934 (75).
619 1865 1005 1932 -Βασιλείῳ
1033 1865 1367 1936 μονάζοντι.
1406 1867 1604 1939 [ψμνα]

1831 1409 1956 1448 cum
2013 1391 2182 1445 multa
2237 1391 2418 1445 cordis
2452 1392 2752 1446 attentione
2810 1404 2864 1446 et
2891 1393 3257 1448 sollicitudine
3299 1389 3420 1446 ausi

1834 1487 2030 1549 simus,
2071 1495 2329 1555 tanquam
2368 1487 2422 1539 in
2457 1501 2641 1538 aurem
2680 1486 2990 1555 loquentes,
3023 1489 3288 1554 scribere,
3321 1504 3420 1558 pro

1835 1575 2108 1628 ambabus
2166 1585 2389 1630 orantes
2451 1571 2680 1626 meliora
2729 1584 2782 1628 et
2811 1575 2972 1630 saluti
3031 1575 3334 1645 pmpriora,
3365 1585 3420 1631 et

1834 1681 1984 1721 nunc
2008 1676 2061 1721 et
2093 1666 2146 1719 in
2179 1664 2442 1720 futurum.

2160 1865 2464 1921 CLXXXII.
2499 1897 2568 1907 —
2597 1866 2803 1920 Basilio
2831 1867 3110 1922 monacho.

1091 1977 1169 2028 De
1194 1978 1332 2028 obitu
1356 1980 1608 2041 cujusdam
1633 1974 1914 2041 praeposita:
1935 1980 1988 2024 et
2023 1975 2198 2025 decem
2221 1989 2464 2026 sororum.

199 2080 290 2133 Οὐ
323 2081 741 2151 παραιτούμεθα
766 2083 998 2152 γράφειν
1039 2084 1128 2138 τὸν
1160 2086 1416 2140 ταπεινὸν
1446 2087 1604 2158 ήμῶν
1637 2085 1720 2138 λό-

1903 2080 2178 2136 Humilem
2241 2097 2550 2137 sermonem
2594 2093 2842 2137 nostrum
2907 2083 3104 2138 litteris
3155 2083 3416 2138 mandare

108 2189 248 2239 γον,
285 2174 479 2236 ὁσάκις
516 2173 582 2226 ἂν
631 2174 866 2241 εὐλόγως
899 2177 1131 2248 ἐπιζητῇ
1173 2180 1205 2250 ἠ
1255 2179 1514 2250 τιμιότης
1546 2179 1722 2251 ὑμῶν·

108 2263 302 2334 εἴπερ
356 2267 450 2317 καὶ
482 2264 567 2335 εἴη
598 2264 892 2318 λυσιτελῶν
924 2267 1071 2337 ὑμῖν.
1105 2270 1246 2322 Αὐτὸ
1286 2270 1382 2341 ιὰρ
1417 2272 1574 2325 τοῦτο
1633 2270 1720 2325 καὶ

1831 2263 2180 2318 nOriliccntia
2252 2276 2341 2318 tua
2386 2284 2398 2318 :

109 2354 178 2403 ἐν
209 2355 292 2423 τῇ
326 2353 678 2426 προλαϐούσῃ
715 2355 968 2426 ἐπιστολῇ
1002 2359 1485 2430 ἐπεσημηνάμεθα.
1519 2359 1727 2414 Οὐκοῦν

108 2447 223 2500 καὶ
248 2448 354 2499 νῦν
388 2447 727 2518 προσιέμεθα
755 2447 938 2510 αὐτὸν,
970 2449 1104 2518 ὁμοῦ
1140 2450 1240 2518 μὲν
1288 2452 1720 2521 παρακλητικὸν,

106 2537 272 2605 ὁμοῦ
311 2537 372 2589 δὲ
401 2539 494 2590 καὶ
528 2539 958 2608 ὑπομνηστικόν.
992 2539 1088 2602 Τίς
1127 2539 1184 2592 δὲ
1215 2542 1242 2592 ὁ
1278 2541 1723 2611 παρακλητικός;

112 2630 262 2683 Ὅτι
320 2630 509 2699 ἐπειδὴ
567 2630 876 2682 ἁπεόίωσεν
917 2632 974 2683 ἐν
1021 2632 1277 2704 Κυρίῳή
1335 2633 1722 2706 καθηγουμένη

113 2723 228 2776 σὺν
292 2721 566 2792 δεκαδικῷ
606 2722 825 2794 ἀριθμῷ
881 2724 1362 2795 ἀδελφότητος,ὦς
1429 2743 1592 2795 φατε,
1624 2727 1725 2780 ούκ

109 2814 352 2877 ἀπαθὲς
379 2813 438 2866 τὸ
467 2813 673 2885 δρᾶμα,
713 2815 853 2868 ἀλλὰ
897 2817 990 2869 καὶ
1022 2816 1139 2871 λίαν
1171 2817 1493 2871 ἐκστατικόν
1517 2833 1532 2850 ο
1573 2817 1724 2870 ἐπεί-

111 2921 237 2974 περ
302 2904 546 2974 κεφαλῆς
596 2903 845 2976 ἀπούσης
895 2905 1015 2958 ὃλον
1065 2906 1126 2958 τὸ
1181 2908 1342 2977 σῶμα
1383 2907 1596 2977 νεκρὸν,
1631 2909 1724 2961 καὶ

115 2994 324 3062 μελῶν
377 2995 484 3047 τῶν
545 2995 891 3064 τιμιωτάτων
944 2997 1293 3050 ἐκκοπέντων
1331 2998 1402 3050 τά
1447 2999 1723 3051 ἐναπολει-

113 3087 345 3155 φθέντα
368 3088 608 3158 είδεχθῆ.
643 3087 896 3142 Τοιοῦτον
925 3085 1017 3142 οὖν
1039 3090 1162 3143 ὅσον
1194 3091 1256 3143 τὸ
1288 3090 1429 3144 κατὰ
1455 3091 1632 3162 σάρκα
1662 3091 1722 3144 τὸ

113 3179 385 3247 γεγονός.
456 3179 594 3233 Ἀλλ’
631 3178 818 3250 ἐπειδὴ
881 3182 1250 3250 πνευματικὰ
1298 3181 1722 3251 πνευματικοῖς

115 3270 588 3340 συγκρίνονται,
619 3270 753 3341 ὁμοῦ
781 3271 881 3342 μὲν
905 3271 1166 3343 λυπηρὸν,
1191 3273 1329 3344 ὁμοῦ
1358 3275 1415 3327 δὲ
1443 3276 1535 3328 καὶ
1562 3292 1720 3344 περι-

115 3361 304 3432 χαρές
337 3359 399 3412 τὸ
450 3359 659 3427 συμϐάν
695 3377 709 3390 ’
752 3361 812 3412 τὸ
865 3361 962 3431 μὲν
993 3361 1082 3414 διὰ
1118 3356 1218 3428 τῆν
1247 3361 1502 3432 στέρησιν
1525 3401 1540 3426 ,
1569 3361 1631 3414 τὸ
1663 3361 1718 3414 δὲ

117 3453 216 3506 διὰ
247 3453 354 3523 τὴν
389 3451 601 3505 ἐλπίδα.
661 3452 1070 3522 Παρεπὲμψατε
1103 3452 1516 3522 καθηγουμένην
1566 3450 1715 3521 ἱεράν
1744 3435 1788 3495 ο

115 3545 206 3598 ὅτι
261 3545 528 3616 μάλιστα,
560 3544 743 3606 καθὼς
769 3546 1067 3614 διηγεῖσθε,
1099 3544 1335 3614 ἀδελφὰς
1394 3544 1717 3612 σεϐασμίας·

118 3639 312 3707 χαρᾶς
364 3639 642 3701 ὑπόθεσις·
695 3638 917 3692 ἐκείνων
950 3639 1046 3710 μὲν
1076 3639 1185 3690 τῶν
1243 3637 1718 3709 προσληφθεισῶν,

118 3731 543 3800 ἐτοιμαζουσῶν
573 3732 699 3801 ὑμῖν
727 3732 890 3784 τόπον
941 3730 1303 3792 ἀναπαύσεως
1336 3729 1424 3782 διά
1453 3729 1721 3801 πρεσϐευ-

117 3824 293 3892 τικῆς
321 3822 640 3888 ἐντεύξεως,
666 3824 739 3886 ὡς
764 3824 828 3876 ἂν
854 3825 905 3875 οἱ
937 3821 1559 3893 προκαταλαμϐάνοντες
1595 3821 1720 3876 καθ’

120 3916 251 3969 ὁδὸν
292 3915 364 3968 τὰ
400 3915 755 3985 καταλύματα
780 3932 794 3946 ο
840 3918 996 3985 ἡμῶν
1049 3917 1105 3970 δὲ
1133 3917 1243 3970 τῶν
1277 3917 1717 3986 άπομεινάντων,

121 4011 304 4078 ἤγουν
335 4008 746 4078 άπομεινασῶν,
778 4007 1079 4079 ζηλούντων
1110 4009 1205 4062 καὶ
1247 4008 1528 4078 ζηλουσῶν
1580 4027 1718 4079 προ-

123 4099 546 4153 καταλαϐέσθαι
595 4100 685 4152 τὸν
716 4099 920 4167 ἀγαθὸν
949 4100 1086 4169 βίον,
1119 4101 1213 4154 καὶ
1243 4103 1342 4171 τὴν
1374 4101 1577 4171 σεμνὴν
1624 4119 1722 4154 πο-

121 4191 384 4249 λιτείανο
434 4197 528 4246 καὶ
575 4193 662 4245 ἀεὶ
711 4194 827 4246 ἐκεῖ
883 4193 1189 4264 βλεπόντων
1239 4195 1336 4246 καὶ
1381 4194 1718 4264 βλεπουσῶν,

123 4286 266 4340 ὅπου
328 4286 526 4358 μικρὸν
569 4285 794 4356 ὕστερον
840 4287 1245 4358 συντευξόμεθα
1291 4289 1358 4358 τῇ
1411 4287 1552 4340 κατὰ
1587 4289 1719 4342 Θεὸν

129 4379 308 4449 μητρὶ
340 4379 435 4431 καὶ
473 4379 592 4440 ταῖς
621 4378 893 4446 αδελφαῖς.
928 4378 1032 4430 Ἴδε
1063 4378 1305 4432 τοιοῦτον
1330 4379 1397 4432 τὸ
1427 4379 1548 4432 καθ’
1573 4381 1718 4451 ὑμᾶς

125 4470 376 4540 πάθημα
434 4468 622 4522 εὕελπι
676 4471 771 4521 καὶ
813 4471 1127 4540 περιχαρὲς,
1185 4471 1281 4522 καὶ
1330 4473 1428 4542 οὐχ
1476 4472 1552 4534 ὡς
1610 4471 1718 4523 τῶν

126 4560 275 4612 κατὰ
337 4560 521 4631 σάρκα
559 4559 932 4629 τεθνηκότων·
983 4561 1032 4613 οἳ
1065 4561 1285 4632 θρήνοις
1320 4563 1413 4614 καὶ
1467 4563 1719 4624 κοπετοῖς

127 4638 353 4719 ἀλόγοις
413 4651 757 4722 βαλλόμενοι,
818 4654 906 4704 ῐσα
961 4655 1072 4715 τοῖς
1131 4655 1208 4723 μὴ
1272 4653 1482 4723 ἔχουσιν
1529 4653 1717 4706 ἐλπίδα

1832 2187 1940 2224 non
1985 2171 2303 2234 abnuimus,
2351 2175 2565 2242 quoties
2595 2189 2718 2226 cum
2752 2174 2965 2227 ratione
2996 2173 3048 2226 id
3072 2174 3276 2241 expetit
3318 2174 3416 2228 ho—

2447 2265 2714 2334 siquidem
2766 2266 2816 2319 id
2878 2265 3037 2320 nobis
3059 2267 3222 2319 etiam
3281 2265 3415 2320 utile

1831 2352 2016 2407 fuerit.
2051 2353 2167 2408 Hoc
2190 2355 2335 2408 enim
2367 2357 2543 2421 ipsum
2579 2357 2904 2425 praecedenti
2934 2373 3151 2427 quoque
3178 2357 3414 2427 epistola

1828 2443 2282 2513 signiﬁcavimus.
2337 2443 2682 2515 QuaprOpler
2745 2445 2897 2499 illum
2926 2461 3070 2499 nunc
3100 2447 3261 2499 etiam
3319 2463 3415 2502 ex—

1827 2534 2107 2602 ponimus,
2185 2537 2385 2606 partim
2469 2538 2686 2603 quidem
2762 2537 3212 2601 consolatorium,
3296 2553 3418 2605 par-

1829 2627 1923 2680 tim
1985 2644 2114 2682 vero
2163 2631 2669 2684 commonitorium.
2726 2630 2842 2696 Qua
2891 2631 2946 2684 in
2991 2645 3050 2684 re
3108 2630 3416 2686 consolatoo

1826 2718 1983 2770 rius?
2043 2718 2202 2786 Quia,
2267 2722 2414 2791 quod
2481 2722 2536 2776 in
2596 2721 2831 2776 Domino
2880 2723 3024 2778 diem
3073 2722 3209 2777 obiit
3275 2738 3417 2793 prae-

1823 2809 2007 2877 posita
2081 2827 2203 2864 cum
2260 2812 2488 2867 denario
2566 2829 2798 2868 numero
2853 2831 3128 2882 sororum,
3175 2823 3235 2869 ut
3276 2815 3416 2870 dici-

1827 2903 1918 2965 tis,
1960 2919 2068 2958 non
2111 2921 2316 2961 vacuus
2357 2907 2563 2962 doloris
2598 2919 2682 2962 est
2746 2921 2951 2969 sermo,
2988 2907 3081 2962 sed
3118 2909 3209 2976 qui
3243 2910 3414 2962 vehe-

1825 3005 2035 3049 menter
2068 2999 2387 3064 perturbare
2415 3008 2651 3052 mentem
2696 2999 2877 3068 possit
2911 3018 2924 3054 :
2968 2999 3413 3069 quandoquidem

1826 3086 2002 3150 capite
2027 3087 2207 3141 ablato
2235 3097 2409 3142 totum
2446 3103 2644 3158 corpus
2665 3098 2940 3144 mortuum
2975 3099 3078 3154 est,
3103 3097 3156 3143 et
3184 3089 3414 3143 nobilis-

1823 3178 1980 3232 simis
2011 3180 2273 3234 membris
2308 3180 2589 3248 abscissis,
2637 3190 2833 3236 caetera
2867 3197 2990 3253 qua:
3055 3191 3282 3248 restant,
3314 3182 3413 3237 de-

1824 3267 2040 3323 formia.
2077 3267 2207 3324 Tale
2243 3272 2406 3341 igitur
2436 3283 2516 3326 est
2552 3273 2856 3328 secundum
2891 3289 3115 3328 carnem
3135 3273 3285 3344 quod
3320 3290 3414 3329 ac-

1821 3363 1973 3415 cidit.
2003 3362 2109 3418 Sed
2151 3365 2279 3434 quia
2312 3365 2631 3432 spiritualia
2675 3367 3044 3433 spiritualibus
3095 3383 3412 3435 comparan-

1823 3461 1909 3504 tur
1942 3454 2000 3507 ":
2038 3465 2090 3508 et
2121 3456 2274 3510 triste
2301 3457 2463 3510 simul
2495 3467 2600 3521 est,
2640 3465 2695 3512 et
2749 3457 2914 3510 simul
2942 3458 3344 3526 pet-jucundum
3385 3471 3400 3509 :

1822 3542 1954 3596 illud
1983 3545 2202 3613 quidem
2238 3558 2456 3615 propter
2487 3547 2847 3616 privatiOnem
2887 3563 2901 3598 :
2959 3548 3064 3602 hoc
3113 3563 3241 3602 vero
3283 3564 3411 3618 pro-

1823 3643 1944 3705 pter
1979 3652 2152 3704 spem.
2190 3638 2477 3694 Extulistis
2503 3640 2848 3709 praepositam
2877 3655 3094 3694 summa
3119 3640 3403 3710 praeditam

1822 3726 2132 3791 sanctitate,
2192 3728 2336 3781 sicut
2394 3729 2692 3798 exponitis,
2743 3744 2962 3784 sorores
3012 3730 3405 3785 venerandas:

1822 3815 2022 3870 lzetitize
2085 3828 2472 3888 argumentum
2507 3821 2678 3875 :dum
2729 3821 2836 3875 illae
2871 3820 3089 3891 quidem
3142 3837 3264 3890 quae
3314 3836 3407 3876 as-

1821 3919 2052 3977 sumptae
2081 3920 2229 3975 sunt,
2260 3912 2419 3979 quasi
2451 3911 2724 3982 legatione
2766 3913 3072 3984 funguntur
3103 3922 3162 3969 ut
3206 3913 3407 3982 quietis

1820 3998 2000 4053 locum
2050 4001 2206 4055 vobis
2268 4013 2600 4072 praeparent,
2666 4006 2809 4059 sicut
2862 4006 2957 4074 qui
3013 4005 3313 4060 diversoria
3349 4006 3406 4060 in

1820 4091 2023 4147 itinere
2055 4103 2438 4163 praeoccupant
2471 4113 2484 4148 :
2524 4110 2620 4150 vos
2666 4111 2795 4150 vero
2818 4098 2913 4166 qui
2961 4098 3156 4161 relicti,
3184 4105 3238 4151 et
3283 4112 3406 4166 quae

1820 4183 2028 4238 relictae
2051 4186 2207 4251 estis,
2244 4186 2438 4240 bonam
2471 4190 2659 4253 vitam,
2718 4204 3048 4260 gravemque
3101 4204 3404 4244 conversa-

1818 4276 2044 4341 tionem,
2079 4288 2353 4332 maturare
2383 4282 2635 4334 certatim
2669 4282 2928 4348 studetis,
2973 4297 3298 4351 semperque
3339 4283 3406 4338 il-

1823 4366 1911 4420 luc
1942 4369 2221 4435 spectatis,
2253 4370 2343 4424 ubi
2374 4373 2722 4439 postmodum
2761 4374 2925 4427 matri
2959 4375 3012 4427 in
3047 4373 3157 4427 Deo
3192 4374 3404 4428 sorori-

1823 4455 2034 4524 busque
2064 4473 2442 4513 occurremus.
2469 4461 2616 4516 Talis
2653 4477 2846 4532 nempe
2883 4472 3063 4518 vester
3091 4471 3177 4517 est
3223 4465 3402 4534 dolor,

1819 4562 1944 4600 cum
1973 4563 2068 4617 spe
2097 4557 2151 4602 et
2178 4550 2376 4604 laetitiae
2410 4553 2768 4621 conjunctus;
2830 4571 3009 4624 neque
3042 4566 3100 4610 ut
3155 4567 3403 4611 mortuo-

1821 4649 1940 4691 rum
1971 4641 2270 4694 secundum
2313 4657 2569 4712 carnem;
2623 4646 2719 4714 qui
2747 4647 3002 4702 lamentis
3032 4655 3086 4701 et
3117 4647 3403 4717 plangori-

125 4740 334 4810 ἔθνεσι,
373 4743 549 4814 λύπης
581 4744 989 4814 πεπλήρωνται.
1037 4743 1136 4796 Διὰ
1180 4743 1337 4796 τοῦτο
1365 4745 1483 4796 οὐδὲ
1517 4744 1712 4813 ἐπιθη-

1825 4727 1922 4782 bus
1951 4729 2159 4784 insanis
2185 4734 2455 4801 oppressi,
2492 4735 2716 4804 perinde
2760 4752 2826 4792 ac
2859 4749 3046 4807 gentes
3088 4754 3212 4808 quae
3246 4754 3398 4809 spem

131 4837 283 4906 μητὴ
315 4836 502 4898 αὐτοῖς
541 4837 574 4904 ἡ
616 4845 966 4904 μετάστασις,
1000 4822 1134 4888 άλλά
1164 4837 1255 4889 καὶ
1298 4836 1417 4889 λίαν
1454 4839 1712 4905 φευκτέα.

138 4925 310 4998 Ἡμῖν
359 4928 418 4981 δέ
452 4925 541 4993 οἷς
577 4929 644 4981 τὸ
668 4927 774 4996 ζῇν
800 4928 1074 4996 Χριστὸς,
1126 4929 1223 4981 καὶ
1278 4928 1344 4982 τὸ
1388 4929 1714 4984 ἀποθανεῖν

127 5019 385 5088 κέρδοςο
436 5021 613 5092 χαρᾶς
666 5022 984 5091 περιπέτεια
1040 5023 1072 5091 ή
1122 5020 1379 5090 κοίμησις
1411 5022 1518 5073 τῶν
1553 5038 1715 5074 πνευ-

131 5113 382 5179 ματικῶν
446 5112 737 5180 Πατέρων,
799 5113 873 5176 ὡς
928 5115 986 5165 ὲν
1048 5113 1236 5182 Κυρίῳ
1301 5112 1552 5176 ζώντων,
1617 5115 1712 5166 καὶ

135 5203 336 5269 μᾶλλον
364 5205 466 5272 τῆς
511 5201 699 5257 ἐνθάδε
727 5204 873 5274 ζωῆς
913 5203 1242 5276 ὑψηλότερον
1291 5205 1385 5256 καὶ
1432 5203 1712 5258 ἀθανατώ-

128 5313 310 5367 τερον.

211 5451 646 5525 ’.ὶπορρίψαντες
680 5452 772 5506 οὖν
817 5453 910 5507 καὶ
939 5453 1316 5524 ἀπορρίνξιασαι
1348 5457 1527 5509 πᾶσαν
1579 5455 1705 5510 ἄλο-

1826 4834 1934 4870 non
1965 4817 2167 4873 habent
2193 4821 2235 4887 ',
2267 4822 2494 4876 tristitia
2539 4823 2855 4893 implentur.
2899 4825 3244 4896 Quapropter
3298 4842 3399 4883 nec

1821 4912 2057 4978 optanda
2105 4913 2214 4968 illis
2253 4925 2337 4970 est
2387 4916 2692 4986 emigratio,
2727 4920 2821 4973 sed
2871 4921 3027 4975 valde
3055 4919 3398 4990 refugienda.

1821 4999 1989 5054 Nobis
2015 5017 2164 5069 vero,
2191 5006 2380 5072 quibus
2412 5009 2576 5060 vivere
2625 5007 2868 5063 Christus
2903 5021 3004 5074 est,
3059 5022 3107 5064 et
3154 5012 3288 5064 mori
3321 5011 3402 5065 lu-

1819 5109 1972 5146 crum
2003 5095 2023 5126 ⁹
2053 5137 2066 5158 ,
2108 5097 2495 5168 inexspeuata:
2545 5101 2745 5155 laetitia:
2776 5105 2996 5157 occasio
3022 5114 3104 5157 est
3135 5105 3397 5173 spiritua-

1820 5185 1952 5240 lium
1986 5187 2209 5242 Patrum
2243 5207 2412 5255 mors,
2447 5202 2700 5261 tanquam
2729 5193 2784 5247 in
2815 5193 3046 5249 Domino
3071 5196 3392 5262 viventium,

1818 5275 1929 5328 vita
1981 5277 2176 5345 multo,
2212 5295 2377 5348 quam
2409 5281 2521 5334 haec
2574 5292 2783 5347 nostra,
2835 5285 2924 5351 sil,
2968 5285 3294 5342 sublimiore
3341 5297 3398 5342 et

1819 5365 2130 5424 itnmortali.

1893 5459 2228 5528 Abjicientes
2298 5478 2428 5534 ergo
2457 5464 2654 5536 singuli
2687 5474 2736 5520 et
2772 5467 2999 5540 singula:
3028 5483 3242 5525 omnem
3298 5469 3400 5527 tri-

199 5610 222 5643 ³
251 5611 440 5669 Matth.
477 5630 575 5674 xu,
599 5613 688 5666 48.
765 5623 786 5653 θ
817 5615 950 5668 Luc.
985 5631 1092 5682 xw,
1118 5615 1208 5668 9.6.
1286 5617 1304 5640 '
1337 5616 1354 5670 Ι
1382 5615 1506 5671 Cor.
1533 5633 1591 5680 ll,
1626 5618 1686 5671 l3

1832 5618 1843 5669 Ι
1877 5621 2072 5677 Thess.
2101 5640 2172 5686 ιν,
2209 5625 2294 5680 1?.
2371 5627 2391 5657 ⁵
2419 5627 2650 5698 Philipp.
2685 5645 2737 5693 χ,
2778 5630 2827 5682 l.

1651 5733 1880 5791 NOTAE.

207 5801 319 5870 (75)
354 5805 411 5860 In
445 5804 569 5860 cod.
607 5801 733 5874 Reg.
769 5804 909 5875 9115'.
