  <div class='ocr_page' id='page_1' title='image "/cluster/home/n/w/nwhite01/storage/ocr_20150623/99/pst.000005714063/843.png"; bbox 0 0 3976 6322; ppageno 0'>
   <div class='ocr_carea' id='block_1_1' title="bbox 595 361 730 424">
    <p class='ocr_par' dir='ltr' id='par_1_1' title="bbox 595 361 730 424">
     <span class='ocr_line' id='line_1_1' title="bbox 595 361 730 424; baseline 0.015 -2"><span class='ocrx_word' id='word_1_1' title='bbox 595 361 730 424; x_wconf 84' lang='grc'>1563</span> 
     </span>
    </p>
   </div>
   <div class='ocr_carea' id='block_1_2' title="bbox 1779 361 2660 426">
    <p class='ocr_par' dir='ltr' id='par_1_2' title="bbox 1779 361 2660 426">
     <span class='ocr_line' id='line_1_2' title="bbox 1779 361 2660 426; baseline 0.006 -4"><span class='ocrx_word' id='word_1_2' title='bbox 1779 362 1842 422; x_wconf 90' lang='lat' dir='ltr'><strong>S.</strong></span> <span class='ocrx_word' id='word_1_3' title='bbox 1873 361 2266 423; x_wconf 82' lang='lat' dir='ltr'><strong>TIIEODORI</strong></span> <span class='ocrx_word' id='word_1_4' title='bbox 2309 365 2660 426; x_wconf 64' lang='lat' dir='ltr'><strong>STUDITAE</strong></span> 
     </span>
    </p>
   </div>
   <div class='ocr_carea' id='block_1_3' title="bbox 3746 369 3872 432">
    <p class='ocr_par' dir='ltr' id='par_1_3' title="bbox 3746 369 3872 432">
     <span class='ocr_line' id='line_1_3' title="bbox 3746 369 3872 432; baseline -0.016 0"><span class='ocrx_word' id='word_1_5' title='bbox 3746 369 3872 432; x_wconf 69' lang='grc'>1564</span> 
     </span>
    </p>
   </div>
   <div class='ocr_carea' id='block_1_4' title="bbox 588 477 2168 550">
    <p class='ocr_par' dir='ltr' id='par_1_4' title="bbox 588 477 2156 548">
     <span class='ocr_line' id='line_1_4' title="bbox 588 477 2156 548; baseline -0.002 -14"><span class='ocrx_word' id='word_1_6' title='bbox 588 479 791 534; x_wconf 89' lang='lat' dir='ltr'><strong>stitiam</strong></span> <span class='ocrx_word' id='word_1_7' title='bbox 817 493 847 532; x_wconf 89' lang='lat' dir='ltr'><strong>a</strong></span> <span class='ocrx_word' id='word_1_8' title='bbox 884 477 1094 532; x_wconf 99' lang='lat' dir='ltr'><strong>ratione</strong></span> <span class='ocrx_word' id='word_1_9' title='bbox 1113 477 1371 541; x_wconf 86' lang='lat' dir='ltr'><strong>alienam,</strong></span> <span class='ocrx_word' id='word_1_10' title='bbox 1394 485 1447 531; x_wconf 89' lang='lat' dir='ltr'><strong>et</strong></span> <span class='ocrx_word' id='word_1_11' title='bbox 1477 477 1776 547; x_wconf 78' lang='lat' dir='ltr'><strong>degeneres</strong></span> <span class='ocrx_word' id='word_1_12' title='bbox 1835 478 2101 548; x_wconf 87' lang='lat' dir='ltr'><strong>lacrymas</strong></span> <span class='ocrx_word' id='word_1_13' title='bbox 2142 499 2156 531; x_wconf 86' lang='lat'><strong>:</strong></span> 
     </span>
    </p>
   </div>
   <div class='ocr_carea' id='block_1_5' title="bbox 2276 477 3868 550">
    <p class='ocr_par' dir='ltr' id='par_1_5' title="bbox 2276 478 3868 550">
     <span class='ocr_line' id='line_1_5' title="bbox 2276 478 3868 550; baseline 0.003 -20"><span class='ocrx_word' id='word_1_14' title='bbox 2276 495 2360 548; x_wconf 84' lang='grc' dir='ltr'><strong>γον</strong></span> <span class='ocrx_word' id='word_1_15' title='bbox 2404 478 2582 547; x_wconf 83' lang='grc' dir='ltr'>λύπην</span> <span class='ocrx_word' id='word_1_16' title='bbox 2607 480 2700 533; x_wconf 80' lang='grc' dir='ltr'>καὶ</span> <span class='ocrx_word' id='word_1_17' title='bbox 2731 479 2955 547; x_wconf 80' lang='grc' dir='ltr'>ἀγεννὲς</span> <span class='ocrx_word' id='word_1_18' title='bbox 2991 479 3249 550; x_wconf 85' lang='grc' dir='ltr'>δάκρυον,</span> <span class='ocrx_word' id='word_1_19' title='bbox 3288 479 3412 534; x_wconf 76' lang='grc' dir='ltr'>καθ’</span> <span class='ocrx_word' id='word_1_20' title='bbox 3449 480 3479 532; x_wconf 88' lang='grc' dir='ltr'>ὃ</span> <span class='ocrx_word' id='word_1_21' title='bbox 3521 480 3868 550; x_wconf 72' lang='grc' dir='ltr'>κατέστησε,</span> 
     </span>
    </p>
   </div>
   <div class='ocr_carea' id='block_1_6' title="bbox 589 570 2166 642">
    <p class='ocr_par' dir='ltr' id='par_1_6' title="bbox 589 570 2166 642">
     <span class='ocr_line' id='line_1_6' title="bbox 589 570 2166 642; baseline 0.003 -19"><span class='ocrx_word' id='word_1_22' title='bbox 589 582 751 642; x_wconf 84' lang='lat' dir='ltr'><strong>prout</strong></span> <span class='ocrx_word' id='word_1_23' title='bbox 779 587 874 641; x_wconf 92' lang='lat' dir='ltr'><strong>pcr</strong></span> <span class='ocrx_word' id='word_1_24' title='bbox 894 571 1100 627; x_wconf 80' lang='lat' dir='ltr'><strong>Christi</strong></span> <span class='ocrx_word' id='word_1_25' title='bbox 1133 571 1365 642; x_wconf 85' lang='lat' dir='ltr'><strong>gratiam</strong></span> <span class='ocrx_word' id='word_1_26' title='bbox 1395 571 1676 626; x_wconf 87' lang='lat' dir='ltr'><strong>constituti</strong></span> <span class='ocrx_word' id='word_1_27' title='bbox 1703 570 1857 635; x_wconf 90' lang='lat' dir='ltr'><strong>estis,</strong></span> <span class='ocrx_word' id='word_1_28' title='bbox 1903 570 1992 626; x_wconf 93' lang='lat' dir='ltr'><strong>hic</strong></span> <span class='ocrx_word' id='word_1_29' title='bbox 2038 573 2166 642; x_wconf 84' lang='lat' dir='ltr'><strong>qui—</strong></span> 
     </span>
    </p>
   </div>
   <div class='ocr_carea' id='block_1_7' title="bbox 589 662 2164 734">
    <p class='ocr_par' dir='ltr' id='par_1_7' title="bbox 589 662 2164 734">
     <span class='ocr_line' id='line_1_7' title="bbox 589 662 2164 734; baseline 0.004 -22"><span class='ocrx_word' id='word_1_30' title='bbox 589 663 714 718; x_wconf 86' lang='lat' dir='ltr'><strong>dem</strong></span> <span class='ocrx_word' id='word_1_31' title='bbox 773 664 826 717; x_wconf 92' lang='lat' dir='ltr'><strong>in</strong></span> <span class='ocrx_word' id='word_1_32' title='bbox 877 664 1110 734; x_wconf 77' lang='lat' dir='ltr'><strong>regendo</strong></span> <span class='ocrx_word' id='word_1_33' title='bbox 1141 664 1384 717; x_wconf 89' lang='lat' dir='ltr'><strong>virorum</strong></span> <span class='ocrx_word' id='word_1_34' title='bbox 1422 662 1738 731; x_wconf 90' lang='lat' dir='ltr'><strong>domicilio;</strong></span> <span class='ocrx_word' id='word_1_35' title='bbox 1792 664 1906 717; x_wconf 69' lang='lat' dir='ltr'><strong>haec</strong></span> <span class='ocrx_word' id='word_1_36' title='bbox 1945 679 2075 718; x_wconf 90' lang='lat' dir='ltr'><strong>vero</strong></span> <span class='ocrx_word' id='word_1_37' title='bbox 2110 665 2164 719; x_wconf 94' lang='lat' dir='ltr'><strong>in</strong></span> 
     </span>
    </p>
   </div>
   <div class='ocr_carea' id='block_1_8' title="bbox 590 752 2168 824">
    <p class='ocr_par' dir='ltr' id='par_1_8' title="bbox 590 752 2168 824">
     <span class='ocr_line' id='line_1_8' title="bbox 590 752 2168 824; baseline 0 -16"><span class='ocrx_word' id='word_1_38' title='bbox 590 754 853 809; x_wconf 88' lang='lat' dir='ltr'><strong>domicilii</strong></span> <span class='ocrx_word' id='word_1_39' title='bbox 885 755 1156 824; x_wconf 81' lang='lat' dir='ltr'><strong>virginum</strong></span> <span class='ocrx_word' id='word_1_40' title='bbox 1194 752 1518 824; x_wconf 63' lang='lat' dir='ltr'><strong>praefectura</strong></span> <span class='ocrx_word' id='word_1_41' title='bbox 1554 773 1566 808; x_wconf 91' lang='lat'>:</span> <span class='ocrx_word' id='word_1_42' title='bbox 1600 753 1778 809; x_wconf 83' lang='lat' dir='ltr'><strong>Sobrii</strong></span> <span class='ocrx_word' id='word_1_43' title='bbox 1808 762 1994 819; x_wconf 80' lang='lat' dir='ltr'><strong>estote,</strong></span> <span class='ocrx_word' id='word_1_44' title='bbox 2034 756 2168 824; x_wconf 82' lang='lat' dir='ltr'><strong>vigi-</strong></span> 
     </span>
    </p>
   </div>
   <div class='ocr_carea' id='block_1_9' title="bbox 589 846 2166 915">
    <p class='ocr_par' dir='ltr' id='par_1_9' title="bbox 589 846 2166 915">
     <span class='ocr_line' id='line_1_9' title="bbox 589 846 2166 915; baseline 0.001 -17"><span class='ocrx_word' id='word_1_45' title='bbox 589 847 700 900; x_wconf 83' lang='lat' dir='ltr'><strong>late</strong></span> <span class='ocrx_word' id='word_1_46' title='bbox 731 847 794 909; x_wconf 84' lang='grc'><strong>¹⁶,</strong></span> <span class='ocrx_word' id='word_1_47' title='bbox 833 847 1060 899; x_wconf 79' lang='lat' dir='ltr'><strong>viriliter</strong></span> <span class='ocrx_word' id='word_1_48' title='bbox 1117 848 1277 915; x_wconf 82' lang='lat' dir='ltr'><strong>agite,</strong></span> <span class='ocrx_word' id='word_1_49' title='bbox 1333 846 1747 915; x_wconf 76' lang='lat' dir='ltr'><strong>confortamini:</strong></span> <span class='ocrx_word' id='word_1_50' title='bbox 1777 848 1953 900; x_wconf 82' lang='lat' dir='ltr'><strong>omnia</strong></span> <span class='ocrx_word' id='word_1_51' title='bbox 1997 857 2166 899; x_wconf 79' lang='lat' dir='ltr'><strong>vestra</strong></span> 
     </span>
    </p>
   </div>
   <div class='ocr_carea' id='block_1_10' title="bbox 591 936 2164 1002">
    <p class='ocr_par' dir='ltr' id='par_1_10' title="bbox 591 936 2164 1002">
     <span class='ocr_line' id='line_1_10' title="bbox 591 936 2164 1002; baseline 0.003 -15"><span class='ocrx_word' id='word_1_52' title='bbox 591 939 645 988; x_wconf 85' lang='lat' dir='ltr'><strong>in</strong></span> <span class='ocrx_word' id='word_1_53' title='bbox 707 936 974 990; x_wconf 83' lang='lat' dir='ltr'><strong>charitate</strong></span> <span class='ocrx_word' id='word_1_54' title='bbox 1013 936 1078 1002; x_wconf 82' lang='lat'><strong>“,</strong></span> <span class='ocrx_word' id='word_1_55' title='bbox 1127 938 1310 991; x_wconf 84' lang='lat' dir='ltr'><strong>onmia</strong></span> <span class='ocrx_word' id='word_1_56' title='bbox 1351 938 1404 991; x_wconf 88' lang='lat' dir='ltr'><strong>in</strong></span> <span class='ocrx_word' id='word_1_57' title='bbox 1453 939 1834 992; x_wconf 87' lang='lat' dir='ltr'><strong>mandatorum</strong></span> <span class='ocrx_word' id='word_1_58' title='bbox 1892 937 2164 1001; x_wconf 86' lang='lat' dir='ltr'><strong>custodia,</strong></span> 
     </span>
    </p>
   </div>
   <div class='ocr_carea' id='block_1_11' title="bbox 587 1029 2166 1100">
    <p class='ocr_par' dir='ltr' id='par_1_11' title="bbox 587 1029 2166 1100">
     <span class='ocr_line' id='line_1_11' title="bbox 587 1029 2166 1100; baseline 0.001 -18"><span class='ocrx_word' id='word_1_59' title='bbox 587 1029 743 1100; x_wconf 82' lang='lat' dir='ltr'><strong>juxta</strong></span> <span class='ocrx_word' id='word_1_60' title='bbox 799 1030 1187 1099; x_wconf 62' lang='lat' dir='ltr'><strong>praceptiones</strong></span> <span class='ocrx_word' id='word_1_61' title='bbox 1217 1030 1389 1085; x_wconf 82' lang='lat' dir='ltr'><strong>sancti</strong></span> <span class='ocrx_word' id='word_1_62' title='bbox 1440 1030 1647 1085; x_wconf 88' lang='lat' dir='ltr'><strong>Basilii.</strong></span> <span class='ocrx_word' id='word_1_63' title='bbox 1708 1032 1885 1100; x_wconf 85' lang='lat' dir='ltr'><strong>Atque</strong></span> <span class='ocrx_word' id='word_1_64' title='bbox 1945 1031 2063 1084; x_wconf 67' lang='lat' dir='ltr'><strong>haec</strong></span> <span class='ocrx_word' id='word_1_65' title='bbox 2109 1031 2166 1085; x_wconf 91' lang='lat' dir='ltr'><strong>in</strong></span> 
     </span>
    </p>
   </div>
   <div class='ocr_carea' id='block_1_12' title="bbox 592 1120 2167 1190">
    <p class='ocr_par' dir='ltr' id='par_1_12' title="bbox 592 1120 2167 1190">
     <span class='ocr_line' id='line_1_12' title="bbox 592 1120 2167 1190; baseline 0.002 -18"><span class='ocrx_word' id='word_1_66' title='bbox 592 1120 806 1172; x_wconf 85' lang='lat' dir='ltr'><strong>duobus</strong></span> <span class='ocrx_word' id='word_1_67' title='bbox 850 1121 1200 1175; x_wconf 88' lang='lat' dir='ltr'><strong>monasteriis</strong></span> <span class='ocrx_word' id='word_1_68' title='bbox 1222 1120 1420 1176; x_wconf 82' lang='lat' dir='ltr'><strong>vestris</strong></span> <span class='ocrx_word' id='word_1_69' title='bbox 1443 1121 1688 1190; x_wconf 80' lang='lat' dir='ltr'><strong>vigeant;</strong></span> <span class='ocrx_word' id='word_1_70' title='bbox 1728 1131 1787 1175; x_wconf 92' lang='lat' dir='ltr'><strong>ut</strong></span> <span class='ocrx_word' id='word_1_71' title='bbox 1819 1122 1938 1177; x_wconf 89' lang='lat' dir='ltr'><strong>sine</strong></span> <span class='ocrx_word' id='word_1_72' title='bbox 1994 1120 2167 1175; x_wconf 78' lang='lat' dir='ltr'><strong>oﬂen-</strong></span> 
     </span>
    </p>
   </div>
   <div class='ocr_carea' id='block_1_13' title="bbox 592 1213 2166 1281">
    <p class='ocr_par' dir='ltr' id='par_1_13' title="bbox 592 1213 2166 1281">
     <span class='ocr_line' id='line_1_13' title="bbox 592 1213 2166 1281; baseline 0.003 -16"><span class='ocrx_word' id='word_1_73' title='bbox 592 1213 748 1266; x_wconf 91' lang='lat' dir='ltr'><strong>sione</strong></span> <span class='ocrx_word' id='word_1_74' title='bbox 776 1221 830 1266; x_wconf 85' lang='lat' dir='ltr'><strong>et</strong></span> <span class='ocrx_word' id='word_1_75' title='bbox 860 1214 1290 1281; x_wconf 80' lang='lat' dir='ltr'><strong>reprehensione</strong></span> <span class='ocrx_word' id='word_1_76' title='bbox 1322 1213 1489 1266; x_wconf 90' lang='lat' dir='ltr'><strong>vitam</strong></span> <span class='ocrx_word' id='word_1_77' title='bbox 1529 1215 1812 1276; x_wconf 83' lang='lat' dir='ltr'><strong>ducentes,</strong></span> <span class='ocrx_word' id='word_1_78' title='bbox 1853 1213 2166 1280; x_wconf 77' lang='lat' dir='ltr'><strong>gloriﬁcetis</strong></span> 
     </span>
    </p>
   </div>
   <div class='ocr_carea' id='block_1_14' title="bbox 593 1303 2166 1376">
    <p class='ocr_par' dir='ltr' id='par_1_14' title="bbox 593 1303 2166 1376">
     <span class='ocr_line' id='line_1_14' title="bbox 593 1303 2166 1376; baseline 0.003 -20"><span class='ocrx_word' id='word_1_79' title='bbox 593 1303 761 1359; x_wconf 90' lang='lat' dir='ltr'><strong>Deum</strong></span> <span class='ocrx_word' id='word_1_80' title='bbox 794 1305 848 1359; x_wconf 94' lang='lat' dir='ltr'><strong>in</strong></span> <span class='ocrx_word' id='word_1_81' title='bbox 885 1321 1116 1374; x_wconf 89' lang='lat' dir='ltr'><strong>corpore</strong></span> <span class='ocrx_word' id='word_1_82' title='bbox 1144 1317 1322 1362; x_wconf 89' lang='lat' dir='ltr'><strong>vestro</strong></span> <span class='ocrx_word' id='word_1_83' title='bbox 1357 1315 1413 1361; x_wconf 88' lang='lat' dir='ltr'><strong>et</strong></span> <span class='ocrx_word' id='word_1_84' title='bbox 1466 1324 1519 1361; x_wconf 81' lang='grc' dir='ltr'><strong>ιη</strong></span> <span class='ocrx_word' id='word_1_85' title='bbox 1545 1309 1739 1376; x_wconf 90' lang='lat' dir='ltr'><strong>spiritu</strong></span> <span class='ocrx_word' id='word_1_86' title='bbox 1768 1315 1949 1361; x_wconf 75' lang='lat' dir='ltr'><strong>vestro</strong></span> <span class='ocrx_word' id='word_1_87' title='bbox 1982 1325 1995 1360; x_wconf 91' lang='lat'>:</span> <span class='ocrx_word' id='word_1_88' title='bbox 2028 1308 2166 1361; x_wconf 89' lang='lat' dir='ltr'><strong>alte-</strong></span> 
     </span>
    </p>
   </div>
   <div class='ocr_carea' id='block_1_15' title="bbox 592 1399 2168 1465">
    <p class='ocr_par' dir='ltr' id='par_1_15' title="bbox 592 1399 2168 1465">
     <span class='ocr_line' id='line_1_15' title="bbox 592 1399 2168 1465; baseline 0.004 -17"><span class='ocrx_word' id='word_1_89' title='bbox 592 1412 824 1465; x_wconf 88' lang='lat' dir='ltr'><strong>rumque</strong></span> <span class='ocrx_word' id='word_1_90' title='bbox 847 1399 915 1452; x_wconf 93' lang='lat' dir='ltr'><strong>ab</strong></span> <span class='ocrx_word' id='word_1_91' title='bbox 943 1399 1114 1452; x_wconf 91' lang='lat' dir='ltr'><strong>altero</strong></span> <span class='ocrx_word' id='word_1_92' title='bbox 1146 1400 1539 1454; x_wconf 87' lang='lat' dir='ltr'><strong>monasterium</strong></span> <span class='ocrx_word' id='word_1_93' title='bbox 1571 1401 1860 1464; x_wconf 79' lang='lat' dir='ltr'><strong>excitetur,</strong></span> <span class='ocrx_word' id='word_1_94' title='bbox 1894 1408 1949 1454; x_wconf 92' lang='lat' dir='ltr'><strong>et</strong></span> <span class='ocrx_word' id='word_1_95' title='bbox 1978 1411 2168 1454; x_wconf 87' lang='lat' dir='ltr'><strong>sancte</strong></span> 
     </span>
    </p>
   </div>
   <div class='ocr_carea' id='block_1_16' title="bbox 590 1490 2166 1561">
    <p class='ocr_par' dir='ltr' id='par_1_16' title="bbox 590 1490 2166 1561">
     <span class='ocr_line' id='line_1_16' title="bbox 590 1490 2166 1561; baseline 0.003 -19"><span class='ocrx_word' id='word_1_96' title='bbox 590 1490 911 1558; x_wconf 86' lang='lat' dir='ltr'><strong>conspiret:</strong></span> <span class='ocrx_word' id='word_1_97' title='bbox 946 1498 999 1544; x_wconf 86' lang='lat' dir='ltr'><strong>te.</strong></span> <span class='ocrx_word' id='word_1_98' title='bbox 1026 1491 1295 1557; x_wconf 80' lang='lat' dir='ltr'><strong>videlicet,</strong></span> <span class='ocrx_word' id='word_1_99' title='bbox 1352 1493 1519 1545; x_wconf 83' lang='lat' dir='ltr'><strong>Iratre</strong></span> <span class='ocrx_word' id='word_1_100' title='bbox 1572 1491 1793 1560; x_wconf 85' lang='lat' dir='ltr'><strong>Basilio,</strong></span> <span class='ocrx_word' id='word_1_101' title='bbox 1834 1492 1926 1561; x_wconf 91' lang='lat' dir='ltr'><strong>qui</strong></span> <span class='ocrx_word' id='word_1_102' title='bbox 1964 1492 2028 1546; x_wconf 90' lang='lat' dir='ltr'><strong>ad</strong></span> <span class='ocrx_word' id='word_1_103' title='bbox 2064 1507 2166 1546; x_wconf 88' lang='lat' dir='ltr'><strong>nos</strong></span> 
     </span>
    </p>
   </div>
   <div class='ocr_carea' id='block_1_17' title="bbox 591 1582 2167 1652">
    <p class='ocr_par' dir='ltr' id='par_1_17' title="bbox 591 1582 2167 1652">
     <span class='ocr_line' id='line_1_17' title="bbox 591 1582 2167 1652; baseline 0.001 -17"><span class='ocrx_word' id='word_1_104' title='bbox 591 1582 891 1650; x_wconf 89' lang='lat' dir='ltr'><strong>scripsisti,</strong></span> <span class='ocrx_word' id='word_1_105' title='bbox 951 1591 1006 1637; x_wconf 90' lang='lat' dir='ltr'><strong>et</strong></span> <span class='ocrx_word' id='word_1_106' title='bbox 1049 1584 1207 1638; x_wconf 91' lang='lat' dir='ltr'><strong>nobis</strong></span> <span class='ocrx_word' id='word_1_107' title='bbox 1255 1584 1643 1652; x_wconf 86' lang='lat' dir='ltr'><strong>comprobatus</strong></span> <span class='ocrx_word' id='word_1_108' title='bbox 1691 1600 1773 1648; x_wconf 92' lang='lat' dir='ltr'><strong>es,</strong></span> <span class='ocrx_word' id='word_1_109' title='bbox 1835 1584 1997 1638; x_wconf 91' lang='lat' dir='ltr'><strong>simul</strong></span> <span class='ocrx_word' id='word_1_110' title='bbox 2023 1584 2167 1638; x_wconf 90' lang='lat' dir='ltr'><strong>assi-</strong></span> 
     </span>
    </p>
   </div>
   <div class='ocr_carea' id='block_1_18' title="bbox 590 1677 2166 1748">
    <p class='ocr_par' dir='ltr' id='par_1_18' title="bbox 590 1677 2166 1748">
     <span class='ocr_line' id='line_1_18' title="bbox 590 1677 2166 1748; baseline -0.001 -16"><span class='ocrx_word' id='word_1_111' title='bbox 590 1686 790 1741; x_wconf 91' lang='lat' dir='ltr'><strong>stente,</strong></span> <span class='ocrx_word' id='word_1_112' title='bbox 824 1694 1119 1745; x_wconf 87' lang='lat' dir='ltr'><strong>curamque</strong></span> <span class='ocrx_word' id='word_1_113' title='bbox 1142 1678 1496 1748; x_wconf 87' lang='lat' dir='ltr'><strong>participante</strong></span> <span class='ocrx_word' id='word_1_114' title='bbox 1515 1679 1801 1747; x_wconf 83' lang='lat' dir='ltr'><strong>utriusque</strong></span> <span class='ocrx_word' id='word_1_115' title='bbox 1827 1677 2166 1744; x_wconf 86' lang='lat' dir='ltr'><strong>monasterii,</strong></span> 
     </span>
    </p>
   </div>
   <div class='ocr_carea' id='block_1_19' title="bbox 589 1770 2164 1842">
    <p class='ocr_par' dir='ltr' id='par_1_19' title="bbox 589 1770 2164 1842">
     <span class='ocr_line' id='line_1_19' title="bbox 589 1770 2164 1842; baseline 0.002 -19"><span class='ocrx_word' id='word_1_116' title='bbox 589 1770 770 1838; x_wconf 83' lang='lat' dir='ltr'><strong>quoad</strong></span> <span class='ocrx_word' id='word_1_117' title='bbox 799 1779 952 1840; x_wconf 90' lang='lat' dir='ltr'><strong>potes</strong></span> <span class='ocrx_word' id='word_1_118' title='bbox 987 1790 1000 1825; x_wconf 91' lang='lat'>:</span> <span class='ocrx_word' id='word_1_119' title='bbox 1039 1771 1290 1840; x_wconf 85' lang='lat' dir='ltr'><strong>quamvis</strong></span> <span class='ocrx_word' id='word_1_120' title='bbox 1315 1771 1562 1842; x_wconf 81' lang='lat' dir='ltr'><strong>praesidis</strong></span> <span class='ocrx_word' id='word_1_121' title='bbox 1592 1787 1731 1826; x_wconf 88' lang='lat' dir='ltr'><strong>onus</strong></span> <span class='ocrx_word' id='word_1_122' title='bbox 1761 1787 1866 1826; x_wconf 89' lang='lat' dir='ltr'><strong>non</strong></span> <span class='ocrx_word' id='word_1_123' title='bbox 1889 1772 2164 1826; x_wconf 71' lang='lat' dir='ltr'><strong>sumines:</strong></span> 
     </span>
    </p>
   </div>
   <div class='ocr_carea' id='block_1_20' title="bbox 2269 572 3874 644">
    <p class='ocr_par' dir='ltr' id='par_1_20' title="bbox 2269 572 3874 644">
     <span class='ocr_line' id='line_1_20' title="bbox 2269 572 3874 644; baseline 0 -17"><span class='ocrx_word' id='word_1_124' title='bbox 2269 573 2454 642; x_wconf 87' lang='grc' dir='ltr'>χάριτι</span> <span class='ocrx_word' id='word_1_125' title='bbox 2479 572 2718 644; x_wconf 82' lang='grc' dir='ltr'><strong>Χριστοῦ</strong></span> <span class='ocrx_word' id='word_1_126' title='bbox 2747 589 2761 603; x_wconf 90' lang='grc'><strong>·</strong></span> <span class='ocrx_word' id='word_1_127' title='bbox 2789 575 2818 626; x_wconf 86' lang='grc' dir='ltr'><strong>ὁ</strong></span> <span class='ocrx_word' id='word_1_128' title='bbox 2847 573 2945 643; x_wconf 88' lang='grc' dir='ltr'>μὲν</span> <span class='ocrx_word' id='word_1_129' title='bbox 2970 573 3065 625; x_wconf 76' lang='grc' dir='ltr'><strong>ἐπὶ</strong></span> <span class='ocrx_word' id='word_1_130' title='bbox 3088 576 3152 643; x_wconf 80' lang='grc' dir='ltr'>τῇ</span> <span class='ocrx_word' id='word_1_131' title='bbox 3185 573 3496 644; x_wconf 81' lang='grc' dir='ltr'>καθηγήσει</span> <span class='ocrx_word' id='word_1_132' title='bbox 3528 572 3632 625; x_wconf 82' lang='grc' dir='ltr'>τοῦ</span> <span class='ocrx_word' id='word_1_133' title='bbox 3667 575 3874 644; x_wconf 57' lang='grc' dir='ltr'>ἀνδριῐπ</span> 
     </span>
    </p>
   </div>
   <div class='ocr_carea' id='block_1_21' title="bbox 2272 663 3868 736">
    <p class='ocr_par' dir='ltr' id='par_1_21' title="bbox 2272 663 3868 736">
     <span class='ocr_line' id='line_1_21' title="bbox 2272 663 3868 736; baseline 0.002 -19"><span class='ocrx_word' id='word_1_134' title='bbox 2272 679 2380 728; x_wconf 88' lang='grc' dir='ltr'>νος·</span> <span class='ocrx_word' id='word_1_135' title='bbox 2412 668 2445 735; x_wconf 81' lang='grc' dir='ltr'><strong>ἡ</strong></span> <span class='ocrx_word' id='word_1_136' title='bbox 2476 665 2531 718; x_wconf 83' lang='grc' dir='ltr'>δὲ</span> <span class='ocrx_word' id='word_1_137' title='bbox 2554 666 2647 718; x_wconf 74' lang='grc' dir='ltr'><strong>ἐπὶ</strong></span> <span class='ocrx_word' id='word_1_138' title='bbox 2667 667 2734 736; x_wconf 85' lang='grc' dir='ltr'><strong>τῇ</strong></span> <span class='ocrx_word' id='word_1_139' title='bbox 2767 666 3041 734; x_wconf 82' lang='grc' dir='ltr'><strong>ἀφηγήσει</strong></span> <span class='ocrx_word' id='word_1_140' title='bbox 3069 663 3161 718; x_wconf 79' lang='grc' dir='ltr'>τοῦ</span> <span class='ocrx_word' id='word_1_141' title='bbox 3197 665 3580 735; x_wconf 82' lang='grc' dir='ltr'>παρθενῶνος·</span> <span class='ocrx_word' id='word_1_142' title='bbox 3603 666 3868 734; x_wconf 64' lang='grc' dir='ltr'>Νήςεετε,</span> 
     </span>
    </p>
   </div>
   <div class='ocr_carea' id='block_1_22' title="bbox 2270 756 3869 827">
    <p class='ocr_par' dir='ltr' id='par_1_22' title="bbox 2270 756 3869 827">
     <span class='ocr_line' id='line_1_22' title="bbox 2270 756 3869 827; baseline 0.001 -15"><span class='ocrx_word' id='word_1_143' title='bbox 2270 758 2609 827; x_wconf 75' lang='grc' dir='ltr'><strong>γρηγορεῖτε</strong></span> <span class='ocrx_word' id='word_1_144' title='bbox 2643 799 2657 822; x_wconf 92' lang='grc'><em>,</em></span> <span class='ocrx_word' id='word_1_145' title='bbox 2713 756 3060 826; x_wconf 79' lang='grc' dir='ltr'><strong>ἀνδρίζεσθε</strong></span> <span class='ocrx_word' id='word_1_146' title='bbox 3092 798 3107 822; x_wconf 90' lang='lat'><strong>,</strong></span> <span class='ocrx_word' id='word_1_147' title='bbox 3157 758 3567 825; x_wconf 80' lang='grc' dir='ltr'><strong>κραταιοῦσθε</strong></span> <span class='ocrx_word' id='word_1_148' title='bbox 3597 775 3611 789; x_wconf 91' lang='grc'><strong>·</strong></span> <span class='ocrx_word' id='word_1_149' title='bbox 3668 760 3869 815; x_wconf 71' lang='grc' dir='ltr'>πάντα</span> 
     </span>
    </p>
   </div>
   <div class='ocr_carea' id='block_1_23' title="bbox 2273 847 3870 919">
    <p class='ocr_par' dir='ltr' id='par_1_23' title="bbox 2273 847 3870 919">
     <span class='ocr_line' id='line_1_23' title="bbox 2273 847 3870 919; baseline 0.001 -15"><span class='ocrx_word' id='word_1_150' title='bbox 2273 847 2440 917; x_wconf 80' lang='grc' dir='ltr'><strong>ὑμῶν</strong></span> <span class='ocrx_word' id='word_1_151' title='bbox 2475 849 2545 902; x_wconf 79' lang='grc' dir='ltr'><strong>ἐν</strong></span> <span class='ocrx_word' id='word_1_152' title='bbox 2570 849 2792 919; x_wconf 74' lang='grc' dir='ltr'>ἀγάπῃ.</span> <span class='ocrx_word' id='word_1_153' title='bbox 2833 851 3011 902; x_wconf 88' lang='grc' dir='ltr'>πάντα</span> <span class='ocrx_word' id='word_1_154' title='bbox 3043 850 3100 902; x_wconf 80' lang='grc' dir='ltr'>ὲν</span> <span class='ocrx_word' id='word_1_155' title='bbox 3151 848 3365 919; x_wconf 80' lang='grc' dir='ltr'>φυλακῇ</span> <span class='ocrx_word' id='word_1_156' title='bbox 3409 849 3683 917; x_wconf 75' lang='grc' dir='ltr'><strong>ἐντολῶν,</strong></span> <span class='ocrx_word' id='word_1_157' title='bbox 3736 857 3870 905; x_wconf 62' lang='grc' dir='ltr'>κατὰ</span> 
     </span>
    </p>
   </div>
   <div class='ocr_carea' id='block_1_24' title="bbox 2271 942 3872 1014">
    <p class='ocr_par' dir='ltr' id='par_1_24' title="bbox 2271 942 3872 1014">
     <span class='ocr_line' id='line_1_24' title="bbox 2271 942 3872 1014; baseline 0.002 -20"><span class='ocrx_word' id='word_1_158' title='bbox 2271 943 2371 1004; x_wconf 79' lang='grc' dir='ltr'><strong>τὰς</strong></span> <span class='ocrx_word' id='word_1_159' title='bbox 2400 942 2679 1014; x_wconf 79' lang='grc' dir='ltr'><strong>ὑποθήκας</strong></span> <span class='ocrx_word' id='word_1_160' title='bbox 2708 944 2800 996; x_wconf 86' lang='grc' dir='ltr'><strong>τοῦ</strong></span> <span class='ocrx_word' id='word_1_161' title='bbox 2832 943 2990 1012; x_wconf 86' lang='grc' dir='ltr'>ἁγίου</span> <span class='ocrx_word' id='word_1_162' title='bbox 3017 942 3321 997; x_wconf 83' lang='grc' dir='ltr'>Βασιλείου.</span> <span class='ocrx_word' id='word_1_163' title='bbox 3349 944 3581 1010; x_wconf 76' lang='grc' dir='ltr'>Μεταξὺ</span> <span class='ocrx_word' id='word_1_164' title='bbox 3624 946 3688 998; x_wconf 85' lang='grc' dir='ltr'>δὲ</span> <span class='ocrx_word' id='word_1_165' title='bbox 3724 949 3872 1014; x_wconf 63' lang='grc' dir='ltr'>ὑμῶν</span> 
     </span>
    </p>
   </div>
   <div class='ocr_carea' id='block_1_25' title="bbox 2271 1033 3873 1104">
    <p class='ocr_par' dir='ltr' id='par_1_25' title="bbox 2271 1033 3873 1104">
     <span class='ocr_line' id='line_1_25' title="bbox 2271 1033 3873 1104; baseline 0.002 -19"><span class='ocrx_word' id='word_1_166' title='bbox 2271 1034 2386 1085; x_wconf 82' lang='grc' dir='ltr'>τοῖν</span> <span class='ocrx_word' id='word_1_167' title='bbox 2413 1033 2558 1086; x_wconf 84' lang='grc' dir='ltr'>δυοῖν</span> <span class='ocrx_word' id='word_1_168' title='bbox 2603 1033 2981 1104; x_wconf 84' lang='grc' dir='ltr'>μοναστηρίων</span> <span class='ocrx_word' id='word_1_169' title='bbox 3016 1033 3259 1087; x_wconf 83' lang='grc' dir='ltr'>ἔστωσαν</span> <span class='ocrx_word' id='word_1_170' title='bbox 3286 1051 3302 1066; x_wconf 77' lang='grc' dir='ltr'><strong>ο</strong></span> <span class='ocrx_word' id='word_1_171' title='bbox 3358 1036 3450 1089; x_wconf 79' lang='grc' dir='ltr'>ἵνα</span> <span class='ocrx_word' id='word_1_172' title='bbox 3505 1038 3873 1104; x_wconf 68' lang='grc' dir='ltr'>ἀπρόσκοπον</span> 
     </span>
    </p>
   </div>
   <div class='ocr_carea' id='block_1_26' title="bbox 2273 1125 3872 1195">
    <p class='ocr_par' dir='ltr' id='par_1_26' title="bbox 2273 1125 3872 1195">
     <span class='ocr_line' id='line_1_26' title="bbox 2273 1125 3872 1195; baseline 0.004 -17"><span class='ocrx_word' id='word_1_173' title='bbox 2273 1126 2366 1178; x_wconf 75' lang='grc' dir='ltr'>καὶ</span> <span class='ocrx_word' id='word_1_174' title='bbox 2409 1125 2667 1195; x_wconf 83' lang='grc' dir='ltr'>ἀνένοχον</span> <span class='ocrx_word' id='word_1_175' title='bbox 2722 1125 2836 1194; x_wconf 88' lang='grc' dir='ltr'>βίον</span> <span class='ocrx_word' id='word_1_176' title='bbox 2870 1125 3176 1189; x_wconf 85' lang='grc' dir='ltr'>διανύοντες</span> <span class='ocrx_word' id='word_1_177' title='bbox 3213 1128 3310 1180; x_wconf 79' lang='grc' dir='ltr'>καὶ</span> <span class='ocrx_word' id='word_1_178' title='bbox 3349 1127 3681 1182; x_wconf 84' lang='grc' dir='ltr'>διανύουσαι</span> <span class='ocrx_word' id='word_1_179' title='bbox 3711 1171 3727 1193; x_wconf 86' lang='grc'><em>,</em></span> <span class='ocrx_word' id='word_1_180' title='bbox 3791 1131 3872 1183; x_wconf 82' lang='grc' dir='ltr'>δο-</span> 
     </span>
    </p>
   </div>
   <div class='ocr_carea' id='block_1_27' title="bbox 2275 1215 3873 1289">
    <p class='ocr_par' dir='ltr' id='par_1_27' title="bbox 2275 1215 3873 1289">
     <span class='ocr_line' id='line_1_27' title="bbox 2275 1215 3873 1289; baseline 0.001 -19"><span class='ocrx_word' id='word_1_181' title='bbox 2275 1215 2475 1284; x_wconf 78' lang='grc' dir='ltr'>ξάσητε</span> <span class='ocrx_word' id='word_1_182' title='bbox 2500 1217 2592 1271; x_wconf 86' lang='grc' dir='ltr'>τὸν</span> <span class='ocrx_word' id='word_1_183' title='bbox 2635 1217 2766 1270; x_wconf 76' lang='grc' dir='ltr'>Θεὸν</span> <span class='ocrx_word' id='word_1_184' title='bbox 2799 1219 2860 1271; x_wconf 84' lang='grc' dir='ltr'>ὲν</span> <span class='ocrx_word' id='word_1_185' title='bbox 2903 1217 2982 1288; x_wconf 81' lang='grc' dir='ltr'>τῷ</span> <span class='ocrx_word' id='word_1_186' title='bbox 3039 1217 3254 1286; x_wconf 81' lang='grc' dir='ltr'>σώματι</span> <span class='ocrx_word' id='word_1_187' title='bbox 3299 1219 3459 1289; x_wconf 82' lang='grc' dir='ltr'>ὑμῶν</span> <span class='ocrx_word' id='word_1_188' title='bbox 3516 1221 3622 1272; x_wconf 76' lang='grc' dir='ltr'><strong>καὶ</strong></span> <span class='ocrx_word' id='word_1_189' title='bbox 3684 1222 3750 1273; x_wconf 76' lang='grc' dir='ltr'>ὲν</span> <span class='ocrx_word' id='word_1_190' title='bbox 3801 1220 3873 1287; x_wconf 69' lang='grc' dir='ltr'><strong>τῷ</strong></span> 
     </span>
    </p>
   </div>
   <div class='ocr_carea' id='block_1_28' title="bbox 2276 1307 3873 1386">
    <p class='ocr_par' dir='ltr' id='par_1_28' title="bbox 2276 1307 3873 1386">
     <span class='ocr_line' id='line_1_28' title="bbox 2276 1307 3873 1386; baseline 0.003 -25"><span class='ocrx_word' id='word_1_191' title='bbox 2276 1307 2548 1378; x_wconf 88' lang='grc' dir='ltr'>πνεύματι</span> <span class='ocrx_word' id='word_1_192' title='bbox 2608 1309 2801 1378; x_wconf 82' lang='grc' dir='ltr'>ὑμῶν·</span> <span class='ocrx_word' id='word_1_193' title='bbox 2859 1310 3047 1381; x_wconf 75' lang='grc' dir='ltr'>ἕτερον</span> <span class='ocrx_word' id='word_1_194' title='bbox 3106 1311 3196 1380; x_wconf 80' lang='grc' dir='ltr'><strong>ὑφ’</strong></span> <span class='ocrx_word' id='word_1_195' title='bbox 3230 1313 3420 1384; x_wconf 81' lang='grc' dir='ltr'>ἐτέρου</span> <span class='ocrx_word' id='word_1_196' title='bbox 3493 1317 3873 1386; x_wconf 75' lang='grc' dir='ltr'>μοναστήριον</span> 
     </span>
    </p>
   </div>
   <div class='ocr_carea' id='block_1_29' title="bbox 2274 1399 3870 1478">
    <p class='ocr_par' dir='ltr' id='par_1_29' title="bbox 2274 1399 3870 1478">
     <span class='ocr_line' id='line_1_29' title="bbox 2274 1399 3870 1478; baseline 0.003 -26"><span class='ocrx_word' id='word_1_197' title='bbox 2274 1399 2596 1470; x_wconf 84' lang='grc' dir='ltr'>θεοπρεπῶν</span> <span class='ocrx_word' id='word_1_198' title='bbox 2649 1404 3116 1474; x_wconf 82' lang='grc' dir='ltr'>συγκροτούμενόν</span> <span class='ocrx_word' id='word_1_199' title='bbox 3174 1421 3232 1457; x_wconf 89' lang='grc' dir='ltr'><strong>τε</strong></span> <span class='ocrx_word' id='word_1_200' title='bbox 3286 1406 3383 1458; x_wconf 74' lang='grc' dir='ltr'>καὶ</span> <span class='ocrx_word' id='word_1_201' title='bbox 3438 1409 3870 1478; x_wconf 77' lang='grc' dir='ltr'>συνιστάμενον,</span> 
     </span>
    </p>
   </div>
   <div class='ocr_carea' id='block_1_30' title="bbox 2274 1492 3873 1568">
    <p class='ocr_par' dir='ltr' id='par_1_30' title="bbox 2274 1492 3873 1568">
     <span class='ocr_line' id='line_1_30' title="bbox 2274 1492 3873 1568; baseline 0.002 -23"><span class='ocrx_word' id='word_1_202' title='bbox 2274 1492 2518 1563; x_wconf 87' lang='grc' dir='ltr'>δηλονότι</span> <span class='ocrx_word' id='word_1_203' title='bbox 2552 1494 2646 1548; x_wconf 81' lang='grc' dir='ltr'>σοῦ</span> <span class='ocrx_word' id='word_1_204' title='bbox 2682 1495 2775 1548; x_wconf 84' lang='grc' dir='ltr'><strong>τοῦ</strong></span> <span class='ocrx_word' id='word_1_205' title='bbox 2799 1496 3029 1565; x_wconf 81' lang='grc' dir='ltr'>ἀδελφοῦ</span> <span class='ocrx_word' id='word_1_206' title='bbox 3061 1496 3366 1562; x_wconf 84' lang='grc' dir='ltr'>Βασιλείου,</span> <span class='ocrx_word' id='word_1_207' title='bbox 3397 1495 3496 1550; x_wconf 83' lang='grc' dir='ltr'>τοῦ</span> <span class='ocrx_word' id='word_1_208' title='bbox 3534 1501 3638 1551; x_wconf 72' lang='grc' dir='ltr'>καὶ</span> <span class='ocrx_word' id='word_1_209' title='bbox 3667 1516 3873 1568; x_wconf 74' lang='grc' dir='ltr'><strong>τετρι-</strong></span> 
     </span>
    </p>
   </div>
   <div class='ocr_carea' id='block_1_31' title="bbox 2276 1585 3874 1658">
    <p class='ocr_par' dir='ltr' id='par_1_31' title="bbox 2276 1585 3874 1658">
     <span class='ocr_line' id='line_1_31' title="bbox 2276 1585 3874 1658; baseline 0.001 -20"><span class='ocrx_word' id='word_1_210' title='bbox 2276 1585 2436 1654; x_wconf 80' lang='grc' dir='ltr'>φότος</span> <span class='ocrx_word' id='word_1_211' title='bbox 2481 1588 2632 1657; x_wconf 78' lang='grc' dir='ltr'>ἡμῖν,</span> <span class='ocrx_word' id='word_1_212' title='bbox 2669 1589 2763 1640; x_wconf 69' lang='grc' dir='ltr'><strong>κα)⁵</strong></span> <span class='ocrx_word' id='word_1_213' title='bbox 2805 1589 3273 1657; x_wconf 85' lang='grc' dir='ltr'>συνεγνωσμένου,</span> <span class='ocrx_word' id='word_1_214' title='bbox 3322 1590 3730 1658; x_wconf 70' lang='grc' dir='ltr'><strong>συμπαρόντος</strong></span> <span class='ocrx_word' id='word_1_215' title='bbox 3787 1588 3874 1641; x_wconf 75' lang='grc' dir='ltr'><strong>καὶ</strong></span> 
     </span>
    </p>
   </div>
   <div class='ocr_carea' id='block_1_32' title="bbox 2276 1680 3874 1751">
    <p class='ocr_par' dir='ltr' id='par_1_32' title="bbox 2276 1680 3874 1751">
     <span class='ocr_line' id='line_1_32' title="bbox 2276 1680 3874 1751; baseline 0.002 -21"><span class='ocrx_word' id='word_1_216' title='bbox 2276 1680 2919 1751; x_wconf 78' lang='grc' dir='ltr'>συναντιλαμὸανομένου</span> <span class='ocrx_word' id='word_1_217' title='bbox 2945 1681 3212 1751; x_wconf 80' lang='grc' dir='ltr'><strong>ἑκατέρας</strong></span> <span class='ocrx_word' id='word_1_218' title='bbox 3251 1681 3362 1734; x_wconf 86' lang='grc' dir='ltr'><strong>τῶν</strong></span> <span class='ocrx_word' id='word_1_219' title='bbox 3389 1681 3576 1751; x_wconf 89' lang='grc' dir='ltr'>μονῶν</span> <span class='ocrx_word' id='word_1_220' title='bbox 3607 1683 3874 1736; x_wconf 70' lang='grc' dir='ltr'>καθ’ὅπν</span> 
     </span>
    </p>
   </div>
   <div class='ocr_carea' id='block_1_33' title="bbox 2276 1765 3870 1848">
    <p class='ocr_par' dir='ltr' id='par_1_33' title="bbox 2276 1765 3870 1848">
     <span class='ocr_line' id='line_1_33' title="bbox 2276 1765 3870 1848; baseline 0.002 -24"><span class='ocrx_word' id='word_1_221' title='bbox 2276 1765 2387 1825; x_wconf 77' lang='grc' dir='ltr'>οἷόν</span> <span class='ocrx_word' id='word_1_222' title='bbox 2416 1789 2498 1834; x_wconf 87' lang='grc' dir='ltr'>τε,</span> <span class='ocrx_word' id='word_1_223' title='bbox 2532 1774 2627 1826; x_wconf 73' lang='grc' dir='ltr'>καὶ</span> <span class='ocrx_word' id='word_1_224' title='bbox 2665 1773 2736 1842; x_wconf 85' lang='grc' dir='ltr'>μὴ</span> <span class='ocrx_word' id='word_1_225' title='bbox 2771 1773 2852 1826; x_wconf 84' lang='grc' dir='ltr'>ὅτι</span> <span class='ocrx_word' id='word_1_226' title='bbox 2882 1773 2982 1844; x_wconf 79' lang='grc' dir='ltr'>οὐχ</span> <span class='ocrx_word' id='word_1_227' title='bbox 3014 1774 3235 1842; x_wconf 81' lang='grc' dir='ltr'>ὑπέχεις</span> <span class='ocrx_word' id='word_1_228' title='bbox 3266 1772 3424 1841; x_wconf 84' lang='grc' dir='ltr'>λόγον</span> <span class='ocrx_word' id='word_1_229' title='bbox 3487 1776 3870 1848; x_wconf 68' lang='grc' dir='ltr'>προεστῶτος</span> 
     </span>
    </p>
   </div>
   <div class='ocr_carea' id='block_1_34' title="bbox 591 1862 2168 1938">
    <p class='ocr_par' dir='ltr' id='par_1_34' title="bbox 591 1862 2168 1934">
     <span class='ocr_line' id='line_1_34' title="bbox 591 1862 2168 1934; baseline 0.001 -17"><span class='ocrx_word' id='word_1_230' title='bbox 591 1862 687 1917; x_wconf 89' lang='lat' dir='ltr'><strong>sed</strong></span> <span class='ocrx_word' id='word_1_231' title='bbox 720 1863 876 1931; x_wconf 89' lang='lat' dir='ltr'><strong>quasi</strong></span> <span class='ocrx_word' id='word_1_232' title='bbox 914 1863 1185 1918; x_wconf 90' lang='lat' dir='ltr'><strong>desiderio</strong></span> <span class='ocrx_word' id='word_1_233' title='bbox 1217 1875 1312 1918; x_wconf 92' lang='lat' dir='ltr'><strong>tuo</strong></span> <span class='ocrx_word' id='word_1_234' title='bbox 1353 1879 1451 1933; x_wconf 91' lang='lat' dir='ltr'><strong>per</strong></span> <span class='ocrx_word' id='word_1_235' title='bbox 1483 1865 1824 1919; x_wconf 88' lang='lat' dir='ltr'><strong>successoris</strong></span> <span class='ocrx_word' id='word_1_236' title='bbox 1872 1865 2168 1934; x_wconf 89' lang='lat' dir='ltr'><strong>promotio-</strong></span> 
     </span>
    </p>
   </div>
   <div class='ocr_carea' id='block_1_35' title="bbox 2276 1862 3870 1938">
    <p class='ocr_par' dir='ltr' id='par_1_35' title="bbox 2276 1865 3870 1938">
     <span class='ocr_line' id='line_1_35' title="bbox 2276 1865 3870 1938; baseline 0.001 -19"><span class='ocrx_word' id='word_1_237' title='bbox 2276 1865 2386 1919; x_wconf 84' lang='grc' dir='ltr'>ἀλλ’</span> <span class='ocrx_word' id='word_1_238' title='bbox 2412 1865 2488 1929; x_wconf 86' lang='grc' dir='ltr'>ὼς</span> <span class='ocrx_word' id='word_1_239' title='bbox 2519 1867 2616 1936; x_wconf 84' lang='grc' dir='ltr'>τῆς</span> <span class='ocrx_word' id='word_1_240' title='bbox 2667 1865 2910 1933; x_wconf 80' lang='grc' dir='ltr'>ἑφέσεώς</span> <span class='ocrx_word' id='word_1_241' title='bbox 2965 1883 3058 1919; x_wconf 85' lang='grc' dir='ltr'><strong>σου</strong></span> <span class='ocrx_word' id='word_1_242' title='bbox 3093 1865 3476 1938; x_wconf 78' lang='grc' dir='ltr'><strong>πληρωθείσης</strong></span> <span class='ocrx_word' id='word_1_243' title='bbox 3509 1868 3606 1920; x_wconf 75' lang='grc' dir='ltr'>διὰ</span> <span class='ocrx_word' id='word_1_244' title='bbox 3636 1869 3746 1936; x_wconf 86' lang='grc' dir='ltr'>τῆς</span> <span class='ocrx_word' id='word_1_245' title='bbox 3782 1868 3870 1920; x_wconf 74' lang='grc' dir='ltr'>τοῦ</span> 
     </span>
    </p>
   </div>
   <div class='ocr_carea' id='block_1_36' title="bbox 593 1955 2163 2027">
    <p class='ocr_par' dir='ltr' id='par_1_36' title="bbox 593 1955 2163 2027">
     <span class='ocr_line' id='line_1_36' title="bbox 593 1955 2163 2027; baseline 0.004 -21"><span class='ocrx_word' id='word_1_246' title='bbox 593 1970 714 2009; x_wconf 90' lang='lat' dir='ltr'><strong>nem</strong></span> <span class='ocrx_word' id='word_1_247' title='bbox 754 1955 988 2024; x_wconf 83' lang='lat' dir='ltr'><strong>expleto,</strong></span> <span class='ocrx_word' id='word_1_248' title='bbox 1029 1957 1261 2024; x_wconf 82' lang='lat' dir='ltr'><strong>teipsum</strong></span> <span class='ocrx_word' id='word_1_249' title='bbox 1297 1958 1511 2012; x_wconf 82' lang='lat' dir='ltr'><strong>enixius</strong></span> <span class='ocrx_word' id='word_1_250' title='bbox 1542 1958 1885 2021; x_wconf 89' lang='lat' dir='ltr'><strong>impendens,</strong></span> <span class='ocrx_word' id='word_1_251' title='bbox 1920 1965 1974 2010; x_wconf 91' lang='lat' dir='ltr'><strong>et</strong></span> <span class='ocrx_word' id='word_1_252' title='bbox 2007 1957 2163 2027; x_wconf 85' lang='lat' dir='ltr'><strong>adju-</strong></span> 
     </span>
    </p>
   </div>
   <div class='ocr_carea' id='block_1_37' title="bbox 590 2047 2170 2118">
    <p class='ocr_par' dir='ltr' id='par_1_37' title="bbox 590 2047 2170 2118">
     <span class='ocr_line' id='line_1_37' title="bbox 590 2047 2170 2118; baseline 0.003 -19"><span class='ocrx_word' id='word_1_253' title='bbox 590 2061 726 2100; x_wconf 87' lang='lat' dir='ltr'><strong>vans</strong></span> <span class='ocrx_word' id='word_1_254' title='bbox 759 2048 850 2101; x_wconf 91' lang='lat' dir='ltr'><strong>ubi</strong></span> <span class='ocrx_word' id='word_1_255' title='bbox 872 2056 952 2102; x_wconf 89' lang='lat' dir='ltr'><strong>est</strong></span> <span class='ocrx_word' id='word_1_256' title='bbox 984 2063 1142 2115; x_wconf 87' lang='lat' dir='ltr'><strong>opus.</strong></span> <span class='ocrx_word' id='word_1_257' title='bbox 1178 2047 1397 2103; x_wconf 86' lang='lat' dir='ltr'><strong>Habetis</strong></span> <span class='ocrx_word' id='word_1_258' title='bbox 1434 2050 1635 2118; x_wconf 86' lang='lat' dir='ltr'><strong>itaque,</strong></span> <span class='ocrx_word' id='word_1_259' title='bbox 1662 2049 1728 2102; x_wconf 90' lang='lat' dir='ltr'><strong>ad</strong></span> <span class='ocrx_word' id='word_1_260' title='bbox 1759 2048 1974 2102; x_wconf 90' lang='lat' dir='ltr'><strong>virtutis</strong></span> <span class='ocrx_word' id='word_1_261' title='bbox 1995 2049 2170 2103; x_wconf 89' lang='lat' dir='ltr'><strong>incre-</strong></span> 
     </span>
    </p>
   </div>
   <div class='ocr_carea' id='block_1_38' title="bbox 593 2141 2168 2211">
    <p class='ocr_par' dir='ltr' id='par_1_38' title="bbox 593 2141 2168 2211">
     <span class='ocr_line' id='line_1_38' title="bbox 593 2141 2168 2211; baseline 0 -17"><span class='ocrx_word' id='word_1_262' title='bbox 593 2148 862 2203; x_wconf 89' lang='lat' dir='ltr'><strong>mentum,</strong></span> <span class='ocrx_word' id='word_1_263' title='bbox 898 2141 1155 2208; x_wconf 70' lang='lat' dir='ltr'><strong>prazclara</strong></span> <span class='ocrx_word' id='word_1_264' title='bbox 1217 2141 1464 2210; x_wconf 88' lang='lat' dir='ltr'><strong>exempla</strong></span> <span class='ocrx_word' id='word_1_265' title='bbox 1519 2157 1709 2194; x_wconf 88' lang='lat' dir='ltr'><strong>eorum</strong></span> <span class='ocrx_word' id='word_1_266' title='bbox 1744 2156 2025 2204; x_wconf 85' lang='lat' dir='ltr'><strong>earumve,</strong></span> <span class='ocrx_word' id='word_1_267' title='bbox 2075 2141 2168 2211; x_wconf 92' lang='lat' dir='ltr'><strong>qui</strong></span> 
     </span>
    </p>
   </div>
   <div class='ocr_carea' id='block_1_39' title="bbox 592 2227 2171 2300">
    <p class='ocr_par' dir='ltr' id='par_1_39' title="bbox 592 2227 2171 2300">
     <span class='ocr_line' id='line_1_39' title="bbox 592 2227 2171 2300; baseline 0.001 -18"><span class='ocrx_word' id='word_1_268' title='bbox 592 2237 647 2282; x_wconf 90' lang='lat' dir='ltr'><strong>et</strong></span> <span class='ocrx_word' id='word_1_269' title='bbox 698 2244 821 2297; x_wconf 65' lang='lat' dir='ltr'><strong>quae</strong></span> <span class='ocrx_word' id='word_1_270' title='bbox 870 2227 1138 2282; x_wconf 87' lang='lat' dir='ltr'><strong>obierunt.</strong></span> <span class='ocrx_word' id='word_1_271' title='bbox 1181 2228 1407 2283; x_wconf 90' lang='lat' dir='ltr'><strong>Habetis</strong></span> <span class='ocrx_word' id='word_1_272' title='bbox 1452 2228 1595 2285; x_wconf 84' lang='lat' dir='ltr'><strong>vitas</strong></span> <span class='ocrx_word' id='word_1_273' title='bbox 1637 2238 1977 2296; x_wconf 88' lang='lat' dir='ltr'><strong>sanctorum,</strong></span> <span class='ocrx_word' id='word_1_274' title='bbox 2027 2231 2171 2300; x_wconf 76' lang='lat' dir='ltr'><strong>leges</strong></span> 
     </span>
    </p>
   </div>
   <div class='ocr_carea' id='block_1_40' title="bbox 593 2318 2171 2390">
    <p class='ocr_par' dir='ltr' id='par_1_40' title="bbox 593 2318 2171 2390">
     <span class='ocr_line' id='line_1_40' title="bbox 593 2318 2171 2390; baseline 0.001 -17"><span class='ocrx_word' id='word_1_275' title='bbox 593 2319 1016 2389; x_wconf 86' lang='lat' dir='ltr'><strong>sanctionesque</strong></span> <span class='ocrx_word' id='word_1_276' title='bbox 1064 2318 1322 2386; x_wconf 89' lang='lat' dir='ltr'><strong>Patrum;</strong></span> <span class='ocrx_word' id='word_1_277' title='bbox 1354 2321 1584 2381; x_wconf 84' lang='lat' dir='ltr'><strong>habetis,</strong></span> <span class='ocrx_word' id='word_1_278' title='bbox 1638 2320 1785 2390; x_wconf 89' lang='lat' dir='ltr'><strong>quod</strong></span> <span class='ocrx_word' id='word_1_279' title='bbox 1843 2321 1932 2374; x_wconf 90' lang='lat' dir='ltr'><strong>his</strong></span> <span class='ocrx_word' id='word_1_280' title='bbox 1994 2319 2171 2384; x_wconf 82' lang='lat' dir='ltr'><strong>majus</strong></span> 
     </span>
    </p>
   </div>
   <div class='ocr_carea' id='block_1_41' title="bbox 593 2412 2172 2474">
    <p class='ocr_par' dir='ltr' id='par_1_41' title="bbox 593 2412 2172 2474">
     <span class='ocr_line' id='line_1_41' title="bbox 593 2412 2172 2474; baseline 0 -9"><span class='ocrx_word' id='word_1_281' title='bbox 593 2420 701 2474; x_wconf 89' lang='lat' dir='ltr'><strong>est,</strong></span> <span class='ocrx_word' id='word_1_282' title='bbox 732 2413 1117 2466; x_wconf 88' lang='lat' dir='ltr'><strong>universorum</strong></span> <span class='ocrx_word' id='word_1_283' title='bbox 1184 2413 1522 2467; x_wconf 89' lang='lat' dir='ltr'><strong>conditorem</strong></span> <span class='ocrx_word' id='word_1_284' title='bbox 1577 2412 1746 2467; x_wconf 90' lang='lat' dir='ltr'><strong>Deum</strong></span> <span class='ocrx_word' id='word_1_285' title='bbox 1793 2413 1846 2465; x_wconf 90' lang='lat' dir='ltr'><strong>in</strong></span> <span class='ocrx_word' id='word_1_286' title='bbox 1877 2412 2053 2466; x_wconf 90' lang='lat' dir='ltr'><strong>medio</strong></span> <span class='ocrx_word' id='word_1_287' title='bbox 2083 2428 2172 2466; x_wconf 85' lang='lat' dir='ltr'><strong>ve-</strong></span> 
     </span>
    </p>
   </div>
   <div class='ocr_carea' id='block_1_42' title="bbox 592 2504 2169 2574">
    <p class='ocr_par' dir='ltr' id='par_1_42' title="bbox 592 2504 2169 2574">
     <span class='ocr_line' id='line_1_42' title="bbox 592 2504 2169 2574; baseline 0.001 -15"><span class='ocrx_word' id='word_1_288' title='bbox 592 2505 955 2573; x_wconf 81' lang='lat' dir='ltr'><strong>strum,juxta</strong></span> <span class='ocrx_word' id='word_1_289' title='bbox 972 2504 1144 2574; x_wconf 90' lang='lat' dir='ltr'><strong>ipsius</strong></span> <span class='ocrx_word' id='word_1_290' title='bbox 1158 2504 1828 2573; x_wconf 85' lang='lat' dir='ltr'><strong>promissionem,minime</strong></span> <span class='ocrx_word' id='word_1_291' title='bbox 1844 2504 2086 2558; x_wconf 78' lang='lat' dir='ltr'><strong>fallacem</strong></span> <span class='ocrx_word' id='word_1_292' title='bbox 2104 2506 2169 2560; x_wconf 72' lang='grc' dir='ltr'>η.</span> 
     </span>
    </p>
   </div>
   <div class='ocr_carea' id='block_1_43' title="bbox 596 2593 2172 2664">
    <p class='ocr_par' dir='ltr' id='par_1_43' title="bbox 596 2593 2172 2664">
     <span class='ocr_line' id='line_1_43' title="bbox 596 2593 2172 2664; baseline 0.003 -19"><span class='ocrx_word' id='word_1_293' title='bbox 596 2593 817 2649; x_wconf 84' lang='lat' dir='ltr'><strong>Habetis</strong></span> <span class='ocrx_word' id='word_1_294' title='bbox 869 2604 1111 2649; x_wconf 89' lang='lat' dir='ltr'><strong>sanctam</strong></span> <span class='ocrx_word' id='word_1_295' title='bbox 1156 2594 1439 2664; x_wconf 87' lang='lat' dir='ltr'><strong>Deiparam</strong></span> <span class='ocrx_word' id='word_1_296' title='bbox 1501 2595 1919 2660; x_wconf 87' lang='lat' dir='ltr'><strong>auxiliatriccm,</strong></span> <span class='ocrx_word' id='word_1_297' title='bbox 1980 2611 2172 2649; x_wconf 89' lang='lat' dir='ltr'><strong>omnes</strong></span> 
     </span>
    </p>
   </div>
   <div class='ocr_carea' id='block_1_44' title="bbox 595 2687 2171 2741">
    <p class='ocr_par' dir='ltr' id='par_1_44' title="bbox 595 2687 2171 2741">
     <span class='ocr_line' id='line_1_44' title="bbox 595 2687 2171 2741; baseline 0 -1"><span class='ocrx_word' id='word_1_298' title='bbox 595 2695 818 2740; x_wconf 88' lang='lat' dir='ltr'><strong>sanctos</strong></span> <span class='ocrx_word' id='word_1_299' title='bbox 837 2687 1246 2741; x_wconf 89' lang='lat' dir='ltr'><strong>intercessores.</strong></span> <span class='ocrx_word' id='word_1_300' title='bbox 1264 2687 1489 2741; x_wconf 87' lang='lat' dir='ltr'><strong>Habetis</strong></span> <span class='ocrx_word' id='word_1_301' title='bbox 1505 2696 1561 2741; x_wconf 91' lang='lat' dir='ltr'><strong>et</strong></span> <span class='ocrx_word' id='word_1_302' title='bbox 1585 2689 1903 2741; x_wconf 87' lang='lat' dir='ltr'><strong>tenuitatem</strong></span> <span class='ocrx_word' id='word_1_303' title='bbox 1928 2697 2171 2741; x_wconf 89' lang='lat' dir='ltr'><strong>nostram</strong></span> 
     </span>
    </p>
   </div>
   <div class='ocr_carea' id='block_1_45' title="bbox 602 2778 2172 2848">
    <p class='ocr_par' dir='ltr' id='par_1_45' title="bbox 602 2778 2172 2848">
     <span class='ocr_line' id='line_1_45' title="bbox 602 2778 2172 2848; baseline 0.002 -20"><span class='ocrx_word' id='word_1_304' title='bbox 602 2785 911 2847; x_wconf 88' lang='lat' dir='ltr'><strong>promptam</strong></span> <span class='ocrx_word' id='word_1_305' title='bbox 942 2787 996 2833; x_wconf 90' lang='lat' dir='ltr'><strong>et</strong></span> <span class='ocrx_word' id='word_1_306' title='bbox 1040 2789 1282 2847; x_wconf 89' lang='lat' dir='ltr'><strong>paratam</strong></span> <span class='ocrx_word' id='word_1_307' title='bbox 1315 2779 1466 2833; x_wconf 85' lang='lat' dir='ltr'><strong>vobis</strong></span> <span class='ocrx_word' id='word_1_308' title='bbox 1519 2779 1571 2832; x_wconf 91' lang='lat' dir='ltr'><strong>in</strong></span> <span class='ocrx_word' id='word_1_309' title='bbox 1603 2779 1765 2834; x_wconf 91' lang='lat' dir='ltr'><strong>bono.</strong></span> <span class='ocrx_word' id='word_1_310' title='bbox 1821 2778 2014 2834; x_wconf 90' lang='lat' dir='ltr'><strong>Omnia</strong></span> <span class='ocrx_word' id='word_1_311' title='bbox 2043 2795 2172 2848; x_wconf 75' lang='lat' dir='ltr'><strong>ergo</strong></span> 
     </span>
    </p>
   </div>
   <div class='ocr_carea' id='block_1_46' title="bbox 613 2868 2174 2940">
    <p class='ocr_par' dir='ltr' id='par_1_46' title="bbox 613 2868 2174 2940">
     <span class='ocr_line' id='line_1_46' title="bbox 613 2868 2174 2940; baseline 0.001 -20"><span class='ocrx_word' id='word_1_312' title='bbox 613 2868 750 2921; x_wconf 89' lang='lat' dir='ltr'><strong>bene</strong></span> <span class='ocrx_word' id='word_1_313' title='bbox 793 2869 955 2937; x_wconf 80' lang='lat' dir='ltr'><strong>agite,</strong></span> <span class='ocrx_word' id='word_1_314' title='bbox 988 2870 1170 2922; x_wconf 89' lang='lat' dir='ltr'><strong>omnia</strong></span> <span class='ocrx_word' id='word_1_315' title='bbox 1217 2870 1462 2939; x_wconf 85' lang='lat' dir='ltr'><strong>paciﬁce.</strong></span> <span class='ocrx_word' id='word_1_316' title='bbox 1522 2870 1734 2940; x_wconf 85' lang='lat' dir='ltr'><strong>Semper</strong></span> <span class='ocrx_word' id='word_1_317' title='bbox 1775 2872 2026 2940; x_wconf 81' lang='lat' dir='ltr'><strong>gaudete;</strong></span> <span class='ocrx_word' id='word_1_318' title='bbox 2064 2872 2174 2922; x_wconf 83' lang='lat' dir='ltr'><strong>sine</strong></span> 
     </span>
    </p>
   </div>
   <div class='ocr_carea' id='block_1_47' title="bbox 596 2959 2172 3030">
    <p class='ocr_par' dir='ltr' id='par_1_47' title="bbox 596 2959 2172 3030">
     <span class='ocr_line' id='line_1_47' title="bbox 596 2959 2172 3030; baseline 0 -19"><span class='ocrx_word' id='word_1_319' title='bbox 596 2959 985 3012; x_wconf 73' lang='lat' dir='ltr'><strong>intermissione</strong></span> <span class='ocrx_word' id='word_1_320' title='bbox 1021 2969 1169 3013; x_wconf 88' lang='lat' dir='ltr'><strong>orate</strong></span> <span class='ocrx_word' id='word_1_321' title='bbox 1190 2977 1208 3014; x_wconf 91' lang='lat'><strong><em>:</em></strong></span> <span class='ocrx_word' id='word_1_322' title='bbox 1237 2962 1288 3012; x_wconf 86' lang='lat' dir='ltr'><strong>in</strong></span> <span class='ocrx_word' id='word_1_323' title='bbox 1319 2961 1560 3013; x_wconf 84' lang='lat' dir='ltr'><strong>omnibus</strong></span> <span class='ocrx_word' id='word_1_324' title='bbox 1619 2962 1820 3030; x_wconf 80' lang='lat' dir='ltr'><strong>gratias</strong></span> <span class='ocrx_word' id='word_1_325' title='bbox 1870 2961 2028 3029; x_wconf 85' lang='lat' dir='ltr'><strong>agite,</strong></span> <span class='ocrx_word' id='word_1_326' title='bbox 2061 2960 2172 3012; x_wconf 88' lang='lat' dir='ltr'><strong>cla-</strong></span> 
     </span>
    </p>
   </div>
   <div class='ocr_carea' id='block_1_48' title="bbox 528 3039 2173 3122">
    <p class='ocr_par' dir='ltr' id='par_1_48' title="bbox 528 3039 2173 3122">
     <span class='ocr_line' id='line_1_48' title="bbox 528 3039 2173 3122; baseline 0.003 -20"><span class='ocrx_word' id='word_1_327' title='bbox 528 3039 530 3042; x_wconf 54' lang='grc'>’</span> <span class='ocrx_word' id='word_1_328' title='bbox 597 3060 710 3104; x_wconf 87' lang='lat' dir='ltr'><strong>mat</strong></span> <span class='ocrx_word' id='word_1_329' title='bbox 757 3067 984 3121; x_wconf 80' lang='lat' dir='ltr'><strong>magnus</strong></span> <span class='ocrx_word' id='word_1_330' title='bbox 1056 3052 1351 3122; x_wconf 82' lang='lat' dir='ltr'><strong>Apostolus</strong></span> <span class='ocrx_word' id='word_1_331' title='bbox 1401 3053 1445 3084; x_wconf 88' lang='grc'><strong>¹³</strong></span> <span class='ocrx_word' id='word_1_332' title='bbox 1491 3052 1648 3121; x_wconf 86' lang='lat' dir='ltr'><strong>cujus</strong></span> <span class='ocrx_word' id='word_1_333' title='bbox 1689 3051 2173 3107; x_wconf 89' lang='lat' dir='ltr'><strong>intercessionibus</strong></span> 
     </span>
    </p>
   </div>
   <div class='ocr_carea' id='block_1_49' title="bbox 597 3147 1510 3202">
    <p class='ocr_par' dir='ltr' id='par_1_49' title="bbox 597 3147 1510 3202">
     <span class='ocr_line' id='line_1_49' title="bbox 597 3147 1510 3202; baseline 0 -3"><span class='ocrx_word' id='word_1_334' title='bbox 597 3147 804 3200; x_wconf 87' lang='lat' dir='ltr'><strong>utinam</strong></span> <span class='ocrx_word' id='word_1_335' title='bbox 837 3149 1111 3202; x_wconf 86' lang='lat' dir='ltr'><strong>salvemur</strong></span> <span class='ocrx_word' id='word_1_336' title='bbox 1132 3155 1185 3200; x_wconf 86' lang='lat' dir='ltr'><strong>et</strong></span> <span class='ocrx_word' id='word_1_337' title='bbox 1207 3163 1305 3202; x_wconf 91' lang='lat' dir='ltr'><strong>nos</strong></span> <span class='ocrx_word' id='word_1_338' title='bbox 1319 3155 1373 3200; x_wconf 92' lang='lat' dir='ltr'><strong>et</strong></span> <span class='ocrx_word' id='word_1_339' title='bbox 1393 3161 1510 3201; x_wconf 89' lang='lat' dir='ltr'><strong>vos.</strong></span> 
     </span>
    </p>
   </div>
   <div class='ocr_carea' id='block_1_50' title="bbox 876 3258 1825 3329">
    <p class='ocr_par' dir='ltr' id='par_1_50' title="bbox 876 3258 1825 3329">
     <span class='ocr_line' id='line_1_50' title="bbox 876 3258 1825 3329; baseline -0.004 -15"><span class='ocrx_word' id='word_1_340' title='bbox 876 3259 1209 3314; x_wconf 78' lang='lat' dir='ltr'><strong>CLXXXIII.</strong></span> <span class='ocrx_word' id='word_1_341' title='bbox 1243 3289 1313 3299; x_wconf 94' lang='lat'><strong><em>—</em></strong></span> <span class='ocrx_word' id='word_1_342' title='bbox 1340 3258 1477 3315; x_wconf 78' lang='lat' dir='ltr'><strong>Elia:</strong></span> <span class='ocrx_word' id='word_1_343' title='bbox 1504 3261 1825 3329; x_wconf 78' lang='lat' dir='ltr'><strong>presbytero.</strong></span> 
     </span>
    </p>
   </div>
   <div class='ocr_carea' id='block_1_51' title="bbox 2271 1957 3873 2029">
    <p class='ocr_par' dir='ltr' id='par_1_51' title="bbox 2271 1957 3873 2029">
     <span class='ocr_line' id='line_1_51' title="bbox 2271 1957 3873 2029; baseline -0.001 -19"><span class='ocrx_word' id='word_1_344' title='bbox 2271 1958 2670 2029; x_wconf 78' lang='grc' dir='ltr'>προϐληθέντος</span> <span class='ocrx_word' id='word_1_345' title='bbox 2697 1957 2984 2028; x_wconf 75' lang='grc' dir='ltr'>ἁναδοχῆςο</span> <span class='ocrx_word' id='word_1_346' title='bbox 3010 1958 3209 2028; x_wconf 81' lang='grc' dir='ltr'>μᾶλλον</span> <span class='ocrx_word' id='word_1_347' title='bbox 3235 1959 3430 2012; x_wconf 78' lang='grc' dir='ltr'>ἑαυτὸν</span> <span class='ocrx_word' id='word_1_348' title='bbox 3459 1959 3873 2014; x_wconf 75' lang='grc' dir='ltr'>συνεισϐἁλλων</span> 
     </span>
    </p>
   </div>
   <div class='ocr_carea' id='block_1_52' title="bbox 2271 2048 3872 2122">
    <p class='ocr_par' dir='ltr' id='par_1_52' title="bbox 2271 2048 3872 2122">
     <span class='ocr_line' id='line_1_52' title="bbox 2271 2048 3872 2122; baseline 0.001 -19"><span class='ocrx_word' id='word_1_349' title='bbox 2271 2049 2366 2103; x_wconf 69' lang='grc' dir='ltr'>καὶ</span> <span class='ocrx_word' id='word_1_350' title='bbox 2405 2048 2800 2119; x_wconf 80' lang='grc' dir='ltr'>συνεπαμύνων</span> <span class='ocrx_word' id='word_1_351' title='bbox 2830 2048 2891 2102; x_wconf 79' lang='grc' dir='ltr'>τὰ</span> <span class='ocrx_word' id='word_1_352' title='bbox 2920 2049 3132 2104; x_wconf 87' lang='grc' dir='ltr'>δέοντα.</span> <span class='ocrx_word' id='word_1_353' title='bbox 3161 2052 3355 2121; x_wconf 84' lang='grc' dir='ltr'>Ἔχετε</span> <span class='ocrx_word' id='word_1_354' title='bbox 3385 2051 3698 2122; x_wconf 82' lang='grc' dir='ltr'>τοιγαροῦν</span> <span class='ocrx_word' id='word_1_355' title='bbox 3734 2053 3872 2105; x_wconf 68' lang='grc' dir='ltr'>καλὰ</span> 
     </span>
    </p>
   </div>
   <div class='ocr_carea' id='block_1_53' title="bbox 2273 2141 3869 2213">
    <p class='ocr_par' dir='ltr' id='par_1_53' title="bbox 2273 2141 3869 2213">
     <span class='ocr_line' id='line_1_53' title="bbox 2273 2141 3869 2213; baseline 0.003 -20"><span class='ocrx_word' id='word_1_356' title='bbox 2273 2141 2696 2210; x_wconf 81' lang='grc' dir='ltr'>παραδείγματα</span> <span class='ocrx_word' id='word_1_357' title='bbox 2743 2144 2823 2202; x_wconf 82' lang='grc' dir='ltr'><strong>είς</strong></span> <span class='ocrx_word' id='word_1_358' title='bbox 2855 2142 3056 2211; x_wconf 84' lang='grc' dir='ltr'>ἀρετῆς</span> <span class='ocrx_word' id='word_1_359' title='bbox 3110 2143 3372 2206; x_wconf 71' lang='grc' dir='ltr'>ἐπίδοσιν,</span> <span class='ocrx_word' id='word_1_360' title='bbox 3404 2144 3506 2205; x_wconf 83' lang='grc' dir='ltr'><strong>τὰς</strong></span> <span class='ocrx_word' id='word_1_361' title='bbox 3538 2144 3869 2213; x_wconf 69' lang='grc' dir='ltr'>ὲκδημησάσ</span> 
     </span>
    </p>
   </div>
   <div class='ocr_carea' id='block_1_54' title="bbox 2274 2227 3868 2304">
    <p class='ocr_par' dir='ltr' id='par_1_54' title="bbox 2274 2227 3868 2304">
     <span class='ocr_line' id='line_1_54' title="bbox 2274 2227 3868 2304; baseline 0.001 -20"><span class='ocrx_word' id='word_1_362' title='bbox 2274 2249 2376 2294; x_wconf 88' lang='grc' dir='ltr'><strong>σας</strong></span> <span class='ocrx_word' id='word_1_363' title='bbox 2429 2232 2529 2283; x_wconf 77' lang='grc' dir='ltr'>εἴτ’</span> <span class='ocrx_word' id='word_1_364' title='bbox 2558 2227 2650 2285; x_wconf 79' lang='grc' dir='ltr'>οὖν</span> <span class='ocrx_word' id='word_1_365' title='bbox 2692 2231 3129 2302; x_wconf 75' lang='grc' dir='ltr'>ἐκδημήσαντας.</span> <span class='ocrx_word' id='word_1_366' title='bbox 3163 2232 3356 2304; x_wconf 86' lang='grc' dir='ltr'>Ἔχετε</span> <span class='ocrx_word' id='word_1_367' title='bbox 3384 2235 3516 2297; x_wconf 80' lang='grc' dir='ltr'>τοὺς</span> <span class='ocrx_word' id='word_1_368' title='bbox 3575 2234 3736 2302; x_wconf 79' lang='grc' dir='ltr'>βίους</span> <span class='ocrx_word' id='word_1_369' title='bbox 3766 2237 3868 2287; x_wconf 63' lang='grc' dir='ltr'>τῶν</span> 
     </span>
    </p>
   </div>
   <div class='ocr_carea' id='block_1_55' title="bbox 2275 2322 3867 2396">
    <p class='ocr_par' dir='ltr' id='par_1_55' title="bbox 2275 2322 3867 2396">
     <span class='ocr_line' id='line_1_55' title="bbox 2275 2322 3867 2396; baseline 0.003 -20"><span class='ocrx_word' id='word_1_370' title='bbox 2275 2323 2466 2391; x_wconf 81' lang='grc' dir='ltr'><strong>ἁγίων,</strong></span> <span class='ocrx_word' id='word_1_371' title='bbox 2517 2323 2617 2385; x_wconf 73' lang='grc' dir='ltr'>τὰς</span> <span class='ocrx_word' id='word_1_372' title='bbox 2670 2322 2992 2392; x_wconf 81' lang='grc' dir='ltr'><strong>νομοθεσίας</strong></span> <span class='ocrx_word' id='word_1_373' title='bbox 3047 2324 3155 2377; x_wconf 85' lang='grc' dir='ltr'>τῶν</span> <span class='ocrx_word' id='word_1_374' title='bbox 3208 2327 3492 2395; x_wconf 85' lang='grc' dir='ltr'>Πατέρων.</span> <span class='ocrx_word' id='word_1_375' title='bbox 3546 2327 3756 2396; x_wconf 81' lang='grc' dir='ltr'>Ἔχετε</span> <span class='ocrx_word' id='word_1_376' title='bbox 3813 2329 3867 2381; x_wconf 68' lang='grc' dir='ltr'>τὸ</span> 
     </span>
    </p>
   </div>
   <div class='ocr_carea' id='block_1_56' title="bbox 2279 2413 3865 2487">
    <p class='ocr_par' dir='ltr' id='par_1_56' title="bbox 2279 2413 3865 2487">
     <span class='ocr_line' id='line_1_56' title="bbox 2279 2413 3865 2487; baseline 0.002 -20"><span class='ocrx_word' id='word_1_377' title='bbox 2279 2414 2463 2484; x_wconf 79' lang='grc' dir='ltr'>μεῖζον</span> <span class='ocrx_word' id='word_1_378' title='bbox 2511 2413 2689 2467; x_wconf 77' lang='grc' dir='ltr'>αὐτῶν</span> <span class='ocrx_word' id='word_1_379' title='bbox 2733 2415 2827 2468; x_wconf 79' lang='grc' dir='ltr'>τὸν</span> <span class='ocrx_word' id='word_1_380' title='bbox 2885 2415 3114 2486; x_wconf 82' lang='grc' dir='ltr'>ποιητὴν</span> <span class='ocrx_word' id='word_1_381' title='bbox 3145 2416 3251 2469; x_wconf 85' lang='grc' dir='ltr'>τῶν</span> <span class='ocrx_word' id='word_1_382' title='bbox 3284 2418 3423 2470; x_wconf 85' lang='grc' dir='ltr'>ὅλων</span> <span class='ocrx_word' id='word_1_383' title='bbox 3451 2416 3592 2469; x_wconf 83' lang='grc' dir='ltr'><strong>Θεὸν</strong></span> <span class='ocrx_word' id='word_1_384' title='bbox 3628 2420 3689 2470; x_wconf 86' lang='grc' dir='ltr'>ὲν</span> <span class='ocrx_word' id='word_1_385' title='bbox 3721 2419 3865 2487; x_wconf 65' lang='grc' dir='ltr'>μέσῳ</span> 
     </span>
    </p>
   </div>
   <div class='ocr_carea' id='block_1_57' title="bbox 2276 2507 3864 2582">
    <p class='ocr_par' dir='ltr' id='par_1_57' title="bbox 2276 2507 3864 2582">
     <span class='ocr_line' id='line_1_57' title="bbox 2276 2507 3864 2582; baseline 0.004 -23"><span class='ocrx_word' id='word_1_386' title='bbox 2276 2509 2429 2577; x_wconf 84' lang='grc' dir='ltr'>ὑμῶν</span> <span class='ocrx_word' id='word_1_387' title='bbox 2474 2507 2615 2561; x_wconf 83' lang='grc' dir='ltr'><strong>κατά</strong></span> <span class='ocrx_word' id='word_1_388' title='bbox 2665 2508 2764 2578; x_wconf 80' lang='grc' dir='ltr'>τὴν</span> <span class='ocrx_word' id='word_1_389' title='bbox 2813 2507 3016 2578; x_wconf 76' lang='grc' dir='ltr'>ἀψευδῆ</span> <span class='ocrx_word' id='word_1_390' title='bbox 3056 2508 3219 2561; x_wconf 86' lang='grc' dir='ltr'>αὐτοῦ</span> <span class='ocrx_word' id='word_1_391' title='bbox 3272 2509 3634 2576; x_wconf 78' lang='grc' dir='ltr'>ἐπαγγελίαν.</span> <span class='ocrx_word' id='word_1_392' title='bbox 3671 2510 3864 2582; x_wconf 69' lang='grc' dir='ltr'>Ἔχετε</span> 
     </span>
    </p>
   </div>
   <div class='ocr_carea' id='block_1_58' title="bbox 2274 2596 3863 2671">
    <p class='ocr_par' dir='ltr' id='par_1_58' title="bbox 2274 2596 3863 2671">
     <span class='ocr_line' id='line_1_58' title="bbox 2274 2596 3863 2671; baseline 0.004 -21"><span class='ocrx_word' id='word_1_393' title='bbox 2274 2600 2372 2667; x_wconf 83' lang='grc' dir='ltr'>τὴν</span> <span class='ocrx_word' id='word_1_394' title='bbox 2404 2598 2568 2666; x_wconf 84' lang='grc' dir='ltr'>ἁγίαν</span> <span class='ocrx_word' id='word_1_395' title='bbox 2617 2596 2876 2652; x_wconf 84' lang='grc' dir='ltr'>Θεοτόκον</span> <span class='ocrx_word' id='word_1_396' title='bbox 2924 2598 3233 2669; x_wconf 78' lang='grc' dir='ltr'>ἐπίκουρον,</span> <span class='ocrx_word' id='word_1_397' title='bbox 3263 2599 3391 2660; x_wconf 85' lang='grc' dir='ltr'>τοὺς</span> <span class='ocrx_word' id='word_1_398' title='bbox 3422 2599 3642 2666; x_wconf 80' lang='grc' dir='ltr'>πάντας</span> <span class='ocrx_word' id='word_1_399' title='bbox 3678 2604 3863 2671; x_wconf 76' lang='grc' dir='ltr'>ἁγίους</span> 
     </span>
    </p>
   </div>
   <div class='ocr_carea' id='block_1_59' title="bbox 2277 2689 3862 2763">
    <p class='ocr_par' dir='ltr' id='par_1_59' title="bbox 2277 2689 3862 2763">
     <span class='ocr_line' id='line_1_59' title="bbox 2277 2689 3862 2763; baseline 0.003 -23"><span class='ocrx_word' id='word_1_400' title='bbox 2277 2689 2636 2760; x_wconf 76' lang='grc' dir='ltr'>πρεσϐευτάς,</span> <span class='ocrx_word' id='word_1_401' title='bbox 2674 2692 2864 2761; x_wconf 83' lang='grc' dir='ltr'>Ἔχετε</span> <span class='ocrx_word' id='word_1_402' title='bbox 2914 2689 3010 2743; x_wconf 77' lang='grc' dir='ltr'><strong>καὶ</strong></span> <span class='ocrx_word' id='word_1_403' title='bbox 3039 2690 3134 2759; x_wconf 83' lang='grc' dir='ltr'>τὴν</span> <span class='ocrx_word' id='word_1_404' title='bbox 3165 2690 3320 2758; x_wconf 81' lang='grc' dir='ltr'>ἡμῶν</span> <span class='ocrx_word' id='word_1_405' title='bbox 3359 2691 3704 2763; x_wconf 76' lang='grc' dir='ltr'>οὺθενότητα</span> <span class='ocrx_word' id='word_1_406' title='bbox 3736 2712 3862 2763; x_wconf 73' lang='grc' dir='ltr'>προο</span> 
     </span>
    </p>
   </div>
   <div class='ocr_carea' id='block_1_60' title="bbox 2277 2778 3861 2852">
    <p class='ocr_par' dir='ltr' id='par_1_60' title="bbox 2277 2778 3861 2852">
     <span class='ocr_line' id='line_1_60' title="bbox 2277 2778 3861 2852; baseline 0 -19"><span class='ocrx_word' id='word_1_407' title='bbox 2277 2779 2624 2849; x_wconf 80' lang='grc' dir='ltr'>θυμουμένην</span> <span class='ocrx_word' id='word_1_408' title='bbox 2653 2780 2778 2850; x_wconf 78' lang='grc' dir='ltr'>ὑμῖν</span> <span class='ocrx_word' id='word_1_409' title='bbox 2809 2781 2865 2832; x_wconf 86' lang='grc' dir='ltr'><strong>έν</strong></span> <span class='ocrx_word' id='word_1_410' title='bbox 2892 2778 3133 2848; x_wconf 84' lang='grc' dir='ltr'>τάγαθῷ.</span> <span class='ocrx_word' id='word_1_411' title='bbox 3161 2780 3344 2833; x_wconf 86' lang='grc' dir='ltr'>Πάντα</span> <span class='ocrx_word' id='word_1_412' title='bbox 3376 2781 3472 2834; x_wconf 77' lang='grc' dir='ltr'>οὖν</span> <span class='ocrx_word' id='word_1_413' title='bbox 3497 2778 3560 2835; x_wconf 79' lang='grc' dir='ltr'>εὖ</span> <span class='ocrx_word' id='word_1_414' title='bbox 3598 2783 3861 2852; x_wconf 71' lang='grc' dir='ltr'>πράξατε,</span> 
     </span>
    </p>
   </div>
   <div class='ocr_carea' id='block_1_61' title="bbox 2278 2871 3860 2943">
    <p class='ocr_par' dir='ltr' id='par_1_61' title="bbox 2278 2871 3860 2943">
     <span class='ocr_line' id='line_1_61' title="bbox 2278 2871 3860 2943; baseline 0.003 -20"><span class='ocrx_word' id='word_1_415' title='bbox 2278 2871 2455 2924; x_wconf 80' lang='grc' dir='ltr'>πάντα</span> <span class='ocrx_word' id='word_1_416' title='bbox 2509 2873 2796 2943; x_wconf 74' lang='grc' dir='ltr'>εἰρηνικῶς</span> <span class='ocrx_word' id='word_1_417' title='bbox 2853 2871 3220 2924; x_wconf 80' lang='grc' dir='ltr'>διατελέσατε.</span> <span class='ocrx_word' id='word_1_418' title='bbox 3271 2873 3539 2928; x_wconf 76' lang='grc' dir='ltr'>Πάντοτε</span> <span class='ocrx_word' id='word_1_419' title='bbox 3604 2879 3860 2943; x_wconf 73' lang='grc' dir='ltr'><strong>χαίρετε⁷</strong></span> 
     </span>
    </p>
   </div>
   <div class='ocr_carea' id='block_1_62' title="bbox 2275 2961 3861 3035">
    <p class='ocr_par' dir='ltr' id='par_1_62' title="bbox 2275 2961 3861 3035">
     <span class='ocr_line' id='line_1_62' title="bbox 2275 2961 3861 3035; baseline 0.002 -20"><span class='ocrx_word' id='word_1_420' title='bbox 2275 2961 2666 3027; x_wconf 75' lang='grc' dir='ltr'>ἀδιαλείπτως</span> <span class='ocrx_word' id='word_1_421' title='bbox 2683 2963 3113 3031; x_wconf 80' lang='grc' dir='ltr'>προσεύχεσθε·</span> <span class='ocrx_word' id='word_1_422' title='bbox 3133 2963 3203 3016; x_wconf 80' lang='grc' dir='ltr'>ἐν</span> <span class='ocrx_word' id='word_1_423' title='bbox 3220 2965 3397 3018; x_wconf 78' lang='grc' dir='ltr'>παντὶ</span> <span class='ocrx_word' id='word_1_424' title='bbox 3419 2967 3861 3035; x_wconf 61' lang='grc' dir='ltr'>εὐχαριστεῖτε,</span> 
     </span>
    </p>
   </div>
   <div class='ocr_carea' id='block_1_63' title="bbox 2279 3047 3865 3126">
    <p class='ocr_par' dir='ltr' id='par_1_63' title="bbox 2279 3047 3865 3126">
     <span class='ocr_line' id='line_1_63' title="bbox 2279 3047 3865 3126; baseline 0.002 -20"><span class='ocrx_word' id='word_1_425' title='bbox 2279 3052 2379 3125; x_wconf 84' lang='grc' dir='ltr'>βοᾷ</span> <span class='ocrx_word' id='word_1_426' title='bbox 2405 3056 2433 3106; x_wconf 85' lang='grc' dir='ltr'>ὀ</span> <span class='ocrx_word' id='word_1_427' title='bbox 2462 3057 2632 3124; x_wconf 82' lang='grc' dir='ltr'>μέγας</span> <span class='ocrx_word' id='word_1_428' title='bbox 2660 3054 3005 3116; x_wconf 83' lang='grc' dir='ltr'>Ἀπόστολος·</span> <span class='ocrx_word' id='word_1_429' title='bbox 3038 3047 3101 3108; x_wconf 68' lang='grc' dir='ltr'><strong>οὗ</strong></span> <span class='ocrx_word' id='word_1_430' title='bbox 3133 3057 3253 3120; x_wconf 88' lang='grc' dir='ltr'>ταῖς</span> <span class='ocrx_word' id='word_1_431' title='bbox 3273 3057 3601 3126; x_wconf 78' lang='grc' dir='ltr'>πρεσϐείαις</span> <span class='ocrx_word' id='word_1_432' title='bbox 3637 3058 3865 3125; x_wconf 60' lang='grc' dir='ltr'>σωθείης</span> 
     </span>
    </p>
   </div>
   <div class='ocr_carea' id='block_1_64' title="bbox 2283 3143 3018 3214">
    <p class='ocr_par' dir='ltr' id='par_1_64' title="bbox 2283 3143 3018 3214">
     <span class='ocr_line' id='line_1_64' title="bbox 2283 3143 3018 3214; baseline 0 -16"><span class='ocrx_word' id='word_1_433' title='bbox 2283 3161 2382 3214; x_wconf 85' lang='grc' dir='ltr'><strong>μεν</strong></span> <span class='ocrx_word' id='word_1_434' title='bbox 2410 3145 2506 3197; x_wconf 78' lang='grc' dir='ltr'>καὶ</span> <span class='ocrx_word' id='word_1_435' title='bbox 2527 3146 2685 3212; x_wconf 79' lang='grc' dir='ltr'>ἡμεῖς</span> <span class='ocrx_word' id='word_1_436' title='bbox 2712 3143 2807 3195; x_wconf 71' lang='grc' dir='ltr'>καὶ</span> <span class='ocrx_word' id='word_1_437' title='bbox 2837 3144 3018 3214; x_wconf 83' lang='grc' dir='ltr'>ὑμεῖς.</span> 
     </span>
    </p>
   </div>
   <div class='ocr_carea' id='block_1_65' title="bbox 2461 3255 3698 3333">
    <p class='ocr_par' dir='ltr' id='par_1_65' title="bbox 2461 3255 3698 3333">
     <span class='ocr_line' id='line_1_65' title="bbox 2461 3255 3698 3333; baseline 0.005 -25"><span class='ocrx_word' id='word_1_438' title='bbox 2461 3255 2607 3308; x_wconf 75' lang='grc' dir='ltr'><strong>ΡΠΡ</strong></span> <span class='ocrx_word' id='word_1_439' title='bbox 2637 3255 2772 3325; x_wconf 93' lang='grc'>(76).</span> <span class='ocrx_word' id='word_1_440' title='bbox 2795 3285 2865 3295; x_wconf 81' lang='lat'><strong>-—</strong></span> <span class='ocrx_word' id='word_1_441' title='bbox 2899 3257 3063 3326; x_wconf 72' lang='grc' dir='ltr'>Ἠλίᾳ</span> <span class='ocrx_word' id='word_1_442' title='bbox 3093 3256 3497 3328; x_wconf 80' lang='grc' dir='ltr'>πρεσϐυτέρῳ.</span> <span class='ocrx_word' id='word_1_443' title='bbox 3537 3257 3698 3333; x_wconf 58' lang='lat' dir='ltr'><strong>mm]</strong></span> 
     </span>
    </p>
   </div>
   <div class='ocr_carea' id='block_1_66' title="bbox 1497 3372 2949 3439">
    <p class='ocr_par' dir='ltr' id='par_1_66' title="bbox 1497 3372 2949 3439">
     <span class='ocr_line' id='line_1_66' title="bbox 1497 3372 2949 3439; baseline -0.002 -13"><span class='ocrx_word' id='word_1_444' title='bbox 1497 3379 1573 3428; x_wconf 91' lang='lat' dir='ltr'><strong>De</strong></span> <span class='ocrx_word' id='word_1_445' title='bbox 1605 3379 1775 3439; x_wconf 84' lang='lat' dir='ltr'><strong>pueris</strong></span> <span class='ocrx_word' id='word_1_446' title='bbox 1806 3377 1892 3439; x_wconf 88' lang='lat' dir='ltr'><strong>qui</strong></span> <span class='ocrx_word' id='word_1_447' title='bbox 1925 3379 2187 3439; x_wconf 88' lang='lat' dir='ltr'><strong>parentum</strong></span> <span class='ocrx_word' id='word_1_448' title='bbox 2208 3375 2462 3423; x_wconf 80' lang='lat' dir='ltr'><strong>voluntate</strong></span> <span class='ocrx_word' id='word_1_449' title='bbox 2494 3372 2635 3422; x_wconf 83' lang='lat' dir='ltr'><strong>Inviti</strong></span> <span class='ocrx_word' id='word_1_450' title='bbox 2663 3376 2949 3425; x_wconf 84' lang='lat' dir='ltr'><strong>tondentur.</strong></span> 
     </span>
    </p>
   </div>
   <div class='ocr_carea' id='block_1_67' title="bbox 663 3451 2168 3530">
    <p class='ocr_par' dir='ltr' id='par_1_67' title="bbox 663 3461 2166 3530">
     <span class='ocr_line' id='line_1_67' title="bbox 663 3461 2166 3530; baseline -0.004 -11"><span class='ocrx_word' id='word_1_451' title='bbox 663 3464 924 3519; x_wconf 90' lang='lat' dir='ltr'><strong>Osculum</strong></span> <span class='ocrx_word' id='word_1_452' title='bbox 953 3461 1175 3530; x_wconf 88' lang='lat' dir='ltr'><strong>quidem</strong></span> <span class='ocrx_word' id='word_1_453' title='bbox 1217 3473 1392 3525; x_wconf 88' lang='lat' dir='ltr'><strong>tuum,</strong></span> <span class='ocrx_word' id='word_1_454' title='bbox 1441 3463 1523 3515; x_wconf 90' lang='lat' dir='ltr'><strong>vir</strong></span> <span class='ocrx_word' id='word_1_455' title='bbox 1553 3471 1764 3524; x_wconf 88' lang='lat' dir='ltr'><strong>sancte,</strong></span> <span class='ocrx_word' id='word_1_456' title='bbox 1796 3463 2166 3517; x_wconf 88' lang='lat' dir='ltr'><strong>venerandum</strong></span> 
     </span>
    </p>
   </div>
   <div class='ocr_carea' id='block_1_68' title="bbox 2276 3451 3861 3530">
    <p class='ocr_par' dir='ltr' id='par_1_68' title="bbox 2347 3451 3861 3527">
     <span class='ocr_line' id='line_1_68' title="bbox 2347 3451 3861 3527; baseline 0.005 -20"><span class='ocrx_word' id='word_1_457' title='bbox 2347 3455 2419 3507; x_wconf 83' lang='grc' dir='ltr'>Τὸ</span> <span class='ocrx_word' id='word_1_458' title='bbox 2449 3456 2548 3524; x_wconf 88' lang='grc' dir='ltr'>μὲν</span> <span class='ocrx_word' id='word_1_459' title='bbox 2577 3456 2786 3526; x_wconf 84' lang='grc' dir='ltr'>φίλημά</span> <span class='ocrx_word' id='word_1_460' title='bbox 2833 3475 2947 3521; x_wconf 88' lang='grc' dir='ltr'>σου,</span> <span class='ocrx_word' id='word_1_461' title='bbox 2991 3451 3036 3510; x_wconf 85' lang='grc' dir='ltr'>ὧ</span> <span class='ocrx_word' id='word_1_462' title='bbox 3095 3457 3205 3527; x_wconf 83' lang='grc' dir='ltr'>ίερὲ</span> <span class='ocrx_word' id='word_1_463' title='bbox 3252 3455 3509 3526; x_wconf 80' lang='grc' dir='ltr'>ἄνθρωπε</span> <span class='ocrx_word' id='word_1_464' title='bbox 3565 3459 3666 3513; x_wconf 80' lang='grc' dir='ltr'>τοῦ</span> <span class='ocrx_word' id='word_1_465' title='bbox 3709 3461 3861 3522; x_wconf 75' lang='grc' dir='ltr'>Θεοῦ.</span> 
     </span>
    </p>
   </div>
   <div class='ocr_carea' id='block_1_69' title="bbox 594 3555 2170 3629">
    <p class='ocr_par' dir='ltr' id='par_1_69' title="bbox 594 3555 2170 3629">
     <span class='ocr_line' id='line_1_69' title="bbox 594 3555 2170 3629; baseline -0.001 -20"><span class='ocrx_word' id='word_1_466' title='bbox 594 3573 757 3629; x_wconf 89' lang='lat' dir='ltr'><strong>quam</strong></span> <span class='ocrx_word' id='word_1_467' title='bbox 821 3558 1080 3622; x_wconf 83' lang='lat' dir='ltr'><strong>maxime,</strong></span> <span class='ocrx_word' id='word_1_468' title='bbox 1143 3557 1392 3624; x_wconf 87' lang='lat' dir='ltr'><strong>idemque</strong></span> <span class='ocrx_word' id='word_1_469' title='bbox 1421 3555 1732 3611; x_wconf 74' lang='lat' dir='ltr'><strong>concordia:</strong></span> <span class='ocrx_word' id='word_1_470' title='bbox 1772 3572 1998 3612; x_wconf 80' lang='lat' dir='ltr'><strong>servans</strong></span> <span class='ocrx_word' id='word_1_471' title='bbox 2033 3557 2170 3610; x_wconf 90' lang='lat' dir='ltr'><strong>indi-</strong></span> 
     </span>
    </p>
   </div>
   <div class='ocr_carea' id='block_1_70' title="bbox 596 3647 2170 3719">
    <p class='ocr_par' dir='ltr' id='par_1_70' title="bbox 596 3647 2170 3719">
     <span class='ocr_line' id='line_1_70' title="bbox 596 3647 2170 3719; baseline -0.003 -16"><span class='ocrx_word' id='word_1_472' title='bbox 596 3649 742 3703; x_wconf 89' lang='lat' dir='ltr'><strong>cium</strong></span> <span class='ocrx_word' id='word_1_473' title='bbox 774 3667 789 3704; x_wconf 87' lang='lat'><strong>:</strong></span> <span class='ocrx_word' id='word_1_474' title='bbox 818 3649 1174 3719; x_wconf 80' lang='lat' dir='ltr'><strong>interrogatio</strong></span> <span class='ocrx_word' id='word_1_475' title='bbox 1201 3657 1407 3711; x_wconf 85' lang='lat' dir='ltr'><strong>autem,</strong></span> <span class='ocrx_word' id='word_1_476' title='bbox 1437 3647 1525 3701; x_wconf 86' lang='lat' dir='ltr'><strong>vix</strong></span> <span class='ocrx_word' id='word_1_477' title='bbox 1557 3650 1732 3703; x_wconf 90' lang='lat' dir='ltr'><strong>audeo</strong></span> <span class='ocrx_word' id='word_1_478' title='bbox 1761 3648 1964 3712; x_wconf 88' lang='lat' dir='ltr'><strong>dicere,</strong></span> <span class='ocrx_word' id='word_1_479' title='bbox 2029 3647 2170 3700; x_wconf 89' lang='lat' dir='ltr'><strong>indi-</strong></span> 
     </span>
    </p>
   </div>
   <div class='ocr_carea' id='block_1_71' title="bbox 596 3739 2169 3811">
    <p class='ocr_par' dir='ltr' id='par_1_71' title="bbox 596 3739 2169 3811">
     <span class='ocr_line' id='line_1_71' title="bbox 596 3739 2169 3811; baseline -0.004 -14"><span class='ocrx_word' id='word_1_480' title='bbox 596 3751 768 3811; x_wconf 70' lang='lat' dir='ltr'><strong>gesta.</strong></span> <span class='ocrx_word' id='word_1_481' title='bbox 821 3757 922 3796; x_wconf 87' lang='lat' dir='ltr'><strong>nec</strong></span> <span class='ocrx_word' id='word_1_482' title='bbox 957 3742 1090 3797; x_wconf 86' lang='lat' dir='ltr'><strong>satis</strong></span> <span class='ocrx_word' id='word_1_483' title='bbox 1148 3739 1426 3809; x_wconf 81' lang='lat' dir='ltr'><strong>explorata</strong></span> <span class='ocrx_word' id='word_1_484' title='bbox 1474 3739 1770 3794; x_wconf 90' lang='lat' dir='ltr'><strong>humilitati</strong></span> <span class='ocrx_word' id='word_1_485' title='bbox 1815 3747 2034 3793; x_wconf 55' lang='lat' dir='ltr'><strong>nostra.</strong></span> <span class='ocrx_word' id='word_1_486' title='bbox 2088 3739 2169 3791; x_wconf 85' lang='lat' dir='ltr'><strong>Ad</strong></span> 
     </span>
    </p>
   </div>
   <div class='ocr_carea' id='block_1_72' title="bbox 597 3831 2170 3898">
    <p class='ocr_par' dir='ltr' id='par_1_72' title="bbox 597 3831 2170 3898">
     <span class='ocr_line' id='line_1_72' title="bbox 597 3831 2170 3898; baseline -0.003 -11"><span class='ocrx_word' id='word_1_487' title='bbox 597 3834 743 3887; x_wconf 90' lang='lat' dir='ltr'><strong>hunc</strong></span> <span class='ocrx_word' id='word_1_488' title='bbox 786 3832 931 3886; x_wconf 90' lang='lat' dir='ltr'><strong>enim</strong></span> <span class='ocrx_word' id='word_1_489' title='bbox 965 3833 1108 3885; x_wconf 89' lang='lat' dir='ltr'><strong>diem</strong></span> <span class='ocrx_word' id='word_1_490' title='bbox 1148 3845 1257 3884; x_wconf 91' lang='lat' dir='ltr'><strong>non</strong></span> <span class='ocrx_word' id='word_1_491' title='bbox 1295 3831 1670 3894; x_wconf 87' lang='lat' dir='ltr'><strong>audieramus,</strong></span> <span class='ocrx_word' id='word_1_492' title='bbox 1717 3845 1914 3898; x_wconf 88' lang='lat' dir='ltr'><strong>pueros</strong></span> <span class='ocrx_word' id='word_1_493' title='bbox 1945 3845 1974 3882; x_wconf 90' lang='lat' dir='ltr'><strong>a</strong></span> <span class='ocrx_word' id='word_1_494' title='bbox 2015 3839 2170 3897; x_wconf 89' lang='lat' dir='ltr'><strong>patre</strong></span> 
     </span>
    </p>
   </div>
   <div class='ocr_carea' id='block_1_73' title="bbox 593 3918 2167 3994">
    <p class='ocr_par' dir='ltr' id='par_1_73' title="bbox 593 3918 2167 3994">
     <span class='ocr_line' id='line_1_73' title="bbox 593 3918 2167 3994; baseline -0.002 -17"><span class='ocrx_word' id='word_1_495' title='bbox 593 3939 691 3994; x_wconf 88' lang='lat' dir='ltr'><strong>per</strong></span> <span class='ocrx_word' id='word_1_496' title='bbox 745 3924 853 3977; x_wconf 85' lang='lat' dir='ltr'><strong>vim</strong></span> <span class='ocrx_word' id='word_1_497' title='bbox 888 3938 954 3978; x_wconf 89' lang='lat' dir='ltr'><strong>ac</strong></span> <span class='ocrx_word' id='word_1_498' title='bbox 1003 3939 1111 3976; x_wconf 91' lang='lat' dir='ltr'><strong>non</strong></span> <span class='ocrx_word' id='word_1_499' title='bbox 1153 3931 1348 3992; x_wconf 88' lang='lat' dir='ltr'><strong>sponte</strong></span> <span class='ocrx_word' id='word_1_500' title='bbox 1396 3926 1659 3977; x_wconf 85' lang='lat' dir='ltr'><strong>detonsos</strong></span> <span class='ocrx_word' id='word_1_501' title='bbox 1692 3922 1880 3975; x_wconf 76' lang='lat' dir='ltr'><strong>fuisse.</strong></span> <span class='ocrx_word' id='word_1_502' title='bbox 1931 3918 2065 3974; x_wconf 84' lang='lat' dir='ltr'><strong>Nam</strong></span> <span class='ocrx_word' id='word_1_503' title='bbox 2121 3921 2167 3974; x_wconf 87' lang='lat' dir='ltr'><strong>si</strong></span> 
     </span>
    </p>
   </div>
   <div class='ocr_carea' id='block_1_74' title="bbox 593 4013 2166 4084">
    <p class='ocr_par' dir='ltr' id='par_1_74' title="bbox 593 4013 2166 4084">
     <span class='ocr_line' id='line_1_74' title="bbox 593 4013 2166 4084; baseline 0.001 -19"><span class='ocrx_word' id='word_1_504' title='bbox 593 4013 753 4084; x_wconf 86' lang='lat' dir='ltr'><strong>plane</strong></span> <span class='ocrx_word' id='word_1_505' title='bbox 788 4013 1023 4068; x_wconf 82' lang='lat' dir='ltr'><strong>infantes</strong></span> <span class='ocrx_word' id='word_1_506' title='bbox 1055 4013 1112 4073; x_wconf 88' lang='lat' dir='ltr'><strong>ii.</strong></span> <span class='ocrx_word' id='word_1_507' title='bbox 1145 4014 1259 4068; x_wconf 86' lang='lat' dir='ltr'><strong>sive</strong></span> <span class='ocrx_word' id='word_1_508' title='bbox 1295 4021 1423 4067; x_wconf 88' lang='lat' dir='ltr'><strong>ante</strong></span> <span class='ocrx_word' id='word_1_509' title='bbox 1449 4015 1786 4083; x_wconf 89' lang='lat' dir='ltr'><strong>pubertatem</strong></span> <span class='ocrx_word' id='word_1_510' title='bbox 1813 4052 1828 4076; x_wconf 96' lang='lat'><strong>,</strong></span> <span class='ocrx_word' id='word_1_511' title='bbox 1856 4028 1963 4066; x_wconf 93' lang='lat' dir='ltr'><strong>non</strong></span> <span class='ocrx_word' id='word_1_512' title='bbox 1999 4021 2082 4066; x_wconf 92' lang='lat' dir='ltr'><strong>est</strong></span> <span class='ocrx_word' id='word_1_513' title='bbox 2112 4013 2166 4066; x_wconf 91' lang='lat' dir='ltr'><strong>in</strong></span> 
     </span>
    </p>
   </div>
   <div class='ocr_carea' id='block_1_75' title="bbox 596 4106 2167 4175">
    <p class='ocr_par' dir='ltr' id='par_1_75' title="bbox 596 4106 2167 4175">
     <span class='ocr_line' id='line_1_75' title="bbox 596 4106 2167 4175; baseline -0.001 -17"><span class='ocrx_word' id='word_1_514' title='bbox 596 4106 728 4175; x_wconf 90' lang='lat' dir='ltr'><strong>ipsis</strong></span> <span class='ocrx_word' id='word_1_515' title='bbox 786 4106 1208 4160; x_wconf 90' lang='lat' dir='ltr'><strong>voluntarium:</strong></span> <span class='ocrx_word' id='word_1_516' title='bbox 1257 4120 1430 4174; x_wconf 88' lang='lat' dir='ltr'><strong>neque</strong></span> <span class='ocrx_word' id='word_1_517' title='bbox 1459 4106 1602 4159; x_wconf 91' lang='lat' dir='ltr'><strong>enim</strong></span> <span class='ocrx_word' id='word_1_518' title='bbox 1669 4113 1878 4157; x_wconf 90' lang='lat' dir='ltr'><strong>rectum</strong></span> <span class='ocrx_word' id='word_1_519' title='bbox 1938 4118 1966 4155; x_wconf 90' lang='lat' dir='ltr'><strong>a</strong></span> <span class='ocrx_word' id='word_1_520' title='bbox 2000 4119 2167 4173; x_wconf 87' lang='lat' dir='ltr'><strong>pravo</strong></span> 
     </span>
    </p>
   </div>
   <div class='ocr_carea' id='block_1_76' title="bbox 594 4196 2167 4266">
    <p class='ocr_par' dir='ltr' id='par_1_76' title="bbox 594 4196 2167 4266">
     <span class='ocr_line' id='line_1_76' title="bbox 594 4196 2167 4266; baseline -0.001 -15"><span class='ocrx_word' id='word_1_521' title='bbox 594 4206 827 4266; x_wconf 91' lang='lat' dir='ltr'><strong>possunt</strong></span> <span class='ocrx_word' id='word_1_522' title='bbox 850 4197 1204 4266; x_wconf 75' lang='lat' dir='ltr'><strong>dignoscere:</strong></span> <span class='ocrx_word' id='word_1_523' title='bbox 1232 4198 1324 4252; x_wconf 90' lang='lat' dir='ltr'><strong>sed</strong></span> <span class='ocrx_word' id='word_1_524' title='bbox 1356 4212 1545 4250; x_wconf 92' lang='lat' dir='ltr'><strong>eorum</strong></span> <span class='ocrx_word' id='word_1_525' title='bbox 1598 4196 1849 4262; x_wconf 88' lang='lat' dir='ltr'><strong>arbitrio,</strong></span> <span class='ocrx_word' id='word_1_526' title='bbox 1879 4211 2004 4251; x_wconf 92' lang='lat' dir='ltr'><strong>cum</strong></span> <span class='ocrx_word' id='word_1_527' title='bbox 2037 4199 2167 4250; x_wconf 90' lang='lat' dir='ltr'><strong>ado-</strong></span> 
     </span>
    </p>
   </div>
   <div class='ocr_carea' id='block_1_77' title="bbox 595 4288 1608 4358">
    <p class='ocr_par' dir='ltr' id='par_1_77' title="bbox 595 4288 1608 4358">
     <span class='ocr_line' id='line_1_77' title="bbox 595 4288 1608 4358; baseline -0.001 -15"><span class='ocrx_word' id='word_1_528' title='bbox 595 4289 851 4355; x_wconf 89' lang='lat' dir='ltr'><strong>leverint,</strong></span> <span class='ocrx_word' id='word_1_529' title='bbox 892 4304 980 4344; x_wconf 92' lang='lat' dir='ltr'><strong>res</strong></span> <span class='ocrx_word' id='word_1_530' title='bbox 1004 4297 1116 4343; x_wconf 83' lang='lat' dir='ltr'><strong>tota</strong></span> <span class='ocrx_word' id='word_1_531' title='bbox 1147 4288 1608 4358; x_wconf 90' lang='lat' dir='ltr'><strong>permittenda....</strong></span> 
     </span>
    </p>
   </div>
   <div class='ocr_carea' id='block_1_78' title="bbox 666 4464 2170 4536">
    <p class='ocr_par' dir='ltr' id='par_1_78' title="bbox 666 4464 2170 4536">
     <span class='ocr_line' id='line_1_78' title="bbox 666 4464 2170 4536; baseline -0.001 -14"><span class='ocrx_word' id='word_1_532' title='bbox 833 4467 943 4521; x_wconf 82' lang='lat' dir='ltr'><strong>Hes</strong></span> <span class='ocrx_word' id='word_1_533' title='bbox 993 4466 1372 4536; x_wconf 88' lang='lat' dir='ltr'><strong>permittenda.</strong></span> <span class='ocrx_word' id='word_1_534' title='bbox 1409 4464 1561 4519; x_wconf 91' lang='lat' dir='ltr'><strong>Unde</strong></span> <span class='ocrx_word' id='word_1_535' title='bbox 1586 4465 1744 4520; x_wconf 91' lang='lat' dir='ltr'><strong>nobis</strong></span> <span class='ocrx_word' id='word_1_536' title='bbox 1770 4480 1834 4519; x_wconf 92' lang='lat' dir='ltr'><strong>ac</strong></span> <span class='ocrx_word' id='word_1_537' title='bbox 1861 4465 2015 4520; x_wconf 91' lang='lat' dir='ltr'><strong>vobis</strong></span> <span class='ocrx_word' id='word_1_538' title='bbox 2046 4467 2170 4520; x_wconf 90' lang='lat' dir='ltr'><strong>ani-</strong></span> 
     </span>
    </p>
   </div>
   <div class='ocr_carea' id='block_1_79' title="bbox 595 4557 2164 4626">
    <p class='ocr_par' dir='ltr' id='par_1_79' title="bbox 595 4557 2164 4626">
     <span class='ocr_line' id='line_1_79' title="bbox 595 4557 2164 4626; baseline -0.004 -12"><span class='ocrx_word' id='word_1_539' title='bbox 595 4561 668 4614; x_wconf 92' lang='lat' dir='ltr'><strong>mi</strong></span> <span class='ocrx_word' id='word_1_540' title='bbox 702 4560 882 4613; x_wconf 83' lang='lat' dir='ltr'><strong>lutura</strong></span> <span class='ocrx_word' id='word_1_541' title='bbox 915 4570 1000 4613; x_wconf 90' lang='lat' dir='ltr'><strong>est</strong></span> <span class='ocrx_word' id='word_1_542' title='bbox 1031 4569 1084 4611; x_wconf 94' lang='lat' dir='ltr'><strong>et</strong></span> <span class='ocrx_word' id='word_1_543' title='bbox 1116 4557 1364 4626; x_wconf 85' lang='lat' dir='ltr'><strong>corporis</strong></span> <span class='ocrx_word' id='word_1_544' title='bbox 1401 4557 1571 4610; x_wconf 90' lang='lat' dir='ltr'><strong>salus.</strong></span> <span class='ocrx_word' id='word_1_545' title='bbox 1627 4557 1732 4610; x_wconf 91' lang='lat' dir='ltr'><strong>Sed</strong></span> <span class='ocrx_word' id='word_1_546' title='bbox 1762 4557 1829 4610; x_wconf 89' lang='lat' dir='ltr'><strong>de</strong></span> <span class='ocrx_word' id='word_1_547' title='bbox 1878 4557 1964 4611; x_wconf 90' lang='lat' dir='ltr'><strong>his</strong></span> <span class='ocrx_word' id='word_1_548' title='bbox 1995 4557 2164 4610; x_wconf 86' lang='lat' dir='ltr'><strong>satis:</strong></span> 
     </span>
    </p>
   </div>
   <div class='ocr_carea' id='block_1_80' title="bbox 593 4647 2169 4721">
    <p class='ocr_par' dir='ltr' id='par_1_80' title="bbox 593 4647 2169 4721">
     <span class='ocr_line' id='line_1_80' title="bbox 593 4647 2169 4721; baseline -0.002 -16"><span class='ocrx_word' id='word_1_549' title='bbox 593 4652 856 4721; x_wconf 88' lang='lat' dir='ltr'><strong>quoniam</strong></span> <span class='ocrx_word' id='word_1_550' title='bbox 887 4665 985 4703; x_wconf 90' lang='lat' dir='ltr'><strong>nec</strong></span> <span class='ocrx_word' id='word_1_551' title='bbox 1009 4650 1142 4702; x_wconf 86' lang='lat' dir='ltr'><strong>mihi</strong></span> <span class='ocrx_word' id='word_1_552' title='bbox 1177 4648 1372 4716; x_wconf 82' lang='lat' dir='ltr'><strong>prolixi</strong></span> <span class='ocrx_word' id='word_1_553' title='bbox 1401 4648 1674 4701; x_wconf 87' lang='lat' dir='ltr'><strong>sermonis</strong></span> <span class='ocrx_word' id='word_1_554' title='bbox 1709 4656 1792 4701; x_wconf 88' lang='lat' dir='ltr'><strong>est</strong></span> <span class='ocrx_word' id='word_1_555' title='bbox 1820 4647 2015 4711; x_wconf 89' lang='lat' dir='ltr'><strong>otium,</strong></span> <span class='ocrx_word' id='word_1_556' title='bbox 2047 4647 2169 4702; x_wconf 89' lang='lat' dir='ltr'><strong>aliis</strong></span> 
     </span>
    </p>
   </div>
   <div class='ocr_carea' id='block_1_81' title="bbox 592 4738 2164 4813">
    <p class='ocr_par' dir='ltr' id='par_1_81' title="bbox 592 4738 2164 4813">
     <span class='ocr_line' id='line_1_81' title="bbox 592 4738 2164 4813; baseline -0.004 -15"><span class='ocrx_word' id='word_1_557' title='bbox 592 4752 862 4813; x_wconf 89' lang='lat' dir='ltr'><strong>occupato</strong></span> <span class='ocrx_word' id='word_1_558' title='bbox 891 4741 1124 4811; x_wconf 79' lang='lat' dir='ltr'><strong>negotiis</strong></span> <span class='ocrx_word' id='word_1_559' title='bbox 1154 4740 1296 4793; x_wconf 90' lang='lat' dir='ltr'><strong>haud</strong></span> <span class='ocrx_word' id='word_1_560' title='bbox 1330 4739 1586 4795; x_wconf 81' lang='lat' dir='ltr'><strong>facilibus</strong></span> <span class='ocrx_word' id='word_1_561' title='bbox 1637 4739 1918 4808; x_wconf 78' lang='lat' dir='ltr'><strong>expeditu.</strong></span> <span class='ocrx_word' id='word_1_562' title='bbox 1951 4739 2026 4792; x_wconf 90' lang='lat' dir='ltr'><strong>De</strong></span> <span class='ocrx_word' id='word_1_563' title='bbox 2054 4738 2164 4807; x_wconf 87' lang='lat' dir='ltr'><strong>epi-</strong></span> 
     </span>
    </p>
   </div>
   <div class='ocr_carea' id='block_1_82' title="bbox 2277 3549 3864 3620">
    <p class='ocr_par' dir='ltr' id='par_1_82' title="bbox 2277 3549 3864 3620">
     <span class='ocr_line' id='line_1_82' title="bbox 2277 3549 3864 3620; baseline 0.004 -20"><span class='ocrx_word' id='word_1_564' title='bbox 2277 3549 2470 3601; x_wconf 82' lang='grc' dir='ltr'>σεπτὸν</span> <span class='ocrx_word' id='word_1_565' title='bbox 2495 3549 2576 3601; x_wconf 84' lang='grc' dir='ltr'>ὅτι</span> <span class='ocrx_word' id='word_1_566' title='bbox 2611 3550 2864 3618; x_wconf 79' lang='grc' dir='ltr'>μάλιστα,</span> <span class='ocrx_word' id='word_1_567' title='bbox 2890 3551 2984 3602; x_wconf 75' lang='grc' dir='ltr'>καὶ</span> <span class='ocrx_word' id='word_1_568' title='bbox 3008 3549 3067 3602; x_wconf 84' lang='grc' dir='ltr'>τὸ</span> <span class='ocrx_word' id='word_1_569' title='bbox 3090 3551 3190 3620; x_wconf 87' lang='grc' dir='ltr'>τῆς</span> <span class='ocrx_word' id='word_1_570' title='bbox 3220 3550 3532 3620; x_wconf 68' lang='grc' dir='ltr'>συμψδχίας</span> <span class='ocrx_word' id='word_1_571' title='bbox 3573 3555 3864 3618; x_wconf 70' lang='grc' dir='ltr'>ἀτεοσῶζον</span> 
     </span>
    </p>
   </div>
   <div class='ocr_carea' id='block_1_83' title="bbox 2274 3640 3861 3712">
    <p class='ocr_par' dir='ltr' id='par_1_83' title="bbox 2274 3640 3861 3712">
     <span class='ocr_line' id='line_1_83' title="bbox 2274 3640 3861 3712; baseline 0.004 -19"><span class='ocrx_word' id='word_1_572' title='bbox 2274 3640 2560 3712; x_wconf 80' lang='grc' dir='ltr'>γνώρισμα</span> <span class='ocrx_word' id='word_1_573' title='bbox 2592 3657 2606 3673; x_wconf 89' lang='grc'><strong>·</strong></span> <span class='ocrx_word' id='word_1_574' title='bbox 2665 3642 2726 3695; x_wconf 81' lang='grc' dir='ltr'>τὸ</span> <span class='ocrx_word' id='word_1_575' title='bbox 2768 3642 2824 3694; x_wconf 81' lang='grc' dir='ltr'>δὲ</span> <span class='ocrx_word' id='word_1_576' title='bbox 2882 3641 3164 3712; x_wconf 81' lang='grc' dir='ltr'>ἐρώτημα,</span> <span class='ocrx_word' id='word_1_577' title='bbox 3215 3645 3314 3696; x_wconf 79' lang='grc' dir='ltr'>οὐκ</span> <span class='ocrx_word' id='word_1_578' title='bbox 3369 3641 3466 3697; x_wconf 82' lang='grc' dir='ltr'>οἷδ’</span> <span class='ocrx_word' id='word_1_579' title='bbox 3491 3646 3646 3708; x_wconf 80' lang='grc' dir='ltr'>ὅπως</span> <span class='ocrx_word' id='word_1_580' title='bbox 3704 3649 3861 3708; x_wconf 81' lang='grc' dir='ltr'>εἴπω,</span> 
     </span>
    </p>
   </div>
   <div class='ocr_carea' id='block_1_84' title="bbox 2275 3734 3864 3809">
    <p class='ocr_par' dir='ltr' id='par_1_84' title="bbox 2275 3734 3864 3809">
     <span class='ocr_line' id='line_1_84' title="bbox 2275 3734 3864 3809; baseline 0.002 -21"><span class='ocrx_word' id='word_1_581' title='bbox 2275 3734 2647 3804; x_wconf 81' lang='grc' dir='ltr'>ἀκατάλληλον</span> <span class='ocrx_word' id='word_1_582' title='bbox 2695 3734 2790 3786; x_wconf 79' lang='grc' dir='ltr'>καὶ</span> <span class='ocrx_word' id='word_1_583' title='bbox 2823 3735 2882 3787; x_wconf 79' lang='grc' dir='ltr'>οὺ</span> <span class='ocrx_word' id='word_1_584' title='bbox 2922 3737 3361 3805; x_wconf 85' lang='grc' dir='ltr'>συνεγνωσμένον</span> <span class='ocrx_word' id='word_1_585' title='bbox 3400 3740 3470 3809; x_wconf 82' lang='grc' dir='ltr'>τῇ</span> <span class='ocrx_word' id='word_1_586' title='bbox 3531 3740 3864 3791; x_wconf 76' lang='grc' dir='ltr'>ταπεινώσει</span> 
     </span>
    </p>
   </div>
   <div class='ocr_carea' id='block_1_85' title="bbox 2275 3825 3862 3900">
    <p class='ocr_par' dir='ltr' id='par_1_85' title="bbox 2275 3825 3862 3900">
     <span class='ocr_line' id='line_1_85' title="bbox 2275 3825 3862 3900; baseline 0.002 -22"><span class='ocrx_word' id='word_1_587' title='bbox 2275 3826 2450 3895; x_wconf 79' lang='grc' dir='ltr'>ἡμῶν.</span> <span class='ocrx_word' id='word_1_588' title='bbox 2499 3825 2724 3878; x_wconf 85' lang='grc' dir='ltr'>Οὐδέπω</span> <span class='ocrx_word' id='word_1_589' title='bbox 2784 3826 2891 3896; x_wconf 80' lang='grc' dir='ltr'><strong>γάρ</strong></span> <span class='ocrx_word' id='word_1_590' title='bbox 2925 3827 3016 3879; x_wconf 77' lang='grc' dir='ltr'>καὶ</span> <span class='ocrx_word' id='word_1_591' title='bbox 3051 3827 3287 3897; x_wconf 84' lang='grc' dir='ltr'>τήμερον</span> <span class='ocrx_word' id='word_1_592' title='bbox 3317 3828 3665 3899; x_wconf 81' lang='grc' dir='ltr'>ἀκηκόαμεν,</span> <span class='ocrx_word' id='word_1_593' title='bbox 3727 3832 3862 3900; x_wconf 67' lang='grc' dir='ltr'>προς</span> 
     </span>
    </p>
   </div>
   <div class='ocr_carea' id='block_1_86' title="bbox 2277 3919 3860 3992">
    <p class='ocr_par' dir='ltr' id='par_1_86' title="bbox 2277 3919 3860 3992">
     <span class='ocr_line' id='line_1_86' title="bbox 2277 3919 3860 3992; baseline 0.003 -20"><span class='ocrx_word' id='word_1_594' title='bbox 2277 3919 2482 3990; x_wconf 83' lang='grc' dir='ltr'>πατρὸς</span> <span class='ocrx_word' id='word_1_595' title='bbox 2530 3920 2950 3987; x_wconf 75' lang='grc' dir='ltr'>ἀναγκαπικῶς</span> <span class='ocrx_word' id='word_1_596' title='bbox 2982 3921 3077 3973; x_wconf 79' lang='grc' dir='ltr'>καὶ</span> <span class='ocrx_word' id='word_1_597' title='bbox 3113 3923 3218 3974; x_wconf 82' lang='grc' dir='ltr'>οὐκ</span> <span class='ocrx_word' id='word_1_598' title='bbox 3250 3920 3580 3983; x_wconf 79' lang='grc' dir='ltr'>ἐθελουσίως</span> <span class='ocrx_word' id='word_1_599' title='bbox 3611 3923 3860 3992; x_wconf 75' lang='grc' dir='ltr'>ἀποκαρ-</span> 
     </span>
    </p>
   </div>
   <div class='ocr_carea' id='block_1_87' title="bbox 2277 4007 3857 4082">
    <p class='ocr_par' dir='ltr' id='par_1_87' title="bbox 2277 4007 3857 4082">
     <span class='ocr_line' id='line_1_87' title="bbox 2277 4007 3857 4082; baseline 0.004 -22"><span class='ocrx_word' id='word_1_600' title='bbox 2277 4007 2433 4076; x_wconf 85' lang='grc' dir='ltr'>θῆναι</span> <span class='ocrx_word' id='word_1_601' title='bbox 2491 4009 2705 4072; x_wconf 87' lang='grc' dir='ltr'>παῖδας.</span> <span class='ocrx_word' id='word_1_602' title='bbox 2751 4010 2814 4062; x_wconf 78' lang='grc' dir='ltr'><strong>Εἰ</strong></span> <span class='ocrx_word' id='word_1_603' title='bbox 2846 4010 2944 4080; x_wconf 86' lang='grc' dir='ltr'>μὲν</span> <span class='ocrx_word' id='word_1_604' title='bbox 2993 4011 3100 4082; x_wconf 82' lang='grc' dir='ltr'>γὰρ</span> <span class='ocrx_word' id='word_1_605' title='bbox 3136 4013 3331 4081; x_wconf 81' lang='grc' dir='ltr'>κομιδῇ</span> <span class='ocrx_word' id='word_1_606' title='bbox 3384 4013 3594 4080; x_wconf 74' lang='grc' dir='ltr'>νήπιοι,</span> <span class='ocrx_word' id='word_1_607' title='bbox 3632 4014 3739 4067; x_wconf 76' lang='grc' dir='ltr'>εἴτ’</span> <span class='ocrx_word' id='word_1_608' title='bbox 3771 4011 3857 4068; x_wconf 80' lang='grc' dir='ltr'>οὖν</span> 
     </span>
    </p>
   </div>
   <div class='ocr_carea' id='block_1_88' title="bbox 2276 4100 3859 4173">
    <p class='ocr_par' dir='ltr' id='par_1_88' title="bbox 2276 4100 3859 4173">
     <span class='ocr_line' id='line_1_88' title="bbox 2276 4100 3859 4173; baseline 0.005 -20"><span class='ocrx_word' id='word_1_609' title='bbox 2276 4101 2382 4171; x_wconf 83' lang='grc' dir='ltr'>πρὸ</span> <span class='ocrx_word' id='word_1_610' title='bbox 2419 4100 2521 4169; x_wconf 77' lang='grc' dir='ltr'>τῆς</span> <span class='ocrx_word' id='word_1_611' title='bbox 2553 4100 2789 4170; x_wconf 84' lang='grc' dir='ltr'>ἡλικίας,</span> <span class='ocrx_word' id='word_1_612' title='bbox 2837 4102 2936 4155; x_wconf 86' lang='grc' dir='ltr'>οὑκ</span> <span class='ocrx_word' id='word_1_613' title='bbox 2979 4105 3038 4155; x_wconf 79' lang='grc' dir='ltr'>ὲν</span> <span class='ocrx_word' id='word_1_614' title='bbox 3090 4103 3272 4165; x_wconf 85' lang='grc' dir='ltr'>αὐτοῖς</span> <span class='ocrx_word' id='word_1_615' title='bbox 3328 4101 3388 4153; x_wconf 84' lang='grc' dir='ltr'>τὸ</span> <span class='ocrx_word' id='word_1_616' title='bbox 3442 4101 3708 4173; x_wconf 74' lang='grc' dir='ltr'>θελητὸν·</span> <span class='ocrx_word' id='word_1_617' title='bbox 3742 4108 3859 4160; x_wconf 75' lang='grc' dir='ltr'>οὐδὲ</span> 
     </span>
    </p>
   </div>
   <div class='ocr_carea' id='block_1_89' title="bbox 2275 4193 3857 4262">
    <p class='ocr_par' dir='ltr' id='par_1_89' title="bbox 2275 4193 3857 4262">
     <span class='ocr_line' id='line_1_89' title="bbox 2275 4193 3857 4262; baseline 0.004 -16"><span class='ocrx_word' id='word_1_618' title='bbox 2275 4194 2381 4262; x_wconf 84' lang='grc' dir='ltr'><strong>γάρ</strong></span> <span class='ocrx_word' id='word_1_619' title='bbox 2419 4194 2525 4246; x_wconf 81' lang='grc' dir='ltr'>είσι</span> <span class='ocrx_word' id='word_1_620' title='bbox 2553 4193 2936 4261; x_wconf 75' lang='grc' dir='ltr'>διαγνωστικοὶ</span> <span class='ocrx_word' id='word_1_621' title='bbox 2994 4194 3160 4248; x_wconf 79' lang='grc' dir='ltr'>καλοῦ</span> <span class='ocrx_word' id='word_1_622' title='bbox 3196 4210 3254 4245; x_wconf 90' lang='grc' dir='ltr'><strong>τε</strong></span> <span class='ocrx_word' id='word_1_623' title='bbox 3313 4193 3406 4245; x_wconf 77' lang='grc' dir='ltr'>καὶ</span> <span class='ocrx_word' id='word_1_624' title='bbox 3441 4196 3621 4249; x_wconf 84' lang='grc' dir='ltr'>κακοῦ</span> <span class='ocrx_word' id='word_1_625' title='bbox 3649 4215 3663 4227; x_wconf 90' lang='grc'><strong>·</strong></span> <span class='ocrx_word' id='word_1_626' title='bbox 3725 4199 3857 4252; x_wconf 66' lang='grc' dir='ltr'>ἀλλὰ</span> 
     </span>
    </p>
   </div>
   <div class='ocr_carea' id='block_1_90' title="bbox 2276 4284 3852 4362">
    <p class='ocr_par' dir='ltr' id='par_1_90' title="bbox 2276 4284 3852 4362">
     <span class='ocr_line' id='line_1_90' title="bbox 2276 4284 3852 4362; baseline 0.006 -27"><span class='ocrx_word' id='word_1_627' title='bbox 2276 4287 2341 4354; x_wconf 82' lang='grc' dir='ltr'>τῇ</span> <span class='ocrx_word' id='word_1_628' title='bbox 2373 4284 2483 4336; x_wconf 84' lang='grc' dir='ltr'>τῶν</span> <span class='ocrx_word' id='word_1_629' title='bbox 2515 4285 2800 4353; x_wconf 83' lang='grc' dir='ltr'>φυσάντων</span> <span class='ocrx_word' id='word_1_630' title='bbox 2851 4286 3166 4356; x_wconf 84' lang='grc' dir='ltr'>προαιρέσει</span> <span class='ocrx_word' id='word_1_631' title='bbox 3221 4285 3488 4339; x_wconf 87' lang='grc' dir='ltr'>ἀνακτέον</span> <span class='ocrx_word' id='word_1_632' title='bbox 3723 4289 3852 4362; x_wconf 72' lang='lat' dir='ltr'><strong>Reg.</strong></span> 
     </span>
    </p>
   </div>
   <div class='ocr_carea' id='block_1_91' title="bbox 2274 4375 3081 4446">
    <p class='ocr_par' dir='ltr' id='par_1_91' title="bbox 2274 4375 3081 4446">
     <span class='ocr_line' id='line_1_91' title="bbox 2274 4375 3081 4446; baseline 0.002 -18"><span class='ocrx_word' id='word_1_633' title='bbox 2274 4375 2609 4446; x_wconf 88' lang='grc' dir='ltr'>ἀνενεκτέον]</span> <span class='ocrx_word' id='word_1_634' title='bbox 2642 4376 2704 4428; x_wconf 81' lang='grc' dir='ltr'>τὸ</span> <span class='ocrx_word' id='word_1_635' title='bbox 2736 4379 3081 4446; x_wconf 85' lang='grc' dir='ltr'>πρᾶγμα.....</span> 
     </span>
    </p>
   </div>
   <div class='ocr_carea' id='block_1_92' title="bbox 2349 4465 3854 4543">
    <p class='ocr_par' dir='ltr' id='par_1_92' title="bbox 2349 4465 3854 4543">
     <span class='ocr_line' id='line_1_92' title="bbox 2349 4465 3854 4543; baseline 0.002 -23"><span class='ocrx_word' id='word_1_636' title='bbox 2501 4467 2613 4536; x_wconf 90' lang='grc'>(77)</span> <span class='ocrx_word' id='word_1_637' title='bbox 2651 4465 2936 4520; x_wconf 84' lang='grc' dir='ltr'>ἀναθετέον</span> <span class='ocrx_word' id='word_1_638' title='bbox 2957 4468 3018 4519; x_wconf 83' lang='grc' dir='ltr'>τὸ</span> <span class='ocrx_word' id='word_1_639' title='bbox 3049 4469 3302 4538; x_wconf 80' lang='grc' dir='ltr'>πρᾶγμα.</span> <span class='ocrx_word' id='word_1_640' title='bbox 3339 4470 3480 4538; x_wconf 80' lang='grc' dir='ltr'>Παρ’</span> <span class='ocrx_word' id='word_1_641' title='bbox 3501 4465 3566 4524; x_wconf 80' lang='grc' dir='ltr'><strong>οὗ</strong></span> <span class='ocrx_word' id='word_1_642' title='bbox 3598 4474 3699 4525; x_wconf 69' lang='grc' dir='ltr'><strong>καὶ</strong></span> <span class='ocrx_word' id='word_1_643' title='bbox 3729 4474 3854 4543; x_wconf 69' lang='grc' dir='ltr'>ἡμῖν</span> 
     </span>
    </p>
   </div>
   <div class='ocr_carea' id='block_1_93' title="bbox 2277 4558 3854 4630">
    <p class='ocr_par' dir='ltr' id='par_1_93' title="bbox 2277 4558 3854 4630">
     <span class='ocr_line' id='line_1_93' title="bbox 2277 4558 3854 4630; baseline 0.003 -20"><span class='ocrx_word' id='word_1_644' title='bbox 2277 4558 2371 4611; x_wconf 72' lang='grc' dir='ltr'>καὶ</span> <span class='ocrx_word' id='word_1_645' title='bbox 2405 4559 2531 4626; x_wconf 85' lang='grc' dir='ltr'>ὑμῖν</span> <span class='ocrx_word' id='word_1_646' title='bbox 2558 4558 2619 4609; x_wconf 83' lang='grc' dir='ltr'>τὸ</span> <span class='ocrx_word' id='word_1_647' title='bbox 2650 4561 2914 4628; x_wconf 86' lang='grc' dir='ltr'>σωτήριον</span> <span class='ocrx_word' id='word_1_648' title='bbox 2936 4559 3114 4629; x_wconf 83' lang='grc' dir='ltr'>ψυχῆς</span> <span class='ocrx_word' id='word_1_649' title='bbox 3157 4576 3216 4612; x_wconf 91' lang='grc' dir='ltr'><strong>τε</strong></span> <span class='ocrx_word' id='word_1_650' title='bbox 3263 4561 3358 4613; x_wconf 82' lang='grc' dir='ltr'>καὶ</span> <span class='ocrx_word' id='word_1_651' title='bbox 3416 4562 3698 4630; x_wconf 78' lang='grc' dir='ltr'>σώματος.</span> <span class='ocrx_word' id='word_1_652' title='bbox 3755 4567 3854 4618; x_wconf 73' lang='grc' dir='ltr'><strong>Καὶ</strong></span> 
     </span>
    </p>
   </div>
   <div class='ocr_carea' id='block_1_94' title="bbox 2278 4649 3851 4727">
    <p class='ocr_par' dir='ltr' id='par_1_94' title="bbox 2278 4649 3851 4727">
     <span class='ocr_line' id='line_1_94' title="bbox 2278 4649 3851 4727; baseline 0.006 -26"><span class='ocrx_word' id='word_1_653' title='bbox 2278 4650 2405 4719; x_wconf 78' lang='grc' dir='ltr'>περὶ</span> <span class='ocrx_word' id='word_1_654' title='bbox 2433 4650 2531 4718; x_wconf 89' lang='grc' dir='ltr'>μὲν</span> <span class='ocrx_word' id='word_1_655' title='bbox 2561 4649 2765 4701; x_wconf 85' lang='grc' dir='ltr'>τούτων</span> <span class='ocrx_word' id='word_1_656' title='bbox 2791 4649 2908 4712; x_wconf 59' lang='lat' dir='ltr'><strong>an;</strong></span> <span class='ocrx_word' id='word_1_657' title='bbox 2943 4667 2955 4681; x_wconf 89' lang='grc'><strong>·</strong></span> <span class='ocrx_word' id='word_1_658' title='bbox 2990 4652 3070 4703; x_wconf 81' lang='grc' dir='ltr'>ὅτι</span> <span class='ocrx_word' id='word_1_659' title='bbox 3099 4651 3237 4721; x_wconf 80' lang='grc' dir='ltr'>μηδὲ</span> <span class='ocrx_word' id='word_1_660' title='bbox 3268 4653 3458 4723; x_wconf 85' lang='grc' dir='ltr'>καιρός</span> <span class='ocrx_word' id='word_1_661' title='bbox 3505 4672 3601 4722; x_wconf 84' lang='grc' dir='ltr'><strong>μοι</strong></span> <span class='ocrx_word' id='word_1_662' title='bbox 3635 4674 3851 4727; x_wconf 84' lang='grc' dir='ltr'>μακρη-</span> 
     </span>
    </p>
   </div>
   <div class='ocr_carea' id='block_1_95' title="bbox 2276 4742 3853 4815">
    <p class='ocr_par' dir='ltr' id='par_1_95' title="bbox 2276 4742 3853 4815">
     <span class='ocr_line' id='line_1_95' title="bbox 2276 4742 3853 4815; baseline 0.005 -22"><span class='ocrx_word' id='word_1_663' title='bbox 2276 4745 2478 4812; x_wconf 85' lang='grc' dir='ltr'>γορεῖν,</span> <span class='ocrx_word' id='word_1_664' title='bbox 2497 4743 2554 4795; x_wconf 80' lang='grc' dir='ltr'>ἐν</span> <span class='ocrx_word' id='word_1_665' title='bbox 2576 4742 2757 4806; x_wconf 78' lang='grc' dir='ltr'>ἄλλοις</span> <span class='ocrx_word' id='word_1_666' title='bbox 2786 4742 3169 4813; x_wconf 81' lang='grc' dir='ltr'>ἀσχολουμένῳ</span> <span class='ocrx_word' id='word_1_667' title='bbox 3196 4744 3519 4815; x_wconf 83' lang='grc' dir='ltr'>πράγμασιν</span> <span class='ocrx_word' id='word_1_668' title='bbox 3545 4748 3651 4800; x_wconf 81' lang='grc' dir='ltr'>οὐκ</span> <span class='ocrx_word' id='word_1_669' title='bbox 3682 4749 3853 4801; x_wconf 78' lang='grc' dir='ltr'>εὐδια-</span> 
     </span>
    </p>
   </div>
   <div class='ocr_carea' id='block_1_96' title="bbox 592 4820 2168 4905">
    <p class='ocr_par' dir='ltr' id='par_1_96' title="bbox 592 4830 2164 4903">
     <span class='ocr_line' id='line_1_96' title="bbox 592 4830 2164 4903; baseline -0.004 -13"><span class='ocrx_word' id='word_1_670' title='bbox 592 4851 760 4903; x_wconf 87' lang='lat' dir='ltr'><strong>scopo</strong></span> <span class='ocrx_word' id='word_1_671' title='bbox 813 4833 957 4898; x_wconf 87' lang='lat' dir='ltr'><strong>Chii,</strong></span> <span class='ocrx_word' id='word_1_672' title='bbox 999 4833 1129 4902; x_wconf 90' lang='lat' dir='ltr'><strong>quid</strong></span> <span class='ocrx_word' id='word_1_673' title='bbox 1165 4832 1267 4885; x_wconf 90' lang='lat' dir='ltr'><strong>hoc</strong></span> <span class='ocrx_word' id='word_1_674' title='bbox 1305 4841 1354 4884; x_wconf 92' lang='lat' dir='ltr'><strong>et</strong></span> <span class='ocrx_word' id='word_1_675' title='bbox 1390 4830 1532 4884; x_wconf 88' lang='lat' dir='ltr'><strong>istud</strong></span> <span class='ocrx_word' id='word_1_676' title='bbox 1575 4831 1802 4884; x_wconf 85' lang='lat' dir='ltr'><strong>narras?</strong></span> <span class='ocrx_word' id='word_1_677' title='bbox 1829 4830 1938 4884; x_wconf 87' lang='lat' dir='ltr'><strong>Nos</strong></span> <span class='ocrx_word' id='word_1_678' title='bbox 1989 4844 2164 4897; x_wconf 90' lang='lat' dir='ltr'><strong>neque</strong></span> 
     </span>
    </p>
   </div>
   <div class='ocr_carea' id='block_1_97' title="bbox 2276 4820 3855 4905">
    <p class='ocr_par' dir='ltr' id='par_1_97' title="bbox 2276 4834 3855 4905">
     <span class='ocr_line' id='line_1_97' title="bbox 2276 4834 3855 4905; baseline 0.004 -19"><span class='ocrx_word' id='word_1_679' title='bbox 2276 4834 2465 4897; x_wconf 77' lang='grc' dir='ltr'>λύτοις.</span> <span class='ocrx_word' id='word_1_680' title='bbox 2488 4836 2622 4905; x_wconf 79' lang='grc' dir='ltr'>Περὶ</span> <span class='ocrx_word' id='word_1_681' title='bbox 2651 4835 2708 4887; x_wconf 80' lang='grc' dir='ltr'>δὲ</span> <span class='ocrx_word' id='word_1_682' title='bbox 2732 4835 2825 4888; x_wconf 80' lang='grc' dir='ltr'>τοῦ</span> <span class='ocrx_word' id='word_1_683' title='bbox 2859 4837 3158 4889; x_wconf 81' lang='grc' dir='ltr'>ἐπισκόπου</span> <span class='ocrx_word' id='word_1_684' title='bbox 3185 4836 3342 4901; x_wconf 84' lang='grc' dir='ltr'>Χίου,</span> <span class='ocrx_word' id='word_1_685' title='bbox 3362 4838 3415 4889; x_wconf 87' lang='grc' dir='ltr'><strong>τί</strong></span> <span class='ocrx_word' id='word_1_686' title='bbox 3446 4839 3608 4891; x_wconf 75' lang='grc' dir='ltr'>τοῦτο</span> <span class='ocrx_word' id='word_1_687' title='bbox 3639 4844 3855 4893; x_wconf 73' lang='grc' dir='ltr'>κάκεῖνο</span> 
     </span>
    </p>
   </div>
   <div class='ocr_carea' id='block_1_98' title="bbox 592 4919 2172 4992">
    <p class='ocr_par' dir='ltr' id='par_1_98' title="bbox 592 4919 2172 4992">
     <span class='ocr_line' id='line_1_98' title="bbox 592 4919 2172 4992; baseline -0.004 -12"><span class='ocrx_word' id='word_1_688' title='bbox 592 4925 775 4981; x_wconf 87' lang='lat' dir='ltr'><strong>virum</strong></span> <span class='ocrx_word' id='word_1_689' title='bbox 804 4925 858 4978; x_wconf 91' lang='lat' dir='ltr'><strong>in</strong></span> <span class='ocrx_word' id='word_1_690' title='bbox 891 4933 1244 4992; x_wconf 89' lang='lat' dir='ltr'><strong>conspectum</strong></span> <span class='ocrx_word' id='word_1_691' title='bbox 1273 4932 1542 4985; x_wconf 89' lang='lat' dir='ltr'><strong>nostrum,</strong></span> <span class='ocrx_word' id='word_1_692' title='bbox 1581 4921 1670 4974; x_wconf 89' lang='lat' dir='ltr'><strong>ubi</strong></span> <span class='ocrx_word' id='word_1_693' title='bbox 1722 4922 1830 4974; x_wconf 91' lang='lat' dir='ltr'><strong>huc</strong></span> <span class='ocrx_word' id='word_1_694' title='bbox 1875 4922 2042 4980; x_wconf 87' lang='lat' dir='ltr'><strong>venit.</strong></span> <span class='ocrx_word' id='word_1_695' title='bbox 2077 4919 2172 4974; x_wconf 81' lang='lat' dir='ltr'><strong>ad-</strong></span> 
     </span>
    </p>
   </div>
   <div class='ocr_carea' id='block_1_99' title="bbox 593 5011 2173 5083">
    <p class='ocr_par' dir='ltr' id='par_1_99' title="bbox 593 5011 2173 5083">
     <span class='ocr_line' id='line_1_99' title="bbox 593 5011 2173 5083; baseline -0.003 -13"><span class='ocrx_word' id='word_1_696' title='bbox 593 5017 870 5079; x_wconf 83' lang='lat' dir='ltr'><strong>misimus,</strong></span> <span class='ocrx_word' id='word_1_697' title='bbox 894 5014 1227 5083; x_wconf 89' lang='lat' dir='ltr'><strong>suspicionis</strong></span> <span class='ocrx_word' id='word_1_698' title='bbox 1261 5011 1492 5065; x_wconf 68' lang='lat' dir='ltr'><strong>vitandaa</strong></span> <span class='ocrx_word' id='word_1_699' title='bbox 1523 5025 1723 5075; x_wconf 76' lang='lat' dir='ltr'><strong>causae,</strong></span> <span class='ocrx_word' id='word_1_700' title='bbox 1753 5025 1926 5078; x_wconf 93' lang='lat' dir='ltr'><strong>neque</strong></span> <span class='ocrx_word' id='word_1_701' title='bbox 1948 5013 2173 5066; x_wconf 91' lang='lat' dir='ltr'><strong>omnino</strong></span> 
     </span>
    </p>
   </div>
   <div class='ocr_carea' id='block_1_100' title="bbox 600 5098 2173 5174">
    <p class='ocr_par' dir='ltr' id='par_1_100' title="bbox 600 5098 2173 5174">
     <span class='ocr_line' id='line_1_100' title="bbox 600 5098 2173 5174; baseline -0.003 -13"><span class='ocrx_word' id='word_1_702' title='bbox 600 5108 722 5162; x_wconf 91' lang='lat' dir='ltr'><strong>sine</strong></span> <span class='ocrx_word' id='word_1_703' title='bbox 760 5121 1027 5174; x_wconf 86' lang='lat' dir='ltr'><strong>responso</strong></span> <span class='ocrx_word' id='word_1_704' title='bbox 1061 5105 1373 5160; x_wconf 91' lang='lat' dir='ltr'><strong>dimisimus</strong></span> <span class='ocrx_word' id='word_1_705' title='bbox 1403 5120 1417 5156; x_wconf 88' lang='lat'><strong>:</strong></span> <span class='ocrx_word' id='word_1_706' title='bbox 1453 5101 1595 5171; x_wconf 88' lang='lat' dir='ltr'><strong>quod</strong></span> <span class='ocrx_word' id='word_1_707' title='bbox 1629 5116 1805 5170; x_wconf 91' lang='lat' dir='ltr'><strong>neque</strong></span> <span class='ocrx_word' id='word_1_708' title='bbox 1837 5101 1915 5155; x_wconf 81' lang='lat' dir='ltr'><strong>fas</strong></span> <span class='ocrx_word' id='word_1_709' title='bbox 1949 5098 2052 5155; x_wconf 81' lang='lat' dir='ltr'><strong>luit</strong></span> <span class='ocrx_word' id='word_1_710' title='bbox 2086 5104 2173 5157; x_wconf 89' lang='lat' dir='ltr'><strong>vel</strong></span> 
     </span>
    </p>
   </div>
   <div class='ocr_carea' id='block_1_101' title="bbox 2276 4923 3854 5001">
    <p class='ocr_par' dir='ltr' id='par_1_101' title="bbox 2276 4923 3854 5001">
     <span class='ocr_line' id='line_1_101' title="bbox 2276 4923 3854 5001; baseline 0.003 -25"><span class='ocrx_word' id='word_1_711' title='bbox 2276 4925 2597 4994; x_wconf 79' lang='grc' dir='ltr'>γέγραφαςς</span> <span class='ocrx_word' id='word_1_712' title='bbox 2641 4925 2836 4994; x_wconf 84' lang='grc' dir='ltr'>Ἡμεῖς</span> <span class='ocrx_word' id='word_1_713' title='bbox 2891 4923 3015 4978; x_wconf 76' lang='grc' dir='ltr'>οὔτε</span> <span class='ocrx_word' id='word_1_714' title='bbox 3063 4928 3154 4978; x_wconf 82' lang='grc' dir='ltr'><strong>τδν</strong></span> <span class='ocrx_word' id='word_1_715' title='bbox 3210 4926 3381 4997; x_wconf 83' lang='grc' dir='ltr'>ἄνδρα</span> <span class='ocrx_word' id='word_1_716' title='bbox 3432 4930 3514 4992; x_wconf 75' lang='grc' dir='ltr'>εἰς</span> <span class='ocrx_word' id='word_1_717' title='bbox 3545 4929 3674 4999; x_wconf 78' lang='grc' dir='ltr'>ὄψιν</span> <span class='ocrx_word' id='word_1_718' title='bbox 3705 4932 3854 5001; x_wconf 74' lang='grc' dir='ltr'>ἡμῶν</span> 
     </span>
    </p>
   </div>
   <div class='ocr_carea' id='block_1_102' title="bbox 2276 5017 3857 5089">
    <p class='ocr_par' dir='ltr' id='par_1_102' title="bbox 2276 5017 3857 5089">
     <span class='ocr_line' id='line_1_102' title="bbox 2276 5017 3857 5089; baseline -0.004 -19"><span class='ocrx_word' id='word_1_719' title='bbox 2276 5017 2558 5086; x_wconf 74' lang='grc' dir='ltr'>ἠγάγομεν</span> <span class='ocrx_word' id='word_1_720' title='bbox 2601 5017 2898 5087; x_wconf 75' lang='grc' dir='ltr'>ἐληλυθότα</span> <span class='ocrx_word' id='word_1_721' title='bbox 2945 5017 3204 5080; x_wconf 79' lang='grc' dir='ltr'>ἐνταῦθα,</span> <span class='ocrx_word' id='word_1_722' title='bbox 3245 5019 3343 5081; x_wconf 80' lang='grc' dir='ltr'>τὰς</span> <span class='ocrx_word' id='word_1_723' title='bbox 3372 5019 3615 5088; x_wconf 77' lang='grc' dir='ltr'>ὑποψίας</span> <span class='ocrx_word' id='word_1_724' title='bbox 3641 5022 3857 5089; x_wconf 67' lang='grc' dir='ltr'>διαφεύ-</span> 
     </span>
    </p>
   </div>
   <div class='ocr_carea' id='block_1_103' title="bbox 2277 5104 3854 5183">
    <p class='ocr_par' dir='ltr' id='par_1_103' title="bbox 2277 5104 3854 5183">
     <span class='ocr_line' id='line_1_103' title="bbox 2277 5104 3854 5183; baseline 0.005 -27"><span class='ocrx_word' id='word_1_725' title='bbox 2277 5121 2486 5173; x_wconf 87' lang='grc' dir='ltr'>γοντες,</span> <span class='ocrx_word' id='word_1_726' title='bbox 2517 5104 2640 5159; x_wconf 82' lang='grc' dir='ltr'>οὔτε</span> <span class='ocrx_word' id='word_1_727' title='bbox 2665 5106 2838 5175; x_wconf 80' lang='grc' dir='ltr'>πάντη</span> <span class='ocrx_word' id='word_1_728' title='bbox 2875 5105 3235 5179; x_wconf 85' lang='grc' dir='ltr'>ἀνυπόκριτον</span> <span class='ocrx_word' id='word_1_729' title='bbox 3267 5109 3536 5181; x_wconf 80' lang='grc' dir='ltr'>εἰάσαμεν</span> <span class='ocrx_word' id='word_1_730' title='bbox 3566 5128 3580 5141; x_wconf 90' lang='grc'><strong>·</strong></span> <span class='ocrx_word' id='word_1_731' title='bbox 3605 5114 3692 5165; x_wconf 84' lang='grc' dir='ltr'>ὅτι</span> <span class='ocrx_word' id='word_1_732' title='bbox 3724 5113 3854 5183; x_wconf 70' lang='grc' dir='ltr'>μηδὲ</span> 
     </span>
    </p>
   </div>
   <div class='ocr_carea' id='block_1_104' title="bbox 673 5237 2168 5310">
    <p class='ocr_par' dir='ltr' id='par_1_104' title="bbox 673 5237 2133 5310">
     <span class='ocr_line' id='line_1_104' title="bbox 673 5237 2133 5310; baseline -0.003 -11"><span class='ocrx_word' id='word_1_733' title='bbox 673 5246 718 5277; x_wconf 83' lang='grc'><strong>¹⁰</strong></span> <span class='ocrx_word' id='word_1_734' title='bbox 751 5244 768 5299; x_wconf 96' lang='lat' dir='ltr'><strong>l</strong></span> <span class='ocrx_word' id='word_1_735' title='bbox 797 5243 942 5298; x_wconf 89' lang='lat' dir='ltr'><strong>Petr.</strong></span> <span class='ocrx_word' id='word_1_736' title='bbox 976 5261 1029 5310; x_wconf 90' lang='lat' dir='ltr'><strong>v,</strong></span> <span class='ocrx_word' id='word_1_737' title='bbox 1058 5243 1111 5296; x_wconf 92' lang='lat'><strong>8.</strong></span> <span class='ocrx_word' id='word_1_738' title='bbox 1189 5244 1231 5275; x_wconf 79' lang='grc'>¹¹</span> <span class='ocrx_word' id='word_1_739' title='bbox 1253 5242 1271 5295; x_wconf 92' lang='lat' dir='ltr'><strong>I</strong></span> <span class='ocrx_word' id='word_1_740' title='bbox 1295 5241 1422 5296; x_wconf 89' lang='lat' dir='ltr'><strong>Cor.</strong></span> <span class='ocrx_word' id='word_1_741' title='bbox 1451 5256 1560 5302; x_wconf 85' lang='lat' dir='ltr'><strong>xv1,</strong></span> <span class='ocrx_word' id='word_1_742' title='bbox 1606 5239 1692 5305; x_wconf 74' lang='grc'><strong>15,</strong></span> <span class='ocrx_word' id='word_1_743' title='bbox 1718 5240 1803 5293; x_wconf 72' lang='grc'><strong>14.</strong></span> <span class='ocrx_word' id='word_1_744' title='bbox 1882 5237 2133 5295; x_wconf 82' lang='lat' dir='ltr'><strong>&quot;Matth.</strong></span> 
     </span>
    </p>
   </div>
   <div class='ocr_carea' id='block_1_105' title="bbox 2276 5237 3048 5310">
    <p class='ocr_par' dir='ltr' id='par_1_105' title="bbox 2276 5242 3048 5308">
     <span class='ocr_line' id='line_1_105' title="bbox 2276 5242 3048 5308; baseline 0.001 -12"><span class='ocrx_word' id='word_1_745' title='bbox 2276 5243 2431 5307; x_wconf 62' lang='lat'><strong>1,20.</strong></span> <span class='ocrx_word' id='word_1_746' title='bbox 2507 5243 2595 5298; x_wconf 78' lang='grc'><strong>³³1</strong></span> <span class='ocrx_word' id='word_1_747' title='bbox 2636 5243 2833 5298; x_wconf 87' lang='lat' dir='ltr'><strong>Thess.</strong></span> <span class='ocrx_word' id='word_1_748' title='bbox 2866 5260 2920 5308; x_wconf 87' lang='lat' dir='ltr'><strong>v,</strong></span> <span class='ocrx_word' id='word_1_749' title='bbox 2961 5242 3048 5298; x_wconf 81' lang='grc'><strong>16.</strong></span> 
     </span>
    </p>
   </div>
   <div class='ocr_carea' id='block_1_106' title="bbox 2115 5354 2352 5412">
    <p class='ocr_par' dir='ltr' id='par_1_106' title="bbox 2115 5354 2352 5412">
     <span class='ocr_line' id='line_1_106' title="bbox 2115 5354 2352 5412; baseline 0.017 -4"><span class='ocrx_word' id='word_1_750' title='bbox 2115 5354 2352 5412; x_wconf 62' lang='lat' dir='ltr'><strong>NOTAE.</strong></span> 
     </span>
    </p>
   </div>
   <div class='ocr_carea' id='block_1_107' title="bbox 673 5425 1363 5501">
    <p class='ocr_par' dir='ltr' id='par_1_107' title="bbox 673 5425 1363 5501">
     <span class='ocr_line' id='line_1_107' title="bbox 673 5425 1363 5501; baseline -0.007 -19"><span class='ocrx_word' id='word_1_751' title='bbox 673 5429 784 5501; x_wconf 85' lang='lat'><strong>(76)</strong></span> <span class='ocrx_word' id='word_1_752' title='bbox 822 5427 1021 5501; x_wconf 72' lang='lat' dir='ltr'><strong>_l_n_cod.</strong></span> <span class='ocrx_word' id='word_1_753' title='bbox 1048 5425 1183 5495; x_wconf 76' lang='lat' dir='ltr'><strong>Reg.</strong></span> <span class='ocrx_word' id='word_1_754' title='bbox 1224 5430 1363 5501; x_wconf 65' lang='lat' dir='ltr'><strong>pne&#39;.</strong></span> 
     </span>
    </p>
   </div>
   <div class='ocr_carea' id='block_1_108' title="bbox 675 5493 2177 5569">
    <p class='ocr_par' dir='ltr' id='par_1_108' title="bbox 675 5493 2177 5569">
     <span class='ocr_line' id='line_1_108' title="bbox 675 5493 2177 5569; baseline -0.001 -17"><span class='ocrx_word' id='word_1_755' title='bbox 675 5493 788 5569; x_wconf 79' lang='grc'>(77)</span> <span class='ocrx_word' id='word_1_756' title='bbox 822 5498 896 5551; x_wconf 88' lang='lat' dir='ltr'><strong>Ibi</strong></span> <span class='ocrx_word' id='word_1_757' title='bbox 932 5493 1512 5569; x_wconf 37' lang='lat' dir='ltr'><strong>magna’satislacuna</strong></span> <span class='ocrx_word' id='word_1_758' title='bbox 1539 5493 1595 5569; x_wconf 85' lang='lat' dir='ltr'><strong>in_</strong></span> <span class='ocrx_word' id='word_1_759' title='bbox 1624 5493 1793 5562; x_wconf 78' lang='lat' dir='ltr'><strong>Regio</strong></span> <span class='ocrx_word' id='word_1_760' title='bbox 1821 5494 2024 5569; x_wconf 88' lang='lat' dir='ltr'><strong>codice.</strong></span> <span class='ocrx_word' id='word_1_761' title='bbox 2045 5495 2177 5562; x_wconf 73' lang='lat' dir='ltr'><strong>Qua-</strong></span> 
     </span>
    </p>
   </div>
   <div class='ocr_carea' id='block_1_109' title="bbox 603 5565 2171 5636">
    <p class='ocr_par' dir='ltr' id='par_1_109' title="bbox 603 5565 2171 5636">
     <span class='ocr_line' id='line_1_109' title="bbox 603 5565 2171 5636; baseline -0.003 -11"><span class='ocrx_word' id='word_1_762' title='bbox 603 5565 783 5625; x_wconf 78' lang='lat' dir='ltr'><strong>auteni</strong></span> <span class='ocrx_word' id='word_1_763' title='bbox 814 5577 1135 5636; x_wconf 90' lang='lat' dir='ltr'><strong>sequuntur,</strong></span> <span class='ocrx_word' id='word_1_764' title='bbox 1156 5566 1381 5620; x_wconf 89' lang='lat' dir='ltr'><strong>alterius</strong></span> <span class='ocrx_word' id='word_1_765' title='bbox 1407 5565 1648 5632; x_wconf 68' lang='lat' dir='ltr'><strong>epistola:</strong></span> <span class='ocrx_word' id='word_1_766' title='bbox 1670 5579 1790 5618; x_wconf 89' lang='lat' dir='ltr'><strong>esse</strong></span> <span class='ocrx_word' id='word_1_767' title='bbox 1821 5568 1945 5634; x_wconf 87' lang='lat' dir='ltr'><strong>(cui</strong></span> <span class='ocrx_word' id='word_1_768' title='bbox 1968 5574 2171 5629; x_wconf 82' lang='lat' dir='ltr'><strong>tamen,</strong></span> 
     </span>
    </p>
   </div>
   <div class='ocr_carea' id='block_1_110' title="bbox 605 5636 2174 5710">
    <p class='ocr_par' dir='ltr' id='par_1_110' title="bbox 605 5636 2174 5710">
     <span class='ocr_line' id='line_1_110' title="bbox 605 5636 2174 5710; baseline -0.003 -16"><span class='ocrx_word' id='word_1_769' title='bbox 605 5643 732 5710; x_wconf 88' lang='lat' dir='ltr'><strong>quia</strong></span> <span class='ocrx_word' id='word_1_770' title='bbox 771 5640 984 5693; x_wconf 90' lang='lat' dir='ltr'><strong>initium</strong></span> <span class='ocrx_word' id='word_1_771' title='bbox 1024 5637 1198 5710; x_wconf 83' lang='lat' dir='ltr'><strong>deest,</strong></span> <span class='ocrx_word' id='word_1_772' title='bbox 1251 5637 1496 5710; x_wconf 77' lang='lat' dir='ltr'><strong>apposita</strong></span> <span class='ocrx_word' id='word_1_773' title='bbox 1546 5651 1654 5710; x_wconf 77' lang='lat' dir='ltr'><strong>non</strong></span> <span class='ocrx_word' id='word_1_774' title='bbox 1684 5707 1692 5710; x_wconf 86' lang='lat'>_</span> <span class='ocrx_word' id='word_1_775' title='bbox 1723 5636 1913 5710; x_wconf 78' lang='lat' dir='ltr'><strong>sitsua</strong></span> <span class='ocrx_word' id='word_1_776' title='bbox 1965 5638 2174 5710; x_wconf 84' lang='lat' dir='ltr'><strong>numeri</strong></span> 
     </span>
    </p>
   </div>
   <div class='ocr_carea' id='block_1_111' title="bbox 607 5706 2165 5780">
    <p class='ocr_par' dir='ltr' id='par_1_111' title="bbox 607 5706 2165 5780">
     <span class='ocr_line' id='line_1_111' title="bbox 607 5706 2165 5780; baseline -0.005 -14"><span class='ocrx_word' id='word_1_777' title='bbox 607 5706 773 5780; x_wconf 66' lang='lat' dir='ltr'><strong>noua)</strong></span> <span class='ocrx_word' id='word_1_778' title='bbox 807 5710 1045 5762; x_wconf 86' lang='lat' dir='ltr'><strong>indicare</strong></span> <span class='ocrx_word' id='word_1_779' title='bbox 1076 5709 1285 5780; x_wconf 82' lang='lat' dir='ltr'><strong>videtur</strong></span> <span class='ocrx_word' id='word_1_780' title='bbox 1317 5706 1570 5780; x_wconf 14' lang='lat' dir='ltr'><strong>Sryllabus</strong></span> <span class='ocrx_word' id='word_1_781' title='bbox 1602 5706 1966 5773; x_wconf 84' lang='lat' dir='ltr'><strong>Epistolarum</strong></span> <span class='ocrx_word' id='word_1_782' title='bbox 1996 5709 2048 5780; x_wconf 80' lang='lat' dir='ltr'><strong>in</strong></span> <span class='ocrx_word' id='word_1_783' title='bbox 2083 5722 2165 5780; x_wconf 83' lang='lat' dir='ltr'><strong>en-</strong></span> 
     </span>
    </p>
   </div>
   <div class='ocr_carea' id='block_1_112' title="bbox 606 5777 2171 5843">
    <p class='ocr_par' dir='ltr' id='par_1_112' title="bbox 606 5777 2171 5843">
     <span class='ocr_line' id='line_1_112' title="bbox 606 5777 2171 5843; baseline -0.003 -7"><span class='ocrx_word' id='word_1_784' title='bbox 606 5785 728 5836; x_wconf 79' lang='lat' dir='ltr'><strong>detn</strong></span> <span class='ocrx_word' id='word_1_785' title='bbox 757 5777 764 5780; x_wconf 64' lang='grc'><strong><em>“</em></strong></span> <span class='ocrx_word' id='word_1_786' title='bbox 789 5780 1016 5832; x_wconf 84' lang='lat' dir='ltr'><strong>(-odice:</strong></span> <span class='ocrx_word' id='word_1_787' title='bbox 1065 5778 1137 5829; x_wconf 86' lang='lat' dir='ltr'><strong>ibi</strong></span> <span class='ocrx_word' id='word_1_788' title='bbox 1171 5779 1312 5830; x_wconf 90' lang='lat' dir='ltr'><strong>enim</strong></span> <span class='ocrx_word' id='word_1_789' title='bbox 1352 5779 1492 5829; x_wconf 72' lang='lat' dir='ltr'><strong>inter</strong></span> <span class='ocrx_word' id='word_1_790' title='bbox 1533 5777 1886 5842; x_wconf 69' lang='lat' dir='ltr'><strong>insriptioncs</strong></span> <span class='ocrx_word' id='word_1_791' title='bbox 1931 5777 2171 5843; x_wconf 64' lang='lat' dir='ltr'><strong>epistola:</strong></span> 
     </span>
    </p>
   </div>
   <div class='ocr_carea' id='block_1_113' title="bbox 608 5845 2170 5923">
    <p class='ocr_par' dir='ltr' id='par_1_113' title="bbox 608 5845 2170 5923">
     <span class='ocr_line' id='line_1_113' title="bbox 608 5845 2170 5923; baseline -0.003 -18"><span class='ocrx_word' id='word_1_792' title='bbox 608 5861 725 5923; x_wconf 79' lang='grc' dir='ltr'>ρπε¹</span> <span class='ocrx_word' id='word_1_793' title='bbox 785 5850 920 5919; x_wconf 56' lang='lat' dir='ltr'><strong>[Ilia</strong></span> <span class='ocrx_word' id='word_1_794' title='bbox 967 5847 1339 5918; x_wconf 72' lang='grc' dir='ltr'>πρεσϐυτέρῳ,</span> <span class='ocrx_word' id='word_1_795' title='bbox 1375 5861 1424 5900; x_wconf 81' lang='lat' dir='ltr'><strong>et</strong></span> <span class='ocrx_word' id='word_1_796' title='bbox 1467 5848 1706 5916; x_wconf 66' lang='lat' dir='ltr'><strong>epistola:</strong></span> <span class='ocrx_word' id='word_1_797' title='bbox 1744 5845 1864 5916; x_wconf 71' lang='grc' dir='ltr'>ρπξ⁹</span> <span class='ocrx_word' id='word_1_798' title='bbox 1901 5846 2170 5920; x_wconf 77' lang='grc' dir='ltr'>Αὑξεντίῳ</span> 
     </span>
    </p>
   </div>
   <div class='ocr_carea' id='block_1_114' title="bbox 2282 5487 3856 5562">
    <p class='ocr_par' dir='ltr' id='par_1_114' title="bbox 2282 5487 3856 5562">
     <span class='ocr_line' id='line_1_114' title="bbox 2282 5487 3856 5562; baseline 0.001 -20"><span class='ocrx_word' id='word_1_799' title='bbox 2282 5490 2608 5560; x_wconf 80' lang='grc' dir='ltr'>ἡγουμένῳ.</span> <span class='ocrx_word' id='word_1_800' title='bbox 2663 5489 2841 5562; x_wconf 70' lang='lat' dir='ltr'><strong>media</strong></span> <span class='ocrx_word' id='word_1_801' title='bbox 2890 5495 2976 5543; x_wconf 91' lang='lat' dir='ltr'><strong>est</strong></span> <span class='ocrx_word' id='word_1_802' title='bbox 3035 5487 3318 5562; x_wconf 87' lang='lat' dir='ltr'><strong>inscriptio</strong></span> <span class='ocrx_word' id='word_1_803' title='bbox 3375 5490 3661 5562; x_wconf 55' lang='lat' dir='ltr'><strong>Manut:in</strong></span> <span class='ocrx_word' id='word_1_804' title='bbox 3700 5498 3856 5562; x_wconf 61' lang='grc' dir='ltr'>μονά-</span> 
     </span>
    </p>
   </div>
   <div class='ocr_carea' id='block_1_115' title="bbox 2275 5559 3854 5630">
    <p class='ocr_par' dir='ltr' id='par_1_115' title="bbox 2275 5559 3854 5630">
     <span class='ocr_line' id='line_1_115' title="bbox 2275 5559 3854 5630; baseline 0.004 -17"><span class='ocrx_word' id='word_1_805' title='bbox 2275 5559 2441 5626; x_wconf 62' lang='grc' dir='ltr'>ζοντι.</span> <span class='ocrx_word' id='word_1_806' title='bbox 2478 5559 2633 5630; x_wconf 80' lang='grc' dir='ltr'>ρπς’.</span> <span class='ocrx_word' id='word_1_807' title='bbox 2663 5559 2776 5612; x_wconf 88' lang='lat' dir='ltr'><strong>Etsi</strong></span> <span class='ocrx_word' id='word_1_808' title='bbox 2821 5568 3000 5613; x_wconf 88' lang='lat' dir='ltr'><strong>autem</strong></span> <span class='ocrx_word' id='word_1_809' title='bbox 3037 5560 3334 5626; x_wconf 85' lang='lat' dir='ltr'><strong>superioris</strong></span> <span class='ocrx_word' id='word_1_810' title='bbox 3369 5559 3663 5630; x_wconf 73' lang='lat' dir='ltr'><strong>fragmenti</strong></span> <span class='ocrx_word' id='word_1_811' title='bbox 3700 5559 3854 5619; x_wconf 48' lang='lat' dir='ltr'><strong>sum</strong></span> 
     </span>
    </p>
   </div>
   <div class='ocr_carea' id='block_1_116' title="bbox 2275 5629 3853 5701">
    <p class='ocr_par' dir='ltr' id='par_1_116' title="bbox 2275 5629 3853 5701">
     <span class='ocr_line' id='line_1_116' title="bbox 2275 5629 3853 5701; baseline 0.001 -16"><span class='ocrx_word' id='word_1_812' title='bbox 2275 5629 2487 5685; x_wconf 80' lang='lat' dir='ltr'><strong>ultimae</strong></span> <span class='ocrx_word' id='word_1_813' title='bbox 2532 5637 2852 5701; x_wconf 83' lang='lat' dir='ltr'><strong>repetantur</strong></span> <span class='ocrx_word' id='word_1_814' title='bbox 2873 5629 3027 5701; x_wconf 86' lang='lat' dir='ltr'><strong>initio</strong></span> <span class='ocrx_word' id='word_1_815' title='bbox 3064 5630 3401 5701; x_wconf 82' lang='lat' dir='ltr'><strong>posterioris,</strong></span> <span class='ocrx_word' id='word_1_816' title='bbox 3427 5629 3608 5701; x_wconf 85' lang='lat' dir='ltr'><strong>eoque</strong></span> <span class='ocrx_word' id='word_1_817' title='bbox 3632 5635 3853 5688; x_wconf 81' lang='lat' dir='ltr'><strong>videan-</strong></span> 
     </span>
    </p>
   </div>
   <div class='ocr_carea' id='block_1_117' title="bbox 2274 5698 3852 5769">
    <p class='ocr_par' dir='ltr' id='par_1_117' title="bbox 2274 5698 3852 5769">
     <span class='ocr_line' id='line_1_117' title="bbox 2274 5698 3852 5769; baseline 0.001 -14"><span class='ocrx_word' id='word_1_818' title='bbox 2274 5713 2362 5755; x_wconf 92' lang='lat' dir='ltr'><strong>tur</strong></span> <span class='ocrx_word' id='word_1_819' title='bbox 2397 5712 2578 5769; x_wconf 78' lang='lat' dir='ltr'><strong>partcs</strong></span> <span class='ocrx_word' id='word_1_820' title='bbox 2607 5714 2729 5753; x_wconf 84' lang='lat' dir='ltr'><strong>esse</strong></span> <span class='ocrx_word' id='word_1_821' title='bbox 2764 5700 2929 5753; x_wconf 91' lang='lat' dir='ltr'><strong>unius</strong></span> <span class='ocrx_word' id='word_1_822' title='bbox 2959 5698 3312 5768; x_wconf 86' lang='lat' dir='ltr'><strong>ejusdemque</strong></span> <span class='ocrx_word' id='word_1_823' title='bbox 3342 5698 3614 5768; x_wconf 68' lang='lat' dir='ltr'><strong>epistolae,</strong></span> <span class='ocrx_word' id='word_1_824' title='bbox 3651 5707 3742 5758; x_wconf 82' lang='lat' dir='ltr'><strong>Cui</strong></span> <span class='ocrx_word' id='word_1_825' title='bbox 3774 5725 3852 5756; x_wconf 83' lang='lat' dir='ltr'><strong>m-</strong></span> 
     </span>
    </p>
   </div>
   <div class='ocr_carea' id='block_1_118' title="bbox 2274 5769 3843 5844">
    <p class='ocr_par' dir='ltr' id='par_1_118' title="bbox 2274 5769 3843 5844">
     <span class='ocr_line' id='line_1_118' title="bbox 2274 5769 3843 5844; baseline 0.001 -19"><span class='ocrx_word' id='word_1_826' title='bbox 2274 5774 2347 5826; x_wconf 86' lang='lat' dir='ltr'><strong>hil</strong></span> <span class='ocrx_word' id='word_1_827' title='bbox 2371 5773 2664 5824; x_wconf 81' lang='lat' dir='ltr'><strong>admodum</strong></span> <span class='ocrx_word' id='word_1_828' title='bbox 2695 5769 2872 5844; x_wconf 66' lang='lat' dir='ltr'><strong>desit;</strong></span> <span class='ocrx_word' id='word_1_829' title='bbox 2907 5777 3084 5821; x_wconf 81' lang='lat' dir='ltr'><strong>tamen</strong></span> <span class='ocrx_word' id='word_1_830' title='bbox 3113 5785 3231 5844; x_wconf 61' lang='lat' dir='ltr'><strong>quae</strong></span> <span class='ocrx_word' id='word_1_831' title='bbox 3253 5781 3585 5844; x_wconf 86' lang='lat' dir='ltr'><strong>sequuntur,</strong></span> <span class='ocrx_word' id='word_1_832' title='bbox 3605 5774 3698 5828; x_wconf 88' lang='lat' dir='ltr'><strong>vix</strong></span> <span class='ocrx_word' id='word_1_833' title='bbox 3724 5792 3843 5844; x_wconf 83' lang='lat' dir='ltr'><strong>pus-</strong></span> 
     </span>
    </p>
   </div>
   <div class='ocr_carea' id='block_1_119' title="bbox 2272 5839 3572 5911">
    <p class='ocr_par' dir='ltr' id='par_1_119' title="bbox 2272 5839 3572 5911">
     <span class='ocr_line' id='line_1_119' title="bbox 2272 5839 3572 5911; baseline -0.001 -12"><span class='ocrx_word' id='word_1_834' title='bbox 2272 5854 2391 5898; x_wconf 73' lang='lat' dir='ltr'><strong>sunt</strong></span> <span class='ocrx_word' id='word_1_835' title='bbox 2418 5857 2540 5896; x_wconf 88' lang='lat' dir='ltr'><strong>cum</strong></span> <span class='ocrx_word' id='word_1_836' title='bbox 2574 5839 2946 5911; x_wconf 84' lang='lat' dir='ltr'><strong>superioribus</strong></span> <span class='ocrx_word' id='word_1_837' title='bbox 2983 5841 3248 5895; x_wconf 85' lang='lat' dir='ltr'><strong>sententia</strong></span> <span class='ocrx_word' id='word_1_838' title='bbox 3272 5843 3572 5898; x_wconf 68' lang='lat' dir='ltr'><strong>cohaerere.</strong></span> 
     </span>
    </p>
   </div>
  </div>
