3976 6322
226 329 366 396 1565

1385 348 1922 410 EPISTOLARUM
1991 354 2139 418 LIB.
2177 357 2262 417 II.

3323 363 3457 426 1566

220 447 441 547 θεμιτὸν
469 451 563 506 καὶ
595 453 688 507 τὸν
731 458 962 527 τυχόντα
991 457 1414 532 ἀποπέμπεσθαι
1450 480 1463 495 ο
1500 464 1576 535 μὴ
1606 465 1687 518 ὃτι
1723 483 1765 534 γι

1887 485 2056 525 unum
2094 487 2126 527 e
2155 471 2341 526 multis
2364 473 2646 543 repellere,
2706 475 2906 530 nedum
2944 476 3188 547 ejusdem
3221 477 3454 533 instituti

215 542 532 615 όμόσχημον
588 549 684 602 καὶ
744 551 1050 623 ἐπισκοπῆς
1111 555 1284 626 ὄνομα
1341 557 1778 628 κεκληρωμένον.

229 637 632 712 Ἦσμενίσαμεν
659 641 753 697 οὖν
798 646 880 700 ὅτι
910 647 1140 717 όψέποτε
1183 651 1507 720 άπενὸσφισε
1557 654 1781 710 ιπισκο-

214 729 346 799 πῆς,
375 731 629 802 ἑλόμενος
678 729 780 789 ὧδέ
817 755 920 791 που
950 741 1320 812 παρερῤίφθαι
1346 760 1360 774 ·
1389 744 1780 811 ὑποϐάλλοντες

214 815 379 871 αὑτὸν
403 821 497 873 καὶ
530 819 790 894 ἐπιτιμίῳ
819 829 1149 899 προσήκοντι
1174 845 1190 862 ’
1249 829 1437 902 ὥσπερ
1474 836 1776 905 πεποιήκει·

215 923 316 976 μεν
342 910 435 963 ἐπὶ
462 915 573 976 τοῖς
601 915 800 984 ὁμοίως
839 918 987 990 αὐτῷ
1036 920 1284 989 δράσασι.
1319 924 1428 977 Καὶ
1453 927 1480 978 ὁ
1514 925 1645 988 Θεὸς
1672 926 1780 979 τῶν

212 1000 617 1066 μετανοούντων
671 1005 811 1059 ἐστί.
863 1009 972 1062 Καὶ
1018 1010 1175 1064 τοῦτο
1221 1013 1448 1084 ἐναργὲς
1476 1014 1779 1085 ὑπόδειγμα

212 1091 501 1178 μετανοίας
545 1094 874 1166 ἐπεζήτηται
909 1100 1005 1153 καὶ
1049 1104 1180 1170 παρ’
1203 1104 1359 1172 ἡμῶν
1391 1105 1486 1158 καὶ
1515 1107 1652 1178 πρὸς
1682 1107 1778 1162 άλ-

206 1177 318 1231 λων
341 1181 450 1235 τῶν
486 1185 755 1254 ἰατρεύειν
801 1190 1239 1263 ἐπιτεταγμένων
1270 1196 1303 1265 ὴ
1332 1195 1423 1248 τοῦ
1455 1177 1780 1252 ὑποπεπτω-

205 1270 365 1334 κότος
411 1275 756 1346 ὑποχώρησις
804 1281 905 1349 τῆς
947 1284 1255 1355 ἐπισκοπῆς
1284 1301 1298 1314 ⁶
1339 1287 1431 1340 καὶ
1464 1283 1634 1359 εῐρξις
1674 1290 1776 1360 τῆς

209 1363 541 1454 ἱερουργίας,
575 1371 672 1423 σὺν
725 1374 982 1445 ἐπιτιμίῳ
1034 1376 1138 1440 ἕως
1185 1379 1380 1450 καιροῦ
1428 1383 1670 1454 εἰρήνης.
1713 1385 1775 1438 Εί

203 1451 300 1507 οὗν
342 1459 516 1512 ταῦτα
556 1460 901 1532 ὡμολόγηται
938 1465 1015 1537 τῷ
1056 1468 1209 1537 ἀνδρί
1241 1486 1255 1500 ’
1290 1470 1434 1534 τίνες
1454 1451 1778 1545 ἦμενγήμεῖς

204 1546 558 1636 άποσείεσθαι
593 1550 685 1605 τὸν
720 1555 1034 1624 προσιόντα,
1065 1559 1158 1610 καὶ
1186 1559 1487 1630 ὲχθραίνειν
1511 1563 1569 1615 ἐν
1602 1563 1775 1636 τούτῳ

201 1633 364 1728 eaq);
396 1639 486 1708 Μὴ
537 1641 622 1706 σὺ,
672 1636 717 1696 ὦ
749 1644 1039 1715 θαυμάσιε,
1086 1648 1297 1719 βαρέως
1342 1652 1528 1723 φέροιο
1573 1655 1668 1707 ἐπὶ
1695 1633 1774 1728 τῷ

199 1727 360 1798 άνδρί
389 1749 400 1759 ·
433 1730 538 1784 κᾶν
579 1733 660 1786 ὅτι
688 1736 925 1805 μάλιστα
953 1738 990 1793 ἃ
1019 1739 1195 1808 λέγεις
1218 1745 1550 1813 πεπραχέναι
1582 1727 1768 1814 αὑτὸν,

1881 561 2079 626 virum,
2112 573 2164 619 et
2206 565 2517 634 episcopale
2573 582 2767 621 nomen
2797 567 3071 638 adeptum.
3107 569 3296 639 Itaque
3333 587 3456 640 gra-

1878 653 2032 708 tulati
2065 671 2253 712 sumus
2296 658 2442 727 quod
2482 652 2855 728 episcOpatum
2890 660 3106 714 tandem
3153 661 3444 728 abdicarit,

1879 745 2079 814 eligens
2129 748 2214 802 vel
2245 749 2324 802 sic
2350 765 2453 818 pro
2501 751 2754 820 neglecto
2801 752 3017 805 haberi:
3051 753 3226 821 ipsum
3258 768 3454 808 conve-

1879 835 2049 889 nienti
2111 853 2280 906 paenae
2312 840 2643 909 subjecimus
2676 857 2691 896 :
2727 843 3186 912 quemadmodum
3223 847 3439 914 egimus

1877 922 1931 976 in
1980 924 2046 978 iis
2067 927 2158 995 qui
2191 928 2390 982 similia
2421 939 2824 999 perpetrarunt.
2858 931 3003 986 Deus
3053 940 3230 984 autem
3274 933 3452 1002 paeni-

1877 1016 2104 1070 tentinm
2137 1027 2239 1072 est.
2270 1020 2337 1073 Et
2391 1019 2496 1075 hoc
2527 1021 2874 1076 manifestum
2930 1023 3261 1091 pmnitentiae
3286 1039 3451 1094 argu-

1876 1114 2120 1161 mentum
2173 1110 2496 1177 requisitum
2554 1121 2638 1166 est
2688 1123 2800 1166 tum
2836 1127 2864 1166 a
2895 1112 3050 1168 nobis
3091 1121 3203 1166 tum
3254 1113 3323 1167 ab
3378 1113 3445 1167 iis

1876 1196 2074 1264 quibus
2106 1198 2242 1252 alios
2272 1201 2499 1255 sanandi
2527 1218 2659 1257 cura
2696 1203 3024 1258 demandata
3061 1215 3166 1269 est,
3192 1219 3316 1259 eum
3350 1206 3445 1276 qui

1876 1287 2060 1357 lapsus
2087 1299 2192 1352 est,
2214 1290 2280 1345 de
2307 1295 2620 1362 episcopatu
2649 1295 2838 1349 cedere
2863 1314 2876 1350 :
2906 1304 2960 1349 et
2995 1311 3024 1349 a
3054 1297 3227 1352 sacris
3250 1297 3443 1362 arceri,

1875 1393 2000 1432 cum
2030 1395 2189 1449 paena
2215 1381 2495 1437 subeunda
2519 1399 2690 1452 usque
2717 1387 2782 1439 ad
2813 1396 3028 1455 tempus
3057 1388 3228 1456 pacis.
3257 1388 3313 1442 Si
3333 1390 3447 1444 haec

1875 1471 2058 1540 itaque
2086 1472 2170 1526 vir
2203 1473 2294 1528 ille
2323 1488 2433 1542 pne
2473 1490 2531 1529 se
2575 1485 2759 1544 aperte
2801 1478 2965 1532 tulit:
2999 1479 3219 1548 quinam
3254 1495 3446 1535 sumus

1875 1579 1978 1618 nos
2006 1573 2067 1618 ut
2096 1565 2445 1620 accedentem
2472 1569 2822 1634 repellamus,
2855 1577 2910 1622 et
2940 1570 2994 1623 in
3027 1569 3212 1625 odium
3237 1571 3442 1626 idcirco

1875 1650 1968 1706 Dei
2009 1652 2393 1708 incurramus?
2443 1653 2520 1708 Ne
2578 1663 2656 1718 tu,
2714 1656 2799 1709 vir
2846 1657 3186 1723 admirande,
3234 1659 3444 1714 homini

1873 1742 1948 1795 illi
1977 1759 2329 1808 succenseas,
2379 1745 2462 1798 vel
2495 1745 2539 1799 si
2583 1746 2844 1811 maxime,
2886 1763 3006 1816 quae
3037 1748 3105 1802 ab
3140 1764 3207 1803 eo
3232 1758 3441 1819 patrata

195 1815 583 1876 ἀποδέδεικται
616 1824 792 1895 ἀληθῆ
825 1822 964 1883 εῖναι
983 1845 997 1860 ·
1036 1807 1156 1884 ἐπεὶ
1185 1807 1343 1902 ἡμεῖς
1373 1807 1497 1888 ούτε
1527 1807 1765 1909 ἀκηκόαλ

1874 1851 2090 1900 narras,
2122 1851 2249 1889 vera
2282 1851 2403 1890 esse
2437 1846 2644 1890 constet
2679 1854 2692 1889 :
2729 1837 3162 1908 quandoquidem
3211 1856 3310 1894 nos
3348 1858 3443 1896 ne-

198 1925 307 1977 μεν
361 1911 466 1973 ἕως
508 1913 603 1967 τοῦ
643 1917 932 1987 παρόντος,
987 1920 1128 1986 οὔτε,
1179 1923 1228 1976 εί
1276 1926 1370 1978 καὶ
1426 1927 1765 2000 ἀκηκόαμεν,

195 1999 461 2071 κρίνομεν
490 2006 652 2060 αὑτὸν
704 2009 762 2062 ὲν
807 2010 1033 2074 τούτοις.
1081 2013 1392 2084 Γέγραπται
1429 2018 1537 2090 γάρ
1559 2037 1574 2051 ’
1605 1999 1701 2089 Μὴ
1736 2024 1770 2076 ό

192 2091 385 2160 νόμος
402 2095 572 2163 ἡμῶν
593 2099 778 2166 κρίνει
801 2100 908 2154 τὸν
931 2102 1260 2169 ἄνθρωπον,
1287 2106 1398 2160 ἐὰν
1426 2107 1512 2177 μὴ
1532 2111 1766 2180 ἀκούσῃ

193 2185 549 2250 παρίιύτοῦ
603 2192 909 2259 πρότερον,
975 2194 1071 2246 καί
1111 2195 1232 2260 γνῷ
1287 2199 1347 2251 τί
1395 2202 1595 2266 «orsi;
1658 2205 1768 2258 Καὶ

192 2275 366 2330 πάλιν
387 2279 416 2331 ὁ
457 2280 773 2347 Ἀπόστολος
800 2284 972 2352 λέγει·
1003 2288 1164 2341 Κατὰ
1193 2293 1601 2360 πρεσϐυτέρου
1623 2313 1764 2350 κατ-

192 2369 451 2459 ηγορίαν
485 2371 573 2440 μὴ
619 2374 982 2442 παραδέχου,
1007 2376 1181 2446 ἐκτὸς
1209 2384 1261 2434 εί
1308 2383 1395 2451 μὴ
1427 2385 1524 2438 ἐπὶ
1564 2386 1672 2441 δύο
1725 2389 1764 2459 ἢ

193 2455 380 2520 τριῶν
428 2463 762 2530 μαρτύρων.
804 2463 1037 2520 Ἔπειτα
1082 2469 1204 2523 οὐδὲ
1243 2472 1447 2526 τούτων
1479 2455 1765 2545 πρόκειται

191 2546 360 2614 λόγος
391 2550 423 2622 ἢ
465 2551 681 2616 ἐξουσία
712 2553 805 2607 τοῦ
837 2557 1066 2628 κρίνειψ
1091 2562 1226 2615 ἀλλὰ
1262 2565 1509 2636 περὶτοῦ
1539 2571 1761 2639 προσίε-

199 2639 329 2695 σθαι
354 2644 480 2705 τοὺς
508 2644 969 2713 ὑποπεπτωκότας
997 2652 1095 2724 τὴν
1129 2656 1417 2722 μετάνοιαν
1453 2673 1466 2688 ·
1502 2675 1764 2730 ταμιευο-

196 2733 385 2826 μένων
413 2735 521 2791 τῶν
565 2736 669 2789 ὑπὸ
710 2737 809 2809 τῆς
855 2743 1164 2814 τιμιότητός
1207 2764 1301 2799 σου
1349 2748 1762 2826 λελεγμένων,ἢ

190 2825 432 2880 ἐνταῦθα
482 2827 657 2900 καιρῷ
692 2830 769 2900 τῷ
807 2831 981 2885 δέοντι
1029 2837 1142 2897 τοῖς
1168 2840 1470 2906 προεστῶσι
1499 2846 1600 2912 τῆς
1642 2844 1765 2897 Ἐκ-

191 2916 467 2984 κλησίας,
509 2918 542 2990 ἢ
590 2921 650 2972 ὲν
689 2920 765 2991 τῷ
812 2923 1055 2992 μέλλοντι
1087 2926 1242 2979 αίῶνι
1302 2929 1381 3000 τῷ
1436 2931 1596 3003 κριτῇ
1656 2935 1764 2989 τῶν

192 3011 477 3065 ἁπάντων.
510 3011 601 3064 Διὸ
650 3012 1000 3083 συμϐουλεύω
1023 3019 1088 3088 τῇ
1147 3020 1473 3090 χρηστότητι
1524 3041 1616 3077 σου
1654 3027 1762 3095 ἀφ·

1872 1940 1979 1994 que
2007 1925 2060 1977 in
2085 1926 2230 1979 hunc
2261 1926 2401 1979 diem
2435 1925 2742 1980 audivimus
2794 1945 2808 1978 ι
2849 1943 2971 1992 nec,
3022 1928 3150 1982 licet
3179 1931 3442 1986 audiisse-

1871 2029 2018 2078 mus,
2052 2014 2230 2082 ipsum
2259 2014 2327 2066 de
2350 2014 2431 2067 his
2457 2013 2787 2082 judicamns.
2821 2013 3094 2082 Scriptum
3124 2027 3207 2069 est
3255 2019 3441 2072 enim:

1871 2102 2129 2173 Nunquid
2158 2107 2241 2156 lea:
2269 2113 2452 2156 nostra
2479 2102 2688 2171 judicat
2717 2104 3142 2169 hominem,'nisi
3171 2107 3318 2173 prius
3342 2123 3442 2158 au-

1868 2195 2029 2247 dierit
2051 2193 2114 2246 ab
2142 2196 2275 2262 ipso,
2305 2205 2352 2246 et
2373 2194 2666 2262 cognoverit
2718 2194 2846 2262 quid
2871 2195 3036 2263 faciat
3077 2195 3120 2227 “
3149 2196 3172 2249 ?
3212 2197 3278 2251 Et
3315 2213 3440 2251 rur-

1868 2300 1990 2338 sum
2022 2284 2317 2354 Apostolus
2338 2285 2415 2338 ait
2445 2303 2459 2337 :
2501 2284 2766 2338 Adversus
2824 2286 3179 2355 presbyterum
3212 2304 3438 2343 accusa-

1868 2378 2064 2431 tionem
2091 2377 2200 2430 noli
2234 2377 2481 2447 recipere,
2513 2378 2616 2430 nisi
2655 2376 2750 2430 sub
2790 2377 2994 2432 duobus
3045 2388 3136 2431 aut
3167 2379 3334 2434 tribus
3363 2391 3439 2434 te-

1865 2471 2034 2522 stibus
2063 2470 2129 2522 ”.
2182 2469 2392 2524 Deinde
2417 2485 2595 2538 neque
2629 2470 2773 2524 ratio
2813 2471 3054 2540 suppetit
3085 2472 3169 2527 vel
3195 2481 3436 2541 potestas

1864 2560 1932 2615 de
1972 2561 2056 2615 his
2083 2561 2386 2630 judicamli,
2410 2561 2503 2616 sed
2528 2572 2623 2615 eos
2657 2561 2749 2630 qui
2791 2577 2850 2616 se
2900 2562 3228 2632 poenitentiae
3251 2563 3437 2633 subje-

1865 2653 2062 2716 cerint,
2092 2652 2408 2706 admittendi
2441 2669 2454 2705 :
2488 2652 2785 2707 reservatis
2821 2652 2890 2707 iis
2915 2667 3038 2721 qua:
3067 2667 3098 2704 a
3131 2653 3434 2707 reverentia

1865 2753 1958 2798 tua
1986 2753 2415 2798 commemorata
2449 2751 2598 2807 sunt,
2633 2745 2717 2797 vel
2751 2743 2805 2797 in
2841 2744 2942 2796 hac
2989 2744 3097 2798 vita
3129 2751 3436 2812 opportuno

1865 2842 2130 2902 tempore,
2156 2831 2460 2902 praepositis
2490 2829 2788 2896 Ecclesia);
2815 2831 2899 2885 vel
2940 2832 2992 2884 in
3020 2831 3204 2884 futuro
3233 2831 3435 2886 saeculo

1860 2923 2028 2992 judici
2065 2922 2330 2976 omnium.
2390 2919 2752 2986 Quamobrem
2807 2929 2998 2974 auctor
3065 2935 3186 2974 sum
3246 2921 3433 2990 pietati

1867 3024 1993 3078 tuas,
2033 3013 2274 3068 dimissis
2301 3012 2386 3066 his
2411 3014 2759 3067 sermonibus
2789 3027 2936 3066 nunc
2958 3010 3176 3080 quidem
3201 3011 3434 3066 Domino

191 3103 371 3172 εμένῃ
387 3102 495 3189 τῶν
511 3103 685 3172 λόγων
712 3106 934 3160 ἐκείνων
967 3110 1029 3161 ὲν
1055 3109 1132 3179 τῷ
1161 3112 1297 3174 τέως
1327 3114 1664 3185 εὐχαριστεῖν
1686 3119 1763 3188 τῷ

1867 3107 2068 3176 gratias
2089 3121 2248 3173 agere
2286 3106 2355 3158 ob
2394 3105 2493 3157 viri
2523 3105 2905 3174 paenitentiam
2938 3105 2982 3135 “
3012 3121 3028 3169 ;
3068 3113 3128 3157 ut
3156 3104 3436 3173 adjutores

193 3192 390 3262 Κυρίῳ
411 3187 508 3245 ἒπὶ
544 3197 608 3265 τῇ
637 3193 731 3248 τοῦ
766 3197 954 3268 ἀνδρὸς
991 3201 1269 3272 μετανοίᾳ·
1303 3203 1378 3267 ὡς
1411 3203 1479 3258 ἂν
1510 3209 1761 3278 συνεργοὶ

1867 3196 1956 3250 Dei
2019 3197 2213 3259 simus,
2273 3198 2362 3264 qui
2430 3195 2544 3248 vult
2607 3210 2825 3251 omnem
2881 3195 3157 3249 hominem
3219 3195 3431 3249 salvum

191 3285 391 3355 εἴημεν
419 3286 536 3357 Θεῷ
569 3288 647 3358 τῷ
687 3289 924 3358 φιλοῦντι
951 3290 1216 3355 σώζεσθαι
1247 3295 1423 3350 πάντα
1445 3298 1756 3368 ἄνθρωπον·

193 3377 301 3429 κάν
352 3376 525 3449 τούτῳ
570 3382 821 3448 εἰρήνην
850 3382 1081 3452 ἔχωμεν
1111 3385 1261 3452 πρὸς
1303 3389 1487 3442 αὐτὸν
1527 3389 1623 3443 διὰ
1655 3391 1761 3446 τοῦ

194 3467 430 3534 Κυρίου.
449 3467 618 3537 ἡμῶν
655 3470 849 3536 Ἰησοῦ
889 3473 1163 3540 Χριστοῦ.
1190 3476 1300 3529 Καὶ
1324 3477 1476 3542 τέλος
1502 3479 1632 3534 ὅταν
1664 3482 1760 3534 λά-

194 3559 300 3630 6ης
352 3561 560 3628 καιρὸν,
591 3559 747 3631 εἴπερ
794 3564 887 3615 καὶ
921 3563 1121 3634 ζητεῖς,
1156 3565 1276 3618 τότε
1309 3569 1607 3640 εύθύτητας
1637 3574 1757 3643 κρί-

191 3666 327 3704 νοιο.
363 3650 437 3703 Τὸ
488 3650 546 3703 δὲ
591 3651 685 3704 νῦν
735 3652 1034 3725 προσεύχου
1069 3657 1194 3725 περὶ¹
1245 3659 1425 3727 ήμῶν,
1490 3661 1759 3727 σώζεσθαι

189 3742 229 3812 ἡ
239 3744 346 3811 μᾶς
535 3759 594 3795 τε
635 3744 724 3796 καὶ
757 3744 966 3814 σώματι
1000 3764 1013 3776 ·
1040 3746 1121 3799 ὅτι
1142 3749 1512 3822 ὁμολογοῦμεν
1540 3755 1759 3808 πάντων

191 3834 496 3904 ἀνθρώπων
547 3837 986 3908 άμαρτωλότεροι
1027 3834 1187 3895 εἶναι.
1229 3841 1286 3893 '0
1335 3844 1537 3914 Κύριος
1587 3848 1616 3899 ὁ
1661 3848 1758 3918 ἀρ-

190 3927 552 3995 χιεπίσκοπος
631 3929 856 3982 πλεῖστά
927 3946 986 3982 σε
1060 3932 1453 4005 προσαγόρεύει
1491 3976 1503 3997 ,
1584 3954 1756 4007 προσ-

191 4018 514 4089 αγορευθεὶς
574 4020 678 4073 ὑπὸ
705 4022 805 4091 τῆς
867 4022 1048 4093 φωνῆς
1102 4040 1195 4077 σου
1227 4039 1241 4054 ·
1293 4026 1415 4079 ἐπεὶ
1467 4028 1562 4082 καὶ
1618 4031 1757 4083 πάν-

191 4125 287 4172 τες
341 4110 391 4162 oi
448 4110 568 4181 μεθ’
600 4113 756 4182 ἡμῶν
808 4112 1046 4182 ἀδελφοί.
1112 4116 1362 4188 Ἔῤῥωσο
1421 4120 1479 4172 ὲν
1543 4121 1755 4192 Κυρίῳ.

191 4201 414 4270 ἀδελφέ.

336 4331 484 4389 PHA'
511 4333 645 4430 (τε).
674 4335 1049 4401 -Αὐξεντίῳ
1075 4336 1403 4410 ἡγουμένῳ.
1428 4340 1612 4415 [ψνδ’.]

1862 3288 1979 3342 ﬁeri
2008 3287 2047 3318 "
2084 3301 2098 3337 :
2131 3294 2186 3340 et
2212 3295 2437 3339 eatenus
2476 3301 2655 3349 pacem
2707 3286 2993 3338 habeamus
3019 3285 3089 3338 ad
3136 3286 3308 3353 ipsum
3342 3301 3435 3353 per

1865 3379 2149 3432 Dominum
2205 3386 2442 3429 nostrum
2493 3374 2680 3430 Iesum
2739 3375 3008 3431 Christum
3068 3375 3132 3428 ⁸⁸.
3186 3374 3433 3443 Denique

1863 3486 1985 3524 cum
2022 3471 2298 3539 acceperis
2337 3477 2574 3537 tempus,
2605 3469 2876 3538 siquidem
2908 3468 3014 3522 hoc
3042 3466 3264 3537 quaeris,
3296 3477 3430 3520 tunc

1858 3560 2100 3629 justitias
2123 3559 2393 3628 judicabis
2415 3560 2482 3612 ¹⁹.
2511 3556 2569 3610 ln
2598 3557 2856 3626 praesenti
2877 3571 3010 3612 vero
3036 3571 3131 3625 pro
3152 3555 3312 3610 nobis
3331 3571 3428 3610 ora

1862 3663 1922 3705 ut
1951 3650 2085 3705 salvi
2119 3658 2230 3702 tum
2269 3650 2452 3702 animo
2479 3657 2590 3700 tum
2651 3661 2880 3716 corpore
2909 3648 3120 3701 simus:
3153 3662 3280 3699 nam
3337 3661 3431 3702 su-

1862 3760 1956 3813 pra
2009 3741 2270 3795 mortales
2329 3755 2521 3794 omnes
2579 3753 2682 3793 nos
2740 3746 3053 3806 peccatores
3085 3738 3423 3808 proﬁtemur.

1861 3833 2125 3888 Dominus
2152 3830 2595 3899 archiepiscopus
2625 3828 2914 3899 plurimam
2949 3829 3046 3883 tibi
3090 3831 3323 3885 salutem
3347 3831 3431 3886 di-

1861 3926 1958 3990 cit,
1990 3938 2153 3993 quem
2181 3930 2236 3975 et
2275 3932 2368 3976 tuo
2418 3921 2637 3975 nomine
2673 3920 3030 3976 salutavimus
3069 3939 3082 3975 :
3125 3921 3318 3974 deinde
3374 3932 3431 3977 et

1860 4027 2052 4066 omnes
2076 4010 2171 4081 qui
2191 4009 2476 4065 nobiscum
2509 4019 2639 4065 sunt
2666 4007 2883 4064 fratres.
2919 4006 3052 4064 Vale
3079 4009 3137 4064 in
3172 4007 3424 4069 Domino,

1857 4101 2047 4156 frater.

2114 4341 2440 4397 CLXXXIV.
2467 4373 2538 4385 -—
2567 4343 2828 4397 Auxentio
2861 4344 3160 4412 preposito.

1203 4473 1487 4535 Respondet
1507 4479 1568 4526 ad
1588 4483 1818 4541 quasdam
1843 4484 1952 4545 ejus
1973 4477 2410 4542 interrogationes.

261 4575 336 4629 Τὸ
369 4575 467 4645 μὲν
506 4571 740 4644 γράμμα
791 4572 890 4642 τῆς
935 4571 1257 4643 τιμιότητός
1308 4592 1401 4628 σου
1432 4576 1754 4650 ἐδεξάμεθα,

1931 4582 2166 4637 Litteras
2197 4578 2628 4634 honoriﬁcentia;
2669 4587 2774 4633 tua:
2797 4577 3130 4648 accepimus,
3165 4585 3219 4631 et
3246 4578 3422 4647 quoad

189 4669 287 4721 καὶ
336 4665 414 4729 ὡς
457 4661 525 4735 ἦν
570 4667 699 4736 ήμῖν
731 4664 952 4719 δυνατὸν
999 4665 1342 4736 ἐπήλθομενο
1374 4667 1443 4721 τὰ
1495 4670 1592 4738 μὲν
1629 4676 1755 4727 καθ’

189 4758 352 4830 ήμῶν
401 4757 647 4826 ἐγκώμια
685 4756 1016 4827 πορρωτέρω
1063 4756 1300 4826 θέμενοι,
1346 4758 1421 4821 ὡς
1465 4761 1565 4814 οὐκ
1592 4764 1757 4828 ἀξίων

187 4851 640 4919 ἐγκωμιαστικῆς
693 4850 800 4902 οὐδ’
834 4851 968 4913 ὅλως
1035 4852 1366 4921 ἐμφάσεωςο
1418 4855 1499 4908 ὅτι
1542 4857 1616 4928 μὴ
1665 4861 1757 4913 καὶ

182 4942 635 5011 κατηγορητικῆς
653 4942 852 5010 μᾶλλον
873 4941 1252 5011 ὲπισκώψεως.
1281 4945 1437 5011 Τίνες
1457 4946 1562 5017 γάρ
1593 4951 1756 5011 ἐσμὲν

189 5036 353 5104 ἡμεῖς
380 5037 428 5087 οἱ
467 5033 672 5103 ἀχρεῖοι
695 5075 710 5097 ,
740 5036 834 5088 καὶ
869 5035 988 5088 οὐδὲ
1020 5036 1283 5104 ὀνόματος
1311 5034 1449 5100 ἄξιοι
1478 5033 1538 5091 οὗ
1567 5039 1753 5093 ἐπικε-

189 5126 476 5197 κλήμεθα;
530 5127 672 5196 Πρὸς
716 5127 773 5178 δὲ
821 5126 889 5182 τά
934 5111 1332 5198 ὲπιζητηθὲντα
1367 5145 1450 5180 σοι
1485 5130 1754 5195 κεφάλαια

190 5217 467 5287 Γραφικά,
502 5218 645 5270 πάνυ
674 5217 1041 5288 ὲξενίσθημεν,
1075 5219 1156 5271 ὃτι
1188 5218 1284 5271 καὶ
1309 5219 1444 5288 πρὸς
1468 5220 1625 5289 ἡμῶν
1646 5225 1755 5275 τῶν

187 5308 422 5378 ἀμαθῶν
457 5310 490 5379 ἠ
517 5308 793 5380 ἐξήγησις,
822 5312 979 5380 καίγε
1007 5313 1135 5381 περὶ
1162 5309 1418 5364 τοιούτων
1443 5313 1751 5383 ἐμφάσεων,

267 5516 309 5546 ³⁵
337 5515 496 5570 Joan.
521 5531 615 5581 vn,
645 5517 731 5571 51.

189 5599 376 5649 Lxxw,
412 5588 462 5640 '5.

852 5515 894 5547 "
925 5517 942 5570 l
971 5516 1110 5573 Tim.
1135 5535 1190 5584 v,
1224 5520 1310 5575 19.
1389 5520 1433 5552 ³⁸
1467 5517 1664 5576 Ezech.
1695 5537 1888 5586 XXXIII,
1919 5521 2005 5575 11.

1861 4674 2128 4741 integrum
2166 4671 2324 4726 nobis
2353 4671 2456 4725 fuit
2488 4671 2744 4741 legimus,
2764 4670 3030 4724 encomiis
3068 4670 3271 4724 nostris
3298 4685 3425 4739 pro-

1857 4765 1944 4820 cul
1974 4762 2246 4831 sepositis,
2285 4763 2455 4832 utqui
2490 4761 2884 4816 encomiastica
2917 4759 3229 4814 laudatione
3269 4760 3420 4829 digni

1859 4857 2010 4911 nullo
2039 4855 2202 4908 modo
2235 4869 2449 4919 sumus,
2484 4855 2578 4908 sed
2619 4852 2962 4909 accusatoria
2994 4852 3173 4921 potius
3220 4866 3420 4921 expro-

1860 4947 2128 5002 bratione.
2161 4944 2393 5010 Quinam
2432 4943 2576 4998 enim
2604 4958 2795 4998 sumus
2826 4957 2925 4995 nos
2954 4941 3197 5005 inutiles,
3227 4955 3295 4994 ne
3321 4955 3424 4995 no-

1863 5041 2011 5094 mine
2040 5037 2256 5107 quidem
2283 5035 2430 5105 digni
2456 5050 2562 5105 quo
2593 5033 3018 5103 nuncupamur?
3054 5032 3133 5086 Ad
3175 5032 3261 5085 illa
3294 5046 3424 5086 vero

1863 5128 2166 5199 Scriptum
2193 5128 2373 5197 capita
2398 5127 2464 5181 de
2493 5127 2693 5196 quibus
2723 5123 3100 5195 interrogasti,
3130 5123 3424 5176 vehemen-

1863 5232 1944 5275 ter
1995 5221 2398 5289 obstupuimus,
2439 5217 2585 5287 quod
2629 5233 2659 5271 a
2713 5219 2870 5271 nobis
2905 5215 3136 5271 indoctis
3169 5214 3422 5271 facienda

1863 5313 1934 5368 sit
1954 5311 2249 5375 enarratio,
2273 5311 2561 5380 etquidem
2591 5322 2918 5363 arcanorum
2949 5306 3241 5376 ejusmodi,
3273 5321 3416 5375 quo-

3198 5517 3241 5549 “
3269 5515 3414 5570 Psal.

2117 5521 2160 5553 ¹⁷
2192 5519 2212 5574 ι
2244 5521 2381 5576 Tim.
2427 5537 2486 5583 ιι,
2515 5520 2568 5575 4.
2681 5521 2722 5552 ⁸⁸
2747 5518 2905 5574 Rom.
2943 5533 2993 5586 ι’,
3031 5518 3082 5572 1.

1685 5680 1913 5736 NOTA'J.

264 5748 375 5810 (78)
409 5746 462 5802 ln
498 5749 618 5805 cod.
651 5748 782 5820 Reg.
817 5753 944 5820 ρπζ.
