3976 6322
577 337 714 401 1567
1723 357 1784 417 s.
1823 358 2217 417 THEODORI
2269 360 2409 421 STU
2422 361 2614 421 01m
3717 356 3851 422 1568

568 467 691 506 rum
720 451 1039 513 dilucidatio
1068 460 1135 514 ad
1162 461 1376 519 divinos
1402 475 1613 522 tantum
1655 468 1981 539 interpretes
2020 487 2141 541 per-

2247 472 2283 526 ἃ
2329 473 2522 545 ἀνήκει
2556 474 2736 543 μόνοις
2763 475 2873 536 τοῖς
2916 472 3200 543 θεοφόροις
3230 470 3672 538 διαλευκαίνειν,
3726 469 3854 542 παρ’

572 543 762 609 tineat,
796 562 825 600 a
858 549 1059 617 quibus
1083 552 1201 622 jam
1245 558 1391 610 edita
1416 568 1501 614 est
1534 561 1850 627 declaratio,
1882 566 2141 618 maxime-

2247 559 2320 619 ὧν
2351 543 2447 619 καί.
2474 568 2507 637 ἡ
2541 565 2869 634 διασάφησις
2908 562 3155 633 ἐγεγόνει
3177 579 3193 595 ·
3228 563 3393 630 καίγε
3420 562 3676 632 μάλιστα
3709 568 3851 617 κατὰ

568 649 676 728 que
706 636 773 690 ad
811 640 1035 695 verbum
1066 658 1096 697 a
1136 660 1331 715 magno
1357 658 1410 703 et
1438 649 1628 705 divino
1655 650 1878 707 Basilio.
1918 653 2141 724 Sumpta

2246 659 2390 725 λέξιν
2420 636 2523 712 ὑπο
2560 658 2653 711 τοῦ
2704 656 2941 728 μεγάλου
2976 656 3073 709 καὶ
3101 655 3248 709 θείου
3276 653 3596 711 Βασιλείαν.
3651 656 3849 710 Δαὸὼν

571 723 733 792 igitur
792 736 1191 789 commentario
1225 738 1342 803 ejus
1371 742 1562 797 codice
1600 744 1652 797 in
1704 744 1920 812 Isaiam,
1970 749 2141 804 disces

2250 723 2420 803 οὖντὸ
2447 750 2526 812 είς
2556 750 2646 802 τὸν
2683 723 2911 801 Ἡσαΐαν
2940 746 3337 818 ἑρμηνευτικὸν
3366 746 3544 801 αὐτοῦ
3588 748 3846 809 πυκτίοιι,

568 830 691 882 quae
709 818 1009 888 desideras;
1032 830 1332 892 praesertim
1352 848 1478 886 cum
1492 835 1740 903 epistola:
1760 840 1979 892 modum
1994 839 2141 893 exce-

2250 840 2467 910 μαθήσῃ
2500 838 2568 892 τὰ
2600 838 3036 908 ἐπιζητούμεναο
3068 837 3245 900 ἄλλως
3280 853 3343 889 τε
3372 837 3458 889 ὅτι
3483 836 3592 889 καὶ
3644 838 3848 907 μέτρον

568 905 1110 981 dat;quaeintegram
1145 921 1503 989 scriptionem
1523 926 1712 996 exigit,
1739 929 1926 982 talium
1960 945 2141 985 rerum

2248 905 2563 1001 ὑπερϐαίνει
2594 905 2904 1001 ἐπιστολῆς,
2935 931 3065 1001 ὅλης
3118 930 3449 1000 συγγραφῆς
3505 905 3774 999 Bson-5n
3815 932 3845 1000 ὴ

568 996 920 1065 disceptatio.
948 1003 1103 1069 Quod
1139 1024 1266 1062 vero
1308 1012 1391 1065 ais
1425 1018 1761 1083 propositam
1792 1033 1915 1073 esse
1943 1019 2141 1076 Judaeis

2245 996 2633 1076 τῶντοιούτων
2657 996 2953 1091 ὲπίκρίσις.
3173 996 3363 1075 -ὃτι
3402 996 3521 1084 τοῖς
3559 996 3845 1085 Ἰουδαίοις

568 1090 862 1147 verborum
900 1100 1310 1155 contentionem
1346 1123 1358 1157 :
1392 1106 1513 1160 sine
1542 1106 2017 1173 Christomachos,
2038 1112 2143 1166 Pa-

568 1189 710 1238 trum
740 1188 966 1253 optime,
996 1190 1240 1246 furerein
1265 1198 1773 1264 seipsos.Quienim
1797 1203 1967 1272 ipsius
1982 1204 2144 1259 Chri-

566 1276 658 1336 sti.
688 1278 924 1333 veri‘Dei
944 1284 1139 1346 nostri,
1172 1285 1476 1341 doctrinam
1504 1292 1876 1360 explosernnt,
1902 1295 1994 1363 qni
2019 1311 2143 1365 apo-

566 1367 835 1421 stolorum
879 1382 1149 1441 pracepta
1201 1378 1542 1445 repulerunt,
1570 1382 1660 1449 qui
1698 1385 1942 1437 omnium
1983 1386 2142 1440 deni-

568 1474 678 1527 que
707 1460 1021 1516 divinorum
1056 1463 1278 1519 Patrum
1297 1469 1437 1523 celsa
1462 1471 1677 1541 eloquia
1696 1473 1947 1530 detestati
1976 1490 2137 1544 sunt;

567 1549 709 1603 haud
726 1566 859 1605 sane
876 1557 1164 1610 conveniat
1182 1575 1305 1611 cum
1321 1560 1406 1615 his
1425 1564 2139 1626 ambulare,autsermonem

568 1640 840 1695 conferre.
861 1642 1031 1698 Sinite
1060 1647 1201 1708 illos.
1232 1649 1309 1702 ait
1339 1650 1628 1715 Dominus,
1654 1659 1776 1710 (τωεί
1808 1670 1931 1712 sunt
1969 1662 2038 1715 ‘°.
2076 1664 2143 1717 Et

567 1735 831 1802 propheta
861 1738 983 1789 ait:
1034 1737 1154 1791 [itan
1180 1750 1258 1794 est
1299 1744 1555 1810 gaudium
1591 1748 1792 1817 impiis,
1837 1752 1973 1805 dixit
2031 1754 2143 1808 Do-

565 1826 743 1879 minus
774 1828 840 1882 ²¹.
878 1826 1250 1899 Praeterquam
1281 1837 1426 1888 enim
1457 1839 1603 1906 quod
1653 1841 1786 1894 nihil
1819 1844 2143 1911 juvaremnr
2174 1814 2215 1868 Β

564 1930 631 1969 ex
662 1932 852 1971 eorum
886 1921 1196 1991 colloquio;
1229 1941 1329 1981 nos
1358 1926 1506 1995 ipsos
1537 1937 1815 1987 venenatis
1841 1938 2019 1990 verbis
2046 1954 2138 1992 ve-

563 2006 645 2061 lut
690 2012 1027 2079 serpentium
1090 2015 1272 2070 aﬂlatu
1316 2017 1659 2076 lzederemus.
1717 2026 1858 2079 Deus
1912 2039 2138 2085 conteret

563 2100 742 2154 dentes
764 2118 946 2155 eorum
965 2106 1020 2155 in
1046 2123 1135 2159 ore
1159 2110 1393 2174 ipsorum
1414 2127 1430 2163 :
1452 2114 1620 2166 molas
1650 2116 1855 2169 leonum
1883 2122 2139 2191 confregit

568 2189 827 2245 Dominus
858 2195 927 2249 ".
965 2195 1251 2251 Sulﬁciant
1282 2201 1395 2254 haec
1429 2204 1546 2258 tibi.
1588 2207 1723 2270 Quid
1767 2220 1946 2264 autem
1981 2189 2138 2268 nobis

564 2285 875 2339 necessario
906 2289 1273 2355 praestandum
1300 2302 1403 2357 est,
1434 2302 1493 2346 ut
1526 2295 1837 2362 placeamus
1868 2302 2142 2358 Domino?

564 2372 684 2438 Quo
713 2387 872 2444 pacto
902 2377 1105 2433 diaboli
1155 2382 1383 2452 laqueos
1420 2384 1779 2454 eﬂugiemus?
1809 2392 2061 2447 nimirum
2093 2397 2141 2450 si

563 2466 761 2534 spiritu
821 2477 1083 2538 tanquam
1131 2472 1234 2527 alis
1303 2476 1675 2545 sublevemur,
1745 2495 1865 2548 qua:
1924 2499 2140 2541 sursum

565 2568 693 2612 sunt
731 2571 1062 2627 quaerentes,
1116 2580 1238 2633 quae
1279 2583 1497 2623 sursum
1539 2580 1668 2625 sunt
1723 2574 2021 2642 sapientes,
2049 2578 2140 2633 ubi

562 2650 819 2706 Christus
841 2664 925 2708 est
948 2655 1001 2708 in
1036 2656 1261 2711 dextera
1297 2658 1391 2713 Dei
1419 2661 1616 2717 sedens
1644 2664 1689 2695 "
1715 2680 1729 2717 :
1760 2666 1905 2722 unde
1925 2678 1977 2722 et
2007 2685 2139 2725 ven-

563 2750 720 2797 turus
741 2753 827 2797 est
855 2760 979 2799 cum
1003 2748 1214 2815 angelis
1242 2751 1467 2808 virtutis
1491 2770 1606 2809 sua:
1629 2756 1683 2810 in
1718 2758 1937 2816 ﬂamma
1971 2763 2136 2834 ignis,

560 2834 854 2889 vindictam
909 2835 1151 2892 inferens
1179 2837 1247 2893 iis
1291 2841 1385 2909 qui
1418 2858 1520 2896 non
1571 2860 1836 2905 noverunt
1862 2850 2053 2920 Deum,
2086 2866 2142 2911 et

561 2924 654 2993 qui
701 2942 811 2979 non
843 2929 1108 2983 obediunt
1145 2930 1441 3003 Evangelio
1473 2935 1594 3004 ejus
1622 2937 1707 3003 ἰς
1763 2941 1866 2996 hoc
1899 2956 1982 3000 est
2041 2945 2140 3001 Ju-

561 3015 716 3078 daiis,
739 3024 794 3069 et
818 3019 913 3086 qui
944 3025 1294 3079 consentiunt
1322 3024 1551 3093 Iudaeis,
1580 3036 1672 3082 aut
1705 3036 2055 3098 perversione
2077 3039 2140 3093 ﬁ-

562 3106 649 3162 dei
678 3116 774 3163 aut
796 3111 920 3165 vitae
953 3114 1240 3181 pravitate.

2244 1116 2548 1185 λογομαχία
2568 1116 2854 1184 πρόκειται
2874 1131 2889 1146 ο
2923 1113 2987 1167 ἔα
3013 1114 3139 1176 τοὺς
3164 1114 3617 1184 Χριστομάχους,
3650 1108 3702 1166 ὦ
3736 1115 3817 1166 l]:

2244 1209 2417 1277 τὲρων
2455 1207 2668 1276 ἄριστε,
2720 1206 2920 1275 λυττᾷν
2976 1206 3059 1267 εἰς
3111 1203 3359 1266 ἑαυτούς.
3413 1204 3480 1257 Oi
3515 1203 3633 1272 γὰρ
3679 1204 3843 1257 αὑτοῦ

2244 1298 2481 1369 Χριστοῦ
2508 1297 2601 1350 τοῦ
2640 1296 2895 1367 ἀληθινοῦ
2924 1295 3061 1348 Θεοῦ
3089 1294 3246 1365 ημῶν
3271 1295 3370 1357 τὰς
3400 1294 3633 1364 διδαχὰς
3668 1295 3845 1365 ἁπορο

2247 1393 2594 1462 ραπίσαντες,
2635 1389 2733 1451 τάς
2770 1405 2830 1441 τε
2878 1388 2985 1441 τῶν
3018 1388 3336 1441 ἀποστόλων
3364 1386 3663 1457 ὑποθήκας
3708 1405 3847 1455 παρα

2243 1487 2535 1554 ωσάμενοι,
2561 1485 2656 1537 καὶ
2688 1481 2996 1553 συλλήϐδην
3028 1481 3248 1535 πάντων
3279 1480 3392 1534 τῶν
3416 1480 3714 1550 θεοφόρων
3752 1480 3847 1539 τὰς

2243 1577 2542 1647 ὑψηγορίας
2602 1574 2986 1644 βδελυξάμενοι
3025 1590 3043 1605 ο
3097 1573 3262 1645 σχολῇ
3309 1575 3362 1640 γ’
3398 1573 3469 1626 ἂν
3542 1574 3639 1641 ὑφ’
3688 1573 3845 1643 ἡμῶν

2250 1668 2450 1730 αὐτοὺς
2500 1667 2832 1735 ὁδηγεῖσθαι,
2892 1666 2925 1736 ἢ
2994 1665 3268 1733 συναίρειν
3324 1663 3508 1731 λόγον,
3570 1664 3839 1733 καθῆκον.

2248 1760 2454 1827 "Aspera
2486 1759 2728 1824 αὐτοὺς,
2754 1761 2783 1812 ὁ
2833 1757 3036 1828 Κύριος
3065 1752 3209 1819 εἷπε,
3241 1756 3465 1823 τυφλοί
3491 1758 3640 1809 εισι.
3676 1758 3788 1810 Καὶ
3815 1757 3843 1807 ὁ

2249 1852 2540 1920 Προφήτης
2571 1851 2736 1919 φησίν
2762 1865 2777 1879 ⁸
2824 1850 2948 1903 Οὐκ
2984 1850 3114 1902 ἐστι
3143 1847 3376 1915 χαίρειν
3402 1846 3535 1912 τοῖς
3560 1848 3840 1911 ἀσεϐέσι,

2249 1943 2415 2010 ,λέγει
2448 1942 2681 2008 Κύριος.
2711 1937 2988 2010 Πρὸς’γάρ
3013 1939 3091 2008 τῷ
3121 1939 3287 2009 μηδὲν
3320 1937 3663 2006 ὠφελεῖσθαι
3690 1941 3753 1992 ὲν
3777 1942 3837 2008 τῇ

2248 2035 2494 2105 συμϐολῇ
2554 2033 2648 2086 τοῦ
2703 2033 2884 2101 λόγου,
2939 2034 3037 2086 καὶ
3088 2033 3315 2095 ἑαυτοὺς
3372 2031 3841 2103 παραὸλὰιιωιμεν

2244 2132 2356 2191 τοῖς
2397 2127 2625 2189 ίοδόλοις
2663 2127 2894 2197 ῥήμασι,
2923 2128 3078 2196 δίκην
3102 2126 3277 2192 ὄφεως
3316 2130 3836 2195 φαρμακευόμενοι.

2254 2218 2309 2270 Ὀ
2368 2217 2511 2281 Θεὸς
2557 2215 2877 2283 συντρίψει
2937 2213 3080 2279 τοὺς
3126 2213 3381 2277 ὀδόντας
3413 2212 3623 2263 αὐτῶν
3664 2211 3840 2275 ἐντῷ

2244 2309 2493 2377 στόματι
2527 2307 2725 2361 αὐτῶν
2754 2322 2767 2335 ·
2817 2308 2926 2370 τὰς
2959 2306 3160 2375 μύλας
3207 2302 3326 2356 τῶν
3376 2302 3658 2355 λεόντων
3691 2319 3837 2356 συγ-

2242 2402 2507 2457 ἐθλασεν
2554 2403 2587 2455 ὁ
2635 2402 2871 2468 Κύριος.
2926 2396 3258 2452 ’ῐκανούσθω
3315 2413 3399 2448 σοι
3444 2393 3649 2449 ταῦτα.
3688 2397 3755 2449 Τί
3786 2397 3836 2449 Et

2243 2490 2593 2560 ὀφειλόμενον
2621 2491 2755 2560 ἡμῖν
2798 2490 2855 2554 ἐξ
2897 2487 3221 2555 ἀναγκαίου,
3254 2487 3405 2548 ὅπως
3444 2485 3835 2555 εὑαρεστήσω-

2247 2600 2344 2653 μεν
2375 2582 2453 2653 τῷ
2492 2582 2719 2651 Κυρίῳ;
2756 2580 2879 2643 Πῶς
2924 2577 3327 2648 διαφευξόμεθα
3381 2576 3484 2638 τὰς
3520 2576 3715 2642 πάγας
3747 2576 3835 2628 τοῦ

2242 2674 2523 2739 διαϐόλους
2576 2672 2826 2744 Δηλονότι
2879 2672 3175 2741 ὑπόπτεροι
3220 2669 3296 2739 τῷ
3342 2667 3626 2738 πνεύματι
3656 2669 3836 2734 γιγνό-

2248 2784 2417 2838 μενοι,
2467 2766 2538 2819 ea;
2575 2767 2687 2820 ἄνω
2742 2764 3054 2833 ζητοῦντες,
3093 2762 3164 2815 τὰ
3197 2761 3311 2814 ἀνω
3362 2759 3729 2830 φρονοῦντες,
3777 2754 3833 2812 οὗ

2243 2860 2273 2913 ὁ
2330 2856 2564 2926 Χριστός
2627 2858 2795 2919 ἐστιν,
2855 2856 2913 2907 ἐν
2972 2850 3121 2922 δεξιᾷ.
3168 2851 3262 2905 τοῦ
3301 2851 3439 2904 Θεοῦ
3495 2849 3830 2919 καθήμενος·

2244 2952 2338 3019 ἀφ’
2366 2943 2427 3003 οὗ
2480 2950 2575 3001 καὶ
2619 2948 2737 3017 ἥξει
2787 2949 2904 3015 μετ’
2938 2947 3188 3014 ἀγγέλων
3238 2945 3525 3013 δυνάμεως
3574 2943 3747 2996 αὐτοῦ
3780 2944 3833 2995 ὲν

2247 3042 2383 3113 πυρὶ⁵
2442 3039 2639 3107 φλογός
2664 3054 2680 3069 ο
2733 3039 2968 3102 διδόντος
3027 3038 3306 3107 ἐκδίκησιν
3365 3039 3485 3099 τοῖς
3543 3036 3623 3105 μὴ
3672 3034 3831 3087 εἰδόσι

2165 3124 2208 3180 (ἶ
2241 3133 2398 3195 Θεὸν,
2427 3130 2665 3190 καὶτοῖς
2724 3129 2799 3198 μὴ
2851 3129 3186 3183 ὑπακούουσι
3233 3127 3313 3198 τῷ
3354 3126 3692 3197 Εὑαγγε).ίῳ
3720 3126 3784 3178 αὖ

561 3200 679 3268 τοῦ,
744 3203 913 3273 ἤγουν
981 3204 1276 3275 Ἰουδαίοις,
1314 3210 1408 3263 καί⁵
1440 3212 1494 3264 εἷ
1515 3228 1628 3266 τισι
1657 3214 1965 3289 σύμφροσιν
2006 3221 2295 3294 Ἰουδαίων,
2322 3226 2416 3280 καὶ
2445 3224 2586 3278 κατὰ
2628 3222 2865 3285 πίστεως
2928 3222 3275 3293 διαστροφὴν,
3337 3224 3434 3273 καὶ
3499 3223 3653 3276 κατά
3723 3222 3831 3293 βίου

565 3295 953 3365 στρεϐλότητα.

637 3388 761 3445 llaec
797 3392 1079 3454 meditare,
1104 3408 1137 3447 ο
1178 3393 1376 3458 amice,
1410 3395 1465 3449 in
1501 3396 1586 3451 his
1611 3396 1825 3462 insiste,
1867 3412 1925 3454 ut
1952 3403 2137 3472 profe-

565 3488 687 3532 ctus
738 3489 862 3533 tuus
903 3480 1232 3536 manifestus
1274 3483 1345 3537 sit
1398 3484 1452 3537 in
1486 3487 1762 3540 omnibus.
1798 3487 2059 3546 Hortatur
2089 3504 2141 3549 te

565 3567 768 3621 Paulus
816 3584 1045 3639 magnus
1107 3586 1284 3639 praeco
1341 3574 1641 3628 veritatis:
1693 3573 1901 3628 Stultus
1962 3594 2140 3634 autem

565 3662 899 3728 questiones,
950 3673 997 3714 et
1031 3661 1384 3731 genealogias,
1427 3673 1476 3716 et
1521 3667 1901 3730 contentiones,
1944 3680 1992 3722 et
2040 3687 2141 3739 pu-

567 3768 699 3821 gnas
724 3751 978 3808 Judaicas
1027 3755 1199 3807 det-ita
1222 3755 1288 3807 ".
1316 3754 1385 3808 Ut
1415 3767 1595 3811 autem
1628 3758 1679 3811 in
1718 3775 1932 3814 summa
1962 3762 2028 3815 de
2075 3766 2141 3819 iis

567 3859 692 3912 qua:
734 3846 1065 3913 proposuisti
1120 3848 1585 3915 respondeamus.
1631 3857 1804 3903 totum
1846 3868 2141 3922 argumen-

568 3945 683 3990 tum
712 3939 1027 4008 pmphetice
1058 3941 1123 3993 de
1154 3941 1388 3992 adventu
1432 3948 1515 3993 est
1546 3941 1762 3996 Domini
1808 3947 1979 3998 nostri
2012 3944 2141 4000 Jesu

566 4028 773 4083 Christi
814 4048 826 4083 :
867 4030 919 4083 in
976 4048 1087 4101 quo
1135 4041 1188 4087 et
1238 4032 1474 4102 populus
1517 4033 1611 4102 qui
1666 4037 1930 4103 expulsus
1984 4046 2139 4101 erat,

567 4122 859 4175 restitutus
906 4133 1012 4186 est,
1046 4138 1071 4175 a
1107 4135 1342 4190 quatuor
1384 4124 1507 4178 aliis
1557 4141 1649 4179 seu
1685 4128 1930 4194 partibus
1964 4140 2142 4195 terru‘,

566 4220 621 4265 et
657 4213 802 4281 quod
833 4215 887 4265 in
917 4216 1160 4267 manibus
1190 4215 1441 4284 descripti
1474 4228 1595 4270 sunt
1642 4220 1781 4269 muri
1807 4219 1851 4250 "
1880 4236 2030 4275 novae
2059 4220 2147 4276 Je-

566 4303 827 4365 rusalem,
862 4305 1042 4359 crucis
1072 4306 1384 4374 passionem
1430 4305 1723 4376 signiﬁcat.
1761 4307 1941 4364 Clavis
1971 4312 2144 4381 siqui-

566 4394 691 4448 dem
723 4410 918 4450 manus
952 4406 1173 4452 sanctas
1207 4398 1478 4463 conﬁxus,
1512 4399 1765 4454 homines
1798 4402 2026 4456 retrahit
2072 4404 2141 4456 ah

567 4487 861 4542 immodica
902 4490 1111 4557 peccati
1164 4489 1481 4553 affectione,
1534 4502 1588 4546 et
1636 4493 1918 4562 speeiosos
1970 4496 2145 4550 reddit

568 4580 863 4650 archetypa
914 4582 1321 4650 pulchritudine
1368 4584 1753 4639 dedicationis.
1804 4582 2018 4650 Quare,
2078 4587 2145 4640 ad

2318 3397 2505 3452 Ταῦτα
2537 3395 2764 3466 μελέτα,
2797 3388 2842 3448 ὦ
2870 3396 2991 3459 τᾶν,
3026 3396 3083 3447 ἐν
3105 3398 3317 3460 τούτοις
3359 3396 3472 3450 ἴσθι
3494 3413 3508 3427 ’
3546 3398 3640 3451 ἵνα
3679 3415 3774 3451 σου
3802 3398 3833 3467 ἡ

2241 3490 2495 3561 προκοπὴ
2517 3486 2727 3559 φανερὰ
2824 3490 2881 3540 ὲν
2906 3488 3063 3539 πᾶσι.
3099 3488 3543 3557 Παρακελεύεταί
3576 3507 3661 3543 σοι
3695 3489 3833 3543 Παῦε

2241 3584 2329 3645 λος
2378 3583 2406 3632 ὁ
2461 3582 2633 3649 μέγας
2673 3580 2775 3648 τῆς
2839 3578 3097 3650 ἀληθείας
3134 3579 3341 3649 κῆρυξ·
3376 3578 3498 3644 Τὰς
3525 3580 3602 3635 δὲ
3634 3584 3832 3651 μωρὰς

2242 3671 2520 3739 ζητήσεις
2549 3669 2645 3722 καὶ
2678 3669 3085 3738 γενεαλογίας,
3132 3668 3229 3743 καὶ
3279 3669 3457 3735 ἕρεις,
3495 3671 3601 3723 καὶ
3637 3671 3832 3741 μάχας

2254 3762 2585 3827 Ἰουδιιϊκὰς
2613 3761 3157 3827 παραιτήσαιο.”ἰνα
3186 3759 3245 3812 δὲ
3276 3760 3334 3810 ἐν
3365 3761 3664 3833 κεφαλαίῳ
3705 3763 3831 3832 περὶ

2243 3854 2317 3911 ὧν
2373 3857 2693 3927 προέτεινας
2742 3854 3153 3924 ἀποκριθῶμεν,
3195 3852 3316 3905 ὅλον
3361 3851 3426 3903 τὸ
3481 3854 3689 3926 λῆμμα
3736 3856 3829 3923 τῆς

2245 3948 2581 4018 προφητείας
2617 3944 2744 4013 περὶ
2786 3943 2885 4013 τῆς
2938 3943 3241 4015 παρουσίας
3270 3940 3365 3995 τοῦ
3417 3943 3635 4013 Κυρίου
3678 3947 3827 4017 ἡμῶν

2257 4040 2432 4111 Ἰησοῦ
2483 4035 2720 4113 Χριστοῦ
2752 4038 2927 4089 ἐστιν·
2962 4038 3022 4089 ὲν
3047 4030 3090 4104 ᾧ
3115 4037 3208 4089 καὶ
3233 4036 3263 4089 δ
3286 4034 3412 4097 λαὸς
3439 4038 3467 4087 ὁ
3498 4034 3825 4109 ἀπωσμένος

2245 4131 2622 4186 ἀνασὲσωσται
2676 4132 2741 4183 ὲκ
2772 4128 2880 4183 τῶν
2910 4130 3193 4199 τεσσάρων
3234 4129 3551 4201 πτερύγιον,
3589 4132 3703 4185 εἴτε
3740 4130 3824 4185 οὖν

2246 4223 2502 4292 περάτων
2546 4222 2645 4290 τῆς
2673 4220 2799 4289 γῆς.
2829 4218 2902 4271 Τό
2932 4235 2992 4271 τε
3035 4218 3134 4272 ἐπὶ
3167 4217 3285 4272 τῶν
3326 4218 3550 4288 χειρῶν
3587 4218 3821 4290 ἐζωγρα-

2244 4313 2472 4384 φῆσθαι
2500 4312 2572 4366 τὰ
2600 4313 2767 4381 τείχη
2796 4311 2897 4380 τῆς
2930 4310 3056 4374 νέας
3094 4310 3472 4382 Ἰερουσαλὴμ,
3505 4312 3572 4364 τὸ
3608 4329 3819 4379 σταυρι-

2247 4404 2342 4456 κὸν
2376 4404 2546 4465 πάθος
2579 4402 2749 4473 δηλοῖ.
2772 4402 3035 4473 Ἐπείπερ
3066 4402 3214 4472 ἥλοις
3245 4403 3689 4473 ἐμπεπαρμένας
3711 4407 3819 4465 ταῖς

2246 4495 2429 4563 ἁγίαις
2463 4494 2672 4565 χερσὶν,
2701 4494 2899 4563 ἀφηλοί
2946 4493 3009 4546 τὸ
3035 4492 3372 4564 ἀνθρώπινον
3400 4494 3506 4563 τῆς
3546 4494 3819 4565 ὲμπαθοῦς

2248 4588 2368 4640 καθ’
2398 4587 2671 4657 ἁμαρτίαν
2699 4586 2884 4652 ἕξεως,
2914 4587 3008 4639 καὶ
3035 4585 3231 4656 ὡραιοϊ
3256 4583 3337 4655 τῷ
3359 4585 3668 4658 ἀρχετύπῳ
3699 4585 3819 4639 κάλ-

568 4674 877 4742 exetnplum
908 4676 1331 4731 resurrectionis
1360 4685 1483 4746 post
1514 4684 1628 4732 tres
1657 4678 1773 4732 dies
1802 4687 2099 4747 noctesque
2122 4721 2137 4745 ,

2246 4680 2325 4731 λει
2353 4680 2450 4749 τῆς
2477 4677 2747 4739 θεώσεως.
2790 4675 2904 4745 Ἐφ’
2934 4670 3015 4739 οἷς
3049 4676 3243 4747 μικρὸν
3271 4675 3359 4729 διὰ
3392 4678 3495 4746 τῆς
3527 4694 3819 4749 τριημερο-

568 4762 708 4817 Lena
758 4768 939 4818 oculos
988 4774 1104 4819 tuos
1149 4766 1204 4818 in
1249 4767 1498 4830 circuitu,
1538 4776 1588 4821 et
1620 4768 1761 4837 ﬁlios
1806 4780 1923 4823 tuo:
1967 4785 2143 4824 omnes

570 4856 725 4908 vide:
754 4871 869 4908 ecce
915 4858 1222 4927 congregati
1267 4868 1390 4912 sunt
1436 4870 1486 4913 et
1519 4873 1767 4915 venerunt
1808 4864 1877 4917 ad
1910 4872 1976 4919 te.
2028 4864 2144 4919 Vivo

570 4964 686 5018 ego,
722 4947 853 5000 dicit
880 4947 1139 5003 Dominus
1164 4951 1231 5003 ’⁷.
1261 4950 1394 5016 Quae
1433 4961 1625 5022 postea
1653 4964 1975 5024 sequuntur,
2018 4972 2146 5011 con-

572 5055 708 5093 nexa
752 5042 1085 5110 prophetiee,
1135 5045 1257 5098 lana
1287 5052 1415 5098 sunt
1456 5054 1511 5099 et
1542 5043 1756 5110 festiva,
1786 5056 1842 5101 et
1874 5047 2030 5117 plena
2052 5048 2143 5116 ju-

570 5132 904 5197 cunditatis;
943 5143 998 5188 et
1025 5135 1116 5203 qui
1160 5146 1315 5206 grato
1355 5145 1441 5191 est
1482 5137 1688 5203 animo,
1734 5140 2021 5211 intelliget,
2069 5140 2144 5195 si-

572 5225 799 5294 mulque
860 5226 1184 5282 acelamabit
1238 5229 1593 5298 congruentia
1642 5248 1658 5286 :
1704 5230 1953 5299 ingratus
2016 5247 2144 5289 vero

569 5319 791 5374 Judaeus
827 5334 999 5388 pravo
1033 5321 1141 5374 erit
1183 5322 1366 5387 corde,
1400 5337 1463 5377 ac
1512 5338 1689 5393 neque
1736 5322 1927 5393 Vetus,
1964 5340 2139 5395 neque

570 5409 781 5465 Novum
828 5411 1237 5469 Testamentum
1286 5416 1471 5471 audiet
1510 5417 1579 5471 ad
1629 5418 1885 5472 salutem.
1930 5419 1975 5471 Α
2028 5435 2137 5487 quo

577 5500 881 5557 liberemur
905 5512 1222 5559 sanctorum
1269 5506 1546 5575 precibus,
1591 5506 1931 5563 sanctiﬁcate
1952 5506 2132 5573 Pater,

645 5683 891 5738 "Matth.
935 5702 1020 5741 xv.
1064 5687 1142 5740 Η.
1226 5689 1267 5719 ²¹
1299 5688 1397 5744 lsa.
1438 5702 1624 5747 xum,
1657 5688 1743 5741 9.3.

580 5770 663 5817 tn,
691 5755 741 5807 9.
821 5757 990 5811 “lsa.
1030 5773 1172 5816 sm.
1208 5758 1288 5810 16.
1370 5761 1409 5789 ’τ
1441 5762 1536 5810 lsa.
1575 5776 1662 5821 ιι,
1696 5759 1746 5811 4.

1844 5692 1886 5721 ²¹
1912 5688 2053 5745 Psal.
2086 5703 2219 5755 LVII,
2257 5690 2304 5742 7.

2245 4770 2443 4825 νύκτου
2474 4769 2846 4835 ἀναστάσεως,
2866 4765 3045 4837 Ἆρον
3072 4771 3277 4837 κύκλῳ
3301 4769 3446 4836 τοὺς
3476 4772 3819 4841 ὀφθαλμούς

2240 4880 2387 4929 σου,
2422 4864 2520 4918 καὶ
2555 4864 2644 4917 τδε
2674 4865 2904 4929 πάντας
2944 4863 3085 4930 τοὺς
3125 4864 3296 4930 υἱούς
3324 4878 3445 4918 σου
3468 4881 3484 4897 θ
3512 4864 3650 4919 ἰδοὺ
3677 4883 3816 4920 crur-

2237 4956 2518 5027 ήχθησαν
2541 4956 2638 5010 καὶ
2668 4948 2860 5026 ἦλθόν
2891 4956 3042 5024 πρὸς
3087 4955 3184 5010 σὲ.
3221 4955 3315 5009 Ζῶ
3349 4955 3493 5025 ἐγὼ,
3516 4955 3686 5027 ,λέγει
3713 4960 3817 5011 κενέ

2233 5067 2386 5119 ριος.
2404 5048 2677 5119 Ἑπόμενα
2707 5048 2917 5111 τούτοις
2941 5047 3013 5101 τά
3039 5049 3364 5119 συνημμένα
3390 5051 3459 5119 τῇ
3492 5051 3813 5120 προφητείᾳ,

2245 5140 2563 5211 χαρίσματα
2584 5157 2643 5193 τε
2679 5140 2773 5194 καὶ
2797 5140 3120 5211 ὲορτάσιμα,
3160 5140 3257 5192 καὶ
3294 5140 3479 5211 πλήρη
3515 5141 3811 5212 θυμηδπο

2243 5230 2340 5282 καὶ
2368 5232 2396 5282 ὁ
2424 5229 2520 5299 μὲν
2549 5228 2869 5299 εὐγνώμων,
2892 5229 3098 5283 εἴσεται
3124 5229 3220 5283 καὶ
3244 5231 3737 5300 συνεπιφθέγξεται
3756 5230 3815 5282 τὰ

2240 5322 2459 5376 εἰκότα·
2502 5324 2531 5375 ὁ
2570 5322 2626 5375 δὲ
2651 5322 2921 5392 ἀγνώμων
2965 5323 3213 5388 Ἰουδαῖος
3255 5323 3809 5396 στρεϐλοκαρδιάσει.

2242 5415 2338 5467 καὶ
2365 5412 2493 5467 οὔτε
2529 5414 2792 5479 Παλαιᾶς,
2826 5413 2949 5467 οὑτε
2978 5414 3124 5487 Νέας
3152 5416 3429 5487 Διαθήκης
3453 5416 3810 5483 ἐπακούσεται

2244 5505 2430 5574 ὑγιῶς.
2462 5499 2537 5561 Οὗ
2568 5505 2895 5577 ῥυσοείημεν
2924 5506 3107 5578 εὑχατς
3146 5504 3339 5578 ἁγίων,
3374 5508 3688 5579 ἡγιασμὲνε
3714 5507 3813 5562 Ili-

2416 5690 2460 5721 ³³
2488 5689 2699 5744 Coloss.
2732 5703 2814 5755 m,
2855 5690 2903 5743 ί.
2970 5684 3059 5754 ῖθέδ
3082 5687 3124 5737 υ
3157 5688 3355 5746 Thess.
3392 5707 3431 5755 ι,
3462 5692 3516 5747 8.
3635 5696 3682 5727 ³³
3712 5693 3805 5749 Tit.
