3976 6322
201 339 336 399 1569

1366 353 1907 419 EPISTOLARUM
1963 359 2109 418 LIB.
2173 363 2253 420 ll.

3325 372 3462 437 1570

183 466 308 518 ⁸τερ,
335 451 432 504 καὶ
471 452 776 526 σωθείημεν
804 459 862 510 ὲν
886 461 951 530 τῇ
988 459 1237 534 βασιλείᾳ
1266 464 1374 517 τῶν
1403 465 1669 535 οὐρανῶν,
1711 467 1768 517 ἐν

1873 476 1925 521 et
1948 470 2225 525 salvemur
2253 476 2305 529 in
2339 493 2506 549 regno
2537 478 2827 545 caelorum,
2856 480 2913 534 in
2941 479 3163 536 Christo
3192 479 3322 537 Jesu
3349 485 3458 538 Do-

187 542 414 612 Χριστῷ
459 544 631 616 Ἰησοῦ
667 549 745 618 τῷ
781 551 969 622 Κυρίῳ
999 555 1176 624 ήμῶν.
1214 557 1408 627 Ἀμήν.

297 662 449 716 ΡΠΕ¹
481 666 616 736 (79).
641 699 713 707 -
741 671 1052 742 Εὺδοκίμῳ
1084 680 1414 749 σπαθαρίῳ.
1472 679 1656 754 [ψνε’.]

1879 561 2028 616 ιιιὶοο
2055 577 2266 621 nostro.
2303 571 2500 626 Amen.

2117 686 2428 745 CLXXXV.
2463 724 2526 733 —-
2558 692 2851 747 Eudocimo
2893 697 3190 761 spat/tario.

1363 795 1658 846 Consolatur
1681 795 1746 845 de
1767 791 1990 844 caecitate
2026 802 2302 850 oculorum.

265 882 375 934 Καὶ
426 885 522 954 ἀφ’
560 887 769 942 ἑαυτῶν
802 892 1280 968 ἓπαισθανόμεθα,
1330 901 1454 956 ὅσον
1500 905 1559 958 τὸ
1613 905 1776 974 ἄλγος

187 977 286 1027 καὶ
315 975 373 1028 τὸ
407 978 578 1042 πάθος
609 983 669 1034 τὸ
699 986 978 1054 συμπεσὸν
1009 992 1074 1060 τῇ
1104 994 1380 1063 τιμιότητί
1423 1013 1539 1048 σου.
1567 997 1681 1050 Νῦν
1721 998 1777 1050 δὲ

185 1068 381 1140 ἐπειδὴ
424 1071 741 1144 ἠκούσαμέν
771 1095 863 1132 σου
896 1082 987 1134 καὶ
1021 1085 1129 1136 τῶν
1168 1087 1621 1142 πολυστενάκτων
1661 1108 1776 1158 φω-

189 1160 326 1227 νῶν,
360 1162 743 1235 ὑποδηλουσῶν
776 1172 983 1226 ἕκαστα
1013 1176 1121 1228 τῶν
1155 1178 1581 1249 συμϐεϐηκότων
1621 1184 1776 1235 ἀνια-

188 1252 325 1322 ρῶν,
363 1255 525 1309 πλέον
545 1260 987 1333 ὲπῃσθάνθημεν,
1023 1269 1115 1320 καὶ¹
1143 1272 1589 1345 συνηλγήσαμεν,
1634 1276 1778 1329 κατὰ

186 1343 252 1394 τὸ
301 1345 468 1407 εἰκός.
520 1347 660 1401 Ἀλλ’
695 1352 844 1418 ὅμως
867 1353 1015 1417 ὅπως
1057 1356 1122 1408 ἂν
1161 1343 1474 1427 μεθοδεύοις
1523 1362 1589 1416 τὰ
1634 1365 1777 1435 πρά-

184 1449 382 1500 γματα
413 1436 552 1489 κατὰ
581 1439 799 1492 δικαίαν
829 1441 1036 1496 ἔκτισιν
1075 1447 1210 1500 Θεοῦ
1245 1451 1639 1520 ἀπαντήσαντα
1671 1470 1774 1518 σοι,

184 1519 248 1577 εῦ
285 1526 541 1594 πράττων
567 1531 667 1583 κάν
695 1532 894 1603 τούτῳ,
956 1535 1031 1600 ὼς
1075 1540 1276 1602 κακίας
1312 1543 1512 1607 μᾶλλον
1551 1545 1644 1597 καὶ
1678 1546 1776 1598 οὐκ

182 1618 395 1687 αρετῆς
425 1618 661 1689 βάσανον
709 1622 807 1686 τὰς
838 1627 1110 1698 ἐπιφορὰς
1141 1632 1450 1703 ἐνεχθῆναι.
1500 1636 1690 1707 Ἡμεῖς
1728 1637 1773 1690 δ’

1950 908 2013 960 Et
2061 925 2156 977 per
2199 928 2300 966 nos
2349 913 2499 980 ipsos
2544 915 2938 980 sentiebamus,
3002 926 3237 985 quantus
3281 917 3459 973 dolorv

1876 1008 2190 1068 quantaque
2213 1003 2282 1056 sit
2313 1006 2598 1058 calamitas
2630 1022 2752 1075 quze
2789 1007 2984 1060 accidit
3029 1010 3472 1065 honorificentiaa'

1876 1095 2002 1140 true.
2043 1087 2200 1145 Nunc
2243 1109 2394 1156 vero,
2445 1107 2734 1165 postquam
2782 1106 2832 1151 te
2879 1100 3216 1162 audivimus,
3276 1112 3332 1155 et
3375 1103 3460 1155 lu-

1875 1188 2099 1236 ctuosas
2135 1198 2322 1248 voces,
2372 1203 2496 1257 qua:
2540 1189 2818 1243 molestias
2849 1206 2987 1257 quas
3035 1207 3230 1259 passus
3269 1208 3348 1258 es,
3387 1192 3460 1249 si-

1876 1271 2105 1340 gillatim
2149 1279 2509 1342 enarrabaut,
2551 1280 2787 1347 amplius
2835 1283 3133 1348 sensimus,
3176 1293 3231 1337 et
3260 1285 3462 1338 rondo~

1875 1360 2080 1418 luimus
2136 1376 2194 1418 ut
2249 1382 2344 1433 par
2396 1379 2533 1423 erat.
2586 1370 2855 1425 (Steterunt
2905 1387 3122 1441 quoque
3175 1374 3335 1428 modo
3390 1375 3459 1428 ad

1869 1451 2076 1521 justam
2114 1453 2206 1509 Dei
2245 1459 2536 1514 vindictam
2573 1462 2689 1516 haec
2735 1463 2944 1518 referas
2978 1481 3098 1533 qua:
3125 1465 3220 1519 tibi
3263 1481 3460 1522 evene-

1873 1553 2026 1608 runt,
2061 1555 2206 1600 recte
2234 1548 2286 1600 in
2322 1550 2424 1603 hoc
2453 1553 2616 1606 etiam
2648 1569 2836 1623 agens.
2870 1557 3028 1624 quasi
3056 1573 3314 1611 aerumnae
3342 1558 3461 1613 istae

1879 1631 1945 1682 ad
1981 1634 2314 1698 puniendam
2363 1640 2625 1693 malitiam
2674 1644 2856 1710 potius
2891 1660 3054 1712 quam
3110 1647 3176 1700 ad
3223 1647 3460 1716 probau-

182 1708 286 1763 οὖν
314 1713 373 1763 οὑ
418 1714 745 1784 παυσόμεθα
775 1719 868 1769 καὶ
909 1719 990 1771 ἔτι
1017 1722 1150 1789 πρὸς
1180 1698 1516 1797 το-εῦσημον
1552 1698 1645 1781 καὶ
1672 1698 1765 1781 ⁷εὐ-

1875 1722 2000 1775 dam
2032 1724 2284 1780 virtutem
2320 1726 2526 1784 fuerint
2572 1733 2808 1788 inducta:
2843 1754 2855 1788 :
2888 1751 2995 1790 non
3033 1738 3279 1792 differam
3313 1741 3457 1794 ultra

180 1803 522 1870 διάγνωστω
552 1806 953 1880 ἀνθυποφέρειν
985 1812 1075 1865 τὸν
1107 1814 1286 1883 λόγον.
1319 1818 1642 1890 Ἐστέρησαι
1664 1838 1768 1873 τοι-

180 1897 394 1964 γαροῦν
429 1897 625 1966 ὅψεως.
652 1900 762 1953 Καὶ
791 1902 1036 1970 ἀλγεινὸν
1061 1905 1212 1975 (πῶς
1234 1908 1341 1979 γὰρ
1373 1910 1433 1963 οῦ
1455 1910 1531 1980 ;),
1554 1912 1644 1964 τὸν
1682 1913 1774 1966 λύ-

180 2007 316 2059 χνον
341 1993 435 2044 τοῦ
463 1991 715 2063 σώματος
750 1996 1177 2053 ἀπολωλεκέναι.
1219 2001 1382 2055 Ἀλλὰ
1412 2004 1577 2057 πάλιν
1605 2005 1772 2075 εὐχα-

184 2080 492 2149 ριστήριον,
532 2082 614 2136 ὅτι
654 2084 1034 2158 ἀδλεπτοῦμεν
1066 2089 1134 2142 τὰ
1162 2091 1256 2143 τοῦ
1287 2093 1492 2162 κόσμου
1526 2095 1767 2164 μάταια-ο

182 2173 247 2236 ἐξ
307 2169 479 2246 οὗπερ
529 2176 900 2247 ὑποφέρεσθαι
950 2182 1160 2250 πέφυκε
1209 2187 1317 2247 πᾶς
1358 2186 1482 2250 νοῦς
1529 2189 1628 2241 οὐκ
1676 2190 1770 2241 εὑ-

180 2267 413 2329 κταέως.
455 2268 697 2338 Εῖρχθης
742 2272 982 2340 προόδων
1019 2277 1116 2328 καὶ
1165 2271 1395 2332 συνόδων
1429 2281 1670 2333 ἀστικῶν
1709 2299 1770 2334 τε

179 2358 284 2410 καί
313 2359 727 2430 ἀνακτορικῶν·
777 2363 895 2416 ἀλλ’
929 2361 1022 2418 οῦν
1054 2383 1116 2433 γε
1163 2366 1499 2438 λελύτρωσαι
1536 2370 1770 2442 Ἐκκλη-

180 2450 312 2512 σίας
355 2456 833 2525 πονηρευομένων,
881 2460 975 2511 καὶ
1021 2463 1468 2531 συναναστροφῆς
1523 2483 1767 2534 παρανα-

182 2544 457 2613 μούντων.
505 2545 664 2611 Οἶδας
705 2550 732 2602 ὃ
780 2551 958 2619 λέγω,
1010 2552 1281 2623 ἐψιλώθης
1311 2556 1380 2608 τὰ
1414 2557 1765 2627 ὑπάρχοντας

183 2636 285 2689 καὶ
320 2637 480 2690 τοῦτο
519 2641 960 2712 δυσφορώτατον·
996 2645 1110 2697 ἀλλ’
1145 2646 1288 2715 ἔχεις
1320 2649 1379 2700 τὸ
1409 2649 1627 2718 κούφως
1668 2651 1768 2718 φέ-

177 2729 399 2800 ρεσθαι.
426 2731 521 2783 καὶ
557 2733 881 2803 ὑπερπλέειν
920 2738 1028 2789 τῶν
1070 2738 1338 2808 βιωτικῶν
1391 2743 1769 2809 περιστάσεων

178 2820 280 2872 καὶ
327 2821 815 2892 συναλλαγμάτων.
857 2827 965 2879 Ποῦ
998 2829 1117 2880 ποτ’
1148 2830 1214 2881 ἂν
1264 2826 1443 2901 εὗρες,
1480 2826 1524 2884 ὦ
1556 2832 1767 2898 θαυμά-

181 2930 291 2975 σιε,
323 2916 491 2967 τόπον
519 2917 784 2982 τοιοῦτον,
817 2915 928 2972 οἷον
958 2922 1072 2985 νῦν,
1094 2923 1152 2974 ὲν
1179 2917 1222 2989 ᾧ
1250 2922 1365 2975 ἐστι
1401 2942 1458 2976 σε
1485 2926 1767 2994 σχολάζειν

1875 1814 2098 1870 disertis
2161 1829 2214 1873 et
2270 1823 2572 1890 perspicuis
2637 1828 2819 1881 verbis
2882 1844 2995 1883 rem
3058 1831 3260 1900 eloqui.
3324 1830 3458 1888 Visu

1876 1905 2066 1976 itaque
2091 1909 2317 1965 orbatus
2351 1927 2432 1968 es.
2463 1912 2641 1970 Grave
2676 1932 2903 1986 prorsus
2936 1937 2951 1972 :
2985 1922 3080 1990 qui
3113 1923 3261 1976 extim
3298 1940 3458 1994 grave

1876 2013 1988 2052 non
2025 1999 2097 2053 sit
2129 2000 2408 2057 lucernam
2445 2009 2695 2075 corporis
2732 2010 3031 2065 amisisse?
3065 2012 3133 2066 At
3167 2024 3254 2068 est
3289 2017 3458 2071 vicis-

1874 2090 1978 2144 sim
2033 2091 2175 2145 unde
2232 2096 2419 2161 gratia:
2471 2109 2729 2166 agantur,
2774 2104 2904 2170 quia
2950 2104 3139 2158 mundi
3191 2108 3458 2163 vanitates

1874 2199 1986 2238 non
2016 2187 2318 2252 cernimus,
2350 2206 2415 2244 ex
2440 2208 2551 2261 quo
2583 2193 2709 2247 ferri
2743 2197 2996 2266 trahique
3029 2199 3276 2253 omnium
3305 2216 3458 2254 men-

1874 2285 1954 2330 tes
1983 2279 2163 2334 solent
2196 2282 2356 2335 aliter
2382 2299 2549 2353 quam
2602 2287 2902 2354 optandum
2933 2289 3025 2342 sit.
3073 2287 3346 2346 lnhiheris
3385 2293 3458 2347 ab

1872 2368 2181 2434 egressibus
2211 2374 2710 2443 congressibusque
2741 2388 2854 2428 tum
2886 2379 3109 2433 urbanis
3149 2389 3262 2436 tum
3303 2382 3456 2450 pala-

1876 2456 2004 2512 tinis
2042 2478 2053 2510 :
2090 2460 2185 2514 sed
2239 2462 2342 2516 hoc
2393 2467 2555 2520 modo
2606 2467 2741 2520 liber
2772 2468 2950 2525 factus
3002 2487 3060 2526 es
3105 2488 3136 2526 a
3163 2488 3457 2543 \conventu

1872 2549 2315 2619 malignantium,
2349 2564 2403 2607 et
2432 2560 2697 2612 societate
2727 2561 2915 2629 iniqua
2953 2568 3252 2633 agentium.
3293 2567 3456 2622 Intel-

1872 2638 1995 2708 ligis
2026 2643 2159 2709 quid
2199 2644 2403 2709 dicant,
2439 2648 2704 2716 spoliatus
2750 2669 2809 2706 es
2844 2653 3223 2721 facultatibus,
3267 2668 3322 2712 et
3354 2660 3454 2714 hoc

1872 2730 2014 2785 ferre
2060 2734 2445 2792 difficillimum
2485 2743 2622 2795 :sed
2670 2742 2840 2798 habes
2889 2762 3001 2815 quo
3045 2749 3240 2803 leviter
3280 2749 3451 2816 feras,

1869 2835 1923 2878 et
1957 2826 2139 2880 saeculi
2188 2832 2698 2898 opportunitatibus
2729 2839 3193 2909 commerciisque
3232 2841 3308 2896 sis
3359 2858 3456 2896 su-

1869 2917 2078 2985 perior.
2127 2917 2362 2974 Ubinam
2417 2939 2685 2993 unquam,
2743 2929 2825 2980 vir
2873 2929 3214 2996 admirande,
3274 2935 3452 2988 locum

176 3004 324 3074 θεῷ,
383 3009 478 3059 καὶ
520 3009 723 3076 γνῶναι
773 3013 936 3064 αὑτὸν
973 3013 1096 3065 καθ’
1125 3016 1247 3067 ὅσον
1280 3011 1390 3068 οἷόν
1418 3033 1513 3083 τες
1566 3018 1674 3070 Ποῦ
1713 3019 1768 3070 δὲ

1876 3010 2036 3062 talem
2079 3021 2277 3065 nactus
2321 3029 2405 3074 es,
2449 3017 2666 3084 qualem
2701 3034 2870 3083 nunc,
2905 3022 2958 3075 in
2990 3038 3099 3090 quo
3129 3024 3224 3076 tibi
3259 3040 3455 3080 vacare

177 3098 380 3166 καιρὸν
411 3099 654 3153 τοιοῦτον
689 3103 1020 3173 προσευχῆς,
1044 3108 1374 3175 στεναγμοῦ,
1401 3109 1772 3175 κατανύξεως,

176 3190 534 3254 ἐκπετάσεως
575 3193 792 3263 χειρῶν,
830 3196 953 3247 ὅσον
983 3197 1270 3266 πρόκειται
1316 3200 1444 3268 ὑμῖν
1475 3200 1774 3253 ἀπολαύειν

171 3284 248 3332 ἐκ
276 3280 379 3349 τῆς
407 3282 798 3352 ἐπενεχθείσης
824 3286 1122 3355 ὲπηρείας;
1151 3290 1260 3358 Οὐχ
1289 3292 1422 3360 ὁρᾷς
1451 3293 1530 3344 ὅτι
1562 3295 1642 3355 είς
1675 3311 1774 3345 κα-

175 3371 274 3425 λόν
311 3389 394 3425 σοι
424 3374 708 3444 ἀπήντηκε
733 3376 804 3430 τὰ
841 3379 1168 3448 πράγματα,
1207 3384 1639 3452 περιτραπείσης
1676 3386 1775 3452 τῆς

175 3465 386 3527 κακίας
434 3464 544 3518 τῶν
594 3467 899 3537 ἀνθρώπων
954 3470 1034 3530 εἰς
1087 3471 1363 3540 σωτηρίαν
1404 3490 1532 3540 σου;
1583 3475 1640 3526 ἓν
1679 3477 1772 3529 ἐπὶ

181 3557 410 3610 πάντων
439 3556 832 3624 διαγνωστέον·
883 3561 966 3612 ὅτι
1004 3563 1144 3613 κατὰ
1191 3563 1289 3633 τὴν
1325 3566 1598 3634 προτέραν
1637 3567 1772 3618 ἀνα-

174 3649 428 3719 στροφὴν
460 3649 870 3720 δυστέκμαρτον
893 3648 960 3722 ἦν
997 3653 1352 3707 ἐπιλαϐέσθαι
1389 3657 1480 3708 τοῦ
1501 3659 1768 3726 σωτηρίου

178 3745 602 3811 συντάγματος,
640 3745 852 3797 πολλῶν
896 3746 1086 3811 ὄντων,
1135 3748 1210 3808 ὠς
1246 3744 1422 3812 οἶσθα,
1472 3749 1582 3801 τῶν
1622 3751 1770 3801 ἀντι-

178 3837 539 3906 πραττόντων
565 3837 644 3906 τῷ
670 3838 887 3890 εὐσεϐεῖ
919 3840 1127 3910 σκοπῷ.
1149 3841 1262 3893 Νῦν
1287 3842 1340 3893 δὲ
1368 3843 1617 3911 ἦνοικται
1640 3843 1767 3910 ὑμῖν

175 3925 301 3993 οὐχὶ
343 3923 478 3992 μόνη
507 3925 606 3993 τῆς
651 3928 942 3994 μετανοίας
976 3931 1006 3998 ἡ
1036 3929 1176 3999 θύρα
1197 3949 1208 3960 ·
1245 3931 1381 3983 ἀλλὰ
1414 3935 1506 3985 καὶ
1537 3935 1634 4001 τῆς
1676 3936 1768 3986 οὺ-

177 4017 374 4090 ρανίου
409 4016 689 4085 βασιλείας
716 4023 748 4088 ἠ
788 4022 988 4083 εἴσοδος
1010 4039 1023 4052 ·
1061 4027 1153 4076 καὶ
1184 4028 1290 4088 πᾶς
1314 4044 1397 4087 τις
1428 4029 1537 4080 τῶν
1562 4029 1762 4096 εὐφρο-

175 4106 420 4159 νούντων
454 4109 512 4158 έν
540 4106 618 4176 τῷ
654 4108 810 4178 μέρει
838 4110 944 4162 τῶν
974 4113 1298 4181 σωζομένων
1347 4133 1406 4167 σε
1443 4117 1760 4181 τετάξεται*

176 4201 277 4251 καὶ
331 4198 459 4267 περὶ
499 4192 559 4251 οὗ
607 4201 712 4261 πᾶς
757 4203 1044 4264 σπουδαῖος
1087 4205 1408 4272 ἐπείγεται·
1445 4210 1538 4260 καὶ
1568 4205 1628 4261 οῦ
1667 4208 1760 4261 τοῦ

174 4293 365 4360 τυχεῖν
415 4291 567 4342 οὐδὲν
624 4297 732 4344 τῶν
779 4294 1034 4346 ἁπάντων
1077 4297 1490 4367 ἀνταξιώτερον.
1532 4301 1652 4352 Εἴθε
1692 4298 1761 4371 ἦν

1879 3099 1988 3153 Ι)ρο
2021 3101 2168 3164 licet,
2198 3103 2487 3172 ipsumque
2523 3122 2705 3171 nosse,
2743 3112 2924 3180 quoad
2958 3112 3072 3166 fieri
3102 3116 3319 3182 potest?
3349 3115 3454 3172 Ubi

1879 3200 1988 3245 tam
2025 3196 2377 3249 commodum
2421 3207 2633 3268 tempus
2677 3205 2968 3270 orationis,
3002 3209 3260 3276 gemitus,
3305 3225 3456 3264 com-

1878 3284 2215 3351 punctionis,
2257 3291 2611 3356 expansiouis
2658 3308 2946 3362 manuum,
2991 3313 3154 3365 quam
3189 3316 3302 3369 quo
3347 3301 3452 3357 frui

1876 3376 2029 3429 vobis
2062 3376 2113 3429 in
2150 3389 2398 3448 promptu
2423 3390 2503 3436 est
2539 3398 2602 3437 ex
2638 3385 2839 3439 inflicta
2872 3390 3226 3444 calamitate?
3251 3398 3450 3449 Annon

1874 3468 2027 3521 vides
2063 3469 2209 3523 bono
2254 3479 2346 3524 tuo
2388 3489 2478 3526 res
2527 3476 2786 3542 cessisse,
2821 3495 3088 3535 conversa
3129 3482 3182 3535 in
3220 3485 3451 3539 salutem

1876 3566 2020 3610 tuam
2058 3560 2340 3613 hominum
2387 3565 2884 3630 nequitia?Unum
2929 3586 3096 3638 super
3139 3575 3323 3628 omnia
3368 3578 3453 3629 di-

1868 3649 2254 3717 judicandum,
2287 3656 2433 3721 quod
2469 3657 2522 3709 in
2557 3660 2724 3725 priori
2764 3663 2887 3714 vita:
2919 3665 3258 3728 conditione,
3292 3667 3452 3720 intel-

1873 3743 2014 3796 lectu
2039 3743 2140 3798 fuit
2163 3746 2400 3812 dillicilc,
2436 3764 2503 3802 an
2543 3752 2737 3806 salutis
2775 3756 2917 3808 viam
2956 3758 3258 3824 insisteres,
3303 3762 3450 3815 mul-

1872 3836 1962 3900 tis,
2001 3845 2059 3888 ut
2085 3839 2249 3900 nosti,
2279 3841 2365 3907 pio
2388 3845 2670 3910 proposito
2704 3848 3109 3902 resistentibus.
3139 3848 3292 3903 Nunc
3317 3868 3452 3908 vero

1871 3938 2056 3992 aperta
2092 3928 2244 3981 vobis
2286 3941 2368 3983 est
2404 3947 2508 3984 non
2541 3935 2717 3986 solum
2766 3940 3102 4005 paenitentiae
3129 3941 3318 4009 janua,
3351 3944 3448 3997 sed

1867 4020 2019 4086 regni
2079 4036 2300 4088 quoque
2341 4026 2611 4078 caelorum
2662 4027 2984 4095 ingressus;
3043 4042 3203 4100 teque
3255 4047 3449 4089 omnes

1866 4114 1958 4178 qui
1993 4122 2136 4165 recte
2169 4114 2433 4177 sentiunt,
2488 4116 2542 4168 in
2591 4118 2981 4172 salvaudorum
3023 4122 3218 4175 ordine
3271 4125 3447 4176 collo-

1866 4201 2116 4255 cabunt:
2164 4203 2319 4269 cujus
2367 4207 2444 4258 rei
2499 4208 2680 4261 studio
2734 4210 2859 4262 boni
2912 4227 3101 4267 omnes
3149 4214 3447 4278 ducuntur,

1866 4304 1919 4348 et
1942 4296 2102 4362 cujus
2129 4296 2400 4363 adeptioni
2433 4299 2576 4351 nulla
2608 4300 2853 4353 omnium
2887 4318 2972 4356 res
3001 4313 3083 4356 est
3119 4319 3240 4372 qua:
3273 4307 3444 4372 aequi-

177 4399 302 4445 πως
333 4383 691 4455 ἀντάλλαγμα
742 4387 995 4453 γενέσθαι
1033 4391 1110 4451 είς
1145 4391 1203 4441 τὸ
1236 4392 1572 4460 ἀμείψασθαι
1597 4368 1762 4462 ἀλλή-

1873 4389 2046 4454 parari
2101 4389 2288 4456 possit.
2343 4389 2559 4443 Utinam
2615 4395 2942 4460 permutatio
2992 4395 3106 4447 ﬁeri
3145 4405 3328 4462 posset
3371 4397 3439 4451 ad

177 4477 296 4538 λοις
321 4475 420 4538 τὰς
445 4478 748 4546 αἰσθήσεις.
783 4480 891 4531 Καὶ
944 4482 1142 4534 πολλοῦ
1178 4483 1244 4536 άν
1281 4484 1447 4553 εὐχῆς
1485 4503 1574 4553 μοι
1605 4486 1764 4555 ἔργον

174 4564 248 4638 ἦν
277 4571 344 4639 τῇ
377 4570 670 4639 ἀφαιρέσει
703 4573 801 4641 τῆς
828 4572 1003 4636 ὅψεως
1030 4577 1498 4647 συναφαιρεθῆναι
1532 4579 1625 4632 καὶ
1655 4580 1764 4633 τῶν

175 4660 288 4730 πρὸ
310 4662 410 4730 τῆς
439 4663 614 4732 ὅψεως
643 4665 883 4736 κέντρων
911 4669 1008 4737 τῆς
1049 4670 1344 4740 ἁμαρτίας.
1391 4673 1552 4726 Ἀλλὰ
1591 4674 1766 4728 ταῦτα

179 4753 285 4824 μὲν
314 4755 458 4807 κατὰ
493 4757 676 4822 φιλίας
711 4762 932 4828 τρόπον.
964 4761 1029 4812 Σὲ
1054 4763 1110 4813 δὲ
1144 4766 1171 4816 ὁ
1199 4765 1403 4830 ἀγαθὸς
1430 4766 1560 4829 Θεὸς
1603 4767 1763 4837 ἡμῶν

177 4846 589 4915 παρακαλέσειε
643 4851 991 4919 παρακλήσει
1048 4855 1214 4926 πολλῇ
1247 4857 1414 4908 οἴσειν
1450 4858 1630 4911 πάντα
1672 4861 1763 4911 εύ-

175 4937 496 5005 χαρίστως,
547 4937 689 4989 κατὰ
738 4940 970 5010 μίμησιν
1019 4943 1110 4995 τοῦ
1154 4947 1426 5016 μακαρίου
1471 4948 1628 5001 ’ῐώὸο
1668 4951 1762 5002 καὶ

176 5023 430 5088 ἀξιώσειε
465 5027 560 5077 καὶ
586 5030 664 5088 εἰς
711 5030 808 5098 τὴν
839 5033 959 5082 κατ’
995 5031 1307 5102 ὀφθαλμοὺς
1335 5039 1554 5106 ὁμιλίαν
1588 5040 1760 5093 ἐλθεῖν

178 5118 326 5186 ἡμᾶς
376 5134 510 5168 ποτε
534 5135 546 5147 ο
583 5118 671 5168 ἵνα
712 5121 815 5172 ὅσα
845 5121 941 5174 νῦν
972 5123 1254 5193 διαφεύγει
1303 5131 1414 5194 τοῖς
1445 5132 1758 5200 γράμμασι,

179 5207 330 5280 ζώσῃ
362 5213 515 5279 φωνῇ
551 5211 1052 5284 ἁναπληρώσαιμεν
1075 5235 1087 5246 ·
1115 5220 1207 5270 καὶ
1232 5220 1429 5288 μᾶλλον
1459 5223 1760 5292 τηνικαῦτα

175 5303 546 5372 γνωρίσωμεν
584 5302 874 5373 ἀλλήλους,
902 5309 965 5360 ἐκ
1018 5313 1219 5380 μικρᾶς
1263 5315 1524 5384 πρότερον
1567 5316 1763 5387 πείρας

174 5393 622 5464 ἀπογευσάμενοι
653 5413 747 5449 σου
780 5399 879 5468 τῆς
911 5401 1170 5470 γλυκείας
1198 5405 1438 5476 ἀγάπης.

1865 4493 2062 4533 sensus
2123 4481 2350 4535 invicem
2407 4483 2847 4539 commutandos.
2903 4485 2969 4539 Et
3029 4488 3163 4539 mihi
3221 4489 3439 4555 quidem

1866 4571 2065 4623 summi
2101 4573 2207 4625 voti
2239 4590 2324 4627 res
2355 4575 2512 4639 foret,
2566 4593 2690 4629 cum
2740 4579 2891 4631 visus
2937 4579 3227 4648 adeptione
3275 4581 3445 4634 adimi

1867 4665 2030 4717 simul
2071 4683 2164 4719 eos
2201 4668 2296 4734 qui
2346 4669 2525 4723 oculis
2574 4672 2963 4736 obversantur,
3015 4674 3269 4726 stimulos
3316 4689 3445 4742 pec-

1866 4758 1995 4809 cati.
2033 4757 2230 4810 Verum
2269 4760 2382 4812 haec
2405 4762 2812 4830 amicitizejure
2842 4765 2987 4818 dicta
3020 4766 3129 4819 sint
3159 4766 3444 4821 hactenus.

1873 4848 1948 4903 Te
1991 4866 2119 4903 vero
2177 4852 2350 4905 bonus
2410 4853 2551 4907 Deus
2598 4865 2783 4909 noster
2846 4858 3222 4911 consolatione
3273 4861 3445 4914 multa

1870 4943 2204 5006 consoletur,
2239 4955 2296 4995 ut
2328 4960 2449 4996 cum
2481 4947 2781 5014 gratiarum
2817 4949 3036 5002 actione
3071 4948 3212 5001 feras
3235 4951 3444 5012 omnia,

1869 5031 2008 5085 beati
2058 5032 2160 5087 Job
2199 5038 2468 5104 exemplo,
2520 5039 2887 5108 digneturque
2932 5051 3216 5108 praestare,
3272 5051 3330 5093 ut
3387 5041 3443 5095 in

1865 5134 2115 5178 mutuum
2170 5127 2506 5196 colloquium
2574 5145 2761 5183 coram
2825 5134 3116 5184 veniamus
3184 5146 3282 5184 nos
3339 5132 3445 5184 ali-

1864 5217 2112 5285 quando;
2157 5236 2262 5288 quo
2309 5237 2368 5273 ea
2410 5237 2532 5289 qua:
2581 5239 2730 5276 nunc
2774 5223 2972 5277 litteris
3015 5223 3279 5290 explicari
3334 5239 3443 5278 non

1864 5319 2115 5375 possunt,
2170 5311 2288 5361 viva
2341 5327 2477 5364 voce
2521 5313 2914 5381 suppleamus;
2959 5324 3012 5367 et
3049 5322 3177 5366 tunc
3211 5313 3444 5381 amplius

1865 5411 2058 5458 mutuo
2091 5417 2188 5456 nos
2231 5418 2617 5471 agnoscamus,
2662 5405 2754 5473 qui
2788 5422 2854 5458 ex
2894 5407 3041 5459 tenui
3072 5406 3304 5459 antehac
3346 5419 3445 5458 ex-

1867 5497 2131 5567 perientia
2172 5497 2386 5553 dulcem
2433 5508 2582 5552 tuam
2638 5500 2965 5555 charitatem
3011 5499 3444 5570 degustavimus.

1729 5651 1960 5709 NOTAE.

247 5800 360 5875 (79)
395 5803 455 5857 In
493 5803 613 5859 cod.
651 5803 780 5875 Reg.
818 5807 964 5876 pnq'.
