3976 6322
545 339 676 406 1571

809 455 1140 516 CLXXXVI.
1168 492 1237 502 —
1271 461 1476 520 Nicen:
1511 465 1832 536 Spathario.

1733 357 1794 418 S.
1824 356 2220 418 THEODORI
2250 360 2604 422 STUDITJE

3679 348 3818 410 15τὲ

2403 473 2570 540 PﬂC."
2603 466 3064 541 (80).--Νικήτᾳ
3101 464 3434 531 σπαθαρίῳ.
3476 458 3685 532 [ψνξῇ

1956 583 2035 635 De
2055 584 2226 635 uxoris
2249 582 2410 634 obitu.

611 683 671 740 ln
701 684 888 756 parvis
935 685 1158 755 quidem
1190 685 1472 742 doloribus
1517 687 1926 743 consolationes
1966 688 2114 742 inve-
2146 687 2198 746 Α

542 779 662 833 nire
711 778 872 833 facile
919 787 1000 832 est
1038 778 1089 831 ei
1121 778 1216 848 qui
1260 779 1493 834 afﬂictos
1542 781 1824 835 consolari
1865 780 2017 835 velit.
2066 781 2122 835 In

543 868 856 937 huiusmodi
915 884 1044 923 vero
1099 869 1340 923 maximo
1381 870 1589 934 dolore,
1649 886 1760 940 quo
1812 872 1983 941 pietas
2033 883 2126 928 tua

541 960 771 1015 obsessa
821 970 926 1025 est,
960 976 1212 1030 quaenam
1260 961 1488 1032 reperiri
1535 963 1906 1018 consolatoria
1950 967 2130 1020 oratio

542 1051 744 1121 queat?
789 1061 884 1106 aut
912 1053 1038 1121 quis
1087 1068 1378 1108 maerorem
1417 1062 1629 1108 tantum
1666 1069 1861 1108 curare
1906 1072 2129 1127 aggres-

543 1157 661 1207 sus,
694 1143 830 1197 scite
873 1143 925 1197 id
974 1155 1236 1212 praestare
1265 1143 1473 1214 possit?
1519 1145 1564 1199 Ο
1615 1147 1928 1201 luctuosum
1984 1165 2129 1202 nun-

541 1233 714 1288 tium!
749 1236 985 1304 Abrepta
1014 1237 1109 1292 tibi
1143 1247 1226 1292 est
1265 1237 1489 1292 domina
1525 1242 1748 1308 conjux,
1785 1248 1844 1294 ut
1877 1241 2129 1310 proxime

545 1328 866 1384 audivimus
896 1347 910 1382 :
944 1329 1126 1384 ablata
1158 1339 1242 1384 est
1271 1330 1437 1384 unica
1467 1332 1776 1386 consolatio
1808 1333 1860 1385 in
1912 1333 1980 1389 iis
2009 1349 2131 1404 quae

545 1418 807 1472 accidunt
832 1420 1096 1474 erumnis
1130 1438 1143 1473 :
1173 1420 1411 1490 spoliata
1440 1430 1524 1476 est
1548 1430 1875 1475 ornamento
1903 1439 2006 1476 suo
2042 1424 2133 1477 be-

544 1509 763 1565 nedicta
786 1513 1018 1565 domus:
1045 1511 1338 1566 tristantur
1363 1515 1502 1567 rami
1525 1514 1708 1568 excisa
1738 1513 1880 1567 bona
1911 1516 2127 1569 radice:

544 1604 739 1659 famuli
796 1616 851 1660 et
899 1604 1120 1660 famula:
1190 1607 1296 1660 huc
1343 1607 1475 1662 illuc
1518 1607 1797 1670 oberrant,
1850 1608 2130 1663 dominam

546 1713 670 1767 quae
693 1699 914 1752 domum
937 1698 1320 1764 collustrabat,
1351 1707 1678 1768 praesentem
1705 1715 1814 1753 non
1842 1699 2126 1754 habentes.

544 1789 744 1844 Omnia
797 1791 1051 1844 ποιηθεὶς
1100 1789 1306 1859 plena:
1343 1790 1577 1845 fortasse
1620 1801 1674 1844 et
1725 1807 1820 1844 aer
1863 1791 1983 1859 ipse
2033 1792 2130 1846 tibi

544 1891 793 1937 mutatus
827 1885 898 1937 ob
936 1883 1137 1937 mentis
1181 1885 1562 1938 mutationem.
1605 1884 1705 1938 Ubi
1753 1894 1839 1939 est
1871 1885 1964 1938 illa
2008 1901 2132 1955 quae

543 1983 599 2027 te
647 1973 795 2028 domi
841 1988 872 2027 a
924 1973 1179 2042 palatinis
1226 1976 1758 2031 commorationibus
1806 1975 2128 2031 redeuntem

545 2065 792 2121 hilariter
837 2066 1182 2135 excipiebat?
1231 2065 1330 2122 Ubi
1385 2068 1474 2121 illa
1509 2083 1632 2137 quae
1685 2083 1885 2138 genere
1915 2070 2129 2138 propiu-

544 2173 687 2229 quos
735 2160 1145 2228 perhumaniter
1187 2160 1528 2230 excipiebat?
1573 2176 1696 2230 qua:
1747 2162 1850 2216 hoc
1903 2172 1956 2216 et
2002 2163 2128 2228 hoc,

545 2262 712 2320 atque
751 2261 807 2304 ut
846 2253 1036 2320 paucis
1079 2253 1281 2318 dicam,
1318 2253 1507 2306 omnia
1557 2253 1661 2308 rite
1690 2254 2034 2323 disponebat,
2079 2264 2133 2309 et

543 2342 614 2397 ad
641 2344 850 2397 exitum
877 2344 1231 2413 perducebat,
1261 2344 1593 2413 dispensans
1616 2355 1669 2401 et
1692 2361 1891 2400 curans
1917 2346 2131 2417 singula

541 2451 666 2506 quae
706 2437 770 2490 ad
799 2435 1025 2490 domum
1055 2437 1407 2504 spectabant,
1431 2452 1666 2506 qumque
1697 2438 1762 2491 ad
1796 2437 2132 2492 domesticos

541 2529 629 2583 vel
659 2529 898 2598 hospitio
934 2540 1206 2599 receptos.
1251 2529 1521 2584 Abierunt
1565 2540 1618 2584 et
1653 2529 1986 2584 interierunt
2014 2546 2132 2585 om-

543 2622 656 2687 nia,
691 2632 746 2677 et
783 2632 1043 2690 tanquam
1093 2623 1149 2678 in
1204 2623 1504 2678 solitudine
1534 2624 1694 2679 bonis
1739 2624 2000 2679 omnibus
2035 2641 2131 2679 no-

543 2715 675 2770 stris
719 2714 900 2769 orbati
953 2730 1169 2770 sumus.
1223 2713 1374 2768 Talis
1426 2729 1491 2770 ac
1543 2724 1690 2769 tanta
1731 2722 1837 2780 est,
1889 2716 2130 2782 domine,

543 2807 882 2863 honorandae
925 2808 1125 2861 anima:
1168 2816 1276 2862 tuae
1317 2806 1642 2873 calamitas,
1696 2817 1757 2860 ut
1802 2806 2013 2860 nullum
2065 2807 2132 2861 ab

543 2897 864 2952 hominibus
903 2899 1161 2953 solatium
1190 2899 1446 2954 leniendo
1485 2899 1808 2954 inﬂammati
1838 2901 2020 2954 cordis
2047 2901 2129 2955 tui

541 2988 724 3044 dolori
756 3005 852 3059 par
875 2989 1061 3052 fuerit,
1090 2991 1186 3045 sed
1212 3007 1242 3045 a
1270 2991 1389 3046 solo
1424 2991 1534 3048 Deo
1563 2993 1654 3060 qui
1685 2991 1917 3046 humiles
1938 2992 2128 3057 corde,

541 3098 641 3153 per
682 3085 951 3139 bonarum
991 3085 1390 3154 cogitationum
1423 3087 1828 3155 susceptionem
1873 3089 2128 3142 consola-

541 3186 655 3232 tur.
683 3175 776 3231 llla
813 3177 1036 3246 quidem
1084 3179 1284 3232 beata:
1320 3194 1444 3232 nam
1483 3178 1641 3231 beata
1681 3187 1785 3242 est,
1818 3193 1942 3248 quae
1970 3189 2026 3234 et
2067 3180 2131 3235 ii-

542 3269 669 3325 dem
706 3285 838 3342 erga
876 3269 1042 3325 Deum
1071 3272 1284 3324 ﬁrmam
1314 3269 1504 3334 coluit,
1539 3280 1593 3323 et
1619 3269 1786 3322 vitam
1819 3270 1934 3340 egit
1965 3272 2136 3327 hone-

2308 691 2430 745 Ἐπὶ
2463 691 2562 761 μὲν
2596 692 2809 759 πικροῖς
2840 687 3070 740 πάθεσιν
3101 685 3248 738 ἐστιν
3277 681 3638 751 ἐξευρίσκειν
3673 679 3824 732 εὐκό¹⁵

2226 783 2332 846 λως
2377 783 2476 845 τὰς
2513 780 2883 852 παρακλήσεις
2927 778 3019 831 τὸν
3063 772 3504 846 προαιρούμενον
3554 788 3824 841 παραμυ-

2227 874 2439 929 θεῖσθαι
2470 874 2596 937 τοὺς
2619 872 3013 943 κακουμένους.
3055 868 3177 921 Ἐπὶ
3205 868 3261 920 δὲ
3289 867 3528 932 τοιούτῳ
3577 863 3824 933 μεγίστῳ

2227 966 2412 1030 πάθει,
2445 968 2502 1017 ἐν
2531 961 2574 1032 ᾧ
2603 964 2932 1034 περιεσχέθη
2965 965 2997 1032 ἡ
3034 959 3307 1028 θεοφίλειά
3337 975 3456 1016 σου.
3488 958 3583 1018 τίς
3629 955 3704 1008 ἂν
3738 954 3824 1005 καὶ

2229 1058 2542 1130 ἐξευρεθείη
2581 1058 2735 1124 λόγος
2779 1053 3223 1126 παρακλητικός;
3249 1050 3332 1114 τίς
3364 1050 3421 1102 δὲ
3453 1051 3482 1100 ό
3517 1051 3824 1120 ἐπιχειρῶν

2229 1151 2559 1223 θεραπεύειν
2602 1150 2844 1203 τοιοῦτον
2887 1149 3050 1215 ἄλγος
3100 1144 3487 1214 ἐπιστημόνως
3519 1142 3823 1214 δυνηθεξη;

2228 1245 2274 1299 ὦ
2301 1249 2397 1315 τῆς
2425 1243 2764 1306 ἀπευκταίας
2790 1243 2955 1310 ἀκοῆς
2983 1241 2996 1294 ι
3043 1237 3357 1308 Ἀπερῤάγη
3389 1252 3474 1288 σοι
3501 1237 3537 1303 ἡ
3578 1238 3758 1301 κυρία
3793 1235 3824 1303 ἡ

2228 1337 2608 1410 όμόζυγος,ὡς
2631 1336 2757 1406 άρτι
2784 1337 3048 1406 ήκουσται
3080 1334 3212 1402 ἡμῖν
3234 1349 3246 1361 ·
3277 1329 3537 1402 ἀφῃρέθη
3566 1331 3632 1382 τὸ
3668 1330 3825 1399 μόνον

2232 1427 2582 1501 παραμύθιον
2611 1427 2670 1479 ἐν
2702 1429 2821 1488 ταῖς
2853 1422 3221 1494 συμϐατικαῖς
3243 1417 3652 1487 περιστάσεσιν
3674 1435 3687 1446 ·
3726 1417 3825 1467 άπ-

2231 1520 2514 1590 εκοσμήθη
2541 1520 2574 1590 ἡ
2608 1515 2947 1586 εὐλογημένη
2983 1515 3165 1566 ἐστίαο
3207 1514 3257 1564 οἱ
3286 1510 3474 1564 κλάδοι
3506 1511 3823 1578 κατηφεῖς,

2230 1617 2330 1682 τῆς
2370 1610 2584 1679 ἀγαθῆς
2630 1610 2785 1680 ῥίζης
2823 1606 3184 1675 ἐκκοπείσης·
3232 1605 3280 1656 οἱ
3317 1596 3677 1672 θεράποντες
3739 1598 3828 1649 καὶ

2233 1705 2288 1756 αἱ
2329 1701 2654 1771 θεράπαιναι
2698 1695 2800 1752 ὧδε
2845 1698 3070 1750 κάκεῖσε
3103 1693 3572 1764 περιειλούμεναι,
3605 1693 3684 1754 ὡς
3731 1691 3828 1743 οὐκ

2232 1795 2451 1864 ἔχουσαι
2483 1793 2544 1845 τὸ
2571 1790 2898 1862 ᾼεσποτικδν
2924 1791 3219 1858 πρόσωπον
3251 1785 3580 1856 ὲπιλάμπον
3643 1787 3716 1852 τῇ
3751 1785 3826 1834 οἱ·

2232 1887 2347 1958 κίᾳ.
2369 1884 2450 1940 Τὰ
2483 1885 2660 1938 πάντα
2684 1881 2985 1950 κατηφείας
3016 1880 3190 1950 μεστά
3212 1897 3225 1909 ·
3252 1879 3394 1947 τάχα
3424 1879 3525 1932 καὶ
3549 1878 3578 1928 ὁ
3605 1878 3722 1944 άὴρ
3749 1891 3827 1926 σοι

2233 1981 2596 2050 ἠλλοιωμένος
2621 1980 2687 2048 τῇ
2718 1974 3000 2028 ἀλλοιώσει
3035 1974 3143 2025 τῶν
3173 1971 3407 2041 φρενῶν.
3440 1969 3556 2024 Ποῦ
3592 1970 3626 2037 ἡ
3659 1984 3827 2034 aspG-:-

2237 2074 2427 2143 ιεμένη
2464 2089 2522 2124 σε
2556 2068 2845 2123 ἐπανιόντα
2875 2068 3015 2119 οίκοι
3046 2065 3360 2136 περιχαρῶς
3389 2062 3502 2116 ἀπὸ
3539 2061 3655 2113 τῶν
3698 2061 3828 2112 ἀνα-

2235 2165 2505 2235 κτορικῶν
2535 2161 2860 2231 διατριὸὦνς
2895 2159 3005 2213 Ποῦ
3038 2159 3072 2228 ἡ
3111 2159 3235 2220 τοὺς
3265 2153 3707 2227 ἀγχιστεύοντας
3745 2153 3826 2206 δε-

2236 2255 2491 2324 ξιουμένη
2534 2252 2828 2317 ἐπιεικῶς;
2850 2253 2884 2323 ἡ
2937 2250 3084 2315 τόδε,
3119 2249 3215 2303 καὶ
3246 2248 3368 2300 τόδε
3403 2245 3502 2298 καὶ
3538 2245 3646 2296 ὅσα
3689 2245 3823 2304 ἐστὶτ

2236 2355 2522 2423 συντόμως
2567 2353 2765 2415 εἰπεῖν,
2816 2348 3165 2402 διευθετοῦσα
3222 2345 3317 2398 καὶ
3376 2339 3823 2409 συμϐισάζουσα,

2233 2443 2594 2513 οίκονομοῦσά
2629 2458 2688 2494 τε
2725 2441 2818 2495 καὶ⁵
2846 2440 3170 2511 οἰκουροῦσα
3196 2477 3210 2497 ,
3241 2435 3340 2486 ὅσα
3366 2433 3438 2484 τὰ
3473 2432 3606 2484 κατ’
3640 2427 3789 2484 οἷκον
3811 2443 3822 2454 '

2231 2539 2333 2592 ὅσα
2371 2537 2439 2590 τὰ
2465 2535 2599 2606 πρὸς
2628 2534 2826 2598 ἄλλους
2856 2533 3090 2592 οἰκείους
3121 2546 3180 2582 τε
3212 2529 3306 2580 καὶ
3333 2527 3823 2596 ἐπιξενουμένους.

2234 2631 2420 2685 Πάντα
2467 2629 2674 2699 οἴχεται
2703 2630 2796 2681 καὶ
2837 2625 3117 2681 ἀπόλωλε·
3162 2623 3257 2674 καὶ
3295 2621 3620 2690 γεγόναμεν
3651 2620 3731 2680 ὼς
3775 2621 3828 2668 ἐν

2233 2723 2442 2793 ἐρημίᾳ⁵
2469 2723 2686 2776 πάντων
2711 2720 2818 2773 τῶν
2841 2718 3150 2788 προσόντων
3177 2713 3398 2781 ἀγαθῶν
3429 2717 3644 2766 ἀπεστε
3657 2712 3824 2780 ρημέ-

2234 2829 2336 2866 νοι.
2356 2812 2609 2866 Τοιοῦτον
2641 2813 2734 2864 καὶ
2757 2807 3074 2880 τηλικοῦτον
3102 2807 3161 2859 τὸ
3184 2807 3354 2870 πάθος
3380 2807 3483 2874 τῆς
3511 2806 3718 2874 τιμίας
3741 2819 3825 2855 σον

2233 2905 2436 2976 ψυχῆς,
2463 2901 2506 2959 ὦ
2538 2905 2794 2963 δέσποτα,
2821 2901 2913 2954 καὶ
2940 2899 3166 2969 οὐδεμία
3199 2898 3532 2969 παραμυθία
3569 2897 3714 2964 πρὸς
3739 2898 3827 2948 άν-

2235 2997 2470 3069 θρώπων
2503 2993 2828 3062 ίκανουμένη
2873 2991 3204 3045 καταλεᾶναι
3239 2992 3336 3060 τὴν
3370 2988 3831 3057 φλεγμαίνουσάν

2238 3110 2332 3146 σου
2359 3091 2609 3160 καρδίαν,
2641 3087 2673 3156 ἢ
2705 3084 2859 3152 παρά
2886 3085 3056 3154 μόνου
3079 3084 3214 3138 Θεοῦ
3241 3083 3334 3136 τοῦ
3368 3083 3831 3151 παρακαλοῦντος

2235 3185 2361 3246 τοὺς
2389 3178 2678 3241 ταπεινοὺς
2704 3179 2769 3248 τῇ
2805 3176 3024 3249 καρδίᾳ,
3061 3177 3150 3230 διά
3188 3175 3289 3242 τῆς
3328 3173 3442 3226 τῶν
3474 3173 3717 3241 ἀγαθῶν
3759 3172 3832 3224 2.0-

2238 3275 2450 3344 γισμῶν
2497 3271 2841 3342 ἀναλήψεως.
2882 3270 3099 3340 Ἔκείνη
3146 3269 3245 3338 μὲν
3294 3261 3388 3319 οὖν
3438 3271 3472 3336 ὴ
3538 3266 3829 3336 μακαρία·

543 3369 688 3417 stam
715 3380 730 3426 ;
767 3363 927 3431 cujus
951 3361 1148 3415 indicia
1185 3360 1354 3414 multa
1386 3369 1536 3422 sunt,
1566 3377 1802 3430 quorum
1832 3377 1933 3417 nos
1966 3365 2130 3417 etiam

2241 3365 2492 3436 μακαρία
2532 3366 2641 3435 γάρ
2674 3367 2850 3427 ἐστιν,
2893 3363 2981 3416 ἐπ’
3016 3365 3080 3416 ἂν
3123 3363 3222 3428 τὴν
3266 3360 3456 3411 πίστιν
3506 3361 3654 3429 πρὸς
3706 3359 3834 3410 Θεὶν

544 3461 804 3523 expertes
835 3468 945 3506 non
979 3450 1184 3505 fuimus
1219 3468 1231 3503 :
1264 3451 1330 3503 ad
1357 3461 1689 3516 extremum,
1725 3469 1848 3522 qua:
1873 3464 2130 3522 tanquam

548 3560 748 3602 aurum
798 3544 852 3598 in
903 3543 1055 3614 igne,
1094 3543 1364 3598 diuturno
1404 3558 1470 3598 ac
1518 3543 1727 3599 difﬁcili
1778 3546 1970 3599 morbo
2007 3560 2134 3610 pro-

545 3639 672 3693 bata
720 3636 848 3690 hinc
897 3636 1160 3691 evolavit.
1206 3634 1390 3701 Quare
1431 3636 1534 3690 hoc
1575 3636 1735 3691 nobis
1776 3638 1911 3691 satis
1945 3645 2030 3691 est
2066 3637 2132 3689 ad

545 3728 1010 3793 consolationem,
1045 3731 1190 3799 quod
1233 3729 1397 3782 talem
1430 3743 1656 3782 uxorem
1688 3728 1759 3781 ad
1788 3727 1954 3781 Deum
1995 3743 2134 3798 pra:-

545 3822 790 3885 miseris,
842 3837 966 3891 qua:
1019 3821 1404 3890 pulcherrima:
1459 3820 1898 3874 conversationis
1943 3835 2133 3874 exent-

545 3914 697 3984 plum
751 3928 907 3967 suam
966 3913 1139 3983 ipsius
1183 3914 1351 3965 vitam
1399 3911 1555 3965 nobis
1608 3911 1854 3980 reliquit.
1911 3911 2136 3967 Accedit

548 4007 722 4077 quod,
752 4023 876 4061 cum
914 4007 968 4060 in
1015 4005 1218 4060 divinis
1259 4007 1374 4073 ipse
1408 4005 1484 4060 sis
1523 4005 1790 4072 eruditus,
1823 4021 1933 4059 non
1967 4005 2136 4061 debes

546 4115 614 4154 ex
648 4114 716 4154 eo
755 4100 900 4169 quod
949 4093 1174 4161 accidit.
1211 4099 1553 4152 conturbari.
1593 4097 1718 4154 Scis
1758 4101 1928 4164 enim,
1967 4101 2134 4156 simul

545 4199 709 4260 atque
743 4191 798 4244 in
848 4191 988 4244 hanc
1035 4191 1211 4244 lucem
1254 4188 1366 4244 Deo
1393 4191 1609 4245 volente
1659 4194 1941 4247 nascendo
1974 4193 2133 4246 veni-

544 4293 694 4343 mus,
742 4280 902 4334 nobis
946 4279 1152 4333 exitum
1207 4280 1544 4349 impendere,
1587 4297 1811 4351 prorsus
1860 4282 2133 4336 nativitati

547 4371 822 4426 adnexum
877 4387 979 4426 nec
1031 4373 1392 4427 immortalem
1440 4373 1610 4426 ullum
1664 4375 1937 4428 hominem
1989 4390 2130 4438 esse,

551 4478 654 4518 nec
676 4464 993 4534 conjugium
1026 4466 1197 4518 ullum
1225 4465 1628 4520 indissolubile.
1657 4466 2130 4536 Contemplemur,

551 4552 600 4606 si
631 4551 831 4622 placet,
880 4555 950 4607 ab
976 4554 1147 4607 Adam
1180 4553 1248 4607 ad
1283 4555 1424 4608 hunc
1459 4569 1637 4622 usque
1677 4555 1847 4617 dietn,
1881 4565 1938 4610 et
1971 4571 2132 4625 repe-

545 4645 757 4698 riemus
789 4645 951 4698 aliam
983 4659 1046 4699 ex
1083 4646 1214 4709 alia,
1261 4647 1506 4714 quandiu
1540 4647 1706 4700 stabit
1750 4647 1838 4700 hic
1869 4651 2128 4711 mundus,

2237 3457 2504 3524 ἐκέκτητο
2534 3455 2776 3524 ἀσφαλῆ,
2815 3455 2910 3506 καὶ
2957 3453 3046 3506 τὸν
3081 3452 3195 3522 βίον
3225 3449 3458 3502 διετέλει
3494 3451 3732 3518 σεμνόν·
3777 3443 3832 3500 οῦ

2235 3550 2596 3619 γνωρίσματα
2638 3547 2832 3612 πολλὰ,
2863 3541 2940 3603 ὧν
2971 3551 3068 3600 καὶ
3095 3547 3255 3616 ἡμεῖς
3279 3545 3380 3596 οὐκ
3411 3545 3646 3615 ἄμοιροι
3677 3561 3831 3595 τετν-

2235 3643 2486 3715 χήκαμεν
2507 3657 2521 3670 ο
2567 3639 2629 3692 τὸ
2669 3639 2726 3691 δέ
2758 3638 3088 3701 τελευταῖον,
3131 3639 3214 3690 ὅτι
3256 3635 3331 3698 ὼς
3360 3636 3576 3705 χρυσὸς
3607 3638 3669 3687 ἐν
3704 3637 3834 3703 mp":

2235 3739 2300 3806 τῇ
2336 3733 2652 3806 μακροτέρα
2682 3733 2775 3785 καὶ
2803 3731 3068 3802 δυσοίστῳ
3093 3730 3232 3800 νόσῳ
3270 3729 3691 3799 δοκιμασθεῖσι
3729 3715 3830 3781 ἀπ·

2237 3829 2375 3899 ἐπτη
2427 3827 2535 3880 τῶν
2583 3825 2817 3880 ἐνθένδε.
2850 3825 3060 3880 Οὐκοῦν
3093 3823 3327 3894 ἀρκετὸν
3362 3825 3504 3892 ἡμῖν
3544 3823 3715 3876 τοῦτο
3753 3826 3830 3884 εὶς

2236 3920 2617 3992 παρηγορίανο
2658 3921 2742 3972 ὅτι
2770 3918 3106 3990 τηλικαύτην
3140 3917 3414 3985 όμόζυγον
3451 3915 3830 3986 παρέπεμψας

2240 4015 2338 4084 μὲν
2368 4012 2506 4081 Θεῷ,
2524 4013 2834 4082 ὑπόδειγμα
2865 4012 3163 4079 καλλίστης
3191 4007 3481 4070 πολιτείας
3509 4010 3608 4060 τὸν
3636 4010 3830 4073 ἑαυτῆς

2237 4107 2352 4176 βίον
2379 4107 2730 4176 ἐναφήσασαν
2775 4109 2930 4176 ἡμῖν.
2970 4105 3080 4159 Καὶ
3132 4102 3310 4165 άλλως
3357 4103 3441 4154 ὅτι
3477 4103 3549 4154 τὰ
3601 4103 3725 4155 θεῖα
3761 4102 3828 4153 ὧν

2236 4196 2675 4265 πεπαιδευμένος
2703 4195 2886 4259 αὐτὸς,
2917 4193 2977 4246 οὐ
3008 4190 3264 4244 τοσοῦτον
3294 4189 3542 4258 ὀφείλεις
3571 4188 3829 4254 ἐκσταθῆ-

2235 4304 2324 4340 ναι
2371 4289 2464 4339 ἐπὶ
2507 4287 2585 4356 τῷ
2631 4286 2898 4356 γεγονότι.
2930 4281 3094 4346 Οἶδας
3143 4283 3256 4351 γὰρ
3289 4284 3391 4334 ·ὅτι
3445 4284 3529 4343 εἰς
3574 4282 3826 4349 γέννησιν

2236 4380 2560 4451 ἐληλυθότες
2590 4380 2716 4434 κατ’
2748 4379 2995 4431 εὐδοκίαν
3033 4376 3189 4437 Θεοῦ,
3222 4377 3444 4437 πάντως
3474 4377 3543 4443 τῇ
3578 4377 3824 4442 γεννήσει

2238 4469 2653 4539 ωνεζέυγμένη
2699 4469 2795 4522 καὶ
2826 4471 2858 4536 ἠ
2906 4467 3084 4532 ἔξοδος
3125 4468 3261 4534 ἡμῖν
3296 4464 3697 4534 προσγίνεται.
3741 4464 3825 4516 καὶ

2232 4565 2403 4626 οὐδεὶς
2453 4564 2740 4633 ἄνθρωπος
2802 4562 3108 4624 ἀθάνατος,
3159 4560 3254 4611 καὶ
3306 4557 3540 4626 οὐδεμία
3603 4558 3825 4622 urg-J75:

2237 4656 2609 4719 ἀδιάζευκτος.
2651 4653 3171 4722 Ἀναθεωρήσωμεν,
3226 4653 3275 4702 εἰ
3326 4649 3502 4708 δοκεῖ.
3553 4651 3688 4713 τοῦς
3729 4650 3826 4702 ἀπὸ

544 4736 969 4791 descendentem
1017 4737 1452 4792 successionem.
1491 4737 1595 4794 Ubi
1630 4749 1758 4792 sunt
1801 4740 1893 4807 qui
1945 4749 1995 4792 te
2037 4755 2129 4809 ge—

2251 4749 2424 4816 Ἀδὰμ
2465 4746 2627 4816 μέχρι
2672 4746 2934 4816 τήμερον,
2969 4747 3063 4796 καὶ
3093 4743 3402 4812 εὑρήσομεν
3446 4743 3551 4812 τὴν
3587 4743 3825 4809 ὑπάλλη-

545 4838 807 4892 nuerunt,
836 4827 1088 4892 Domine,
1126 4838 1182 4883 et
1208 4829 1305 4899 qui
1339 4831 1464 4885 illos
1499 4831 1892 4900 procrearunt?
1915 4839 1968 4886 et
2005 4848 2130 4886 sur-

544 4937 666 4976 sum
713 4937 905 4976 versus
935 4937 1277 4985 commeans,
1332 4923 1481 4978 aliud
1529 4924 1664 4978 nihil
1697 4925 1932 4993 reperies
1962 4942 2126 4994 quam

545 5010 752 5066 ﬂuxum
779 5028 844 5068 ac
872 5012 1151 5070 deﬂuxum
1185 5015 1238 5068 in
1272 5014 1590 5070 hominibus
1624 5031 1746 5072 esse
1782 5026 2124 5085 perpetuum.

547 5104 691 5169 Quid
727 5105 897 5174 igitur
928 5121 1073 5159 nunc
1105 5116 1190 5160 est
1223 5108 1370 5175 quod
1401 5109 1706 5176 quaeritur?
1738 5107 1809 5162 Ut
1838 5110 1982 5177 apud
2028 5125 2129 5163 nos

545 5196 743 5258 simus,
782 5204 838 5248 et
882 5212 1161 5267 nunquam
1209 5197 1597 5254 obliviscenda:
1630 5202 1841 5255 mulieri
1883 5215 2126 5269 congrua

547 5285 768 5352 quidem
820 5286 970 5355 justa
1019 5290 1394 5358 persolvamus
1430 5293 1553 5361 (pro
1602 5309 1708 5363 qua
1760 5309 1860 5347 nos
1907 5310 2127 5363 quoque

549 5377 782 5433 humiles
815 5395 923 5434 non
951 5382 1237 5437 minimum
1262 5385 1467 5453 precati
1497 5400 1690 5440 sumus
1715 5399 1771 5441 ut
1801 5387 1853 5441 in
1889 5387 1990 5440 hac
2017 5388 2125 5440 vita

546 5479 925 5536 permaneret;
966 5474 1184 5528 tametsi
1227 5476 1497 5541 exauditi,
1537 5488 1597 5531 ut
1633 5488 1969 5547 peccatores,
2015 5493 2125 5531 non

2237 4841 2326 4894 λον
2361 4839 2612 4908 διαδοχὴν
2652 4836 2945 4890 κατιοῦσαν
2976 4835 3080 4898 ἓως
3111 4833 3177 4887 ἂν
3212 4835 3309 4886 καὶ
3338 4835 3578 4905 συσταίη
3627 4838 3656 4887 ὁ
3707 4835 3823 4903 τῇδε

2237 4930 2461 4999 κόσμος.
2498 4927 2608 4982 Ποῦ
2639 4928 2688 4980 οἱ
2722 4925 2990 4994 φύσαντές
3021 4941 3079 4976 σε
3105 4963 3120 4987 ,
3163 4923 3426 4986 δέσποτα,
3461 4925 3561 4976 καὶ
3602 4925 3654 4976 οἱ
3685 4923 3822 4976 ἐκεί-

2232 5021 2666 5088 νους,τεκόντες;
2707 5021 2800 5071 καὶ
2830 5017 3169 5080 ἀναποδίζων
3191 5017 3348 5068 οὐδὲν
3383 5017 3519 5070 ἄλλο
3550 5019 3819 5088 εὑρήσεις,

2232 5115 2264 5184 ἦ
2302 5113 2432 5184 ῥοὴν
2473 5113 2566 5165 καὶ
2592 5109 2867 5182 ἀπορροὴν
2898 5109 2965 5162 τὰ
2986 5107 3333 5180 ἀνθρώπινα.
3355 5110 3422 5160 Τί
3455 5106 3554 5162 οὖν
3579 5112 3698 5162 ἐστι
3737 5108 3821 5161 νῦν

2230 5208 2289 5259 τὸ
2321 5205 2684 5276 ζητούμενον;
2731 5205 2880 5266 ὅπως
2921 5205 3002 5263 εἰς
3035 5202 3187 5271 ἡμᾶς
3228 5202 3435 5264 αὐτοὺς
3485 5201 3816 5270 γενοίμεθα,

2231 5299 2326 5352 καὶ
2362 5299 2431 5350 τὰ
2474 5299 2571 5367 μὲν
2617 5297 2804 5349 είκότα
2835 5296 3100 5361 ἐπιτάφια
3155 5293 3584 5360 ἐπιτελέσωμεν
3617 5297 3684 5363 τῇ
3715 5295 3818 5344 ἀει-

2237 5389 2486 5458 μνήστῳ’
2537 5386 2680 5455 ὑπὲρ
2727 5380 2794 5456 ἦς
2823 5386 2916 5438 καὶ
2953 5384 3117 5453 ἡμεῖς
3148 5384 3198 5434 οἱ
3230 5385 3493 5436 ταπεινοὶ
3521 5385 3626 5438 οὐκ
3654 5385 3818 5450 ἐλάχι-

2237 5495 2335 5531 στα
2361 5478 2663 5549 ηὐξάμεθα,
2683 5479 2730 5529 εἰ
2755 5476 2846 5528 καὶ
2869 5474 2969 5526 οὐκ
2993 5471 3355 5542 ὴκούσθημεν
3381 5473 3460 5537 ὡς
3488 5473 3814 5544 ἁμαρτωλοὶ,

2062 5682 2297 5739 NOTAE.

623 5835 732 5907 (80)
765 5837 821 5891 lu
853 5839 978 5895 cod.
1009 5837 1139 5912 Reg.
1174 5837 1318 5910 ρπθ’.
