3976 6322
151 329 182 385 1
200 326 332 386 573
1360 347 1728 410 EPISTOLA

1846 355 1901 412 Μ
1948 356 2093 417 LIB.
2159 359 2239 420 II.
3310 371 3444 436 1574

137 437 224 486 τὸ
268 439 560 550 ἐπιμεῖναι
587 445 757 517 αὐτὴν
787 449 845 501 ἐν
872 451 1010 522 τῷδε
1044 453 1124 524 τῷ
1154 455 1282 527 βίῳ’
1306 458 1375 512 τὰ
1403 461 1460 514 δὲ
1492 463 1602 516 τῶν
1636 468 1728 519 παὶ

1868 469 2157 540 fuerimus)
2197 483 2253 526 ut
2292 489 2416 544 qua:
2446 477 2513 531 ad
2559 477 2702 534 ﬁlios
2736 493 3008 550 spectant,
3042 496 3193 540 recte
3235 494 3442 543 consti—

137 529 315 597 δων,
337 528 418 646 ,εὖ
452 533 784 607 διαθώμεθα,
821 545 916 596 καὶ
951 545 1022 598 τὰ
1051 548 1297 619 ἡμέτερα
1352 550 1533 617 egesta
1564 573 1728 626 προευ

2142 528 2153 540 ,
2311 528 2326 544 ,
2395 528 2409 530 -
2453 528 2513 531 ,νπ
2559 528 2699 534 Tn-
2736 528 3008 550 -,,--.....,
3043 528 3192 540 ην...
3235 528 3441 543 νων...-

1864 573 2104 630 tuamus,
2141 575 2195 620 et
2236 567 2301 620 ad
2343 568 2550 622 exitum
2590 580 2840 626 nostrum
2889 590 2990 629 nos
3029 591 3441 646 comparemus,

135 621 565 694 τρεπίσωμεν,
593 629 1008 700 ὲμὸιοτεύοντες
1037 639 1115 708 τῷ
1147 640 1248 710 βίῳ
1286 641 1633 715 Θεοπρεπῶς’
1678 651 1726 702 ἵν

2093 621 2104 630 ,
2356 621 2363 622 -
2889 621 2989 629 --η
3032 621 3434 646 τν...,,...........,,

1861 655 2028 709 vitam
2061 657 2203 712 hanc
2236 657 2345 714 Deo
2366 660 2527 728 digne
2553 663 2924 733 transigentes
2954 684 2967 720 :
3002 677 3060 721 ut
3092 670 3220 725 hinc
3248 683 3434 726 trans-

140 719 556 784 μεταστάντες
588 723 699 777 τῶν
729 726 961 793 ἐνθένδε,
987 732 1224 801 ὁπηνίκα
1254 736 1542 805 ἐπιτρέπει
1572 741 1604 809 ἡ
1634 744 1728 810 πρέ

1861 747 1954 801 lati
1999 759 2127 804 tunc
2169 765 2294 804 cum
2331 752 2562 821 jusserit
2592 757 2951 824 providentia,
2987 760 3100 816 illic
3143 765 3442 820 nancisca-

139 824 329 871 νοια,
360 811 672 885 εὑρήσομεν
700 819 879 872 ἐκεῖσε
911 825 1008 893 τὴν
1038 825 1209 895 καλὴν
1234 829 1502 896 ὀμόζυγον
1528 833 1585 882 ἐν
1611 834 1728 886 άπει

1860 855 1982 893 ιιιυι·
2003 843 2278 912 egregiam
2310 845 2597 915 conjugem
2631 849 2857 905 inﬁnitis
2890 854 3104 909 saeculis
3150 856 3438 912 nobiscum

136 914 297 968 ροις
345 902 510 956 αίῶσι
554 907 854 976 χαίρουσαν
900 913 999 967 σὺν
1048 917 1181 984 ἡμῖν
1213 918 1394 982 αὐτοῖς
1421 921 1516 972 ἐπὶ
1541 923 1728 990 μεθέξε

1864 932 1918 986 in
1949 935 2367 1005 participatione
2400 940 2756 995 ineﬁ‘abilium
2789 943 3057 999 bonorum
3087 949 3435 1017 gaudentem.

131 993 281 1042 τῶν
338 993 669 1067 ἀπορρήτων
717 1001 960 1068 ἀγαθῶν.
1012 1006 1199 1059 Ταῦτα
1248 1010 1298 1061 εί
1351 1013 1446 1064 καὶ
1501 1011 1728 1083 ὲλάχιστ

1950 993 1962 1003 ι
2151 993 2162 1005 ι
2582 993 2585 994 ⁷
2649 993 2656 994 ί
2690 993 2755 995 λη
2790 993 3057 999 -““⁷““”““”
3087 993 3435 1017 ο“““¹“““¹¹“¹““““”¹⁸¹“

1862 1020 2009 1087 Hac,
2043 1024 2166 1079 licet
2214 1027 2411 1096 exigua
2462 1031 2528 1084 ad
2561 1033 3022 1102 consolationem,
3059 1049 3304 1094 nostram
3359 1051 3440 1094 ta-

133 1083 318 1152 πρὸς
351 1090 695 1199 παρηγορίαν
715 1109 730 1124 ·
750 1095 900 1162 ὅμως
925 1098 1007 1149 ὅτι
1035 1099 1376 1155 ὲπιδεικτικὰ
1405 1104 1507 1175 τῆς
1537 1107 1726 1178 ἀγάπη

1996 1083 2005 1087 _
2308 1083 2335 1096 ,,
2505 1083 2513 1084 κ
3059 1083 3304 1094 ..--.......
3360 1083 3410 1094 ...

1862 1127 1986 1167 men
2045 1117 2394 1172 testabuntur
2459 1119 2897 1178 benevolentiam
2952 1143 3078 1198 erga
3134 1137 3186 1183 te
3228 1146 3436 1199 :quem

132 1186 290 1233 σου,
359 1173 486 1244 ἥτις
546 1179 640 1231 καὶ
700 1182 987 1253 χαρισθεέη
1046 1186 1177 1255 ἡμῖν
1233 1173 1473 1259 εὔθυμος
1523 1173 1617 1245 καὶ
1663 1173 1726 1247 sti

2474 1173 2480 1174 ,
2577 1173 2588 1175 -
2956 1173 3077 1198 ηυ-
3135 1173 3185 1183 -ν
3229 1173 3435 1199 ..,..ν...

1860 1204 2020 1257 velim
2068 1221 2283 1276 semper
2330 1224 2454 1265 esse
2494 1211 2640 1264 bono
2671 1213 2857 1267 animo
2909 1225 2963 1269 et
2996 1218 3061 1272 ad
3102 1219 3435 1274 consolatio-

134 1263 569 1367 ’παρηγόρητος
601 1270 692 1320 ἐπὶ
725 1272 825 1342 τῆς
857 1275 951 1325 ἐπὶ
981 1277 1156 1330 πάντα
1185 1280 1266 1342 εἰς
1291 1280 1426 1334 Θεὸν
1448 1283 1727 1338 ἅναθέσεω

1860 1309 1983 1349 nem
2022 1297 2339 1366 capiendam
2377 1309 2566 1369 parato
2605 1318 2704 1371 pro
2739 1312 2833 1359 tua
2866 1305 2920 1360 in
2961 1307 3068 1362 Deo
3103 1309 3324 1366 ﬁducia.

133 1369 171 1402 υ
181 1370 356 1421 μων.

314 1471 467 1525 PﬂZ'
495 1474 940 1544 (81).-Λέοντι
967 1483 1371 1550 Σακελλαρίφ.
1417 1483 1604 1559 [ψνη⁹.]

2170 1493 2526 1555 CLXXXVII.
2545 1530 2617 1539 —
2645 1498 2810 1556 Leoni
2842 1503 3160 1560 Sacellario.

1272 1600 1464 1652 Gratias
1489 1607 1588 1666 agit
1613 1611 1668 1654 et
1695 1604 1908 1658 virtutes
1942 1609 2052 1671 ejus
2079 1611 2332 1672 praedicat.

222 1698 360 1752 Kal.
406 1702 619 1773 σιωπᾷν
665 1703 765 1758 οὐκ
801 1706 1212 1780 ὲπιτρεπόμεθα
1252 1713 1363 1766 τῶν
1412 1716 1728 1786 εὐεργεσιῶε

1923 1720 1991 1776 Ει
2018 1723 2179 1778 silere
2215 1725 2376 1780 nobis
2422 1740 2530 1780 non
2559 1727 2687 1784 licet
2716 1731 2812 1799 qui
2856 1747 3086 1788 summa:
3124 1746 3180 1790 et
3222 1738 3439 1793 deside-

128 1790 254 1860 τῆς
312 1793 582 1864 μεγίστης
631 1797 727 1849 καὶ¹
770 1799 1106 1871 ὲπιποθήτου
1155 1820 1247 1856 σου
1295 1807 1568 1877 ὑπεροχῆς
1615 1811 1728 1863 ἀπο

1856 1824 1987 1869 ratae
2014 1817 2349 1872 excellentiae
2383 1829 2486 1873 tua:
2511 1822 2792 1877 beneﬁciis
2818 1822 3077 1889 fruimur,
3117 1840 3170 1883 et
3201 1846 3437 1901 respon—

129 1881 456 1948 λαύοντες’
493 1887 586 1939 καὶ
615 1887 862 1963 ἀπαντᾷν
906 1894 1026 1946 κατ’
1069 1895 1225 1960 ἀξίαν
1257 1897 1356 1950 οὐκ
1383 1899 1725 1968 εὐποροῦμεν

3066 1881 3076 1889 ,
3127 1881 3140 1883 _
3202 1881 3404 1901 ,_-,___

1854 1906 1984 1962 dere
2020 1923 2118 1977 pro
2145 1909 2410 1979 dignitate
2441 1927 2549 1966 non
2595 1929 2912 1982 possumus,
2947 1923 3270 1988 congruenti
3317 1939 3440 1978 ser-

127 1975 329 2044 λόγου
363 1978 699 2050 ἀποροῦντες
726 1985 1112 2056 προσήκοντος.
1148 1988 1210 2040 Εί
1240 1989 1295 2042 δὲ
1318 1990 1399 2042 ὅτι
1433 1993 1463 2061 ἡ
1499 1993 1728 2065 θεοφιλῆ.

1853 1975 2036 2047 moue‘
2051 1995 2321 2052 destituti.
2355 1997 2512 2064 Quod
2541 2015 2670 2054 vero
2699 2001 2867 2056 Deum
2899 2020 3093 2061 amans
3124 2011 3309 2065 anima
3345 2022 3435 2067 tua

133 2083 250 2118 σου
297 2065 452 2139 ψυχὴ
484 2068 558 2140 μὴ
588 2068 764 2135 οὕτως
793 2073 986 2140 οἴεται,
1017 2076 1076 2128 οὐ
1116 2075 1529 2146 θαυμαστόν.Ἡ
1549 2083 1728 2149 ἀγάπι

1853 2098 1961 2136 ιιοιι
1990 2084 2070 2138 sic
2097 2087 2285 2148 sentit,
2317 2089 2518 2142 mirum
2552 2105 2656 2144 non
2693 2100 2798 2144 est.
2831 2091 3084 2149 Charitas
3119 2100 3342 2168 quippe,
3374 2112 3433 2156 ut

129 2161 288 2230 γὰρ,
351 2162 507 2231 φησὶ,
541 2163 610 2216 τὸ
637 2165 827 2218 κακὸν
864 2167 936 2219 οὐ
982 2167 1308 2236 λογίζεται·
1351 2173 1474 2225 ἐπεὶ
1516 2175 1611 2226 καὶ
1659 2176 1728 2228 ἔκι

1853 2174 1950 2240 ait,
2008 2191 2112 2229 non
2165 2179 2362 2248 cogitat
2423 2179 2717 2249 malum";
2781 2185 2909 2251 quia
2962 2161 3432 2257 jampridem-id-

131 2252 341 2306 παλαι
376 2253 437 2306 τὸ
464 2255 599 2308 αὐτὸ
630 2255 788 2309 εἴωθε
823 2258 1048 2326 φιλικῶς
1080 2261 1487 2332 ὑπολαμϐάνειν
1523 2268 1619 2320 καὶ
1659 2284 1728 2320 σε⁴

1854 2267 2033 2336 ipsum
2065 2270 2222 2324 solita
2248 2279 2332 2325 est
2366 2272 2542 2326 amice
2575 2289 2926 2341 praasumere,
2957 2288 3009 2332 et
3043 2295 3145 2334 nos
3180 2281 3434 2352 indignos

134 2346 392 2417 μνύνειν
427 2349 572 2418 ὑμᾶς
598 2348 805 2419 δωρεὰν
834 2353 960 2415 τοὺς
984 2354 1280 2425 ἀλητίμους
1300 2371 1313 2385 ⁸
1343 2359 1432 2410 καὶ
1457 2359 1531 2422 ὥς
1561 2379 1726 2429 φασιν

1853 2362 2025 2429 gratis
2067 2363 2278 2416 honore
2333 2363 2585 2430 allicere;
2637 2376 2798 2436 teque
2842 2383 2966 2422 cum
3011 2371 3141 2427 'aliis
3170 2383 3431 2444 tanquam

130 2441 273 2492 οὐδὲ
311 2441 634 2510 συγκρίνειν
658 2442 804 2513 ἔχεις
836 2445 972 2516 πρὸς
1000 2446 1265 2518 ἀλλήλους
1297 2449 1416 2502 καθ’
1448 2454 1724 2524 ὑπεροχήν

1850 2453 2348 2519 excellentioribus,
2387 2456 2611 2510 minime
2649 2458 2846 2522 audes,
2897 2461 2974 2513 uti
3010 2462 3233 2528 dicitur,
3277 2472 3430 2520 co'm-

145 2532 334 2584 Ἀλλὰ
364 2532 537 2586 ταῦτα
570 2534 689 2604 μὲν,
728 2536 805 2601 ὡς
838 2539 1073 2608 εἴρηται,
1098 2542 1195 2611 τῆς
1229 2542 1380 2613 ἱερᾶς
1412 2545 1648 2614 στοργῆς
1682 2549 1728 2600 τέ

1850 2561 2066 2616 parare.
2112 2545 2316 2601 Verum
2373 2549 2510 2613 haec,
2584 2558 2643 2603 ut
2702 2550 2838 2617 dixi,
2901 2566 3074 2606 sacra:
3120 2555 3430 2613 dilectionis

130 2623 496 2694 συμϐόλαια.
530 2627 701 2692 Αὐτὸς
737 2630 813 2694 δὲ,
847 2625 892 2684 ὦ
927 2635 1346 2698 παντεπαίνετε,
1381 2634 1565 2699 ἔοικας
1589 2638 1726 2708 ἀκρό

1848 2653 1978 2698 sunt
2022 2643 2241 2697 indicia.
2288 2643 2368 2698 Tu
2402 2660 2554 2708 vero,
2594 2646 2959 2717 undequaque
2990 2648 3306 2715 laudabilis,
3342 2653 3428 2706 vi-

132 2718 314 2781 πολίς
365 2736 450 2782 τις
496 2719 808 2791 ἐνιδρύσθαι
839 2725 895 2775 ὲν
919 2728 985 2795 τῇ
1022 2725 1254 2795 βασιλίδι
1285 2727 1392 2779 τῶν
1423 2729 1632 2782 πόλεων
1653 2746 1667 2759 ·
1710 2732 1728 2782 'i

1847 2735 1994 2788 deris
2019 2735 2072 2786 in
2107 2735 2321 2788 urbium
2359 2737 2566 2806 regina,
2602 2745 2860 2806 tanquam
2890 2753 2984 2790 arx
3022 2741 3270 2808 quasdam
3310 2742 3426 2810 copl-

127 2810 396 2881 τάληθὲς
430 2813 758 2884 οἰκειότερον
785 2817 978 2881 εἰπεῖν,
1009 2817 1173 2890 λιμὴν
1205 2817 1728 2891 πολυχώρητοςζθλι-

1847 2827 2084 2891 locatus,
2121 2837 2236 2892 aut,
2271 2838 2328 2882 ut
2355 2829 2573 2898 proprie
2609 2831 2782 2896 magis
2805 2845 2995 2884 verum
3041 2832 3240 2896 dicam,
3275 2835 3427 2887 velut

128 2907 410 2975 σομὲνων
437 2907 746 2971 ἀνάπαυλα,
771 2909 1051 2979 διψώντων
1075 2912 1234 2980 λόγου
1258 2913 1533 2984 ἐμμελοῦς
1562 2915 1728 2968 Exstva

1847 2931 2036 2990 portus
2087 2923 2505 2990 capacissimus,
2564 2921 2889 2976 alﬂictorum
2944 2923 3183 2992 requies,
3235 2927 3426 2982 audire

127 2999 534 3069 παραμύθιον,
584 3003 950 3072 καθεκαστην,
996 3003 1071 3066 ὠς
1131 3009 1324 3072 είπεῖν,
1367 3007 1728 3077 εἰσδεχόμενος

1839 3013 2087 3082 jucunda
2126 3010 2474 3083 cupientibus
2525 3015 2836 3069 consolatio
2889 3015 3107 3080 idonea,
3159 3019 3422 3087 quotidie,

129 3094 236 3144 καὶ
259 3092 526 3162 ίώμενος,
543 3092 866 3161 θεραπεύων
895 3113 953 3148 τε
981 3096 1077 3149 καὶ
1100 3099 1492 3166 ἀφοσιούμενος
1517 3100 1728 3164 τούτους

1848 3115 1909 3158 υι
1940 3105 2140 3167 dicam,
2190 3106 2484 3160 admittens
2518 3114 2573 3160 et
2614 3121 2842 3168 sanans,
2871 3123 3180 3176 procurans
3208 3119 3262 3163 et
3297 3112 3424 3166 reli-

129 3185 484 3250 κὰκείνους,
524 3185 748 3255 μείζους
781 3189 875 3241 καὶ
920 3189 1178 3253 ἐλάττους
1205 3230 1218 3250 ,
1258 3192 1424 3260 ἱερεῖς
1475 3194 1570 3244 καλ⁵
1601 3193 1738 3262 ἀρχ-

132 3281 339 3350 ιερεῖς,
393 3277 627 3341 ἐντελεῖς
663 3281 756 3334 καὶ
803 3282 1147 3351 ὑφειμένους.
1194 3282 1280 3346 Ὠς
1313 3284 1738 3356 μεγαλοπρεπές

133 3381 237 3418 σου
273 3366 340 3418 τὸ
375 3364 521 3420 θεῖον
561 3368 803 3438 ἀξίωμα,
853 3371 1032 3424 καὶτὸ
1068 3372 1311 3440 θεοφιλὲς
1345 3377 1687 3446 πρακτήριον
1720 3378 1733 3430 l

134 3457 436 3528 Προσήκει
478 3475 561 3513 σοι
595 3461 788 3515 καὶτὰ
828 3463 920 3515 τοῦ
969 3464 1212 3532 ἀοιδίμου
1255 3466 1370 3518 ’1ὼό
1405 3468 1468 3518 τὰ
1515 3467 1740 3536 ἐπιφθέ-

133 3564 340 3618 γματα
366 3564 379 3576 ·
412 3552 616 3620 Πατὴρ
651 3552 946 3622 ἐγενόμην
979 3555 1256 3623 ὀρφανῶν
1279 3596 1292 3618 ,
1347 3559 1499 3622 ποὺς
1531 3558 1598 3611 δὲ
1628 3578 1737 3627 χω·-

131 3637 290 3703 λῶν,
345 3643 530 3696 παντὶ
566 3644 634 3696 δὲ
659 3644 949 3711 ἀνθρώπῳ
996 3647 1290 3709 ἀνέῳκταί
1323 3667 1442 3716 μου
1479 3652 1516 3718 ἠ
1551 3651 1733 3718 θύρα,

131 3733 369 3788 καὶ-ὅσα
394 3733 606 3796 τούτοις
636 3737 1000 3806 συνεπόμενα.
1037 3739 1108 3791 Σὺ
1133 3739 1194 3790 τὸ
1227 3739 1478 3808 λείψανον
1510 3742 1608 3811 τῆς
1638 3743 1734 3795 εὐ-

134 3824 370 3889 σεϐείας
392 3841 407 3855 ⁸
434 3826 598 3890 αὐτὸς
623 3828 682 3881 τὸ
715 3831 999 3900 κεοιμήλιον
1023 3831 1121 3901 τῆς
1157 3832 1465 3901 ὀρθοδοξίας
1485 3851 1496 3862 ·
1531 3835 1626 3887 καὶ
1664 3836 1734 3889 τὰ

134 3917 321 3973 πολλὰ
355 3921 702 3991 παρατρέχει
734 3925 760 3975 ὁ
787 3923 944 3991 λόγος
966 3940 978 3952 ³
1035 3925 1118 3976 ἵνα
1152 3924 1226 3993 μὴ
1257 3924 1383 3996 δόξῃ
1410 3925 1545 3994 πρὸς
1572 3929 1732 3997 χάριν

129 4007 344 4076 λέγειν,
391 4013 488 4064 καὶ
530 4012 821 4069 κολακείαν
871 4016 940 4069 τὰ
972 4017 1052 4078 είς
1099 4016 1388 4086 πρόσωπον
1442 4018 1730 4083 ἁκουτιζό-

134 4119 298 4171 μενα.
338 4107 532 4174 Ὅμως
568 4107 698 4177 μίαν
726 4108 911 4179 φωνὴν
949 4109 1208 4177 προσθεὶς
1259 4111 1598 4164 ἀποπαύσειε
1636 4113 1729 4164 τοῦ

130 4192 358 4261 λέγειν·
412 4197 514 4266 μία
551 4200 880 4269 παραμυθία
925 4201 1138 4271 Πατρὶ,
1191 4205 1490 4274 μονογενής
1535 4222 1594 4258 τε
1635 4206 1728 4258 καὶ

131 4285 468 4359 φιλοπάτωρ
508 4292 647 4356 υίδς,
681 4292 776 4343 καὶ
812 4296 878 4364 τῇ
941 4293 1173 4362 βασιλίδι
1211 4295 1422 4365 πόλειή
1458 4297 1523 4367 σὴ
1558 4315 1728 4368 μεγα-

130 4374 347 4448 λοφυὴς
385 4382 479 4432 καὶ
514 4381 842 4452 περιϐόητος
874 4384 1230 4454 ἁρισταρχία.

131 4489 295 4544 ΡΠΗ¹
319 4493 539 4564 (82).—
561 4495 639 4565 Τῇ
669 4499 976 4567 σπαθαρίᾳ
1002 4500 1107 4554 τοῦ
1138 4502 1499 4558 Φλαόιανοῦ.
1530 4501 1721 4575 [ψνθ⁹.]

1848 3198 2001 3267 giose
2031 3198 2215 3251 colens
2246 3198 2345 3250 hos
2375 3208 2429 3249 et
2468 3197 2612 3261 illos,
2661 3199 2898 3266 majores
2938 3214 3002 3253 ac
3044 3200 3309 3267 minores,
3343 3217 3426 3256 sa-

1849 3290 2096 3345 cerdotes
2128 3300 2181 3343 et
2210 3290 2518 3358 episcopos,
2557 3289 2826 3359 primores
2861 3301 2913 3344 et
2947 3291 3214 3348 subditos.
3248 3293 3422 3360 Quam

1850 3382 2140 3453 magniﬁca
2171 3392 2256 3437 est
2289 3383 2528 3453 dignitas
2569 3392 2659 3436 tua
2708 3383 2916 3446 divina,
2955 3393 3010 3437 et
3047 3382 3156 3437 Deo
3200 3396 3423 3454 accepta

1847 3474 2192 3529 exercitatio.
2242 3471 2365 3526 Tibi
2420 3473 2583 3526 etiam
2636 3474 2972 3526 conveniunt
3013 3474 3282 3529 decantati
3319 3474 3425 3528 Job

1846 3566 2013 3621 verba
2044 3582 2060 3614 :
2100 3565 2266 3619 Pater
2292 3582 2438 3617 erant
2467 3565 2847 3633 orphanorum,
2878 3574 2926 3618 et
2962 3581 3048 3633 pes
3083 3567 3420 3632 claudorum,

1844 3669 1893 3711 et
1944 3659 2088 3710 omni
2133 3658 2332 3709 homini
2366 3666 2553 3724 aperta
2598 3664 2714 3708 erat
2752 3655 2927 3725 janua
2977 3675 3093 3711 mea
3111 3660 3188 3726 '9;
3230 3668 3283 3714 et
3316 3660 3421 3714 alia

1843 3761 1966 3815 qua:
2015 3754 2341 3814 sequuntur.
2382 3745 2460 3799 Tu
2510 3745 2753 3814 reliquiae
2783 3746 3022 3815 pietatis,
3073 3757 3130 3802 tu
3174 3760 3422 3820 recepta-

1841 3839 2026 3894 culum
2067 3838 2458 3891 0|‘lll0dl)xi;B':
2506 3847 2563 3892 et
2605 3842 2774 3892 multa
2812 3841 3181 3907 pratermittit
3219 3843 3421 3904 oratio,

1841 3948 1910 3986 ne
1946 3933 2010 3985 ad
2041 3933 2273 4001 gratiam
2309 3931 2460 3998 loqui
2500 3947 2621 4000 qua:
2659 3932 2712 3984 in
2762 3947 2822 3984 os
2863 3933 3141 3998 dicuntur,
3189 3944 3243 3987 et
3287 3937 3421 3990 adu-

1840 4025 1940 4080 lari
1970 4026 2237 4080 videatur.
2287 4024 2528 4078 Verbum
2566 4034 2748 4077 tamen
2796 4041 2964 4078 unum
2998 4027 3205 4082 addens
3247 4032 3421 4082 conti-

1838 4129 2036 4173 cescet.
2092 4118 2268 4172 Patris
2322 4133 2429 4172 una
2478 4126 2562 4172 est
2613 4118 2946 4182 consolatio,
3004 4121 3318 4189 unigenitus
3367 4133 3419 4176 et

1837 4220 2046 4279 patrem
2080 4224 2275 4262 amans
2309 4209 2475 4273 ﬁlius,
2512 4219 2625 4262 tum
2659 4209 2861 4276 reginae
2899 4210 3022 4264 urbi
3071 4213 3417 4280 magnanima

1835 4313 1889 4358 et
1915 4303 2146 4358 celebris
2178 4304 2382 4371 optima
2416 4309 2508 4355 tua
2541 4303 2970 4356 administratio.

2007 4498 2386 4555 CLXXXVIII.
2419 4511 2494 4538 —'
2519 4497 2820 4569 Spatlturia:
2848 4499 3090 4554 Flaviani
3124 4503 3174 4568 (‘
3195 4503 3232 4571 ).

1598 4615 1650 4663 In
1687 4613 1826 4664 obitu
1855 4613 1963 4663 ﬁlii.

207 4712 492 4780 Ἔφθασεν
516 4713 550 4784 ἡ
573 4715 821 4787 ἁπευκτὴ
840 4717 1070 4786 ἀγγελία
1089 4718 1180 4772 τοῦ
1199 4737 1266 4771 πε
1277 4721 1328 4789 ρὶ
1351 4721 1443 4774 τοῦ
1470 4724 1555 4774 ἀει
1563 4724 1724 4792 μνήσ-

1905 4719 2157 4774 Pervenit
2189 4734 2364 4788 usque
2396 4717 2464 4772 ad
2506 4718 2870 4772 humilitatem
2904 4733 3124 4788 quoque
3163 4731 3408 4774 nostram

131 4817 226 4854 του
247 4805 482 4876 υίοῦρσου
498 4805 726 4872 πάθους,
752 4812 912 4880 μέχρι
932 4811 1027 4863 καί¹
1038 4813 1134 4882 τῆς
1148 4815 1178 4883 ἡ
1190 4813 1305 4884 μῶν
1317 4817 1718 4880 ταπεινώσεως.

144 4892 234 4946 Ἐν
334 4898 530 4969 ὥσπερ
552 4901 602 4952 οί
633 4901 733 4964 τὰς
764 4902 932 4965 ἀκοὰς
958 4902 1246 4974 βροντηδὸν
1277 4908 1724 4978 καταπλαγέντες

133 4991 485 5060 πεπτὴχασιν
516 4991 651 5055 ὅλως
674 5007 688 5022 °
720 4993 894 5057 οὕτως
924 4998 1057 5066 ἡμῖν
1091 4999 1119 5050 ὁ
1149 4998 1304 5066 λόγος
1336 5000 1721 5072 ὲξαπορεῖσθαι

132 5083 429 5151 πεποίηκε,
469 5084 563 5134 καὶ
596 5084 730 5154 μηδὲ
759 5085 907 5156 ἔχειν
959 5105 1012 5140 τι
1045 5089 1382 5158 φθέγξασθαι
1429 5093 1576 5159 ἄξιον
1617 5096 1720 5161 τῆς

131 5165 345 5240 ὀδύνης.
386 5176 451 5226 Ὢ
480 5176 532 5227 τί
553 5175 777 5244 γέγονεν
810 5179 1070 5249 ὲξάπινας
1099 5183 1215 5246 πῶς
1235 5181 1407 5254 ᾤχετο
1429 5185 1566 5256 ἀνὴρ
1590 5186 1721 5238 Θαυ-

139 5263 364 5327 μαστὸς,
429 5267 562 5320 αὺτὸ
600 5267 700 5336 τῆς
732 5270 949 5341 ἡλικίας
1004 5274 1154 5342 ἄγων
1204 5275 1266 5327 τὸ
1312 5274 1608 5346 βιώσιμον;
1644 5277 1718 5340 ὼς

142 5355 501 5429 μεγαλοήλιξῑ
561 5361 636 5425 ὡς
664 5363 867 5432 ὡραῖος
915 5365 1014 5435 τὴν
1067 5365 1224 5434 ὄψινῑ
1265 5366 1364 5435 ὡς,
1397 5368 1623 5439 εὐγενὴς
1659 5370 1717 5422 τὸ

209 5471 256 5503 ³⁸
280 5471 297 5525 l
325 5474 457 5530 Cor.
494 5492 614 5543 xm,
650 5477 701 5531 5.
777 5475 946 5532 "Job
979 5495 1129 5547 χχιι,
1163 5482 1251 5536 15.

1832 4813 2020 4869 feralis
2050 4813 2276 4867 nuntius
2321 4811 2388 4865 de
2422 4821 2639 4865 aeternae
2691 4811 2968 4865 memon-ite
3004 4812 3095 4864 ﬁlii
3133 4814 3209 4864 tui
3256 4826 3406 4866 casu.

1831 4907 1889 4961 In
1916 4922 2045 4977 quo,
2071 4905 2534 4974 quemadmodum
2567 4905 2602 4956 ii
2632 4905 2832 4972 quibus
2862 4919 3022 4958 aures
3050 4907 3251 4957 tonitru
3288 4920 3410 4973 per-

1831 5015 2007 5054 cussae
2038 5007 2184 5060 sunt,
2225 4999 2320 5051 toti
2365 5005 2518 5050 metu
2551 5007 3013 5062 consternantur;
3063 4997 3132 5049 ita
3171 5012 3272 5050 nos
3320 4998 3409 5051 bic

1829 5106 2016 5145 rumor
2047 5090 2102 5143 iu
2135 5104 2379 5143 summas
2423 5089 2703 5156 angustias
2739 5088 2968 5158 redegit,
3005 5099 3062 5142 ut
3107 5104 3207 5141 nec
3239 5087 3407 5140 verba

1829 5189 2124 5249 suppetant
2157 5194 2280 5248 qua:
2311 5178 2460 5246 paria
2501 5179 2613 5231 sint
2643 5178 2843 5232 dolori.
2880 5177 2924 5232 Ο
2955 5180 3083 5248 quid
3116 5179 3408 5245 derepente

1827 5272 2036 5327 factum
2075 5272 2194 5326 est?
2223 5271 2499 5340 quomodo
2528 5273 2765 5326 excessit
2797 5272 2876 5325 vir
2919 5271 3294 5331 admirandus,
3340 5284 3405 5322 ea

1827 5381 1985 5426 aetate
2016 5386 2138 5440 quae
2174 5371 2414 5423 maxime
2455 5369 2640 5423 vitalis
2669 5379 2770 5433 est,
2810 5384 2970 5438 quam
3005 5379 3264 5436 procerus
3289 5376 3405 5418 sta-

1679 5636 1912 5692 NOT/E.

218 5734 282 5803 (Ἴ
310 5737 710 5798 Consolatoria.

221 5807 330 5881 (81)
360 5814 417 5867 lu
447 5816 572 5871 Cod.
616 5814 727 5887 Reg
785 5819 925 5885 ριιαβ.

1913 5750 2025 5823 (82)
2063 5750 2120 5806 In
2161 5751 2282 5808 cod.
2318 5749 2449 5822 Reg.
2476 5755 2617 5823 ριε,α’.
