3976 6322
112 350 232 411 15Π

1276 351 1814 412 EPISTOLARUM
1843 355 1990 414 LIB.
2029 356 2114 412 Il.

3145 423 3159 435 ,
3195 359 3331 420 1518

104 464 450 532 φιλομόναχόν
468 479 526 514 τε
559 464 652 516 καλ⁵
683 464 982 533 φιλάγαθον
1004 508 1019 530 ,
1056 468 1151 520 καὶ
1179 469 1538 537 γεγέννηκας,
1566 469 1647 520 καῖ

1765 446 2156 524 monachorum
2197 477 2496 530 amantem,
2540 479 2592 521 ct
2626 468 2752 523 boni
2784 469 3115 533 studiosum,
3157 482 3210 524 et
3240 489 3333 541 ge-

116 556 488 625 προύπεμψας.
525 555 709 608 Ἔστω
746 574 826 610 σοι
855 559 1177 629 παραμυθία
1224 559 1507 629 αὐτάρκης
1566 560 1660 613 καὶ

101 644 444 713 εὐχαριστίας
491 644 765 708 ὑπόθεσις.
807 648 916 701 Καὶ⁵
970 650 1397 721 παρακαλοῦμέν
1451 667 1512 703 σε
1560 651 1660 720 τὴν

101 733 530 804 θεοπαράκλητον
559 736 650 788 καὶ
693 737 1022 790 πανσὺνετον
1045 756 1058 769 ’
1101 739 1280 808 γενοῦ,
1312 741 1387 804 ὡς
1419 743 1474 794 ὲν
1525 742 1658 795 πᾶσι

98 826 204 885 τοῖς
260 822 460 888 ἀλλοις,
513 826 789 880 κάνταῦθα
857 829 1261 898 μεγαλοψυχίας
1325 832 1656 903 ὑπόδειγμα·

97 914 252 968 καλὸν
281 917 528 984 ἐντάφιον
563 920 659 971 καὶ
691 919 769 990 τῷ
820 922 1082 989 παγκάλῳ
1114 922 1235 993 υἱῷ,
1280 923 1355 987 ὼς
1385 926 1478 978 καὶ
1506 927 1659 996 ψυχι-

96 1003 202 1066 κῶς
235 1005 549 1078 ἱμειρομὲνη
607 1008 674 1061 τὰ
722 1009 871 1080 αὐτῷ
921 1012 1317 1078 ἐπιϐάλλοντα,
1352 1015 1658 1086 ἀπόμοιραν

95 1093 209 1162 Θεῷ
232 1096 554 1150 εἰσοίσουσα.
578 1098 728 1168 Τάχα
743 1102 853 1170 γὰρ
871 1101 960 1154 διά
980 1102 1140 1154 τοῦτο
1156 1102 1286 1166 Θεός
1315 1122 1377 1157 σε
1398 1105 1657 1174 ἐταμιεύ-

96 1201 221 1238 σατο
257 1185 363 1240 τῶν
394 1188 774 1258 προλαϐόντων
803 1193 1066 1263 ὑστάτην,
1103 1194 1188 1247 ἵνα
1218 1195 1396 1248 πάντα
1426 1197 1657 1267 Θεοπρε-

95 1275 206 1348 πῶς
238 1275 550 1350 διαθεμένη,
591 1282 857 1347 εὐκταίως
910 1287 1228 1357 συναπάρῃς
1258 1285 1367 1339 τῶν
1422 1289 1654 1354 ἐνθένδε,

93 1365 182 1414 καὶ
203 1364 618 1441 κληρονομήσῃς
649 1372 745 1424 σὺν
774 1373 955 1437 αὐτοῖς
1005 1374 1150 1444 ζωὴν
1201 1373 1441 1431 αἰώνιον.
1472 1379 1656 1432 Ταῦτα

93 1455 183 1506 καὶ
229 1459 258 1508 ό
286 1457 512 1527 ἀδελφὸς
563 1463 718 1531 ἡμῶν
766 1466 794 1516 ό
844 1464 1256 1535 θεοφιλέστατος
1303 1468 1657 1539 ιῐιρχιεπίσκο⁴

91 1561 188 1607 πός
245 1551 732 1621 συμφθεγγόμενός
775 1556 891 1607 ἐστι
919 1595 936 1620 ,
988 1557 1430 1630 πολυτιμιωτάτη
1491 1563 1657 1632 κυρία

93 1653 214 1704 μου.

189 1775 335 1828 ΡΠΘ’
359 1775 970 1847 (85).-έηαντολέοντι
1000 1784 1312 1853 λογοθέτῃ.
1339 1783 1530 1859 [ψξω]

1767 561 1958 627 nuisti,
1986 571 2040 615 et
2070 552 2402 630 prieinisisti.
2432 561 2516 615 Sit
2547 561 2640 616 tibi
2680 561 2985 629 consolatio
3027 561 3244 625 idonea,
3278 573 3333 617 et

1763 654 2062 724 gratiarum
2105 655 2436 725 agendarum
2473 663 2876 724 argumentum.
2914 651 3110 722 Utique
3145 653 3331 708 horta-

1764 755 1980 809 murte,
2015 745 2139 800 licet
2165 745 2403 798 divinius
2439 745 2717 798 incitatam
2759 754 2816 798 et
2869 744 3192 813 prudentem
3226 760 3331 799 un-

1759 834 2051 905 dequaque
2084 855 2096 890 :
2125 848 2264 902 esto,
2305 835 2774 906 quemadmodum
2809 835 2860 888 in
2903 836 3115 890 caeteris
3149 837 3332 890 omni-

1760 926 1884 991 bus,
1916 928 2007 982 liic
2040 929 2204 982 etiam
2235 929 2414 998 magni
2449 928 2615 981 animi
2649 928 2962 997 exemplum
2995 945 3008 981 :
3039 929 3327 998 pulchrum

1761 1016 1928 1072 funus
1973 1020 2342 1088 pulcherrimo
2385 1020 2488 1088 ipsi
2529 1034 2748 1088 quoque
2793 1018 2926 1078 lilio,
2963 1029 3222 1089 tanquam
3262 1021 3330 1074 de

1762 1107 1828 1162 iis
1855 1124 1974 1176 qua:
2000 1111 2066 1162 ad
2107 1111 2260 1163 ἱιιιιιιι
2297 1118 2565 1179 spectant,
2591 1109 2678 1179 pie
2711 1110 2964 1174 sollicita,
2995 1110 3051 1165 in
3083 1111 3174 1165 Dei
3203 1125 3302 1179 par

1760 1208 1868 1253 tem
1903 1200 2158 1254 offerens.
2185 1201 2476 1270 Propterea
2514 1203 2658 1254 enim
2699 1200 2932 1256 fortasse
2962 1201 3103 1256 Deus
3134 1211 3186 1255 te
3209 1203 3331 1256 illo-

1758 1303 1879 1343 rum
1942 1290 2036 1360 qui
2102 1300 2530 1360 praecesserunt-
2569 1292 2816 1346 ultimam
2874 1294 3209 1357 reservavit,
3271 1302 3331 1347 ut

1759 1382 2010 1437 omnibus
2038 1382 2199 1452 digne
2227 1384 2335 1439 Deo
2354 1385 2658 1455 dispositis,
2682 1385 2910 1440 feliciter
2930 1386 3055 1441 hinc
3071 1386 3327 1455 emigrcs,

1759 1481 1814 1527 et
1847 1489 1968 1526 eum
1997 1474 2129 1542 ipsis
2152 1475 2316 1528 vitam
2346 1485 2606 1530 aeternam
2639 1477 2911 1532 sortiaris.
2938 1479 3062 1534 Haec
3086 1486 3140 1530 et
3161 1476 3330 1532 frater

1759 1580 1950 1625 noster
1973 1570 2066 1626 Dei
2097 1575 2512 1629 amantissimus
2542 1575 2990 1645 archiepiscopus
3014 1591 3116 1628 una
3139 1575 3330 1628 nobis-

1759 1679 1881 1718 cum
1921 1665 2186 1734 loquitur,
2220 1667 2440 1720 domina
2495 1684 2616 1723 mea
2668 1668 2827 1739 longe
2877 1668 3326 1724 honoratissima.

1953 1792 2289 1878 CLXXXIX.
2318 1826 2386 1839 --
2416 1795 2756 1852 Pantaleonti
2801 1798 3123 1869 Logotltetw.

1089 1897 1446 1960 Deprecatoria
1469 1914 1558 1961 pro
1581 1901 1843 1953 Theodoto
1871 1904 2284 1968 ProtOSpathario.‘

158 1998 342 2066 Ἰσμεν
377 2001 469 2053 καὶ
504 2000 565 2053 τὸ
623 2001 1118 2077 εὐπαῤῥησίαστον
1150 2015 1448 2084 νεμεσητὸν
1469 2015 1649 2084 ὑπάρ-

86 2105 196 2157 χειν
217 2106 230 2120 ·
261 2095 705 2163 συνεπιστάμεθα
734 2100 826 2151 καὶ
877 2101 967 2153 τὸν
1007 2104 1198 2174 καιρὸν
1226 2109 1487 2179 συστολὴν
1521 2112 1652 2180 ἡμῖν

84 2183 397 2254 ἐπιτρέπειν
417 2203 430 2217 ο
458 2185 573 2240 ἀλλ’
602 2190 751 2260 ὅμως
773 2185 840 2244 τιὸ
867 2193 1202 2264 ὑπερϐάλλον
1223 2201 1320 2263 τῆς
1365 2202 1649 2274 ἀμυθήτου

85 2291 177 2326 σου
200 2278 328 2347 περὶ
354 2280 502 2348 ἡμᾶς
522 2282 648 2344 τοὺς
677 2287 967 2350 ταπεινοὺς
1003 2288 1308 2344 εὐδιάθετον
1340 2293 1650 2363 ἠνάγκασεν

83 2368 225 2462 ἡμᾶς
273 2371 673 2445 τολμηρότερον
707 2379 1012 2447 χρήσασθαι
1062 2385 1156 2435 καὶ
1180 2385 1314 2456 τῷδε
1365 2389 1442 2457 τῷ
1471 2407 1654 2462 γραμ-

86 2461 276 2531 ματίῳ.
305 2464 590 2536 Τολμηρὸν
619 2468 726 2538 γάρ
753 2472 898 2522 ἐστιν
929 2471 1003 2535 ὡς
1032 2473 1247 2545 ἀληθῶς
1296 2479 1356 2531 οὐ
1391 2481 1552 2550 μόνον
1582 2461 1652 2537 τά

83 2551 201 2604 καθ’
229 2554 464 2617 ἑαυτοὺς
505 2558 819 2628 ἀναφέρειν,
851 2561 986 2615 ἀλλά
1015 2566 1109 2618 καὶ
1146 2568 1288 2638 ὑπὲρ
1309 2569 1514 2640 ἑτέρων
1565 2573 1651 2625 δε-

81 2642 298 2714 δεῆσθαι
320 2663 333 2676 ·
356 2647 528 2718 ὅμως,
563 2649 638 2713 ὡς
669 2652 904 2722 εἴρηται,
929 2655 990 2707 τὸ
1020 2657 1153 2710 πολὺ
1180 2677 1272 2712 σου
1295 2661 1522 2731 εὐμενὲς
1557 2667 1651 2718 καὶ

79 2736 294 2792 διπλοῦν
329 2741 572 2809 εὐσεϐὲς,
605 2745 1015 2818 παρεθάρρυνεν
1061 2752 1209 2822 ἡμᾶς
1260 2755 1550 2826 τολμῆσαι.
1585 2759 1651 2810 Τί

79 2829 168 2882 οὖν
195 2831 256 2884 τὸ
286 2833 611 2904 λεγόμενον;
641 2840 770 2911 περὶ
818 2839 1071 2899 Θεοδότου
1118 2847 1214 2900 τοῦ
1245 2853 1649 2918 πρωτοσπαθα-

81 2939 214 2991 ριου,
249 2925 309 2988 ὃς
352 2927 502 2992 ὅπως
534 2931 680 2984 ἐστὶν
717 2933 1029 3002 ἐναγώνιος,
1093 2940 1248 2994 αἰτία
1293 2942 1390 2996 τοῦ
1441 2961 1648 2999 συναπ-

79 3015 308 3108 ἀραντος
331 3019 481 3090 αὑτῷ
501 3023 786 3101 οἰκονόμου
808 3027 908 3097 τῆς
933 3030 1257 3102 Ἐκκλησίας
1287 3035 1346 3087 ἐν
1374 3039 1438 3108 τῇ
1463 3037 1644 3105 Δύσει,

77 3106 420 3202 ᾗαγινώσκει
460 3114 678 3179 πάντως
727 3119 759 3184 ἠ
807 3120 1218 3195 ἀνυπέρϐλητός
1249 3143 1342 3180 σου
1379 3106 1644 3202 ὑπεροχή.

79 3198 170 3292 Τίς
193 3200 286 3255 οὖν
314 3205 476 3268 ἀλλος
515 3208 580 3260 ἂν
612 3209 923 3285 ὲξευρεθείη
955 3215 1206 3286 ἀρῤωγὺς
1250 3219 1345 3272 ἐπὶ
1376 3224 1443 3292 τῇ
1490 3198 1642 3277 ἀντι-

77 3291 232 3363 λήψει
255 3296 349 3349 τοῦ
377 3294 607 3369 ἀνδρός;
645 3301 729 3364 τίς
751 3304 796 3355 δ’
828 3304 894 3356 ἂν
939 3307 1395 3380 ὲχεφρονέστερος
1417 3291 1516 3383 τῆς
1544 3316 1642 3384 σῆς

80 3385 431 3452 μεγαλονοίας
483 3390 709 3444 συνιδεῖν
738 3393 800 3446 τὸ
835 3393 990 3462 δέον;
1038 3398 1121 3461 τίς
1145 3399 1201 3453 δὲ
1234 3403 1326 3454 καὶ
1354 3405 1383 3456 ὀ
1433 3406 1526 3458 ἐπὶ
1552 3406 1644 3461 τοῦ

77 3477 306 3542 κράτους
326 3479 386 3531 τὸ
411 3480 650 3548 ὑπόγυον
703 3482 840 3552 ἔχων
871 3484 1033 3542 πλέον
1059 3489 1160 3559 τῆς
1202 3491 1302 3562 σῆς
1335 3511 1647 3565 γνησιευτι-

75 3570 173 3639 κῆς
208 3573 644 3643 παραστάσεως;
675 3577 772 3639 Δὸς
795 3577 823 3630 ὃ
846 3578 1077 3649 εἴληφας
1105 3587 1258 3652 παρὰ
1279 3587 1414 3641 Θεοῦ
1469 3590 1642 3656 ἕλεος,

73 3659 300 3715 δέσποτα
327 3664 673 3734 παμπόθητε,
713 3667 790 3737 τῷ
823 3669 1080 3742 δεομένῳ.
1135 3675 1644 3749 Προκυλινδούμεθά

76 3770 164 3845 σου
196 3759 308 3820 τοῖς
336 3758 542 3829 τιμίοις
596 3761 766 3830 ῐχνεσι
788 3777 800 3790 °
837 3761 1000 3834 βουλή
1057 3783 1150 3818 σου
1178 3768 1255 3831 ὠς
1287 3770 1450 3845 βουλὴ
1477 3775 1645 3844 ἀγγέ-

73 3844 160 3897 λου
184 3864 198 3878 ·
228 3851 380 3922 φωνή
425 3868 520 3904 σου
548 3851 623 3914 ὡς
654 3851 801 3921 βολὶς
854 3856 1246 3926 ἀστράπτουσα
1296 3867 1362 3935 τῇ
1406 3844 1462 3919 τε
1503 3868 1638 3939 λαμ-

73 3940 298 4032 Ῑτράτητ,
329 3945 432 4012 τῆς
450 3944 785 4014 παρρησίας,
819 3947 908 3997 καὶ
936 3951 1001 4017 τῇ
1036 3953 1135 4019 τῆς
1153 3953 1376 4027 ἀγάπης
1403 3959 1638 4032 ἀγλαΐᾳ·

71 4024 134 4101 ἦς
159 4033 208 4085 εί
239 4031 498 4104 ἀξιωθείη
523 4035 748 4106 μέτοχος
777 4040 1028 4106 γενέσθαι
1056 4045 1085 4094 ὁ
1109 4045 1299 4115 ἱκέτης
1332 4024 1469 4112 σου,
1505 4024 1641 4104 πάν-

73 4140 174 4185 τως
205 4125 268 4178 ἂν
295 4125 401 4190 ἔξω
426 4143 532 4179 που
557 4129 782 4200 γένηται
819 4131 927 4184 τῶν
965 4139 1416 4206 κατηγορητικῶν
1470 4140 1642 4211 βελῶν

69 4215 159 4268 τοῦ
177 4217 558 4289 ἀντικειμένου
590 4221 760 4293 αὐτῷ,
784 4223 858 4286 ὡς
891 4219 1043 4289 οἶδας
1071 4227 1098 4278 ὁ
1149 4230 1464 4298 ὑψηλόνους,
1499 4237 1639 4288 κατὰ

69 4307 351 4379 διαφόρους
377 4311 636 4380 τρόπους.
675 4314 864 4384 Ἡμεῖς
886 4333 945 4368 τε
971 4320 1033 4370 oi.
1058 4325 1308 4375 ταπεινοὶ
1357 4327 1641 4394 προσοίσο-

71 4398 166 4463 μέν
197 4417 277 4453 σοι
317 4402 520 4464 πολλάς
557 4402 654 4466 τὰς
694 4406 1040 4476 εὐχαριστίας
1079 4428 1140 4463 τε
1193 4415 1289 4466 καὶ
1332 4419 1640 4488 προσευχὰς

68 4490 204 4560 ὑπὲρ
238 4494 432 4560 ὑγείας
461 4494 788 4564 ἀμφοτέρων
813 4499 986 4567 ὑμῶν,
1020 4505 1117 4573 τῆς
1142 4505 1316 4574 καλῆς
1346 4506 1518 4572 ὅντως
1545 4511 1639 4563 καὶ⁵

1830 2015 2046 2073 Scimus
2085 2019 2310 2072 nimiam
2357 2018 2612 2088 loquendi
2664 2019 2971 2074 libertatem
3018 2020 3324 2088 expositam

1754 2122 1875 2161 esse
1903 2109 2311 2179 reprehensioni
2341 2131 2355 2165 :
2388 2111 2594 2165 scimus
2615 2120 2874 2181 praetcrea
2905 2122 3118 2183 tempus
3147 2114 3323 2182 ipsum

1755 2200 2063 2254 cautionem
2112 2202 2277 2257 nobis
2333 2204 2602 2272 imperare
2647 2214 2931 2258 :attamen
2987 2197 3326 2273 exsuperans

1758 2301 1864 2344 tum
1902 2308 2028 2361 erga
2077 2308 2178 2349 nos
2224 2293 2463 2350 humiles
2498 2295 2895 2365 inexplicabilis
2933 2295 3328 2350 benevolentiae

1753 2386 2072 2454 magnitudo
2113 2389 2291 2458 coegit
2339 2403 2440 2444 nos
2477 2389 2742 2444 audacius
2789 2389 2875 2444 bis
2928 2389 3094 2442 etiam
3129 2389 3326 2444 litteris

1752 2479 1854 2534 uti.
1881 2480 2138 2536 Audaciw
2188 2482 2337 2537 enim
2374 2498 2558 2538 revera
2591 2494 2716 2547 est,‘
2741 2501 2849 2538 non
2894 2483 3070 2539 solum
3103 2488 3171 2539 de
3202 2501 3326 2554 pro-

1752 2571 1887 2638 priis
1910 2571 2074 2628 rebus
2110 2574 2229 2630 suis
2262 2575 2490 2641 referre,
2523 2575 2616 2630 sed
2654 2592 2752 2645 pro
2783 2577 2907 2631 aliis
2938 2577 3106 2631 etiam
3138 2578 3327 2646 depre-

1751 2661 1905 2714 cari:
1934 2672 1989 2717 et
2027 2673 2233 2729 tamen,
2273 2674 2332 2720 ut
2364 2665 2571 2720 dictum
2614 2678 2720 2731 est,
2767 2669 2968 2722 eximia
3009 2668 3324 2723 humanitas

1751 2762 1865 2815 tua,
1896 2763 1951 2808 et
1980 2757 2196 2825 gemina
2228 2759 2424 2826 pietas,
2469 2757 2829 2814 confirmavit
2870 2775 2971 2814 nos
3033 2769 3094 2815 ut
3153 2761 3298 2816 aude

1751 2861 1956 2901 remus.
2005 2846 2146 2914 Quid
2181 2865 2312 2920 ergo
2362 2860 2448 2906 est
2481 2853 2625 2921 quod
2677 2852 2990 2923 loquimur?
3029 2855 3102 2910 De
3140 2853 3322 2910 Theo-

1749 2937 1880 2992 doto
1920 2937 2385 3010 Protospatliario,
2431 2945 2526 3013 qui
2565 2960 2677 3014 quo
2726 2953 2884 3013 pacto
2923 2946 2976 3000 in
3006 2947 3324 3002 discrimine

1747 3038 2014 3095 versetur,
2067 3041 2288 3100 propter
2328 3046 2678 3089 teconomum
2719 3033 2998 3100 Ecclesiae,
3040 3037 3170 3106 quia
3213 3053 3323 3092 una

1749 3136 1875 3175 cum
1919 3122 2040 3191 ipso
2085 3123 2362 3191 navigavit
2397 3124 2454 3178 in
2489 3122 2864 3190 Occidentem,
2902 3125 3054 3181 novit
3093 3142 3322 3196 prorsus

1752 3212 2202 3284 incomparabilis
2248 3218 2547 3272 eminentia
2599 3228 2715 3273 tua.
2767 3218 2904 3285 Quis
2957 3220 3126 3290 igitur
3179 3221 3322 3276 alius

1750 3305 1983 3360 inveniri
2018 3307 2237 3378 adjutor
2263 3311 2459 3379 possit,
2498 3313 2592 3382 qui
2627 3313 2728 3367 viri
2765 3328 2986 3369 causam
3020 3313 3323 3384 suscipiat?

1747 3397 1882 3464 Quis
1913 3414 2108 3470 magna
2145 3409 2236 3455 tua
2269 3411 2453 3458 mente
2485 3404 2894 3476 intelligentior,
2928 3416 2990 3462 ut
3015 3410 3146 3477 quid
3175 3406 3322 3463 facto

1745 3488 1817 3544 sit
1844 3503 1981 3558 opus
2013 3493 2343 3561 perspiciat?
2388 3494 2524 3561 Quis
2552 3486 2735 3550 autém
2768 3497 2926 3568 cujus
2970 3513 3131 3567 opera
3162 3514 3323 3568 para-

1747 3583 1855 3636 tior
1895 3593 1950 3637 et
1998 3584 2231 3638 validior
2281 3586 2354 3640 sit
2399 3603 2564 3656 quam
2623 3589 2836 3645 sincera
2888 3601 2977 3645 tua
3013 3590 3324 3660 protectio?

1747 3673 1919 3737 Quam
1963 3690 1994 3730 a
2029 3674 2139 3731 Deo
2165 3679 2422 3746 accepisti
2472 3679 2928 3749 misericordiam,
2965 3682 3190 3736 domine
3226 3682 3321 3738 de.

1745 3768 2162 3834 sideratissin-e,
2206 3770 2492 3841 impertire
2523 3774 2848 3843 postulanti.
2901 3773 3194 3830 l‘lonoratis
3226 3791 3321 3829 ve-

1744 3861 1926 3930 stigiis
1955 3862 2064 3916 tuis
2095 3863 2441 3919 advolvimur
2469 3883 2483 3919 :
2511 3867 2807 3922 consilium
2839 3878 2991 3922 tuum
3022 3868 3165 3922 sicut
3187 3882 3322 3921 con-

1745 3953 1929 4006 silium
1976 3954 2155 4025 angeli
2187 3972 2202 4008 :
2236 3970 2340 4010 vox
2384 3967 2476 4011 tua
2512 3960 2661 4013 velut
2701 3959 2886 4030 fulgur
2914 3975 3219 4014 coruscans
3264 3968 3320 4013 ct

1744 4045 2010 4099 libertatis
2057 4046 2332 4107 claritate.
2370 4058 2425 4103 et
2460 4050 2746 4119 splendore
2790 4051 3078 4106 charitatis
3113 4069 3126 4104 :
3158 4051 3319 4120 cujus

1744 4135 2015 4204 particeps
2043 4138 2090 4192 si
2131 4138 2248 4192 fieri
2278 4141 2540 4194 meruerit
2573 4141 2800 4211 supplex
2836 4151 2988 4208 tuus,
3021 4141 3317 4197 adversarii

1743 4227 1828 4282 sui
1862 4230 2234 4286 accusationis
2256 4231 2440 4301 jaeula
2468 4234 2685 4302 penitus
2723 4233 2917 4289 evadet
2945 4235 3115 4290 variis
3141 4236 3320 4290 modis

1741 4322 1836 4392 qui
1889 4323 1985 4377 tibi
2023 4338 2121 4393 pro
2172 4325 2281 4379 alta
2331 4335 2514 4380 mente
2560 4336 2653 4380 tua
2691 4329 2962 4397 perspecti
3009 4338 3159 4383 sunt.
3207 4327 3317 4385 Nos

1744 4429 1869 4468 vero
1901 4415 2137 4471 humiles
2181 4416 2485 4486 gratiarum
2516 4419 2764 4473 actiones
2806 4419 3072 4488 plurimas
3120 4420 3316 4475 redde-

1743 4521 1888 4569 mus,
1940 4517 1992 4560 et
2055 4523 2247 4577 preces
2289 4512 2386 4577 pro
2443 4510 2820 4564 incolumitate
2879 4512 3167 4581 utriusque
3220 4527 3315 4564 ve-

67 4581 391 4652 ἀξιαγάστου
433 4586 718 4652 συζυγίας.
755 4590 864 4643 Καὶ
901 4593 1038 4662 τάχα
1076 4597 1216 4669 ὑπὲρ
1236 4600 1336 4669 τὴν
1379 4603 1489 4654 τῶν
1512 4604 1641 4672 χρύ-

1754 4607 1945 4658 5trum,
1989 4597 2235 4664 pulchrae
2277 4597 2505 4652 omnino
2534 4609 2586 4652 et
2616 4597 2951 4653 admirandae
2980 4601 3207 4670 c0pula:.
3250 4598 3317 4654 Et

67 4692 160 4728 σεα
187 4677 334 4746 δῶρα
362 4680 779 4749 προσφερόντων
825 4685 924 4735 οὐκ
958 4687 1253 4758 ἀτιμοτέρα
1307 4689 1394 4761 εἴη
1442 4693 1570 4761 ὑμῖν
1601 4696 1633 4764 ὴ

68 4767 396 4838 θεοπάροχος
431 4771 631 4841 δωρεὰ,
667 4773 762 4824 καὶ
804 4774 837 4844 ἡ
865 4775 973 4828 ἀπὸ
1013 4777 1219 4848 Κυρίου
1254 4784 1636 4855 χορηγουμένη

66 4860 338 4929 εὐμένεια,
371 4862 453 4924 είς
485 4863 754 4931 σωτηρίαν
779 4864 959 4935 ψυχῆς
997 4883 1058 4919 τε
1104 4869 1239 4938 ὁμοῦ
1269 4873 1361 4924 καὶ
1388 4874 1636 4944 σώματος

67 4949 215 5020 ὑμῶν
242 4952 338 5024 τῆς
367 4951 730 5022 παμποθήτου
757 4954 849 5007 καὶ
879 4959 1128 5027 πανευφή
1138 4976 1238 5028 μου
1264 4959 1473 5025 δυάδος.

199 5148 293 5212 PL,’
327 5148 463 5216 (84).
507 5175 576 5187 -—
615 5149 886 5218 Θεοφάνη
913 5154 1245 5221 μονάζοντι.
1279 5159 1465 5234 [ψξζα]
1545 5149 1548 5152 ’

1745 4688 1978 4742 fortasse
2029 4686 2278 4742 beneﬁcii
2329 4689 2523 4752 divini,
2584 4699 2640 4744 et
2684 4705 2714 4743 a
2772 4689 3000 4745 Domino
3048 4693 3319 4747 submini-

1743 4790 1927 4835 strata:
1989 4781 2347 4835 humanitatis
2417 4782 2563 4838 haud
2628 4784 2812 4838 minus
2873 4786 3108 4854 pretium
3160 4785 3317 4841 vobis

1743 4873 2033 4935 ambobus,
2080 4875 2495 4930 amabilissimis
2528 4886 2582 4931 et
2626 4877 2952 4932 clarissimis
2998 4878 3149 4943 viris,
3185 4893 3318 4932 con-

1746 4966 1914 5020 stabit
1942 4965 2010 5019 ad
2051 4967 2250 5020 animte
2277 4967 2442 5021 simul
2467 4977 2522 5022 et
2549 4953 2802 5038 corporis
2845 4970 3010 5024 vestri
3056 4971 3313 5035 salutem,

1746 5073 1908 5127 quam
1948 5058 1993 5112 si
2034 5058 2128 5126 qui
2161 5072 2326 5112 aurea
2360 5059 2503 5112 dona
2532 5059 2860 5128 proferrent.

1967 5170 2120 5226 CXC.
2147 5199 2217 5212 —
2248 5169 2546 5239 Theophani
2583 5171 2730 5244 (ὃν)
2758 5173 3012 5228 monacho
3044 5176 3144 5247 (⁸).

683 5261 822 5320 Quod
843 5264 1082 5328 Christus,
1108 5271 1330 5321 Christus
1364 5291 1458 5326 nou
1484 5290 1578 5340 est,
1609 5285 1703 5334 nisi
1726 5283 2159 5335 circumscribatur
2181 5290 2348 5332 nostra
2375 5285 2560 5347 efﬁgie.

142 5361 202 5413 El’
229 5379 308 5413 σοι
332 5361 489 5432 φίλον
520 5361 581 5413 τὸ
610 5362 745 5434 πρὸς
773 5367 931 5436 ἡμῶν
960 5371 1068 5426 τῶν
1101 5375 1332 5431 εὐτελῶν
1358 5383 1590 5454 γράμμα
1613 5426 1626 5446 ,

1810 5388 1863 5441 Si
1896 5399 1944 5441 te
1977 5388 2303 5442 humilitatis
2332 5399 2529 5444 nostra:
2566 5392 2755 5447 littera:
2778 5394 3066 5459 delectant,
3097 5415 3315 5454 rursum

1583 5487 1808 5575 Noras.

141 5640 247 5710 (83)
281 5641 340 5694 ln
368 5639 492 5694 cod.
523 5636 659 5710 Reg.
685 5639 823 5710 ριβ.

142 5707 248 5777 (84)
281 5711 336 5763 In
361 5711 482 5764 cod.
521 5707 652 5776 licg.
686 5707 830 5777 ριιγι.

143 5779 284 5853 (84⁸)
309 5781 598 5840 Cerameo,
621 5792 804 5848 postea
829 5787 1238 5860 archiepiscopo
1264 5789 1622 5848 Tauromeni-

389 5872 670 5935 ΡΑΤιιοι..
708 5875 822 5936 Gn.
855 5879 1077 5942 XCIX.

1737 5665 1884 5732 lano,
1935 5659 2090 5732 cujus
2123 5669 2337 5714 exstant
2373 5659 2615 5716 Homiliee
2658 5664 2708 5716 in
2747 5661 3040 5732 Evangelia
3077 5663 3316 5721 Domini-

1729 5727 1860 5781 calia
1891 5737 1942 5780 et
1976 5728 2130 5789 festa,
2165 5740 2269 5783 etc.

1802 5799 1874 5866 (⁸)
1911 5796 2241 5868 Dogmatica.

2901 5894 2976 5955 50
