3976 6322
618 335 751 399 1579
1819 337 1881 394 S.
1913 335 2303 394 TllEODUliI
2355 337 2699 396 STUDITAS
3780 334 3890 396 155'?
3945 334 3947 378 δ

614 449 821 517 accipe,
852 447 934 500 vir
967 448 1290 502 charissime
1315 487 1329 511 ,
1380 461 1642 515 non-qua
1694 445 1962 500 facundiae
2004 458 2060 498 et
2087 446 2196 498 cle-

2302 445 2474 514 δέχοιο
2517 447 2610 498 καὶ
2651 444 2829 507 αὐθις,
2869 436 2914 497 ὧ
2946 444 3280 514 τριπόθητε·
3314 444 3486 496 οὐδὲν
3533 445 3645 513 μὲν
3687 444 3810 512 ἔχον
3830 448 3888 496 εὶ-

611 539 809 610 gantia
833 540 1133 609 quidquam
1166 539 1420 601 habeant,
1444 549 1501 593 ut
1542 549 1596 590 tu
1622 538 1903 593 blandiens
1935 539 2103 602 dicis;
2141 548 2196 592 at

2302 537 2513 606 πρεπές
2557 554 2618 589 τε
2671 539 2765 590 καὶ
2800 537 3088 606 εύφραδὲς,
3121 537 3197 599 ὼς
3242 536 3442 607 χάριτι
3481 536 3624 604 φὴς,
3661 537 3728 587 τὸ
3752 536 3794 588 δ’
3823 533 3890 587 οιῖι

614 645 738 698 qua
763 629 1052 684 charitatis
1083 629 1393 700 symbolum
1419 635 1550 682 sunt
1577 626 1947 696 proculdubio
1975 643 1990 679 :
2023 642 2198 694 quan-

612 728 781 788 toque
802 719 1112 774 crebriores
1152 718 1360 772 fuerint
1389 717 1697 772 litterarum
1733 717 1903 780 vices,
1960 725 2109 770 tanto
2142 726 2198 770 et

610 811 899 865 charitatis
920 819 1132 866 crescat
1152 810 1384 866 aﬂ‘ectus
1412 829 1425 866 :
1451 826 1562 880 quo
1592 809 1724 880 quid
1756 809 2051 879 optabilius
2074 823 2198 864 esse

610 901 834 972 possit?
871 900 1068 958 Verum
1106 903 1219 957 hac
1247 904 1413 958 missa
1475 903 1741 957 faciamus
1771 920 1784 958 :
1815 901 1883 956 ad
1915 901 2194 971 sequentia

611 999 1019 1063 pergatoratio.
1055 992 1194 1059 Quid
1222 995 1326 1050 hoc
1355 1003 1442 1049 est
1467 994 1610 1064 quod
1642 995 1784 1064 apud
1805 1010 1902 1050 vos
1929 1003 2195 1049 tentatum

609 1083 696 1138 est
727 1084 965 1137 novi3el
1024 1085 1250 1154 quinam
1298 1085 1353 1138 hi
1404 1085 1530 1138 novi
1569 1085 1857 1147 dracones,
1889 1084 2196 1153 Charybdis

611 1177 788 1230 instar
836 1175 1192 1229 absorbeutes
1250 1175 1500 1243 animas,
1549 1190 1672 1245 qua
1725 1176 1971 1230 veritatis
2028 1176 2197 1230 verbo

613 1270 844 1323 ﬁrmata
865 1283 976 1323 non
1005 1268 1168 1324 sunt?
1198 1267 1280 1322 Tu
1303 1269 1523 1338 quidem
1550 1269 1693 1323 haud
1719 1269 2013 1323 nominasti
2049 1287 2062 1324 :
2094 1283 2197 1324 nos

610 1377 782 1427 vero,
835 1361 1002 1416 etiam
1059 1371 1353 1430 antequam
1396 1361 1591 1416 littera
1635 1369 1740 1415 tua
1795 1361 2192 1432 signiﬁcarent,

610 1454 970 1507 vehementer
993 1453 1328 1521 planximus,
1362 1453 1524 1507 unius
1551 1452 1792 1506 hominis
1825 1467 1992 1507 causa
2025 1452 2195 1506 bare—

611 1545 747 1610 tici,
799 1560 895 1599 seu
940 1544 1124 1614 potius
1172 1559 1361 1600 revera
1411 1543 1714 1612 blasphemi
1756 1543 1809 1597 in
1849 1543 2054 1606 Deum.
2100 1543 2194 1612 qui

613 1637 934 1692 t-hartularii
972 1653 1172 1693 munus
1214 1637 1340 1692 istic
1370 1639 1437 1692 ab
1469 1637 1798 1706 imperatore
1834 1636 2063 1706 adeptus
2088 1644 2190 1700 est,

615 1728 756 1783 hanc
786 1729 1157 1783 celeberrima
1209 1728 1415 1783 Sicilia
1449 1729 1746 1798 perniciem
1780 1728 2024 1782 dicentes
2053 1725 2196 1781 obti-

2298 626 2398 697 τῆς
2427 628 2645 698 ἀγάπης
2678 627 2946 696 σύμϐολον
2973 627 3069 680 καὶ
3104 628 3248 680 πάνυ
3272 626 3795 697 ὁμολογουμένως·
3825 633 3893 676 χιε

2298 736 2361 786 γε
2397 719 2578 787 ὅσονὴ
2613 717 2883 780 ἀντίδοσις
2910 717 3017 770 τῶν
3054 717 3414 788 γραμμάτων
3443 717 3698 782 γίνοιτο,
3732 714 3890 766 1030-2-

2297 828 2387 862 τον
2405 812 2438 882 ἡ
2459 810 2560 880 τῆς
2583 810 2804 878 ἀγάπης
2821 809 3061 872 διάθεσις
3078 809 3319 874 αῦξοιτο.
3352 803 3436 862 Ob
3473 810 3532 861 τί
3559 808 3634 862 ἂν
3659 808 3749 875 εἴη
3767 825 3895 858 στα-υ-

2297 900 2576 972 δαιότερον
2600 917 2615 966 ;
2662 901 2824 954 Ἀλλὰ
2844 901 3006 954 τοῦτο
3029 900 3122 953 νῦν
3143 901 3352 955 κείσθω
3380 900 3671 953 ἐνταῦθα·
3713 899 3841 969 πρὶς

2297 993 2358 1046 τὺ
2387 993 2517 1062 ἑξῆς
2560 993 2838 1063 βαδιστέος
2879 996 2907 1046 ὁ
2944 993 3120 1061 λόγος.
3161 993 3226 1045 Τί
3264 993 3328 1045 τὸ
3360 993 3464 1046 νῦν
3503 993 3895 1060 καιειοτομτὲὲι

2297 1085 2356 1136 ἐν
2392 1087 2505 1149 τοῖς
2543 1085 2774 1148 αὐτόθις
2824 1086 2917 1137 καὶ
2966 1085 3108 1146 τίνες
3151 1086 3200 1138 οἱ
3251 1087 3564 1151 νεοφανεῐς
3619 1084 3895 1152 δράκον-τες

2296 1176 2646 1247 Χαρυϐδηδὸν
2689 1177 3082 1238 καταπίνοντες
3124 1177 3305 1245 ψυχάς
3358 1175 3439 1244 μὴ
3489 1176 3895 1244 ὲπηριγμὲιιας

2295 1269 2374 1338 τῷ
2403 1269 2547 1338 λόγῳ
2569 1269 2668 1335 τῆς
2690 1268 2949 1338 ἀληθείας
2972 1284 2986 1330 ;
3006 1268 3179 1330 Αὐτὸς
3211 1267 3314 1335 μὲν
3342 1264 3446 1319 οὖν
3481 1269 3598 1319 οὐκ
3632 1267 3895 1332 tiara-ops-

2294 1377 2451 1424 τισας
2474 1377 2487 1390 ·
2519 1363 2681 1430 ἡμεῖς
2725 1361 2800 1423 δὲ,
2838 1362 2933 1412 καὶ
2964 1359 3068 1431 πρὸ
3098 1361 3194 1428 τῆς
3242 1358 3558 1428 δηλώσεως
3587 1359 3708 1410 τῶν
3733 1377 3894 1427 «(pap-

2299 1453 2503 1521 μάτων,
2552 1451 3027 1522 κατεστενάξαμεν
3054 1453 3136 1504 ὃτι
3161 1452 3401 1521 μάλιστα
3440 1451 3536 1517 ἐφ’
3573 1451 3742 1520 ἀνδρὶ
3761 1453 3894 1517 nisi.

2295 1544 2455 1612 τικῷ,
2492 1545 2693 1614 μᾶλλον
2732 1545 2788 1598 δὲ
2827 1545 3133 1615 βλασφήμῳ
3188 1542 3265 1613 τῷ
3305 1543 3430 1595 ὄντι
3472 1546 3566 1604 εἰς
3617 1543 3781 1604 Θεὸν,
3825 1543 3895 1593 ἱει-

2295 1637 2441 1705 χόντι
2482 1638 2541 1689 ὲν
2588 1637 2704 1699 τοῖς
2749 1636 2936 1690 αὐτόθι
2984 1635 3139 1706 παρά
3166 1635 3263 1687 τοῦ
3302 1634 3561 1704 κράτους
3599 1636 3891 1704 lapte-0}:-

2298 1728 2501 1798 ρεύειν,
2535 1730 2714 1782 ἐκεῖνο
2760 1728 3029 1791 εἰπόντες,
3062 1730 3144 1780 ὅτι
3176 1744 3239 1795 γε
3278 1727 3382 1797 τῆς
3437 1727 3797 1798 περιϐοήτου
3826 1729 3894 1778 Σι-

613 1821 780 1888 gisse.
819 1819 968 1875 Istud
1018 1831 1198 1875 autem
1252 1821 1480 1875 exitium
1527 1836 1636 1874 non
1671 1836 1735 1874 ex
1763 1819 2064 1890 d0gmatica
2090 1819 2188 1872 do-

2302 1820 2480 1882 κελίας
2510 1820 2744 1887 ἔφθασεν
2774 1819 3014 1891 ὄλεθρος.
3043 1821 3172 1873 Τόδε
3218 1821 3278 1873 τὸ
3311 1820 3476 1888 πῆμα
3512 1821 3626 1876 ούκ
3664 1821 3732 1872 ἐκ
3788 1820 3894 1882 δεῖ·

613 1911 791 1967 ctrina
823 1912 1114 1966 conﬂatum
1136 1921 1221 1965 est
1255 1929 1267 1964 :
1301 1911 1567 1964 doctrina
1598 1911 1741 1964 enim
1771 1924 1967 1978 expers
2001 1908 2192 1978 ingens

612 2006 732 2060 hac
761 2013 940 2061 statua
972 2023 986 2059 :
1013 2005 1105 2059 sed
1145 2004 1213 2058 ab
1238 2003 1406 2072 impia
1437 2015 1618 2058 mente
1648 2001 1974 2074 profectum,
2005 2013 2190 2070 atque,

613 2107 675 2153 ut
707 2098 851 2168 quod
882 2099 1066 2153 verius
1105 2108 1189 2151 est
1215 2096 1452 2160 dicatur,
1484 2095 1551 2149 ad
1585 2094 1917 2164 impietatem
1959 2109 1988 2147 a
2019 2093 2194 2162 majo-

612 2195 768 2248 ribus
797 2203 983 2248 natum
1013 2211 1025 2247 :
1067 2204 1118 2248 et
1151 2193 1373 2262 quidem
1406 2206 1532 2245 cum
1562 2190 1779 2245 duobus
1802 2189 1924 2243 aliis
1961 2201 2190 2242 consan-

613 2287 848 2356 guineis.
875 2285 982 2341 Sed
1001 2286 1101 2341 hos
1122 2283 1385 2351 Trinitas,
1406 2284 1546 2346 scio,
1578 2281 1907 2353 proﬁigabit,
1932 2289 1986 2334 et
2007 2289 2192 2333 vestro

611 2388 667 2434 et
701 2378 931 2434 aliorum
964 2378 1057 2448 qui
1093 2377 1373 2432 veritatem
1410 2392 1516 2429 una
1540 2373 1838 2430 defendunt
1861 2386 1954 2426 ore
1983 2370 2187 2424 divino.

613 2473 692 2528 Te
729 2487 860 2527 vero
890 2480 946 2526 et
973 2472 1051 2526 tui
1085 2471 1292 2525 similes
1325 2471 1551 2524 minime
1591 2468 1768 2522 turbet
1801 2466 1980 2520 adhuc
2007 2462 2193 2518 furens

611 2563 860 2619 baresis.
891 2561 1147 2616 Nondum
1177 2560 1323 2615 enim
1354 2572 1649 2614 excussum
1691 2564 1745 2610 et
1788 2563 2078 2610 contusum
2109 2561 2194 2606 est

613 2656 842 2720 malum,
868 2669 971 2710 nec
1007 2655 1143 2708 satis
1171 2653 1350 2706 adhuc
1378 2651 1640 2722 probatus
1663 2647 1900 2703 ﬁdelium
1935 2646 1988 2700 in
2023 2644 2191 2698 Deum

612 2761 810 2800 amor:
843 2760 909 2800 ac
935 2756 1196 2813 praterea
1233 2756 1341 2796 non
1380 2757 1673 2811 possumus
1699 2738 1908 2808 ingredi
1943 2737 1999 2791 in
2030 2736 2194 2806 abys-

613 2853 738 2894 sum
773 2837 1108 2907 iudiciorum
1144 2834 1258 2898 Dei,
1290 2834 1569 2904 quomodo
1596 2831 1857 2902 populum
1903 2845 2064 2886 suum
2112 2829 2194 2881 in-

615 2928 895 2984 ﬁdelitatis
912 2927 1151 2998 procella
1174 2941 1348 2997 usque
1370 2925 1506 2980 adeo
1528 2925 1721 2995 agitari
1740 2925 1901 2978 sinat.
1924 2921 2192 2975 Caterum

615 3022 892 3078 sermonis
924 3020 1208 3076 conclusio
1236 3029 1344 3083 est,
1391 3029 1444 3072 ut
1472 3018 1562 3087 qui
1589 3017 1797 3086 probati
1841 3023 1983 3075 sunt,
2022 3012 2194 3064 mani-

2300 1913 2538 1982 ματικῆς
2565 1912 2767 1983 πείρας
2812 1914 3242 1983 τετεχνωμένον·
3274 1916 3520 1985 ἄπειρον
3570 1914 3692 1985 γὰρ
3733 1914 3792 1964 τὸ
3819 1915 3895 1964 ἁν-

2295 2005 2676 2076 δριαντάριον·
2722 2005 2839 2058 ἀλλ’
2867 2005 2928 2070 ἐξ
2972 2004 3204 2068 ἀσεϐοῦς
3241 2004 3477 2075 γνώμης
3517 2006 3893 2076 πεπλημιιμέ-

2296 2115 2407 2163 νον,
2441 2098 2536 2152 καὶ
2578 2098 2664 2152 ἵνα
2697 2096 3096 2168 τάληθέστερον
3135 2098 3348 2168 ῥηθείη,
3382 2099 3682 2168 πατρόθεν
3730 2101 3819 2151 ἐπὶ
3847 2100 3893 2148 τὸ

2295 2190 2516 2244 ἀσεϐεῖν
2550 2191 2791 2261 ἠγμένον
2811 2207 2825 2222 ·
2853 2190 2946 2242 καί
2976 2207 3041 2258 γε
3093 2193 3191 2245 σὺν
3223 2191 3378 2244 δυσὶν
3428 2192 3636 2254 ἀλλοις
3669 2191 3891 2260 ὁμαίμο-

2297 2299 2403 2338 σιν.
2450 2283 2613 2337 Ἀλλά
2642 2283 2873 2346 τούτους
2906 2284 3066 2355 μὲνὴ
3107 2284 3280 2355 Τριάς
3320 2280 3419 2337 οἷδ’
3460 2286 3554 2338 ὅτι
3598 2285 3890 2355 ἑπιῤῥαπξο

2297 2393 2462 2442 σειεν,
2511 2376 2718 2440 ἐνθέοις
2766 2377 3033 2447 στόμασιν
3070 2377 3225 2445 ὑμῶν
3254 2395 3314 2428 τε
3345 2378 3447 2430 καὶ
3486 2377 3611 2430 τῶν
3667 2371 3888 2430 ἐνταῦθα

2296 2468 2755 2539 ὑπερμαχοῦντων
2789 2471 2886 2539 τῆς
2908 2469 3180 2540 ἀληθείας.
3212 2470 3279 2522 Σὲ
3305 2469 3358 2521 δὲ
3389 2473 3491 2521 καὶ
3523 2470 3652 2531 τὸν,
3673 2466 3788 2533 οἷος
3814 2472 3883 2532 σὺ,

2299 2559 2468 2629 μηδὲν
2502 2559 2755 2625 ξενιζέτω
2813 2563 2846 2627 ἡ
2894 2561 2976 2614 ἔτι
3005 2561 3252 2614 λυττῶσα
3297 2563 3548 2632 αἵρεσις.
3583 2565 3766 2618 υῦπω
3797 2567 3884 2634 γὰρ

2296 2654 2652 2723 ἐκτέτριπται
2714 2653 2776 2707 τὸ
2816 2654 3007 2718 κακὸν,
3055 2653 3178 2707 οὔτε
3233 2654 3646 2727 δεδοκίμασται
3706 2659 3883 2719 ἱκανῶς

2294 2745 2406 2799 τῶν
2452 2746 2664 2800 πιστῶν
2706 2748 2766 2800 τὸ
2810 2746 3078 2816 φιλόθεον,
3107 2749 3200 2801 καὶ
3231 2749 3418 2818 τρίτον
3449 2751 3562 2818 οὐχ
3597 2746 3710 2803 οἶοί
3741 2754 3884 2820 ἐσμεν

2296 2837 2622 2908 ἐμϐατεύειν
2672 2841 2754 2902 είς
2799 2839 3037 2893 ἀϐυσσον
3080 2841 3368 2908 χριμάτων
3418 2840 3609 2893 Θεοῦ·
3652 2844 3780 2897 καθ’
3809 2844 3883 2906 οἱς

2295 2931 2529 3002 τρόπους
2558 2931 2811 3001 ἀνέχεται
2838 2930 3025 3001 ἀκμὴν
3054 2930 3483 2994 κλυδωνίζεσθαι
3511 2932 3600 3003 τῷ
3626 2935 3780 3006 σάλῳ
3806 2937 3884 3003 τῆς

2295 3022 2556 3082 ἀπιστίας
2605 3022 2697 3074 τὸν
2754 3021 2882 3074 λαὸν
2925 3020 3116 3075 αὑτοῦ.
3152 3021 3300 3092 Πλὴν
3349 3027 3760 3096 συμπέρασμα
3806 3027 3881 3079 τοῦ

617 3120 740 3194 {esti
771 3119 904 3191 ﬁant
933 3117 1023 3184 ³¹;
1083 3115 1227 3172 sicut
1280 3112 1558 3182 sapientia
1606 3110 1954 3180 dispensator
1991 3105 2194 3159 Paulus

2302 3115 2478 3184 λόγου,
2507 3116 2606 3168 ἵνα
2633 3117 2686 3169 οἱ
2714 3113 2947 3183 δόκιμοι
2976 3113 3220 3182 φανεροὶ
3273 3114 3622 3183 γίγνοιντο,
3649 3119 3730 3183 ὡς
3759 3122 3786 3173 ό
3804 3123 3884 3190 τῆς

618 3209 780 3272 dixit.
812 3210 1158 3282 Quapropter
1187 3207 1497 3269 hortamur,
1529 3213 1579 3258 et
1604 3202 1978 3262 obsecramus,
2014 3212 2081 3251 ne
2102 3197 2196 3250 fa-

2302 3209 2494 3275 σοφίας
2527 3207 2734 3279 ταμίας
2776 3207 2984 3270 Παῦλος
3024 3207 3227 3276 λέλεχε.
3262 3207 3353 3260 Διὸ
3385 3209 3485 3261 καὶ
3529 3212 3882 3282 παρακαλοῦ.

619 3307 831 3377 tigeris,
863 3319 1042 3375 neque
1067 3315 1253 3358 cesses
1291 3297 1638 3353 adversarios
1659 3308 1978 3365 coarguere,
2007 3305 2074 3346 ex
2110 3290 2196 3344 in-

624 3401 761 3456 timo
795 3397 980 3454 cordis
1008 3395 1087 3449 tui
1127 3408 1270 3464 penu
1321 3390 1506 3444 divina
1561 3401 1818 3457 promens
1849 3387 2196 3449 documenta,

621 3499 790 3562 atque
818 3489 950 3543 hinc
982 3485 1274 3557 perspicue
1307 3481 1694 3536 demonstrans
1716 3517 1732 3542 ,
1774 3475 2056 3531 Christum
2087 3488 2200 3527 non

622 3597 747 3639 esse
771 3579 1075 3640 Christum,
1105 3576 1211 3631 nisi
1241 3573 1399 3644 juxta
1430 3571 1661 3640 ﬁguram
1691 3577 1932 3622 nostram
1967 3567 2203 3621 circum-

623 3675 924 3732 scribatur.
955 3669 1091 3726 Nam
1124 3669 1170 3724 si
1221 3681 1354 3724 caro
1413 3664 1594 3720 factus
1649 3671 1754 3725 est,
1813 3661 2004 3729 utique
2037 3656 2202 3712 veluti

623 3782 754 3824 caro
804 3763 1313 3822 circumscribetur.
1353 3756 1510 3823 Quod
1541 3770 1672 3811 vero
1711 3769 1817 3808 non
1847 3751 2200 3809 circumscri-

625 3861 814 3924 bitur,
865 3856 919 3912 id
977 3855 1121 3910 intra
1153 3853 1550 3906 humanitatem
1587 3861 1697 3901 non
1742 3854 1869 3911 est,
1910 3843 2005 3898 sed
2048 3850 2202 3897 extra

627 3954 773 4007 hanc
805 3948 951 4005 haud
978 3947 1162 4011 dubie,
1189 3942 1403 3999 ‘uecnon
1434 3949 1589 3996 extra
1614 3939 1814 4004 locum,
1849 3946 1907 3992 et
1938 3946 2152 4006 tempus
2183 3953 2199 3988 :

627 4045 774 4099 Deus
807 4041 1020 4105 nudus,
1073 4052 1238 4109 quem
1273 4045 1468 4090 natura
1499 4028 2108 4101 incomprehensibilem
2150 4035 2206 4082 et

627 4134 973 4191 indeﬁnitum
1031 4130 1270 4186 dicimus
1319 4136 1376 4182 et
1431 4125 1756 4196 cogitamus.
1789 4121 1968 4191 Atque
2003 4121 2106 4174 hoc
2135 4134 2204 4173 ex

627 4241 816 4283 rerum
847 4233 1044 4280 natura
1067 4237 1164 4292 per
1182 4227 1388 4276 certam
1407 4217 1652 4272 veritatis
1677 4214 2203 4269 demonstrationem

627 4319 786 4389 sequi
820 4331 1045 4373 necesse
1081 4322 1166 4370 est
1199 4331 1214 4368 :
1246 4308 1626 4368 circumscribi
1677 4321 1874 4375 nempe
1903 4305 2206 4369 Christum,

627 4421 684 4466 et
717 4411 775 4465 in
807 4410 1046 4480 imagine
1080 4407 1296 4461 adorari
1331 4421 1346 4460 :
1385 4422 1403 4455 ι
1443 4401 1722 4472 Siquidem
1757 4400 1812 4454 in
1850 4399 2089 4470 imagine
2121 4415 2208 4452 ar-

2303 3317 2403 3370 μεν
2434 3301 2530 3354 καὶ
2567 3299 2958 3368 ἀντιϐολοῦμεν
3006 3298 3080 3368 μὴ
3121 3299 3403 3362 ὲκκακεῖν,
3443 3299 3883 3374 διαωτελέγχειν

2302 3409 2363 3445 σε
2398 3393 2526 3456 τοὺς
2571 3393 2945 3454 ὑπεναντίους,
2985 3393 3051 3444 ὲκ
3093 3390 3202 3441 τῶν
3238 3389 3451 3442 ἀδύτων
3499 3395 3761 3462 ταμείων
3808 3396 3886 3462 τῆς

2301 3485 2525 3554 καρδίας
2550 3501 2644 3537 σου
2677 3483 2970 3554 προφέρων
2997 3483 3064 3536 τὰ
3104 3484 3220 3535 θεῖα
3253 3482 3600 3552 διδάγματα·
3636 3489 3739 3541 καὶ
3770 3490 3882 3540 ὑπο-

2301 3578 2566 3632 δεικνύων
2614 3574 2869 3628 ὲντεῦθεν
2922 3575 3215 3644 άριδήλως,
3251 3576 3335 3628 ὅτι
3369 3576 3623 3645 Χριστὸς
3667 3581 3730 3632 ού
3773 3582 3886 3649 Χρι-

2304 3670 2447 3736 στὸς,
2481 3671 2528 3721 εἰ
2561 3668 2636 3739 μὴ
2677 3669 3079 3740 περιγράφοιτο
3107 3670 3174 3738 τῇ
3208 3667 3330 3721 καθ’
3355 3670 3514 3740 ἡμᾶς
3549 3671 3694 3741 ἰδέᾳ.
3733 3674 3884 3739 Εἵπερ

2302 3759 2412 3830 γὰρ
2452 3757 2592 3828 σάρξ
2637 3759 2902 3826 ἐγεγόνει,
2936 3757 3155 3822 πάντως
3197 3759 3293 3811 καὶ
3320 3758 3396 3821 ὡς
3430 3761 3579 3830 σὰρξ
3627 3763 3882 3832 περιγρά-

2304 3868 2490 3929 φεταιἶ
2518 3853 2584 3904 Ὃ
2615 3851 2674 3903 δὲ
2711 3851 2785 3922 μὴ
2821 3852 3237 3922 περιγράφοιτο,
3271 3852 3436 3904 τοῦτο
3477 3854 3588 3906 ούκ
3632 3855 3772 3908 εἵσω
3805 3856 3881 3906 ἀν-

2305 3944 2681 4013 θρωπότητος,
2729 3944 2844 3997 ἀλλ’
2879 3942 2984 4009 ἔξω
3027 3943 3271 4014 δηλονότι
3298 3945 3393 3998 καὶ
3426 3944 3606 3998 τόπου
3645 3948 3746 3999 καὶ
3783 3946 3882 4016 χρό-

2304 4051 2428 4090 νου·
2462 4035 2597 4098 Θεὸς
2635 4035 2843 4107 γυμνδς
2890 4038 2956 4106 τῇ
3007 4035 3344 4107 άπεριληψίᾳ
3388 4052 3450 4087 τε
3510 4036 3612 4089 καὶ
3645 4040 3879 4107 ἀοριστίᾳ

2305 4128 2405 4181 καὶ
2441 4126 2737 4198 λεγόμενος
2775 4127 2872 4181 καὶ⁵
2906 4127 3216 4198 νοούμενος.
3263 4125 3375 4179 Καὶ
3406 4125 3577 4181 τοῦτο
3607 4129 3880 4201 ἀραρότως

2307 4222 2389 4282 εἰς
2426 4218 2831 4289 ἀναμφίλεκτον
2875 4219 3148 4284 ἀπόδειξιν
3175 4219 3276 4289 τῆς
3323 4217 3592 4287 ἀληθείας
3643 4226 3879 4290 φυσικαῖς

2307 4311 2654 4374 ἀκολουθίαις
2700 4312 3186 4381 ἀναγκαζόμενον·
3267 4313 3725 4382 περιγράφεσθαι
3773 4317 3877 4384 Χρι-

2311 4404 2458 4468 στὸν,
2495 4403 2596 4457 κᾶν
2621 4407 2686 4474 τῇ
2723 4405 2891 4456 εἰκόνι
2929 4401 3424 4474 προσκυνούμενον.
3479 4422 3500 4455 t
3535 4407 3803 4478 Ἐπείπερ
3834 4410 3878 4459 ὲν

628 4509 1398 4576 chetypumreprasentatur,
1423 4516 1443 4548 ι
1479 4495 1625 4551 sicut
1658 4493 1860 4549 alicubi
1889 4494 2109 4547 divinus
2131 4493 2198 4547 ait

2308 4495 2446 4564 αὐτῇ
2473 4494 2534 4547 τὸ
2562 4493 2870 4562 ἀρχέτυπον
2896 4493 3259 4560 έκπέφασται,
3287 4489 3362 4552 ῶς
3385 4491 3490 4544 πού
3523 4510 3697 4564 φησιν
3724 4498 3753 4547 ό
3780 4496 3877 4546 θεο-

634 4596 930 4668 Dionysius
961 4611 977 4648 :
1007 4602 1061 4647 et
1083 4592 1212 4646 alibi
1249 4608 1262 4644 :
1303 4609 1322 4643 ι
1361 4588 1608 4642 Alterum
1650 4586 1706 4639 in
1756 4585 1966 4649 altero,
2012 4592 2208 4654 prater

631 4687 952 4746 substantia
978 4683 1365 4758 diﬁcrentiam.
1401 4699 1420 4732 ι
1459 4678 1638 4746 Quare
1677 4677 1771 4748 qui
1807 4685 1966 4745 negat
1989 4675 2205 4746 depiugi

631 4781 935 4846 Christum,
967 4779 1014 4832 is
1046 4785 1231 4831 natum
1262 4775 1541 4828 hominem
1568 4786 1692 4826 esse
1726 4772 1944 4839 negavit
1974 4786 1988 4823 :
2019 4779 2075 4823 et
2110 4768 2206 4838 qui

632 4875 752 4946 ejus
784 4861 1080 4942 imaginem
1109 4882 1217 4922 non
1256 4866 1470 4930 adorat,
1502 4879 1731 4935 prorsus
1759 4878 1826 4917 ne
1862 4863 2037 4928 ipsum
2084 4861 2207 4929 qui-

633 4967 757 5024 dem
792 4962 1004 5028 adorat,
1022 4961 1150 5015 licet
1174 4958 1403 5032 adorare
1432 4971 1493 5011 se
1518 4963 1668 5025 putet
1697 4972 1712 5008 :
1741 4951 2206 5024 quandoquidem,

634 5071 696 5116 ut
729 5071 911 5115 sermo
945 5069 1100 5111 sacer
1134 5053 1210 5106 ait
1239 5068 1253 5104 :
1285 5049 1534 5119 [nﬁdeles
1589 5048 1905 5116 conﬁtentur
1952 5062 2006 5099 se
2041 5044 2208 5098 Deum

633 5168 808 5216 noue,
845 5149 1004 5220 factis
1033 5156 1210 5200 autem
1264 5153 1455 5214 negant
1477 5143 1544 5195 ³⁸.
1592 5139 1718 5196 Hac
1763 5155 1862 5210 ego
1892 5138 2207 5192 reverentia

635 5255 744 5299 tua
782 5256 892 5296 non
922 5250 1182 5307 tauquam
1226 5233 1500 5304 ignoranti
1533 5230 1785 5300 exposui,
1819 5228 1913 5282 sed
1945 5238 2203 5295 tauquam

635 5335 827 5388 eadem
880 5327 1173 5391 sentienti,
1235 5342 1299 5381 ac
1344 5324 1510 5380 veluti
1538 5331 1744 5392 guttam
1793 5335 1858 5374 ex
1891 5319 2204 5393 dOgmatum

637 5425 828 5497 pelago
879 5422 1188 5477 hauriens:
1247 5433 1371 5473 cum
1419 5417 1645 5470 inﬁnita
1694 5422 1954 5482 praterea
2007 5426 2207 5479 suppe-

636 5527 754 5572 tant
805 5515 1032 5569 Patrum
1091 5512 1410 5573 sententia.
1467 5522 1577 5562 una
1621 5521 1746 5560 cum
1789 5511 1972 5556 vetere
2033 5502 2206 5555 histo-

641 5611 716 5663 ria
772 5608 841 5662 ab
866 5607 1092 5662 exordio
1133 5605 1251 5674 ipso
1299 5601 1626 5672 evangelica
1680 5593 2097 5668 praedicationis,
2141 5594 2208 5649 ad

709 5792 751 5823 ³³
789 5789 807 5843 l
845 5788 971 5843 Cor.
1003 5785 1094 5845 st.‘
1118 5787 1203 5841 i9.
1281 5786 1324 5820 ³³
1357 5783 1464 5839 Tit.
1498 5783 1651 5850 ι,16.

2309 4586 2533 4657 φάντωρ
2573 4585 2850 4648 Διονύσιος
2873 4601 2888 4615 ο
2917 4603 2937 4636 ›
2983 4583 3071 4638 καὶ
3117 4582 3351 4652 ἀλλαχοῦ
3372 4600 3387 4614 ·
3451 4603 3470 4634 t
3493 4584 3799 4654 Ἑκάτερον
3833 4590 3877 4638 ὲν

2308 4679 2556 4748 ἐκατέρῳ
2595 4675 2745 4747 παρά
2785 4677 2847 4729 τὸ
2886 4675 2985 4744 τῆς
3049 4676 3234 4738 οὐσίας
3277 4676 3564 4747 διάφορον.
3591 4697 3611 4728 ι
3671 4679 3877 4731 Ὦστεό

2309 4771 2741 4841 άπαναινόμενος
2786 4768 3159 4840 ἐγγράφεσθαι
3203 4769 3462 4838 Χριστὸν,
3514 4772 3758 4842 ἤρνηται
3805 4774 3877 4826 άν-

2311 4865 2533 4938 θρωπον
2563 4865 2882 4932 γεγονέναι·
2912 4863 3007 4916 καὶ
3027 4865 3057 4915 ό
3093 4863 3168 4934 μὴ
3195 4863 3530 4933 προσκυνῶν
3585 4866 3758 4919 αὐτοῦ
3797 4868 3876 4934 τήν

2315 4959 2523 5023 εἰκόνα,
2564 4955 2788 5008 ούτίπου
2833 4957 3134 5024 προσκυνεῖ
3176 4955 3341 5007 αὐτὸν
3393 4955 3458 5008 τὺ
3498 4957 3762 5022 καθόλου,
3791 4960 3876 5010 κᾶν

2314 5051 2513 5124 νομίζῃ
2546 5050 2909 5118 προσκυνεῖν·
2957 5046 3078 5100 ὲπεί
3133 5062 3299 5116 φησιν
3345 5048 3374 5100 ό
3423 5048 3575 5116 ἱερὸς
3615 5049 3799 5118 λόγος·
3827 5052 3875 5100 0i

2313 5140 2558 5194 ἄπιστοι
2593 5136 2955 5209 ὁμολογοῦσι
2981 5136 3127 5190 Θεὸν·
3149 5136 3372 5191 εἰδέναι
3393 5178 3410 5202 ,
3449 5138 3577 5205 τοῖς
3607 5139 3678 5192 δὲ
3705 5141 3874 5207 ἔργοις

2313 5234 2659 5302 ἀρνοῦνται.
2706 5230 2893 5283 Ταῦτα
2947 5232 3045 5300 οὐχ
3087 5230 3162 5293 ὡς
3212 5231 3492 5304 ἀγνοούσῃ
3522 5235 3592 5304 τῇ
3623 5230 3872 5303 τιμιότητξ

2316 5343 2410 5378 σου
2463 5324 2805 5391 ὑπεδήλωσα,
2854 5321 2971 5373 ἀλλ’
3015 5320 3090 5382 ὡς
3132 5322 3741 5394 συνομογνωμονούσῃ·
3796 5323 3870 5372 καὶ

2313 5415 2504 5486 ὥσπερ
2534 5415 2724 5484 ρανίδα
2773 5417 2838 5466 ἐκ
2880 5415 3150 5481 πελάγους
3206 5414 3506 5483 δογμάτων
3573 5415 3866 5474 ἀνελκύσας·

2316 5509 2455 5577 πρὸς
2497 5505 2576 5575 τῷ
2608 5505 2703 5558 καὶ
2735 5505 2962 5576 ἄπειρον
3006 5503 3173 5574 ἐσμὸν
3221 5499 3365 5557 εἶναι
3395 5492 3722 5576 πατρικῶν·
3757 5504 3870 5573 μετὰ

2317 5599 2414 5650 καὶ
2451 5596 2555 5667 τῆς
2587 5595 2947 5668 ἀρχαιολόγου
2993 5594 3236 5665 ἱστορίας
3292 5597 3389 5650 ἀπ’
3430 5597 3612 5668 αὐτῆς
3657 5595 3867 5670 $016563;
