3976 6322
139 395 268 459 1581

136 505 229 557 τοῦ
263 503 638 573 κηρύγματος,
668 504 745 562 εἰς
792 499 1049 552 σύστασιν
1083 500 1179 568 τῆς
1215 499 1518 567 ἀμωμήτου
1547 497 1705 566 ἡμῶν
1733 500 1779 553 Α
1809 494 2029 545 illibata:

134 596 242 647 τῶν
258 585 260 588 ’
275 593 619 663 Χριστιανῶν
651 593 904 654 πίστεως.

423 709 562 775 Ριιλθ
603 703 736 773 (85).
779 732 847 742 -
884 701 1141 763 ΦιλΟΘέῳ
1173 699 1428 763 κτήτορι.
1510 695 1702 768 [ψξηἾ]

1335 385 1877 448 EPISTOLABUM
1904 384 2062 442 LIB.
2124 383 2207 440 II.

3241 373 3259 436 1
3273 373 3376 436 58⁵2

2127 491 2246 543 ﬁdei
2341 499 2533 543 nostra:
2611 487 2930 542 Christianae
3009 485 3383 541 conﬁrmatio-

1810 599 1952 636 nem.

2130 693 2309 749 CXCI.
2351 724 2408 731 σ-
2449 691 2720 744 Ι¹ΙιὶίοιΙιεο
2758 693 3064 758 possessori.

1265 811 1447 859 Laudat
1468 813 1574 872 ejus
1599 811 1827 870 virtutes,
1852 825 2027 873 genus,
2057 815 2274 872 patriam.

209 927 373 992 Μέγα
417 925 604 993 κέρδος
650 921 864 992 ἡγεῖταί
912 937 1004 972 σου
1050 922 1083 990 ἡ
1141 919 1416 989 τιμιότης,
1453 917 1527 980 ὦς
1557 933 1714 988 φησι,

139 1018 408 1090 δεχομένη
441 1015 598 1085 ἡμῶν
628 1016 957 1085 γράμματα,
1000 1010 1135 1080 ὁμοῦ
1163 1029 1223 1063 τε
1253 1011 1347 1063 καὶ
1382 1027 1718 1080 μνημονευο-

147 1114 284 1182 μένη
325 1109 464 1179 πρὸς
508 1107 667 1177 ἡμῶν
720 1106 920 1159 αὐτῶν.
953 1105 1123 1158 Τοῦτο
1149 1104 1204 1156 δὲ
1236 1106 1333 1173 τῆς
1371 1103 1470 1172 σῆς
1497 1103 1720 1174 θεόφρο-

139 1218 230 1263 νος
291 1197 537 1259 διανοίας
595 1191 1068 1264 ταπεινοφροσύνῃ
1123 1193 1290 1263 πολλῇ
1373 1193 1720 1262 κεχρημένης

140 1290 439 1360 ἐγκώμιον,
482 1288 579 1356 οὐχ
609 1285 765 1354 ἡμῶν
793 1285 901 1336 τῶν
956 1284 1224 1336 ταπεινῶν
1253 1283 1414 1354 [θοὰ.
1451 1284 1586 1353 Reg.
1628 1283 1714 1335 εὐ-

146 1379 369 1451 τελῶνι,
417 1378 514 1432 καὶ
546 1377 756 1440 οὐδενὸς
789 1377 959 1442 ἀξίων
1002 1375 1184 1442 λόγου.
1222 1375 1413 1445 Ὅμως
1443 1375 1584 1427 κατά
1619 1374 1716 1444 τὴν

140 1474 476 1543 πεποίθησιν
510 1471 680 1540 αὐτῆς
712 1469 941 1539 λήψεται
981 1469 1071 1520 τὸν
1123 1466 1311 1538 μισθὸν
1364 1469 1469 1521 ὑπὸ
1503 1468 1602 1537 τῆς
1623 1465 1714 1520 τοῦ

141 1565 349 1634 ἀγαθοῦ
404 1565 564 1634 ἡμῶν
650 1561 784 1615 Θεοῦ
872 1561 1290 1631 δικαιοκρισίας,
1348 1561 1710 1631 ἀμειϐομένου

141 1659 240 1727 τὴν
270 1657 455 1710 πίστιν
486 1655 720 1708 ἑκάστου
743 1653 995 1724 ἀμοιϐαῖς
1034 1653 1330 1722 οὐρανίαις,
1359 1654 1452 1706 καὶ
1480 1655 1558 1715 είς
1588 1654 1712 1705 ἑαυ-

142 1751 234 1802 τὸν
279 1748 341 1801 τὸ
373 1746 469 1800 τοῦ
521 1747 689 1808 πέλας
719 1744 1036 1814 γιγνόμενον
1059 1742 1422 1812 Χριστοειδῶς
1461 1743 1712 1796 ἀνατιθε-

148 1842 332 1911 μένου.
380 1839 577 1908 Ἡμεῖς
604 1839 658 1890 ὅὲ
706 1837 784 1904 τῷ
824 1836 936 1888 ὄντι
987 1835 1270 1905 χαίρομεν,
1301 1834 1454 1905 ἀνδρὶ
1478 1834 1714 1904 τοσούτῳ

147 1933 240 1984 καὶ
284 1929 593 1999 τηλικούτῳ
633 1927 903 1997 φιλιάζειν
940 1925 1306 1995 γνωρίσαντες
1329 1939 1342 1954 ’
1376 1919 1436 1978 οῦ
1478 1927 1510 1994 ἡ
1546 1924 1714 1994 ἀρετὴ

147 2023 496 2093 διαπρύσιος,
530 2021 622 2073 καὶ
647 2024 672 2073 6
702 2021 920 2080 ἔπαινος
952 2017 1310 2083 δικαιότατος,
1357 2019 1450 2071 καὶ
1476 2018 1536 2070 τὸ
1565 2016 1714 2070 πολίο

147 2131 322 2183 τευμα
362 2112 580 2174 πολλοῖς
614 2111 912 2178 ὐπόδειγμα
938 2112 1050 2172 τοῖς
1082 2109 1359 2162 ἐθέλουσιν
1383 2109 1626 2161 εὐσεϐεῖν
1656 2111 1714 2159 ἐν

147 2207 214 2278 τῇ
265 2204 518 2274 παρούσῃ
570 2204 750 2269 γενεᾷ,
803 2199 876 2262 ὡς
927 2203 984 2251 ὲν
1021 2203 1271 2271 περιωπῇ
1321 2201 1479 2272 ὅρους
1506 2201 1717 2270 ἀρετῶν

151 2295 538 2364 προκείμενον.
571 2294 676 2346 Καὶ
705 2290 1038 2362 φερωνύμως
1065 2292 1139 2354 ὡς
1173 2291 1387 2362 ἀληθῶς
1413 2291 1718 2362 ἐξέλαμψας

150 2387 417 2454 φιλόθεος,
475 2387 682 2455 φίλτρῳ
732 2383 867 2436 Θεοῦ
905 2385 966 2436 τὸ
1022 2386 1312 2454 ἄπραγμον
1347 2389 1440 2439 καὶ
1496 2387 1718 2456 ἡσύχιον

151 2479 544 2548 αἱρητάμενος,
576 2476 894 2543 ὲπιτηρήσει
918 2475 1076 2527 θείων
1103 2476 1351 2532 ἐντολῶν.
1381 2477 1475 2529 καὶ
1505 2477 1720 2530 ἐπιτεύ-

150 2570 227 2633 ξει
256 2569 363 2621 τῶν
392 2567 622 2620 αἰωνίων
664 2565 903 2630 ἀγαθῶν.
924 2567 1114 2620 Καίτοι
1140 2569 1419 2638 ὑπάρχων,
1444 2569 1541 2620 καὶ
1576 2567 1720 2621 κατὰ

154 2661 299 2713 ἰδέαν
326 2660 476 2724 ἄξιος
501 2657 835 2725 τυραννίδος,
867 2659 960 2712 καὶ
983 2659 1122 2711 κατὰ
1151 2659 1306 2726 γένος
1329 2659 1428 2710 ὐπέ
1439 2658 1720 2728 ρλαμπρος

149 2755 210 2804 τὸ
228 2749 365 2821 αἷμα
387 2768 399 2780 ·
430 2749 545 2804 ἀλλ’
569 2752 596 2802 ὁ
624 2749 762 2812 Θεῖος
791 2750 950 2812 πόθος
982 2750 1175 2812 σϐέσας
1202 2749 1374 2802 ταῦτα
1403 2751 1597 2810 πάντα,
1627 2752 1720 2803 καὶ

150 2841 414 2910 οὐδαμινά
434 2839 631 2903 δείξας,
650 2841 784 2910 ὅπερ
801 2841 893 2893 καὶ
908 2841 1121 2905 ἀληθὲς,
1137 2841 1268 2909 πρὸς
1279 2841 1374 2910 τὴν
1401 2841 1722 2910 ύπέρφωτον

155 2935 250 3002 τῆς
277 2933 426 2994 θείας
460 2932 793 3002 ὡραιότητος
827 2928 930 3001 ἦρέ
963 2948 1053 2983 σου
1084 2933 1206 2993 τούς
1231 2932 1328 3000 τῆς
1356 2933 1586 2994 διανοίας
1626 2935 1726 3000 ὀφ-

157 3021 420 3090 θαλμοὺς,
468 3021 663 3092 αἴγλην
714 3023 830 3073 ἐκεῖ
885 3021 1124 3091 βλέπειν,
1172 3022 1290 3073 ἐκεῖ
1332 3021 1724 3091 φαντάζεσθαι,

157 3139 270 3188 ἐκεῖ
299 3138 647 3206 μετατιθέναι
691 3137 750 3188 τὸ
796 3135 1118 3205 πολίτευμα,
1150 3131 1210 3187 οὐ
1245 3138 1386 3205 χαρά
1432 3136 1729 3208 ἀνεκλάλη-

155 3245 263 3293 τος,
288 3228 416 3281 ἔνθα
449 3227 566 3297 ζωὴ
588 3229 859 3298 ἀκήρατος
886 3225 904 3297 [
926 3226 1048 3280 cod.
1075 3223 1207 3297 Reg.
1240 3228 1569 3300 ἀμήρυτος],
1595 3231 1726 3282 ὅπου

157 3321 189 3388 ἡ
211 3319 479 3390 ἐλλαμψις
497 3321 594 3388 τῆς
625 3319 896 3389 μακαρίας
921 3320 1015 3372 καὶ
1036 3320 1266 3390 ἀρχικῆς
1289 3321 1537 3391 Τριάδος.
1569 3322 1729 3373 Ἀλλά

157 3413 361 3476 γένοιτό
397 3429 504 3471 σοι.
536 3405 580 3463 ὦ
609 3411 878 3480 θαυμάσιε
909 3415 1002 3464 καὶ
1028 3413 1325 3479 ἐπιπόθητε
1369 3414 1523 3482 ἡμῖν,
1556 3414 1726 3465 ἐπαύ-

161 3501 308 3571 ξησις
351 3504 558 3574 ἀρετῆς
607 3503 686 3554 ἔτι
725 3503 821 3555 καὶ
872 3501 970 3566 ἔτι,
1017 3504 1109 3554 καὶ
1161 3503 1483 3572 θησαύρισις
1507 3503 1728 3572 ἀγαθῶν

159 3593 354 3662 ἔργων,
385 3597 465 3658 είς
483 3594 544 3645 τὸ
568 3592 1000 3662 μεγαλεμπόρως
1030 3595 1239 3663 ἁπᾶραί
1271 3611 1328 3646 σε
1355 3595 1463 3647 τῶν
1496 3596 1724 3658 ἐνθένδε,

162 3684 251 3735 ἐπὶ
283 3685 497 3754 μεθέξει
530 3681 635 3733 τῶν
663 3683 860 3734 ἀϊδίων.
903 3684 978 3734 Σέι
1011 3681 1211 3752 μὲνοῦν
1235 3687 1333 3756 τῆς
1361 3686 1727 3756 προσηγορίας

162 3775 392 3827 ἐνταῦθα
425 3773 648 3827 κείσθω.
687 3772 903 3842 Ἐπειδὴ
942 3775 997 3825 δὲ
1037 3775 1129 3827 καί
1159 3778 1284 3846 περὶ
1312 3777 1404 3829 τοῦ
1430 3777 1728 3848 πρεσϐυτέ-

165 3883 254 3937 ρου
287 3863 652 3936 ὲπηρώτησας
683 3859 856 3928 αὖθις,
919 3865 1198 3931 ὑποδείξας
1224 3867 1283 3919 τὸ
1311 3867 1729 3937 ἀνεξαγὸρευτον

162 3957 380 4026 ὄφλημα
403 3974 416 3986 ·
450 3958 630 4009 έκεῖνο
666 3955 913 4027 λέγομεν,
942 3957 1020 4009 ὅτι
1054 3957 1082 4008 ὁ
1110 3957 1286 4010 κανὼν
1332 3960 1451 4012 οὐδὲ
1480 3961 1559 4021 είς
1577 3959 1729 4026 διγα-

167 4047 390 4116 μοῦντος
422 4048 601 4116 γάμον
625 4046 1047 4114 έστιαθῆναιτὺν
1071 4048 1437 4120 πρεσϐύτερον
1464 4067 1726 4120 παραχω-

165 4144 247 4208 ρεῖ
269 4157 281 4168 ·
303 4142 454 4210 πόσῳ
481 4156 547 4209 γε
577 4140 772 4210 μᾶλλον
795 4139 1131 4208 στεφανῶσαι
1151 4140 1240 4192 τὸν
1254 4144 1509 4208 τοιοῦτον;
1541 4142 1600 4194 Ὁ
1621 4143 1728 4213 γὰρ

164 4234 420 4300 στέφανος
451 4231 753 4291 ἐπιτίθεται
780 4233 870 4284 ἐπὶ
907 4231 984 4303 τῷ
1017 4233 1234 4285 νικῶντι
1290 4237 1387 4304 τὴν
1417 4236 1687 4306 ἀκρασίαν
1708 4279 1721 4298 ,

165 4320 254 4372 καὶ
292 4323 352 4373 τὸ
400 4322 501 4390 τῆς
549 4321 845 4391 παρθενίας
885 4322 1041 4385 κλέος
1082 4324 1508 4396 ἀποσωσαμένῳ.
1567 4329 1624 4380 '0
1665 4328 1720 4379 δὲ

162 4410 426 4481 διγαμῶν,
459 4412 600 4481 πρὸς
625 4411 702 4482 τῷ
737 4414 809 4483 μὴ
828 4413 975 4478 ἄξιος
1003 4410 1138 4465 εἶναι
1162 4418 1595 4487 στεφανωθῆναι,
1629 4420 1722 4470 καὶ

164 4502 454 4573 ἐπιτιμίοις
506 4504 872 4573 ὑποϐέϐληται
923 4506 1413 4569 κανονικιῖ›ς.ο11ῶς
1477 4508 1569 4560 οῦν
1619 4510 1721 4560 οὐκ

165 4591 329 4646 ἔδεισε
373 4597 720 4664 στεφανῶσαι
748 4597 872 4657 τοὺς
904 4596 1006 4647 ὐπὸ
1037 4597 1266 4659 κανόνας
1300 4599 1588 4667 κειμένους
1621 4602 1722 4668 τῆς

163 4682 452 4754 διγαμία;;
493 4687 816 4757 Παρίἡμῶν
865 4688 1064 4753 τοίνυν,
1114 4688 1406 4754 σύγγνωθι,
1442 4691 1525 4742 ἵνα
1560 4693 1723 4760 μηδὲν

163 4769 229 4842 ἦν
271 4777 396 4828 ἄλλο
443 4779 697 4846 αἰτίαμα,
737 4779 834 4830 οὐκ
867 4781 1254 4850 ἐπιτέτραπται
1288 4781 1347 4833 τὸ
1394 4782 1617 4833 καθόλου
1649 4783 1721 4833 ἱε-

169 4873 415 4942 ρουργεῖν
436 4887 449 4899 ο
485 4870 587 4922 οὐκ
613 4865 709 4922 οἷδ’
742 4871 822 4922 ὅτι
852 4873 900 4923 εί
933 4873 1005 4941 μή
1049 4891 1100 4924 τι
1130 4872 1249 4923 κατ’
1272 4873 1595 4940 οἰκονομίαν,
1628 4889 1722 4940 με-

167 4963 431 5015 ταδιδόναι
474 4964 604 5030 ὑμῖν
649 4960 754 5012 τῶν
783 4963 1156 5032 ἀγιασμάτων,
1194 4963 1341 5031 παρὰ
1384 4962 1724 5030 σεσωσμένοι)

169 5070 267 5121 πρε
279 5055 538 5125 σϐυτέρου
563 5055 975 5121 τετελεσμένων.
1004 5057 1133 5124 Περὶ
1153 5055 1244 5106 τοῦ
1264 5056 1628 5122 ἀναγνώστου,
1646 5056 1725 5105 ὅτι

170 5145 503 5215 ἐπέστρεψεν
531 5147 952 5215 ἐπιτίμιασθείς,
980 5147 1184 5199 δίκαιόν
1228 5151 1374 5199 ἐστιν
1401 5147 1506 5207 ἕως
1534 5146 1726 5214 καιροῦ

174 5240 386 5290 συνόδου
423 5243 498 5308 μὴ
538 5239 986 5303 αποστολίζεσθσι
1011 5241 1200 5291 αὐτόν·
1235 5242 1260 5292 ὁ
1300 5241 1394 5308 μὲν
1426 5239 1534 5308 γὰρ
1594 5255 1730 5305 πρε-

175 5328 424 5396 σϐύτερος
458 5331 706 5398 εἴργεται
753 5330 851 5397 τῆς
887 5329 1225 5400 λειτουργίας
1257 5328 1672 5397 ὲπιτιμιασθεὶς,
1706 5330 1734 5378 ὁ

173 5417 225 5469 δὲ
276 5419 520 5482 διάκονος
570 5423 668 5489 τῆς
720 5420 1012 5484 διακονίας,
1053 5423 1144 5473 καὶ
1190 5422 1216 5471 ὁ
1250 5419 1603 5489 ἀναγνώστης
1636 5420 1733 5486 τῆς

1885 920 2139 989 Magnum
2174 921 2385 973 lucrum
2415 928 2568 988 putat
2597 917 3010 972 honoriﬁcentia
3059 926 3174 981 tua,
3202 926 3260 971 ut
3289 919 3384 980 ait,

1815 1029 1937 1068 cum
1967 1013 2173 1066 litteras
2204 1023 2423 1066 nostras
2454 1012 2683 1079 accepit,
2712 1010 2982 1078 simulque
3011 1025 3133 1064 cum
3160 1010 3329 1078 ipsius
3360 1028 3388 1061 a

1817 1105 1974 1158 nobis
2017 1104 2076 1156 ﬁt
2112 1103 2334 1157 mentio.
2393 1101 2508 1156 Hoc
2569 1116 2698 1156 vero
2757 1102 2951 1155 divina:
3010 1102 3210 1156 mentis
3264 1111 3387 1165 tuae,

1818 1211 2014 1266 magna
2046 1195 2354 1248 humilitate
2384 1195 2623 1264 praedita:
2660 1194 2967 1247 encomium
2999 1202 3114 1256 est,
3149 1209 3254 1246 non
3288 1210 3390 1247 no-

1820 1297 2017 1352 strum,
2049 1288 2142 1356 qui
2165 1287 2384 1355 ahjecti,
2410 1296 2463 1339 et
2491 1286 2695 1340 nullius
2725 1287 2882 1354 pretii
2902 1284 3149 1340 homines
3175 1301 3385 1340 sumus.

1773 1453 1777 1455 _
1820 1384 2075 1435 Attamen
2101 1379 2258 1449 juxta
2309 1377 2564 1432 ﬁduciam
2614 1387 2762 1430 tuam
2813 1377 3122 1432 mercedem
3157 1379 3388 1447 accipies

1822 1491 1853 1527 a
1883 1473 2032 1544 justo
2065 1471 2274 1542 judicio
2303 1470 2432 1524 boni
2461 1470 2553 1523 Dei
2582 1469 2775 1534 nostri,
2824 1469 2917 1537 qui
2957 1469 3391 1540 uniuscujusque

1820 1565 1980 1618 ﬁdem
2023 1563 2337 1618 coelestibus
2369 1561 2605 1631 praemiis
2665 1571 3084 1624 remuneratur,
3135 1569 3189 1614 et
3249 1561 3388 1630 quod

1819 1657 2067 1727 proximo
2100 1656 2298 1710 factum
2330 1663 2432 1718 est,
2468 1663 2528 1708 ut
2564 1654 2663 1706 sibi
2703 1653 2804 1723 ipsi
2837 1652 3091 1708 Christus
3139 1654 3390 1724 imputat.

1819 1749 1930 1804 Nos
1955 1763 2082 1802 vero
2101 1747 2402 1818 gaudemus
2432 1747 2612 1814 reipsa
2637 1762 2758 1799 cum
2787 1747 2961 1815 palam
2991 1746 3221 1800 facimus
3254 1748 3391 1801 ami-

1821 1857 1914 1898 cos
1950 1856 2051 1896 nos
2082 1856 2203 1896 esse
2236 1839 2368 1894 tanti
2399 1854 2463 1895 ac
2498 1840 2617 1894 talis
2667 1840 2806 1902 viri,
2836 1839 2993 1904 cujus
3047 1840 3223 1893 virtus
3249 1841 3393 1895 cele-

1821 1934 2078 1999 berrima,
2102 1934 2329 2002 lausque
2355 1932 2683 2000 justissima,
2715 1939 2769 1987 et
2799 1929 3015 1986 vivendi
3045 1933 3185 1987 ratio
3208 1933 3395 1987 multis

1821 2029 1907 2097 pie
1957 2028 2010 2080 in
2044 2030 2146 2080 hoc
2168 2025 2367 2080 szeeulo
2391 2025 2569 2079 vivere
2601 2025 2931 2088 volentibus,
2956 2025 3261 2095 exemplum
3289 2037 3389 2089 est,

1825 2130 2082 2189 tanquam
2117 2121 2169 2171 in
2197 2132 2413 2172 summo
2439 2118 2639 2171 montis
2665 2116 2923 2170 virtutum
2957 2117 3159 2170 vertice
3194 2132 3393 2186 propo-

1825 2211 2010 2265 situm.
2042 2209 2119 2261 Ac
2144 2217 2236 2260 tuo
2254 2215 2400 2261 certe
2431 2207 2636 2260 nomini
2665 2215 3027 2276 congruenter
3049 2204 3391 2260 Philotheum

1826 2311 1879 2355 te
1916 2299 2241 2365 exhibuisti,
2291 2297 2384 2352 Dei
2418 2312 2600 2353 amore
2639 2298 2805 2350 vitam
2852 2297 3200 2366 tranquillam
3250 2305 3304 2352 et
3363 2315 3392 2351 a

1825 2392 2056 2464 negotiis
2080 2401 2343 2446 remotam
2374 2391 2598 2461 eligens,
2622 2390 2877 2444 utdivina
2909 2406 3092 2446 serves
3120 2390 3392 2452 mandata,

1825 2496 1879 2541 et
1908 2494 2108 2540 aeterna
2149 2486 2291 2538 bona
2338 2484 2712 2553 consequaris.
2747 2481 2813 2535 Et
2842 2498 2968 2537 vero
2995 2498 3118 2537 cum
3145 2483 3219 2537 sis
3240 2491 3293 2537 et
3325 2483 3394 2536 oh

1828 2574 2057 2629 formam
2094 2574 2292 2644 dignus
2322 2572 2549 2640 imperio
2579 2613 2594 2637 ,
2657 2580 2746 2635 et,
2804 2571 2850 2624 si
2889 2585 3061 2640 genus
3092 2579 3389 2638 spectetur.

1827 2665 2092 2736 sanguine
2135 2665 2429 2733 perillustri
2459 2682 2473 2719 :
2503 2662 2722 2717 divinus
2769 2671 2949 2716 tamen
2999 2677 3152 2716 amor
3191 2664 3396 2716 exstin-

1828 2771 1999 2827 guens
2031 2755 2143 2808 hzec
2171 2755 2376 2816 omnia,
2395 2753 2617 2808 etnihili
2647 2768 2769 2807 esse
2795 2753 3019 2818 docens,
3039 2753 3178 2807 sicut
3204 2769 3392 2808 verum

1827 2859 1931 2910 est,
1968 2859 2020 2902 et
2064 2848 2260 2901 divina:
2288 2845 2711 2916 pulchritudinis
2761 2845 3101 2915 splendorem
3129 2847 3276 2899 omni
3311 2846 3394 2900 lu-

1832 2945 1977 2997 mine
2005 2943 2340 3012 superiorem
2369 2940 2557 2994 oculos
2583 2950 2685 2993 tua:
2709 2937 2906 2994 mentis
2944 2940 3118 2993 erexit
3141 2957 3155 3004 ;
3182 2950 3240 2994 ut
3270 2941 3394 2993 illuc

1830 3047 2065 3105 spectes,
2111 3034 2245 3088 illuc
2271 3033 2810 3102 contemplationem,
2860 3033 2987 3086 illuc
3024 3033 3395 3086 conversatio-

1829 3143 1953 3181 nem
1988 3136 2136 3180 tuam
2170 3125 2466 3178 transferas
2553 3125 2646 3177 ubi
2681 3124 2935 3194 gaudium
2975 3133 3056 3178 est
3104 3124 3393 3184 ineﬂahile,

1829 3217 1924 3270 ubi
1957 3217 2065 3270 vita
2097 3215 2444 3281 immortalis,
2475 3215 2566 3269 ubi
2596 3215 2903 3271 coruscatio
2926 3217 3093 3271 beatze
3121 3227 3176 3271 et
3209 3232 3396 3286 supre-

1830 3322 1932 3360 mae
1960 3305 2264 3360 Trinitatis.
2323 3305 2429 3359 Sed
2469 3306 2747 3374 contingat
2777 3306 2914 3368 tibi,
2956 3308 3037 3358 vir
3079 3305 3394 3360 admirande

1829 3403 2097 3470 nobisque
2128 3399 2501 3462 desiderande,
2535 3400 2712 3467 majus
2755 3402 3042 3470 majusque
3063 3403 3280 3456 virtutis
3312 3402 3395 3454 in-

1829 3504 2186 3553 crementum,
2213 3501 2266 3546 et
2289 3493 2560 3545 honorum
2588 3508 2812 3562 Operum
2837 3495 3150 3564 congeries:
3191 3503 3248 3546 ut
3283 3509 3397 3546 ma.

1831 3587 1921 3656 gni
1959 3585 2283 3640 mercatoris
2315 3585 2487 3638 instar
2519 3585 2645 3639 hinc
2679 3585 2858 3641 solvas
2903 3587 2967 3640 ad
3021 3585 3395 3654 participatio-

1830 3694 1949 3731 nem
1970 3687 2320 3731 aeternorum.
2337 3677 2489 3742 Quod
2515 3678 2675 3746 igitur
2699 3677 2761 3730 ad
2789 3687 2942 3731 tuum
2962 3693 3156 3731 nomen
3180 3678 3395 3740 attinet,

1830 3769 1918 3822 hic
1949 3768 2074 3822 ﬁnis
2123 3778 2262 3822 esto.
2299 3766 2436 3833 Quia
2484 3783 2614 3821 vero
2641 3768 2706 3821 de
2730 3768 3046 3837 presbytero
3072 3767 3235 3821 etiam
3277 3783 3398 3820 rur-

1829 3874 1923 3912 sus
1968 3859 2332 3928 interrogasti,
2366 3873 2580 3928 poanam
2617 3859 2840 3913 minime
2872 3874 3184 3927 expressam
3224 3859 3398 3927 siguio

1831 3944 2036 4015 ﬁcans;
2097 3950 2228 4004 illud
2260 3950 2413 4013 dico,
2445 3965 2708 4003 canonem
2747 3965 2815 4005 ne
2853 3952 3149 4005 concedere
3175 3952 3392 4020 quidem

1829 4041 2148 4111 presbytero
2169 4053 2226 4096 ut
2249 4041 2300 4094 in
2320 4041 2518 4110 digami
2558 4043 2760 4111 nuptiis
2801 4044 3147 4107 convivetur;
3190 4054 3396 4112 quanto

1831 4131 2012 4186 minus
2047 4141 2104 4185 ut
2135 4133 2282 4186 illum
2319 4143 2542 4187 coronet
2566 4135 2656 4202 qui
2687 4133 2810 4187 talis
2842 4133 2964 4188 est?
3000 4134 3213 4188 Corona
3247 4135 3393 4187 enim

1761 4230 1802 4282 Ι)
1831 4225 1879 4278 ei
1912 4226 2227 4295 imponitur,
2259 4227 2352 4295 qui
2385 4227 2513 4280 vicit
2549 4228 3039 4295 intemperantiam,
3077 4238 3129 4282 et
3174 4228 3395 4298 virgini-

1831 4317 1958 4371 tatis
2003 4317 2168 4371 decus
2218 4319 2578 4372 conservavit.
2636 4318 2740 4384 Qui
2794 4334 2922 4373 vero
2984 4321 3250 4374 secundas
3293 4337 3394 4373 nu—

1831 4412 1970 4478 ptias
1999 4410 2116 4474 init,
2150 4421 2505 4479 praeterquam
2534 4412 2676 4478 quod
2702 4411 2898 4479 dignus
2920 4427 3027 4466 non
3058 4421 3141 4467 est
3170 4412 3261 4479 qui
3302 4429 3397 4466 co‘

1835 4510 2074 4563 ronetur,
2109 4516 2378 4554 canonum
2411 4500 2572 4554 etiam
2603 4503 2777 4569 pinnis
2807 4512 2890 4557 est
2946 4504 3233 4558 obnoxius.
3274 4504 3394 4569 Quo

1830 4596 1996 4661 igitur
2021 4605 2175 4664 pacto
2207 4612 2468 4649 coronare
2489 4612 2656 4651 ausus
2681 4607 2764 4650 cst
2789 4611 2913 4656 eos.
2949 4598 3039 4665 qui
3080 4613 3142 4652 ex
3170 4600 3394 4651 canoni-

1834 4687 1934 4742 hus
2019 4688 2086 4742 de
2151 4689 2384 4758 digamia
2442 4690 2704 4743 multandi
2766 4690 2933 4743 sunt?
3006 4677 3408 4756 Quamobrem,

1835 4778 2074 4847 ignosce,
2104 4787 2162 4832 ut
2183 4781 2387 4834 crimen
2414 4782 2557 4835 aliud
2618 4783 2824 4835 nullum
2867 4791 3030 4847 esset,
3085 4783 3395 4839 nullatenus

1836 4871 2144 4925 sacriﬁcare
2173 4875 2494 4940 permissum
2522 4887 2636 4939 est;
2680 4873 2821 4928 haud
2853 4875 2968 4928 scio
3000 4891 3066 4928 an
3088 4891 3183 4945 per
3213 4876 3396 4930 indul-

1836 4963 2070 5031 gentiam
2108 4965 2423 5032 dispensare
2465 4967 2609 5018 cirea
2645 4976 3002 5031 sacramenta,
3035 4984 3154 5034 qua:
3201 4967 3269 5021 ab
3315 4970 3398 5022 in-

1841 5056 1999 5108 noxio
2024 5055 2339 5125 presbytero
2368 5055 2570 5110 fuerint
2589 5067 2924 5112 consecrata.
2955 5059 3027 5113 De
3058 5061 3275 5122 lectore,
3303 5065 3396 5128 qui

1839 5162 1993 5213 paena
2057 5159 2306 5215 suscepta
2364 5162 2616 5202 reversus
2664 5160 2779 5211 est,
2818 5167 3034 5219 arquum
3071 5161 3153 5206 est
3186 5161 3243 5205 ut
3274 5165 3399 5206 ante

1838 5237 2026 5305 synodi
2069 5248 2282 5306 tempus
2312 5239 2632 5307 Apostolum
2670 5257 2772 5293 non
2801 5243 2962 5310 legat.
2998 5241 3132 5297 Nam
3168 5252 3222 5297 et
3275 5261 3398 5313 pre—

1837 5329 2017 5398 sbyter
2047 5330 2323 5384 inhibetur
2349 5348 2380 5383 a
2412 5333 2703 5397 sacriﬁcio,
2738 5344 2793 5387 et
2815 5335 3080 5391 diaconus
3099 5353 3126 5389 a
3154 5338 3399 5391 ministe-

1840 5422 1943 5487 rio,
1976 5432 2027 5476 et
2055 5422 2222 5479 lector
2247 5439 2276 5477 a
2307 5423 2558 5479 lectione.
2602 5423 2709 5480 Nos
2743 5427 2812 5481 ita
2843 5430 3107 5485 sentimus
3135 5439 3188 5484 et
3220 5432 3400 5484 sanci-

1674 5636 1902 5693 NOTAE.

248 5818 356 5889 (85;
395 5823 447 5877 In
478 5826 597 5878 eod.
636 5823 761 5890 Reg.
805 5825 933 5893 ριιδ.
