3976 6322
583 356 722 418 1583

1772 354 1833 412 S.
1864 354 1910 412 Τ
1919 353 1967 412 Η
1977 352 2260 412 EODORI
2297 354 2646 414 STUDlT/E

3743 351 3872 416 158i

579 484 725 524 mus.
771 467 927 522 Sicut
961 477 1140 522 autem
1168 465 1354 536 pietati
1389 465 1494 518 tuae
1528 465 1700 520 visum
1737 463 1924 531 luerit,
1959 468 2037 520 sic
2080 465 2160 519 fa-

2277 466 2645 535 ὶναγνώσεως.
2686 465 2873 536 Ἡμεῖς
2889 465 3057 529 οὕτως
3084 467 3395 538 φρονοῦμεν
3430 469 3536 521 καὶ
3557 486 3874 540 τυπουμεν.

579 563 707 615 ciat.

950 694 1153 750 CXCII.
1184 725 1253 736 —
1279 694 1449 750 [reme
1477 697 1748 750 Pulrt'ct'a'.

2273 559 2364 623 Ὠς
2390 559 2447 611 δὲ
2481 559 2514 628 ή
2543 558 2795 612 εὐσέϐεια
2833 557 2986 628 ὑμῶν
3014 559 3247 628 νομίζει,
3286 561 3551 619 ποιείτω,

2407 689 2546 756 ΡιιΒι
2589 688 2721 759 (86).
2762 718 2832 728 —
2866 689 3088 758 Εἰρήνῃ
3127 698 3432 759 πατρικίᾳ.
3485 689 3702 763 [ψωπ]

1393 831 1464 880 De
1499 829 1801 881 monasterio
1822 831 2116 881 feminarum
2136 832 2194 880 ad
2227 829 2360 880 viros
2382 844 2478 878 non
2502 829 2863 878 transferendo.

655 933 816 989 Bonae
840 934 1049 990 liduciae
1078 947 1184 992 tua:
1213 950 1593 1008 argumentum
1620 954 1722 1008 est,
1759 945 1904 1013 quod
1936 961 2032 999 nus
2061 946 2164 998 hu-

585 1030 742 1082 miles
769 1029 1114 1094 salutaveris,
1153 1030 1375 1086 Domina
1408 1035 1540 1089 mihi
1573 1037 2014 1105 bonoratissima,
2069 1055 2165 1109 per

583 1121 841 1174 dilectum
896 1119 1118 1175 fratrem
1173 1135 1422 1178 nostrum
1459 1127 1743 1181 dominum
1787 1128 2006 1184 Petrum
2042 1147 2167 1200 pro-

2335 942 2450 1012 Τῆς
2493 941 2705 1012 ἀγαθῆς
2751 959 2842 995 σου
2896 943 3278 1011 πεποιθήσεως
3307 940 3703 1010 σύμϐολον’τὸ
3732 945 3873 1010 ἡμᾶς

2263 1037 2390 1098 τοὺς
2438 1035 2725 1098 ταπεινοὺς
2789 1033 3254 1104 προσαγορεῦσαι,
3309 1033 3490 1101 κυρία
3549 1040 3871 1102 τιμιωτάτη

2265 1144 2378 1198 μοι,
2409 1125 2497 1179 διὰ
2525 1125 2619 1178 τοῦ
2648 1124 3009 1195 ἠγαπημένον
3047 1123 3205 1193 ἡμῶν
3235 1122 3482 1192 ἀδελφοῦ
3517 1124 3750 1192 Κυρίου
3780 1125 3872 1176 112'-

585 1208 850 1278 pinquum
881 1218 1031 1264 tuum
1072 1229 1085 1264 :
1127 1228 1220 1278 per
1259 1230 1419 1284 quem
1473 1225 1527 1269 et
1569 1233 1668 1272 nos
1719 1219 1961 1273 vicissim
1997 1237 2161 1290 quam

2277 1235 2393 1290 :pou
2431 1217 2526 1270 καὶ
2561 1214 2861 1284 συγγενοῦς
2885 1233 2980 1269 σου
3001 1231 3015 1246 ·
3037 1216 3104 1266 δι’
3134 1207 3195 1266 οὗ
3224 1216 3318 1268 καὶ
3350 1216 3528 1283 ἡμεῖς
3560 1217 3872 1281 ἀντιπροσ-

584 1299 846 1355 debemus
868 1303 1261 1357 salutationem
1285 1306 1582 1372 reddimus,
1607 1309 1888 1364 laudantes
1905 1311 2160 1380 pietatem

587 1399 1092 1463 tuam,rectamque
1118 1395 1170 1448 in
1197 1396 1353 1451 bonis
1379 1401 1806 1455 aemulationem.
1835 1400 1948 1457 Hoc
1964 1406 2164 1473 quippe

584 1491 638 1536 et
670 1483 771 1552 ipsi
803 1499 900 1553 per
922 1500 1021 1539 nos
1045 1487 1272 1552 scimus,
1291 1498 1344 1542 et
1362 1506 1388 1543 a
1419 1489 1586 1545 fratre
1608 1509 1848 1563 persaape
1874 1494 2163 1560 discimus,

583 1574 841 1642 quodque
873 1576 940 1626 oh
974 1574 1064 1629 Dei
1095 1590 1362 1643 amorem,
1411 1581 1588 1648 ipsum
1642 1583 1806 1636 etiam
1846 1583 1899 1637 in
1955 1585 2163 1638 honore

2265 1308 2610 1381 αγορεύομεν
2639 1307 3026 1377 όφειλομένως,
3063 1306 3416 1368 ἐπαινοῦντές
3453 1323 3562 1357 σου
3615 1307 3688 1358 τὸ
3721 1308 3871 1357 εὖτε-

2265 1402 2381 1465 6ὲς,
2413 1406 2507 1454 καὶ
2544 1401 2847 1472 εὺζήλωτον
2882 1401 2938 1452 ὲν
2967 1399 3216 1466 ἀγαθοῖς.
3253 1399 3376 1452 Ὅτι
3433 1399 3614 1452 τοῦτο
3652 1401 3753 1452 καὶ
3787 1399 3870 1464 ἀφ’

2265 1494 2479 1548 ἑαυτῶν
2510 1492 2688 1563 ι’σμεν,
2723 1493 2816 1545 καὶ
2847 1492 2996 1562 παρὰ
3022 1490 3115 1543 τοῦ
3148 1490 3381 1559 ἀδελφοῦ
3413 1491 3706 1552 πολλάκις
3743 1491 3871 1542 διξα-

2268 1587 2542 1656 σκόμεθαο
2580 1586 2673 1638 καί
2696 1603 2757 1651 γε
2779 1586 2853 1650 ὡς
2880 1583 2968 1637 διὰ
2998 1583 3132 1636 Θεοῦ
3158 1583 3406 1650 ἀγάπην,
3434 1583 3542 1635 καλ⁵
3581 1583 3761 1636 αὐτὸν
3793 1583 3870 1634 διὰ

585 1663 775 1727 habes,
815 1665 958 1719 sicut
996 1665 1184 1721 virtuti
1216 1678 1321 1722 tuas
1345 1710 1358 1733 ,
1397 1679 1451 1723 et
1482 1671 1578 1725 viri
1613 1673 1855 1727 moribus
1888 1676 2162 1730 convenit.

2277 1680 2433 1748 “si:
2465 1677 2640 1745 ἄγοις,
2666 1675 2832 1740 ἀξίως
2872 1675 2972 1744 τῆς
3011 1673 3236 1741 ἐνούσης
3269 1689 3352 1724 σοι
3378 1672 3621 1742 ἀρετῆς,
3652 1674 3754 1724 καὶ
3782 1673 3867 1738 τῆς

587 1753 856 1821 Quoniam
891 1767 1074 1813 autem
1103 1771 1418 1828 percontata
1446 1778 1504 1818 es
1535 1764 1600 1818 de
1629 1767 1987 1832 monasterio,
2017 1767 2164 1837 quod

589 1846 798 1904 Leones
834 1860 1050 1917 vocant,
1083 1861 1263 1907 utrum
1321 1857 1607 1912 conveniat
1639 1858 1773 1913 viris
1828 1859 1958 1913 illud
2015 1862 2168 1916 attri-

588 1939 758 1994 buere
781 1983 796 2003 .
843 1943 986 1996 sicut
1014 1954 1096 1998 est
1123 1947 1415 2001 consilium
1464 1957 1615 2002 tuum
1653 1950 1705 2004 in
1742 1951 1860 2020 ejus
1893 1951 2167 2006 instaura-

590 2033 761 2092 tione.
790 2050 916 2089 cum
950 2044 1110 2091 antea
1147 2039 1410 2093 muliebre
1451 2044 1840 2097 monasterium
1874 2045 2165 2111 diceretur,

588 2133 641 2180 et
678 2126 855 2196 reipsa
886 2137 1028 2182 esset
1062 2146 1076 2181 :
1111 2129 1214 2184 hoc
1244 2131 1506 2187 habemus
1531 2135 1677 2203 quod
1709 2137 2166 2205 reSpondeamus,

589 2217 737 2286 quod
765 2235 977 2290 nempe,
1002 2221 1047 2275 si
1080 2239 1107 2275 a
1133 2230 1186 2277 te
1212 2238 1356 2277 nunc
1389 2226 1626 2294 primum
1653 2238 2005 2282 consecratus
2027 2238 2171 2284 esset

590 2310 766 2377 locus,
799 2313 1069 2382 integrum
1099 2314 1239 2370 foret
1272 2314 1455 2372 facere
1480 2318 1627 2386 quod
1674 2319 1862 2374 velles.
1894 2319 2000 2375 Sed
2039 2322 2168 2390 quia

590 2417 943 2462 consecratus
973 2416 1134 2462 antea
1173 2407 1274 2462 fuit
1320 2425 1414 2478 per
1454 2409 1626 2465 beatae
1661 2414 1938 2468 memoriae
1974 2412 2170 2468 defun-

593 2504 735 2548 ctam
769 2494 937 2549 filiam
976 2505 1124 2551 tuam
1157 2498 1269 2553 illic
1304 2501 1716 2568 prmsidentem,
1751 2519 1872 2573 qua:
1901 2513 1953 2559 et
1982 2506 2169 2559 multis

591 2587 750 2640 annis
774 2589 1166 2643 monasterium
1198 2592 1337 2644 rexit
1375 2605 1500 2646 cum
1543 2593 1819 2663 virginum
1857 2606 2033 2664 coetu;
2068 2597 2169 2653 etsi

592 2679 877 2748 superiore
907 2680 1048 2735 bello
1081 2683 1225 2737 civili
1249 2682 1388 2739 facta
1443 2694 1526 2740 est
1583 2701 1838 2742 sororum
1888 2689 2032 2744 illius
2064 2689 2170 2744 loci

595 2771 917 2837 translatio,
949 2784 1112 2843 atque
1165 2775 1336 2846 ipsius
1377 2781 1703 2847 praeposita,
1758 2795 1880 2849 quae
1908 2781 1980 2834 ibi
2015 2783 2172 2850 quie-

592 2863 782 2917 scebat
813 2865 864 2917 in
885 2867 1056 2921 sacris
1088 2867 1306 2933 loculis,
1333 2885 1458 2923 cum
1489 2870 1610 2924 aliis
1637 2887 1759 2939 quae
1782 2885 2172 2941 praecesserant

594 2953 840 3021 ejusdem
883 2955 1093 3012 ordinis
1134 2958 1457 3027 animabus;
1494 2959 1576 3014 fas
1613 2978 1720 3015 non
1752 2972 1855 3026 est,
1881 2965 2170 3034 utopinor,
2198 2996 2244 3058 ο

596 3042 847 3110 Domina,
877 3049 1233 3104 mutationem
1266 3066 1296 3104 a
1323 3059 1375 3106 te
1401 3052 1539 3117 fieri,
1560 3063 1652 3108 aut
1681 3070 1847 3124 porro
1883 3056 2026 3111 illius
2051 3074 2172 3128 qua:

595 3138 895 3205 prrecessit,
930 3154 1149 3196 sorores
1189 3141 1437 3212 filiasque
1471 3144 1763 3211 dimittere,
1805 3163 1927 3217 quae
1957 3149 2029 3202 ibi
2068 3151 2176 3204 Deo

598 3228 806 3282 servire
832 3230 1064 3295 malunt,
1098 3232 1188 3286 ubi
1220 3235 1429 3302 sepulta
1459 3246 1543 3291 est
1589 3240 1896 3307 praaposita.
1939 3240 2175 3310 Aposto-

598 3320 739 3375 licus
770 3337 952 3377 sermo
974 3313 1058 3378 est
1091 3341 1104 3378 :
1149 3325 1514 3399 Unusquisque
1542 3330 1593 3383 in
1616 3347 1718 3399 quo
1743 3341 1955 3385 vocatus
1989 3344 2084 3400 est,
2120 3335 2176 3388 in

600 3409 698 3464 hoc
731 3423 939 3467 maneat
972 3413 1037 3466 ³⁸.
1102 3413 1493 3472 Monasterium
1554 3421 1816 3475 muliebre
1847 3421 2175 3491 appellatum

601 3511 687 3557 est
721 3522 736 3558 :
774 3519 894 3573 quae
925 3520 1092 3560 causa
1121 3507 1518 3566 immutationis
1545 3552 1560 3576 ,
1613 3519 1672 3565 ut
1705 3512 1944 3567 virorum
1978 3527 2177 3568 nomen

603 3596 795 3664 gerat?
824 3600 1128 3667 praesertim
1151 3614 1276 3654 cum
1301 3600 1401 3655 viri
1425 3618 1534 3656 non
1571 3603 1908 3672 appareant?
1935 3619 2055 3674 qua;
2076 3619 2178 3657 au-

602 3697 711 3741 tem
751 3689 990 3758 expulsae
1023 3700 1189 3756 sunt,
1248 3707 1356 3746 non
1397 3691 1575 3746 ferant
1609 3708 1667 3747 se
1726 3707 1834 3746 non
1865 3694 1938 3747 ibi
1976 3695 2177 3748 vivere.

602 3776 758 3842 Quod
801 3778 848 3831 si
883 3793 1024 3848 sape
1055 3780 1287 3834 mutatio
1322 3780 1463 3836 facta
1488 3792 1571 3837 est
1603 3783 1656 3836 in
1690 3782 2020 3852 quibusdam
2063 3800 2181 3837 mo-

603 3866 861 3921 nastcriis
882 3907 897 3932 ,
932 3877 1028 3922 aut
1059 3875 1367 3939 persecutio
1419 3888 1585 3927 causa
1619 3872 1743 3939 fuit,
1777 3884 1872 3926 aut
1901 3874 2180 3944 subreptio

604 3958 809 4028 injusta
837 4000 850 4023 ,
901 3970 1000 4015 aut
1047 3965 1291 4031 potentia
1328 3978 1435 4017 non
1479 3964 1744 4033 legitima.
1797 3963 2008 4030 Quibus
2052 3981 2181 4020 vero

604 4058 752 4105 recta
784 4063 867 4107 est
896 4052 1049 4119 fides,
1087 4063 1142 4109 et
1195 4055 1306 4110 vita
1361 4054 1483 4111 fidei
1538 4071 1646 4111 non
1700 4073 2041 4128 repugnans,
2087 4073 2182 4113 eos

603 4153 1033 4199 consentaneum
1060 4145 1228 4201 fuerit
1249 4147 1550 4202 secundum
1579 4149 1723 4219 leges
1746 4158 1800 4203 et
1827 4164 2063 4204 canones
2087 4149 2182 4203 lo-

603 4234 696 4303 qui
730 4242 784 4289 et
805 4249 985 4305 agere.
1014 4236 1381 4302 Quamobrem
1405 4239 1690 4293 hortamur
1718 4248 1772 4295 et
1803 4240 2178 4307 obsecramus,

2267 1768 2362 1821 τοῦ
2402 1767 2601 1838 ἀνδρὸς
2637 1767 2932 1830 πολιτείας.
2952 1765 3167 1835 Ἐπειδὴ
3189 1764 3244 1816 δὲ
3272 1763 3581 1834 ἠρώτησας
3620 1780 3695 1814 πε
3705 1763 3760 1834 ρί
3784 1761 3867 1814 τώ

2271 1858 2632 1929 μοναστηρίου
2663 1856 2758 1910 τοῦ
2803 1854 3193 1923 ὲπιλεγομένου
3241 1853 3370 1914 τοὺς
3404 1851 3697 1913 Λέοντας,
3725 1851 3799 1911 ὠς
3826 1851 3866 1900 εί

2267 1950 2379 2003 δέοι
2412 1949 2654 2018 ἀνδρεῖον
2698 1947 2830 2000 αὐτὸ
2857 1943 3339 2016 καταστήσασθαι·
3371 1942 3563 2005 οῦτως
3596 1942 3863 2010 αἱρέσεως

2269 2040 2466 2111 ἔχουσα
2496 2041 2553 2092 ὲν
2586 2038 2662 2109 τῷ
2691 2035 3199 2107 μετασχηματισμῷ
3227 2033 3321 2086 τοῦ
3354 2035 3491 2104 πρὶν
3536 2032 3862 2101 γυναικεία-ν

2273 2131 2441 2201 μονὴν
2464 2129 2862 2199 ὀνομαζομένου
2892 2131 2985 2182 καὶ
3015 2126 3458 2198 χρηματίσαντος
3491 2143 3506 2156 ·
3544 2125 3720 2178 τοῦτο
3743 2127 3865 2178 ἁπο-

2271 2220 2552 2292 κρίνεσθαι
2580 2219 2800 2289 ἔχομεν·
2829 2220 2910 2272 ὅτι
2940 2221 2987 2272 εί
3013 2221 3111 2289 μὲν
3134 2217 3329 2278 νεωστὶ
3361 2212 3584 2288 ἧρκταί
3619 2235 3709 2270 σοι
3740 2216 3864 2268 καθ-

2272 2313 2454 2384 ιεροῦν
2495 2312 2585 2364 τὸν
2627 2312 2812 2374 τόπον,
2859 2311 2976 2376 ἐξὸν
3029 2311 3166 2380 ὅπερ
3211 2311 3343 2380 αἱρῇ
3410 2309 3859 2378 διαπράξασθαι.

2282 2404 2500 2474 Ἐπειδὴ
2526 2404 2582 2456 δὲ
2619 2402 3059 2472 προκαθιὲρωται
3091 2402 3178 2455 διὰ
3202 2402 3300 2471 τῆς
3325 2403 3385 2454 ὲν
3421 2403 3697 2471 μακαρίᾳ
3735 2401 3859 2469 μνή-

2275 2511 2352 2568 μῃ
2385 2495 2732 2564 τελεσθείσης
2759 2511 2852 2547 σου
2884 2494 3153 2565 θυγατρὸς
3185 2497 3361 2547 ἐκεῖσε
3396 2494 3857 2562 καθηγουμένης,

2271 2591 2363 2640 καὶ
2393 2587 2552 2640 τοῦτο
2579 2588 2670 2639 ἐπὶ
2700 2589 2915 2657 χρόνοις
2956 2589 3157 2646 ἱκανοῖς
3203 2586 3700 2654 διακρατησάσης,
3737 2585 3860 2654 μετὰ

2272 2679 2366 2731 καὶ
2393 2678 2637 2740 συνοδίας
2673 2678 3015 2748 παρθενικῆς
3043 2695 3056 2708 ·
3087 2678 3135 2728 εί
3167 2678 3260 2729 καὶ
3301 2679 3382 2727 ὅτι
3423 2675 3740 2745 μετάθεσις
3777 2677 3857 2742 γέ-

2272 2789 2428 2841 γονεν
2475 2775 2539 2824 ἐκ
2572 2771 2664 2823 τοῦ
2707 2771 3070 2840 προλαόόντος
3119 2767 3386 2838 ἐμφυλίου
3443 2768 3732 2850 πολέμου,
3771 2770 3858 2836 τῆς

2273 2864 2630 2933 ἀδελφότητος
2675 2863 2784 2916 τῶν
2825 2864 3024 2926 ἐκεῖσε,
3081 2862 3248 2930 αὐτῆς
3288 2877 3346 2914 τε
3399 2861 3504 2930 τῆς
3545 2865 3858 2932 ἡγουμένης

2273 2955 2434 3026 δεῦρο
2464 2955 2867 3025 κατακειμένης
2895 2956 2951 3006 ἐν
2991 2955 3185 3024 θήκαις
3212 2953 3388 3016 ὁσίαις
3424 2954 3576 3023 μετὰ
3600 2958 3706 3007 καὶ
3741 2973 3858 3025 προ-

2277 3048 2557 3101 λαόουσῶν
2594 3049 2768 3101 ἄλλων
2801 3047 3089 3116 ὁμοταγῶν
3145 3046 3364 3116 ψυχῶνο
3398 3047 3460 3100 οὐ
3501 3047 3764 3116 θεμιτὸν,
3793 3047 3857 3110 ὡς

2276 3136 2453 3211 οἶμαι,
2501 3140 2687 3210 κυρία,
2728 3140 3031 3206 ἐξαλλαγὴν
3084 3138 3420 3209 ποιήσασθαί
3478 3155 3582 3191 σε’
3625 3138 3859 3209 μάλιστα

2275 3234 2384 3286 τῶν
2427 3232 2732 3300 ἁφεθεισῶν
2781 3230 3023 3299 ἀδελφῶν
3058 3232 3150 3284 καὶ
3181 3230 3384 3283 τέκνων
3410 3231 3516 3299 τῆς
3548 3248 3859 3301 προηγησα-

2281 3323 2449 3394 μένης
2496 3316 2599 3375 ῶδε
2630 3322 2968 3391 αἱρουμένων
3006 3319 3288 3390 λατρεύειν
3340 3318 3482 3388 Θεῷ,
3515 3319 3652 3372 ἔνθα
3699 3322 3790 3373 καί
3830 3322 3857 3389 ἠ

2279 3415 2668 3486 καθηγουμένη
2750 3415 3095 3467 κατάκειται.
3181 3410 3580 3473 Ἀποστολικὸς
3649 3413 3679 3463 ὁ
3713 3412 3856 3478 λόγος

2278 3509 2457 3562 ἐστίν·
2493 3507 2793 3572 Ἕκαστος
2828 3506 2896 3558 ὲν
2923 3503 2969 3570 ᾧ
2992 3503 3239 3571 ἐκλήθη,
3271 3503 3341 3556 ὲν
3366 3503 3570 3569 τούτῳ
3609 3503 3855 3571 μενέτω.

2279 3600 2431 3672 Μονὴ
2481 3599 2684 3670 ἐκλήθη
2721 3597 3011 3665 γυναικεία
3035 3614 3048 3626 ·
3079 3596 3162 3659 τίς
3187 3596 3340 3664 λόγος
3370 3595 3470 3663 τῆς
3512 3595 3858 3666 μεταλλαγῆς

2279 3693 2636 3762 ἀνδρὼνυμον
2669 3689 2954 3759 γενέσθαι;
3004 3689 3177 3742 καίτοι
3228 3687 3438 3757 ἀνδρῶν
3493 3688 3576 3758 μὴ
3613 3688 3744 3742 κατ’
3771 3691 3855 3756 5;-

2281 3786 2524 3855 θαλμοὺς
2560 3783 2923 3854 φαινομένων,
2970 3782 3066 3835 καὶ
3116 3781 3224 3833 τῶν
3277 3779 3719 3850 ἐκϐεϐλημένων
3769 3781 3855 3833 οὐκ

2281 3877 2621 3948 ἀνεχομένων
2653 3876 2728 3947 μὴ
2760 3876 2881 3946 οὐχὶ
2913 3875 3092 3927 ἐκεῖσε
3122 3872 3328 3943 διαςῇν.
3359 3870 3422 3925 El
3460 3870 3522 3924 δὲ
3554 3873 3641 3925 ὅτι
3676 3873 3853 3940 γέγονε

2285 3969 2548 4031 πολλάκις
2570 3967 2840 4037 ἐξαλλαγὴ
2874 3965 2930 4019 ἐν
2957 3982 3067 4018 τισι
3096 3962 3505 4033 μοναστηρίοις,
3550 3963 3696 4017 ἀλλὰ
3726 3961 3851 4016 κατὸ

2280 4059 2524 4130 διωγμοῦ
2576 4059 2779 4120 αἰτίαν,
2832 4057 2928 4110 καὶ
2987 4052 3320 4125 ὑφαρπαγὴν
3366 4054 3467 4123 οὐχ
3519 4053 3709 4118 ὁσίαν,
3769 4055 3850 4107 καὶ

2283 4152 2536 4216 ἐξουσίαν
2574 4151 2673 4204 οὐκ
2705 4149 2985 4219 ἔνθεσμον.
3024 4141 3119 4208 Οἷς
3150 4145 3206 4198 δὲ
3233 4144 3326 4197 καὶ
3355 4144 3547 4208 πίστις
3589 4145 3730 4216 ὀρθὴ
3769 4147 3850 4199 καὶ

2287 4247 2398 4318 βίος
2455 4244 2530 4314 μὴ
2579 4242 2989 4311 ἀνθιστάμενος,
3029 4239 3237 4303 τούτοις
3282 4237 3588 4292 ἀκόλουθον
3653 4240 3720 4293 ἂν
3774 4241 3848 4307 εἰη

603 4341 668 4380 ac
702 4327 748 4380 si
779 4326 894 4396 ipsa
924 4328 1093 4383 beatae
1121 4331 1396 4385 memoriae
1421 4331 1528 4385 ﬁlia
1567 4345 1657 4386 tua
1687 4348 1784 4402 per
1816 4348 1916 4388 nos
1944 4332 2172 4390 humiles

2283 4337 2564 4406 ὲνθέσμως
2587 4335 2678 4388 καὶ
2732 4332 3032 4394 κανονικῶς
3073 4331 3250 4400 λέγειν
3290 4332 3386 4384 καὶ
3440 4330 3734 4401 πράττειν.
3765 4328 3849 4382 Διὰ

603 4432 793 4472 vocem
815 4418 1019 4485 ederet,
1039 4424 1431 4477 monasterium
1460 4423 1671 4479 Leones
1695 4435 1884 4498 pergat
1913 4428 2178 4483 muliebre

602 4511 936 4580 nuncupari,
971 4524 1025 4567 et
1058 4513 1230 4582 ipsius
1251 4515 1390 4570 tilias
1425 4516 1477 4569 in
1508 4517 1724 4586 spiritu,
1745 4519 2042 4574 servientes
2066 4518 2177 4574 Deo

605 4602 902 4658 custodire.
945 4604 1060 4657 Hoc
1092 4607 1238 4659 enim
1294 4617 1351 4660 ut
1384 4607 1566 4672 illius,
1617 4610 1696 4664 sic
1735 4609 1788 4664 et
1818 4617 1924 4663 tuae
1960 4625 2178 4679 quoque

603 4696 790 4766 pietati
824 4695 944 4751 laus
974 4698 1079 4750 erit
1106 4713 1239 4752 sane
1265 4699 1522 4764 maxima,
1557 4716 1730 4770 neque
1763 4716 1953 4754 ansam
1991 4717 2178 4771 repre-

605 4787 892 4843 hensionis
947 4789 1096 4843 dabit
1148 4790 1215 4845 iis
1265 4793 1356 4860 qui
1416 4803 1604 4846 nostra
1657 4793 1994 4847 observant:
2029 4794 2174 4862 quod

604 4879 854 4949 praecipit
883 4879 1181 4950 Apostolus
1220 4897 1343 4937 cum
1385 4883 1462 4936 ait
1497 4902 1510 4937 :
1546 4882 1672 4937 Sine
1698 4884 1982 4952 oﬂensione
2015 4895 2178 4940 estote

605 4979 656 5023 et
692 4969 919 5037 Iudaeis,
953 4982 1004 5026 et
1044 4973 1264 5040 Grecis,
1306 4985 1355 5028 ct
1393 4974 1648 5031 Ecclesia
1683 4975 1779 5030 Dei
1801 4976 1868 5030 ³⁵.
1909 4975 2177 5042 Quoniam

609 5064 714 5118 nisi
757 5065 831 5118 ita
862 5064 1075 5133 feceris,
1127 5083 1212 5123 res
1257 5069 1477 5138 quidem
1515 5085 1620 5123 non
1653 5070 1955 5136 subsistet,
2010 5069 2080 5124 ab
2114 5085 2179 5124 eo

609 5159 755 5226 quod
789 5161 1062 5224 convenit,
1119 5161 1188 5214 ad
1250 5162 1300 5215 id
1358 5161 1502 5231 quod
1549 5172 1744 5232 praeter
1773 5172 2023 5217 naturam
2072 5170 2176 5227 est,

613 5251 908 5319 translata;
944 5267 1046 5307 nos
1080 5269 1209 5307 vero
1255 5268 1365 5308 non
1399 5253 1724 5325 effugiemus
1771 5255 2040 5326 publicam
2081 5269 2178 5309 ca-

673 5433 721 5468 “
748 5434 766 5488 ι
797 5435 922 5489 Cor.
948 5451 1045 5497 vn,
1075 5436 1145 5489 20
1242 5439 1285 5468 ³⁸
1318 5439 1332 5491 l
1361 5435 1486 5494 Cor.
1522 5458 1571 5503 χ,
1601 5441 1685 5492 52.

2283 4429 2442 4483 τοῦτο
2471 4427 2567 4481 καὶ
2596 4424 2970 4498 παραινοῦμεν
2998 4424 3091 4476 καὶ
3129 4419 3550 4490 ἀντιϐολοῦμεν,
3577 4421 3656 4484 ὡς
3699 4421 3848 4487 αὐτῆς

2283 4525 2381 4594 τῆς
2406 4519 2680 4591 μακαρίας
2707 4517 2976 4588 θυγατρός
3005 4531 3099 4568 σου
3124 4513 3306 4583 φωνὴν
3333 4511 3598 4582 ἀφιείσης
3619 4513 3687 4564 δι’
3708 4512 3847 4582 ἡμῶν

2282 4614 2390 4666 τῶν
2433 4609 2737 4664 ταπεινῶν·
2777 4608 2983 4680 μενέτω
3029 4605 3092 4658 τὸ
3129 4605 3497 4676 μοναστήριον
3549 4605 3601 4655 οἱ
3638 4605 3847 4664 Λέοντες

2283 4704 2592 4774 γυναικεῖον
2623 4699 2984 4770 χρηματίζον,
3025 4697 3117 4750 καὶ
3161 4695 3441 4767 φρουροῦν
3478 4696 3585 4759 τὰς
3611 4695 3846 4748 καταλει-

2283 4794 2507 4864 φθείσας
2528 4791 2832 4869 θυγατέρας
2858 4789 3044 4858 αὐτῆς,
3069 4789 3127 4840 ἐν
3143 4786 3418 4856 πνεύματι
3444 4785 3707 4856 λάτριδας
3725 4783 3842 4852 Θεῷ.

2267 4872 2456 4939 ¹Τοῦτο
2503 4885 2612 4953 γὰρ
2658 4882 2756 4936 σὺν
2799 4881 2982 4952 ἐκείνη
3026 4881 3118 4932 καὶ
3168 4881 3232 4949 τῇ
3279 4880 3348 4947 σῇ
3385 4877 3682 4948 θεοσεὸείᾳ
3715 4877 3845 4935 κλέος

2285 4978 2367 5030 ὅτι
2406 4976 2661 5048 μάλιστα,
2697 4974 2792 5027 καὶ
2823 4971 3154 5040 ἀνεπίψογον
3190 4973 3308 5033 τοῖς
3353 4971 3764 5042 ἐπισκήπτουσι
3792 4966 3846 5017 τὰ

2286 5070 2567 5140 ἡμέτερα·
2629 5068 2764 5138 ὅπερ
2815 5063 3107 5135 παρεγγυᾷ
3165 5063 3193 5114 ὁ
3259 5061 3603 5126 Ἀπόστολος
3660 5063 3843 5129 λέγων·

2300 5161 2703 5228 Ἀπρόσκοποι
2756 5158 2995 5226 γίνεσθε
3051 5154 3144 5207 καὶ
3192 5152 3551 5221 Ἰουδαίοις,
3603 5156 3698 5210 καὶ
3731 5156 3846 5208 Ἐλη

2287 5256 2457 5321 λησι,
2489 5254 2587 5306 καὶ
2634 5250 2710 5318 τῇ
2781 5247 3106 5315 Ἐκκλησία
3159 5245 3270 5300 τοῦ
3332 5247 3518 5302 Θεοῦ.
3567 5249 3723 5303 Ἐπεὶ
3773 5246 3846 5296 ἐὰν

2109 5608 2338 5666 ΝΟΤᾹΞ.

691 5770 804 5842 (86)
838 5770 895 5826 ln
921 5772 1046 5828 cod.
1079 5770 1212 5840 Reg.
1253 5774 1383 5841 ρξε’.
