  <div class='ocr_page' id='page_1' title='image "/cluster/home/n/w/nwhite01/storage/ocr_20150623/99/pst.000005714063/854.png"; bbox 0 0 3976 6322; ppageno 0'>
   <div class='ocr_carea' id='block_1_1' title="bbox 118 397 262 459">
    <p class='ocr_par' dir='ltr' id='par_1_1' title="bbox 118 397 262 459">
     <span class='ocr_line' id='line_1_1' title="bbox 118 397 262 459; baseline 0.007 -1"><span class='ocrx_word' id='word_1_1' title='bbox 118 397 262 459; x_wconf 82' lang='grc'><strong>1585</strong></span> 
     </span>
    </p>
   </div>
   <div class='ocr_carea' id='block_1_2' title="bbox 1266 357 2209 455">
    <p class='ocr_par' dir='ltr' id='par_1_2' title="bbox 1266 357 2209 455">
     <span class='ocr_line' id='line_1_2' title="bbox 1266 357 2209 455; baseline 0.003 -3"><span class='ocrx_word' id='word_1_2' title='bbox 1266 357 1275 365; x_wconf 65' lang='grc'><em>’</em></span> <span class='ocrx_word' id='word_1_3' title='bbox 1346 394 1880 455; x_wconf 74' lang='lat' dir='ltr'><strong>EPISTOLARUM</strong></span> <span class='ocrx_word' id='word_1_4' title='bbox 1940 397 2087 455; x_wconf 74' lang='grc' dir='ltr'>ιω.</span> <span class='ocrx_word' id='word_1_5' title='bbox 2133 398 2209 455; x_wconf 84' lang='lat'><strong>11.</strong></span> 
     </span>
    </p>
   </div>
   <div class='ocr_carea' id='block_1_3' title="bbox 3261 398 3402 460">
    <p class='ocr_par' dir='ltr' id='par_1_3' title="bbox 3261 398 3402 460">
     <span class='ocr_line' id='line_1_3' title="bbox 3261 398 3402 460; baseline 0.007 -3"><span class='ocrx_word' id='word_1_6' title='bbox 3261 398 3402 460; x_wconf 79' lang='grc'><strong>1586</strong></span> 
     </span>
    </p>
   </div>
   <div class='ocr_carea' id='block_1_4' title="bbox 117 502 1724 575">
    <p class='ocr_par' dir='ltr' id='par_1_4' title="bbox 117 502 1714 575">
     <span class='ocr_line' id='line_1_4' title="bbox 117 502 1714 575; baseline -0.001 -19"><span class='ocrx_word' id='word_1_7' title='bbox 117 522 196 575; x_wconf 82' lang='grc' dir='ltr'><strong>μη</strong></span> <span class='ocrx_word' id='word_1_8' title='bbox 233 502 396 556; x_wconf 76' lang='grc' dir='ltr'>οὕτω</span> <span class='ocrx_word' id='word_1_9' title='bbox 436 503 689 572; x_wconf 79' lang='grc' dir='ltr'>πράξοις,</span> <span class='ocrx_word' id='word_1_10' title='bbox 732 503 790 554; x_wconf 79' lang='grc' dir='ltr'><strong>τὸ</strong></span> <span class='ocrx_word' id='word_1_11' title='bbox 815 535 818 538; x_wconf 60' lang='grc' dir='ltr'><strong>ι</strong></span> <span class='ocrx_word' id='word_1_12' title='bbox 845 503 942 572; x_wconf 84' lang='grc' dir='ltr'>μὲν</span> <span class='ocrx_word' id='word_1_13' title='bbox 988 502 1173 573; x_wconf 79' lang='grc' dir='ltr'>δρᾶμα</span> <span class='ocrx_word' id='word_1_14' title='bbox 1221 507 1409 558; x_wconf 76' lang='grc' dir='ltr'>στάσιν</span> <span class='ocrx_word' id='word_1_15' title='bbox 1442 505 1542 573; x_wconf 90' lang='grc' dir='ltr'><strong>οὐχ</strong></span> <span class='ocrx_word' id='word_1_16' title='bbox 1576 504 1714 570; x_wconf 71' lang='grc' dir='ltr'>ἕξει,</span> 
     </span>
    </p>
   </div>
   <div class='ocr_carea' id='block_1_5' title="bbox 1832 502 3410 575">
    <p class='ocr_par' dir='ltr' id='par_1_5' title="bbox 1832 506 3410 574">
     <span class='ocr_line' id='line_1_5' title="bbox 1832 506 3410 574; baseline 0.003 -15"><span class='ocrx_word' id='word_1_17' title='bbox 1832 506 2182 570; x_wconf 81' lang='lat' dir='ltr'><strong>villationem,</strong></span> <span class='ocrx_word' id='word_1_18' title='bbox 2220 506 2524 562; x_wconf 79' lang='lat' dir='ltr'><strong>addiderim</strong></span> <span class='ocrx_word' id='word_1_19' title='bbox 2559 508 2749 574; x_wconf 89' lang='lat' dir='ltr'><strong>etiam,</strong></span> <span class='ocrx_word' id='word_1_20' title='bbox 2810 508 2863 562; x_wconf 93' lang='lat' dir='ltr'><strong>in</strong></span> <span class='ocrx_word' id='word_1_21' title='bbox 2896 509 3410 564; x_wconf 88' lang='lat' dir='ltr'><strong>condemnationem</strong></span> 
     </span>
    </p>
   </div>
   <div class='ocr_carea' id='block_1_6' title="bbox 112 594 1720 667">
    <p class='ocr_par' dir='ltr' id='par_1_6' title="bbox 112 594 1720 667">
     <span class='ocr_line' id='line_1_6' title="bbox 112 594 1720 667; baseline -0.002 -17"><span class='ocrx_word' id='word_1_22' title='bbox 112 597 270 662; x_wconf 76' lang='grc' dir='ltr'>ἅπαξ</span> <span class='ocrx_word' id='word_1_23' title='bbox 300 595 540 667; x_wconf 80' lang='grc' dir='ltr'><strong>κινηθὲν</strong></span> <span class='ocrx_word' id='word_1_24' title='bbox 572 598 636 648; x_wconf 89' lang='grc' dir='ltr'><strong>ἐκ</strong></span> <span class='ocrx_word' id='word_1_25' title='bbox 668 595 761 647; x_wconf 76' lang='grc' dir='ltr'>τοῦ</span> <span class='ocrx_word' id='word_1_26' title='bbox 800 594 1136 663; x_wconf 77' lang='grc' dir='ltr'><strong>καθήκοντος</strong></span> <span class='ocrx_word' id='word_1_27' title='bbox 1170 597 1250 656; x_wconf 86' lang='grc' dir='ltr'>εἰς</span> <span class='ocrx_word' id='word_1_28' title='bbox 1278 597 1338 648; x_wconf 83' lang='grc' dir='ltr'>τὺ</span> <span class='ocrx_word' id='word_1_29' title='bbox 1369 597 1517 665; x_wconf 84' lang='grc' dir='ltr'><strong>παρά</strong></span> <span class='ocrx_word' id='word_1_30' title='bbox 1540 594 1720 661; x_wconf 80' lang='grc' dir='ltr'>φύσιν·</span> 
     </span>
    </p>
   </div>
   <div class='ocr_carea' id='block_1_7' title="bbox 113 685 1722 758">
    <p class='ocr_par' dir='ltr' id='par_1_7' title="bbox 113 685 1722 758">
     <span class='ocr_line' id='line_1_7' title="bbox 113 685 1722 758; baseline -0.001 -19"><span class='ocrx_word' id='word_1_31' title='bbox 113 691 288 758; x_wconf 81' lang='grc' dir='ltr'>ἡμεῖς</span> <span class='ocrx_word' id='word_1_32' title='bbox 331 687 393 740; x_wconf 83' lang='grc' dir='ltr'><strong>δὲ</strong></span> <span class='ocrx_word' id='word_1_33' title='bbox 445 689 550 740; x_wconf 85' lang='grc' dir='ltr'><strong>οὐκ</strong></span> <span class='ocrx_word' id='word_1_34' title='bbox 603 687 706 752; x_wconf 78' lang='grc' dir='ltr'><strong>ἔξω</strong></span> <span class='ocrx_word' id='word_1_35' title='bbox 750 686 1066 757; x_wconf 76' lang='grc' dir='ltr'><strong>κωμῳδίας,</strong></span> <span class='ocrx_word' id='word_1_36' title='bbox 1099 686 1398 758; x_wconf 85' lang='grc' dir='ltr'>προσθείην</span> <span class='ocrx_word' id='word_1_37' title='bbox 1445 687 1491 738; x_wconf 87' lang='grc' dir='ltr'>δ’</span> <span class='ocrx_word' id='word_1_38' title='bbox 1521 685 1587 738; x_wconf 88' lang='grc' dir='ltr'>ἂν</span> <span class='ocrx_word' id='word_1_39' title='bbox 1630 686 1722 738; x_wconf 77' lang='grc' dir='ltr'><strong>καὶ</strong></span> 
     </span>
    </p>
   </div>
   <div class='ocr_carea' id='block_1_8' title="bbox 114 781 1400 852">
    <p class='ocr_par' dir='ltr' id='par_1_8' title="bbox 114 781 1400 852">
     <span class='ocr_line' id='line_1_8' title="bbox 114 781 1400 852; baseline 0 -18"><span class='ocrx_word' id='word_1_40' title='bbox 114 781 523 850; x_wconf 78' lang='grc' dir='ltr'><strong>κατακρίσεως</strong></span> <span class='ocrx_word' id='word_1_41' title='bbox 556 781 994 849; x_wconf 82' lang='grc' dir='ltr'>ἀπενεγκοίμεοα</span> <span class='ocrx_word' id='word_1_42' title='bbox 1024 782 1400 852; x_wconf 79' lang='grc' dir='ltr'><strong>παράπτωμα.</strong></span> 
     </span>
    </p>
   </div>
   <div class='ocr_carea' id='block_1_9' title="bbox 302 892 1718 968">
    <p class='ocr_par' dir='ltr' id='par_1_9' title="bbox 302 892 1718 968">
     <span class='ocr_line' id='line_1_9' title="bbox 302 892 1718 968; baseline -0.001 -20"><span class='ocrx_word' id='word_1_43' title='bbox 302 892 457 961; x_wconf 67' lang='grc' dir='ltr'>Ριιιν</span> <span class='ocrx_word' id='word_1_44' title='bbox 498 895 728 965; x_wconf 81' lang='lat'><strong>(87).-—-</strong></span> <span class='ocrx_word' id='word_1_45' title='bbox 768 895 1080 965; x_wconf 82' lang='grc' dir='ltr'>Εὐδοκίμῳ</span> <span class='ocrx_word' id='word_1_46' title='bbox 1120 896 1452 962; x_wconf 79' lang='grc' dir='ltr'>σπαθαρίῳ.</span> <span class='ocrx_word' id='word_1_47' title='bbox 1532 893 1718 968; x_wconf 73' lang='grc' dir='ltr'><strong>[ψοβ’.]</strong></span> 
     </span>
    </p>
   </div>
   <div class='ocr_carea' id='block_1_10' title="bbox 1831 599 2593 655">
    <p class='ocr_par' dir='ltr' id='par_1_10' title="bbox 1831 599 2593 655">
     <span class='ocr_line' id='line_1_10' title="bbox 1831 599 2593 655; baseline 0.004 -6"><span class='ocrx_word' id='word_1_48' title='bbox 1831 599 1900 652; x_wconf 90' lang='lat' dir='ltr'><strong>ob</strong></span> <span class='ocrx_word' id='word_1_49' title='bbox 1938 599 2195 653; x_wconf 76' lang='lat' dir='ltr'><strong>delictum</strong></span> <span class='ocrx_word' id='word_1_50' title='bbox 2225 601 2593 655; x_wconf 86' lang='lat' dir='ltr'><strong>incurremus.</strong></span> 
     </span>
    </p>
   </div>
   <div class='ocr_carea' id='block_1_11' title="bbox 2102 886 3231 962">
    <p class='ocr_par' dir='ltr' id='par_1_11' title="bbox 2102 886 3231 962">
     <span class='ocr_line' id='line_1_11' title="bbox 2102 886 3231 962; baseline 0.003 -20"><span class='ocrx_word' id='word_1_51' title='bbox 2102 886 2329 942; x_wconf 72' lang='lat' dir='ltr'>CXCIII.</span> <span class='ocrx_word' id='word_1_52' title='bbox 2366 918 2434 928; x_wconf 90' lang='lat'><strong>—-</strong></span> <span class='ocrx_word' id='word_1_53' title='bbox 2481 888 2773 943; x_wconf 81' lang='lat' dir='ltr'><strong>Eudocimo</strong></span> <span class='ocrx_word' id='word_1_54' title='bbox 2806 888 3098 958; x_wconf 77' lang='lat' dir='ltr'><strong>Spatltario</strong></span> <span class='ocrx_word' id='word_1_55' title='bbox 3133 891 3231 962; x_wconf 64' lang='grc'><strong>(⁸).</strong></span> 
     </span>
    </p>
   </div>
   <div class='ocr_carea' id='block_1_12' title="bbox 1159 998 2258 1071">
    <p class='ocr_par' dir='ltr' id='par_1_12' title="bbox 1159 998 2258 1071">
     <span class='ocr_line' id='line_1_12' title="bbox 1159 998 2258 1071; baseline -0.009 -14"><span class='ocrx_word' id='word_1_56' title='bbox 1159 1008 1235 1057; x_wconf 91' lang='lat' dir='ltr'><strong>De</strong></span> <span class='ocrx_word' id='word_1_57' title='bbox 1262 1006 1572 1071; x_wconf 67' lang='lat' dir='ltr'><strong>praescientia</strong></span> <span class='ocrx_word' id='word_1_58' title='bbox 1607 1007 1700 1056; x_wconf 89' lang='lat' dir='ltr'><strong>Dei</strong></span> <span class='ocrx_word' id='word_1_59' title='bbox 1722 1011 1777 1054; x_wconf 87' lang='lat' dir='ltr'><strong>et</strong></span> <span class='ocrx_word' id='word_1_60' title='bbox 1808 998 2258 1066; x_wconf 58' lang='lat' dir='ltr'><strong>pradestinatione.</strong></span> 
     </span>
    </p>
   </div>
   <div class='ocr_carea' id='block_1_13' title="bbox 200 1112 1713 1186">
    <p class='ocr_par' dir='ltr' id='par_1_13' title="bbox 200 1112 1713 1186">
     <span class='ocr_line' id='line_1_13' title="bbox 200 1112 1713 1186; baseline 0.001 -22"><span class='ocrx_word' id='word_1_61' title='bbox 200 1112 520 1181; x_wconf 63' lang='grc' dir='ltr'>Ὢψίσαμεν</span> <span class='ocrx_word' id='word_1_62' title='bbox 553 1114 958 1167; x_wconf 74' lang='grc' dir='ltr'>ἀντεπιστεῖλαι</span> <span class='ocrx_word' id='word_1_63' title='bbox 991 1117 1055 1186; x_wconf 79' lang='grc' dir='ltr'>τῇ</span> <span class='ocrx_word' id='word_1_64' title='bbox 1092 1115 1370 1186; x_wconf 84' lang='grc' dir='ltr'>τιμιότητί</span> <span class='ocrx_word' id='word_1_65' title='bbox 1405 1133 1500 1168; x_wconf 89' lang='grc' dir='ltr'><strong>σου</strong></span> <span class='ocrx_word' id='word_1_66' title='bbox 1523 1133 1536 1146; x_wconf 91' lang='grc'><strong>·</strong></span> <span class='ocrx_word' id='word_1_67' title='bbox 1569 1115 1713 1168; x_wconf 80' lang='grc' dir='ltr'>ὥστε</span> 
     </span>
    </p>
   </div>
   <div class='ocr_carea' id='block_1_14' title="bbox 121 1204 1722 1277">
    <p class='ocr_par' dir='ltr' id='par_1_14' title="bbox 121 1204 1722 1277">
     <span class='ocr_line' id='line_1_14' title="bbox 121 1204 1722 1277; baseline 0.003 -22"><span class='ocrx_word' id='word_1_68' title='bbox 121 1204 335 1274; x_wconf 80' lang='grc' dir='ltr'>μικροῦ</span> <span class='ocrx_word' id='word_1_69' title='bbox 385 1205 501 1258; x_wconf 82' lang='grc' dir='ltr'>δεῖν</span> <span class='ocrx_word' id='word_1_70' title='bbox 544 1207 638 1258; x_wconf 74' lang='grc' dir='ltr'><strong>καὶ</strong></span> <span class='ocrx_word' id='word_1_71' title='bbox 690 1206 1091 1275; x_wconf 84' lang='grc' dir='ltr'>ἐκκεκροῦσθαι</span> <span class='ocrx_word' id='word_1_72' title='bbox 1138 1209 1288 1276; x_wconf 78' lang='grc' dir='ltr'>ἡμᾶς</span> <span class='ocrx_word' id='word_1_73' title='bbox 1320 1207 1421 1277; x_wconf 77' lang='grc' dir='ltr'>τῆς</span> <span class='ocrx_word' id='word_1_74' title='bbox 1476 1207 1584 1259; x_wconf 90' lang='grc' dir='ltr'><strong>τῶν</strong></span> <span class='ocrx_word' id='word_1_75' title='bbox 1624 1208 1722 1260; x_wconf 80' lang='grc' dir='ltr'>ἐπ-</span> 
     </span>
    </p>
   </div>
   <div class='ocr_carea' id='block_1_15' title="bbox 118 1299 1722 1370">
    <p class='ocr_par' dir='ltr' id='par_1_15' title="bbox 118 1299 1722 1370">
     <span class='ocr_line' id='line_1_15' title="bbox 118 1299 1722 1370; baseline 0.001 -22"><span class='ocrx_word' id='word_1_76' title='bbox 118 1299 292 1349; x_wconf 80' lang='grc' dir='ltr'>εσταλ</span> <span class='ocrx_word' id='word_1_77' title='bbox 303 1299 494 1367; x_wconf 85' lang='grc' dir='ltr'>μένων</span> <span class='ocrx_word' id='word_1_78' title='bbox 520 1299 825 1368; x_wconf 77' lang='grc' dir='ltr'>δυνάμεως.</span> <span class='ocrx_word' id='word_1_79' title='bbox 869 1299 1029 1351; x_wconf 77' lang='grc' dir='ltr'>Ἀλλά</span> <span class='ocrx_word' id='word_1_80' title='bbox 1057 1299 1118 1351; x_wconf 84' lang='grc' dir='ltr'><strong>τὸ</strong></span> <span class='ocrx_word' id='word_1_81' title='bbox 1164 1301 1354 1364; x_wconf 81' lang='grc' dir='ltr'>αἴτιον,</span> <span class='ocrx_word' id='word_1_82' title='bbox 1383 1299 1444 1352; x_wconf 85' lang='grc' dir='ltr'><strong>τὸ</strong></span> <span class='ocrx_word' id='word_1_83' title='bbox 1480 1300 1554 1368; x_wconf 82' lang='grc' dir='ltr'>μὴ</span> <span class='ocrx_word' id='word_1_84' title='bbox 1580 1316 1722 1370; x_wconf 75' lang='grc' dir='ltr'>παρι-</span> 
     </span>
    </p>
   </div>
   <div class='ocr_carea' id='block_1_16' title="bbox 117 1389 1721 1460">
    <p class='ocr_par' dir='ltr' id='par_1_16' title="bbox 117 1389 1721 1460">
     <span class='ocr_line' id='line_1_16' title="bbox 117 1389 1721 1460; baseline 0.002 -23"><span class='ocrx_word' id='word_1_85' title='bbox 117 1389 264 1438; x_wconf 88' lang='grc' dir='ltr'>εῖναι</span> <span class='ocrx_word' id='word_1_86' title='bbox 313 1389 522 1438; x_wconf 77' lang='grc' dir='ltr'>πιστὸν</span> <span class='ocrx_word' id='word_1_87' title='bbox 587 1389 1111 1459; x_wconf 72' lang='grc' dir='ltr'>γραμματτηφόρον.</span> <span class='ocrx_word' id='word_1_88' title='bbox 1164 1389 1278 1442; x_wconf 80' lang='grc' dir='ltr'><strong>Νῦν</strong></span> <span class='ocrx_word' id='word_1_89' title='bbox 1319 1390 1375 1442; x_wconf 82' lang='grc' dir='ltr'>δὲ</span> <span class='ocrx_word' id='word_1_90' title='bbox 1414 1390 1604 1460; x_wconf 85' lang='grc' dir='ltr'>ἐπειδὴ</span> <span class='ocrx_word' id='word_1_91' title='bbox 1660 1389 1721 1454; x_wconf 79' lang='grc' dir='ltr'><strong>ἐξ</strong></span> 
     </span>
    </p>
   </div>
   <div class='ocr_carea' id='block_1_17' title="bbox 119 1479 1718 1552">
    <p class='ocr_par' dir='ltr' id='par_1_17' title="bbox 119 1479 1718 1552">
     <span class='ocr_line' id='line_1_17' title="bbox 119 1479 1718 1552; baseline 0.004 -23"><span class='ocrx_word' id='word_1_92' title='bbox 119 1479 448 1546; x_wconf 79' lang='grc' dir='ltr'>ἀναγκαίου</span> <span class='ocrx_word' id='word_1_93' title='bbox 495 1479 896 1549; x_wconf 78' lang='grc' dir='ltr'>ἀπεστείλαμεν</span> <span class='ocrx_word' id='word_1_94' title='bbox 949 1481 1039 1534; x_wconf 81' lang='grc' dir='ltr'><strong>τὸν</strong></span> <span class='ocrx_word' id='word_1_95' title='bbox 1091 1483 1372 1552; x_wconf 77' lang='grc' dir='ltr'>οἰκονόμον</span> <span class='ocrx_word' id='word_1_96' title='bbox 1431 1483 1530 1552; x_wconf 80' lang='grc' dir='ltr'>τῆς</span> <span class='ocrx_word' id='word_1_97' title='bbox 1597 1482 1718 1535; x_wconf 89' lang='grc' dir='ltr'>καθ’</span> 
     </span>
    </p>
   </div>
   <div class='ocr_carea' id='block_1_18' title="bbox 119 1571 1719 1639">
    <p class='ocr_par' dir='ltr' id='par_1_18' title="bbox 119 1571 1719 1639">
     <span class='ocr_line' id='line_1_18' title="bbox 119 1571 1719 1639; baseline 0.004 -18"><span class='ocrx_word' id='word_1_98' title='bbox 119 1572 278 1639; x_wconf 81' lang='grc' dir='ltr'>ἡμᾶς</span> <span class='ocrx_word' id='word_1_99' title='bbox 326 1571 508 1639; x_wconf 75' lang='grc' dir='ltr'>μονῆς</span> <span class='ocrx_word' id='word_1_100' title='bbox 528 1571 582 1622; x_wconf 87' lang='grc' dir='ltr'><strong>ἐν</strong></span> <span class='ocrx_word' id='word_1_101' title='bbox 609 1573 719 1631; x_wconf 86' lang='grc' dir='ltr'>τοῖς</span> <span class='ocrx_word' id='word_1_102' title='bbox 754 1572 942 1625; x_wconf 80' lang='grc' dir='ltr'>αὐτόθι</span> <span class='ocrx_word' id='word_1_103' title='bbox 963 1589 976 1603; x_wconf 77' lang='grc'><strong><em>⁸</em></strong></span> <span class='ocrx_word' id='word_1_104' title='bbox 1003 1573 1227 1636; x_wconf 81' lang='grc' dir='ltr'>εἰκότως</span> <span class='ocrx_word' id='word_1_105' title='bbox 1259 1574 1318 1627; x_wconf 79' lang='grc' dir='ltr'><strong>τὸ</strong></span> <span class='ocrx_word' id='word_1_106' title='bbox 1341 1573 1558 1637; x_wconf 82' lang='grc' dir='ltr'>ἐλλιπὲς</span> <span class='ocrx_word' id='word_1_107' title='bbox 1583 1575 1719 1627; x_wconf 90' lang='grc' dir='ltr'>ἀπο-</span> 
     </span>
    </p>
   </div>
   <div class='ocr_carea' id='block_1_19' title="bbox 121 1659 1723 1736">
    <p class='ocr_par' dir='ltr' id='par_1_19' title="bbox 121 1659 1723 1736">
     <span class='ocr_line' id='line_1_19' title="bbox 121 1659 1723 1736; baseline 0.002 -22"><span class='ocrx_word' id='word_1_108' title='bbox 121 1661 504 1732; x_wconf 82' lang='grc' dir='ltr'>πληροῧμεν·</span> <span class='ocrx_word' id='word_1_109' title='bbox 547 1665 723 1716; x_wconf 88' lang='grc' dir='ltr'>ἐκεῖνο</span> <span class='ocrx_word' id='word_1_110' title='bbox 783 1664 998 1734; x_wconf 86' lang='grc' dir='ltr'>πρῶτον</span> <span class='ocrx_word' id='word_1_111' title='bbox 1038 1664 1308 1731; x_wconf 87' lang='grc' dir='ltr'>λέγοντες,</span> <span class='ocrx_word' id='word_1_112' title='bbox 1356 1667 1438 1718; x_wconf 80' lang='grc' dir='ltr'><strong>ὅτι</strong></span> <span class='ocrx_word' id='word_1_113' title='bbox 1481 1667 1578 1736; x_wconf 91' lang='grc' dir='ltr'><strong>οὐχ</strong></span> <span class='ocrx_word' id='word_1_114' title='bbox 1621 1659 1723 1718; x_wconf 83' lang='grc' dir='ltr'>οἷοί</span> 
     </span>
    </p>
   </div>
   <div class='ocr_carea' id='block_1_20' title="bbox 122 1753 1723 1827">
    <p class='ocr_par' dir='ltr' id='par_1_20' title="bbox 122 1753 1723 1827">
     <span class='ocr_line' id='line_1_20' title="bbox 122 1753 1723 1827; baseline 0.003 -22"><span class='ocrx_word' id='word_1_115' title='bbox 122 1756 302 1823; x_wconf 81' lang='grc' dir='ltr'>ἐσμεν</span> <span class='ocrx_word' id='word_1_116' title='bbox 349 1753 742 1824; x_wconf 82' lang='grc' dir='ltr'>φαρμακεύειν</span> <span class='ocrx_word' id='word_1_117' title='bbox 769 1755 947 1826; x_wconf 75' lang='grc' dir='ltr'>ψυχὴν</span> <span class='ocrx_word' id='word_1_118' title='bbox 975 1755 1344 1827; x_wconf 80' lang='grc' dir='ltr'><strong>λυπουμένην,</strong></span> <span class='ocrx_word' id='word_1_119' title='bbox 1387 1759 1480 1811; x_wconf 69' lang='grc' dir='ltr'><strong>καὶ</strong></span> <span class='ocrx_word' id='word_1_120' title='bbox 1509 1758 1723 1821; x_wconf 79' lang='grc' dir='ltr'>πολλοῖς</span> 
     </span>
    </p>
   </div>
   <div class='ocr_carea' id='block_1_21' title="bbox 121 1844 1724 1918">
    <p class='ocr_par' dir='ltr' id='par_1_21' title="bbox 121 1844 1724 1918">
     <span class='ocr_line' id='line_1_21' title="bbox 121 1844 1724 1918; baseline 0.002 -23"><span class='ocrx_word' id='word_1_121' title='bbox 121 1844 567 1914; x_wconf 82' lang='grc' dir='ltr'>τετρυχωμένην</span> <span class='ocrx_word' id='word_1_122' title='bbox 624 1845 874 1900; x_wconf 86' lang='grc' dir='ltr'>πάθεσιν.</span> <span class='ocrx_word' id='word_1_123' title='bbox 907 1847 1097 1914; x_wconf 81' lang='grc' dir='ltr'>Ὅμως</span> <span class='ocrx_word' id='word_1_124' title='bbox 1163 1849 1450 1918; x_wconf 81' lang='grc' dir='ltr'>πειρατέον</span> <span class='ocrx_word' id='word_1_125' title='bbox 1505 1850 1569 1901; x_wconf 85' lang='grc' dir='ltr'><strong>ἐκ</strong></span> <span class='ocrx_word' id='word_1_126' title='bbox 1616 1847 1724 1901; x_wconf 88' lang='grc' dir='ltr'><strong>τῶν</strong></span> 
     </span>
    </p>
   </div>
   <div class='ocr_carea' id='block_1_22' title="bbox 123 1935 1724 2011">
    <p class='ocr_par' dir='ltr' id='par_1_22' title="bbox 123 1935 1724 2011">
     <span class='ocr_line' id='line_1_22' title="bbox 123 1935 1724 2011; baseline 0.003 -23"><span class='ocrx_word' id='word_1_127' title='bbox 123 1935 526 1989; x_wconf 87' lang='grc' dir='ltr'>θεοπνεύστων</span> <span class='ocrx_word' id='word_1_128' title='bbox 562 1937 776 2006; x_wconf 87' lang='grc' dir='ltr'>Λογίων</span> <span class='ocrx_word' id='word_1_129' title='bbox 801 1939 902 2009; x_wconf 78' lang='grc' dir='ltr'>τὴν</span> <span class='ocrx_word' id='word_1_130' title='bbox 938 1939 1237 2011; x_wconf 86' lang='grc' dir='ltr'>θεραπείαν</span> <span class='ocrx_word' id='word_1_131' title='bbox 1269 1940 1623 2011; x_wconf 86' lang='grc' dir='ltr'>ἐξευρίσκειν.</span> <span class='ocrx_word' id='word_1_132' title='bbox 1658 1942 1724 1993; x_wconf 88' lang='grc' dir='ltr'>Τί</span> 
     </span>
    </p>
   </div>
   <div class='ocr_carea' id='block_1_23' title="bbox 122 2025 1724 2100">
    <p class='ocr_par' dir='ltr' id='par_1_23' title="bbox 122 2025 1724 2100">
     <span class='ocr_line' id='line_1_23' title="bbox 122 2025 1724 2100; baseline 0.004 -23"><span class='ocrx_word' id='word_1_133' title='bbox 122 2025 222 2078; x_wconf 82' lang='grc' dir='ltr'><strong>οὖν</strong></span> <span class='ocrx_word' id='word_1_134' title='bbox 297 2042 477 2094; x_wconf 82' lang='grc' dir='ltr'>φησιν</span> <span class='ocrx_word' id='word_1_135' title='bbox 511 2025 773 2079; x_wconf 87' lang='grc' dir='ltr'>ότούτων</span> <span class='ocrx_word' id='word_1_136' title='bbox 837 2029 1096 2099; x_wconf 86' lang='grc' dir='ltr'>μέγιστος</span> <span class='ocrx_word' id='word_1_137' title='bbox 1157 2029 1395 2100; x_wconf 87' lang='grc' dir='ltr'>ταμίας;</span> <span class='ocrx_word' id='word_1_138' title='bbox 1454 2030 1724 2084; x_wconf 80' lang='grc' dir='ltr'>Πάντοτε</span> 
     </span>
    </p>
   </div>
   <div class='ocr_carea' id='block_1_24' title="bbox 125 2117 1725 2192">
    <p class='ocr_par' dir='ltr' id='par_1_24' title="bbox 125 2117 1725 2192">
     <span class='ocr_line' id='line_1_24' title="bbox 125 2117 1725 2192; baseline 0.003 -22"><span class='ocrx_word' id='word_1_139' title='bbox 125 2117 400 2185; x_wconf 73' lang='grc' dir='ltr'>χαίρετε,</span> <span class='ocrx_word' id='word_1_140' title='bbox 458 2118 855 2186; x_wconf 76' lang='grc' dir='ltr'>ἀδιαλείπτως</span> <span class='ocrx_word' id='word_1_141' title='bbox 911 2123 1346 2192; x_wconf 75' lang='grc' dir='ltr'>προσεύχεσθε,</span> <span class='ocrx_word' id='word_1_142' title='bbox 1427 2123 1496 2176; x_wconf 81' lang='grc' dir='ltr'>ἐν</span> <span class='ocrx_word' id='word_1_143' title='bbox 1545 2123 1725 2177; x_wconf 78' lang='grc' dir='ltr'>παντὶ</span> 
     </span>
    </p>
   </div>
   <div class='ocr_carea' id='block_1_25' title="bbox 124 2210 1723 2286">
    <p class='ocr_par' dir='ltr' id='par_1_25' title="bbox 124 2210 1723 2286">
     <span class='ocr_line' id='line_1_25' title="bbox 124 2210 1723 2286; baseline 0.006 -25"><span class='ocrx_word' id='word_1_144' title='bbox 124 2211 578 2279; x_wconf 72' lang='grc' dir='ltr'>εὐχαριστεῖτε.</span> <span class='ocrx_word' id='word_1_145' title='bbox 612 2213 675 2265; x_wconf 82' lang='lat' dir='ltr'><strong>El</strong></span> <span class='ocrx_word' id='word_1_146' title='bbox 709 2210 800 2267; x_wconf 83' lang='grc' dir='ltr'><strong>οὖν</strong></span> <span class='ocrx_word' id='word_1_147' title='bbox 831 2215 889 2267; x_wconf 81' lang='grc' dir='ltr'><strong>ἐν</strong></span> <span class='ocrx_word' id='word_1_148' title='bbox 915 2217 1080 2268; x_wconf 77' lang='grc' dir='ltr'>παντὶ</span> <span class='ocrx_word' id='word_1_149' title='bbox 1112 2216 1309 2286; x_wconf 83' lang='grc' dir='ltr'>καιρῷ,</span> <span class='ocrx_word' id='word_1_150' title='bbox 1343 2216 1438 2269; x_wconf 70' lang='grc' dir='ltr'><strong>καὶ</strong></span> <span class='ocrx_word' id='word_1_151' title='bbox 1471 2219 1528 2269; x_wconf 83' lang='grc' dir='ltr'><strong>ἐν</strong></span> <span class='ocrx_word' id='word_1_152' title='bbox 1557 2219 1723 2270; x_wconf 71' lang='grc' dir='ltr'>παντὶ</span> 
     </span>
    </p>
   </div>
   <div class='ocr_carea' id='block_1_26' title="bbox 131 2303 1725 2378">
    <p class='ocr_par' dir='ltr' id='par_1_26' title="bbox 131 2303 1725 2378">
     <span class='ocr_line' id='line_1_26' title="bbox 131 2303 1725 2378; baseline 0.003 -23"><span class='ocrx_word' id='word_1_153' title='bbox 131 2303 462 2373; x_wconf 84' lang='grc' dir='ltr'>πράγματι,</span> <span class='ocrx_word' id='word_1_154' title='bbox 510 2307 605 2359; x_wconf 77' lang='grc' dir='ltr'>καὶ</span> <span class='ocrx_word' id='word_1_155' title='bbox 653 2306 1019 2372; x_wconf 72' lang='grc' dir='ltr'>ἀδιαλείπτως</span> <span class='ocrx_word' id='word_1_156' title='bbox 1065 2309 1126 2361; x_wconf 80' lang='grc' dir='ltr'>τὸ</span> <span class='ocrx_word' id='word_1_157' title='bbox 1151 2308 1385 2378; x_wconf 87' lang='grc' dir='ltr'>χαίρειν,</span> <span class='ocrx_word' id='word_1_158' title='bbox 1420 2309 1515 2362; x_wconf 75' lang='grc' dir='ltr'><strong>καὶ</strong></span> <span class='ocrx_word' id='word_1_159' title='bbox 1565 2309 1725 2378; x_wconf 86' lang='grc' dir='ltr'>εὐχα-</span> 
     </span>
    </p>
   </div>
   <div class='ocr_carea' id='block_1_27' title="bbox 131 2396 1726 2469">
    <p class='ocr_par' dir='ltr' id='par_1_27' title="bbox 131 2396 1726 2469">
     <span class='ocr_line' id='line_1_27' title="bbox 131 2396 1726 2469; baseline 0.005 -25"><span class='ocrx_word' id='word_1_160' title='bbox 131 2397 368 2462; x_wconf 81' lang='grc' dir='ltr'>ριστεῖν,</span> <span class='ocrx_word' id='word_1_161' title='bbox 420 2396 518 2448; x_wconf 79' lang='grc' dir='ltr'>καὶ</span> <span class='ocrx_word' id='word_1_162' title='bbox 574 2397 974 2468; x_wconf 83' lang='grc' dir='ltr'>προσεύχεσθαι</span> <span class='ocrx_word' id='word_1_163' title='bbox 1026 2401 1157 2469; x_wconf 76' lang='grc' dir='ltr'>ἡμῖν</span> <span class='ocrx_word' id='word_1_164' title='bbox 1208 2399 1593 2452; x_wconf 83' lang='grc' dir='ltr'>διατέτακται·</span> <span class='ocrx_word' id='word_1_165' title='bbox 1625 2401 1726 2453; x_wconf 85' lang='grc' dir='ltr'><strong>οὐκ</strong></span> 
     </span>
    </p>
   </div>
   <div class='ocr_carea' id='block_1_28' title="bbox 133 2485 1726 2563">
    <p class='ocr_par' dir='ltr' id='par_1_28' title="bbox 133 2485 1726 2563">
     <span class='ocr_line' id='line_1_28' title="bbox 133 2485 1726 2563; baseline 0.004 -25"><span class='ocrx_word' id='word_1_166' title='bbox 133 2485 203 2538; x_wconf 84' lang='grc' dir='ltr'><strong>ἂν</strong></span> <span class='ocrx_word' id='word_1_167' title='bbox 251 2486 608 2554; x_wconf 73' lang='grc' dir='ltr'>ἐξοιχήσεται</span> <span class='ocrx_word' id='word_1_168' title='bbox 654 2490 866 2559; x_wconf 86' lang='grc' dir='ltr'>χρόνος,</span> <span class='ocrx_word' id='word_1_169' title='bbox 903 2491 1022 2544; x_wconf 84' lang='grc' dir='ltr'><strong>οὐδέ</strong></span> <span class='ocrx_word' id='word_1_170' title='bbox 1066 2494 1093 2544; x_wconf 93' lang='lat'><strong>6</strong></span> <span class='ocrx_word' id='word_1_171' title='bbox 1137 2492 1447 2562; x_wconf 85' lang='grc' dir='ltr'>ἀκαριαῖος,</span> <span class='ocrx_word' id='word_1_172' title='bbox 1499 2492 1572 2563; x_wconf 84' lang='grc' dir='ltr'>μὴ</span> <span class='ocrx_word' id='word_1_173' title='bbox 1607 2492 1726 2561; x_wconf 75' lang='grc' dir='ltr'>οὐχὶ</span> 
     </span>
    </p>
   </div>
   <div class='ocr_carea' id='block_1_29' title="bbox 134 2579 1726 2655">
    <p class='ocr_par' dir='ltr' id='par_1_29' title="bbox 134 2579 1726 2655">
     <span class='ocr_line' id='line_1_29' title="bbox 134 2579 1726 2655; baseline 0.006 -28"><span class='ocrx_word' id='word_1_174' title='bbox 134 2579 603 2647; x_wconf 74' lang='grc' dir='ltr'>περιοριζόμενος</span> <span class='ocrx_word' id='word_1_175' title='bbox 651 2582 709 2633; x_wconf 85' lang='grc' dir='ltr'><strong>ἐν</strong></span> <span class='ocrx_word' id='word_1_176' title='bbox 760 2582 838 2652; x_wconf 83' lang='grc' dir='ltr'>τῷ</span> <span class='ocrx_word' id='word_1_177' title='bbox 877 2583 1088 2652; x_wconf 85' lang='grc' dir='ltr'>χαίρειν</span> <span class='ocrx_word' id='word_1_178' title='bbox 1129 2586 1220 2637; x_wconf 84' lang='grc' dir='ltr'>καὶ</span> <span class='ocrx_word' id='word_1_179' title='bbox 1254 2586 1595 2655; x_wconf 76' lang='grc' dir='ltr'>εὐχαριστεῖν</span> <span class='ocrx_word' id='word_1_180' title='bbox 1634 2585 1726 2637; x_wconf 76' lang='grc' dir='ltr'>τὸν</span> 
     </span>
    </p>
   </div>
   <div class='ocr_carea' id='block_1_30' title="bbox 131 2667 1727 2739">
    <p class='ocr_par' dir='ltr' id='par_1_30' title="bbox 131 2667 1727 2739">
     <span class='ocr_line' id='line_1_30' title="bbox 131 2667 1727 2739; baseline 0.006 -21"><span class='ocrx_word' id='word_1_181' title='bbox 131 2667 394 2736; x_wconf 77' lang='grc' dir='ltr'>ἀληθινὸν</span> <span class='ocrx_word' id='word_1_182' title='bbox 447 2671 797 2739; x_wconf 86' lang='grc' dir='ltr'>Χριστιανόν.</span> <span class='ocrx_word' id='word_1_183' title='bbox 849 2672 1054 2726; x_wconf 77' lang='grc' dir='ltr'>Οὔκουν</span> <span class='ocrx_word' id='word_1_184' title='bbox 1103 2675 1286 2728; x_wconf 82' lang='grc' dir='ltr'>λοιπὸν</span> <span class='ocrx_word' id='word_1_185' title='bbox 1353 2675 1610 2728; x_wconf 86' lang='grc' dir='ltr'>θλιπτικά</span> <span class='ocrx_word' id='word_1_186' title='bbox 1658 2678 1727 2728; x_wconf 89' lang='grc' dir='ltr'><strong>τά</strong></span> 
     </span>
    </p>
   </div>
   <div class='ocr_carea' id='block_1_31' title="bbox 133 2757 1727 2838">
    <p class='ocr_par' dir='ltr' id='par_1_31' title="bbox 133 2757 1727 2838">
     <span class='ocr_line' id='line_1_31' title="bbox 133 2757 1727 2838; baseline 0.006 -27"><span class='ocrx_word' id='word_1_187' title='bbox 133 2760 412 2829; x_wconf 82' lang='grc' dir='ltr'>παρόντα,</span> <span class='ocrx_word' id='word_1_188' title='bbox 445 2761 551 2814; x_wconf 80' lang='grc' dir='ltr'><strong>κᾶν</strong></span> <span class='ocrx_word' id='word_1_189' title='bbox 574 2757 661 2816; x_wconf 80' lang='grc' dir='ltr'><strong>οἷά</strong></span> <span class='ocrx_word' id='word_1_190' title='bbox 701 2766 818 2816; x_wconf 82' lang='grc' dir='ltr'>ποτ’</span> <span class='ocrx_word' id='word_1_191' title='bbox 848 2765 913 2817; x_wconf 82' lang='grc' dir='ltr'>ἂν</span> <span class='ocrx_word' id='word_1_192' title='bbox 942 2761 1050 2818; x_wconf 76' lang='grc' dir='ltr'>εἶεν</span> <span class='ocrx_word' id='word_1_193' title='bbox 1076 2767 1172 2835; x_wconf 82' lang='grc' dir='ltr'>τῆς</span> <span class='ocrx_word' id='word_1_194' title='bbox 1211 2767 1553 2838; x_wconf 87' lang='grc' dir='ltr'>δυσπραγίας</span> <span class='ocrx_word' id='word_1_195' title='bbox 1578 2767 1727 2838; x_wconf 76' lang='grc' dir='ltr'>ἔχον·</span> 
     </span>
    </p>
   </div>
   <div class='ocr_carea' id='block_1_32' title="bbox 135 2852 1722 2931">
    <p class='ocr_par' dir='ltr' id='par_1_32' title="bbox 135 2852 1722 2931">
     <span class='ocr_line' id='line_1_32' title="bbox 135 2852 1722 2931; baseline 0.006 -28"><span class='ocrx_word' id='word_1_196' title='bbox 135 2869 203 2903; x_wconf 87' lang='grc' dir='ltr'><strong>τα</strong></span> <span class='ocrx_word' id='word_1_197' title='bbox 241 2852 302 2904; x_wconf 81' lang='grc' dir='ltr'><strong>τὸ</strong></span> <span class='ocrx_word' id='word_1_198' title='bbox 349 2853 703 2923; x_wconf 83' lang='grc' dir='ltr'>ὑπέρογκον;</span> <span class='ocrx_word' id='word_1_199' title='bbox 742 2857 850 2908; x_wconf 74' lang='grc' dir='ltr'>Καὶ</span> <span class='ocrx_word' id='word_1_200' title='bbox 899 2855 1070 2910; x_wconf 85' lang='grc' dir='ltr'>ταῦτα</span> <span class='ocrx_word' id='word_1_201' title='bbox 1111 2859 1207 2927; x_wconf 90' lang='grc' dir='ltr'><strong>οὐχ</strong></span> <span class='ocrx_word' id='word_1_202' title='bbox 1255 2859 1329 2920; x_wconf 85' lang='grc' dir='ltr'><strong>ὡς</strong></span> <span class='ocrx_word' id='word_1_203' title='bbox 1357 2858 1628 2931; x_wconf 82' lang='grc' dir='ltr'>ἀγνοούσῃ</span> <span class='ocrx_word' id='word_1_204' title='bbox 1659 2861 1722 2930; x_wconf 85' lang='grc' dir='ltr'>τῇ</span> 
     </span>
    </p>
   </div>
   <div class='ocr_carea' id='block_1_33' title="bbox 135 2944 1722 3020">
    <p class='ocr_par' dir='ltr' id='par_1_33' title="bbox 135 2944 1722 3020">
     <span class='ocr_line' id='line_1_33' title="bbox 135 2944 1722 3020; baseline 0.006 -26"><span class='ocrx_word' id='word_1_205' title='bbox 135 2944 321 3013; x_wconf 77' lang='grc' dir='ltr'>ἀγαθῇ</span> <span class='ocrx_word' id='word_1_206' title='bbox 359 2961 460 2996; x_wconf 68' lang='grc' dir='ltr'><strong>σου</strong></span> <span class='ocrx_word' id='word_1_207' title='bbox 493 2944 664 3015; x_wconf 77' lang='grc' dir='ltr'>ψυχῇ,</span> <span class='ocrx_word' id='word_1_208' title='bbox 703 2946 837 2999; x_wconf 83' lang='grc' dir='ltr'><strong>ἀλλά</strong></span> <span class='ocrx_word' id='word_1_209' title='bbox 871 2948 1298 3018; x_wconf 83' lang='grc' dir='ltr'>ὑπομνηστικῶς</span> <span class='ocrx_word' id='word_1_210' title='bbox 1345 2949 1563 3020; x_wconf 81' lang='grc' dir='ltr'>εἴρηταί</span> <span class='ocrx_word' id='word_1_211' title='bbox 1593 2966 1722 3020; x_wconf 83' lang='grc' dir='ltr'>μοι’</span> 
     </span>
    </p>
   </div>
   <div class='ocr_carea' id='block_1_34' title="bbox 1896 1107 3409 1176">
    <p class='ocr_par' dir='ltr' id='par_1_34' title="bbox 1896 1107 3409 1176">
     <span class='ocr_line' id='line_1_34' title="bbox 1896 1107 3409 1176; baseline 0.003 -14"><span class='ocrx_word' id='word_1_212' title='bbox 1896 1108 2149 1163; x_wconf 85' lang='lat' dir='ltr'><strong>Cunctati</strong></span> <span class='ocrx_word' id='word_1_213' title='bbox 2183 1121 2349 1176; x_wconf 84' lang='lat' dir='ltr'><strong>supra</strong></span> <span class='ocrx_word' id='word_1_214' title='bbox 2383 1107 2610 1161; x_wconf 92' lang='lat' dir='ltr'><strong>modum</strong></span> <span class='ocrx_word' id='word_1_215' title='bbox 2629 1123 2824 1162; x_wconf 91' lang='lat' dir='ltr'><strong>sumus</strong></span> <span class='ocrx_word' id='word_1_216' title='bbox 2844 1108 3281 1166; x_wconf 57' lang='lat' dir='ltr'><strong>honoriﬁcentia;</strong></span> <span class='ocrx_word' id='word_1_217' title='bbox 3306 1121 3409 1167; x_wconf 80' lang='lat' dir='ltr'><strong>tuae</strong></span> 
     </span>
    </p>
   </div>
   <div class='ocr_carea' id='block_1_35' title="bbox 1833 1187 3411 1269">
    <p class='ocr_par' dir='ltr' id='par_1_35' title="bbox 1833 1187 3411 1269">
     <span class='ocr_line' id='line_1_35' title="bbox 1833 1187 3411 1269; baseline 0.003 -17"><span class='ocrx_word' id='word_1_218' title='bbox 1833 1199 2028 1255; x_wconf 87' lang='lat' dir='ltr'><strong>litteris</strong></span> <span class='ocrx_word' id='word_1_219' title='bbox 2060 1199 2425 1269; x_wconf 88' lang='lat' dir='ltr'><strong>respondere;</strong></span> <span class='ocrx_word' id='word_1_220' title='bbox 2459 1199 2596 1253; x_wconf 83' lang='lat' dir='ltr'><strong>adeo</strong></span> <span class='ocrx_word' id='word_1_221' title='bbox 2653 1209 2713 1253; x_wconf 86' lang='lat' dir='ltr'><strong>ut</strong></span> <span class='ocrx_word' id='word_1_222' title='bbox 2754 1216 2894 1268; x_wconf 88' lang='lat' dir='ltr'><strong>pene</strong></span> <span class='ocrx_word' id='word_1_223' title='bbox 2930 1202 3090 1256; x_wconf 90' lang='lat' dir='ltr'><strong>nobis</strong></span> <span class='ocrx_word' id='word_1_224' title='bbox 3146 1187 3411 1258; x_wconf 68' lang='lat' dir='ltr'><strong>exciderit</strong></span> 
     </span>
    </p>
   </div>
   <div class='ocr_carea' id='block_1_36' title="bbox 1828 1291 3406 1365">
    <p class='ocr_par' dir='ltr' id='par_1_36' title="bbox 1828 1291 3406 1365">
     <span class='ocr_line' id='line_1_36' title="bbox 1828 1291 3406 1365; baseline 0.002 -18"><span class='ocrx_word' id='word_1_225' title='bbox 1828 1293 1958 1362; x_wconf 90' lang='lat' dir='ltr'><strong>quid</strong></span> <span class='ocrx_word' id='word_1_226' title='bbox 1985 1292 2329 1363; x_wconf 88' lang='lat' dir='ltr'><strong>potissimum</strong></span> <span class='ocrx_word' id='word_1_227' title='bbox 2357 1292 2721 1345; x_wconf 76' lang='lat' dir='ltr'><strong>continerent.</strong></span> <span class='ocrx_word' id='word_1_228' title='bbox 2758 1291 2864 1346; x_wconf 86' lang='lat' dir='ltr'><strong>Sed</strong></span> <span class='ocrx_word' id='word_1_229' title='bbox 2895 1308 3061 1348; x_wconf 88' lang='lat' dir='ltr'><strong>causa</strong></span> <span class='ocrx_word' id='word_1_230' title='bbox 3103 1293 3228 1359; x_wconf 77' lang='lat' dir='ltr'><strong>fuit,</strong></span> <span class='ocrx_word' id='word_1_231' title='bbox 3261 1297 3406 1365; x_wconf 85' lang='lat' dir='ltr'><strong>quod</strong></span> 
     </span>
    </p>
   </div>
   <div class='ocr_carea' id='block_1_37' title="bbox 1828 1384 3404 1452">
    <p class='ocr_par' dir='ltr' id='par_1_37' title="bbox 1828 1384 3404 1452">
     <span class='ocr_line' id='line_1_37' title="bbox 1828 1384 3404 1452; baseline 0.003 -14"><span class='ocrx_word' id='word_1_232' title='bbox 1828 1387 1995 1439; x_wconf 89' lang='lat' dir='ltr'><strong>lidum</strong></span> <span class='ocrx_word' id='word_1_233' title='bbox 2060 1384 2400 1438; x_wconf 83' lang='lat' dir='ltr'><strong>tabellarium</strong></span> <span class='ocrx_word' id='word_1_234' title='bbox 2467 1398 2575 1436; x_wconf 93' lang='lat' dir='ltr'><strong>non</strong></span> <span class='ocrx_word' id='word_1_235' title='bbox 2641 1384 2991 1438; x_wconf 86' lang='lat' dir='ltr'><strong>haberemus.</strong></span> <span class='ocrx_word' id='word_1_236' title='bbox 3046 1385 3203 1442; x_wconf 87' lang='lat' dir='ltr'><strong>Nunc</strong></span> <span class='ocrx_word' id='word_1_237' title='bbox 3253 1405 3404 1452; x_wconf 84' lang='lat' dir='ltr'><strong>vero,</strong></span> 
     </span>
    </p>
   </div>
   <div class='ocr_carea' id='block_1_38' title="bbox 1825 1474 3408 1547">
    <p class='ocr_par' dir='ltr' id='par_1_38' title="bbox 1825 1474 3408 1547">
     <span class='ocr_line' id='line_1_38' title="bbox 1825 1474 3408 1547; baseline 0.003 -17"><span class='ocrx_word' id='word_1_238' title='bbox 1825 1478 2046 1547; x_wconf 81' lang='lat' dir='ltr'><strong>quando</strong></span> <span class='ocrx_word' id='word_1_239' title='bbox 2082 1477 2299 1546; x_wconf 90' lang='lat' dir='ltr'><strong>quidem</strong></span> <span class='ocrx_word' id='word_1_240' title='bbox 2335 1491 2564 1530; x_wconf 89' lang='lat' dir='ltr'><strong>necesse</strong></span> <span class='ocrx_word' id='word_1_241' title='bbox 2600 1474 2702 1529; x_wconf 77' lang='lat' dir='ltr'><strong>fuit</strong></span> <span class='ocrx_word' id='word_1_242' title='bbox 2744 1476 2886 1531; x_wconf 88' lang='lat' dir='ltr'><strong>istuc</strong></span> <span class='ocrx_word' id='word_1_243' title='bbox 2926 1478 3139 1532; x_wconf 79' lang='lat' dir='ltr'><strong>mittere</strong></span> <span class='ocrx_word' id='word_1_244' title='bbox 3187 1495 3408 1535; x_wconf 72' lang='lat' dir='ltr'><strong>reconc-</strong></span> 
     </span>
    </p>
   </div>
   <div class='ocr_carea' id='block_1_39' title="bbox 1829 1567 3406 1641">
    <p class='ocr_par' dir='ltr' id='par_1_39' title="bbox 1829 1567 3406 1641">
     <span class='ocr_line' id='line_1_39' title="bbox 1829 1567 3406 1641; baseline 0.002 -17"><span class='ocrx_word' id='word_1_245' title='bbox 1829 1587 1976 1625; x_wconf 89' lang='lat' dir='ltr'><strong>mum</strong></span> <span class='ocrx_word' id='word_1_246' title='bbox 2003 1569 2322 1623; x_wconf 82' lang='lat' dir='ltr'><strong>monasterii</strong></span> <span class='ocrx_word' id='word_1_247' title='bbox 2370 1567 2564 1632; x_wconf 88' lang='lat' dir='ltr'><strong>nostri,</strong></span> <span class='ocrx_word' id='word_1_248' title='bbox 2603 1569 2748 1638; x_wconf 87' lang='lat' dir='ltr'><strong>quod</strong></span> <span class='ocrx_word' id='word_1_249' title='bbox 2774 1570 3041 1624; x_wconf 89' lang='lat' dir='ltr'><strong>omissum</strong></span> <span class='ocrx_word' id='word_1_250' title='bbox 3080 1571 3182 1625; x_wconf 86' lang='lat' dir='ltr'><strong>fuit</strong></span> <span class='ocrx_word' id='word_1_251' title='bbox 3215 1575 3406 1641; x_wconf 68' lang='lat' dir='ltr'><strong>exple-</strong></span> 
     </span>
    </p>
   </div>
   <div class='ocr_carea' id='block_1_40' title="bbox 1834 1663 3405 1733">
    <p class='ocr_par' dir='ltr' id='par_1_40' title="bbox 1834 1663 3405 1733">
     <span class='ocr_line' id='line_1_40' title="bbox 1834 1663 3405 1733; baseline 0.001 -15"><span class='ocrx_word' id='word_1_252' title='bbox 1834 1680 1957 1719; x_wconf 90' lang='lat' dir='ltr'><strong>mus</strong></span> <span class='ocrx_word' id='word_1_253' title='bbox 2002 1672 2059 1717; x_wconf 87' lang='lat' dir='ltr'><strong>ut</strong></span> <span class='ocrx_word' id='word_1_254' title='bbox 2100 1678 2198 1733; x_wconf 90' lang='lat' dir='ltr'><strong>par</strong></span> <span class='ocrx_word' id='word_1_255' title='bbox 2228 1672 2349 1728; x_wconf 91' lang='lat' dir='ltr'><strong>est,</strong></span> <span class='ocrx_word' id='word_1_256' title='bbox 2408 1671 2572 1732; x_wconf 89' lang='lat' dir='ltr'><strong>atque</strong></span> <span class='ocrx_word' id='word_1_257' title='bbox 2609 1663 2743 1716; x_wconf 87' lang='lat' dir='ltr'><strong>illud</strong></span> <span class='ocrx_word' id='word_1_258' title='bbox 2775 1663 2954 1732; x_wconf 90' lang='lat' dir='ltr'><strong>primo</strong></span> <span class='ocrx_word' id='word_1_259' title='bbox 2999 1664 3116 1717; x_wconf 91' lang='lat' dir='ltr'><strong>loco</strong></span> <span class='ocrx_word' id='word_1_260' title='bbox 3147 1665 3405 1732; x_wconf 86' lang='lat' dir='ltr'><strong>dicimus,</strong></span> 
     </span>
    </p>
   </div>
   <div class='ocr_carea' id='block_1_41' title="bbox 1757 1734 3407 1823">
    <p class='ocr_par' dir='ltr' id='par_1_41' title="bbox 1757 1734 3407 1823">
     <span class='ocr_line' id='line_1_41' title="bbox 1757 1734 3407 1823; baseline 0.002 -15"><span class='ocrx_word' id='word_1_261' title='bbox 1757 1734 1795 1787; x_wconf 68' lang='grc' dir='ltr'><strong>Β</strong></span> <span class='ocrx_word' id='word_1_262' title='bbox 1828 1769 1933 1808; x_wconf 92' lang='lat' dir='ltr'><strong>non</strong></span> <span class='ocrx_word' id='word_1_263' title='bbox 1967 1768 2130 1823; x_wconf 86' lang='lat' dir='ltr'><strong>posse</strong></span> <span class='ocrx_word' id='word_1_264' title='bbox 2170 1767 2271 1808; x_wconf 92' lang='lat' dir='ltr'><strong>nos</strong></span> <span class='ocrx_word' id='word_1_265' title='bbox 2313 1753 2510 1806; x_wconf 78' lang='lat' dir='ltr'><strong>animae</strong></span> <span class='ocrx_word' id='word_1_266' title='bbox 2547 1754 2823 1819; x_wconf 71' lang='lat' dir='ltr'><strong>mmrenti,</strong></span> <span class='ocrx_word' id='word_1_267' title='bbox 2856 1765 2909 1807; x_wconf 88' lang='lat' dir='ltr'><strong>et</strong></span> <span class='ocrx_word' id='word_1_268' title='bbox 2940 1755 3127 1810; x_wconf 90' lang='lat' dir='ltr'><strong>multis</strong></span> <span class='ocrx_word' id='word_1_269' title='bbox 3146 1758 3407 1812; x_wconf 68' lang='lat' dir='ltr'><strong>azrumnis</strong></span> 
     </span>
    </p>
   </div>
   <div class='ocr_carea' id='block_1_42' title="bbox 1824 1844 3410 1902">
    <p class='ocr_par' dir='ltr' id='par_1_42' title="bbox 1824 1844 3410 1902">
     <span class='ocr_line' id='line_1_42' title="bbox 1824 1844 3410 1902; baseline 0.001 -1"><span class='ocrx_word' id='word_1_270' title='bbox 1824 1846 2024 1901; x_wconf 70' lang='lat' dir='ltr'><strong>attrita:</strong></span> <span class='ocrx_word' id='word_1_271' title='bbox 2063 1845 2365 1900; x_wconf 89' lang='lat' dir='ltr'><strong>remedium</strong></span> <span class='ocrx_word' id='word_1_272' title='bbox 2401 1844 2598 1899; x_wconf 80' lang='lat' dir='ltr'><strong>aﬂ&#39;erre</strong></span> <span class='ocrx_word' id='word_1_273' title='bbox 2630 1863 2643 1899; x_wconf 93' lang='lat'>:</span> <span class='ocrx_word' id='word_1_274' title='bbox 2680 1845 3078 1900; x_wconf 90' lang='lat' dir='ltr'><strong>connitendum</strong></span> <span class='ocrx_word' id='word_1_275' title='bbox 3133 1858 3311 1902; x_wconf 89' lang='lat' dir='ltr'><strong>tamen</strong></span> <span class='ocrx_word' id='word_1_276' title='bbox 3348 1857 3410 1902; x_wconf 88' lang='lat' dir='ltr'><strong>ut</strong></span> 
     </span>
    </p>
   </div>
   <div class='ocr_carea' id='block_1_43' title="bbox 1824 1937 3406 2006">
    <p class='ocr_par' dir='ltr' id='par_1_43' title="bbox 1824 1937 3406 2006">
     <span class='ocr_line' id='line_1_43' title="bbox 1824 1937 3406 2006; baseline 0 -13"><span class='ocrx_word' id='word_1_277' title='bbox 1824 1955 1888 1994; x_wconf 81' lang='lat' dir='ltr'><strong>ex</strong></span> <span class='ocrx_word' id='word_1_278' title='bbox 1922 1939 2126 1993; x_wconf 88' lang='lat' dir='ltr'><strong>divinis</strong></span> <span class='ocrx_word' id='word_1_279' title='bbox 2169 1937 2400 2006; x_wconf 89' lang='lat' dir='ltr'><strong>eloquiis</strong></span> <span class='ocrx_word' id='word_1_280' title='bbox 2433 1937 2780 1992; x_wconf 87' lang='lat' dir='ltr'><strong>curationem</strong></span> <span class='ocrx_word' id='word_1_281' title='bbox 2817 1938 3228 1993; x_wconf 88' lang='lat' dir='ltr'><strong>nanciscamur.</strong></span> <span class='ocrx_word' id='word_1_282' title='bbox 3264 1939 3406 2005; x_wconf 87' lang='lat' dir='ltr'><strong>Quid</strong></span> 
     </span>
    </p>
   </div>
   <div class='ocr_carea' id='block_1_44' title="bbox 1823 2027 3408 2099">
    <p class='ocr_par' dir='ltr' id='par_1_44' title="bbox 1823 2027 3408 2099">
     <span class='ocr_line' id='line_1_44' title="bbox 1823 2027 3408 2099; baseline -0.001 -15"><span class='ocrx_word' id='word_1_283' title='bbox 1823 2044 1954 2099; x_wconf 90' lang='lat' dir='ltr'><strong>ergo</strong></span> <span class='ocrx_word' id='word_1_284' title='bbox 2007 2029 2084 2082; x_wconf 91' lang='lat' dir='ltr'><strong>ait</strong></span> <span class='ocrx_word' id='word_1_285' title='bbox 2140 2029 2416 2081; x_wconf 85' lang='lat' dir='ltr'><strong>maximus</strong></span> <span class='ocrx_word' id='word_1_286' title='bbox 2482 2028 2705 2082; x_wconf 92' lang='lat' dir='ltr'><strong>illorum</strong></span> <span class='ocrx_word' id='word_1_287' title='bbox 2768 2027 3408 2098; x_wconf 85' lang='lat' dir='ltr'><strong>dispensator?Semper</strong></span> 
     </span>
    </p>
   </div>
   <div class='ocr_carea' id='block_1_45' title="bbox 1825 2120 3406 2190">
    <p class='ocr_par' dir='ltr' id='par_1_45' title="bbox 1825 2120 3406 2190">
     <span class='ocr_line' id='line_1_45' title="bbox 1825 2120 3406 2190; baseline 0.001 -16"><span class='ocrx_word' id='word_1_288' title='bbox 1825 2121 2067 2190; x_wconf 83' lang='lat' dir='ltr'><strong>gaudete,</strong></span> <span class='ocrx_word' id='word_1_289' title='bbox 2089 2121 2203 2174; x_wconf 78' lang='lat' dir='ltr'><strong>sine</strong></span> <span class='ocrx_word' id='word_1_290' title='bbox 2229 2120 2622 2174; x_wconf 74' lang='lat' dir='ltr'><strong>intermissione</strong></span> <span class='ocrx_word' id='word_1_291' title='bbox 2652 2128 2820 2184; x_wconf 82' lang='lat' dir='ltr'><strong>orate,</strong></span> <span class='ocrx_word' id='word_1_292' title='bbox 2850 2121 2904 2173; x_wconf 87' lang='lat' dir='ltr'><strong>in</strong></span> <span class='ocrx_word' id='word_1_293' title='bbox 2933 2121 3176 2174; x_wconf 78' lang='lat' dir='ltr'><strong>omnibus</strong></span> <span class='ocrx_word' id='word_1_294' title='bbox 3199 2122 3406 2190; x_wconf 83' lang='lat' dir='ltr'><strong>gratias</strong></span> 
     </span>
    </p>
   </div>
   <div class='ocr_carea' id='block_1_46' title="bbox 1827 2211 3409 2284">
    <p class='ocr_par' dir='ltr' id='par_1_46' title="bbox 1827 2211 3409 2284">
     <span class='ocr_line' id='line_1_46' title="bbox 1827 2211 3409 2284; baseline 0.002 -18"><span class='ocrx_word' id='word_1_295' title='bbox 1827 2215 1966 2284; x_wconf 81' lang='lat' dir='ltr'><strong>agite</strong></span> <span class='ocrx_word' id='word_1_296' title='bbox 1983 2211 2052 2268; x_wconf 76' lang='grc'><strong>³⁸.</strong></span> <span class='ocrx_word' id='word_1_297' title='bbox 2089 2211 2143 2267; x_wconf 92' lang='lat' dir='ltr'><strong>Si</strong></span> <span class='ocrx_word' id='word_1_298' title='bbox 2170 2227 2300 2283; x_wconf 91' lang='lat' dir='ltr'><strong>ergo</strong></span> <span class='ocrx_word' id='word_1_299' title='bbox 2333 2220 2384 2266; x_wconf 89' lang='lat' dir='ltr'><strong>et</strong></span> <span class='ocrx_word' id='word_1_300' title='bbox 2410 2211 2563 2266; x_wconf 91' lang='lat' dir='ltr'><strong>omni</strong></span> <span class='ocrx_word' id='word_1_301' title='bbox 2601 2220 2869 2280; x_wconf 88' lang='lat' dir='ltr'><strong>tempore,</strong></span> <span class='ocrx_word' id='word_1_302' title='bbox 2895 2221 2949 2267; x_wconf 90' lang='lat' dir='ltr'><strong>et</strong></span> <span class='ocrx_word' id='word_1_303' title='bbox 2978 2213 3030 2267; x_wconf 91' lang='lat' dir='ltr'><strong>in</strong></span> <span class='ocrx_word' id='word_1_304' title='bbox 3063 2215 3211 2268; x_wconf 90' lang='lat' dir='ltr'><strong>omni</strong></span> <span class='ocrx_word' id='word_1_305' title='bbox 3244 2231 3322 2280; x_wconf 90' lang='lat' dir='ltr'><strong>re,</strong></span> <span class='ocrx_word' id='word_1_306' title='bbox 3353 2222 3409 2269; x_wconf 87' lang='lat' dir='ltr'><strong>et</strong></span> 
     </span>
    </p>
   </div>
   <div class='ocr_carea' id='block_1_47' title="bbox 1826 2303 3408 2374">
    <p class='ocr_par' dir='ltr' id='par_1_47' title="bbox 1826 2303 3408 2374">
     <span class='ocr_line' id='line_1_47' title="bbox 1826 2303 3408 2374; baseline 0 -14"><span class='ocrx_word' id='word_1_307' title='bbox 1826 2307 1946 2360; x_wconf 89' lang='lat' dir='ltr'><strong>sine</strong></span> <span class='ocrx_word' id='word_1_308' title='bbox 1971 2305 2375 2359; x_wconf 87' lang='lat' dir='ltr'><strong>intermissione</strong></span> <span class='ocrx_word' id='word_1_309' title='bbox 2399 2303 2656 2374; x_wconf 90' lang='lat' dir='ltr'><strong>gaudere,</strong></span> <span class='ocrx_word' id='word_1_310' title='bbox 2676 2315 2729 2357; x_wconf 90' lang='lat' dir='ltr'><strong>et</strong></span> <span class='ocrx_word' id='word_1_311' title='bbox 2753 2304 2956 2374; x_wconf 88' lang='lat' dir='ltr'><strong>gratias</strong></span> <span class='ocrx_word' id='word_1_312' title='bbox 2975 2319 3154 2374; x_wconf 88' lang='lat' dir='ltr'><strong>agere,</strong></span> <span class='ocrx_word' id='word_1_313' title='bbox 3173 2314 3226 2359; x_wconf 92' lang='lat' dir='ltr'><strong>et</strong></span> <span class='ocrx_word' id='word_1_314' title='bbox 3247 2321 3408 2360; x_wconf 89' lang='lat' dir='ltr'><strong>orare</strong></span> 
     </span>
    </p>
   </div>
   <div class='ocr_carea' id='block_1_48' title="bbox 1826 2396 3405 2467">
    <p class='ocr_par' dir='ltr' id='par_1_48' title="bbox 1826 2396 3405 2467">
     <span class='ocr_line' id='line_1_48' title="bbox 1826 2396 3405 2467; baseline 0.001 -17"><span class='ocrx_word' id='word_1_315' title='bbox 1826 2399 1984 2452; x_wconf 89' lang='lat' dir='ltr'><strong>nobis</strong></span> <span class='ocrx_word' id='word_1_316' title='bbox 2007 2406 2336 2467; x_wconf 69' lang='lat' dir='ltr'><strong>prazceptum</strong></span> <span class='ocrx_word' id='word_1_317' title='bbox 2357 2405 2474 2464; x_wconf 92' lang='lat' dir='ltr'><strong>est;</strong></span> <span class='ocrx_word' id='word_1_318' title='bbox 2497 2396 2707 2450; x_wconf 91' lang='lat' dir='ltr'><strong>nullum</strong></span> <span class='ocrx_word' id='word_1_319' title='bbox 2762 2397 2949 2466; x_wconf 90' lang='lat' dir='ltr'><strong>utique</strong></span> <span class='ocrx_word' id='word_1_320' title='bbox 2975 2407 3186 2465; x_wconf 85' lang='lat' dir='ltr'><strong>tempus</strong></span> <span class='ocrx_word' id='word_1_321' title='bbox 3203 2397 3405 2462; x_wconf 82' lang='lat' dir='ltr'><strong>eﬂluet,</strong></span> 
     </span>
    </p>
   </div>
   <div class='ocr_carea' id='block_1_49' title="bbox 1827 2485 3405 2556">
    <p class='ocr_par' dir='ltr' id='par_1_49' title="bbox 1827 2485 3405 2556">
     <span class='ocr_line' id='line_1_49' title="bbox 1827 2485 3405 2556; baseline -0.001 -14"><span class='ocrx_word' id='word_1_322' title='bbox 1827 2503 1894 2543; x_wconf 91' lang='lat' dir='ltr'><strong>ne</strong></span> <span class='ocrx_word' id='word_1_323' title='bbox 1946 2496 2395 2541; x_wconf 87' lang='lat' dir='ltr'><strong>momentaneum</strong></span> <span class='ocrx_word' id='word_1_324' title='bbox 2431 2485 2679 2556; x_wconf 85' lang='lat' dir='ltr'><strong>quidem,</strong></span> <span class='ocrx_word' id='word_1_325' title='bbox 2725 2487 2869 2555; x_wconf 90' lang='lat' dir='ltr'><strong>quod</strong></span> <span class='ocrx_word' id='word_1_326' title='bbox 2901 2501 3031 2540; x_wconf 83' lang='lat' dir='ltr'><strong>vero</strong></span> <span class='ocrx_word' id='word_1_327' title='bbox 3067 2487 3405 2554; x_wconf 87' lang='lat' dir='ltr'><strong>Christiano,</strong></span> 
     </span>
    </p>
   </div>
   <div class='ocr_carea' id='block_1_50' title="bbox 1828 2578 3408 2651">
    <p class='ocr_par' dir='ltr' id='par_1_50' title="bbox 1828 2578 3408 2651">
     <span class='ocr_line' id='line_1_50' title="bbox 1828 2578 3408 2651; baseline 0 -17"><span class='ocrx_word' id='word_1_328' title='bbox 1828 2589 1887 2634; x_wconf 90' lang='lat' dir='ltr'><strong>ut</strong></span> <span class='ocrx_word' id='word_1_329' title='bbox 1926 2581 2159 2650; x_wconf 76' lang='lat' dir='ltr'><strong>gaudeat</strong></span> <span class='ocrx_word' id='word_1_330' title='bbox 2189 2587 2244 2633; x_wconf 91' lang='lat' dir='ltr'><strong>et</strong></span> <span class='ocrx_word' id='word_1_331' title='bbox 2275 2580 2480 2651; x_wconf 80' lang='lat' dir='ltr'><strong>gratias</strong></span> <span class='ocrx_word' id='word_1_332' title='bbox 2504 2587 2649 2648; x_wconf 83' lang='lat' dir='ltr'><strong>agat,</strong></span> <span class='ocrx_word' id='word_1_333' title='bbox 2675 2578 2958 2632; x_wconf 82' lang='lat' dir='ltr'><strong>deﬁnitum</strong></span> <span class='ocrx_word' id='word_1_334' title='bbox 2997 2593 3104 2632; x_wconf 93' lang='lat' dir='ltr'><strong>non</strong></span> <span class='ocrx_word' id='word_1_335' title='bbox 3135 2579 3225 2635; x_wconf 91' lang='lat' dir='ltr'><strong>sit.</strong></span> <span class='ocrx_word' id='word_1_336' title='bbox 3263 2579 3408 2634; x_wconf 79' lang='lat' dir='ltr'><strong>Rur—</strong></span> 
     </span>
    </p>
   </div>
   <div class='ocr_carea' id='block_1_51' title="bbox 1828 2670 3404 2739">
    <p class='ocr_par' dir='ltr' id='par_1_51' title="bbox 1828 2670 3404 2739">
     <span class='ocr_line' id='line_1_51' title="bbox 1828 2670 3404 2739; baseline -0.002 -10"><span class='ocrx_word' id='word_1_337' title='bbox 1828 2688 1972 2738; x_wconf 85' lang='lat' dir='ltr'><strong>sum,</strong></span> <span class='ocrx_word' id='word_1_338' title='bbox 2029 2687 2212 2727; x_wconf 91' lang='lat' dir='ltr'><strong>nonne</strong></span> <span class='ocrx_word' id='word_1_339' title='bbox 2253 2670 2600 2725; x_wconf 80' lang='lat' dir='ltr'><strong>amictinnem</strong></span> <span class='ocrx_word' id='word_1_340' title='bbox 2635 2686 2825 2737; x_wconf 89' lang='lat' dir='ltr'><strong>parere</strong></span> <span class='ocrx_word' id='word_1_341' title='bbox 2865 2670 3043 2726; x_wconf 88' lang='lat' dir='ltr'><strong>solent</strong></span> <span class='ocrx_word' id='word_1_342' title='bbox 3096 2671 3404 2739; x_wconf 80' lang='lat' dir='ltr'><strong>praesentia,</strong></span> 
     </span>
    </p>
   </div>
   <div class='ocr_carea' id='block_1_52' title="bbox 1825 2762 3405 2834">
    <p class='ocr_par' dir='ltr' id='par_1_52' title="bbox 1825 2762 3405 2834">
     <span class='ocr_line' id='line_1_52' title="bbox 1825 2762 3405 2834; baseline -0.001 -16"><span class='ocrx_word' id='word_1_343' title='bbox 1825 2766 2092 2834; x_wconf 77' lang='lat' dir='ltr'><strong>gravique</strong></span> <span class='ocrx_word' id='word_1_344' title='bbox 2125 2779 2307 2817; x_wconf 87' lang='lat' dir='ltr'><strong>rerum</strong></span> <span class='ocrx_word' id='word_1_345' title='bbox 2357 2764 2708 2816; x_wconf 85' lang='lat' dir='ltr'><strong>adversarum</strong></span> <span class='ocrx_word' id='word_1_346' title='bbox 2765 2763 2916 2817; x_wconf 85' lang='lat' dir='ltr'><strong>oneri</strong></span> <span class='ocrx_word' id='word_1_347' title='bbox 2960 2773 3090 2817; x_wconf 88' lang='lat' dir='ltr'><strong>sunt</strong></span> <span class='ocrx_word' id='word_1_348' title='bbox 3130 2762 3405 2819; x_wconf 79' lang='lat' dir='ltr'><strong>obnoxia?</strong></span> 
     </span>
    </p>
   </div>
   <div class='ocr_carea' id='block_1_53' title="bbox 1826 2852 3400 2923">
    <p class='ocr_par' dir='ltr' id='par_1_53' title="bbox 1826 2852 3400 2923">
     <span class='ocr_line' id='line_1_53' title="bbox 1826 2852 3400 2923; baseline 0.001 -18"><span class='ocrx_word' id='word_1_349' title='bbox 1826 2855 2003 2922; x_wconf 86' lang='lat' dir='ltr'><strong>Atque</strong></span> <span class='ocrx_word' id='word_1_350' title='bbox 2038 2853 2154 2907; x_wconf 67' lang='lat' dir='ltr'><strong>haec</strong></span> <span class='ocrx_word' id='word_1_351' title='bbox 2181 2866 2268 2907; x_wconf 86' lang='lat' dir='ltr'><strong>me</strong></span> <span class='ocrx_word' id='word_1_352' title='bbox 2299 2854 2456 2907; x_wconf 63' lang='lat' dir='ltr'><strong>bona:</strong></span> <span class='ocrx_word' id='word_1_353' title='bbox 2483 2852 2676 2906; x_wconf 70' lang='lat' dir='ltr'><strong>animae</strong></span> <span class='ocrx_word' id='word_1_354' title='bbox 2705 2862 2831 2918; x_wconf 66' lang='lat' dir='ltr'><strong>tuae,</strong></span> <span class='ocrx_word' id='word_1_355' title='bbox 2881 2867 2991 2906; x_wconf 89' lang='lat' dir='ltr'><strong>non</strong></span> <span class='ocrx_word' id='word_1_356' title='bbox 3016 2861 3076 2907; x_wconf 90' lang='lat' dir='ltr'><strong>ut</strong></span> <span class='ocrx_word' id='word_1_357' title='bbox 3103 2853 3400 2923; x_wconf 82' lang='lat' dir='ltr'><strong>ignoranti,</strong></span> 
     </span>
    </p>
   </div>
   <div class='ocr_carea' id='block_1_54' title="bbox 1829 2942 3402 3015">
    <p class='ocr_par' dir='ltr' id='par_1_54' title="bbox 1829 2942 3402 3015">
     <span class='ocr_line' id='line_1_54' title="bbox 1829 2942 3402 3015; baseline 0.002 -19"><span class='ocrx_word' id='word_1_358' title='bbox 1829 2944 1922 2996; x_wconf 88' lang='lat' dir='ltr'><strong>sed</strong></span> <span class='ocrx_word' id='word_1_359' title='bbox 1962 2942 2265 2996; x_wconf 75' lang='lat' dir='ltr'><strong>excitandas</strong></span> <span class='ocrx_word' id='word_1_360' title='bbox 2323 2944 2600 2995; x_wconf 68' lang='lat' dir='ltr'><strong>memoriae</strong></span> <span class='ocrx_word' id='word_1_361' title='bbox 2643 2957 2808 2996; x_wconf 86' lang='lat' dir='ltr'><strong>causa</strong></span> <span class='ocrx_word' id='word_1_362' title='bbox 2861 2944 3008 2998; x_wconf 87' lang='lat' dir='ltr'><strong>dicta</strong></span> <span class='ocrx_word' id='word_1_363' title='bbox 3047 2952 3217 3012; x_wconf 88' lang='lat' dir='ltr'><strong>sunt;</strong></span> <span class='ocrx_word' id='word_1_364' title='bbox 3275 2945 3402 3015; x_wconf 87' lang='lat' dir='ltr'><strong>quia</strong></span> 
     </span>
    </p>
   </div>
   <div class='ocr_carea' id='block_1_55' title="bbox 138 3033 1724 3124">
    <p class='ocr_par' dir='ltr' id='par_1_55' title="bbox 138 3035 1724 3111">
     <span class='ocr_line' id='line_1_55' title="bbox 138 3035 1724 3111; baseline 0.005 -25"><span class='ocrx_word' id='word_1_365' title='bbox 138 3036 333 3105; x_wconf 82' lang='grc' dir='ltr'>ἐπειδὴ</span> <span class='ocrx_word' id='word_1_366' title='bbox 398 3035 688 3106; x_wconf 86' lang='grc' dir='ltr'>κάμνουσα</span> <span class='ocrx_word' id='word_1_367' title='bbox 750 3037 896 3109; x_wconf 84' lang='grc' dir='ltr'>ψυχὴ</span> <span class='ocrx_word' id='word_1_368' title='bbox 957 3039 1068 3092; x_wconf 78' lang='grc' dir='ltr'>ἐσθ’</span> <span class='ocrx_word' id='word_1_369' title='bbox 1122 3041 1211 3093; x_wconf 83' lang='grc' dir='ltr'><strong>ὅτε</strong></span> <span class='ocrx_word' id='word_1_370' title='bbox 1263 3042 1446 3094; x_wconf 86' lang='grc' dir='ltr'>ἀτονεῖ</span> <span class='ocrx_word' id='word_1_371' title='bbox 1479 3040 1617 3111; x_wconf 83' lang='grc' dir='ltr'>πρὸς</span> <span class='ocrx_word' id='word_1_372' title='bbox 1663 3040 1724 3094; x_wconf 82' lang='grc' dir='ltr'><strong>τὸ</strong></span> 
     </span>
    </p>
   </div>
   <div class='ocr_carea' id='block_1_56' title="bbox 1832 3033 3402 3124">
    <p class='ocr_par' dir='ltr' id='par_1_56' title="bbox 1832 3033 3402 3104">
     <span class='ocr_line' id='line_1_56' title="bbox 1832 3033 3402 3104; baseline 0 -14"><span class='ocrx_word' id='word_1_373' title='bbox 1832 3049 1970 3102; x_wconf 68' lang='lat' dir='ltr'><strong>aeger</strong></span> <span class='ocrx_word' id='word_1_374' title='bbox 1993 3033 2213 3088; x_wconf 89' lang='lat' dir='ltr'><strong>animus</strong></span> <span class='ocrx_word' id='word_1_375' title='bbox 2244 3034 2548 3103; x_wconf 81' lang='lat' dir='ltr'><strong>languescit</strong></span> <span class='ocrx_word' id='word_1_376' title='bbox 2575 3033 2871 3098; x_wconf 87' lang='lat' dir='ltr'><strong>interdum,</strong></span> <span class='ocrx_word' id='word_1_377' title='bbox 2905 3035 3202 3103; x_wconf 87' lang='lat' dir='ltr'><strong>quominus</strong></span> <span class='ocrx_word' id='word_1_378' title='bbox 3229 3037 3402 3104; x_wconf 86' lang='lat' dir='ltr'><strong>possit</strong></span> 
     </span>
    </p>
   </div>
   <div class='ocr_carea' id='block_1_57' title="bbox 137 3128 1723 3204">
    <p class='ocr_par' dir='ltr' id='par_1_57' title="bbox 137 3128 1723 3204">
     <span class='ocr_line' id='line_1_57' title="bbox 137 3128 1723 3204; baseline 0.003 -26"><span class='ocrx_word' id='word_1_379' title='bbox 137 3128 457 3198; x_wconf 79' lang='grc' dir='ltr'>ἀνηγμένον</span> <span class='ocrx_word' id='word_1_380' title='bbox 507 3129 605 3198; x_wconf 82' lang='grc' dir='ltr'>τῆς</span> <span class='ocrx_word' id='word_1_381' title='bbox 637 3130 890 3201; x_wconf 84' lang='grc' dir='ltr'>θεωρίας.</span> <span class='ocrx_word' id='word_1_382' title='bbox 922 3132 1182 3203; x_wconf 81' lang='grc' dir='ltr'>Δεύτερος</span> <span class='ocrx_word' id='word_1_383' title='bbox 1212 3131 1372 3201; x_wconf 86' lang='grc' dir='ltr'>λόγος</span> <span class='ocrx_word' id='word_1_384' title='bbox 1406 3149 1527 3204; x_wconf 87' lang='grc' dir='ltr'>μοι·</span> <span class='ocrx_word' id='word_1_385' title='bbox 1562 3134 1644 3184; x_wconf 81' lang='grc' dir='ltr'>ὃτι</span> <span class='ocrx_word' id='word_1_386' title='bbox 1674 3133 1723 3184; x_wconf 84' lang='grc' dir='ltr'>εἰ</span> 
     </span>
    </p>
   </div>
   <div class='ocr_carea' id='block_1_58' title="bbox 138 3217 1723 3292">
    <p class='ocr_par' dir='ltr' id='par_1_58' title="bbox 138 3217 1723 3292">
     <span class='ocr_line' id='line_1_58' title="bbox 138 3217 1723 3292; baseline 0.003 -24"><span class='ocrx_word' id='word_1_387' title='bbox 138 3218 235 3270; x_wconf 73' lang='grc' dir='ltr'>καὶ</span> <span class='ocrx_word' id='word_1_388' title='bbox 269 3219 494 3271; x_wconf 84' lang='grc' dir='ltr'>πολλῶν</span> <span class='ocrx_word' id='word_1_389' title='bbox 542 3219 650 3271; x_wconf 89' lang='grc' dir='ltr'><strong>τῶν</strong></span> <span class='ocrx_word' id='word_1_390' title='bbox 695 3221 925 3273; x_wconf 75' lang='grc' dir='ltr'>ἐνόντων</span> <span class='ocrx_word' id='word_1_391' title='bbox 961 3221 1369 3292; x_wconf 88' lang='grc' dir='ltr'>ἀπεγύμνωσάν</span> <span class='ocrx_word' id='word_1_392' title='bbox 1400 3238 1458 3274; x_wconf 91' lang='grc' dir='ltr'><strong>σε</strong></span> <span class='ocrx_word' id='word_1_393' title='bbox 1487 3220 1537 3272; x_wconf 90' lang='grc' dir='ltr'>οἱ</span> <span class='ocrx_word' id='word_1_394' title='bbox 1569 3217 1723 3283; x_wconf 82' lang='grc' dir='ltr'>ἐξου-</span> 
     </span>
    </p>
   </div>
   <div class='ocr_carea' id='block_1_59' title="bbox 142 3310 1723 3384">
    <p class='ocr_par' dir='ltr' id='par_1_59' title="bbox 142 3310 1723 3384">
     <span class='ocr_line' id='line_1_59' title="bbox 142 3310 1723 3384; baseline 0.001 -22"><span class='ocrx_word' id='word_1_395' title='bbox 142 3310 428 3374; x_wconf 75' lang='grc' dir='ltr'>σιάζοντες</span> <span class='ocrx_word' id='word_1_396' title='bbox 448 3327 463 3340; x_wconf 87' lang='grc'><strong>·</strong></span> <span class='ocrx_word' id='word_1_397' title='bbox 490 3312 601 3363; x_wconf 87' lang='grc' dir='ltr'>ἀλλ’</span> <span class='ocrx_word' id='word_1_398' title='bbox 627 3313 876 3383; x_wconf 81' lang='grc' dir='ltr'>οὐδαμῶς</span> <span class='ocrx_word' id='word_1_399' title='bbox 901 3312 1274 3384; x_wconf 80' lang='grc' dir='ltr'>ἀποστερῆσαί</span> <span class='ocrx_word' id='word_1_400' title='bbox 1309 3328 1367 3367; x_wconf 64' lang='grc' dir='ltr'>σε,</span> <span class='ocrx_word' id='word_1_401' title='bbox 1400 3312 1496 3366; x_wconf 79' lang='grc' dir='ltr'>τοῦ</span> <span class='ocrx_word' id='word_1_402' title='bbox 1528 3329 1723 3382; x_wconf 83' lang='grc' dir='ltr'>τιμιω-</span> 
     </span>
    </p>
   </div>
   <div class='ocr_carea' id='block_1_60' title="bbox 139 3403 1726 3477">
    <p class='ocr_par' dir='ltr' id='par_1_60' title="bbox 139 3403 1726 3477">
     <span class='ocr_line' id='line_1_60' title="bbox 139 3403 1726 3477; baseline 0.002 -24"><span class='ocrx_word' id='word_1_403' title='bbox 139 3404 302 3472; x_wconf 82' lang='grc' dir='ltr'>τέρου</span> <span class='ocrx_word' id='word_1_404' title='bbox 346 3403 633 3473; x_wconf 83' lang='grc' dir='ltr'>κτήματος</span> <span class='ocrx_word' id='word_1_405' title='bbox 686 3404 1046 3475; x_wconf 76' lang='grc' dir='ltr'>ἠδυνήθησαν.</span> <span class='ocrx_word' id='word_1_406' title='bbox 1077 3407 1186 3475; x_wconf 89' lang='grc' dir='ltr'>Οὐχ</span> <span class='ocrx_word' id='word_1_407' title='bbox 1220 3406 1350 3477; x_wconf 82' lang='grc' dir='ltr'>ὁρᾷς</span> <span class='ocrx_word' id='word_1_408' title='bbox 1377 3405 1469 3458; x_wconf 76' lang='grc' dir='ltr'><strong>καὶ</strong></span> <span class='ocrx_word' id='word_1_409' title='bbox 1507 3405 1726 3475; x_wconf 85' lang='grc' dir='ltr'>εὐχαρι-</span> 
     </span>
    </p>
   </div>
   <div class='ocr_carea' id='block_1_61' title="bbox 143 3496 1725 3568">
    <p class='ocr_par' dir='ltr' id='par_1_61' title="bbox 143 3496 1725 3568">
     <span class='ocr_line' id='line_1_61' title="bbox 143 3496 1725 3568; baseline 0.003 -24"><span class='ocrx_word' id='word_1_410' title='bbox 143 3497 310 3558; x_wconf 85' lang='grc' dir='ltr'>στεῖς,</span> <span class='ocrx_word' id='word_1_411' title='bbox 338 3496 465 3548; x_wconf 78' lang='grc' dir='ltr'>οἵαν</span> <span class='ocrx_word' id='word_1_412' title='bbox 506 3513 592 3548; x_wconf 90' lang='grc' dir='ltr'><strong>σοι</strong></span> <span class='ocrx_word' id='word_1_413' title='bbox 638 3496 837 3564; x_wconf 87' lang='grc' dir='ltr'>γνῶσιν</span> <span class='ocrx_word' id='word_1_414' title='bbox 868 3499 896 3550; x_wconf 97' lang='lat'><strong>6</strong></span> <span class='ocrx_word' id='word_1_415' title='bbox 937 3499 1068 3560; x_wconf 81' lang='grc' dir='ltr'>Θεὸς</span> <span class='ocrx_word' id='word_1_416' title='bbox 1099 3497 1460 3568; x_wconf 85' lang='grc' dir='ltr'>ἐθησαύρισε;</span> <span class='ocrx_word' id='word_1_417' title='bbox 1489 3496 1725 3567; x_wconf 80' lang='grc' dir='ltr'>πηλίκην</span> 
     </span>
    </p>
   </div>
   <div class='ocr_carea' id='block_1_62' title="bbox 141 3582 1726 3660">
    <p class='ocr_par' dir='ltr' id='par_1_62' title="bbox 141 3582 1726 3660">
     <span class='ocr_line' id='line_1_62' title="bbox 141 3582 1726 3660; baseline -0.003 -16"><span class='ocrx_word' id='word_1_418' title='bbox 141 3584 441 3653; x_wconf 80' lang='grc' dir='ltr'>γλῶσσαν;</span> <span class='ocrx_word' id='word_1_419' title='bbox 482 3589 539 3652; x_wconf 77' lang='grc' dir='ltr'><strong>ἐξ</strong></span> <span class='ocrx_word' id='word_1_420' title='bbox 571 3582 637 3659; x_wconf 83' lang='grc' dir='ltr'>ἦς</span> <span class='ocrx_word' id='word_1_421' title='bbox 671 3589 747 3651; x_wconf 88' lang='grc' dir='ltr'>ὼς</span> <span class='ocrx_word' id='word_1_422' title='bbox 791 3587 850 3652; x_wconf 81' lang='grc' dir='ltr'>ἐξ</span> <span class='ocrx_word' id='word_1_423' title='bbox 894 3588 1104 3642; x_wconf 85' lang='grc' dir='ltr'>ἀδύτων</span> <span class='ocrx_word' id='word_1_424' title='bbox 1142 3588 1431 3660; x_wconf 83' lang='grc' dir='ltr'>θησαυρῶν</span> <span class='ocrx_word' id='word_1_425' title='bbox 1459 3591 1558 3659; x_wconf 82' lang='grc' dir='ltr'>τῆς</span> <span class='ocrx_word' id='word_1_426' title='bbox 1590 3605 1726 3658; x_wconf 82' lang='grc' dir='ltr'>καρ-</span> 
     </span>
    </p>
   </div>
   <div class='ocr_carea' id='block_1_63' title="bbox 143 3677 1725 3752">
    <p class='ocr_par' dir='ltr' id='par_1_63' title="bbox 143 3677 1725 3752">
     <span class='ocr_line' id='line_1_63' title="bbox 143 3677 1725 3752; baseline 0.002 -23"><span class='ocrx_word' id='word_1_427' title='bbox 143 3677 262 3742; x_wconf 83' lang='grc' dir='ltr'>δίας</span> <span class='ocrx_word' id='word_1_428' title='bbox 287 3681 561 3752; x_wconf 76' lang='grc' dir='ltr'>προφέρει</span> <span class='ocrx_word' id='word_1_429' title='bbox 593 3681 663 3733; x_wconf 84' lang='grc' dir='ltr'><strong>τά</strong></span> <span class='ocrx_word' id='word_1_430' title='bbox 699 3681 1052 3751; x_wconf 88' lang='grc' dir='ltr'>ἀγορεύματα</span> <span class='ocrx_word' id='word_1_431' title='bbox 1078 3681 1171 3734; x_wconf 74' lang='grc' dir='ltr'><strong>καὶ</strong></span> <span class='ocrx_word' id='word_1_432' title='bbox 1203 3683 1536 3752; x_wconf 80' lang='grc' dir='ltr'>διανοήματα</span> <span class='ocrx_word' id='word_1_433' title='bbox 1567 3680 1725 3752; x_wconf 78' lang='grc' dir='ltr'>προὶξ</span> 
     </span>
    </p>
   </div>
   <div class='ocr_carea' id='block_1_64' title="bbox 144 3768 1726 3842">
    <p class='ocr_par' dir='ltr' id='par_1_64' title="bbox 144 3768 1726 3842">
     <span class='ocr_line' id='line_1_64' title="bbox 144 3768 1726 3842; baseline 0.002 -23"><span class='ocrx_word' id='word_1_434' title='bbox 144 3768 226 3821; x_wconf 84' lang='grc' dir='ltr'>ὅτι</span> <span class='ocrx_word' id='word_1_435' title='bbox 290 3771 556 3841; x_wconf 85' lang='grc' dir='ltr'>μάλιστα.</span> <span class='ocrx_word' id='word_1_436' title='bbox 629 3771 798 3824; x_wconf 83' lang='grc' dir='ltr'>Τοῦτο</span> <span class='ocrx_word' id='word_1_437' title='bbox 862 3774 1303 3842; x_wconf 78' lang='grc' dir='ltr'>προφερέστατον</span> <span class='ocrx_word' id='word_1_438' title='bbox 1358 3772 1452 3826; x_wconf 79' lang='grc' dir='ltr'><strong>καὶ</strong></span> <span class='ocrx_word' id='word_1_439' title='bbox 1509 3771 1726 3825; x_wconf 85' lang='grc' dir='ltr'>πάντων</span> 
     </span>
    </p>
   </div>
   <div class='ocr_carea' id='block_1_65' title="bbox 147 3861 1727 3934">
    <p class='ocr_par' dir='ltr' id='par_1_65' title="bbox 147 3861 1727 3934">
     <span class='ocr_line' id='line_1_65' title="bbox 147 3861 1727 3934; baseline -0.001 -19"><span class='ocrx_word' id='word_1_440' title='bbox 147 3862 458 3928; x_wconf 80' lang='grc' dir='ltr'>χρημάτων</span> <span class='ocrx_word' id='word_1_441' title='bbox 517 3865 1113 3934; x_wconf 83' lang='grc' dir='ltr'>χρηματιστικώτερον,</span> <span class='ocrx_word' id='word_1_442' title='bbox 1178 3865 1273 3916; x_wconf 80' lang='grc' dir='ltr'>καὶ</span> <span class='ocrx_word' id='word_1_443' title='bbox 1325 3863 1505 3934; x_wconf 86' lang='grc' dir='ltr'>πάσης</span> <span class='ocrx_word' id='word_1_444' title='bbox 1543 3861 1727 3924; x_wconf 85' lang='grc' dir='ltr'>οὐσίας</span> 
     </span>
    </p>
   </div>
   <div class='ocr_carea' id='block_1_66' title="bbox 147 3949 1727 4026">
    <p class='ocr_par' dir='ltr' id='par_1_66' title="bbox 147 3949 1727 4026">
     <span class='ocr_line' id='line_1_66' title="bbox 147 3949 1727 4026; baseline 0.005 -27"><span class='ocrx_word' id='word_1_445' title='bbox 147 3949 662 4024; x_wconf 74' lang='grc' dir='ltr'>ὐπερουσιὼτερον·</span> <span class='ocrx_word' id='word_1_446' title='bbox 693 3954 721 4007; x_wconf 87' lang='grc' dir='ltr'>ὃ</span> <span class='ocrx_word' id='word_1_447' title='bbox 758 3956 812 4007; x_wconf 80' lang='grc' dir='ltr'>ετ</span> <span class='ocrx_word' id='word_1_448' title='bbox 851 3973 933 4018; x_wconf 88' lang='grc' dir='ltr'><strong>τις</strong></span> <span class='ocrx_word' id='word_1_449' title='bbox 980 3957 1264 4026; x_wconf 87' lang='grc' dir='ltr'>κέκτηται,</span> <span class='ocrx_word' id='word_1_450' title='bbox 1299 3956 1409 4008; x_wconf 86' lang='grc' dir='ltr'><strong>τῶν</strong></span> <span class='ocrx_word' id='word_1_451' title='bbox 1441 3956 1582 4024; x_wconf 80' lang='grc' dir='ltr'>ἄγαν</span> <span class='ocrx_word' id='word_1_452' title='bbox 1630 3972 1727 4007; x_wconf 78' lang='grc' dir='ltr'>πο·-</span> 
     </span>
    </p>
   </div>
   <div class='ocr_carea' id='block_1_67' title="bbox 145 4040 1726 4120">
    <p class='ocr_par' dir='ltr' id='par_1_67' title="bbox 145 4040 1726 4120">
     <span class='ocr_line' id='line_1_67' title="bbox 145 4040 1726 4120; baseline 0.006 -30"><span class='ocrx_word' id='word_1_453' title='bbox 145 4040 412 4096; x_wconf 72' lang='grc' dir='ltr'>λοουσίων</span> <span class='ocrx_word' id='word_1_454' title='bbox 455 4044 811 4116; x_wconf 79' lang='grc' dir='ltr'>αἱρετώτερός</span> <span class='ocrx_word' id='word_1_455' title='bbox 846 4047 959 4100; x_wconf 88' lang='grc' dir='ltr'>ἐστι</span> <span class='ocrx_word' id='word_1_456' title='bbox 999 4047 1075 4117; x_wconf 81' lang='grc' dir='ltr'>τῷ</span> <span class='ocrx_word' id='word_1_457' title='bbox 1118 4048 1240 4101; x_wconf 81' lang='grc' dir='ltr'>νοῦν</span> <span class='ocrx_word' id='word_1_458' title='bbox 1268 4047 1466 4118; x_wconf 78' lang='grc' dir='ltr'>ἔχοντι,</span> <span class='ocrx_word' id='word_1_459' title='bbox 1501 4047 1602 4101; x_wconf 80' lang='grc' dir='ltr'><strong>κᾶν</strong></span> <span class='ocrx_word' id='word_1_460' title='bbox 1631 4050 1726 4120; x_wconf 80' lang='grc' dir='ltr'><strong>ῥα-</strong></span> 
     </span>
    </p>
   </div>
   <div class='ocr_carea' id='block_1_68' title="bbox 149 4134 1726 4210">
    <p class='ocr_par' dir='ltr' id='par_1_68' title="bbox 149 4134 1726 4210">
     <span class='ocr_line' id='line_1_68' title="bbox 149 4134 1726 4210; baseline 0.006 -26"><span class='ocrx_word' id='word_1_461' title='bbox 149 4134 285 4198; x_wconf 87' lang='grc' dir='ltr'>κίοις</span> <span class='ocrx_word' id='word_1_462' title='bbox 317 4139 485 4207; x_wconf 88' lang='grc' dir='ltr'>μόνον</span> <span class='ocrx_word' id='word_1_463' title='bbox 514 4139 916 4210; x_wconf 81' lang='grc' dir='ltr'>ἀμπεχόμενος.</span> <span class='ocrx_word' id='word_1_464' title='bbox 951 4139 1060 4192; x_wconf 73' lang='grc' dir='ltr'>Καὶ</span> <span class='ocrx_word' id='word_1_465' title='bbox 1089 4140 1246 4193; x_wconf 85' lang='grc' dir='ltr'>τοῦτο</span> <span class='ocrx_word' id='word_1_466' title='bbox 1272 4140 1473 4210; x_wconf 87' lang='grc' dir='ltr'>δέδειχε</span> <span class='ocrx_word' id='word_1_467' title='bbox 1506 4139 1726 4209; x_wconf 84' lang='grc' dir='ltr'>σύμπας</span> 
     </span>
    </p>
   </div>
   <div class='ocr_carea' id='block_1_69' title="bbox 152 4226 1726 4303">
    <p class='ocr_par' dir='ltr' id='par_1_69' title="bbox 152 4226 1726 4303">
     <span class='ocr_line' id='line_1_69' title="bbox 152 4226 1726 4303; baseline 0.006 -27"><span class='ocrx_word' id='word_1_468' title='bbox 152 4226 251 4293; x_wconf 68' lang='grc' dir='ltr'><strong>μὲν</strong></span> <span class='ocrx_word' id='word_1_469' title='bbox 296 4230 324 4280; x_wconf 91' lang='lat'><strong>6</strong></span> <span class='ocrx_word' id='word_1_470' title='bbox 367 4229 483 4281; x_wconf 88' lang='grc' dir='ltr'><strong>τῶν</strong></span> <span class='ocrx_word' id='word_1_471' title='bbox 532 4229 755 4284; x_wconf 85' lang='grc' dir='ltr'>δικαίων</span> <span class='ocrx_word' id='word_1_472' title='bbox 793 4232 985 4303; x_wconf 84' lang='grc' dir='ltr'>χορός·</span> <span class='ocrx_word' id='word_1_473' title='bbox 1031 4235 1089 4285; x_wconf 88' lang='grc' dir='ltr'><strong>ἐν</strong></span> <span class='ocrx_word' id='word_1_474' title='bbox 1122 4232 1176 4285; x_wconf 83' lang='grc' dir='ltr'><strong>δὲ</strong></span> <span class='ocrx_word' id='word_1_475' title='bbox 1226 4235 1340 4294; x_wconf 87' lang='grc' dir='ltr'>τοῖς</span> <span class='ocrx_word' id='word_1_476' title='bbox 1388 4233 1726 4303; x_wconf 79' lang='grc' dir='ltr'>ἐξωτερικοῖς</span> 
     </span>
    </p>
   </div>
   <div class='ocr_carea' id='block_1_70' title="bbox 153 4316 1727 4395">
    <p class='ocr_par' dir='ltr' id='par_1_70' title="bbox 153 4316 1727 4395">
     <span class='ocr_line' id='line_1_70' title="bbox 153 4316 1727 4395; baseline 0.009 -30"><span class='ocrx_word' id='word_1_477' title='bbox 153 4316 475 4385; x_wconf 82' lang='grc' dir='ltr'>προσώποις</span> <span class='ocrx_word' id='word_1_478' title='bbox 532 4320 560 4371; x_wconf 93' lang='lat'><strong>6</strong></span> <span class='ocrx_word' id='word_1_479' title='bbox 617 4321 908 4386; x_wconf 77' lang='grc' dir='ltr'>Ὀδυσσεὺς</span> <span class='ocrx_word' id='word_1_480' title='bbox 959 4323 1186 4389; x_wconf 79' lang='grc' dir='ltr'>ἐκεῖνος,</span> <span class='ocrx_word' id='word_1_481' title='bbox 1223 4326 1286 4378; x_wconf 89' lang='grc' dir='ltr'><strong>ἐκ</strong></span> <span class='ocrx_word' id='word_1_482' title='bbox 1332 4326 1589 4394; x_wconf 90' lang='grc' dir='ltr'>ναυαγίου</span> <span class='ocrx_word' id='word_1_483' title='bbox 1633 4343 1727 4395; x_wconf 86' lang='grc' dir='ltr'>γυ-</span> 
     </span>
    </p>
   </div>
   <div class='ocr_carea' id='block_1_71' title="bbox 154 4408 881 4481">
    <p class='ocr_par' dir='ltr' id='par_1_71' title="bbox 154 4408 881 4481">
     <span class='ocr_line' id='line_1_71' title="bbox 154 4408 881 4481; baseline 0.011 -23"><span class='ocrx_word' id='word_1_484' title='bbox 154 4408 280 4474; x_wconf 82' lang='grc' dir='ltr'>μνὸς</span> <span class='ocrx_word' id='word_1_485' title='bbox 303 4409 499 4479; x_wconf 71' lang='grc' dir='ltr'>ὀφθεὶς</span> <span class='ocrx_word' id='word_1_486' title='bbox 525 4413 590 4481; x_wconf 79' lang='grc' dir='ltr'>τῇ</span> <span class='ocrx_word' id='word_1_487' title='bbox 631 4411 881 4480; x_wconf 84' lang='grc' dir='ltr'>βασιλίδι.</span> 
     </span>
    </p>
   </div>
   <div class='ocr_carea' id='block_1_72' title="bbox 233 4501 1722 4575">
    <p class='ocr_par' dir='ltr' id='par_1_72' title="bbox 233 4501 1722 4575">
     <span class='ocr_line' id='line_1_72' title="bbox 233 4501 1722 4575; baseline 0.005 -23"><span class='ocrx_word' id='word_1_488' title='bbox 233 4501 372 4554; x_wconf 80' lang='grc' dir='ltr'>Ἀλλ’</span> <span class='ocrx_word' id='word_1_489' title='bbox 403 4503 505 4556; x_wconf 72' lang='grc' dir='ltr'>ἐπὶ</span> <span class='ocrx_word' id='word_1_490' title='bbox 536 4502 595 4554; x_wconf 86' lang='grc' dir='ltr'><strong>τὸ</strong></span> <span class='ocrx_word' id='word_1_491' title='bbox 638 4503 900 4574; x_wconf 86' lang='grc' dir='ltr'>ἐρώτημά</span> <span class='ocrx_word' id='word_1_492' title='bbox 936 4522 1030 4558; x_wconf 93' lang='grc' dir='ltr'><strong>σου</strong></span> <span class='ocrx_word' id='word_1_493' title='bbox 1084 4506 1348 4575; x_wconf 80' lang='grc' dir='ltr'>τρεπτέον</span> <span class='ocrx_word' id='word_1_494' title='bbox 1404 4509 1497 4559; x_wconf 75' lang='grc' dir='ltr'><strong>τὸν</strong></span> <span class='ocrx_word' id='word_1_495' title='bbox 1547 4508 1722 4574; x_wconf 86' lang='grc' dir='ltr'>λόγον.</span> 
     </span>
    </p>
   </div>
   <div class='ocr_carea' id='block_1_73' title="bbox 150 4593 1727 4669">
    <p class='ocr_par' dir='ltr' id='par_1_73' title="bbox 150 4593 1727 4669">
     <span class='ocr_line' id='line_1_73' title="bbox 150 4593 1727 4669; baseline 0.005 -25"><span class='ocrx_word' id='word_1_496' title='bbox 150 4593 343 4647; x_wconf 77' lang='grc' dir='ltr'>Καίτοι</span> <span class='ocrx_word' id='word_1_497' title='bbox 380 4595 546 4659; x_wconf 79' lang='grc' dir='ltr'>εἰδὼς</span> <span class='ocrx_word' id='word_1_498' title='bbox 599 4597 689 4665; x_wconf 78' lang='grc' dir='ltr'><strong>ἀφ’</strong></span> <span class='ocrx_word' id='word_1_499' title='bbox 719 4597 912 4649; x_wconf 81' lang='grc' dir='ltr'>ἑαυτοῦ</span> <span class='ocrx_word' id='word_1_500' title='bbox 957 4600 1018 4651; x_wconf 84' lang='grc' dir='ltr'><strong>τὸ</strong></span> <span class='ocrx_word' id='word_1_501' title='bbox 1070 4595 1128 4652; x_wconf 87' lang='grc' dir='ltr'><strong>εὖ</strong></span> <span class='ocrx_word' id='word_1_502' title='bbox 1153 4600 1294 4669; x_wconf 81' lang='grc' dir='ltr'>ἔχον,</span> <span class='ocrx_word' id='word_1_503' title='bbox 1353 4601 1727 4669; x_wconf 83' lang='grc' dir='ltr'>φιλοπευστείς</span> 
     </span>
    </p>
   </div>
   <div class='ocr_carea' id='block_1_74' title="bbox 154 4684 1727 4762">
    <p class='ocr_par' dir='ltr' id='par_1_74' title="bbox 154 4684 1727 4762">
     <span class='ocr_line' id='line_1_74' title="bbox 154 4684 1727 4762; baseline 0.007 -28"><span class='ocrx_word' id='word_1_504' title='bbox 154 4684 289 4753; x_wconf 74' lang='grc' dir='ltr'>πρὸς</span> <span class='ocrx_word' id='word_1_505' title='bbox 322 4688 490 4758; x_wconf 80' lang='grc' dir='ltr'>ἡμῶν</span> <span class='ocrx_word' id='word_1_506' title='bbox 541 4688 650 4740; x_wconf 88' lang='grc' dir='ltr'><strong>τῶν</strong></span> <span class='ocrx_word' id='word_1_507' title='bbox 677 4689 902 4757; x_wconf 83' lang='grc' dir='ltr'>ἀμαθῶν</span> <span class='ocrx_word' id='word_1_508' title='bbox 935 4691 1334 4745; x_wconf 83' lang='grc' dir='ltr'>ὲκδιδάσκεθαι.</span> <span class='ocrx_word' id='word_1_509' title='bbox 1366 4691 1474 4761; x_wconf 80' lang='grc' dir='ltr'><strong>Φὴς</strong></span> <span class='ocrx_word' id='word_1_510' title='bbox 1507 4693 1614 4762; x_wconf 84' lang='grc' dir='ltr'><strong>γὰρ</strong></span> <span class='ocrx_word' id='word_1_511' title='bbox 1647 4693 1727 4745; x_wconf 81' lang='grc' dir='ltr'>ὅτι</span> 
     </span>
    </p>
   </div>
   <div class='ocr_carea' id='block_1_75' title="bbox 155 4775 1725 4854">
    <p class='ocr_par' dir='ltr' id='par_1_75' title="bbox 155 4775 1725 4854">
     <span class='ocr_line' id='line_1_75' title="bbox 155 4775 1725 4854; baseline 0.006 -27"><span class='ocrx_word' id='word_1_512' title='bbox 155 4775 230 4842; x_wconf 81' lang='grc' dir='ltr'><strong>πῆ</strong></span> <span class='ocrx_word' id='word_1_513' title='bbox 260 4778 357 4843; x_wconf 85' lang='grc' dir='ltr'>μὲν</span> <span class='ocrx_word' id='word_1_514' title='bbox 400 4780 664 4848; x_wconf 81' lang='grc' dir='ltr'>λογισμὸς</span> <span class='ocrx_word' id='word_1_515' title='bbox 689 4781 1058 4850; x_wconf 80' lang='grc' dir='ltr'>προτρέπεται</span> <span class='ocrx_word' id='word_1_516' title='bbox 1092 4799 1151 4834; x_wconf 89' lang='grc' dir='ltr'><strong>σε</strong></span> <span class='ocrx_word' id='word_1_517' title='bbox 1172 4784 1251 4845; x_wconf 83' lang='grc' dir='ltr'>εἰς</span> <span class='ocrx_word' id='word_1_518' title='bbox 1283 4786 1616 4854; x_wconf 83' lang='grc' dir='ltr'>προσευχήν·</span> <span class='ocrx_word' id='word_1_519' title='bbox 1652 4785 1725 4854; x_wconf 85' lang='grc' dir='ltr'>πῆ</span> 
     </span>
    </p>
   </div>
   <div class='ocr_carea' id='block_1_76' title="bbox 155 4862 1728 4945">
    <p class='ocr_par' dir='ltr' id='par_1_76' title="bbox 155 4862 1728 4945">
     <span class='ocr_line' id='line_1_76' title="bbox 155 4862 1728 4945; baseline 0.008 -30"><span class='ocrx_word' id='word_1_520' title='bbox 155 4862 210 4915; x_wconf 87' lang='grc' dir='ltr'>δὲ</span> <span class='ocrx_word' id='word_1_521' title='bbox 241 4869 570 4935; x_wconf 86' lang='grc' dir='ltr'>ἀνακόπτει,</span> <span class='ocrx_word' id='word_1_522' title='bbox 596 4871 671 4934; x_wconf 84' lang='grc' dir='ltr'>ὼς</span> <span class='ocrx_word' id='word_1_523' title='bbox 720 4870 815 4924; x_wconf 77' lang='grc' dir='ltr'><strong>τοῦ</strong></span> <span class='ocrx_word' id='word_1_524' title='bbox 850 4871 984 4924; x_wconf 81' lang='grc' dir='ltr'>Θεοῦ</span> <span class='ocrx_word' id='word_1_525' title='bbox 1032 4874 1231 4935; x_wconf 74' lang='grc' dir='ltr'>εἰδότος</span> <span class='ocrx_word' id='word_1_526' title='bbox 1260 4875 1395 4945; x_wconf 85' lang='grc' dir='ltr'>ὅπερ</span> <span class='ocrx_word' id='word_1_527' title='bbox 1426 4875 1728 4945; x_wconf 80' lang='grc' dir='ltr'>βουλόμεθα</span> 
     </span>
    </p>
   </div>
   <div class='ocr_carea' id='block_1_77' title="bbox 157 4958 1729 5040">
    <p class='ocr_par' dir='ltr' id='par_1_77' title="bbox 157 4958 1729 5040">
     <span class='ocr_line' id='line_1_77' title="bbox 157 4958 1729 5040; baseline 0.007 -33"><span class='ocrx_word' id='word_1_528' title='bbox 157 4958 380 5028; x_wconf 80' lang='grc' dir='ltr'>αἰτῆσαι</span> <span class='ocrx_word' id='word_1_529' title='bbox 408 4963 562 5034; x_wconf 71' lang='grc' dir='ltr'>[ςοό.</span> <span class='ocrx_word' id='word_1_530' title='bbox 588 4963 718 5033; x_wconf 82' lang='lat' dir='ltr'><strong>lleg.</strong></span> <span class='ocrx_word' id='word_1_531' title='bbox 747 4965 1060 5037; x_wconf 53' lang='grc' dir='ltr'><strong>αἰτεῖσθαιῖ⁸</strong></span> <span class='ocrx_word' id='word_1_532' title='bbox 1082 4968 1156 5029; x_wconf 85' lang='grc' dir='ltr'>ὡς</span> <span class='ocrx_word' id='word_1_533' title='bbox 1181 4967 1431 5019; x_wconf 79' lang='grc' dir='ltr'>ἐντεῦθεν</span> <span class='ocrx_word' id='word_1_534' title='bbox 1461 4969 1729 5040; x_wconf 87' lang='grc' dir='ltr'>παρέλκον</span> 
     </span>
    </p>
   </div>
   <div class='ocr_carea' id='block_1_78' title="bbox 159 5046 1729 5129">
    <p class='ocr_par' dir='ltr' id='par_1_78' title="bbox 159 5046 1729 5129">
     <span class='ocr_line' id='line_1_78' title="bbox 159 5046 1729 5129; baseline 0.006 -29"><span class='ocrx_word' id='word_1_535' title='bbox 159 5046 223 5100; x_wconf 84' lang='grc' dir='ltr'><strong>ἂν</strong></span> <span class='ocrx_word' id='word_1_536' title='bbox 269 5052 330 5105; x_wconf 84' lang='grc' dir='ltr'><strong>τὸ</strong></span> <span class='ocrx_word' id='word_1_537' title='bbox 363 5053 789 5126; x_wconf 83' lang='grc' dir='ltr'>προσεύχεσθαι.</span> <span class='ocrx_word' id='word_1_538' title='bbox 822 5057 964 5128; x_wconf 81' lang='grc' dir='ltr'>Πρὸς</span> <span class='ocrx_word' id='word_1_539' title='bbox 999 5059 1231 5122; x_wconf 86' lang='grc' dir='ltr'>τούτοις,</span> <span class='ocrx_word' id='word_1_540' title='bbox 1264 5059 1385 5111; x_wconf 79' lang='grc' dir='ltr'>ἐπεὶ</span> <span class='ocrx_word' id='word_1_541' title='bbox 1407 5059 1729 5129; x_wconf 75' lang='grc' dir='ltr'>ἁμαρτωλὸς</span> 
     </span>
    </p>
   </div>
   <div class='ocr_carea' id='block_1_79' title="bbox 160 5135 1728 5223">
    <p class='ocr_par' dir='ltr' id='par_1_79' title="bbox 160 5135 1728 5223">
     <span class='ocr_line' id='line_1_79' title="bbox 160 5135 1728 5223; baseline 0.008 -31"><span class='ocrx_word' id='word_1_542' title='bbox 160 5135 260 5206; x_wconf 83' lang='grc' dir='ltr'>εἷς,</span> <span class='ocrx_word' id='word_1_543' title='bbox 297 5145 460 5199; x_wconf 82' lang='grc' dir='ltr'>οὐδὲν</span> <span class='ocrx_word' id='word_1_544' title='bbox 494 5146 606 5198; x_wconf 85' lang='grc' dir='ltr'>όνεῐ</span> <span class='ocrx_word' id='word_1_545' title='bbox 633 5147 774 5217; x_wconf 72' lang='lat' dir='ltr'><strong>[cod.</strong></span> <span class='ocrx_word' id='word_1_546' title='bbox 801 5147 931 5219; x_wconf 80' lang='lat' dir='ltr'><strong>Reg.</strong></span> <span class='ocrx_word' id='word_1_547' title='bbox 968 5149 1197 5223; x_wconf 77' lang='grc' dir='ltr'>ὀνίνησι]</span> <span class='ocrx_word' id='word_1_548' title='bbox 1226 5150 1287 5204; x_wconf 84' lang='grc' dir='ltr'><strong>τὸ</strong></span> <span class='ocrx_word' id='word_1_549' title='bbox 1312 5151 1728 5221; x_wconf 85' lang='grc' dir='ltr'>προσεύχεσθαι.</span> 
     </span>
    </p>
   </div>
   <div class='ocr_carea' id='block_1_80' title="bbox 163 5234 1733 5314">
    <p class='ocr_par' dir='ltr' id='par_1_80' title="bbox 163 5234 1733 5314">
     <span class='ocr_line' id='line_1_80' title="bbox 163 5234 1733 5314; baseline 0.013 -30"><span class='ocrx_word' id='word_1_550' title='bbox 163 5234 266 5288; x_wconf 68' lang='grc' dir='ltr'>Καὶ</span> <span class='ocrx_word' id='word_1_551' title='bbox 312 5239 506 5304; x_wconf 79' lang='grc' dir='ltr'>ἁπλῶς</span> <span class='ocrx_word' id='word_1_552' title='bbox 553 5241 606 5294; x_wconf 83' lang='grc' dir='ltr'>ετ</span> <span class='ocrx_word' id='word_1_553' title='bbox 631 5258 689 5294; x_wconf 90' lang='grc' dir='ltr'><strong>τι</strong></span> <span class='ocrx_word' id='word_1_554' title='bbox 723 5242 852 5294; x_wconf 81' lang='grc' dir='ltr'>ἄλλο</span> <span class='ocrx_word' id='word_1_555' title='bbox 903 5243 1088 5314; x_wconf 82' lang='grc' dir='ltr'>ἐδήλου</span> <span class='ocrx_word' id='word_1_556' title='bbox 1117 5244 1178 5296; x_wconf 82' lang='grc' dir='ltr'><strong>τὸ</strong></span> <span class='ocrx_word' id='word_1_557' title='bbox 1212 5243 1445 5314; x_wconf 81' lang='grc' dir='ltr'>γράμμα</span> <span class='ocrx_word' id='word_1_558' title='bbox 1475 5261 1487 5273; x_wconf 90' lang='grc'>·</span> <span class='ocrx_word' id='word_1_559' title='bbox 1515 5245 1576 5296; x_wconf 81' lang='grc' dir='ltr'>οὺ</span> <span class='ocrx_word' id='word_1_560' title='bbox 1625 5245 1733 5314; x_wconf 84' lang='grc' dir='ltr'>γὰρ</span> 
     </span>
    </p>
   </div>
   <div class='ocr_carea' id='block_1_81' title="bbox 166 5331 1733 5406">
    <p class='ocr_par' dir='ltr' id='par_1_81' title="bbox 166 5331 1733 5406">
     <span class='ocr_line' id='line_1_81' title="bbox 166 5331 1733 5406; baseline 0.002 -23"><span class='ocrx_word' id='word_1_561' title='bbox 166 5331 343 5399; x_wconf 79' lang='grc' dir='ltr'>παρῆν</span> <span class='ocrx_word' id='word_1_562' title='bbox 379 5351 474 5404; x_wconf 85' lang='grc' dir='ltr'><strong>μοι</strong></span> <span class='ocrx_word' id='word_1_563' title='bbox 523 5333 617 5385; x_wconf 67' lang='grc' dir='ltr'><strong>ἐπὶ</strong></span> <span class='ocrx_word' id='word_1_564' title='bbox 653 5337 841 5405; x_wconf 84' lang='grc' dir='ltr'>χεῖρας</span> <span class='ocrx_word' id='word_1_565' title='bbox 864 5335 1025 5406; x_wconf 76' lang='grc' dir='ltr'>ἔχειν.</span> <span class='ocrx_word' id='word_1_566' title='bbox 1052 5337 1116 5389; x_wconf 92' lang='grc' dir='ltr'>Τί</span> <span class='ocrx_word' id='word_1_567' title='bbox 1146 5332 1238 5390; x_wconf 83' lang='grc' dir='ltr'><strong>οὖν</strong></span> <span class='ocrx_word' id='word_1_568' title='bbox 1281 5336 1427 5390; x_wconf 76' lang='grc' dir='ltr'>ἐστιν</span> <span class='ocrx_word' id='word_1_569' title='bbox 1475 5339 1648 5389; x_wconf 90' lang='grc' dir='ltr'>εἰπεῖν</span> <span class='ocrx_word' id='word_1_570' title='bbox 1676 5338 1733 5387; x_wconf 90' lang='grc' dir='ltr'><strong>ἐν</strong></span> 
     </span>
    </p>
   </div>
   <div class='ocr_carea' id='block_1_82' title="bbox 167 5419 1732 5502">
    <p class='ocr_par' dir='ltr' id='par_1_82' title="bbox 167 5419 1732 5502">
     <span class='ocr_line' id='line_1_82' title="bbox 167 5419 1732 5502; baseline 0.008 -33"><span class='ocrx_word' id='word_1_571' title='bbox 167 5419 406 5494; x_wconf 59' lang='lat' dir='ltr'><strong>mutate;</strong></span> <span class='ocrx_word' id='word_1_572' title='bbox 441 5427 569 5479; x_wconf 75' lang='grc' dir='ltr'>Ὀτι</span> <span class='ocrx_word' id='word_1_573' title='bbox 595 5426 766 5497; x_wconf 87' lang='grc' dir='ltr'>τύχης</span> <span class='ocrx_word' id='word_1_574' title='bbox 798 5428 892 5482; x_wconf 72' lang='grc' dir='ltr'><strong>καὶ</strong></span> <span class='ocrx_word' id='word_1_575' title='bbox 918 5430 1256 5502; x_wconf 74' lang='grc' dir='ltr'>εἱμαρμένης</span> <span class='ocrx_word' id='word_1_576' title='bbox 1282 5431 1518 5502; x_wconf 78' lang='grc' dir='ltr'>ἔμφασιν</span> <span class='ocrx_word' id='word_1_577' title='bbox 1546 5429 1657 5499; x_wconf 75' lang='grc' dir='ltr'>ἔχει</span> <span class='ocrx_word' id='word_1_578' title='bbox 1700 5432 1732 5498; x_wconf 80' lang='grc' dir='ltr'><strong>ἡ</strong></span> 
     </span>
    </p>
   </div>
   <div class='ocr_carea' id='block_1_83' title="bbox 237 5594 780 5667">
    <p class='ocr_par' dir='ltr' id='par_1_83' title="bbox 237 5594 780 5667">
     <span class='ocr_line' id='line_1_83' title="bbox 237 5594 780 5667; baseline -0.004 -11"><span class='ocrx_word' id='word_1_579' title='bbox 237 5594 280 5626; x_wconf 79' lang='grc'><strong>³⁸</strong></span> <span class='ocrx_word' id='word_1_580' title='bbox 312 5597 329 5650; x_wconf 85' lang='grc'><strong>1</strong></span> <span class='ocrx_word' id='word_1_581' title='bbox 380 5601 575 5659; x_wconf 89' lang='lat' dir='ltr'><strong>Thess.</strong></span> <span class='ocrx_word' id='word_1_582' title='bbox 607 5618 659 5667; x_wconf 92' lang='lat' dir='ltr'><strong>v,</strong></span> <span class='ocrx_word' id='word_1_583' title='bbox 691 5602 780 5655; x_wconf 76' lang='grc'><strong>27.</strong></span> 
     </span>
    </p>
   </div>
   <div class='ocr_carea' id='block_1_84' title="bbox 1826 3126 3398 3198">
    <p class='ocr_par' dir='ltr' id='par_1_84' title="bbox 1826 3126 3398 3198">
     <span class='ocr_line' id='line_1_84' title="bbox 1826 3126 3398 3198; baseline 0.002 -18"><span class='ocrx_word' id='word_1_584' title='bbox 1826 3129 1890 3181; x_wconf 92' lang='lat' dir='ltr'><strong>ad</strong></span> <span class='ocrx_word' id='word_1_585' title='bbox 1906 3127 2418 3194; x_wconf 88' lang='lat' dir='ltr'><strong>contemplationem</strong></span> <span class='ocrx_word' id='word_1_586' title='bbox 2442 3126 2946 3198; x_wconf 84' lang='lat' dir='ltr'><strong>assurgere.A_ltera</strong></span> <span class='ocrx_word' id='word_1_587' title='bbox 2976 3126 3108 3179; x_wconf 91' lang='lat' dir='ltr'><strong>mibi</strong></span> <span class='ocrx_word' id='word_1_588' title='bbox 3130 3135 3213 3182; x_wconf 91' lang='lat' dir='ltr'><strong>est</strong></span> <span class='ocrx_word' id='word_1_589' title='bbox 3238 3128 3398 3194; x_wconf 90' lang='lat' dir='ltr'><strong>ratio,</strong></span> 
     </span>
    </p>
   </div>
   <div class='ocr_carea' id='block_1_85' title="bbox 1825 3217 3398 3290">
    <p class='ocr_par' dir='ltr' id='par_1_85' title="bbox 1825 3217 3398 3290">
     <span class='ocr_line' id='line_1_85' title="bbox 1825 3217 3398 3290; baseline 0.001 -17"><span class='ocrx_word' id='word_1_590' title='bbox 1825 3220 1969 3288; x_wconf 88' lang='lat' dir='ltr'><strong>quod</strong></span> <span class='ocrx_word' id='word_1_591' title='bbox 2001 3219 2105 3274; x_wconf 89' lang='lat' dir='ltr'><strong>etsi</strong></span> <span class='ocrx_word' id='word_1_592' title='bbox 2139 3217 2328 3273; x_wconf 89' lang='lat' dir='ltr'><strong>multis</strong></span> <span class='ocrx_word' id='word_1_593' title='bbox 2363 3227 2415 3271; x_wconf 92' lang='lat' dir='ltr'><strong>te</strong></span> <span class='ocrx_word' id='word_1_594' title='bbox 2460 3218 2652 3286; x_wconf 77' lang='lat' dir='ltr'><strong>Opibus</strong></span> <span class='ocrx_word' id='word_1_595' title='bbox 2704 3218 3006 3287; x_wconf 89' lang='lat' dir='ltr'><strong>spoliarunt</strong></span> <span class='ocrx_word' id='word_1_596' title='bbox 3067 3218 3164 3290; x_wconf 89' lang='lat' dir='ltr'><strong>qui</strong></span> <span class='ocrx_word' id='word_1_597' title='bbox 3217 3235 3398 3275; x_wconf 88' lang='lat' dir='ltr'><strong>rerum</strong></span> 
     </span>
    </p>
   </div>
   <div class='ocr_carea' id='block_1_86' title="bbox 1826 3308 3398 3379">
    <p class='ocr_par' dir='ltr' id='par_1_86' title="bbox 1826 3308 3398 3379">
     <span class='ocr_line' id='line_1_86' title="bbox 1826 3308 3398 3379; baseline 0.002 -18"><span class='ocrx_word' id='word_1_598' title='bbox 1826 3310 2152 3378; x_wconf 85' lang='lat' dir='ltr'><strong>potiuntur,</strong></span> <span class='ocrx_word' id='word_1_599' title='bbox 2213 3318 2268 3364; x_wconf 89' lang='lat' dir='ltr'><strong>at</strong></span> <span class='ocrx_word' id='word_1_600' title='bbox 2313 3308 2466 3362; x_wconf 92' lang='lat' dir='ltr'><strong>nullo</strong></span> <span class='ocrx_word' id='word_1_601' title='bbox 2514 3308 2675 3361; x_wconf 88' lang='lat' dir='ltr'><strong>modo</strong></span> <span class='ocrx_word' id='word_1_602' title='bbox 2711 3309 2925 3377; x_wconf 86' lang='lat' dir='ltr'><strong>privare</strong></span> <span class='ocrx_word' id='word_1_603' title='bbox 2978 3318 3029 3364; x_wconf 90' lang='lat' dir='ltr'><strong>te</strong></span> <span class='ocrx_word' id='word_1_604' title='bbox 3091 3311 3398 3379; x_wconf 84' lang='lat' dir='ltr'><strong>preliosiuri</strong></span> 
     </span>
    </p>
   </div>
   <div class='ocr_carea' id='block_1_87' title="bbox 1825 3401 3397 3472">
    <p class='ocr_par' dir='ltr' id='par_1_87' title="bbox 1825 3401 3397 3472">
     <span class='ocr_line' id='line_1_87' title="bbox 1825 3401 3397 3472; baseline 0.002 -18"><span class='ocrx_word' id='word_1_605' title='bbox 1825 3401 2175 3472; x_wconf 81' lang='lat' dir='ltr'><strong>possessione</strong></span> <span class='ocrx_word' id='word_1_606' title='bbox 2203 3410 2513 3470; x_wconf 90' lang='lat' dir='ltr'><strong>potuerunt.</strong></span> <span class='ocrx_word' id='word_1_607' title='bbox 2542 3401 2764 3465; x_wconf 84' lang='lat' dir='ltr'><strong>Qualem</strong></span> <span class='ocrx_word' id='word_1_608' title='bbox 2801 3402 2895 3467; x_wconf 84' lang='lat' dir='ltr'><strong>tibi</strong></span> <span class='ocrx_word' id='word_1_609' title='bbox 2919 3403 3161 3456; x_wconf 63' lang='lat' dir='ltr'><strong>scientia:</strong></span> <span class='ocrx_word' id='word_1_610' title='bbox 3188 3404 3397 3472; x_wconf 80' lang='lat' dir='ltr'><strong>capiam</strong></span> 
     </span>
    </p>
   </div>
   <div class='ocr_carea' id='block_1_88' title="bbox 1826 3493 3397 3564">
    <p class='ocr_par' dir='ltr' id='par_1_88' title="bbox 1826 3493 3397 3564">
     <span class='ocr_line' id='line_1_88' title="bbox 1826 3493 3397 3564; baseline 0.001 -18"><span class='ocrx_word' id='word_1_611' title='bbox 1826 3493 2042 3546; x_wconf 84' lang='lat' dir='ltr'><strong>donarit</strong></span> <span class='ocrx_word' id='word_1_612' title='bbox 2067 3493 2229 3558; x_wconf 86' lang='lat' dir='ltr'><strong>Deus,</strong></span> <span class='ocrx_word' id='word_1_613' title='bbox 2259 3509 2442 3546; x_wconf 92' lang='lat' dir='ltr'><strong>annon</strong></span> <span class='ocrx_word' id='word_1_614' title='bbox 2477 3494 2645 3558; x_wconf 87' lang='lat' dir='ltr'><strong>vides,</strong></span> <span class='ocrx_word' id='word_1_615' title='bbox 2676 3501 2730 3546; x_wconf 88' lang='lat' dir='ltr'><strong>et</strong></span> <span class='ocrx_word' id='word_1_616' title='bbox 2760 3494 2962 3562; x_wconf 80' lang='lat' dir='ltr'><strong>gratias</strong></span> <span class='ocrx_word' id='word_1_617' title='bbox 2999 3493 3158 3561; x_wconf 85' lang='lat' dir='ltr'><strong>agis?</strong></span> <span class='ocrx_word' id='word_1_618' title='bbox 3184 3495 3397 3564; x_wconf 87' lang='lat' dir='ltr'><strong>qualem</strong></span> 
     </span>
    </p>
   </div>
   <div class='ocr_carea' id='block_1_89' title="bbox 1828 3584 3402 3654">
    <p class='ocr_par' dir='ltr' id='par_1_89' title="bbox 1828 3584 3402 3654">
     <span class='ocr_line' id='line_1_89' title="bbox 1828 3584 3402 3654; baseline 0.001 -17"><span class='ocrx_word' id='word_1_619' title='bbox 1828 3584 2110 3654; x_wconf 77' lang='lat' dir='ltr'><strong>linguam?</strong></span> <span class='ocrx_word' id='word_1_620' title='bbox 2144 3600 2210 3638; x_wconf 79' lang='lat' dir='ltr'><strong>ex</strong></span> <span class='ocrx_word' id='word_1_621' title='bbox 2236 3600 2346 3654; x_wconf 87' lang='lat' dir='ltr'><strong>qtta</strong></span> <span class='ocrx_word' id='word_1_622' title='bbox 2374 3593 2631 3654; x_wconf 86' lang='lat' dir='ltr'><strong>tanquam</strong></span> <span class='ocrx_word' id='word_1_623' title='bbox 2661 3600 2724 3638; x_wconf 79' lang='lat' dir='ltr'><strong>ex</strong></span> <span class='ocrx_word' id='word_1_624' title='bbox 2752 3585 2947 3640; x_wconf 82' lang='lat' dir='ltr'><strong>abditis</strong></span> <span class='ocrx_word' id='word_1_625' title='bbox 2968 3587 3147 3639; x_wconf 89' lang='lat' dir='ltr'><strong>cordis</strong></span> <span class='ocrx_word' id='word_1_626' title='bbox 3185 3586 3402 3639; x_wconf 83' lang='lat' dir='ltr'><strong>thesau-</strong></span> 
     </span>
    </p>
   </div>
   <div class='ocr_carea' id='block_1_90' title="bbox 1826 3676 3402 3748">
    <p class='ocr_par' dir='ltr' id='par_1_90' title="bbox 1826 3676 3402 3748">
     <span class='ocr_line' id='line_1_90' title="bbox 1826 3676 3402 3748; baseline 0.004 -18"><span class='ocrx_word' id='word_1_627' title='bbox 1826 3677 1905 3730; x_wconf 85' lang='lat' dir='ltr'><strong>ris</strong></span> <span class='ocrx_word' id='word_1_628' title='bbox 1938 3677 2081 3731; x_wconf 85' lang='lat' dir='ltr'><strong>dicta</strong></span> <span class='ocrx_word' id='word_1_629' title='bbox 2108 3687 2161 3730; x_wconf 91' lang='lat' dir='ltr'><strong>et</strong></span> <span class='ocrx_word' id='word_1_630' title='bbox 2181 3678 2416 3747; x_wconf 81' lang='lat' dir='ltr'><strong>cogitata</strong></span> <span class='ocrx_word' id='word_1_631' title='bbox 2453 3676 2666 3747; x_wconf 82' lang='lat' dir='ltr'><strong>profers</strong></span> <span class='ocrx_word' id='word_1_632' title='bbox 2689 3693 2852 3746; x_wconf 88' lang='lat' dir='ltr'><strong>quam</strong></span> <span class='ocrx_word' id='word_1_633' title='bbox 2886 3679 3122 3730; x_wconf 84' lang='lat' dir='ltr'><strong>maxime</strong></span> <span class='ocrx_word' id='word_1_634' title='bbox 3140 3679 3402 3748; x_wconf 77' lang='lat' dir='ltr'><strong>gratuita.</strong></span> 
     </span>
    </p>
   </div>
   <div class='ocr_carea' id='block_1_91' title="bbox 1836 3765 3406 3845">
    <p class='ocr_par' dir='ltr' id='par_1_91' title="bbox 1836 3765 3406 3845">
     <span class='ocr_line' id='line_1_91' title="bbox 1836 3765 3406 3845; baseline 0.008 -26"><span class='ocrx_word' id='word_1_635' title='bbox 1836 3765 1948 3821; x_wconf 86' lang='lat' dir='ltr'><strong>Hoc</strong></span> <span class='ocrx_word' id='word_1_636' title='bbox 1996 3769 2155 3834; x_wconf 76' lang='lat' dir='ltr'><strong>longe</strong></span> <span class='ocrx_word' id='word_1_637' title='bbox 2194 3768 2744 3837; x_wconf 70' lang='lat' dir='ltr'><strong>prwstantissimum,</strong></span> <span class='ocrx_word' id='word_1_638' title='bbox 2791 3777 2846 3822; x_wconf 87' lang='lat' dir='ltr'><strong>et</strong></span> <span class='ocrx_word' id='word_1_639' title='bbox 2891 3770 3150 3829; x_wconf 85' lang='lat' dir='ltr'><strong>omnibus</strong></span> <span class='ocrx_word' id='word_1_640' title='bbox 3211 3775 3406 3845; x_wconf 87' lang='lat' dir='ltr'><strong>opibus</strong></span> 
     </span>
    </p>
   </div>
   <div class='ocr_carea' id='block_1_92' title="bbox 1827 3859 3405 3935">
    <p class='ocr_par' dir='ltr' id='par_1_92' title="bbox 1827 3859 3405 3935">
     <span class='ocr_line' id='line_1_92' title="bbox 1827 3859 3405 3935; baseline 0.005 -23"><span class='ocrx_word' id='word_1_641' title='bbox 1827 3859 2172 3928; x_wconf 84' lang='lat' dir='ltr'><strong>opulentius,</strong></span> <span class='ocrx_word' id='word_1_642' title='bbox 2238 3869 2292 3913; x_wconf 88' lang='lat' dir='ltr'><strong>et</strong></span> <span class='ocrx_word' id='word_1_643' title='bbox 2345 3875 2527 3914; x_wconf 86' lang='lat' dir='ltr'><strong>rerum</strong></span> <span class='ocrx_word' id='word_1_644' title='bbox 2583 3861 2827 3915; x_wconf 87' lang='lat' dir='ltr'><strong>omnium</strong></span> <span class='ocrx_word' id='word_1_645' title='bbox 2874 3864 3032 3932; x_wconf 80' lang='lat' dir='ltr'><strong>copia</strong></span> <span class='ocrx_word' id='word_1_646' title='bbox 3086 3867 3405 3935; x_wconf 88' lang='lat' dir='ltr'><strong>copiosius:</strong></span> 
     </span>
    </p>
   </div>
   <div class='ocr_carea' id='block_1_93' title="bbox 1828 3951 3407 4028">
    <p class='ocr_par' dir='ltr' id='par_1_93' title="bbox 1828 3951 3407 4028">
     <span class='ocr_line' id='line_1_93' title="bbox 1828 3951 3407 4028; baseline 0.008 -27"><span class='ocrx_word' id='word_1_647' title='bbox 1828 3951 1974 4020; x_wconf 81' lang='lat' dir='ltr'><strong>quod</strong></span> <span class='ocrx_word' id='word_1_648' title='bbox 2035 3954 2127 4021; x_wconf 91' lang='lat' dir='ltr'><strong>qui</strong></span> <span class='ocrx_word' id='word_1_649' title='bbox 2202 3953 2476 4022; x_wconf 88' lang='lat' dir='ltr'><strong>possideat</strong></span> <span class='ocrx_word' id='word_1_650' title='bbox 2527 3953 2980 4024; x_wconf 79' lang='lat' dir='ltr'><strong>locupletissimis</strong></span> <span class='ocrx_word' id='word_1_651' title='bbox 3041 3959 3407 4028; x_wconf 58' lang='lat' dir='ltr'><strong>praeferendus</strong></span> 
     </span>
    </p>
   </div>
   <div class='ocr_carea' id='block_1_94' title="bbox 1828 4044 3408 4118">
    <p class='ocr_par' dir='ltr' id='par_1_94' title="bbox 1828 4044 3408 4118">
     <span class='ocr_line' id='line_1_94' title="bbox 1828 4044 3408 4118; baseline 0.006 -24"><span class='ocrx_word' id='word_1_652' title='bbox 1828 4053 1950 4107; x_wconf 83' lang='lat' dir='ltr'><strong>est,</strong></span> <span class='ocrx_word' id='word_1_653' title='bbox 2003 4044 2212 4112; x_wconf 87' lang='lat' dir='ltr'><strong>judicio</strong></span> <span class='ocrx_word' id='word_1_654' title='bbox 2261 4044 2610 4113; x_wconf 87' lang='lat' dir='ltr'><strong>sapientum,</strong></span> <span class='ocrx_word' id='word_1_655' title='bbox 2673 4047 2886 4101; x_wconf 86' lang='lat' dir='ltr'><strong>etiamsi</strong></span> <span class='ocrx_word' id='word_1_656' title='bbox 2957 4051 3264 4118; x_wconf 83' lang='lat' dir='ltr'><strong>panniculis</strong></span> <span class='ocrx_word' id='word_1_657' title='bbox 3319 4051 3408 4103; x_wconf 90' lang='lat' dir='ltr'><strong>in-</strong></span> 
     </span>
    </p>
   </div>
   <div class='ocr_carea' id='block_1_95' title="bbox 1828 4135 3407 4213">
    <p class='ocr_par' dir='ltr' id='par_1_95' title="bbox 1828 4135 3407 4213">
     <span class='ocr_line' id='line_1_95' title="bbox 1828 4135 3407 4213; baseline 0.004 -24"><span class='ocrx_word' id='word_1_658' title='bbox 1828 4135 2046 4190; x_wconf 88' lang='lat' dir='ltr'><strong>duatur.</strong></span> <span class='ocrx_word' id='word_1_659' title='bbox 2112 4136 2176 4189; x_wconf 81' lang='lat' dir='ltr'><strong>Et</strong></span> <span class='ocrx_word' id='word_1_660' title='bbox 2228 4136 2334 4191; x_wconf 90' lang='lat' dir='ltr'><strong>hoc</strong></span> <span class='ocrx_word' id='word_1_661' title='bbox 2399 4139 2619 4208; x_wconf 92' lang='lat' dir='ltr'><strong>quidem</strong></span> <span class='ocrx_word' id='word_1_662' title='bbox 2678 4140 3079 4195; x_wconf 83' lang='lat' dir='ltr'><strong>demonstravit</strong></span> <span class='ocrx_word' id='word_1_663' title='bbox 3133 4143 3407 4213; x_wconf 89' lang='lat' dir='ltr'><strong>jnstorum</strong></span> 
     </span>
    </p>
   </div>
   <div class='ocr_carea' id='block_1_96' title="bbox 1829 4227 3409 4304">
    <p class='ocr_par' dir='ltr' id='par_1_96' title="bbox 1829 4227 3409 4304">
     <span class='ocr_line' id='line_1_96' title="bbox 1829 4227 3409 4304; baseline 0.006 -24"><span class='ocrx_word' id='word_1_664' title='bbox 1829 4228 2032 4282; x_wconf 88' lang='lat' dir='ltr'><strong>chorus</strong></span> <span class='ocrx_word' id='word_1_665' title='bbox 2093 4227 2584 4283; x_wconf 79' lang='lat' dir='ltr'><strong>universuszinter</strong></span> <span class='ocrx_word' id='word_1_666' title='bbox 2632 4242 2928 4286; x_wconf 79' lang='lat' dir='ltr'><strong>extraneos</strong></span> <span class='ocrx_word' id='word_1_667' title='bbox 2964 4243 3145 4287; x_wconf 88' lang='lat' dir='ltr'><strong>autem</strong></span> <span class='ocrx_word' id='word_1_668' title='bbox 3193 4233 3409 4304; x_wconf 83' lang='lat' dir='ltr'><strong>Ulysses</strong></span> 
     </span>
    </p>
   </div>
   <div class='ocr_carea' id='block_1_97' title="bbox 1830 4319 3410 4395">
    <p class='ocr_par' dir='ltr' id='par_1_97' title="bbox 1830 4319 3410 4395">
     <span class='ocr_line' id='line_1_97' title="bbox 1830 4319 3410 4395; baseline 0.005 -23"><span class='ocrx_word' id='word_1_669' title='bbox 1830 4319 1948 4384; x_wconf 88' lang='lat' dir='ltr'><strong>ille,</strong></span> <span class='ocrx_word' id='word_1_670' title='bbox 1989 4320 2082 4389; x_wconf 89' lang='lat' dir='ltr'><strong>qui</strong></span> <span class='ocrx_word' id='word_1_671' title='bbox 2149 4331 2269 4389; x_wconf 88' lang='lat' dir='ltr'><strong>post</strong></span> <span class='ocrx_word' id='word_1_672' title='bbox 2324 4322 2666 4392; x_wconf 78' lang='lat' dir='ltr'><strong>naufragium</strong></span> <span class='ocrx_word' id='word_1_673' title='bbox 2707 4325 3027 4393; x_wconf 81' lang='lat' dir='ltr'><strong>spoliatnsa</strong></span> <span class='ocrx_word' id='word_1_674' title='bbox 3070 4327 3256 4395; x_wconf 80' lang='lat' dir='ltr'><strong>regina</strong></span> <span class='ocrx_word' id='word_1_675' title='bbox 3281 4340 3410 4380; x_wconf 87' lang='lat' dir='ltr'><strong>cnn-</strong></span> 
     </span>
    </p>
   </div>
   <div class='ocr_carea' id='block_1_98' title="bbox 1759 4417 2192 4482">
    <p class='ocr_par' dir='ltr' id='par_1_98' title="bbox 1759 4417 2192 4482">
     <span class='ocr_line' id='line_1_98' title="bbox 1759 4417 2192 4482; baseline 0.007 -17"><span class='ocrx_word' id='word_1_676' title='bbox 1759 4417 1804 4471; x_wconf 91' lang='lat' dir='ltr'><strong>l)</strong></span> <span class='ocrx_word' id='word_1_677' title='bbox 1836 4422 2054 4482; x_wconf 85' lang='lat' dir='ltr'><strong>spectus</strong></span> <span class='ocrx_word' id='word_1_678' title='bbox 2087 4425 2192 4468; x_wconf 92' lang='lat' dir='ltr'><strong>est.</strong></span> 
     </span>
    </p>
   </div>
   <div class='ocr_carea' id='block_1_99' title="bbox 1906 4507 3408 4580">
    <p class='ocr_par' dir='ltr' id='par_1_99' title="bbox 1906 4507 3408 4580">
     <span class='ocr_line' id='line_1_99' title="bbox 1906 4507 3408 4580; baseline 0.005 -21"><span class='ocrx_word' id='word_1_679' title='bbox 1906 4507 2103 4559; x_wconf 82' lang='lat' dir='ltr'><strong>Verum</strong></span> <span class='ocrx_word' id='word_1_680' title='bbox 2134 4507 2200 4561; x_wconf 87' lang='lat' dir='ltr'><strong>ad</strong></span> <span class='ocrx_word' id='word_1_681' title='bbox 2253 4508 2781 4580; x_wconf 81' lang='lat' dir='ltr'><strong>interrogationuem</strong></span> <span class='ocrx_word' id='word_1_682' title='bbox 2825 4521 2973 4563; x_wconf 81' lang='lat' dir='ltr'><strong>tuam</strong></span> <span class='ocrx_word' id='word_1_683' title='bbox 3041 4511 3408 4566; x_wconf 83' lang='lat' dir='ltr'><strong>convertenda</strong></span> 
     </span>
    </p>
   </div>
   <div class='ocr_carea' id='block_1_100' title="bbox 1829 4598 3405 4670">
    <p class='ocr_par' dir='ltr' id='par_1_100' title="bbox 1829 4598 3405 4670">
     <span class='ocr_line' id='line_1_100' title="bbox 1829 4598 3405 4670; baseline 0.002 -18"><span class='ocrx_word' id='word_1_684' title='bbox 1829 4607 1912 4652; x_wconf 89' lang='lat' dir='ltr'><strong>est</strong></span> <span class='ocrx_word' id='word_1_685' title='bbox 1936 4598 2138 4652; x_wconf 90' lang='lat' dir='ltr'><strong>oratio.</strong></span> <span class='ocrx_word' id='word_1_686' title='bbox 2194 4598 2342 4654; x_wconf 85' lang='lat' dir='ltr'><strong>Licet</strong></span> <span class='ocrx_word' id='word_1_687' title='bbox 2367 4616 2461 4670; x_wconf 89' lang='lat' dir='ltr'><strong>per</strong></span> <span class='ocrx_word' id='word_1_688' title='bbox 2501 4610 2553 4654; x_wconf 92' lang='lat' dir='ltr'><strong>te</strong></span> <span class='ocrx_word' id='word_1_689' title='bbox 2579 4603 2736 4656; x_wconf 88' lang='lat' dir='ltr'><strong>noris</strong></span> <span class='ocrx_word' id='word_1_690' title='bbox 2765 4603 2879 4670; x_wconf 87' lang='lat' dir='ltr'><strong>ipse</strong></span> <span class='ocrx_word' id='word_1_691' title='bbox 2903 4601 3033 4669; x_wconf 87' lang='lat' dir='ltr'><strong>quid</strong></span> <span class='ocrx_word' id='word_1_692' title='bbox 3069 4611 3275 4654; x_wconf 89' lang='lat' dir='ltr'><strong>rectum</strong></span> <span class='ocrx_word' id='word_1_693' title='bbox 3314 4605 3405 4662; x_wconf 89' lang='lat' dir='ltr'><strong>sit,</strong></span> 
     </span>
    </p>
   </div>
   <div class='ocr_carea' id='block_1_101' title="bbox 1830 4691 3409 4761">
    <p class='ocr_par' dir='ltr' id='par_1_101' title="bbox 1830 4691 3409 4761">
     <span class='ocr_line' id='line_1_101' title="bbox 1830 4691 3409 4761; baseline 0.002 -17"><span class='ocrx_word' id='word_1_694' title='bbox 1830 4691 2030 4760; x_wconf 65' lang='lat' dir='ltr'><strong>quaeris</strong></span> <span class='ocrx_word' id='word_1_695' title='bbox 2070 4707 2097 4744; x_wconf 88' lang='lat' dir='ltr'><strong>a</strong></span> <span class='ocrx_word' id='word_1_696' title='bbox 2132 4691 2290 4745; x_wconf 89' lang='lat' dir='ltr'><strong>nobis</strong></span> <span class='ocrx_word' id='word_1_697' title='bbox 2324 4691 2613 4746; x_wconf 87' lang='lat' dir='ltr'><strong>ineruditis</strong></span> <span class='ocrx_word' id='word_1_698' title='bbox 2669 4692 2904 4747; x_wconf 82' lang='lat' dir='ltr'><strong>edoceri.</strong></span> <span class='ocrx_word' id='word_1_699' title='bbox 2958 4692 3034 4746; x_wconf 82' lang='lat' dir='ltr'><strong>Ex</strong></span> <span class='ocrx_word' id='word_1_700' title='bbox 3101 4707 3207 4746; x_wconf 92' lang='lat' dir='ltr'><strong>una</strong></span> <span class='ocrx_word' id='word_1_701' title='bbox 3255 4704 3409 4761; x_wconf 88' lang='lat' dir='ltr'><strong>parte</strong></span> 
     </span>
    </p>
   </div>
   <div class='ocr_carea' id='block_1_102' title="bbox 1831 4786 3406 4854">
    <p class='ocr_par' dir='ltr' id='par_1_102' title="bbox 1831 4786 3406 4854">
     <span class='ocr_line' id='line_1_102' title="bbox 1831 4786 3406 4854; baseline 0.001 -15"><span class='ocrx_word' id='word_1_702' title='bbox 1831 4786 1995 4849; x_wconf 88' lang='lat' dir='ltr'><strong>ratio,</strong></span> <span class='ocrx_word' id='word_1_703' title='bbox 2030 4798 2086 4838; x_wconf 91' lang='lat' dir='ltr'><strong>ut</strong></span> <span class='ocrx_word' id='word_1_704' title='bbox 2113 4786 2214 4851; x_wconf 85' lang='lat' dir='ltr'><strong>ais,</strong></span> <span class='ocrx_word' id='word_1_705' title='bbox 2252 4794 2302 4839; x_wconf 90' lang='lat' dir='ltr'><strong>te</strong></span> <span class='ocrx_word' id='word_1_706' title='bbox 2330 4797 2594 4854; x_wconf 87' lang='lat' dir='ltr'><strong>provocat</strong></span> <span class='ocrx_word' id='word_1_707' title='bbox 2647 4787 2710 4840; x_wconf 90' lang='lat' dir='ltr'><strong>ad</strong></span> <span class='ocrx_word' id='word_1_708' title='bbox 2759 4787 3098 4853; x_wconf 83' lang='lat' dir='ltr'><strong>orationem;</strong></span> <span class='ocrx_word' id='word_1_709' title='bbox 3141 4801 3206 4839; x_wconf 80' lang='lat' dir='ltr'><strong>ex</strong></span> <span class='ocrx_word' id='word_1_710' title='bbox 3238 4787 3406 4840; x_wconf 85' lang='lat' dir='ltr'><strong>altera</strong></span> 
     </span>
    </p>
   </div>
   <div class='ocr_carea' id='block_1_103' title="bbox 1835 4879 3403 4948">
    <p class='ocr_par' dir='ltr' id='par_1_103' title="bbox 1835 4879 3403 4948">
     <span class='ocr_line' id='line_1_103' title="bbox 1835 4879 3403 4948; baseline -0.001 -16"><span class='ocrx_word' id='word_1_711' title='bbox 1835 4879 2062 4944; x_wconf 84' lang='lat' dir='ltr'><strong>inhibet,</strong></span> <span class='ocrx_word' id='word_1_712' title='bbox 2096 4889 2353 4948; x_wconf 86' lang='lat' dir='ltr'><strong>tanquam</strong></span> <span class='ocrx_word' id='word_1_713' title='bbox 2389 4881 2600 4935; x_wconf 90' lang='lat' dir='ltr'><strong>sciente</strong></span> <span class='ocrx_word' id='word_1_714' title='bbox 2643 4881 2752 4933; x_wconf 88' lang='lat' dir='ltr'><strong>Deo</strong></span> <span class='ocrx_word' id='word_1_715' title='bbox 2772 4880 2900 4948; x_wconf 93' lang='lat' dir='ltr'><strong>quid</strong></span> <span class='ocrx_word' id='word_1_716' title='bbox 2925 4890 3105 4948; x_wconf 88' lang='lat' dir='ltr'><strong>petere</strong></span> <span class='ocrx_word' id='word_1_717' title='bbox 3136 4879 3364 4932; x_wconf 88' lang='lat' dir='ltr'><strong>velimus</strong></span> <span class='ocrx_word' id='word_1_718' title='bbox 3393 4897 3403 4930; x_wconf 96' lang='lat'>:</span> 
     </span>
    </p>
   </div>
   <div class='ocr_carea' id='block_1_104' title="bbox 1837 4969 3408 5039">
    <p class='ocr_par' dir='ltr' id='par_1_104' title="bbox 1837 4969 3408 5039">
     <span class='ocr_line' id='line_1_104' title="bbox 1837 4969 3408 5039; baseline -0.001 -15"><span class='ocrx_word' id='word_1_719' title='bbox 1837 4981 1894 5024; x_wconf 93' lang='lat' dir='ltr'><strong>ut</strong></span> <span class='ocrx_word' id='word_1_720' title='bbox 1931 4971 2155 5038; x_wconf 88' lang='lat' dir='ltr'><strong>proinde</strong></span> <span class='ocrx_word' id='word_1_721' title='bbox 2200 4986 2665 5039; x_wconf 88' lang='lat' dir='ltr'><strong>supervacaneum</strong></span> <span class='ocrx_word' id='word_1_722' title='bbox 2696 4972 2762 5025; x_wconf 87' lang='lat' dir='ltr'><strong>sit</strong></span> <span class='ocrx_word' id='word_1_723' title='bbox 2793 4986 2970 5024; x_wconf 89' lang='lat' dir='ltr'><strong>orare.</strong></span> <span class='ocrx_word' id='word_1_724' title='bbox 3018 4970 3097 5023; x_wconf 82' lang='lat' dir='ltr'><strong>Ad</strong></span> <span class='ocrx_word' id='word_1_725' title='bbox 3123 4970 3236 5023; x_wconf 67' lang='lat' dir='ltr'><strong>haec</strong></span> <span class='ocrx_word' id='word_1_726' title='bbox 3280 4969 3408 5038; x_wconf 89' lang='lat' dir='ltr'><strong>quia</strong></span> 
     </span>
    </p>
   </div>
   <div class='ocr_carea' id='block_1_105' title="bbox 1838 5061 3406 5133">
    <p class='ocr_par' dir='ltr' id='par_1_105' title="bbox 1838 5061 3406 5133">
     <span class='ocr_line' id='line_1_105' title="bbox 1838 5061 3406 5133; baseline -0.001 -17"><span class='ocrx_word' id='word_1_727' title='bbox 1838 5074 2090 5133; x_wconf 88' lang='lat' dir='ltr'><strong>peccator</strong></span> <span class='ocrx_word' id='word_1_728' title='bbox 2120 5078 2200 5128; x_wconf 89' lang='lat' dir='ltr'><strong>es,</strong></span> <span class='ocrx_word' id='word_1_729' title='bbox 2229 5065 2362 5117; x_wconf 83' lang='lat' dir='ltr'><strong>nihil</strong></span> <span class='ocrx_word' id='word_1_730' title='bbox 2398 5066 2555 5133; x_wconf 78' lang='lat' dir='ltr'><strong>juvat</strong></span> <span class='ocrx_word' id='word_1_731' title='bbox 2581 5079 2769 5129; x_wconf 87' lang='lat' dir='ltr'><strong>orare;</strong></span> <span class='ocrx_word' id='word_1_732' title='bbox 2821 5079 2884 5116; x_wconf 88' lang='lat' dir='ltr'><strong>ac</strong></span> <span class='ocrx_word' id='word_1_733' title='bbox 2921 5063 3139 5116; x_wconf 88' lang='lat' dir='ltr'><strong>demum</strong></span> <span class='ocrx_word' id='word_1_734' title='bbox 3189 5061 3234 5114; x_wconf 89' lang='lat' dir='ltr'><strong>si</strong></span> <span class='ocrx_word' id='word_1_735' title='bbox 3277 5061 3406 5129; x_wconf 90' lang='lat' dir='ltr'><strong>quid</strong></span> 
     </span>
    </p>
   </div>
   <div class='ocr_carea' id='block_1_106' title="bbox 1839 5153 3410 5226">
    <p class='ocr_par' dir='ltr' id='par_1_106' title="bbox 1839 5153 3410 5226">
     <span class='ocr_line' id='line_1_106' title="bbox 1839 5153 3410 5226; baseline 0 -18"><span class='ocrx_word' id='word_1_736' title='bbox 1839 5156 1984 5209; x_wconf 88' lang='lat' dir='ltr'><strong>aliud</strong></span> <span class='ocrx_word' id='word_1_737' title='bbox 2025 5156 2215 5209; x_wconf 73' lang='lat' dir='ltr'><strong>littera:</strong></span> <span class='ocrx_word' id='word_1_738' title='bbox 2247 5156 2669 5226; x_wconf 81' lang='lat' dir='ltr'><strong>signiﬁcabant;</strong></span> <span class='ocrx_word' id='word_1_739' title='bbox 2713 5170 2887 5224; x_wconf 85' lang='lat' dir='ltr'><strong>neque</strong></span> <span class='ocrx_word' id='word_1_740' title='bbox 2923 5156 3069 5208; x_wconf 90' lang='lat' dir='ltr'><strong>enim</strong></span> <span class='ocrx_word' id='word_1_741' title='bbox 3109 5153 3175 5206; x_wconf 87' lang='lat' dir='ltr'><strong>ad</strong></span> <span class='ocrx_word' id='word_1_742' title='bbox 3214 5167 3410 5208; x_wconf 89' lang='lat' dir='ltr'><strong>manus</strong></span> 
     </span>
    </p>
   </div>
   <div class='ocr_carea' id='block_1_107' title="bbox 1833 5244 3412 5319">
    <p class='ocr_par' dir='ltr' id='par_1_107' title="bbox 1833 5244 3412 5319">
     <span class='ocr_line' id='line_1_107' title="bbox 1833 5244 3412 5319; baseline -0.001 -19"><span class='ocrx_word' id='word_1_743' title='bbox 1833 5257 2008 5301; x_wconf 86' lang='lat' dir='ltr'><strong>erant.</strong></span> <span class='ocrx_word' id='word_1_744' title='bbox 2054 5248 2195 5312; x_wconf 88' lang='lat' dir='ltr'><strong>Quid</strong></span> <span class='ocrx_word' id='word_1_745' title='bbox 2231 5250 2282 5301; x_wconf 89' lang='lat' dir='ltr'><strong>in</strong></span> <span class='ocrx_word' id='word_1_746' title='bbox 2321 5249 2407 5305; x_wconf 85' lang='lat' dir='ltr'><strong>his</strong></span> <span class='ocrx_word' id='word_1_747' title='bbox 2438 5266 2567 5319; x_wconf 77' lang='lat' dir='ltr'><strong>ergo</strong></span> <span class='ocrx_word' id='word_1_748' title='bbox 2605 5248 2893 5303; x_wconf 90' lang='lat' dir='ltr'><strong>dicendum</strong></span> <span class='ocrx_word' id='word_1_749' title='bbox 2937 5245 3238 5314; x_wconf 84' lang='lat' dir='ltr'><strong>est?Quod</strong></span> <span class='ocrx_word' id='word_1_750' title='bbox 3297 5244 3412 5298; x_wconf 87' lang='lat' dir='ltr'><strong>l&#39;or-</strong></span> 
     </span>
    </p>
   </div>
   <div class='ocr_carea' id='block_1_108' title="bbox 1836 5335 3408 5406">
    <p class='ocr_par' dir='ltr' id='par_1_108' title="bbox 1836 5335 3408 5406">
     <span class='ocr_line' id='line_1_108' title="bbox 1836 5335 3408 5406; baseline 0 -17"><span class='ocrx_word' id='word_1_751' title='bbox 1836 5346 1980 5390; x_wconf 64' lang='lat' dir='ltr'><strong>tuna:</strong></span> <span class='ocrx_word' id='word_1_752' title='bbox 2024 5347 2078 5390; x_wconf 91' lang='lat' dir='ltr'><strong>et</strong></span> <span class='ocrx_word' id='word_1_753' title='bbox 2106 5337 2199 5391; x_wconf 80' lang='lat' dir='ltr'><strong>l‘ati</strong></span> <span class='ocrx_word' id='word_1_754' title='bbox 2230 5339 2684 5406; x_wconf 81' lang='lat' dir='ltr'><strong>signiﬁcationem</strong></span> <span class='ocrx_word' id='word_1_755' title='bbox 2741 5338 2937 5392; x_wconf 88' lang='lat' dir='ltr'><strong>habeat</strong></span> <span class='ocrx_word' id='word_1_756' title='bbox 2979 5338 3093 5392; x_wconf 64' lang='lat' dir='ltr'><strong>haec</strong></span> <span class='ocrx_word' id='word_1_757' title='bbox 3131 5335 3408 5405; x_wconf 84' lang='lat' dir='ltr'><strong>cegilatio,</strong></span> 
     </span>
    </p>
   </div>
   <div class='ocr_carea' id='block_1_109' title="bbox 1837 5429 3409 5497">
    <p class='ocr_par' dir='ltr' id='par_1_109' title="bbox 1837 5429 3409 5497">
     <span class='ocr_line' id='line_1_109' title="bbox 1837 5429 3409 5497; baseline 0.003 -16"><span class='ocrx_word' id='word_1_758' title='bbox 1837 5439 2020 5496; x_wconf 87' lang='lat' dir='ltr'><strong>atque,</strong></span> <span class='ocrx_word' id='word_1_759' title='bbox 2055 5438 2114 5483; x_wconf 91' lang='lat' dir='ltr'><strong>ut</strong></span> <span class='ocrx_word' id='word_1_760' title='bbox 2154 5438 2330 5485; x_wconf 86' lang='lat' dir='ltr'><strong>totum</strong></span> <span class='ocrx_word' id='word_1_761' title='bbox 2363 5433 2596 5497; x_wconf 86' lang='lat' dir='ltr'><strong>dicatur,</strong></span> <span class='ocrx_word' id='word_1_762' title='bbox 2626 5431 2776 5486; x_wconf 89' lang='lat' dir='ltr'><strong>liberi</strong></span> <span class='ocrx_word' id='word_1_763' title='bbox 2815 5430 3021 5486; x_wconf 86' lang='lat' dir='ltr'><strong>arbitrii</strong></span> <span class='ocrx_word' id='word_1_764' title='bbox 3049 5429 3409 5485; x_wconf 86' lang='lat' dir='ltr'><strong>eversionem.</strong></span> 
     </span>
    </p>
   </div>
   <div class='ocr_carea' id='block_1_110' title="bbox 1661 5688 1890 5745">
    <p class='ocr_par' dir='ltr' id='par_1_110' title="bbox 1661 5688 1890 5745">
     <span class='ocr_line' id='line_1_110' title="bbox 1661 5688 1890 5745; baseline -0.004 -2"><span class='ocrx_word' id='word_1_765' title='bbox 1661 5688 1890 5745; x_wconf 55' lang='lat' dir='ltr'><strong>NO&#39;I&#39;A‘I.</strong></span> 
     </span>
    </p>
   </div>
   <div class='ocr_carea' id='block_1_111' title="bbox 246 5806 938 5900">
    <p class='ocr_par' dir='ltr' id='par_1_111' title="bbox 246 5806 938 5900">
     <span class='ocr_line' id='line_1_111' title="bbox 246 5806 938 5900; baseline 0.035 -27"><span class='ocrx_word' id='word_1_766' title='bbox 246 5806 354 5894; x_wconf 75' lang='lat'><strong>(87)</strong></span> <span class='ocrx_word' id='word_1_767' title='bbox 379 5824 439 5884; x_wconf 89' lang='lat' dir='ltr'><strong>In</strong></span> <span class='ocrx_word' id='word_1_768' title='bbox 471 5829 590 5884; x_wconf 91' lang='lat' dir='ltr'><strong>cod.</strong></span> <span class='ocrx_word' id='word_1_769' title='bbox 625 5827 756 5898; x_wconf 73' lang='lat' dir='ltr'><strong>Reg.</strong></span> <span class='ocrx_word' id='word_1_770' title='bbox 797 5836 938 5900; x_wconf 62' lang='grc' dir='ltr'><strong>(ιι.ῑό</strong></span> 
     </span>
    </p>
   </div>
   <div class='ocr_carea' id='block_1_112' title="bbox 1909 5826 2350 5899">
    <p class='ocr_par' dir='ltr' id='par_1_112' title="bbox 1909 5826 2350 5899">
     <span class='ocr_line' id='line_1_112' title="bbox 1909 5826 2350 5899; baseline 0.016 -20"><span class='ocrx_word' id='word_1_771' title='bbox 1909 5827 1979 5895; x_wconf 55' lang='grc' dir='ltr'><strong>β)</strong></span> <span class='ocrx_word' id='word_1_772' title='bbox 2012 5826 2350 5899; x_wconf 77' lang='lat' dir='ltr'><strong>Dogmatica.</strong></span> 
     </span>
    </p>
   </div>
  </div>
