3976 6322
546 378 673 443 ῐ587

1768 383 1829 441 S.
1882 381 2268 442 THEODORI
2311 382 2659 441 STUDIT/E

3737 384 3869 447 1553

542 496 752 552 Idcirco
822 495 950 551 huic
1003 494 1246 565 opinioni
1296 495 1574 550 adhaerere
1629 511 1726 550 nos
1764 507 1998 567 oportet,
2049 498 2141 566 qui

2259 493 2475 556 Ξῐανοια,
2502 494 2617 557 καὶ,
2645 493 2708 547 τὸ
2727 494 2847 548 ὅλον
2874 495 3070 558 εἰπεῖν,
3104 495 3200 549 τοῦ
3233 494 3625 562 αὐτεξουσὶου
3644 498 3870 570 ἀναίρε-

544 590 843 662 prudentes
899 605 1116 647 sumus.
1174 598 1228 642 et
1276 587 1367 642 Dei
1412 589 1725 658 cognitione
1784 589 2139 659 locupletati;

546 685 671 751 sed,
698 682 842 753 quod
875 682 1170 737 secundam
1198 681 1621 750 prapositionem
1672 686 1885 741 attinet.
1916 698 2144 752 persua-

545 794 667 832 sum
703 777 924 839 habere,
974 777 1136 830 etiam
1183 785 1518 845 peceatores,
1561 776 1768 846 Optima
1824 776 2141 846 poenitentia

548 879 787 931 utentes,
815 869 991 923 audiri
1025 885 1054 922 a
1084 868 1212 922 Deo.
1247 866 1371 933 Quo
1400 868 1547 922 enim
1592 882 1775 934 pacto,
1808 886 1933 923 cum
1978 885 2143 938 super

546 962 938 1031 paenitentibus
961 960 1211 1029 gaudeat,
1239 950 1391 1029 juxta
1412 958 1592 1014 divina
1621 968 1842 1016 oracula
1862 964 1929 1022 ⁵⁷,
1953 964 2142 1015 horum

550 1070 741 1125 preces
796 1069 902 1108 non
940 1053 1241 1109 exaudiat?
1271 1052 1323 1106 In
1360 1055 1684 1122 praecedenti
1740 1054 2148 1124 proprositione

548 1150 629 1205 sic
690 1148 1128 1218 respondendum
1164 1166 1176 1201 :
1212 1146 1402 1203 Divina
1454 1149 1794 1218 praescieutia
1846 1163 1954 1202 non
2012 1149 2151 1203 tollit

550 1242 780 1296 liberum
818 1241 1128 1295 arbitrium.
1165 1240 1378 1295 Etenim
1410 1256 1521 1293 non
1567 1241 1694 1310 quia
1740 1240 1981 1310 prtescit,
2018 1240 2147 1296 faci-

553 1348 676 1388 mus
710 1350 830 1403 qua:
894 1332 1126 1387 facimus
1153 1374 1167 1398 ,
1204 1334 1299 1387 sed
1350 1333 1477 1402 quia
1514 1332 1711 1387 facturi
1761 1349 1955 1388 sumus
2011 1347 2150 1402 prae-

554 1427 727 1479 noscit
760 1442 774 1486 ;
808 1433 863 1480 et
912 1422 1263 1478 conﬁrmatur
1311 1422 1364 1477 in
1422 1424 1546 1487 huc,
1568 1436 1623 1478 et
1668 1423 2029 1493 prmscientim
2059 1426 2154 1479 dc-

552 1519 749 1581 ﬁnitio,
803 1530 859 1572 et
908 1516 1061 1571 liberi
1127 1516 1337 1571 arbitrii
1379 1517 1537 1572 ratio.
1591 1516 1647 1570 In
1717 1518 1784 1573 iis
1833 1518 1980 1573 enim
2032 1534 2155 1589 qua:

554 1625 661 1665 non
683 1617 810 1662 sunt
836 1608 888 1662 in
921 1615 1108 1662 nostra
1154 1618 1445 1677 potestate,
1479 1608 1735 1675 praaccdit
1769 1607 1860 1663 Dei
1889 1609 2153 1676 deﬁnitio,

2247 603 2349 640 σιν.
2379 586 2657 655 Οὑμενοῦν
2691 585 2864 659 ταύτῃ
2888 589 2954 657 τῇ
2984 586 3109 659 δόξῃ
3138 588 3540 659 ὲπερείδεσοαι
3570 590 3744 659 ἡμᾶς
3773 596 3869 662 1p};

2246 678 2390 752 [cod.
2420 678 2554 749 Reg.
2580 671 2737 752 δέῖν],
2772 680 3071 750 ὲχὲφρονας
3100 680 3261 745 ὂντας
3296 697 3311 712 ο
3366 684 3474 735 καὶ
3508 683 3694 748 δόξαν
3724 683 3868 756 [εειό.

2245 772 2378 842 Reg.
2412 770 2639 845 γνῶσιν]
2665 771 2801 825 Θεοῦ
2829 769 3332 842 πεπλουτισμένους
3368 791 3383 805 ·
3410 775 3571 829 ἀλλὰ
3605 779 3753 843 περὶ
3780 780 3869 847 μὲν

2244 865 2339 918 τοῦ
2368 864 2620 935 δευτέρου
2650 864 3054 935 προϐλήματος,
3084 867 3406 932 πεπεῖσθαι,
3426 868 3523 921 ὅτι
3549 867 3661 921 καὶ
3694 870 3871 940 ἁμαρ-

2245 956 2433 1013 τωλῶν
2462 957 2649 1011 ἀκούει
2678 960 2706 1011 ὁ
2733 958 2869 1021 Θεὸς
2904 958 3164 1029 μετανοία
3190 961 3574 1029 κεχρημένων
3622 962 3835 1034 ἀρίστῃ
3856 980 3868 992 ·

2248 1050 2364 1114 πῶς
2417 1050 2527 1120 γάρ
2580 1046 2765 1120 ὲφ“οἷς
2810 1052 2991 1122 χαίρει
3021 1053 3368 1123 μετανοοῦσι,
3400 1053 3565 1106 κατὰ
3622 1055 3701 1107 τά
3758 1059 3872 1125 ἱερά

2253 1142 2446 1209 Λόγια,
2478 1143 2553 1214 μὴ
2580 1142 2700 1212 οὖχὶ
2727 1143 2822 1195 καὶ
2844 1145 3148 1197 εἰσακούειν
3175 1145 3276 1213 τῆς
3320 1144 3548 1198 τούτων
3580 1145 3867 1216 δεήσεωςς

2252 1235 2387 1305 Περὶ¹
2458 1235 2516 1287 δὲ
2570 1234 2665 1288 τοῦ
2726 1236 3135 1306 προηγουμένου
3195 1236 3612 1309 προϐλήματος
3698 1239 3867 1302 οὕτως

2252 1330 2595 1400 ἀπαντητέον
2626 1347 2640 1361 ο
2676 1331 2757 1383 ὅτι
2786 1332 2818 1400 ἡ
2851 1329 2969 1383 θεία
3021 1329 3332 1402 πρόγνωσις
3376 1333 3489 1384 οὐκ
3532 1334 3771 1403 ἀναιρεῖ
3814 1336 3869 1385 τὸ

2253 1420 2625 1483 αὐτεξούσιον.
2654 1422 2764 1475 Καὶ
2790 1424 2898 1493 γὰρ
2942 1424 3041 1494 οὐχ
3068 1424 3149 1476 ὅτι
3179 1424 3594 1496 προγινώσκει,
3631 1428 3870 1499 πράττο-

2257 1529 2355 1581 μεν
2379 1510 2415 1565 ἃ
2442 1513 2755 1583 πράττομεν
2783 1531 2798 1546 ο
2855 1514 2969 1567 ἀλλ’
2992 1515 3073 1568 ὅτι
3102 1514 3408 1585 πράξομεν,
3444 1518 3865 1587 «portubus?

2256 1604 2351 1658 καὶ
2381 1604 2621 1677 ἔρρωται
2650 1608 2708 1660 ἐν
2751 1605 2945 1677 τούτῳ,
2977 1607 3074 1660 καὶ
3110 1610 3137 1661 ό
3162 1609 3263 1678 τῆς
3288 1611 3690 1680 προγνώσεως
3724 1613 3865 1683 590;,

553 1700 620 1756 de
663 1710 926 1771 tempore,
958 1699 1076 1755 loco
1114 1714 1179 1754 ac
1213 1701 1375 1755 modo
1408 1719 1421 1755 :
1456 1701 1508 1755 in
1541 1701 1609 1756 iis
1643 1718 1774 1757 vero
1812 1718 1934 1773 quae
1971 1704 2024 1757 in
2062 1719 2158 1774 po-

2259 1695 2351 1749 καὶ
2379 1698 2407 1749 ὁ
2433 1695 2528 1748 τοῦ
2577 1695 2922 1762 αὐτεξουσέου
2950 1698 3125 1766 λόγος.
3177 1699 3264 1753 Ἐν
3295 1700 3397 1770 μὲν
3437 1703 3561 1773 γὰρ
3593 1706 3722 1768 τοῖς
3773 1705 3867 1758 οὐκ

556 1802 749 1850 testate
775 1804 959 1848 nostra
991 1802 1139 1858 sunt,
1169 1795 1220 1847 in
1244 1793 1444 1862 quibus
1474 1805 1560 1850 est
1580 1795 1809 1851 liberum
1840 1796 2153 1851 arbitrium.

2259 1789 2346 1858 ἐφ’
2377 1790 2529 1859 ἡμῖν,
2581 1790 2993 1861 προηγούμενός
3016 1795 3163 1845 ἐστιν
3192 1795 3220 1846 ὁ
3248 1794 3343 1846 τοῦ
3373 1794 3524 1848 Θεοῦ
3570 1798 3734 1865 ὄρνις,
3780 1798 3865 1850 sui

554 1887 907 1958 subsequitur
950 1887 1354 1955 quodammodo
1401 1886 1496 1942 Dei
1546 1889 1905 1958 praescieutia,
1933 1898 2047 1945 tum
2090 1891 2144 1945 in

2259 1898 2309 1934 τε
2359 1882 2575 1951 χρόνον,
2604 1882 2699 1934 καὶ
2744 1882 2932 1948 τόπου,
2985 1886 3081 1937 καὶ
3118 1885 3323 1954 τρόπον
3354 1901 3369 1914 ·
3402 1887 3504 1939 ἐπὶ
3538 1888 3602 1941 δὲ
3634 1888 3754 1941 τῶν
3787 1873 3867 1957 ἐρ’

556 1976 778 2041 virtute,
828 1986 942 2030 tum
988 1981 1040 2032 in
1072 1977 1225 2032 vitio.
1258 1976 1439 2043 Quare
1470 1988 1684 2047 oportet
1731 1994 1832 2035 nos
1860 1991 1915 2035 et
1971 1996 2157 2036 amare

554 2079 608 2122 et
635 2083 796 2125 orare
821 2070 1067 2136 meliora,
1094 2079 1153 2125 ut
1171 2070 1340 2125 Deum
1363 2070 1488 2125 inde
1510 2071 1810 2128 habeamus
1832 2076 2163 2144 subsequen-

557 2168 667 2215 tem
690 2176 812 2229 nos,
856 2162 949 2217 sed
969 2164 1263 2218 contrariis
1298 2164 1495 2219 modis.
1537 2163 1799 2220 Nosenim
1824 2167 1999 2222 modis
2031 2183 2162 2222 con-

560 2247 741 2307 trariis
780 2249 1164 2321 subsequetur,
1185 2251 1233 2306 si
1257 2252 1344 2306 hic
1362 2253 1581 2322 quidem
1604 2256 1792 2325 puniat
1813 2265 1867 2310 et
1890 2258 2120 2328 castiget
2146 2276 2161 2324 ;

562 2341 633 2395 ibi
662 2356 793 2395 vero
831 2352 1055 2399 coronet
1076 2354 1130 2400 et
1157 2360 1383 2415 regnum
1405 2346 1666 2401 ctelnrum
1703 2347 1859 2403 nobis
1882 2350 2160 2420 rependat.

859 2629 1087 2686 CXCIV.
1126 2662 1192 2671 —-
1221 2632 1422 2686 Joanm‘
1465 2635 1833 2703 grammatico.

2257 1974 2410 2043 ἡμῖν,
2460 1975 2543 2043 ἐφ’
2565 1969 2646 2037 οἷς
2683 1974 2744 2028 τὸ
2780 1976 3144 2043 αὐτεξούσιον,
3177 1978 3345 2032 οἱονεὶ
3401 1980 3675 2052 ἑπομένη
3724 1986 3865 2037 ἐστὶν

2255 2068 2289 2135 ἡ
2326 2065 2419 2119 τοῦ
2446 2065 2581 2119 Θεοῦ
2612 2067 2939 2137 πρόγνωσις,
2967 2070 3059 2121 ἐπί
3112 2086 3172 2122 τε
3212 2071 3421 2141 ἀρετῆς
3470 2074 3579 2126 καὶ
3643 2077 3861 2139 κακίας.

2259 2158 2425 2211 Ὥστε
2459 2160 2540 2213 δεῖ
2566 2162 2714 2231 ἡμᾶς
2736 2163 2830 2215 καὶ
2856 2163 2986 2232 ὲρᾷν
3012 2162 3105 2215 καὶ
3142 2161 3405 2233 εὔχεσθαι
3431 2165 3510 2218 τὰ
3546 2167 3862 2236 κρείττονα·

2260 2251 2351 2304 ἵνα
2374 2250 2586 2321 ἔχωμεν
2609 2253 2858 2309 ἐντεῦθεν
2884 2256 2976 2309 τὸν
3006 2255 3138 2309 Θεὸν
3164 2257 3519 2327 ὲφεπόμενον
3547 2259 3716 2330 ἡμῖν,
3738 2260 3864 2313 ἀλλὰ

2262 2343 2591 2423 τούναντίον.
2640 2344 2983 2412 Ἐξεναντξας
3025 2349 3133 2417 γὰρ
3160 2334 3356 2418 ἕψεται
3390 2353 3559 2420 ἡμῖν.
3602 2346 3720 2407 ὦδε
3774 2356 3862 2423 μὲν

2261 2434 2507 2500 κολάζων
2536 2438 2630 2490 καὶ
2662 2439 2941 2510 τιμωρῶν,
2972 2442 3087 2494 ἐκεῖ
3115 2442 3172 2495 δὲ
3202 2443 3497 2512 στεφανῶν
3529 2445 3637 2499 καὶ
3679 2447 3859 2500 ἀποδι-

2259 2525 2379 2588 δοὺς
2412 2527 2544 2596 ἡμῖν
2576 2528 2853 2597 βασιλείαν
2876 2530 3141 2601 οὐρανῶν.

2380 2640 2519 2709 PLA'
2554 2638 2688 2713 (88).
2713 2673 2784 2683 ——
2806 2644 3055 2716 Ἰωάννῃ
3085 2650 3491 2719 γραμματικῷ.

1397 2746 1663 2805 Quamdam
1684 2759 1820 2795 suam
1842 2746 1903 2796 de
1926 2748 2193 2813 imaginum
2229 2755 2370 2804 cultu
2390 2755 2649 2818 epistolam
2675 2768 2975 2823 propugnat.

634 2848 769 2904 Cum
817 2848 1173 2905 accessissem
1226 2850 1292 2904 ad
1343 2866 1625 2906 sermones
1695 2853 1763 2906 de
1818 2854 2144 2910 venerandis

565 2940 917 3012 imaginibus,
943 2951 997 2997 et
1044 2940 1324 3010 colloquio
1369 2944 1587 2999 adesset
1612 2944 1766 2999 Plato
1802 2956 1989 3002 uoster
2019 2952 2033 3002 ι
2062 2949 2147 3002 di-

2334 2859 2422 2914 'Ev
2449 2862 2629 2930 λόγοις
2657 2866 3005 2937 ἐληλυθότος
3025 2885 3127 2936 μου
3174 2868 3285 2922 τῶν
3345 2871 3575 2927 σεπτῶν
3611 2876 3858 2941 εἰκόνων,

2254 2952 2437 3023 παρῆν
2461 2953 2520 3007 δὲ
2554 2956 3033 3027 συνδιαλεγόμενος
3064 2959 3291 3013 Πλάτων
3312 2962 3342 3014 ὁ
3397 2964 3693 3036 ἡμέτερος
3714 2984 3729 2995 ·
3763 2970 3859 3039 ἔφη

566 3036 645 3087 xit
677 3034 726 3088 is
770 3030 1084 3087 facundiam
1119 3043 1293 3096 tuam,
1324 3045 1545 3105 accepta
1565 3036 1693 3091 olim
1733 3052 1853 3092 mea
1885 3037 1952 3093 de
1980 3039 2149 3095 hocce

2259 3041 2318 3113 δὴ
2375 3044 2542 3099 πάλαι
2596 3046 3031 3120 εἰληφυῖανιτὴν
3079 3050 3372 3122 λογιότητά
3404 3071 3532 3121 σου,
3561 3058 3858 3133 ἐπιστολὴν

565 3135 891 3197 argumento
923 3127 1178 3196 epistola,
1207 3128 1583 3195 addubitasse,
1608 3131 1767 3200 quasi
1794 3146 1858 3185 ea
1885 3147 1991 3184 non
2019 3133 2153 3187 satis

566 3220 824 3290 liquidam
866 3221 1171 3276 doctrinam
1230 3223 1555 3289 contineret,
1596 3236 1763 3295 atque
1808 3240 1839 3280 a
1869 3241 2000 3280 vero
2039 3225 2153 3281 for-

567 3322 713 3366 tasse
766 3311 1070 3367 auditorem
1109 3312 1423 3369 abduceret.
1454 3312 1568 3385 Ego
1614 3329 1766 3383 vero,
1809 3316 1857 3372 si
1896 3333 2038 3373 unus
2084 3317 2154 3373 de

568 3404 755 3462 multis
780 3400 926 3461 esset
966 3406 1013 3461 is
1045 3406 1141 3473 qui
1174 3406 1340 3471 feriit,
1377 3421 1487 3463 non
1521 3408 1631 3464 cito
1658 3424 2052 3479 commoverer,
2094 3421 2155 3467 ut

567 3499 659 3569 qui
692 3498 871 3553 norim
910 3508 965 3553 et
991 3488 1174 3568 jacula
1218 3499 1457 3566 invidiae,
1510 3508 1565 3555 et
1600 3501 1913 3572 ignotorum
1957 3513 2153 3560 contu-

570 3590 759 3645 melias
802 3591 1097 3648 sustinere.
1126 3590 1419 3662 Postquam
1468 3609 1598 3649 vero
1627 3596 1696 3650 ab
1741 3597 1920 3653 amico
1955 3608 2042 3654 est
2066 3612 2155 3653 re-

569 3681 884 3751 prehensio,
915 3691 971 3737 et
1004 3684 1185 3739 amico
1241 3685 1589 3751 doctissimo;
1616 3689 1988 3743 necessarium
2037 3691 2154 3745 exi-

567 3766 787 3829 stimavi
814 3772 1099 3844 epistolam
1131 3776 1304 3845 ipsam
1340 3778 1409 3833 ob
1436 3783 1629 3835 oculos
1652 3793 1873 3847 ponere.
1891 3789 1943 3833 et
1972 3780 2153 3850 quoad

571 3866 625 3918 in
673 3881 760 3920 me
804 3865 946 3921 foret
992 3865 1299 3923 discussam
1330 3877 1384 3922 et
1419 3868 1776 3938 approbatatn
1832 3869 2047 3925 mittere
2084 3872 2152 3925 ad

571 3957 1009 4015 benevolentiam
1037 3966 1215 4028 tuam,
1247 3969 1306 4015 ut
1343 3970 1435 4015 aut
1465 3963 1824 4031 percontandi
1845 3978 1976 4018 cura
2013 3962 2153 4018 libe-

572 4062 676 4118 ret,
725 4061 822 4107 aut
877 4054 1188 4125 corrigatur
1235 4068 1268 4109 a
1304 4055 1527 4110 solertia
1586 4066 1697 4109 tua.
1728 4053 1954 4126 Oportet
2005 4057 2153 4111 enim

571 4158 697 4197 eum
726 4143 822 4213 qui
852 4143 1118 4214 increpat,
1159 4144 1407 4200 vicissim
1447 4149 1693 4217 proferre
1716 4147 1994 4219 propriam
2025 4164 2153 4203 sen-

574 4235 819 4303 tentiam,
865 4237 999 4307 quid
1034 4237 1469 4309 redarguendum
1520 4238 1955 4295 existimet.‘Est
1989 4240 2153 4311 igitur

571 4328 805 4399 epistola
850 4330 1190 4401 huiusmodi.

1038 4440 1355 4502 Theoderus'
1384 4450 1694 4506 Athanasio.

654 4576 673 4611 ι
711 4557 1020 4626 Quomodo,
1063 4559 1250 4630 inquis
1278 4562 1346 4627 ³⁸,
1374 4563 1528 4617 latria
1563 4547 1682 4619 non”
1724 4567 1922 4621 colitur
1976 4568 2155 4637 imago

572 4649 803 4714 Christi,
834 4652 927 4705 sed
953 4651 1046 4721 qui
1079 4652 1133 4706 in
1173 4652 1263 4708 illa
1298 4653 1558 4711 adoratur
1580 4656 1851 4723 Christus,
1882 4674 2008 4714 cum
2045 4676 2149 4713 una

577 4746 632 4798 iu
660 4744 929 4799 ainbobus
957 4744 1030 4800 sit
1058 4746 1353 4800 adoratio?
1387 4746 1656 4815 Quoniam
1687 4751 1741 4806 in
1769 4748 1889 4822 ipso
1929 4753 2151 4822 quidem

576 4836 797 4892 Christo
827 4836 1002 4893 latri’ae
1038 4847 1123 4894 est
1177 4839 1425 4896 adoratio
1470 4842 1743 4911 (adorans
1770 4846 1914 4900 enim
1948 4848 2149 4918 ipsum,

577 4929 817 4984 coadoro
846 4927 1063 4985 Patrem
1104 4942 1158 4987 et
1189 4932 1450 5003 Spiritum
1482 4950 1734 4993 sanctum
1763 4954 1777 5005 ;
1809 4955 1932 5009 quae
1966 4940 2152 4996 Trini-

579 5019 709 5075 tatis
737 5028 823 5074 est
874 5020 1120 5074 adoratio
1149 5022 1312 5085 simul
1335 5034 1388 5078 et
1419 5025 1573 5080 latria
1594 5034 1636 5097 ),
1669 5029 1723 5082 in
1750 5029 1986 5102 imagine
2029 5048 2155 5087 vero

578 5111 769 5166 eadem
797 5112 1153 5182 estquidem;
1189 5116 1282 5185 qui
1319 5120 1463 5171 enim
1491 5134 1596 5173 non
1621 5122 1728 5176 sit?
1764 5138 1889 5176 nam
1918 5140 2151 5194 quorum

582 5222 751 5260 unum
781 5214 864 5260 est
897 5206 1187 5275 imperium
1218 5218 1273 5263 et
1304 5210 1475 5280 gloria
1512 5228 1642 5277 una,
1682 5214 1877 5269 horum
1908 5216 2157 5285 proiecto

580 5307 634 5350 et
663 5297 846 5351 cultus
884 5312 1028 5353 unus
1066 5308 1120 5352 et
1149 5314 1253 5352 una
1290 5310 1375 5354 est
1403 5302 1648 5357 adoratio
1677 5323 1690 5357 :
1719 5313 1776 5358 at
1812 5307 2038 5362 relativa
2073 5318 2156 5362 ta-

583 5406 729 5451 men,
768 5391 883 5445 sive
907 5392 1311 5461 homonymica.
1347 5393 1597 5451 Adnraus
1624 5397 1768 5451 enim
1801 5397 1971 5466 illam,
1995 5400 2155 5455 Chri-

582 5494 725 5537 stum
770 5499 875 5537 non
923 5484 1235 5551 coatloravi,
1278 5500 1383 5539 non
1438 5488 1671 5543 divisum
1720 5493 2015 5549 secundum
2059 5495 2154 5565 hy-

653 5595 849 5653 a7Luc.
878 5613 965 5659 xv,
995 5597 1081 5651 10.
1159 5598 1203 5629 ³⁸
1245 5598 1441 5670 Supra,
1472 5604 1628 5674 epist,
1654 5607 1739 5662 85.

2257 3135 2416 3207 ἐμὴν,
2467 3138 2722 3208 περὶτῆς
2750 3138 2925 3208 αὐτῆς
2971 3142 3281 3208 ὑποθέσεως
3331 3147 3725 3217 ὴπορηκένειι,
3753 3154 3859 3215 πῶς

2257 3224 2355 3277 οὑκ
2386 3227 2650 3296 εὐκρινῶς
2687 3228 3164 3301 δογματισϐεῖσαν,
3198 3238 3230 3308 ἢ
3277 3240 3423 3307 τάχα
3458 3258 3571 3295 που
3604 3247 3710 3297 καὶ
3762 3265 3859 3299 πι-

2261 3318 2659 3387 ρακομὶςουσαν
2712 3324 2808 3378 τοῦ
2871 3326 3103 3396 ἀληθοῦς
3142 3330 3233 3382 τὸν
3265 3332 3579 3404 ἀκροατήν.
3626 3338 3777 3409 Ἐγὼ
3807 3340 3858 3393 δὲ

2257 3419 2304 3470 εξ
2343 3418 2440 3486 μὲν
2489 3420 2596 3474 τῶν
2640 3420 2717 3484 ὡς
2753 3422 2943 3491 ἔτυχεν
2984 3417 3051 3492 ἦν
3081 3425 3110 3476 ό
3153 3423 3350 3492 βαλὼν,
3385 3427 3448 3480 οὐ
3481 3432 3711 3501 ταχέως
3768 3437 3857 3487 ἐπ-

2257 3510 2536 3582 εστράφην
2556 3511 2644 3575 ἂν,
2663 3510 2818 3576 εἰδὼς
2849 3515 2955 3583 καὶ,
2975 3514 3172 3583 φθόνου
3200 3516 3441 3587 βολίδας,
3459 3523 3564 3575 καὶ
3596 3526 3854 3593 (traditur:

2258 3602 2605 3673 ἐπιτιμήσεις
2636 3604 2905 3659 ῖιποίσειν.
2957 3606 3112 3661 Ἐπεὶ
3136 3608 3195 3661 δὲ
3224 3610 3379 3680 παρὰ
3402 3613 3569 3680 φίλου
3596 3620 3632 3684 ἡ
3666 3620 3852 3686 ἐπελη-

2255 3692 2367 3761 ψις,
2403 3696 2497 3749 καὶ
2543 3696 2695 3764 φίλου
2732 3697 3046 3765 σοφωτάτου
3081 3714 3094 3728 ·
3122 3690 3424 3771 ἀναγκαῖον
3451 3706 3659 3778 ᾠήθην
3691 3708 3851 3778 αὐτὴν

2254 3789 2354 3860 τὴν
2389 3790 2677 3860 ἐπιστολὴν
2706 3791 2798 3842 ὑπ’
2820 3789 2942 3860 ὄψιν
2972 3793 3202 3863 ἀγαγεῖν
3234 3811 3251 3826 °
3303 3798 3401 3851 καὶ
3436 3801 3727 3868 καθ’,ὅσον
3747 3798 3851 3857 οἶόν

2257 3878 2315 3931 τέ
2348 3897 2437 3948 μοι
2465 3876 2862 3952 ἐπικριθεῖσαν,
2889 3885 3206 3941 ἀποστεῖλαι
3245 3891 3311 3961 τῇ
3349 3890 3615 3962 φιλότητί
3650 3912 3747 3949 σου
3776 3914 3791 3926 ’
3818 3898 3847 3967 ἢ

2255 3968 2599 4025 ἀπολύουσαν
2623 3973 2724 4043 τῆς
2755 3974 3008 4044 ἀπορίας,
3035 3978 3067 4050 ἢ
3098 3979 3594 4056 ἐπανορθουμένην
3624 3988 3735 4042 ὑπὸ
3758 3992 3849 4057 τῆς

2256 4063 2539 4137 ἀγχινοίας
2586 4082 2701 4126 σου,
2726 4070 2821 4121 Δεῖ
2845 4065 2954 4141 γὰρ
2990 4072 3409 4141 ἀντεισάγεσθαι
3435 4078 3585 4146 πρὸς
3612 4082 3713 4134 τοῦ
3738 4086 3847 4134 ἐτει-

2257 4155 2525 4225 τιμῶντος
2564 4160 2665 4229 τὴν
2692 4163 2900 4215 οἰκείαν
2935 4163 3160 4236 γνώμην
3196 4166 3299 4235 τῆς
3329 4171 3696 4244 μεμφθείσης
3726 4176 3845 4229 tim—

2257 4248 2490 4319 λήψεως.
2524 4251 2714 4305 Ἔστιν
2740 4249 2834 4306 οὖν
2861 4257 2896 4327 ή
2923 4256 3179 4327 ἐπιστολὴ
3198 4256 3295 4326 ἥδε
3320 4273 3336 4287 ’

2685 4455 2982 4525 Θεόδωρος
3021 4458 3375 4525 Ἀθαησίφ.

2337 4588 2357 4622 ‹
2396 4570 2544 4633 Πῶς.
2570 4568 2699 4641 φὴς,
2729 4571 2792 4624 οὗ
2816 4570 3137 4642 λατρεύεται
3161 4576 3195 4644 ἠ
3222 4574 3391 4629 εἰκὼν
3422 4579 3701 4651 Χριστοῦ,
3738 4586 3840 4640 cill‘

2260 4663 2289 4713 ὁ
2317 4662 2375 4712 ἐν
2401 4660 2539 4732 αὐτῇ
2565 4662 3036 4734 προσκυνούμενος
3080 4665 3335 4736 Χριστὸς,
3387 4675 3527 4740 μιᾶς
3564 4676 3735 4750 οὔσης
3761 4686 3841 4735 ἐπὶ

2260 4753 2463 4820 ἀμφοῖν
2490 4753 2955 4823 προσκυνήσεως;
2994 4756 3115 4809 Ὅτι
3165 4758 3448 4815 ὲπάύτοῦ
3488 4766 3560 4838 δὴ
3613 4772 3837 4840 Χριστος]

2260 4843 2589 4916 λατρευτικὴ
2620 4846 2654 4915 ἡ
2685 4845 3058 4919 προσκύνησις
3091 4853 3108 4920 (
3139 4856 3469 4923 προσκυνῶν
3500 4863 3620 4934 γὰρ
3670 4869 3836 4929 αὐτὸν,

2264 4937 2668 5009 συμπροσκυνῶ
2687 4938 2781 4992 τὸν
2796 4940 3018 5011 Πατέρα
3049 4943 3139 4995 καὶ
3162 4943 3224 4997 τὸ
3247 4944 3409 5015 ἆγιον
3429 4951 3667 5027 Πνεῦμα
3685 4976 3699 4986 ’
3718 4961 3836 5032 ὅπερ

2261 5030 2465 5103 ὲστὶνή
2503 5029 2765 5102 Τριαδικὴ
2815 5032 2952 5102 ὁμοῦ
3005 5035 3379 5108 προσκύνησις
3431 5048 3535 5099 καὶ
3556 5029 3832 5121 lupa-5,).

2261 5123 2355 5175 ἐπὶ
2382 5122 2439 5213 δὲ
2467 5123 2562 5192 τῆς
2586 5123 2793 5187 εἰκόνος
2822 5126 2854 5194 ή
2887 5125 3024 5197 αὐτὴ
3064 5127 3163 5197 μὲν
3197 5130 3341 5201 (πῶς
3371 5135 3489 5208 γὰρ
3512 5140 3613 5207 οὕ;
3650 5138 3720 5198 ὧν
3744 5162 3835 5213 γαρ

2261 5213 2320 5265 ἓν
2344 5212 2406 5265 τὸ
2439 5214 2641 5283 κράτος
2688 5216 2783 5267 καὶ
2827 5216 2859 5284 ή
2902 5214 3027 5281 δόξα
3058 5219 3177 5287 μία,
3216 5223 3680 5305 τούτωνιδηὶαδὴ
3711 5235 3762 5287 ἓν
3785 5212 3835 5288 τό

2266 5302 2449 5369 σέϐας,
2483 5303 2578 5355 καὶ
2635 5302 2732 5373 μία
2761 5305 2795 5373 ή
2828 5306 3227 5381 προσκύνησις)
3253 5356 3268 5377 ,
3296 5321 3535 5393 σχετικὴ
3583 5302 3830 5397 δὲ’-ὅμως,

2263 5396 2430 5465 ἡγουν
2457 5398 2801 5468 ὁμωνυμική.
2831 5398 3162 5470 Προσκυνῶν
3213 5405 3330 5477 γάρ
3387 5411 3595 5484 αὐτὴν,
3623 5419 3682 5471 οὐ
3713 5435 3829 5488 συμ-

2266 5488 2668 5560 προσεκύνησα,
2718 5489 2851 5544 ἀλλὰ
2910 5494 3297 5567 προσεκύνησα
3324 5502 3595 5574 Χριστὸν,
3634 5514 3690 5566 οὺ
3716 5513 3832 5566 διαι-

2154 5770 2385 5828 NOTAE.

679 5852 766 5921 88)
798 5854 856 5911 In
888 5858 1003 5913 cod.
1042 5857 1172 5930 Reg.
1210 5858 1349 5934 pL'C'.
