3976 6322
74 376 258 439 1589
1340 362 1878 427 EPISTOLARUM
1923 363 2047 421 LIB
2112 363 2196 422 ll.
3257 345 3393 420 1590

73 491 197 560 ρού
213 507 388 559 μενον
428 487 560 542 καθ’⁹
585 486 903 546 ὑπόστασιν,
934 481 1069 534 ἀλλὰ
1106 478 1535 548 διαφοροὺμενον
1568 475 1712 527 κατὰ

1825 473 2105 538 postasim,
2151 473 2246 527 sed
2272 471 2678 541 discrepantem
2694 471 2855 542 'juxla
2879 473 3201 529 substantiae
3229 478 3403 531 ratio-

67 584 189 634 τὸν
262 584 366 651 τῆς
423 581 613 641 οὐσίας
661 579 816 646 λόγον
841 593 854 604 ·
905 577 1040 642 ὅπερ
1067 576 1185 626 ἐστὶ
1226 571 1470 641 σχετικὴ,
1500 568 1616 624 ἀλλ’
1642 568 1702 619 οὐ

1825 580 1977 630 tem;
2021 565 2167 635 quod
2224 572 2311 619 est
2367 564 2649 618 relativam
2691 580 2834 630 esse,
2876 581 2988 620 non
3036 566 3396 632 latreuticam,

68 672 475 741 λατρευτικὴ,
529 671 629 724 κᾶν
663 672 695 739 ἡ
725 669 861 738 αὐτή
892 685 906 698 ·
941 669 1056 718 ἐκεῖ
1093 667 1190 735 μὲν
1224 663 1395 726 οὕτως
1436 661 1703 730 νοουμένη

1825 656 2305 721 ,ametsieamdem,
2333 657 2445 711 illic
2464 657 2684 727 quidem
2713 657 2793 712 sic
2813 658 3144 713 intellectam
3177 659 3403 715 dictam‘

73 767 203 817 καὶ
263 764 558 834 λεγομένη,
605 763 792 816 καθότι
823 758 1094 830 τριαδικὴ,
1129 746 1298 829 ἤγουν
1333 757 1535 826 φυσική
1573 771 1585 785 ⁸
1618 757 1718 829 sv;

1825 764 1936 818 lue,
1968 759 2239 819 quatenus
2286 749 2520 804 triadica
2566 759 2651 804 est
2681 750 2795 806 sive
2823 751 3116 816 naturalis,
3143 751 3234 806 hic
3271 768 3404 807 vero

71 858 301 911 ταῦθα
326 857 381 909 δὲ
414 857 474 909 τὸ
507 856 762 925 ἔμπαλιν,
789 852 977 905 καθότι
1009 855 1255 920 σχετικὴ,
1280 851 1448 919 ἣγουν
1469 850 1705 902 ὑποστα-

1825 851 2076 911 platanus
2113 842 2339 897 relativa
2366 843 2483 896 sive
2511 843 2872 913 bypostatica.
2929 841 3068 898 Nam
3123 844 3170 900 si
3198 845 3403 899 latren-

72 951 274 1020 τικὴ.
315 950 378 1001 Εἰ
429 947 537 1018 γὰρ
573 948 766 1009 εἴποις,
803 944 1156 1014 λατρευτικὴ,
1185 942 1463 1010 ὲσήμανας
1511 957 1710 1010 σεσαρ-

1825 935 1974 988 Licam
2021 934 2248 1000 dixeris,
2303 935 2650 990 inearnatum
2680 935 3021 1006 signiﬁcasti,
3064 943 3127 990 ut
3177 935 3402 998 Filium,

1814 1029 1894 1083 sic
1916 1038 1969 1083 et
1997 1027 2217 1082 Patrem
2249 1037 2304 1082 et
2329 1027 2614 1098 Spiritum,
2645 1028 2790 1097 quod
2815 1037 2899 1082 est
2940 1027 3260 1083 absurdum.
3299 1028 3405 1082 lla-

1813 1134 1920 1188 que
1943 1119 2177 1175 adorans
2203 1119 2497 1189 imaginem
2523 1119 2752 1182 Christi,
2783 1135 2888 1173 non
2921 1119 3181 1175 deitatem
3208 1118 3401 1183 adoro,

1814 1212 1959 1266 sicut
1988 1212 2214 1282 quidam
2251 1213 2403 1267 aiunt
2432 1231 2444 1266 :
2476 1213 2580 1267 hoc
2613 1213 2759 1267 enim
2793 1211 3118 1268 Trinitatem
3150 1212 3403 1282 designa-

1817 1312 1936 1358 ret:
1994 1312 2053 1358 at
2100 1303 2342 1359 Trinitas
2388 1305 2672 1358 incarnata
2733 1320 2841 1359 non
2899 1313 3016 1371 est;
3054 1303 3238 1376 absit:
3271 1303 3402 1373 quid

1816 1395 2037 1449 autem?
2069 1397 2248 1465 ipsum
2284 1395 2566 1452 Christum
2599 1397 2843 1450 relative.
2904 1394 3069 1450 Solus
3109 1395 3253 1450 enim
3289 1397 3404 1463 ipse

1816 1486 2132 1540 incarnatus
2185 1495 2268 1540 est
2323 1484 2466 1541 Deus
2522 1485 2782 1541 Verbum.
2834 1485 3017 1554 Ipsum
3059 1501 3190 1539 vero
3238 1484 3402 1539 Chri-

1818 1585 1960 1633 stum
2010 1578 2268 1643 adorans,
2321 1577 2466 1632 haud
2516 1578 2682 1633 dubie
2711 1578 2999 1633 coadoravi
3044 1577 3263 1632 Patrem
3297 1593 3403 1630 una

1817 1680 1872 1724 et
1910 1670 2194 1739 Spiritum.
2227 1669 2410 1738 Quare
2461 1672 2517 1726 in
2549 1672 2786 1742 imagine
2845 1674 3044 1727 merito
3076 1673 3404 1742 intelligetur

1818 1773 1873 1818 et
1892 1764 2105 1819 dicetur
2133 1764 2377 1828 relativa,
2398 1765 2449 1818 in
2477 1765 2599 1834 ipso
2626 1775 2805 1819 autem
2831 1765 3051 1820 Christo
3082 1764 3402 1830 latreutiea;

1819 1864 2004 1925 utpote
2049 1856 2215 1911 simul
2248 1856 2530 1912 intellecto
2579 1866 2632 1912 et
2661 1855 2828 1911 simul
2879 1859 3110 1913 adorato
3154 1865 3207 1911 et
3241 1853 3402 1910 Patre

1816 1958 1868 2002 et
1893 1947 2123 2016 Spiritu.
2165 1967 2183 1997 ι

75 1042 360 1104 κῶσθαι,
385 1041 462 1103 ὡς
487 1040 578 1092 τὸν
607 1039 756 1101 Υίὸν,
791 1037 882 1090 τόν
908 1054 966 1088 τε
993 1037 1215 1106 Πατέρα
1237 1034 1333 1086 καὶ
1355 1034 1414 1086 τὸ
1449 1034 1672 1101 Πνεῦμα
1693 1049 1707 1062 ο

75 1136 264 1204 ὅπερ
339 1133 487 1186 ἐστὶν
547 1130 800 1183 ἔκτοπον.
853 1126 1156 1198 Τοιγαροῦν
1220 1123 1542 1194 προσκυνῶν
1612 1123 1712 1192 τὴν

80 1228 314 1279 εἰκόνα
352 1222 612 1296 Χριστοῦ,
643 1222 702 1273 οὑ
731 1220 830 1290 τὴν
872 1218 1102 1287 θεότητα
1130 1216 1442 1286 προσκυνῶ,
1473 1214 1549 1278 ὥς
1579 1214 1712 1282 φασί

81 1337 270 1380 τινες
298 1335 315 1350 ·
362 1317 522 1370 τοῦτο
546 1315 656 1384 γὰρ
680 1314 780 1382 τῆς
811 1311 1039 1382 Τριάδος
1090 1309 1424 1378 σημαντικόν
1455 1324 1467 1336 ·
1514 1309 1610 1361 καὶ
1651 1308 1712 1360 οὑ

89 1415 478 1482 σεσάρκωται
509 1410 542 1477 ἡ
571 1407 741 1477 Τριάς
771 1423 787 1436 ο
829 1405 1010 1470 ἄπαγε
1046 1405 1058 1455 !
1095 1403 1232 1456 ἀλλὰ
1263 1403 1316 1454 τί
1343 1419 1357 1468 ;
1391 1403 1552 1456 αὑτὸν
1581 1403 1716 1471 Χρι-

91 1505 254 1558 στὸν
291 1501 576 1573 σχετικῶς.
623 1499 801 1560 Μόνος
829 1499 936 1566 γὰρ
965 1497 1126 1557 αὐτὸς
1158 1498 1185 1548 ὁ
1220 1495 1524 1565 σαρκωθεὶς
1583 1495 1714 1556 Θεὸς

88 1598 318 1664 Λόγος.
371 1590 695 1663 Προσκυνῶν
723 1590 779 1643 δὲ
809 1588 970 1642 αὑτὸν
996 1588 1247 1658 Χριστὸν,
1279 1589 1520 1657 δηλονότι
1582 1605 1716 1656 συμ-

91 1687 518 1760 προσεκύνησα
548 1684 640 1736 τὸν
675 1682 891 1752 Πατέρα
919 1679 1055 1750 ὁμοῦ
1080 1684 1174 1733 καὶ
1200 1682 1260 1732 τὸ
1286 1680 1527 1749 Πνεῦμα.
1555 1681 1715 1732 Ὥστε

90 1781 212 1834 διὰ
254 1780 354 1844 τῆς
399 1777 609 1838 εἰκόνος
665 1774 886 1845 σχετικὴ
921 1773 1144 1834 είκότως
1171 1771 1238 1824 ἂν
1283 1775 1454 1825 νοοῖτο
1481 1773 1576 1825 καὶ
1630 1771 1712 1822 λέ-

93 1887 296 1939 γοιτο·
330 1870 416 1922 ἐπ’
447 1867 612 1920 αὑτοῦ
639 1869 696 1920 δὲ
725 1863 960 1936 Χριστοῦ
995 1864 1348 1935 λατρευτικήο
1380 1865 1456 1926 ὡς
1489 1881 1710 1916 συνεπι-

93 1963 421 2031 νοουμένου
450 1976 508 2011 τε
531 1959 624 2010 καὶ
654 1971 1071 2027 συμπροσκυνου
1082 1955 1249 2026 μένου
1280 1955 1375 2008 τοῦ
1401 1972 1460 2008 τε
1499 1956 1710 2026 Πατρός

97 2057 222 2106 καὶ
247 2052 343 2105 τοῦ
377 2050 712 2120 Πνεῦματος.
744 2066 762 2098 ι

1747 1829 1788 1883 Β

1890 2207 2054 2264 Recte
2083 2209 2268 2279 igitur,
2305 2209 2503 2273 amice,
2542 2211 2744 2264 habere
2776 2211 2906 2264 mihi
2930 2212 3136 2265 deeisio
3167 2212 3400 2276 videtur,

1819 2304 1886 2356 de
1909 2303 2063 2356 beata
2080 2304 2300 2370 quidem
2314 2311 2367 2354 et
2381 2301 2657 2356 adoranda
2673 2302 2941 2358 Trinitate
2960 2305 3400 2375 praepositionem

1821 2393 1979 2445 simul
2021 2391 2293 2461 usurpari.
2328 2390 2503 2446 Simul
2530 2395 2673 2447 enim
2704 2393 3058 2465 hypostasum
3091 2397 3388 2451 discrimen

1822 2484 2075 2547 innuens,
2099 2495 2308 2537 naturae
2367 2485 2629 2538 unitatem
2661 2485 2901 2550 exhibet,
2944 2487 3401 2554 quemadmodum

1823 2574 1875 2626 in
1928 2574 2182 2641 symbolo
2219 2574 2340 2627 ﬁdei
2379 2575 2520 2644 apud
2547 2575 2892 2630 Christianos
2923 2592 3116 2632 omnes
3160 2579 3400 2632 canitur.

1824 2665 1878 2718 In
1910 2665 2226 2720 adoratione
2264 2681 2392 2721 vero
2418 2666 2622 2721 Christi
2663 2678 2717 2721 et
2757 2668 3013 2738 imaginis
3046 2669 3186 2739 ejus,
3220 2670 3403 2724 locum

1823 2772 1929 2810 non
1985 2759 2144 2813 habet
2195 2761 2577 2830 praepositonis
2607 2761 2770 2815 simul
2799 2763 3087 2832 usurpatio
3122 2781 3133 2817 :
3172 2764 3401 2834 alioqui,

1825 2853 1970 2920 quod
2029 2852 2154 2907 inde
2209 2863 2553 2923 sequeretur,
2590 2855 2727 2910 duas
2775 2856 2829 2909 in
2866 2857 3185 2928 hypostases
3235 2875 3402 2913 unam

1825 2946 2089 3000 dirimens
2121 2946 2480 3018 hypostasim,
2521 2949 2817 3004 abduceret
2867 2966 2966 3006 nos
3015 2953 3082 3006 ad
3135 2965 3405 3009 creatura:

1826 3041 2006 3093 cultus
2045 3039 2396 3108 impietatem.
2441 3039 2623 3111 Itaque
2679 3043 2874 3098 merito
2923 3057 3268 3116 assumptum
3320 3057 3404 3103 est

1828 3144 2151 3198 pronomen,
2215 3133 2359 3200 quod
2397 3133 2662 3186 unitatem
2697 3134 3008 3204 hypostasis
3035 3137 3088 3190 in
3130 3139 3402 3194 ambobus

192 2226 398 2290 Καλῶς
428 2221 543 2289 οὖν,
592 2218 637 2277 ὦ
677 2224 794 2283 τᾶν,
827 2221 970 2292 ἔχειν
1004 2240 1094 2293 μοι
1123 2223 1271 2277 δοκεῖ
1319 2223 1380 2277 τὸ
1427 2222 1708 2294 θεώρημα,

100 2320 224 2371 ὲ.πὶ
278 2319 377 2387 μὲν
426 2317 524 2386 τῆς
591 2313 868 2385 μακαρίας
921 2316 1015 2367 καὶ
1064 2314 1446 2386 προσκυνητῆς
1481 2315 1712 2381 Τριάδος

101 2414 251 2480 τὴν,
279 2410 421 2471 σὺν,
463 2408 719 2477 πρόθεσιν
747 2405 1020 2476 εἰλῆφθαι.
1065 2407 1129 2459 Ἡ
1165 2408 1294 2477 γὰρ,
1326 2407 1468 2471 σὺν,
1501 2407 1715 2478 διάκρι-

107 2519 216 2554 σιν
245 2500 352 2553 τῶν
381 2498 730 2551 ὑποστάσεων
777 2499 1169 2565 ὑποφαίνουσα,
1207 2499 1433 2567 ἑνότητα
1481 2501 1715 2572 φυσικὴν

108 2593 433 2662 παρίστησι
461 2605 473 2616 ⁸
528 2587 709 2651 καθὼς
743 2589 836 2641 ἐπὶ
878 2589 972 2642 τοῦ
1013 2590 1280 2661 συμϐόλου
1337 2591 1437 2660 τῆς
1480 2593 1715 2657 πίστεως

112 2685 288 2755 παρὰ
319 2685 452 2736 πᾶσι
485 2682 831 2752 Χριστιανοῖς
859 2681 1067 2752 ᾄδεται.
1113 2681 1233 2733 Ἐπὶ
1259 2681 1315 2734 δὲ
1344 2685 1441 2753 τῆς
1475 2701 1715 2754 προσκυ-

114 2780 344 2847 νήσεως
375 2770 611 2842 Χριστοῦ
653 2789 710 2823 τε
744 2773 837 2824 καὶ
869 2776 967 2843 τῆς
1012 2773 1174 2824 αὑτοῦ
1221 2774 1430 2838 εἰκόνος
1459 2776 1558 2828 οὑκ
1604 2775 1716 2845 ἔχει

117 2871 323 2939 χώραν
356 2869 413 2936 ὴ,
448 2863 590 2929 σὺν,
635 2865 894 2935 πρόθεσις
944 2865 1191 2934 εἰλῆφθαι
1217 2883 1230 2896 ο
1272 2866 1304 2937 ἢ
1356 2869 1463 2938 γὰρ
1516 2867 1602 2932 ἂν,
1637 2871 1718 2932 είς

117 2963 303 3016 δυάδα
341 2958 689 3012 ὑποστάσεων
735 2959 877 3011 κατὰ
911 2958 1000 3011 τὸν
1036 2959 1135 3020 τῆς
1187 2960 1508 3023 ἀκολουθίας
1561 2961 1717 3029 λόγον

124 3053 284 3124 [ειμι.
347 3048 480 3117 Reg.
534 3049 626 3100 τὸν
683 3047 1013 3100 ἁποδοθέντα
1082 3047 1262 3120 λόγον]
1315 3051 1567 3103 διιστᾶσα
1619 3050 1717 3120 τὴν

129 3143 275 3213 μίαν
305 3140 624 3204 ὑπόστασιν,
650 3139 959 3208 ἀποκομίσῃ
987 3140 1133 3208 ἡμᾶς
1167 3143 1246 3202 εἰς
1278 3141 1338 3194 τὺ
1368 3141 1469 3210 τῆς
1494 3159 1720 3211 κτισμα-

1746 3188 1789 3245 C

125 3232 460 3302 τολατρείας
504 3231 779 3301 ἀσέϐημα.
833 3229 1043 3284 Οὐκοῦν
1085 3233 1367 3305 είκότωςή
1403 3235 1720 3305 ἀντωνυμία

130 3325 491 3397 παρελήφθη,
519 3327 638 3395 ἥτις
669 3325 730 3376 τὸ
760 3326 960 3376 ἐνιαίον
991 3325 1090 3394 τῆς
1118 3326 1469 3392 ὑποστάσεως
1502 3329 1590 3382 ἐπ’
1619 3331 1724 3398 ἀμ-

132 3422 262 3488 φοῖν
302 3420 588 3489 τηρήσασα
642 3417 881 3486 διίστησι
937 3415 997 3468 τὺ
1049 3418 1288 3488 ἑτεροῖον
1328 3420 1437 3473 τῶν
1486 3421 1720 3488 φύσεων.

140 3529 160 3560 ‹
213 3511 324 3563 Καὶ
369 3508 523 3578 γοῦν,
571 3508 737 3580 φησιν
765 3511 794 3561 ό
823 3506 1097 3574 πάνσοφος
1125 3509 1420 3575 Διονύσιος,
1464 3512 1724 3582 ἑκάτερον

137 3607 202 3656 ἐν
231 3604 480 3674 ἐκατέρῳ
529 3603 680 3672 παρὰ
708 3601 769 3653 τὸ
802 3601 899 3670 τῆς
944 3601 1134 3664 οὐσίας
1160 3603 1436 3674 διάφορον.
1473 3623 1492 3656 ι
1528 3606 1726 3672 Διαφοο

144 3694 355 3764 ρότητα
388 3688 483 3745 οὖν
516 3692 702 3752 οὐσίας
751 3691 948 3760 φήσας,
979 3693 1283 3764 ταυτότητα
1322 3695 1562 3765 δηλονότι
1591 3697 1724 3748 ὑπο-

143 3785 413 3847 στάσεως,
468 3784 606 3836 κατὰ
647 3782 709 3834 τὸ
765 3781 1029 3850 ἑκάτερον
1070 3785 1126 3835 ὲν
1180 3786 1427 3858 ἐκατέρῳ
1457 3787 1721 3854 ὑπέδειξε·

141 3877 272 3931 καθ’
305 3877 373 3945 ἢν
396 3875 489 3927 καὶ
511 3876 545 3944 ἠ
586 3873 729 3927 κατὰ
765 3875 946 3945 σχέσιν
974 3876 1342 3949 προσκύνησις
1369 3879 1722 3950 τεθεώρηται.

153 3970 221 4022 'H
253 3969 363 4038 γὰρ
401 3967 604 4036 σχέσις,
634 3965 709 4028 ὥς
742 3982 896 4034 φασι,
927 3965 1036 4016 τῶν
1065 3968 1205 4036 πρός
1228 3968 1280 4021 τί
1308 3970 1475 4022 ἐστιν’
1514 3968 1631 4040 ἃμα
1666 3987 1725 4024 τε

141 4063 256 4131 γάρ
291 4062 430 4116 ἐστι.
461 4058 555 4111 καὶ
587 4059 933 4129 ἀντιστρέφει
967 4058 1104 4128 πρὸς
1134 4060 1361 4132 ἄλληλα,
1413 4058 1523 4114 οἷον
1561 4063 1726 4133 ὸρχέ-

142 4170 319 4206 τυπον
373 4151 508 4221 πρὸς
565 4151 767 4203 εἰκόνα.
805 4152 879 4203 Οὑ
936 4150 1042 4220 γὰρ
1098 4151 1165 4204 ἂν
1214 4155 1298 4224 εἴη
1361 4153 1584 4225 θάτερον
1649 4155 1724 4226 μὴ

145 4245 383 4312 θατέρου
428 4244 714 4314 παρόντος·
745 4241 879 4294 καθὸ
908 4241 1002 4294 καὶ
1042 4243 1172 4314 περὶ
1200 4244 1307 4298 τῶν
1335 4246 1452 4316 ἅμα
1500 4247 1721 4314 πεφιλο-

146 4335 406 4405 σόφηται.
448 4332 770 4403 Πρόσκειται
796 4331 872 4396 δὲ,
912 4331 1103 4402 ἤγουν
1134 4334 1503 4404 όμωνυμική·
1540 4336 1631 4388 καί
1661 4352 1723 4406 γε

143 4428 246 4495 τῆς
294 4425 462 4492 αὑτῆς
485 4425 772 4494 ἐμφάσεως
799 4432 894 4475 και
916 4425 1010 4494 ἥδε
1042 4425 1074 4494 ﬁ
1098 4423 1263 4489 λέξις.
1290 4427 1364 4479 Τὸ
1393 4426 1499 4498 γὰρ
1531 4427 1720 4497 ὄνομα,

1823 3236 2046 3275 servans
2070 3263 2085 3286 ,
2131 3221 2499 3277 diversitatem
2529 3226 2815 3297 distinguit
2842 3237 3190 3285 naturarum.
3255 3250 3273 3282 ε
3308 3229 3406 3285 Est

1825 3311 2010 3381 igitur,
2035 3311 2111 3364 ait
2141 3313 2584 3382 sapientissimus
2614 3313 2926 3386 Dionysius,
2953 3318 3186 3372 alterum
3234 3320 3288 3373 in
3325 3322 3404 3373 al-

1826 3417 1961 3471 tero,
1993 3418 2188 3475 praeter
2211 3407 2531 3461 substantiae
2559 3407 3005 3477 discrepantiam.
3073 3410 3402 3484 Discrepan-

1825 3498 1955 3552 tiam
1982 3508 2161 3553 autem
2181 3500 2500 3555 substantia:
2532 3517 2656 3555 eum
2689 3503 2846 3569 dixit,
2877 3502 3217 3558 identitatem
3249 3505 3403 3561 vide-

1824 3593 1952 3648 licet
1979 3593 2306 3665 hypostasis,
2353 3605 2624 3664 quatenus
2654 3597 2884 3652 alterum
2933 3601 2986 3653 in
3039 3600 3230 3666 altero,
3265 3601 3401 3656 insi-

1827 3685 2014 3740 nuavit
2043 3702 2057 3738 :
2079 3684 2234 3753 juxta
2265 3700 2430 3754 quam
2469 3679 2694 3741 relativa
2721 3704 2941 3758 quoque
2992 3690 3240 3745 adoratio
3265 3709 3400 3746 eon-

1825 3776 2015 3830 stituta
2042 3785 2143 3832 est.
2176 3775 2388 3831 Relatio
2427 3778 2593 3845 enim,
2623 3787 2682 3832 ut
2729 3779 2904 3847 aiunt,
2930 3797 3120 3838 eorum
3158 3794 3242 3839 est
3280 3801 3402 3855 quae

1825 3868 1893 3922 ad
1940 3868 2183 3938 aliquid;
2221 3870 2384 3923 simul
2415 3870 2562 3924 enim
2615 3881 2765 3938 sunt,
2797 3883 2852 3926 et
2883 3868 3024 3928 inter
3069 3890 3130 3931 se
3170 3891 3402 3930 conver-

1826 3969 2036 4026 tuntur,
2068 3970 2128 4015 ut
2155 3961 2508 4033 archetypum
2554 3964 2619 4017 atl
2649 3965 2963 4033 imaginem.
2994 3965 3102 4020 Nec
3139 3967 3284 4022 enim
3316 3969 3394 4022 al-

1826 4061 2003 4109 terum
2027 4068 2151 4107 esse
2179 4053 2350 4122 possit
2385 4054 2560 4110 altero
2590 4068 2698 4108 non
2725 4066 2992 4124 praesente
3015 4073 3029 4120 ;
3054 4057 3198 4113 sicut
3231 4058 3299 4114 de
3332 4063 3400 4115 iis

1825 4162 1948 4216 quae
1968 4146 2130 4200 simul
2150 4156 2280 4201 sunt
2300 4146 2746 4216 phil050phatum
2780 4159 2884 4203 est.
2903 4149 3187 4217 Adjectum
3210 4168 3397 4222 porro,

1824 4238 1929 4290 sive
1961 4238 2366 4307 homongmica;
2398 4237 2545 4307 quod
2578 4254 2774 4308 nempe
2819 4241 3069 4296 eamdem
3090 4246 3396 4313 emphasim

1826 4329 2021 4382 habeat
2046 4329 2159 4383 haec
2180 4329 2367 4383 dictio.
2393 4330 2598 4383 Nomen
2619 4331 2764 4385 enim
2787 4334 3051 4388 nominati
3071 4351 3269 4390 nomen
3290 4351 3394 4393 est.

1824 4419 2004 4487 Quare
2037 4421 2125 4474 hic
2162 4434 2379 4490 quoque
2407 4422 2755 4477 relativorum
2781 4436 2865 4480 est
2900 4427 3042 4482 ratio
3069 4445 3084 4482 :
3115 4430 3397 4496 quoniam,

146 4517 559 4588 ὀνομαζομένου
595 4515 784 4587 ὄνομα.
821 4517 982 4568 Ὥστε
1033 4517 1308 4571 κάνταῦθα
1335 4517 1442 4572 τῶν
1465 4522 1597 4591 πρός
1624 4539 1677 4574 τι
1703 4526 1720 4575 ό

1832 4533 1900 4571 ex
1949 4516 2310 4586 philosophiae
2367 4516 2672 4587 prarceptis,
2702 4517 3036 4590 homonyma
3067 4537 3189 4576 esse
3233 4523 3399 4579 doce-

144 4613 308 4680 λόγος
333 4626 348 4640 ο
400 4609 522 4661 ἐπεὶ
575 4609 668 4662 καὶ
697 4608 836 4662 κατὰ
889 4609 1206 4676 φιλοσοφίας
1231 4610 1386 4677 λόγον
1413 4609 1557 4682 [cod.
1587 4610 1719 4684 Reg.

146 4701 299 4774 ὅρον]
327 4699 596 4771 ὁμώνυμά
621 4702 736 4753 ὲστι
765 4698 1125 4769 διδασκόμεθα
1150 4740 1166 4765 ,
1220 4693 1294 4754 ὧν
1339 4690 1506 4772 ὄνομα
1565 4704 1724 4770 μόνον

148 4796 331 4850 κοινόν
351 4807 366 4822 ο
407 4793 435 4844 ό
455 4791 512 4843 δὲ
554 4794 689 4845 κατὰ
711 4790 944 4860 τοῦνομα
987 4791 1142 4859 λόγος
1179 4793 1279 4861 τῆς
1307 4795 1494 4857 οὑσίας
1515 4795 1721 4866 ἕτερος·

147 4882 263 4941 οἷον
316 4885 476 4946 αὑτὸς
510 4884 762 4952 Χριστὸς,
810 4885 903 4935 καὶ
954 4886 983 4937 ό
1012 4888 1417 4954 γεγραμμένος.
1463 4888 1614 4939 Ἐπεὶ
1667 4889 1723 4941 δὲ

151 4981 267 5045 καὶ,
287 4975 683 5043 ὑποστατικὴ,
712 4978 1050 5046 πρόσκειται,
1077 4977 1234 5030 τοῦτο
1253 4977 1546 5052 διαρρήδην
1580 4981 1725 5050 ὡμο-

150 5073 379 5142 λόγηται
432 5068 578 5142 [cod.
630 5069 754 5139 “eg.
791 5068 1232 5142 ἁποδέδεικται]·
1288 5071 1368 5124 ὃτι
1420 5073 1517 5142 οὑχ
1563 5074 1727 5144 ἑτέρα

153 5165 454 5226 ὑπόστασις
476 5162 626 5231 παρὰ
645 5162 743 5232 τὴν
761 5163 853 5215 τοῦ
885 5161 1124 5231 Χριστοῦ
1155 5165 1214 5215 ὲν
1240 5165 1306 5234 τῇ
1342 5164 1504 5216 αὑτοῦ
1535 5166 1724 5228 είκόνι,

155 5255 274 5308 ἀλλ’
298 5255 438 5324 αὑτὴ
465 5253 529 5324 δὴ
560 5253 856 5319 ὑπόστασις
889 5253 1147 5326 Χριστοῦ,
1177 5255 1342 5326 ήγουν
1371 5257 1399 5307 ὁ
1443 5259 1729 5327 χαρακτὴρ

155 5346 234 5416 τῷ
256 5346 356 5416 τῆς
389 5346 603 5416 μορφῆς
641 5346 804 5400 αὑτοῦ
856 5348 986 5400 εῖδει
1019 5347 1406 5416 ἑκφαινόμενός
1434 5349 1493 5400 τέ
1526 5351 1641 5402 ἐστι
1674 5353 1729 5402 ὲν

156 5439 222 5507 τῇ
255 5436 422 5489 είκόνι
469 5436 1067 5508 καὶπροσκυνούμενος
1093 5455 1108 5470 ·
1137 5439 1231 5491 καὶ
1285 5438 1521 5510 ἔῤῥωται
1550 5443 1577 5492 ὁ
1621 5444 1727 5505 πᾶς

156 5525 311 5595 λόγος
348 5529 461 5589 τοῖς
508 5526 674 5594 ὑγιῶς
709 5527 984 5596 φρονοῦσι.
1042 5527 1184 5597 Πρὸς
1233 5527 1289 5579 δὲ
1344 5527 1407 5579 τὸ
1462 5528 1728 5582 πίστωσιν

161 5619 301 5688 ἔχειν
336 5619 535 5688 μᾶλλον
592 5618 680 5671 τὸν
714 5619 894 5687 λόγον.
927 5622 1223 5688 ἀναγκαῖον
1265 5621 1558 5691 ἡγησάμην
1586 5627 1748 5694 τρεῖς,

161 5715 378 5785 χρήσεις
417 5712 693 5783 Ιιατρικὰς
748 5714 1025 5769 ὑποθεῖναι
1078 5716 1141 5785 τῇ
1193 5715 1484 5786 ἐπιστολῇ·
1539 5716 1612 5779 ὡς
1671 5717 1734 5771 ἂν

224 5833 264 5864 ³³
297 5833 450 5885 Deut.
478 5844 591 5890 nx,
625 5828 703 5881 ιδ.

1829 4625 1974 4673 mur,
2009 4624 2240 4680 quorum
2287 4621 2485 4661 nomen
2524 4609 2699 4667 solum
2731 4623 3022 4665 commune
3062 4621 3171 4678 est;
3212 4629 3401 4669 essen-

1829 4700 1917 4755 tiae
1966 4713 2097 4754 vero
2150 4697 2308 4763 ratio,
2349 4712 2474 4767 qua:
2525 4697 2728 4752 nomini
2786 4699 2994 4765 subest,
3047 4701 3257 4756 diversa
3293 4720 3310 4768 ;
3343 4717 3402 4758 ut

1829 4791 2083 4846 Christus
2114 4790 2248 4859 ipse,
2284 4798 2340 4843 et
2372 4789 2464 4858 qui
2495 4789 2676 4857 pictus
2715 4797 2818 4844 est.
2850 4788 2990 4844 Cum
3031 4801 3213 4848 autem
3243 4795 3400 4849 addi-

1831 4894 1941 4946 tur,
1993 4883 2100 4936 sive
2152 4880 2504 4952 hypouutica,
2541 4881 2645 4934 hoc
2699 4880 2900 4936 diserte
2951 4885 3235 4952 asseritur,
3291 4903 3398 4941 non

1831 4969 2013 5036 aliam,
2042 4984 2206 5040 quam
2261 4967 2484 5030 Christi,
2524 4969 2576 5020 in
2607 4967 2728 5037 ejus
2778 4969 3014 5040 imagine
3063 4973 3399 5043 hypostasim

1830 5079 1971 5128 esse,
2004 5063 2096 5117 sed
2127 5062 2417 5130 ipsammet
2455 5059 2642 5130 utique
2671 5062 3007 5132 hypostasim
3032 5063 3258 5131 Christi,
3286 5068 3403 5124 sive

1833 5157 2201 5211 characterem
2236 5169 2334 5224 per
2369 5154 2559 5208 forma:
2597 5155 2772 5224 ipsius
2799 5158 3037 5225 speciem
3073 5160 3316 5228 conspici
3344 5162 3402 5216 in

1832 5250 2066 5320 imagine
2109 5258 2163 5302 et
2203 5247 2420 5302 adorari
2456 5265 2470 5301 ;
2505 5260 2664 5317 atque
2704 5249 2774 5301 ita
2815 5248 3132 5304 conﬁrmata
3173 5261 3258 5306 est
3288 5261 3400 5308 tota

1829 5344 2005 5397 oratio
2031 5339 2175 5411 apud
2199 5356 2296 5395 eos
2320 5340 2413 5410 qui
2447 5349 2589 5396 recte
2616 5341 2874 5396 sentiunt.
2902 5342 2982 5397 Ad
3008 5344 3268 5413 majorem
3299 5362 3402 5401 au-

1832 5450 1936 5491 tem
1960 5435 2119 5491 [idem
2151 5449 2340 5488 eorum
2376 5448 2498 5502 quze
2530 5432 2676 5488 dicta
2709 5443 2858 5497 sunt,
2893 5437 3264 5496 necessarium
3297 5441 3402 5494 du-

1832 5530 2010 5583 ximus
2046 5537 2156 5581 tres
2202 5524 2426 5579 Patrum
2466 5525 2764 5580 sententias
2802 5525 3047 5595 epistolae
3095 5530 3398 5597 subjicere;

1843 5627 1901 5672 nt
1935 5619 2020 5674 hic
2045 5616 2207 5672 etiam
2234 5616 2521 5684 impleatur
2549 5615 2694 5684 quod
2728 5615 2988 5686 scriptum
3016 5628 3099 5672 est
3131 5636 3143 5671 :
3183 5618 3244 5673 In
3273 5622 3404 5674 duo-

1845 5720 1934 5769 bus
1968 5724 2012 5767 cl
2047 5710 2210 5766 tribus
2242 5709 2454 5766 testibus
2496 5708 2652 5762 stabit
2685 5725 2833 5763 omne
2871 5713 3073 5765 verbum
3104 5713 3167 5766 ³ο.
