3976 6322
585 323 716 388 1591

575 445 838 518 πληρωθῇ
898 444 1179 500 κάνταῦθα
1217 462 1231 476 ·

570 539 717 591 πεῖν.

716 651 1086 723 Cltrysostomi
1118 669 1182 706 ea:
1207 653 1644 721 interpretatione
1677 651 1728 702 in
1768 649 1989 703 Pelvim.

644 825 715 881 Ut
759 841 883 879 cum
926 831 1089 894 regia:
1126 823 1326 893 efﬁgies
1354 833 1408 877 et
1446 821 1712 892 imagines
1744 823 1795 874 in
1830 821 2018 874 urbem
2066 819 2149 872 af-

571 918 845 979 feruntur,
885 918 1102 972 obviam
1139 916 1445 986 procedunt
1500 915 1857 984 magistratus
1886 921 1940 965 et
1975 912 2158 982 populi

570 1027 695 1064 cum
763 1008 958 1064 faustis
999 1007 1510 1070 acclamationibus,
1572 1021 1679 1060 non
1753 1004 1965 1058 tabulas
2004 1043 2020 1065 ,
2066 1012 2160 1056 aut

569 1117 757 1157 cereas
787 1100 1029 1171 picturas
1061 1101 1416 1164 honorantes,
1453 1098 1546 1152 sed
1581 1096 1786 1166 regiam
1821 1095 2108 1164 imaginem
2137 1111 2153 1158 ;

572 1193 653 1246 sic
717 1200 992 1256 creatura,
1027 1205 1135 1244 non
1169 1200 1441 1244 terrenam
1507 1189 1736 1257 ﬁguram
1771 1188 2020 1248 honorat,
2058 1185 2152 1239 sed

569 1285 847 1340 caelestem
883 1281 1109 1352 efﬁgiem
1131 1293 1440 1337 veneratur.

639 1397 842 1468 Synodi
871 1397 1210 1452 Antiocheam
1241 1401 1337 1450 sub
1382 1395 1698 1449 Theodorila
1743 1395 2073 1463 patriarcha.

638 1556 756 1611 Non
787 1567 844 1612 ttt
876 1558 1107 1612 alterum
1144 1557 1340 1623 forma,
1369 1557 1462 1612 sed
1497 1565 1553 1610 ut
1603 1556 1780 1625 ipsum
1815 1571 1982 1610 unum
2037 1554 2147 1609 Ι)ου

568 1654 777 1706 miuum
841 1652 893 1704 in
954 1667 1061 1705 una
1122 1650 1298 1705 forma
1346 1652 2036 1718 exsistentem;quatenus
2098 1659 2152 1703 et

2181 651 2233 710 A

1788 320 1847 378 s.
1901 318 2287 379 THEODORI
2341 320 2687 381 STUDlT/ﬁ
3753 321 3867 380 15,3

1299 444 1432 498 ἐπὶ
1507 443 1620 496 δύο
1696 445 1794 495 καί
1854 439 2030 508 τριῶν
2103 443 2417 510 μαρτύρων
2479 443 2845 510 σταθήσεται
2917 441 3040 498 πᾶν
3127 442 3342 511 ῥῆμα,
3414 442 3739 511 Far-9:113;
3805 450 3866 494 εἰ.
3930 405 3931 420 1

2405 645 2514 702 Τοῦ
2545 646 3209 785 Χρυσοστόμῦοἶὲξξρτέζς
3246 647 3594 716 ἑρμηνείας
3625 647 3740 700 τοῦ

2333 816 2501 868 Ὅταν
2525 813 2793 884 βασιλικοὶ
2821 814 3165 884 χαρακτῆρες
3198 812 3292 864 καὶ
3321 811 3553 875 είκόνες
3597 813 3685 875 εἰς
3719 812 3861 863 9.61:3

2257 907 2642 976 εἰσφέρωνται,
2684 905 2997 958 ὑπαντῶσιν
3033 903 3294 972 ἄρχοντες
3350 904 3455 956 καὶ
3512 903 3694 970 δῆμοι
3757 906 3860 971 μετ’

2257 999 2534 1068 εὐφημίας
2559 1014 2573 1028 ο
2597 998 2659 1050 οὐ
2692 997 2879 1050 σανίδα
2913 995 3202 1063 τιμῶντες,
3233 995 3359 1047 οὐδὲ
3387 995 3497 1063 τὴν
3556 995 3861 1064 κηρότδτεν

2256 1091 2498 1161 γραφὴν,
2526 1090 2662 1143 ἀλλὰ
2685 1090 2776 1143 τὸν
2809 1088 3129 1158 χαρακτῆρα
3161 1086 3253 1140 τοῦ
3278 1087 3590 1156 βασιλέως·
3627 1085 3808 1148 oin»;

2255 1185 2452 1248 κτίσις,
2483 1185 2545 1236 οὐ
2571 1183 2632 1235 τὸ
2659 1185 2844 1251 γήῖνον
2887 1182 3071 1252 σχῆμα
3101 1182 3260 1252 τιμᾷ,
3295 1181 3440 1235 ἀλλὰ
3475 1181 3577 1233 τὸν
3609 1181 3860 1251 οὐράνιον

2259 1277 2585 1347 χαρακτῆρα
2606 1276 2855 1330 αίδεῖται.

2262 1390 2376 1458 Τῆς
2404 1392 2475 1444 ἐν
2512 1391 2840 1459 Ἀντιοχείᾳ
2873 1388 3140 1442 συνόδου
3167 1391 3269 1443 ἐπὶ
3315 1388 3706 1458 Θεοδωριτου
3759 1407 3861 1442 ,τα-

2890 1461 3192 1527 τριὰρχου.

2328 1555 2438 1624 Οὐχ
2471 1555 2548 1618 ὡς
2589 1554 2774 1625 ἕτερον
2809 1557 2874 1625 τῇ
2918 1558 3122 1625 μορφῇ,
3158 1556 3274 1608 ἀλλ’
3303 1556 3381 1618 ὡς
3415 1557 3597 1609 αὐτὸν
3626 1558 3730 1610 ἕνα
3760 1559 3862 1608 KQ,-

2261 1665 2376 1717 ριον
2408 1649 2467 1700 ἐν
2501 1649 2599 1717 μιᾷ
2651 1651 2831 1718 μορφῇ
2861 1648 2990 1702 ὄντα
3015 1665 3028 1679 ·
3062 1649 3183 1700 καθ’
3203 1648 3264 1701 ὃν
3305 1651 3397 1701 καί
3447 1654 3761 1720 χαρακτὴρ
3791 1648 3861 1712 εἷς

569 1747 853 1802 character
903 1763 1047 1802 unus
1095 1745 1270 1800 Patris
1331 1746 1653 1801 substantiae
1701 1757 1880 1808 natus,
1930 1753 1985 1798 et
2029 1755 2152 1797 ante

2263 1739 2520 1808 πεφυκὼς
2553 1743 2654 1809 τῆς
2683 1740 2777 1793 τοῦ
2808 1741 3019 1812 Πατρός
3050 1741 3426 1804 ὑποστάσεως,
3457 1746 3560 1795 καὶ
3590 1746 3706 1814 πρὸ
3745 1763 3858 1815 σαρ-

570 1853 796 1892 carnem
857 1838 1214 1907 incorporeus
1247 1849 1386 1903 eral,
1426 1847 1480 1892 et
1515 1839 1567 1891 in
1597 1853 1759 1892 carne
1787 1853 1930 1892 unus
1959 1845 2076 1904 est;
2099 1846 2154 1890 et

571 1931 626 1983 in
659 1929 896 2000 imagine
918 1929 1059 1984 idem
1081 1945 1224 1984 unus
1251 1939 1354 1990 est,
1389 1943 1496 1982 non
1526 1927 1736 1982 divisus
1758 1928 1814 1981 in
1853 1929 1990 1982 duos
2021 1928 2152 1982 cha-

570 2031 833 2087 racteres,
872 2037 969 2075 nec
1008 2021 1062 2075 in
1103 2020 1241 2075 duas
1274 2021 1483 2076 scissus
1509 2021 1745 2090 glorias;
1777 2020 1869 2075 sed
1904 2020 1956 2072 in
1990 2035 2151 2072 unam

569 2114 905 2169 coalescens.
949 2111 1011 2164 Et
1038 2124 1152 2181 post
1185 2114 1294 2166 alia
1325 2129 1343 2168 :
1376 2112 1480 2166 Sed
1518 2110 1978 2181 quemadmodum
2040 2112 2156 2178 ipse

569 2216 714 2258 unus
737 2212 820 2256 est
849 2219 915 2256 ex
947 2202 1168 2257 duobus
1226 2202 1544 2266 contrariis,
1576 2211 1628 2256 et
1662 2202 1715 2254 in
1748 2218 1911 2256 unam
1968 2200 2152 2255 coale-

579 2296 682 2351 scit
721 2311 1011 2366 personam
1038 2313 1053 2363 ;
1085 2296 1166 2350 sic
1191 2296 1352 2350 etiam
1379 2295 1552 2365 ipsius
1583 2295 1762 2365 imago
1793 2303 1846 2348 et
1867 2309 1972 2347 una
1995 2303 2078 2349 est
2103 2303 2156 2348 et

570 2387 814 2457 ejusdem
869 2388 1030 2442 unius
1079 2386 1529 2455 Christizneque
1585 2386 1813 2440 alterum
1873 2386 2154 2439 characte-

570 2495 685 2535 rem
722 2481 1026 2535 secundum
1069 2495 1289 2535 carnem
1345 2479 1666 2548 apparuisse
1710 2479 1866 2532 nobis
1899 2478 2152 2542 dicimus,

571 2582 626 2625 et
680 2571 910 2626 alterum
973 2572 1029 2625 in
1109 2571 1346 2639 imagine
1395 2571 1744 2625 eﬂ’ormatum
1777 2571 2152 2624 characterem

567 2665 721 2733 juxta
754 2663 992 2733 Speciem
1033 2664 1227 2717 formae
1254 2661 1464 2731 ipsius;
1505 2662 1599 2717 sed
1630 2662 1888 2716 eumdum
1922 2675 2092 2714 unum
2137 2674 2150 2710 :

571 2756 828 2824 quoniam
859 2771 1035 2826 neque
1075 2755 1362 2810 character
1392 2753 1574 2810 dictus
1606 2765 1690 2809 est
1717 2763 1990 2823 quatenus
2032 2767 2153 2806 cor-

573 2863 698 2913 pus,
731 2850 824 2901 sed
858 2857 1126 2917 quatenus
1163 2849 1520 2915 incorporeus
1551 2865 1563 2900 :
1594 2857 1648 2900 et
1686 2845 1789 2899 hoc
1823 2844 2025 2900 clarius
2057 2856 2154 2911 per

2260 1833 2354 1890 κὸς
2382 1831 2673 1902 ἀσώματος
2703 1829 2782 1897 εἷς
2818 1851 2876 1886 τε
2915 1831 3004 1904 ἦν,
3040 1836 3134 1888 καὶ
3164 1837 3223 1887 ἐν
3257 1836 3428 1902 σαρκὶ
3458 1831 3544 1898 εἷς
3583 1839 3735 1901 ἐστι,
3776 1842 3858 1890 καὶ

2259 1925 2318 1977 ὲν
2367 1926 2538 1977 εἰκόνι
2563 1928 2591 1978 ὁ
2620 1926 2778 1988 αὐτὸς
2809 1920 2890 1986 εἷς
2930 1927 3182 1996 ὐπάρχει·
3218 1927 3293 1997 μὴ
3323 1927 3735 1996 διαιρούμενος
3790 1934 3858 1991 εἰς

2259 2018 2352 2071 δύο
2388 2021 2741 2090 χαρακτῆρας
2766 2037 2779 2050 ·
2822 2021 2961 2090 μήτε
2989 2021 3044 2073 δὲ
3077 2020 3392 2091 σχιζόμενος
3431 2024 3516 2084 εἰς
3545 2023 3648 2074 δύο
3681 2025 3853 2088 δόξας·

2259 2111 2374 2163 ἀλλ’
2404 2113 2483 2174 είς
2537 2113 2666 2181 μίαν
2721 2112 3106 2182 συναγόμενος.
3140 2115 3246 2166 Καὶ
3289 2117 3418 2182 μεθ’
3449 2115 3673 2182 ἑτερα-

2261 2202 2450 2272 ῶσπερ
2478 2204 2638 2266 αὐτὸς
2675 2197 2756 2266 εἷς
2784 2206 2933 2257 ἐστιν
2961 2207 3024 2258 ἐκ
3049 2205 3141 2257 δύο
3189 2207 3295 2259 τῶν
3323 2210 3616 2272 ἐναντίων,
3654 2212 3752 2263 καὶ
3785 2215 3853 2272 εἰς

2261 2295 2319 2346 ἓν
2355 2295 2645 2362 συνάγεται
2685 2297 2975 2367 πρόσωπον
3001 2316 3016 2330 ο
3045 2298 3188 2351 οὕτω
3218 2301 3309 2352 καὶ
3335 2301 3506 2354 εἰκὼν
3541 2305 3724 2356 αὐτοῦ
3765 2311 3851 2372 μία

2261 2386 2319 2438 τέ
2347 2387 2484 2449 ἐστι,
2515 2387 2608 2439 καὶ
2641 2387 2734 2438 τοῦ
2771 2387 2934 2440 αὐτοῦ
2957 2388 3073 2450 ἐνὸς
3096 2390 3357 2458 Χριστοῦο
3393 2392 3495 2444 καὶ
3530 2394 3639 2463 οὐχ
3673 2396 3850 2465 ἕτερον

2261 2477 2585 2547 χαρακτῆρα
2641 2478 2874 2549 ἐροῦμεν
2932 2480 3022 2532 τὸν
3073 2483 3212 2534 κατὰ
3266 2483 3450 2554 σάρκα
3513 2487 3850 2551 ἐπιφανέντα

2260 2570 2414 2638 ἡμῖν,
2449 2571 2542 2621 καὶ
2593 2571 2779 2641 ἕτερον
2829 2572 2920 2622 τόν
2975 2571 3095 2624 κατ’
3130 2574 3317 2627 εἰκόνα
3368 2578 3849 2645 σχηματιζόμεν-.ν

2262 2664 2588 2734 χαρακτῆρα
2619 2665 2674 2716 ὲν
2712 2663 2841 2716 είδει
2901 2663 3115 2734 μορφῆς
3147 2664 3312 2717 αὐτοῦ
3347 2683 3361 2696 ·
3392 2666 3536 2718 ἀλλὰ
3566 2670 3663 2720 τόν
3695 2673 3846 2724 αὐτὶ-ι

2260 2752 2387 2804 ἕνα·
2437 2752 2560 2804 ἐπεὶ
2614 2753 2752 2821 μήτε
2803 2752 2936 2805 καθὸ
2970 2753 3129 2822 σῶμα
3178 2755 3205 2805 6
3256 2756 3551 2826 χαρακτὴρ
3612 2761 3844 2829 είρηται,

2262 2843 2396 2896 ἀλλὰ
2423 2843 2558 2895 καθὸ
2591 2843 2902 2910 ἀσώματονο
2933 2844 3202 2898 καὶτοῦτο
3229 2845 3433 2913 μᾶλλον
3460 2847 3551 2900 δια
3577 2851 3677 2903 τοῦ
3711 2852 3845 2904 θείου

572 2938 821 2990 divinum
854 2936 1313 3006 Chrysostomum
1335 2937 1714 3005 explicabitur,
1742 2935 1836 3004 qui
1871 2934 2153 2988 characte-

2262 2935 2646 3004 Χρυσοστόμου
2679 2935 3207 3006 διευκρινηθήσεται,
3234 2938 3326 2990 τὸν
3381 2942 3730 3012 χαρακτῆρα
3767 2946 3846 2995 οὑ-

574 3041 688 3081 rem
711 3027 990 3081 caelestem
1021 3027 1172 3092 dicit,
1204 3028 1402 3096 quippe
1430 3027 1524 3095 qui
1565 3041 1594 3079 e
1633 3027 1794 3088 cmlo,
1827 3040 1935 3078 non
1962 3033 2152 3093 quate-

577 3135 682 3174 nus
716 3135 935 3187 corpus,
977 3121 1072 3175 sed
1106 3129 1387 3190 'quatenus
1425 3119 1804 3188 incorporeus,
1839 3118 2150 3189 unigenitus

576 3210 722 3266 Deus
747 3211 1086 3267 descendens
1117 3213 1184 3266 de
1209 3211 1364 3266 cmlis
1405 3212 1723 3265 incarnatus
1762 3218 1865 3276 est,
1901 3221 1956 3266 et
1985 3226 2150 3280 appa-

573 3304 686 3358 ruit
723 3319 953 3373 corpore
999 3313 1190 3359 nostro
1228 3303 1469 3356 indutus.
1520 3301 1588 3354 Et
1617 3312 1734 3370 post
1769 3320 1938 3370 pauca
1965 3320 1983 3357 :
2008 3302 2151 3373 Ergo

573 3397 704 3467 quia
732 3413 826 3466 per
849 3397 1166 3452 relationem
1191 3397 1369 3468 ipsum
1404 3397 2043 3459 ostenditcharacterem,
2070 3399 2151 3466 ip-

575 3503 699 3542 sum
750 3488 1030 3545 Christum
1081 3492 1396 3556 adoramus,
1447 3500 1502 3545 et
1549 3505 1656 3543 non
1707 3491 1988 3545 materiam
2035 3501 2150 3544 arte

570 3581 863 3651 ﬁguratam
893 3582 946 3636 in
985 3583 1241 3653 imagine.

1068 3694 1270 3766 Synodi
1305 3694 1542 3749 Nicwna:
1578 3694 1638 3748 ΙΙ
1679 3735 1692 3748 .

650 3808 714 3864 Et
733 3810 826 3900 qui
851 3809 1042 3864 adorat
1069 3810 1384 3880 imaginem,
1408 3810 1601 3864 adorat
1630 3811 1681 3862 in
1718 3827 1779 3864 ea
1815 3812 2147 3880 hypostasim

574 3903 693 3971 ejus
728 3903 821 3970 qui
858 3903 1106 3971 depictus
1158 3911 1258 3957 est.

855 4013 1060 4070 CXCV.
1087 4046 1158 4058 —-
1184 4015 1440 4071 Eudaciae
1485 4017 1897 4072 Candidatissw.

2261 3027 2444 3095 ράνιον
2496 3025 2762 3094 λέγοντος,
2796 3029 3024 3100 ἐπείπερ
3054 3031 3150 3083 καὶ
3195 3033 3253 3098 ἐξ
3306 3032 3572 3101 οὐρανοῦ,
3614 3038 3677 3088 οὐ
3719 3040 3844 3088 καθῦ

2262 3121 2441 3186 σῶμα,
2469 3118 2604 3172 ἀλλὰ
2630 3118 2764 3173 καθὸ
2795 3120 3085 3190 ἀσώματον
3109 3164 3123 3186 ,
3161 3125 3187 3174 6
3218 3125 3520 3195 μονογενὴς
3546 3124 3690 3189 Θεὸς
3725 3145 3841 3180 κατ-

2258 3211 2427 3264 ελθὼν
2455 3213 2519 3264 ὲκ
2551 3211 2658 3264 τῶν
2689 3213 2935 3282 οὐρανῶν
2960 3214 3268 3285 ἐσαρκώθη,
3288 3217 3381 3268 καὶ
3406 3218 3660 3286 ἐπέτεινε
3695 3219 3843 3288 σῶμα

2258 3304 2612 3373 περιθέμενος
2647 3304 2707 3355 τὸ
2757 3304 3045 3373 ἡμέτερον.
3076 3306 3182 3358 Καὶ
3207 3309 3338 3373 μετ’
3374 3308 3558 3376 ὀλίγα
3587 3329 3602 3341 ·
3641 3313 3840 3364 Οὖκῦῦν

2257 3396 2380 3448 ἐπεὶ
2417 3396 2559 3448 κατὰ
2594 3396 2874 3464 ἀναφορὰν
2907 3396 3070 3449 αὐτὸν
3099 3397 3340 3450 δείκνυσι
3369 3400 3462 3452 τὸν
3493 3406 3838 3474 χαρακτῆρα,

2257 3489 2420 3542 αὐτὸν
2451 3487 2684 3558 Χριστὸν
2719 3488 3150 3559 προσκυνοῦμεν,
3182 3492 3274 3542 καὶ
3318 3491 3380 3542 οὐ
3411 3491 3515 3562 τὴν
3572 3494 3711 3563 ὓλην
3759 3514 3838 3548 τε-

2256 3583 2456 3652 χνικῶς
2486 3584 2960 3655 σχηματιζομένη-θ
2989 3587 3046 3638 ἐν
3075 3588 3139 3656 τῇ
3175 3585 3374 3641 εἰκόνι.

2561 3695 2679 3765 Τῆς
2705 3698 2777 3751 ἐν
2804 3701 3018 3766 Νικαίᾳ
3046 3700 3315 3754 συνόδου
3347 3701 3412 3754 τὸ
3447 3704 3532 3756 B'.

2328 3814 2439 3868 Kal.
2468 3815 2497 3865 ὁ
2529 3814 2848 3885 προσκυνῶν
2877 3815 2974 3884 τὴν
2998 3817 3208 3881 εἰκόνα,
3247 3821 3552 3888 προσκυνεῖ
3590 3823 3652 3873 ἐν
3705 3825 3830 3894 αὐτῇ

2256 3906 2348 3960 τοῦ
2385 3907 2790 3977 ἐγγραφομένου
2820 3909 2918 3979 τὴν
2951 3909 3264 3962 ὑπόστασιν.

2335 4021 2477 4088 PLLE'
2507 4023 2640 4090 (89).
2670 4051 2737 4062 --
2762 4021 3023 4091 Εῠδοκίᾳ
3046 4022 3524 4094 Κανδιδατίσσῃ.
3566 4027 3733 4103 [ψπη

1570 4128 1773 4190 Εετυῐη
1800 4129 1938 4178 vanis
1963 4132 2233 4182 terroribus
2255 4133 2469 4183 animum
2507 4134 2807 4183 corroborat.

653 4238 951 4293 indicatum
981 4249 1064 4293 est
1099 4239 1229 4292 mihi
1252 4255 1281 4293 a
1309 4238 1474 4293 fratre
1511 4238 1753 4302 Silvano,
1779 4241 2149 4298 honorificen-
2185 4250 2231 4306 ι)

580 4333 711 4386 tiam
743 4339 891 4384 tuam
916 4329 967 4382 in
1004 4344 1244 4384 mmrore
1273 4345 1416 4393 esse,
1454 4341 1671 4400 propter
1703 4341 1903 4386 metum
1957 4349 2148 4400 quem-

580 4427 704 4478 dam
739 4430 792 4477 et
827 4431 1116 4484 terrorem,
1163 4422 1258 4492 qui
1306 4425 1541 4478 animam
1587 4426 1794 4496 absque
1834 4428 1942 4482 ulla
1982 4444 2147 4483 causa

580 4515 887 4583 occupavit.
941 4514 1094 4580 Quod
1152 4516 1379 4571 audiens
1418 4532 1518 4587 ego
1568 4520 1790 4575 humilis
1828 4522 1970 4575 haud
2031 4522 2150 4577 sine

581 4605 748 4659 animi
795 4619 960 4659 sensu
1007 4606 1127 4670 tuli,
1159 4607 1253 4661 sed
1285 4607 1457 4675 dolui,
1498 4620 1857 4681 precatusque
1898 4629 2043 4680 sum,
2082 4615 2149 4668 li-

579 4708 662 4748 cet
693 4693 946 4762 indignus
972 4694 1062 4764 qui
1117 4711 1147 4748 a
1180 4695 1291 4749 Deo
1330 4700 1610 4765 exaudiar,
1649 4710 1766 4755 uta
1802 4712 1852 4757 te
1891 4704 2148 4760 abscedat

580 4786 665 4838 hic
678 4794 876 4838 metus.
896 4784 1038 4850 Quin
1063 4802 1209 4841 nunc
1229 4789 1391 4841 etiam
1407 4797 1459 4842 et
1474 4805 1574 4858 ego
1587 4802 1642 4845 et
1656 4793 1910 4850 dominus
1933 4797 2148 4851 archie-

575 4879 852 4946 piscopus,
872 4888 925 4931 et
953 4876 1148 4932 fratres
1175 4877 1336 4932 simul
1368 4891 1526 4936 orant
1558 4892 1617 4937 ut
1645 4885 1816 4952 pietas
1837 4898 1923 4941 tua
1955 4888 2024 4942 ab
2047 4891 2147 4945 hoc

560 4972 770 5022 tmorbo
785 4972 1147 5024 convalescat.
1166 4968 1435 5025 Caeterum
1453 4975 1673 5030 morbus
1685 4977 1793 5044 hic,
1806 4978 2149 5045 domina,ab-

577 5062 778 5115 surdus
818 5071 974 5115 estet
1000 5063 1121 5130 jure
1140 5066 1792 5137 contemnendus;neque
1835 5071 2148 5128 existimare

577 5154 741 5206 debes
760 5155 935 5221 ipsum
957 5155 1054 5209 tibi
1077 5157 1375 5225 quidquam
1404 5159 1528 5212 mali
1556 5159 1748 5215 ασκεω-ε
1767 5179 1930 5232 posse
1951 5166 2153 5236 :siqui-

577 5247 697 5298 tletn
730 5245 1005 5300 Christum
1032 5249 1220 5303 induta
1247 5265 1325 5314 es,
1368 5261 1423 5304 et
1457 5268 1675 5308 cruccm
1700 5256 1821 5322 ejus
1859 5273 1957 5327 pro
1986 5259 2153 5314 armis

581 5338 746 5391 habes
773 5357 785 5391 :
809 5339 966 5405 cujus
988 5340 1144 5410 signo
1171 5351 1220 5396 te
1241 5345 1518 5412 muniens,
1546 5362 1737 5403 omnes
1759 5350 2011 5419 protinus
2041 5353 2150 5406 da:-

578 5430 757 5484 monis
783 5432 1065 5485 machinas
1090 5435 1439 5504 expulsuram
1474 5447 1524 5493 te
1554 5439 1734 5505 crede,
1757 5441 1869 5497 sive
1891 5443 2147 5508 interdiu,

2337 4247 2607 4319 Ἐδηλὼθη
2668 4265 2758 4319 μοι
2805 4249 2909 4301 ὐπό
2963 4248 3057 4302 τοῦ
3109 4249 3342 4321 ἀδελφοῦ
3381 4254 3679 4310 Σιλουανοῦ
3710 4263 3825 4328 περὶ

2251 4339 2349 4408 τῆς
2380 4339 2690 4408 τιμιότητός
2722 4356 2835 4400 σου,
2869 4341 2949 4393 ὄτι
2979 4342 3037 4394 ὲν
3067 4341 3212 4416 λύπῃ
3241 4345 3360 4397 ἐστὶ
3412 4347 3504 4400 διὰ
3531 4350 3594 4400 τὸ
3622 4351 3822 4417 ἐγγίνε-

2255 4431 2378 4482 σθαί
2419 4447 2499 4483 σοι
2532 4431 2695 4498 φόϐον
2749 4431 2874 4486 τινὰ
2912 4433 3005 4485 καὶ
3047 4434 3275 4505 πτόησιν
3304 4437 3364 4488 ὲν
3407 4441 3475 4508 τῇ
3510 4439 3658 4511 ψυχῇ
3705 4445 3820 4495 ἄνευ

2251 4523 2396 4584 τινὸς
2423 4523 2618 4586 αίτίας.
2649 4523 2756 4575 Καὶ
2784 4524 3023 4586 ἀκούσας
3045 4527 3143 4578 οὐκ
3169 4526 3400 4591 ἀπαθῶς
3431 4531 3645 4601 ἤνεγκα
3676 4535 3702 4584 6
3737 4551 3820 4586 τα-

2253 4614 2434 4677 πεινός
2462 4632 2475 4643 °
2525 4614 2658 4668 ἀλλὰ
2689 4615 2784 4667 καὶ
2830 4615 3125 4687 ἐλυπήθην,
3162 4620 3253 4671 καὶ
3303 4621 3588 4693 ηὐξάμην,
3647 4629 3694 4678 εἰ
3739 4629 3817 4680 καὶ

2253 4704 2468 4769 ἀνάξιος
2524 4704 2895 4758 ὑπακούεσθαι
2950 4706 3104 4776 παρῖ
3142 4706 3300 4771 Θεοῦ,
3337 4709 3572 4780 λυθῆναι
3626 4717 3684 4768 τὸ
3714 4717 3816 4779 δέος

2251 4795 2428 4848 ἐκεῖνο
2472 4795 2579 4848 ἀπὸ
2625 4793 2741 4848 σοῦ.
2787 4794 2945 4847 Ἀλλὰ
2978 4795 3070 4848 καὶ
3103 4795 3181 4850 ἔτι
3212 4797 3372 4866 κάγὼ
3415 4803 3514 4854 καὶ
3568 4805 3598 4855 6
3646 4807 3817 4874 κύριος

2250 4890 2278 4941 6
2301 4889 2750 4957 ἀρχιεπίσκοπος.
2786 4888 2879 4940 καὶ
2915 4888 2965 4940 οί
2991 4887 3208 4957 ἀδελφοὶ
3239 4891 3597 4963 συνεύχονται
3630 4903 3811 4969 καταρ-

2253 4981 2542 5051 ῥαῖσθῆναι
2587 4979 2649 5032 τὸ
2677 4978 2846 5042 πάθος
2877 4978 2983 5031 ἀπὸ
3033 4981 3129 5048 τῆς
3162 4981 3454 5047 εὐσεϐείας
3490 5005 3608 5042 σου.
3666 4991 3814 5042 Τοῦτο

2251 5071 2328 5134 δὲ,
2366 5070 2551 5139 κυρία,
2583 5068 2874 5122 ἀλλόκοτόν
2901 5069 3017 5121 ἐστι
3040 5068 3101 5121 τὸ
3130 5070 3325 5136 πάθος,
3352 5075 3451 5126 καὶ
3488 5077 3813 5149 εὐκαταφρῇ-

2254 5177 2413 5230 νητον
2447 5174 2460 5187 ·
2517 5160 2610 5213 καὶ
2644 5159 2742 5211 οὐκ
2797 5159 3030 5227 ὀφείλεις
3068 5158 3388 5226 λογίζεσθαι
3449 5168 3586 5221 αὐτὸ
3613 5170 3741 5233 ὅλως
3766 5173 3811 5224 ἓν

2253 5267 2363 5302 τινι
2392 5250 2686 5320 δυνάμενόν
2723 5267 2780 5302 σε
2813 5250 3224 5320 παραὸλάπτειν
3251 5270 3265 5283 ·
3305 5253 3450 5311 διότι
3479 5260 3572 5313 τὸν
3606 5262 3811 5332 Χριστῆν

2253 5343 2431 5395 ἐνδεδυ
2442 5343 2600 5412 μένη,
2635 5341 2838 5395 καὶτὸν
2868 5341 3098 5412 σταυρὸν
3127 5343 3298 5396 αὐτοῦ
3326 5347 3482 5418 ἔχεις
3515 5353 3674 5406 ὅπλον
3703 5372 3714 5384 ·
3741 5357 3810 5422 ἐφ’

2253 5428 2297 5502 ᾧ
2321 5435 2714 5506 σημειουμένη,
2748 5433 3071 5488 ἁποόιώκειν
3096 5439 3364 5507 παραυτά
3405 5443 3633 5501 πίστευε
3665 5449 3811 5501 πᾶσαν

2089 5663 2318 5721 ΝΠιΕ.

645 5771 756 5840 (89)
784 5772 838 5826 In
876 5775 996 5828 «οὐ.
1039 5775 1168 5846 Heg.
1206 5774 1344 5846 ρζτί.
