3976 6322
130 383 161 444 1
179 377 313 441 593

1358 377 1898 440 EPISTOLARUM
1939 378 2087 438 LIB.
2152 377 2236 437 II.

3202 400 3205 403 ·
3288 372 3425 438 1594

123 488 473 560 σκαιωρίαν
497 489 841 559 δαιμονικὴν,
870 489 970 544 κᾶν
1004 491 1062 542 ὲν
1089 491 1293 562 ἡμέρα,
1338 493 1441 546 κᾶν
1473 495 1530 545 ἐν
1585 493 1725 546 νυκτ¹

1847 493 1960 550 sive
2000 505 2164 550 noctu
2190 504 2241 548 te
2269 489 2576 562 perturbari
2611 487 2921 560 contigerit.
2959 487 3135 546 Psalle
3161 487 3329 562 igitur
3355 493 3426 547 ad

127 580 446 651 συμϐαίνῃ
497 597 556 632 σε
608 579 967 649 ὲκθροείσθαι.
996 581 1175 636 Ψάλλε
1205 581 1299 635 οὖν
1340 583 1477 652 πρὸς
1511 584 1734 651 Κύριον·

136 672 324 725 Ἀπὸ
360 673 550 740 φόϐου
589 671 806 741 ἐχθροῦ
836 672 1051 736 ἐξελοῦ
1083 672 1196 741 τὴν
1225 673 1437 743 ψυχήν
1458 692 1598 744 μου.
1627 674 1740 729 Καὶ

121 765 348 817 πάλινο
388 766 471 818 Ob
500 763 916 833 φοϐηθήσομαι
963 764 1083 818 ἀπὸ
1140 765 1328 833 φόϐου
1362 767 1736 833 νυκτερινοῦ,

118 858 273 911 ἀπὸ
338 857 571 924 ,ϐέλους
613 857 943 927 πετομένου
973 857 1219 928 ἡμέρας,
1250 858 1370 912 ἀπὸ
1399 857 1740 926 πράγματος

123 954 208 1002 ἐν
274 950 490 1002 σκότει
544 949 1072 1017 διαπορευομένου,
1126 949 1246 1003 ἀπὸ
1298 949 1741 1019 συμπτώματος

116 1046 241 1100 καὶ
287 1045 609 1114 δαιμονίου
633 1043 1066 1113 μεσημϐρινοῦ.
1096 1045 1223 1097 Καί·
1264 1046 1329 1098 El
1358 1047 1391 1097 ὁ
1420 1043 1560 1110 Θεὸς
1587 1045 1744 1112 ὑπὲρ

118 1139 288 1201 σοῦ,
333 1139 424 1203 τίς
449 1140 600 1191 κατὰ
623 1137 738 1191 σοῦ
763 1153 781 1200 ;
810 1130 870 1189 οὗ
895 1138 987 1189 καὶ
1013 1135 1075 1189 τὸ
1103 1136 1261 1206 σῶμα
1287 1136 1509 1200 ἐσθίεις,
1551 1139 1648 1188 καὶ
1680 1137 1740 1189 τὸ

114 1229 290 1300 αἷμα
328 1234 508 1294 πίνεις
533 1249 546 1261 ·
573 1232 656 1299 ἐφ’
674 1225 755 1293 οἷς
785 1228 1206 1299 καταπατοῦμεν
1232 1228 1418 1282 ἐπάνω
1441 1230 1617 1298 ὄφεων
1645 1231 1742 1283 καὶ

119 1322 463 1391 σκορπίων,
514 1321 608 1374 καὶ
637 1321 730 1372 ἐπί
773 1321 954 1373 πᾶσαν
980 1320 1078 1388 τήν
1113 1318 1341 1388 δύναμιν
1387 1318 1484 1372 τοῦ
1515 1319 1734 1390 ἐχθροῦ.

115 1411 224 1482 Μὴ
261 1412 461 1464 τοίνυν
503 1412 947 1481 συγκαταπέσῃς,
1004 1409 1140 1481 μηδὲ
1177 1410 1501 1481 ῥᾳθυμήσῃς
1549 1413 1608 1464 ἐν
1662 1410 1740 1480 τῷ

114 1507 372 1576 ἀκαίρῳ
436 1505 610 1574 τούτῳ
671 1505 870 1576 φόϐῳ·
936 1503 1308 1574 ἁλλέὺθύμει
1372 1505 1431 1558 ὲν
1497 1506 1735 1575 Κυρίῳ’

114 1597 253 1659 καὶ,
285 1596 818 1666 -ὃπομιμνήσκομεν,
840 1595 1168 1664 προσεύχου,
1189 1593 1372 1658 καθὼς
1391 1595 1485 1648 καὶ
1508 1593 1738 1671 εἴθισται

115 1709 234 1754 σοι,
275 1690 508 1760 νύκτωρ
557 1692 652 1743 καὶ
703 1690 819 1759 μεθ’
848 1689 1080 1760 ήμέραν,
1132 1690 1181 1740 εί
1229 1688 1380 1759 δύνῃ,
1411 1689 1506 1741 καὶ
1541 1687 1736 1758 μικρὸν

112 1783 521 1851 ἀναγίνωσκε·
551 1782 645 1834 καὶ
701 1783 734 1853 ή
768 1783 956 1853 είρήνη
989 1779 1082 1832 τοῦ
1123 1779 1262 1833 Θεοῦ
1311 1780 1613 1851 φρουρήσει
1650 1796 1733 1845 σε,

111 1878 222 1929 καὶ
252 1877 536 1944 ἀπήμονα
554 1875 874 1946 διατηρήσει
900 1876 958 1926 ὲν
986 1875 1172 1928 πᾶσιν.

187 1993 374 2059 Ριιεῖι
406 1991 539 2061 (90).
570 2021 640 2031 -
669 1991 1030 2060 Εὺρροσύνῃ
1076 1987 1401 2058 ἡγουμένῃ.
1454 1986 1650 2060 [sapa]

1845 584 2131 640 Dominum
2158 605 2172 640 :
2204 586 2246 639 A
2274 587 2458 638 timore
2484 582 2685 635 inimici
2717 582 2859 649 eripe
2898 582 3131 635 animum
3173 585 3424 640 meum“.

1842 676 1911 734 Et
1951 693 2169 734 rursum
2204 696 2218 734 :
2257 677 2376 732 Non
2419 678 2607 732 timebo
2649 693 2682 729 a
2717 676 2902 728 timore
2946 685 3225 741 nocturno,
3254 693 3287 730 α
3330 695 3425 731 sa-

1841 770 1974 842 gitta
2005 770 2212 825 volante
2247 769 2301 823 in
2323 769 2429 834 die,
2453 786 2486 822 a
2514 767 2717 836 negotio
2751 765 3151 834 perambulante
3185 768 3239 820 in
3284 778 3427 822 tene-

1842 866 1970 930 bris,
2008 867 2073 917 ab
2116 865 2335 917 incursu
2384 872 2430 916 et
2465 862 2726 916 daemonia
2781 861 3078 914 meridiano
3113 863 3180 914 “.
3212 857 3279 915 Et
3312 879 3326 915 :
3365 861 3427 915 Si

1840 958 1980 1012 Deus
2015 974 2110 1027 pro
2141 968 2208 1023 te,
2235 958 2350 1027 quis
2382 967 2566 1010 contra
2599 968 2648 1010 te
2667 955 2735 1020 δ’.
2762 969 2884 1025 quas
2912 967 3111 1022 corpus
3137 952 3257 1022 ejus
3285 954 3419 1020 edis,

1839 1062 1893 1106 et
1927 1052 2248 1123 sanguinem
2292 1052 2474 1118 bibis;
2503 1067 2739 1122 quorum
2776 1066 2881 1122 ope
2920 1047 3303 1120 proculcantes
3333 1048 3420 1101 in-

1841 1146 2181 1200 ambulamus
2198 1160 2360 1214 super
2383 1155 2662 1213 serpentes
2686 1153 2740 1199 et
2761 1145 3004 1214 scorpios
3025 1153 3079 1196 et
3102 1155 3265 1210 super
3299 1155 3422 1194 om-

1840 1253 1962 1290 nem
1991 1238 2246 1290 virtutem
2280 1236 2486 1290 inimici
2508 1236 2599 1289 “?
2631 1235 2709 1290 Ne
2741 1235 2903 1305 igitur
2925 1235 3107 1288 anima
3142 1231 3420 1296 concidas,

1840 1345 1940 1384 nec
1975 1329 2280 1400 languidior
2327 1329 2423 1383 ﬁas
2467 1329 2521 1382 in
2565 1329 2666 1384 hoc
2702 1329 2896 1383 timore
2938 1327 3294 1395 importuno:
3327 1324 3420 1377 sed

1841 1420 2020 1476 laetare
2061 1422 2115 1474 iu
2169 1420 2400 1474 Domino
2435 1437 2452 1486 ;
2486 1430 2559 1486 et,
2597 1421 2741 1490 quod
2779 1419 3158 1478 admonemus,
3207 1431 3324 1480 ora,
3365 1423 3421 1468 ut

1839 1513 2008 1575 soles,
2039 1521 2202 1566 nocte
2231 1511 2447 1581 dieque,
2468 1512 2513 1567 si
2545 1524 2724 1582 potes,
2743 1521 2797 1567 et
2826 1509 3228 1581 aliquantulum
3264 1508 3379 1576 lege
3404 1524 3418 1559 :

1838 1617 1891 1660 et
1925 1621 2027 1675 pax
2057 1605 2150 1661 Dei
2188 1615 2241 1661 te
2269 1606 2565 1670 custodiet,
2599 1618 2655 1660 et
2680 1606 2904 1662 illazsam
2933 1603 3175 1660 servabit
3203 1603 3258 1657 in
3293 1616 3413 1656 om-

1839 1699 2020 1754 nibus.

2080 1984 2310 2041 CXCVI.
2350 2017 2419 2027 —
2458 1985 2816 2056 Euphrosynse
2853 1985 3174 2054 prwpositw.

554 2106 803 2164 Quomodo
825 2115 1004 2166 gerere
1027 2115 1083 2152 se
1114 2102 1294 2152 debeat
1326 2116 1442 2166 erga
1467 2102 1739 2164 quamdam,
1763 2114 1875 2163 quae
1898 2113 1957 2150 ex
1985 2100 2139 2164 ipsius
2164 2099 2461 2150 monasterio
2485 2099 2664 2149 dimitti
2691 2101 2987 2162 postulabat.

188 2209 536 2280 Μεμὰθηκα
595 2209 747 2278 παρὰ
794 2204 889 2258 τοῦ
919 2201 978 2258 εὖ
1025 2207 1249 2273 εἰδότος,
1280 2207 1360 2260 ὅτι
1405 2223 1498 2259 σου
1547 2206 1724 2275 ἥψατο

109 2305 274 2374 λύπη
344 2302 453 2370 τῆς
506 2301 844 2371 τιμιότητος,
875 2299 965 2351 διὰ
991 2299 1052 2352 τὸ
1093 2298 1300 2353 ἐθέλειν
1329 2298 1458 2368 μίαν
1487 2297 1723 2367 ἀδελφὴν

109 2393 451 2465 τετμῆσθαί
491 2409 582 2445 σου
605 2392 702 2460 τῆς
736 2392 892 2458 ἁγίας
923 2391 1167 2452 συνοδίας
1191 2404 1205 2418 ·
1241 2390 1335 2442 καὶ
1364 2389 1464 2441 οὐκ
1497 2388 1602 2452 ἔξω
1627 2387 1723 2441 τοῦ

113 2487 351 2547 εἰκότος
389 2486 424 2554 ή
457 2483 625 2552 λύπη.
660 2481 781 2544 Πῶς
816 2480 924 2549 γὰρ
953 2480 1019 2534 ἂν
1045 2483 1138 2532 καὶ
1168 2481 1267 2533 οὐκ
1297 2480 1553 2550 ἀλγήσειε
1575 2479 1724 2550 ψυχὴ

111 2578 555 2648 ἐκκοπτομένου
591 2573 685 2628 τοῦ
750 2573 955 2626 οἰκείου
995 2573 1226 2644 μέλουςς
1273 2572 1415 2624 Ἀλλ’
1445 2575 1595 2641 ὅμως
1641 2574 1724 2625 ὅτι

116 2672 439 2744 συμϐαίνει
486 2669 554 2721 τὰ
604 2666 828 2719 τοιαῦτα
877 2665 937 2731 ἐξ
991 2664 1258 2736 ἐπηρείας
1278 2664 1371 2717 τοῦ
1413 2665 1724 2736 ἐνεδρεύον-

113 2783 211 2826 τες
243 2766 310 2816 ἐν
344 2763 473 2822 τοῖς
508 2759 641 2819 υἱοῖς
671 2756 772 2826 τῆς
805 2757 1088 2819 ἀπειθείας
1121 2773 1134 2786 ’
1169 2756 1260 2808 καὶ
1296 2756 1402 2826 χρὴ
1427 2758 1574 2826 ἡμᾶς
1617 2773 1724 2826 μοι·

111 2854 437 2927 κροθύμως
487 2850 708 2920 φέρειν·
743 2852 923 2903 πᾶσαν
988 2849 1469 2918 ἐπιδεικνυμένους
1524 2848 1723 2918 ἐπιμέ-

115 2949 301 3007 λειαν,
330 2948 470 2999 ὅσον
495 2943 780 3013 ἐπιτρέπει
812 2946 840 2996 ό
875 2942 1078 3011 ἀληθὴς
1124 2941 1300 3007 λόγος’
1325 2942 1401 3004 ὼς
1437 2942 1504 2995 ἂν
1559 2941 1723 2994 etiam

113 3040 213 3092 τοῦ
259 3038 509 3105 αἵματος
560 3033 749 3103 εἴημεν
777 3031 869 3085 τοῦ
897 3030 1160 3093 τοιούτου,
1189 3031 1357 3100 ἤγουν
1411 3031 1509 3101 τῆς
1538 3033 1723 3083 τοιᾶσ-

115 3133 198 3191 δε,
230 3124 486 3196 ἀδελφοῦ
533 3141 591 3176 τε
640 3122 1036 3193 ὀνομασθέντος
1084 3122 1116 3190 ἦ
1179 3122 1438 3191 ἀδελφῆς.
1494 3122 1724 3192 Ἐπεζή-

115 3239 300 3294 «mea;
329 3221 390 3274 δὲ
430 3218 650 3288 μαθεῖν,
680 3219 728 3269 εί
759 3214 1013 3283 ἀνένοχόν
1040 3215 1156 3266 ἐστι
1214 3217 1282 3284 τῇ
1307 3216 1584 3284 τιμιότητί
1628 3233 1720 3267 σου

122 3312 409 3367 ἁποὶῦσαι
442 3313 545 3380 τὴν
602 3305 1012 3377 φιλονεικοῦσαν
1074 3306 1385 3375 ἐκραγῆναι,
1439 3323 1532 3359 σου
1565 3306 1723 3360 ἀδελ-

122 3410 256 3477 φῆν.
292 3406 412 3458 Καὶ
444 3404 565 3461 πῶς
597 3403 733 3472 σοφὴ
759 3397 892 3454 οὖσα
947 3399 1043 3452 καὶ
1081 3401 1296 3469 συνετὴ,
1325 3401 1424 3452 οὐκ
1471 3401 1562 3469 ἀφ’
1594 3401 1722 3454 ἑαυ-

1899 2207 2069 2261 Didici
2098 2208 2166 2262 ab
2189 2223 2254 2261 eo
2291 2206 2377 2260 cui
2423 2206 2590 2274 probe
2625 2215 2752 2259 nota
2792 2220 2876 2260 res
2902 2215 3040 2270 erat,
3098 2205 3288 2260 dolore
3332 2216 3415 2259 ta-

1824 2314 1966 2358 ctam
2003 2318 2126 2356 esse
2163 2298 2524 2353 reverentiam
2553 2309 2727 2362 tuam,
2761 2314 2826 2353 eo
2854 2299 2997 2367 quod
3035 2314 3137 2352 una
3163 2298 3228 2351 de
3258 2314 3417 2352 soro—

1825 2394 2034 2447 ribusa
2069 2399 2258 2444 sancta
2314 2388 2741 2457 congregatione
2796 2397 2888 2440 tua
2945 2388 3193 2453 abscindi
3244 2389 3413 2443 velit:

1825 2499 2004 2554 neque
2033 2485 2132 2536 abs
2162 2497 2218 2535 rc
2252 2481 2500 2550 proiecto
2556 2481 2646 2535 hic
2695 2479 2871 2534 dolor.
2907 2479 3027 2545 Quo
3061 2482 3206 2535 enim
3256 2491 3416 2550 pacto

1825 2578 2006 2631 anima
2038 2590 2146 2628 non
2186 2574 2370 2628 doleat
2396 2588 2518 2627 cum
2544 2572 2829 2642 proprium
2864 2573 3171 2626 membrum
3209 2589 3416 2628 reseca-

1828 2667 1955 2720 tur?
2005 2666 2392 2720 Verumtamen
2440 2665 2570 2733 quia
2616 2664 2731 2717 haec
2763 2678 2858 2730 per
2888 2663 2996 2715 vim
3044 2664 3412 2732 contingunt,

1825 2771 1989 2830 atque
2017 2773 2082 2812 ex
2118 2757 2265 2812 illius
2293 2757 2665 2825 improbitate,
2707 2755 2800 2823 qui
2827 2754 3059 2810 insidias
3094 2757 3256 2809 struit
3287 2755 3414 2810 liliis

1826 2850 2239 2915 iltobedientiaz;
2277 2863 2474 2918 magno
2506 2847 2693 2901 animo
2720 2861 2821 2901 nos
2859 2846 2999 2901 ferre
3029 2858 3266 2916 Oportet,
3294 2863 3412 2901 om-

1826 2957 2083 3011 nemque,
2106 2941 2286 3010 quoad
2319 2939 2457 2993 ratio
2483 2954 2608 2992 vera
2638 2938 2903 3008 praecipit,
2936 2939 3279 3008 diligentiam
3315 2940 3411 2992 ad-

1825 3036 2031 3100 hibere,
2075 3043 2134 3086 ut
2165 3033 2488 3085 innocentes
2535 3030 2709 3085 simus
2749 3045 2778 3083 a
2808 3031 3080 3099 sanguine
3133 3029 3297 3099 hujus
3327 3032 3410 3085 vel

1825 3127 1993 3184 illius.
2027 3140 2122 3179 seu
2150 3125 2319 3177 l'ratcr
2353 3126 2668 3176 nominetur
2697 3137 2790 3176 seu
2819 3138 2996 3177 soror.
3030 3121 3183 3177 Scire
3229 3135 3408 3177 autent

1822 3218 2106 3289 quaesiisti,
2135 3233 2203 3269 an
2234 3226 2385 3269 extra
2408 3216 2622 3283 culpam
2652 3213 2835 3268 lutura
2865 3215 2936 3269 sit
2962 3216 3266 3270 reverentia
3295 3228 3407 3278 tua,

1823 3312 1870 3368 si
1901 3325 2147 3367 sororem
2203 3309 2347 3362 illam
2392 3307 2632 3362 dimittat
2661 3323 2782 3378 quas
2841 3307 3128 3362 contendit
3169 3323 3266 3376 per
3296 3307 3404 3360 vim

1823 3403 1992 3456 exire.
2023 3397 2091 3454 Et
2123 3399 2402 3468 quomodo
2432 3409 2512 3462 tu,
2541 3413 2667 3452 cum
2714 3398 2935 3467 sapiens
2976 3398 3055 3451 sis
3108 3408 3163 3451 et
3210 3398 3407 3451 intelli-

124 3500 223 3566 τῆς
261 3496 662 3563 ἐπιγινώσκεις
689 3492 749 3544 τὸ
780 3492 897 3543 δέον
925 3508 940 3554 ;
972 3487 1109 3542 Οὔτε
1141 3486 1234 3543 οὖν
1265 3494 1464 3561 σεαυτῇ
1486 3495 1554 3562 τῇ
1578 3492 1722 3545 διδα-

1830 3509 1980 3564 gens,
2010 3508 2117 3546 non
2139 3508 2234 3561 per
2259 3492 2485 3559 tcipsam
2518 3491 2786 3545 discernis
2818 3489 2947 3556 quid
2974 3490 3114 3543 facto
3138 3490 3210 3544 sit
3237 3490 3408 3558 opus?

126 3590 344 3658 σκάὶῳ,
371 3586 508 3638 οὔτε
535 3588 601 3654 τῇ
635 3581 1038 3654 μαθητευθείσῃ
1069 3582 1350 3647 ἀκίνδυνος
1378 3585 1410 3652 ή
1444 3584 1723 3647 διάστασις

127 3680 470 3740 ἐθελουσίως
500 3675 786 3744 γινομένη.
837 3674 936 3725 Διὰ
975 3672 1029 3724 τί
1062 3672 1172 3744 γὰρ
1207 3675 1301 3726 καὶ
1335 3675 1496 3727 πόθεν
1520 3675 1582 3726 τὸ
1632 3673 1723 3726 εὖ·

125 3771 288 3840 λογον
329 3770 572 3839 ἐχουσας
607 3768 654 3817 εἰ
692 3766 789 3835 μὲν
832 3767 940 3832 γὰρ
969 3765 1151 3816 τελεία
1190 3761 1328 3818 οὖσα
1366 3765 1461 3818 καὶ
1511 3783 1721 3835 κατηρ-

129 3865 370 3934 τισμένη
417 3866 451 3931 ὴ
495 3859 793 3929 μαθήτρια,
827 3858 962 3928 πρὸς
996 3856 1057 3909 τὸ
1098 3858 1275 3911 ἄλλων
1315 3848 1557 3926 ἀδελφῶν
1585 3857 1723 3910 καθ-

128 3956 412 4027 ηγείοθαι,
446 3953 553 4023 ἤδη
597 3950 1045 4020 ὑποζητουμὲνης
1078 3949 1447 4020 ἀδελφότητος
1470 3991 1485 4014 ,
1517 3953 1723 4002 οἰκονο-

133 4049 232 4118 μία
265 4047 330 4100 ce
359 4044 631 4104 τοιοῦτον,
666 4041 846 4104 καθώς
874 4057 1037 4110 φησιν
1066 4041 1093 4092 ό
1120 4041 1276 4108 ἆγιος
1314 4041 1612 4103 Βασίλειος,
1630 4042 1723 4093 καὶ

129 4141 189 4193 οὐ
226 4139 544 4199 διάστασις.
589 4135 807 4200 ’Λπαγε
834 4136 847 4186 ι
886 4133 995 4186 Καὶ
1026 4131 1159 4200 γοῦν
1192 4134 1301 4186 ἀπὸ
1328 4132 1419 4186 τοῦ
1453 4133 1720 4204 ἄρχεσθαι

129 4232 336 4293 καλῶς,
370 4227 557 4284 ἄνεισι
587 4243 668 4289 τις
699 4227 790 4278 ἐπὶ
824 4227 883 4278 τὸ
903 4225 1094 4294 ἄρχειν
1115 4225 1378 4293 ἐννόμως.
1413 4224 1721 4277 Κάντεῦθεν

129 4321 295 4390 ζῆλος
329 4320 546 4388 ἀγαθὸς
570 4320 688 4381 ταῖς
717 4317 1070 4387 ὁμοτρόποις,
1102 4314 1239 4367 ξέναι
1271 4317 1364 4368 ἐπὶ
1388 4315 1486 4385 τὴν
1515 4314 1720 4368 τελειό-

127 4429 290 4482 τητα,
330 4414 429 4464 καὶ
454 4406 918 4478 ταυτοτιραγῆσαι
977 4407 1299 4475 θεοπρεπῶς
1331 4423 1344 4436 ·
1389 4407 1577 4476 ἐπειδὴ
1633 4407 1721 4459 ἐν·

126 4503 292 4568 ὃειξιν
314 4504 416 4572 τῆς
447 4506 536 4564 είς
570 4501 731 4554 αὐτὸν
763 4500 982 4568 ἀγάπης
1004 4501 1030 4551 ὁ
1057 4498 1260 4569 Κύριος
1293 4500 1386 4551 καὶ
1411 4498 1541 4563 Θεὸς
1563 4499 1719 4569 ἡμῶν

125 4596 203 4664 τῷ
240 4596 541 4665 κορυφαίῳ
590 4593 698 4645 τῶν
756 4593 1076 4644 ἀποστόλων
1121 4593 1442 4656 ὑποδεικνὺς
1472 4594 1573 4662 ἔφη
1607 4609 1622 4625 ο
1653 4594 1720 4645 El

129 4688 367 4755 ἀγαπᾷς
403 4706 503 4757 με,
539 4687 741 4751 ,Βόσκε
771 4685 842 4738 τὰ
861 4685 1037 4752 ἀρνία
1058 4703 1197 4753 μου.
1222 4686 1333 4738 Καὶ
1355 4685 1519 4738 πάλιν
1541 4703 1554 4716 ·
1578 4686 1719 4738 Ποί-

1831 3587 1996 3655 Ergo,
2029 3601 2130 3639 nec
2164 3583 2259 3638 tibi
2293 3584 2393 3653 ipsi
2426 3585 2725 3653 magistras,
2775 3598 2877 3636 nec
2908 3582 3211 3651 discipulae,
3262 3583 3401 3652 peri-

1826 3679 1949 3733 culo
1977 3688 2154 3742 vacat,
2207 3690 2330 3745 qua:
2392 3684 2587 3744 sponte
2636 3676 2729 3727 liat
2781 3674 3074 3743 separatio.
3105 3674 3222 3739 Quo
3255 3674 3401 3727 enim

1828 3773 1988 3828 modo
2026 3781 2120 3828 aut
2149 3774 2296 3828 unde
2323 3772 2523 3826 rationi
2586 3783 2733 3826 esset
2761 3772 3162 3826 consentanea?
3194 3771 3327 3825 Nam
3357 3772 3402 3826 si

1820 3866 1931 3934 jam
1966 3865 2201 3936 perfecta
2245 3874 2298 3918 et
2361 3873 2740 3918 consummata
2776 3872 2862 3918 est
2894 3863 3182 3932 discipula,
3218 3871 3278 3916 ut
3315 3877 3405 3917 so-

1824 3958 2040 4013 roribus
2065 3958 2186 4011 aliis
2220 3957 2422 4026 praeﬁci
2461 3957 2656 4026 possit,
2689 3966 2744 4009 et
2773 3971 2802 4008 a
2843 3969 3094 4010 sororum
3123 3956 3401 4010 communi

1822 4049 2113 4118 expetitur,
2153 4048 2490 4116 dispensatio
2546 4048 2658 4101 haec
2704 4056 2806 4109 est,
2843 4047 2986 4102 sicut
3045 4048 3122 4101 ait
3178 4057 3405 4102 sanctus

1825 4133 2076 4199 Basilius,
2125 4142 2179 4188 et
2219 4150 2325 4188 non
2361 4135 2690 4201 dissidium;
2751 4136 2915 4190 absit.
2980 4137 3177 4207 Utique
3225 4138 3294 4190 ab
3334 4153 3402 4190 eo
3482 4165 3486 4169 ι

1822 4226 1966 4294 quod
1994 4225 2118 4296 quis
2148 4226 2249 4280 sub
2279 4224 2507 4294 imperio
2541 4226 2641 4278 rite
2666 4224 2852 4287 fuerit,
2896 4226 3137 4279 ascendit
3170 4235 3226 4279 ut
3267 4225 3400 4293 legi-

1823 4320 1954 4373 time
2006 4321 2256 4388 imperet.
2319 4317 2553 4387 lndeque
2606 4317 2884 4371 sodalibus
2933 4317 3073 4371 bona
3125 4316 3400 4371 teinulatio

1822 4413 2075 4467 teudendi
2107 4411 2175 4465 ad
2207 4411 2596 4480 perfectionem
2620 4450 2636 4473 ,
2687 4409 2939 4478 idemque
2984 4409 3177 4479 agendi
3232 4424 3396 4476 quam

1821 4505 2230 4558 accuratissime
2263 4521 2276 4556 :
2317 4501 2761 4572 quandoquidem
2804 4502 3006 4555 amoris
3057 4517 3182 4572 erga
3220 4518 3277 4556 se
3308 4519 3397 4555 ar-

1821 4606 2138 4667 gumentum
2179 4595 2446 4650 Dominus
2494 4603 2547 4648 et
2577 4592 2718 4647 Deus
2782 4605 2964 4648 noster
3027 4597 3399 4663 apostolorum

1822 4692 2109 4760 coryplmo
2149 4689 2412 4744 exhibens
2456 4689 2532 4742 ait
2563 4687 2656 4741 :Si
2695 4687 2875 4756 diligis
2923 4703 3023 4748 me,
3051 4704 3206 4750 pasce
3231 4705 3399 4759 agnos

128 4799 303 4847 μαινε
333 4783 405 4835 τὶι
444 4778 717 4849 πρόϐατά
738 4796 879 4847 μου.
928 4779 1014 4841 Ὠς
1043 4780 1138 4848 ὅγε
1189 4777 1416 4851 τοιαύτῃ
1461 4779 1716 4850 προθέσει

1830 4799 1960 4836 meos
1992 4781 2058 4834 δ”.
2095 4779 2162 4835 Ει
2209 4782 2402 4834 iterum
2438 4797 2452 4834 :
2487 4778 2656 4847 Pasce
2710 4796 2825 4832 oves
2860 4795 3000 4832 meas
3030 4781 3096 4842 ⁸⁸,
3131 4790 3188 4832 ιιι
3219 4781 3264 4834 is
3301 4782 3397 4850 qui

135 4872 459 4943 ἐκϐεϐηκὼς
485 4874 567 4934 εἰς
593 4871 654 4922 τὸ
683 4870 1016 4937 ποιμαίνειν,
1044 4870 1314 4938 μακάριος
1344 4869 1408 4922 ἂν
1437 4872 1545 4940 εἴη,
1581 4871 1716 4940 Χρι-

137 4966 259 5016 στὸν
289 4966 638 5036 μιμούμενος
667 4964 757 5015 τὸν
787 4961 1038 5034 ἀληθινὸν
1078 4963 1292 5034 πρῶτον
1319 4962 1714 5034 ἁρχιποίμενα.

140 5057 297 5109 Ἔστι
352 5057 486 5126 γοῦν
521 5057 619 5111 καὶ
677 5055 837 5126 ἑτέρα
866 5055 1149 5125 οἰκονομία
1178 5058 1234 5108 ἐν
1279 5058 1391 5116 τοῖς
1438 5057 1716 5126 Πατρὰσιν

135 5148 295 5217 ἡμῶν
341 5149 750 5220 τεθεωρημένη
780 5164 793 5177 ·
826 5149 1029 5200 ὁπόταν
1058 5135 1203 5218 ψυχὴ
1229 5147 1669 5217 δυστροπεύουσα
1693 5187 1709 5211 ,

141 5239 280 5302 μετὰ
308 5241 513 5311 πολλὴν
538 5241 636 5294 καὶ
666 5239 884 5310 μακρὰν
911 5239 1249 5310 ἐπιμέλειαν,
1284 5239 1506 5309 αἱρῆται
1542 5256 1712 5308 μετα-

139 5335 325 5384 πεσεῖν
378 5335 458 5396 sl;
488 5333 661 5401 ἄλλην
691 5332 1048 5402 ἀδελφότητα,
1079 5332 1153 5394 ὡς
1192 5334 1370 5385 ἐκεῖσε
1412 5333 1718 5403 χρησιμεύ-

141 5438 218 5475 ειν
269 5425 568 5494 μὲλλουσα,
608 5424 754 5478 κατὰ
788 5423 1018 5494 μίμησιν
1041 5424 1150 5476 τῶν
1191 5423 1714 5492 μεταφυτευομὲνων

139 5509 368 5584 δένδρων
398 5518 465 5571 ὲκ
493 5515 653 5572 τοῦδε
675 5517 758 5578 εἰς
789 5516 938 5568 τόνδε
966 5516 1292 5570 τόπον.⁹Εάν
1314 5511 1405 5568 οὖν
1434 5516 1529 5568 καὶ
1556 5515 1714 5568 τοῦτο

209 5631 256 5662 ⁸ο
290 5631 435 5690 Psal.
469 5651 627 5698 um,
650 5634 705 5690 2.
794 5633 838 5664 "
863 5632 1002 5689 Psal.
1043 5653 1127 5700 xc,
1163 5636 1217 5701 5,
1263 5636 1312 5685 (ἱ.

1392 5634 1433 5664 "’
1461 5633 1613 5687 Rom.
1646 5649 1760 5697 \‘lll,
1789 5635 1877 5688 3i.

1826 4877 1930 4929 isto
1953 4875 2184 4929 consilio
2203 4888 2462 4943 egressus
2483 4883 2565 4926 est
2595 4871 2660 4925 ad
2687 4872 3039 4940 pascendum.
3081 4873 3270 4926 beatus
3301 4875 3394 4939 sit,

1823 4968 2102 5023 Christum
2135 4968 2355 5022 imitans
2384 4981 2571 5020 verum
2600 4966 2920 5036 principem,
2948 4965 3181 5032 primum
3209 4976 3396 5035 pasto-

1824 5073 1966 5112 rum.
2009 5056 2106 5111 Est
2161 5072 2326 5125 porro
2365 5065 2420 5110 et
2459 5055 2630 5109 altera
2681 5056 3040 5125 dispensatio,
3083 5071 3204 5124 quae
3252 5057 3394 5124 apud

1821 5149 2011 5205 Patres
2074 5158 2292 5203 nostros
2345 5150 2625 5203 cernitur:
2664 5148 2884 5217 quando
2934 5149 3114 5201 anima
3176 5148 3397 5213 ingenio

1823 5231 2177 5312 moribusque
2211 5242 2467 5305 dillicilis,
2509 5251 2632 5311 post
2663 5241 2886 5293 multam
2926 5248 2980 5292 et
3010 5239 3225 5308 longam
3265 5239 3392 5292 dili-

1823 5335 2081 5404 gentiam,
2103 5335 2168 5388 ad
2203 5335 2365 5388 aliam
2402 5336 2901 5402 congregationem,
2949 5339 3205 5400 tanquam
3247 5329 3393 5384 utilis

1826 5426 1900 5479 ibi
1943 5427 2144 5492 futura,
2172 5427 2407 5481 transire
2433 5425 2713 5494 delegerit,
2740 5423 2996 5477 arborum
3027 5423 3132 5476 ritu
3173 5437 3295 5490 qua:
3323 5421 3395 5474 ab

1823 5534 1932 5574 uno
1951 5520 2007 5573 in
2026 5519 2192 5573 alium
2225 5519 2407 5574 locum
2434 5517 2925 5587 transplantantur.
2961 5513 3025 5568 Et
3059 5517 3159 5567 hoc
3180 5526 3309 5581 ergo
3343 5511 3392 5565 si

1956 5637 2000 5668 “
2031 5635 2162 5691 Luc.
2197 5651 2248 5693 κ,
2294 5635 2375 5689 l9.
2455 5633 2499 5663 “
2530 5631 2686 5687 Joau.
2734 5630 2960 5695 xxt,l5.
3071 5631 3114 5661 ⁸⁵
3141 5627 3272 5681 ibid.
3304 5627 3389 5682 l7.

1639 5748 1869 5804 NOTAE.

214 5859 324 5924 (90)
362 5863 415 5915 lu
451 5867 574 5921 cod.
605 5865 733 5932 lieg.
768 5869 898 5933 ριιθκ
