3976 6322
570 371 710 432 1595

1747 378 1808 438 S.
1839 376 2231 437 THEODORI
2285 378 2631 438 STUDITA!

3727 373 3744 433 Ῑ
3761 375 3850 434 5'ch

570 480 786 542 feceris,
839 481 1029 535 subest
1087 482 1270 552 aliqua
1333 484 1518 538 ratio:
1569 485 1820 554 utrisque
1868 487 2144 553 videlicet,

2272 502 2549 558 τοιησειας.
2583 489 2695 558 ἔχει
2717 489 2836 542 τινα
2863 489 3048 556 λόγον·
3073 489 3409 558 ἀμφοτέρων
3439 485 3654 552 δηλονό
3667 504 3729 541 τι.
3757 487 3848 551 τῆς

569 581 682 622 tum
714 583 777 620 ea
808 583 929 635 quae
953 569 1195 634 dimittit,
1225 581 1338 623 tum
1379 587 1443 624 ea
1477 587 1600 639 quae
1629 576 1842 642 recipit,
1892 575 2156 643 adjuvan-

571 659 719 713 tibus
744 673 803 711 se
835 668 1050 721 mutuo,
1086 669 1145 712 ut
1172 660 1531 728 apostolicum
1569 675 1894 733 praeceptum
1929 665 2156 733 implea-

570 759 658 803 tur
691 767 704 802 :
742 750 889 802 Alter
932 750 1151 806 alterius
1197 769 1359 805 onera
1409 762 1637 822 portate,
1690 766 1736 808 et
1768 757 1843 808 sic
1877 756 2157 824 adimpletc

571 848 732 911 (egem
760 843 956 897 Christi
989 845 1054 896 “.

640 950 816 1002 Aliam
875 965 1006 1004 vero
1070 951 1473 1019 separationem
1523 967 1631 1006 non
1670 953 1867 1022 recipit
1926 957 2154 1007 verbum

573 1043 840 1095 veritatis.
879 1041 1063 1096 Primo
1094 1043 1338 1111 quidem,
1365 1045 1495 1112 quia
1521 1045 1887 1114 disrumpitur
1913 1060 2156 1100 conven-

575 1131 649 1184 tio
684 1131 921 1200 Spiritus
975 1135 1174 1197 sancti,
1211 1150 1332 1201 qua:
1383 1151 1570 1189 coram
1609 1136 1720 1191 Deo
1753 1148 1806 1192 et
1842 1138 2157 1194 hominibus

574 1224 846 1276 celebrata
898 1232 981 1276 est
1035 1224 1087 1276 in
1120 1226 1422 1278 monastica
1461 1226 1797 1295 professione
1831 1245 1845 1281 :
1875 1245 1986 1298 quo
2025 1229 2157 1296 quid

573 1331 696 1370 esse
717 1324 894 1384 potest
924 1317 1332 1383 perniciosius?
1358 1317 1424 1370 Et
1461 1333 1588 1372 vero
1610 1320 1840 1387 quadrat
1871 1321 1958 1375 hic
1990 1322 2156 1375 etiam

577 1407 798 1460 verbum
851 1405 1066 1460 Domini
1104 1426 1117 1460 :
1167 1406 1309 1471 Quos
1360 1408 1495 1461 Deus
1525 1411 1822 1478 conjunxit,
1863 1413 2016 1464 homo
2055 1427 2157 1464 non

576 1499 874 1566 separet".
907 1497 1042 1552 Nam
1077 1501 1122 1556 si
1163 1500 1258 1564 ibi,
1292 1503 1506 1556 tametsi
1571 1505 1623 1557 in
1682 1504 1892 1558 carnali
1925 1504 2158 1573 conjun-

576 1593 775 1653 ctione,
801 1589 1088 1646 interdicta
1116 1601 1199 1646 est
1223 1594 1518 1662 separatio,
1547 1593 1749 1663 quanto
1769 1594 1942 1663 magis
1963 1594 2016 1648 in
2043 1595 2158 1664 spi-

579 1681 764 1734 rituali
801 1683 1150 1750 c0pulatione
1177 1684 1199 1736 ἲ
1233 1684 1337 1738 nisi
1371 1683 1510 1738 forte
1542 1686 1750 1740 ludicra
1781 1696 1908 1740 sunt
1929 1685 2112 1742 divina
2142 1703 2156 1740 :

579 1772 670 1825 sed
701 1773 862 1827 absit.
900 1771 1103 1828 Fidelis
1136 1783 1221 1828 est
1249 1776 1578 1829 sacramenti
1603 1790 1807 1839 sermo,
1839 1785 1953 1830 tum
1995 1776 2047 1828 in
2074 1791 2161 1830 re-

579 1864 843 1918 missione
867 1874 1243 1933 peccatorum,
1285 1877 1399 1920 tum
1432 1869 1485 1920 in
1515 1868 1735 1921 vinculo
1778 1867 2150 1924 indissolubili

579 1956 1012 2025 conjunctionis.
1049 1959 1254 2013 Deinde
1281 1961 1561 2029 quomodo
1585 1977 1692 2014 non
1725 1961 2033 2015 offendetur
2060 1977 2153 2016 so-

582 2063 770 2100 rorum
793 2050 1144 2119 congregatio
1183 2065 1249 2103 ex
1278 2065 1386 2120 qua
1430 2051 1700 2112 avellitur,
1735 2053 1777 2104 si
1811 2051 1969 2120 culpa
2001 2060 2158 2106 vacet

583 2139 676 2194 illa
707 2155 825 2207 qua
844 2143 1181 2210 apraaposita
1208 2143 1530 2197 dimittitur?
1552 2158 1615 2196 ac
1649 2158 1755 2196 non
1772 2143 1951 2211 potius
1981 2144 2157 2197 abdu-

585 2241 740 2285 cetur
761 2231 826 2284 ad
851 2231 1140 2285 dissidium
1161 2234 1330 2288 simili
1364 2233 1545 2288 studio
1569 2234 1835 2297 abscissa,
1855 2249 2001 2288 nunc
2021 2235 2156 2297 haec,

587 2320 933 2389 postmodum
964 2323 1155 2387 altera,
1203 2334 1258 2378 et
1307 2339 1414 2378 non
1448 2324 1618 2378 multo
1651 2333 1773 2394 post
1810 2324 1914 2377 alia
1980 2323 2058 2394 (et
2079 2324 2160 2377 sic

587 2414 861 2484 integrum
899 2415 1104 2469 Christi
1143 2430 1344 2484 corpus
1373 2415 1661 2484 disperibit
1687 2416 2012 2485 penitusque
2033 2430 2160 2469 cor-

590 2506 918 2576 rumpetur),
985 2522 1014 2560 a
1073 2507 1262 2576 primis
1304 2507 1618 2562 carceribus
1660 2508 1750 2561 vix
1798 2507 2058 2577 egressa?
2096 2505 2161 2559 Et

589 2596 982 2651 maledictionis
1013 2605 1097 2650 est
1129 2598 1323 2660 meres,
1350 2608 1407 2650 ut
1438 2597 1638 2650 clamat
1661 2607 1882 2652 sanctus
1905 2595 2157 2661 Basilius,

591 2702 714 2754 qua:
746 2696 915 2740 totum
951 2689 1051 2740 hoc
1079 2688 1280 2740 malum
1317 2696 1627 2756 perpetrat:
1665 2703 1839 2758 neque
1862 2689 2005 2742 enim
2051 2696 2164 2740 sta—

591 2775 878 2840 bilitatein,
920 2792 1020 2830 nec
1066 2777 1239 2830 basim
1270 2777 1508 2838 habebit,
1564 2793 1738 2845 neque
1768 2776 2162 2830 monasterium

591 2881 769 2932 tuum,
804 2884 978 2938 neque
1014 2870 1157 2923 aliud
1183 2883 1346 2938 porro
1371 2869 1460 2923 ubi
1490 2869 1540 2922 id
1576 2869 1684 2922 ﬁat.
1723 2867 1902 2934 Quare
1931 2870 2023 2938 qui
2055 2884 2163 2922 non

594 2963 784 3025 credit,
817 2979 923 3015 non
954 2963 1174 3027 credat;
1207 2973 1258 3015 et
1289 2964 1381 3030 qui
1434 2963 1619 3031 inique
1647 2963 1778 3030 agit,
1816 2962 1996 3030 inique
2017 2970 2161 3030 agat,

592 3053 735 3108 sicut
763 3054 1026 3121 scriptum
1055 3052 1315 3107 est".Tu
1341 3068 1470 3106 vero
1493 3069 1717 3107 servans
1749 3068 1906 3106 serva
1926 3053 2164 3105 animam

592 3153 766 3207 tuam,
814 3160 922 3198 non
963 3144 1228 3213 abjiciens
1289 3146 1436 3214 leges
1475 3145 1592 3208 Dei,
1647 3145 1740 3199 sed
1802 3145 2038 3197 innitens
2072 3147 2166 3198 do-

2255 597 2314 631 τε
2347 580 2688 650 ὲπιδιδούσης
2717 583 2809 632 καὶ
2836 581 2935 648 τῆς
2970 581 3384 648 ἐπιδεχομένης,
3424 579 3847 645 συναιρομένιιε

2257 669 2537 740 ἀλλήλαις.
2561 671 2936 740 πληρουμένου
2959 670 3052 722 τοῦ
3087 670 3458 724 ἀποστολικοῦ
3514 671 3846 738 παραγγελ-

2259 779 2431 830 ματος
2458 777 2471 790 ·
2511 760 2812 827 Ἀλλήλων
2843 762 2915 815 τὰ
2942 763 3102 829 ,βάρη
3125 761 3489 826 βαστάζετε,
3524 763 3635 814 καὶ
3664 762 3846 825 οὕτως

2255 854 2730 920 ἀναπληρώσατε
2764 853 2870 906 τὸν
2895 855 3085 922 νόμον
3115 853 3219 906 τοῦ
3256 851 3549 920 Χριστοῦ.

2330 945 2524 998 ’Δλλον
2554 946 2610 999 δὲ
2644 947 2921 1016 χωρισμὸν
2962 946 3061 997 οὐκ
3109 944 3422 1013 ἐπιδέχεται
3465 947 3496 997 6
3553 943 3729 1009 λόγος
3753 943 3845 1009 τῆς

2256 1036 2532 1104 ἀληθείας.
2575 1037 2798 1105 Πρῶτον
2850 1035 2972 1105 μὲν,
3001 1036 3082 1088 ὅτι
3134 1037 3166 1104 ὴ
3219 1033 3498 1103 σύμϐασις
3537 1032 3644 1086 τοῦ
3690 1034 3844 1098 ἁγίου

2258 1127 2570 1196 Πνεύματος
2629 1129 2924 1181 διασπᾶται
2957 1130 2991 1197 η
3044 1125 3552 1195 καθομολογηθεῖσα
3608 1127 3846 1178 sub-:29:

2256 1218 2394 1271 Θεοῦ
2424 1221 2517 1272 καὶ
2548 1219 2851 1288 ἀνθρώπων
2884 1221 2977 1272 ἐπὶ
3005 1223 3070 1289 τῇ
3110 1220 3376 1287 μοναχικῇ
3409 1217 3712 1270 τελειώσει
3734 1235 3750 1248 ·
3789 1213 3845 1270 οῦ

2256 1315 2310 1366 τί
2343 1314 2408 1366 ἀν
2441 1315 2528 1385 εἴη
2559 1314 2978 1385 ὀλεθριώτερονς
3016 1315 3123 1366 Καί
3153 1331 3214 1381 γε
3246 1312 3481 1383 ἁρμόζει
3555 1311 3848 1364 κάνταῦθα

2258 1409 2286 1458 6
2311 1405 2467 1472 λόγος
2519 1406 2610 1458 τοῦ
2658 1406 2860 1476 Κυρίου
2888 1421 2902 1434 ·
2929 1405 3048 1469 Οὓς
3088 1409 3120 1458 ό
3151 1407 3295 1470 Θεὸς
3325 1404 3603 1467 ἔζευξεν,
3631 1403 3850 1470 ἄνθρω-

2259 1513 2373 1561 πος
2401 1496 2487 1564 μὴ
2517 1496 2820 1565 χωριζέτω.
2847 1498 2908 1550 ει
2936 1499 3044 1567 γὰρ
3076 1499 3210 1563 ἐκεῖ,
3250 1498 3428 1550 καίτοι
3470 1499 3568 1548 ἐπὶ
3605 1498 3846 1562 σαρκικῇ

2259 1588 2463 1653 ζεύξει,
2508 1590 2883 1658 ἀπηγόρευται
2911 1593 2940 1644 6
2979 1591 3288 1662 χωρισμός·
3321 1590 3482 1658 πόσῳ
3526 1606 3598 1656 γε
3650 1587 3850 1656 μᾶλλον

2259 1682 2352 1733 ἐπὶ
2382 1685 2728 1751 πνευματικῇ
2757 1683 3056 1751 συναφείας
3089 1684 3137 1734 εί
3164 1685 3236 1752 μή
3264 1700 3315 1734 τι
3339 1684 3448 1753 ἀρα
3481 1680 3758 1744 παίζεται
3789 1682 3851 1730 τα

2259 1772 2380 1824 θεῖα
2404 1789 2418 1804 °
2446 1773 2561 1825 ἀλλ’
2600 1773 2782 1840 ἄπαγε
2811 1775 2824 1826 ί
2857 1775 3044 1838 πιστὸς
3078 1775 3106 1826 ὁ
3158 1774 3314 1842 λόγος
3360 1773 3456 1826 τοῦ
3512 1774 3850 1840 μυστηρίου,

2185 1857 2227 1912 Β
2253 1863 2346 1915 ἐπί
2371 1881 2430 1916 τε
2463 1865 2656 1932 ἀφέσει
2683 1864 2791 1916 τῶν
2812 1865 3240 1935 ἡμαρτημένων,
3281 1865 3375 1918 ὲπί
3405 1883 3468 1917 τε
3503 1865 3704 1935 δεσμῷ
3727 1865 3852 1916 ἀλύ-

2779 1973 2802 1988 ῤ
2863 1958 2884 1976 Ι

2259 1972 2338 2025 τῳ
2371 1957 2468 2025 τῆς
2504 1956 2823 2022 συναφείας.
2863 1957 3094 2009 Ἔπειτα
3126 1958 3240 2020 πῶς
3278 1957 3792 2026 οἰκοδομηθήσεται
3823 1960 3851 2023 ἡ

2260 2048 2556 2118 ἀδελφότης
2602 2048 2662 2113 ἐξ
2705 2044 2773 2120 ἦς
2827 2051 3262 2119 ἀποῤῥήγνυται,
3291 2050 3457 2120 εἴπερ
3483 2050 3791 2111 ἀνεύθυνος

2260 2143 2294 2210 ἡ
2323 2141 2699 2212 ἀπολελυμένη
2754 2144 2903 2211 παρὰ
2933 2142 3032 2210 τῆς
3081 2142 3508 2211 καθηγουμένης
3545 2159 3561 2207 ;
3598 2143 3701 2194 καὶ
3735 2143 3851 2208 οὐχι

2266 2233 2466 2303 μᾶλλον
2512 2233 2888 2303 ὑπαχθήσεται
2920 2234 2999 2296 είς
3043 2233 3325 2286 διάστασιν
3355 2231 3434 2300 τῷ
3477 2233 3668 2300 ὁμοίῳ
3711 2232 3851 2300 (ﬂii,

2263 2323 2590 2393 τεμνομένη,
2623 2322 2717 2374 νῦν
2765 2325 2863 2392 μὲν
2913 2321 3075 2392 αῦτη,
3108 2323 3248 2392 πρὸς
3291 2322 3348 2374 δὲ
3384 2321 3446 2373 τὸ
3482 2323 3620 2390 ἑξῆς
3670 2324 3850 2389 ἑτέρα,

2267 2416 2361 2467 καὶ
2427 2414 2543 2483 μετ’
2577 2415 2638 2466 ού
2681 2415 2813 2466 πολὺ
2846 2414 2980 2485 ἄλλη
3037 2413 3316 2483 (καὶοῦτω
3366 2412 3428 2464 τὸ
3461 2412 3662 2482 ἄρτιον
3701 2413 3851 2480 σῶμα

2263 2506 2360 2559 τοῦ
2393 2506 2632 2575 Χριστοῦ
2661 2507 2942 2575 οἰχήσεται
2973 2507 3065 2558 καὶ
3094 2505 3538 2572 διαφθαρήσεται
3564 2506 3848 2573 πάμπανξὲ.

2266 2600 2330 2652 ὲκ
2393 2600 2492 2667 τῆς
2540 2597 2762 2669 πρώτης
2803 2598 3049 2667 βαλϐίδος
3107 2600 3494 2667 ἀφορμηθεῖσα
3534 2613 3548 2660 ;

2266 2692 2389 2744 ούαὶ
2425 2692 2782 2762 κληρονόμος,
2810 2693 2884 2753 ὼς
2911 2691 3008 2761 βοᾷ
3034 2693 3062 2742 6
3090 2690 3241 2757 ἀγιος
3277 2690 3566 2750 Βασίλειος
3596 2728 3613 2750 ,
3645 2691 3679 2758 ἡ
3705 2688 3851 2739 τοῦτο

2267 2785 2387 2838 ὅλον
2411 2785 2471 2836 τὸ
2505 2784 2672 2836 κακον
2698 2781 3140 2852 ἀπεργαζομένη.
3167 2782 3302 2833 Ούτε
3333 2781 3444 2846 γὰρ
3481 2782 3708 2842 στασιν,
3737 2779 3850 2830 οὗτε

2270 2875 2428 2946 βάσιν
2485 2874 2618 2938 ἕξει,
2651 2873 2772 2924 οὕτε
2803 2875 2834 2941 ὴ
2871 2873 2937 2940 σὴ
2994 2873 3150 2940 μονὴ,
3180 2869 3304 2922 οὔτε
3367 2871 3562 2938 ἑτέρα,
3599 2873 3634 2939 ὴ
3689 2872 3850 2931 citus;

2270 2966 2604 3036 πράττουσα.
2637 2964 2798 3015 Ὥστε
2824 2964 2851 3013 6
2875 2962 3138 3024 ἀπειθῶν,
3163 2961 3461 3013 ἀπειθείτω
3496 2978 3509 2990 ⁸
3556 2964 3659 3013 καὶ
3679 2966 3707 3014 ὁ
3740 2964 3851 3014 ἀτο-

2273 3059 2389 3128 μῶν
2411 3057 2701 3126 ἁνομείτω,
2727 3056 2872 3110 κατὰ
2899 3056 2958 3108 τὸ
2985 3055 3388 3125 γεγραμμένον.
3415 3055 3489 3105 Σὺ
3522 3055 3580 3107 δὲ
3609 3055 3850 3117 σώζουσα

3609 2598 3707 2648 καὶ
3763 2595 3849 2646 τοῦ

2275 3148 2414 3210 σῶζε
2446 3151 2544 3217 τὴν
2576 3147 2779 3215 ἑαυτῆς
2814 3147 3014 3216 ψυχὴν,
3047 3147 3120 3214 μὴ
3158 3144 3461 3214 προϊεμένη
3496 3149 3630 3208 τοὺς
3661 3147 3851 3215 νόμους

591 3235 784 3290 etrinis
828 3249 1164 3296 sanctorum,
1197 3252 1428 3305 quorum
1483 3237 1690 3304 primus
1723 3237 1776 3289 in
1824 3237 1908 3289 liis
1937 3251 2164 3304 magnus

2272 3244 2363 3295 τοῦ
2417 3241 2552 3295 Θεοῦ
2587 3259 2600 3271 ο
2631 3242 2744 3296 ἀλλ’
2771 3240 3140 3312 ἐρηρεισμένη
3201 3243 3259 3291 ὲν
3301 3241 3423 3301 ταῖς
3475 3239 3851 3300 διδασκαλίαις

594 3325 828 3380 Basilius
867 3343 881 3379 :
933 3328 1147 3380 etiamsi
1183 3344 1307 3381 cum
1359 3328 1573 3380 duabus
1603 3337 1697 3379 aut
1729 3327 1906 3380 tribus
1936 3327 2166 3395 virgini-

595 3420 696 3473 bus
735 3419 831 3472 tibi
873 3420 1152 3488 contingat
1191 3419 1410 3473 vivere!
1455 3418 1554 3471 Ubi
1604 3418 1741 3470 enim
1789 3426 1910 3470 sunt
1940 3420 2043 3469 duo
2092 3416 2167 3469 vel

594 3518 698 3562 trea
735 3510 791 3560 in
833 3509 1044 3562 nomine
1108 3525 1242 3576 meo,
1298 3510 1476 3578 inquit
1519 3508 1805 3570 Dominus,
1847 3509 1922 3560 ibi
1955 3524 2072 3560 sum
2113 3507 2170 3560 in

595 3603 767 3656 inedia
788 3619 968 3656 eorum
1001 3601 1081 3668 Ι⁵⁹;
1117 3618 1223 3656 non
1255 3613 1434 3657 autem
1469 3618 1592 3658 CUIII
1639 3603 1824 3672 iniqua
1854 3604 2167 3673 agentibus,

594 3705 652 3748 et
681 3695 725 3747 si
761 3695 942 3748 decies
982 3695 1126 3747 mille
1148 3697 1280 3748 sint.

967 3825 1220 3881 CXCVII.
1260 3857 1330 3869 —
1361 3826 1627 3881 Dorotheo
1661 3826 1796 3896 ﬁlio.

2269 3336 2376 3387 τῶν
2405 3335 2594 3402 ἁγίων
2629 3327 2702 3386 ὧν
2726 3334 2940 3403 πρῶτος
2965 3336 3019 3386 ὲν
3049 3332 3257 3393 τούτοις
3282 3331 3310 3382 ὁ
3336 3330 3518 3398 μέγας
3551 3331 3850 3391 Βασίλειος·

2272 3428 2376 3480 κᾶν
2414 3431 2553 3496 μετά
2604 3427 2748 3479 δυοῖν
2782 3429 2812 3494 ἢ
2863 3425 3034 3496 τριῶν
3082 3424 3367 3492 παρθένων
3407 3422 3634 3495 φθάσῃς
3667 3426 3849 3493 συζῇνο

2273 3521 2465 3572 Ὅπου
2507 3518 2616 3586 γάρ
2644 3521 2761 3570 εισι
2793 3518 2901 3570 δύο
2936 3520 2972 3585 ἢ
3000 3516 3156 3584 τρεῖς
3183 3517 3251 3568 ὲν
3300 3513 3378 3579 τῷ
3409 3515 3673 3582 ὀνόματί
3699 3533 3816 3584 μου
3838 3555 3850 3573 ,

2270 3613 2432 3677 φησιν
2457 3609 2483 3659 ό
2525 3607 2748 3675 Κύριος,
2777 3607 2903 3659 ἐκεῖ
2918 3609 3035 3676 ειμι
3059 3607 3129 3658 ἐν
3152 3607 3321 3672 μέσῳ
3359 3602 3569 3658 αὐτῶν
3601 3621 3616 3634 ·
3649 3606 3713 3658 οὺ
3755 3609 3853 3676 μὴν

2272 3702 2411 3769 μετὰ
2447 3699 2928 3768 παρανομούντων,
2959 3698 3062 3751 κᾶν
3097 3699 3276 3768 μυρίοι
3299 3691 3458 3751 ὦσιν.

2453 3829 2591 3896 Ριιϊ
2625 3828 2759 3900 (9|).
2791 3857 2861 3868 —-
2894 3828 3166 3896 Δωροθέῳ
3208 3828 3420 3893 τέκνῳ.
3468 3826 3685 3901 [φῖ-,γη

1027 3965 1144 4026 Ejus
1163 3967 1249 4026 qui
1271 3972 1386 4015 ante
1421 3977 1629 4015 mortem
1652 3965 1937 4029 resipuerit,
1961 3966 2478 4018 commemorationem
2503 3969 2554 4016 in
2577 3965 2788 4029 publicis
2812 3964 3043 4028 precibus
3073 3965 3182 4012 ﬁeri
3210 3965 3417 4014 debere.

670 4070 937 4141 Cognovi,
959 4072 1153 4126 dilecte
1178 4073 1274 4137 tili,
1311 4073 1476 4127 etiam
1514 4089 1579 4127 ex
1596 4090 1658 4128 ea
1690 4091 1812 4144 quae
1853 4091 2028 4143 nuper
2057 4092 2086 4129 a
2119 4086 2171 4130 te

602 4166 804 4234 scripta
835 4175 917 4220 est
948 4166 1199 4236 epistola,
1233 4166 1392 4220 ﬁdem
1425 4183 1552 4236 erga
1588 4183 1688 4222 nos
1733 4168 1969 4222 humiles
1995 4185 2058 4223 ac
2090 4170 2174 4223 di-

607 4257 893 4311 lectionem
962 4267 1141 4324 tuam;
1175 4259 1320 4328 quod
1349 4258 1571 4327 quidem
1605 4258 1865 4313 indicium
1899 4268 1986 4314 est
2033 4275 2174 4313 verze

605 4345 993 4414 subiectionis;
1045 4347 1146 4401 etsi
1200 4362 1300 4400 nos
1354 4357 1667 4415 peccatores
1699 4357 1753 4401 et
1782 4349 1984 4403 nullius
2015 4349 2172 4416 pretii

607 4451 818 4490 sumus.
841 4433 896 4489 In
925 4452 1034 4505 quo
1061 4436 1266 4490 utinam
1287 4451 1602 4505 perseveres
1625 4437 1678 4489 in
1712 4447 2014 4507 posterum,
2038 4440 2172 4491 bene

2351 4075 2582 4142 Ἐγνων,
2616 4073 2807 4125 τέκνον
2857 4071 3232 4140 ἠγαπημένον,
3259 4073 3353 4121 καὶ
3389 4073 3452 4122 ὲκ
3493 4074 3598 4140 τῆς
3655 4070 3848 4141 ἀρτίως

2277 4164 2582 4233 γραφείσης
2617 4180 2711 4214 σου
2739 4161 3048 4230 ἐπιστολῆς,
3081 4160 3139 4211 τὸ
3161 4160 3298 4229 πρὸς
3323 4162 3474 4228 ἡμᾶς
3507 4161 3642 4223 τοὺς
3670 4179 3846 4214 ταπει-

2279 4256 2401 4316 νοὺς
2423 4254 2615 4305 πιστόν
2648 4271 2707 4304 τε
2738 4255 2828 4304 καὶ
2857 4254 3139 4322 ἀγαπητόν
3162 4269 3256 4304 σου
3287 4269 3301 4282 ο
3333 4255 3474 4322 ὅπερ
3503 4256 3627 4306 ἐστὶ
3657 4255 3846 4324 γνώρι-

2281 4364 2396 4415 σμα
2454 4345 2715 4414 ἀληθινῆς
2770 4345 3050 4414 ὑποταγῆς
3079 4362 3091 4374 ·
3129 4346 3176 4396 εί
3207 4345 3300 4397 καὶ
3331 4346 3497 4413 ἡμεῖς
3535 4347 3847 4415 ἁμαρτωλοὶ

2279 4440 2372 4492 καὶ
2421 4438 2717 4508 οὐδαμινοί.
2767 4429 2954 4506 Ἐφἰἶ)
3010 4437 3104 4489 καὶ⁵
3153 4437 3557 4507 συντηρηθείης
3609 4437 3748 4508 πρὸς
3795 4442 3847 4490 τὸ

609 4531 830 4596 placens
882 4526 1131 4591 Domino,
1167 4538 1221 4582 et
1259 4528 1455 4582 virtute
1498 4528 1774 4583 collucens
1813 4530 1953 4598 apud
1987 4528 2164 4584 fratres

2283 4530 2428 4600 ἑξῆς,
2463 4531 2772 4601 εὐαρεστῶν
2803 4529 3010 4600 Κυρίῳ,
3045 4529 3139 4583 καὶ
3186 4529 3516 4598 διαλάμπων
3570 4532 3640 4598 τῇ
3687 4531 3843 4600 ἀρετῇ

611 4629 759 4679 tuos,
806 4618 919 4671 imo
964 4620 1129 4672 etiam
1179 4619 1318 4688 apud
1391 4621 1529 4673 alios
1567 4621 1789 4673 multos.
1850 4620 2057 4674 Bonum
2102 4623 2180 4674 si-

611 4711 830 4778 quidem
895 4719 1086 4764 natura
1147 4725 1247 4764 sua
1290 4712 1552 4766 occultari
1603 4727 1710 4766 non
1743 4713 1913 4778 solet;
1945 4713 2038 4766 sed
2067 4721 2180 4765 tum

610 4801 774 4855 etiam
802 4816 926 4855 cum
951 4802 1120 4856 latere
1151 4803 1325 4873 magis
1351 4804 1586 4864 videtur,
1615 4803 1972 4872 conspicuum
2005 4803 2184 4857 reddit

612 4895 960 4964 operarium;
1033 4896 1109 4948 ita
1165 4905 1226 4949 ut
1277 4897 1472 4950 civitas
1526 4897 1620 4951 Dei
1674 4897 1992 4966 appelletur,
2042 4897 2186 4952 sicut

615 4986 876 5053 scriptum
907 4995 992 5040 est
1022 4987 1088 5040 ⁵⁸.
1146 4985 1347 5040 Verum
1381 4988 1483 5042 hoc
1513 4989 1730 5057 quidem
1773 4990 2053 5045 hactenus.
2103 4989 2181 5043 De

614 5091 683 5130 eo
704 5085 886 5130 autem
927 5078 1073 5146 quod
1095 5077 1434 5147 signiﬁcasti,
1463 5079 1566 5132 boc
1595 5089 1696 5144 est,
1736 5081 1801 5134 de
1835 5080 1982 5134 illius
2031 5094 2182 5134 com-

615 5169 1009 5223 memoratione
1043 5169 1321 5234 facienda;
1350 5173 1510 5226 debes
1541 5182 1716 5227 tecum
1748 5173 1862 5242 ipse
1889 5173 2179 5241 dispicere,

617 5261 786 5330 quod,
810 5261 854 5314 si
877 5263 928 5314 in
955 5273 1152 5331 morte,
1183 5278 1304 5316 cum
1337 5272 1494 5317 antea
1525 5265 1764 5317 humano
1797 5273 2004 5318 terrore
2028 5279 2178 5317 com-

619 5351 953 5405 municasset
1002 5352 1219 5414 haeresi,
1266 5354 1512 5408 substitit
1537 5355 1829 5419 conlitens,
1857 5366 1910 5408 ct
1947 5355 2092 5408 velut
2147 5371 2175 5407 a

2279 4623 2336 4675 ὲν
2392 4624 2456 4692 τῇ
2503 4622 2821 4690 ἀδελφότητι
2873 4620 3070 4685 σου,οὒ
3105 4621 3210 4690 μὴν
3234 4619 3372 4672 ἀλλά
3425 4621 3523 4672 καὶ
3566 4621 3626 4671 ἐν
3677 4621 3846 4679 ἀλλοις

2281 4713 2512 4776 πολλοῖς.
2545 4713 2708 4765 Φύσιν
2737 4714 2846 4782 γὰρ
2872 4714 2972 4765 οὐκ
2997 4711 3110 4780 ἔχει
3139 4710 3487 4778 κρύπτεσθαι
3509 4712 3570 4763 τὸ
3599 4713 3803 4780 ἀγαθόν
3832 4729 3842 4740 ·

2282 4804 2416 4857 ἀλλά
2448 4807 2540 4857 καὶ
2574 4803 2772 4873 μᾶλλον
2798 4802 3081 4856 λανθάνειν
3111 4801 3303 4854 δοκοῦν
3327 4843 3341 4862 ,
3377 4802 3604 4873 εύδηλον
3639 4805 3730 4856 τον
3765 4808 3845 4873 ἐρα

2283 4892 2456 4961 γάτην
2486 4893 2920 4962 ἀποκαθίστησιν
2957 4907 2969 4920 °
3002 4891 3078 4953 ὡς
3110 4893 3263 4944 πόλιν
3297 4891 3434 4943 Θεοῦ
3463 4896 3841 4962 χρηματίζειν,

2285 4985 2426 5036 κατα
2446 4985 2506 5035 τὸ
2527 4986 2932 5054 γεγραμμένον.
2960 4983 3120 5036 Ἀλλὰ
3138 4983 3298 5034 τοῦτο
3331 4983 3430 5053 μὲν
3456 4987 3552 5036 επὶ
3578 4985 3842 5036 τοσοῦτον.

2287 5075 2420 5145 Περὶ
2463 5075 2518 5128 δὲ
2567 5070 2634 5146 ἦς
2681 5077 2956 5144 ἐσήμανας
2983 5074 3312 5138 ὑποθέσεως,
3353 5074 3529 5143 ἤγουν
3558 5076 3655 5127 τοῦ
3688 5078 3844 5126 tota?»

2290 5167 2510 5236 μνήμην
2531 5167 2628 5219 τοῦ
2659 5166 2850 5230 δεῖνος,
2907 5165 3142 5234 ὀφείλεις
3169 5166 3230 5229 ἐξ
3262 5165 3478 5219 ἑαυτοῦ
3496 5168 3753 5238 συνορᾷν.
3775 5169 3842 5216 ὅτι

2287 5258 2336 5309 εί
2372 5260 2471 5327 μὲν
2503 5260 2560 5310 ὲν
2585 5258 2663 5327 τῷ
2684 5257 2898 5328 θανάτῳ
2927 5255 3309 5327 προκοινωνῶν
3338 5260 3397 5309 ὲν
3431 5261 3500 5328 τῇ
3539 5259 3745 5330 αἱρέσει
3768 5258 3843 5308 διὰ

2286 5351 2448 5420 φόϐον
2473 5350 2812 5422 ἀνθρώπινόν
2833 5353 2946 5402 ἐστι
2979 5349 3342 5420 ἐξαγορεύων,
3370 5352 3467 5402 καὶ
3489 5353 3659 5405 οἱονεὶ
3683 5355 3839 5405 ἐπιτι-

689 5464 738 5498 “
762 5464 938 5522 Galat.
966 5485 1041 5531 vi,
1065 5468 1117 5524 2.
1195 5469 1240 5501 ⁸⁷
1266 5468 1455 5525 Matth.
1507 5487 1622 5535 nx,
1656 5471 1709 5527 6.
1787 5472 1830 5504 ⁸⁸
1864 5473 2030 5542 Apoc.
2073 5489 2159 5526 xxi

2284 5474 2332 5527 l.
2410 5473 2455 5504 δ’
2484 5471 2673 5527 Matth.
2750 5487 2904 5537 xvm,
2935 5471 3022 5524 20.
3099 5471 3144 5503 ⁵⁰
3170 5470 3318 5526 Psal.
3345 5489 3525 5542 XLVII,
3558 5476 3614 5530 9.

2135 5631 2362 5686 NOTIE.

699 5783 812 5853 (9|)
844 5782 899 5838 In
936 5785 1055 5842 cod.
1091 5787 1218 5858 Reg.
1260 5786 1320 5843 π’.
