3976 6322
111 383 134 443 1
147 385 250 444 597

1295 398 1823 458 EPISTULARUM
1863 401 2005 458 LIB.
2059 402 2142 460 Ιῐ.

3187 393 3318 462 1598

105 499 360 568 μώμενος
386 500 522 570 πρός
548 519 713 566 τινος,
748 498 849 555 εἴθ’
880 503 1052 567 οὕτως
1089 506 1188 576 τῆς
1229 509 1508 578 όρθοδόξου
1558 527 1673 562 κοι-

1788 512 2030 578 qquiam
2075 511 2394 580 castigatus,
2426 518 2589 579 atque
2639 511 2710 564 ita
2743 510 3058 565 orthodoxa
3082 523 3330 561 commu-

101 593 321 657 νωνίας,
352 597 445 646 καὶ
491 595 664 666 ταύτῃ
696 597 1009 667 συναπέπτη
1031 614 1044 628 ο
1075 598 1188 669 ἔχει
1231 602 1390 670 φύσιν
1433 605 1492 655 ἐν
1531 620 1664 673 μνη-

104 685 363 752 μοσύνοις
420 687 707 742 τάττεσθαι
761 690 1089 759 ὀρθοδόξων·
1137 692 1231 745 τοῦ
1274 690 1479 760 ἀγαθοῦ
1507 693 1665 762 ἡμῶν

101 777 264 842 Θεοῦ,
292 777 380 829 διὰ
404 777 602 848 πολλὴν
633 780 1064 850 φιλανθρωπίαν,
1097 783 1184 835 ἐπ’
1212 783 1382 852 αὐτῆς
1426 782 1528 852 τῆς
1570 800 1664 835 τε-

101 865 360 926 λευταίας
394 865 539 935 ὥρας
581 868 873 938 δεχομένου
913 872 1005 924 τδν
1049 871 1540 941 μεταμελούμενον,
1571 875 1666 925 καὶ

101 953 204 1008 ὦδε
239 957 407 1008 αὐτὸν
430 959 723 1028 κρίνοντος.
756 961 918 1014 Ὥστε
948 965 994 1015 εί
1023 963 1192 1028 οὕτως
1221 963 1457 1032 ἐγένετο,
1489 967 1665 1017 ποιεῖ-

105 1046 230 1096 σθαι
263 1045 606 1114 λειτουργίας
633 1049 772 1119 ὑπὲρ
804 1049 967 1104 αὐτοῦ
995 1054 1129 1122 πρὸς
1152 1053 1284 1105 Θεὸν
1310 1053 1370 1105 ού
1393 1071 1666 1124 παραιτη-

103 1136 245 1187 τέον.
283 1136 346 1187 Εἰ
378 1135 433 1187 δὲ
461 1139 610 1191 οὐδὲν
644 1139 847 1192 τούτων
871 1141 1113 1209 γέγονεν,
1147 1142 1280 1196 ἀλλὰ
1312 1143 1580 1196 κοινωνῶν
1598 1140 1666 1214 ἦν

101 1231 168 1298 τῇ
207 1229 441 1298 αἱρέσει,
464 1231 556 1283 καὶ
590 1232 690 1284 οὐκ
740 1231 941 1300 ἔφθασε
979 1236 1264 1304 μετασχεῖν
1287 1234 1381 1287 τοῦ
1418 1234 1667 1305 σώματος

104 1320 200 1372 καὶ
255 1319 487 1387 αἵματος
538 1321 631 1374 τοῦ
693 1324 930 1392 Κυρίου·
964 1325 1238 1394 αἱρετικδς
1286 1327 1393 1397 γὰρ
1423 1329 1449 1380 ὁ
1502 1327 1668 1397 ἄρτος

105 1413 336 1478 ἐκεῖνος,
379 1415 472 1465 καὶ
501 1414 559 1466 ού
591 1415 746 1485 σῶμα
774 1416 1007 1485 Χριστοῦ
1033 1416 1130 1488 (Οὐ
1168 1417 1464 1487 τολμητέον
1493 1419 1668 1472 εἰπεῖν

105 1500 332 1566 σύναξιν
388 1503 516 1572 περὶ
572 1503 735 1555 αὐτοῦ
792 1507 1007 1570 ποιεῖν)⁶
1037 1505 1157 1558 οὐδὲ
1198 1506 1304 1576 γὰρ
1339 1506 1565 1574 παίγνια
1599 1507 1669 1560 τὰ

106 1589 247 1643 θεῖα.
287 1591 376 1653 Ὠς
399 1592 463 1644 ἂν
489 1591 564 1662 μὴ
586 1592 791 1663 ἀκούσῃ
819 1595 846 1645 ό
879 1594 1042 1647 αἰτῶν
1072 1596 1200 1664 περὶ
1241 1596 1336 1649 τοῦ
1377 1596 1620 1651 τοιούτου
1651 1613 1666 1626 ·

104 1681 353 1757 ᾉὶτεῖτε,
382 1682 477 1735 καὶ
511 1685 586 1736 οὐ
609 1683 961 1751 λαμϐάνετε,
990 1685 1138 1739 διότι
1165 1686 1360 1752 κακῶς
1387 1687 1668 1744 αἰτεῖσθε.

111 1771 173 1820 Ἀ
183 1770 274 1822 λλο
295 1788 348 1823 τι
368 1771 549 1839 λέγειν
570 1773 808 1843 ούκέχω,
834 1776 956 1827 ὅσον
970 1776 1030 1828 τὸ
1053 1779 1174 1830 κατ’
1191 1777 1292 1847 ἐμὲ
1311 1777 1598 1846 γινώσκειν
1611 1780 1670 1833 τὸ

105 1861 332 1932 ἀληθές.
361 1864 619 1932 Οὐδεμία
642 1865 749 1934 γὰρ
766 1869 1044 1923 κοινωνία
1069 1871 1214 1937 φωτὶ
1239 1872 1386 1937 πρὸς
1414 1874 1634 1937 σκότος
1656 1888 1672 1905 ο
1707 1851 1747 1905 Β

106 1953 228 2006 οὕτε
264 1957 322 2007 ἐν
343 1955 422 2026 τῷ
457 1955 612 2025 μέρει
639 1957 744 2009 τῶν
768 1957 1060 2027 ὀρθοδόξων
1087 1961 1424 2025 τετάξεται.ό
1457 1963 1529 2032 μὴ
1557 1979 1675 2015 κοι-

108 2047 299 2099 νωνῶν
332 2050 401 2116 τῇ
450 2048 745 2132 όρθοδοξίᾳ,
779 2050 882 2103 κᾶν
908 2053 965 2103 ἐν
996 2054 1064 2123 τῇ
1105 2055 1308 2127 ἐσχάτῃ
1332 2053 1470 2127 ὥρᾳ.
1502 2057 1674 2109 Ὅπου

110 2135 219 2205 γὰρ
251 2138 476 2208 εὑρεθῇ,
519 2139 634 2191 ἐκεῖ
671 2139 766 2191 καὶ
797 2139 1116 2211 κριθήσεται
1139 2157 1154 2171 ⁸
1191 2144 1286 2195 καὶ
1314 2138 1426 2196 οἷον
1467 2145 1676 2213 ἐφόδιον

111 2230 306 2299 εἴληφε
341 2232 481 2300 πρὸς
510 2230 607 2300 τὴν
641 2232 857 2284 αἰώνιον
893 2231 1059 2303 ζωὴν,
1085 2234 1260 2305 τούτῳ
1318 2236 1413 2290 καὶ
1455 2254 1677 2308 συναρι»

113 2321 481 2391 θμηθήσεται.
506 2323 782 2376 Τὸλοιπδν
803 2324 964 2394 εὔχου
993 2325 1133 2396 ὑπὲρ
1160 2324 1314 2395 ἐμοῦ.
1352 2326 1682 2391 Ἀσπάζεταί

114 2430 172 2466 σε
201 2416 228 2465 ὁ
265 2415 458 2485 κύριος
486 2417 514 2468 ό
568 2416 998 2485 ἀρχιεπίσκοπος
1022 2458 1036 2481 ,
1067 2418 1162 2470 καὶ
1203 2419 1253 2470 οἱ
1308 2418 1526 2482 ἀδελφοί
1566 2436 1681 2474 σου.

113 2506 251 2568 Τοὺς
280 2506 419 2574 μετὰ
447 2506 540 2559 σοῦ
564 2507 823 2575 ἀδελφοὺς
843 2507 916 2568 ὠς
942 2507 1106 2560 τέκνα
1131 2526 1232 2578 μου
1257 2509 1644 2578 προσαγορεύω
1664 2525 1680 2540 ο

115 2598 238 2648 ἐπεὶ
287 2597 385 2650 καὶ
429 2597 529 2669 τὴν
588 2599 784 2669 κυρίαν
827 2598 1033 2652 Θέκ).αν
1057 2599 1131 2662 ὠς
1170 2597 1448 2671 θυγατέρα
1471 2601 1530 2653 ἐν
1549 2600 1686 2670 Χρι-

117 2703 249 2744 στω.

120 2805 263 2872 Ριιιιν
304 2808 536 2878 (92).-—
565 2807 812 2874 Ἀὅολίῳ
862 2809 963 2861 καὶ
1004 2807 1250 2876 Ἰωάννῃ
1297 2807 1676 2878 μονάζουσιν.

1767 600 1945 655 nionis
1970 601 2239 670 particeps
2267 600 2443 656 factus
2473 609 2576 664 est,
2601 601 2653 654 in
2670 616 2840 670 caque
2860 596 3147 655 defunctus
3164 639 3179 663 ,
3205 615 3334 652 con-

1767 703 2084 748 sentaneum
2115 703 2272 748 estut
2320 693 2373 746 in
2414 691 3336 747 orthodoxorumcommemoratio-

1767 784 1928 838 nibus
1951 784 2129 838 locum
2163 784 2375 847 habeat,
2401 785 2545 839 bono
2590 785 2699 840 Deo
2724 794 2913 839 nostro
2937 799 3035 853 per
3061 797 3332 838 summam

1767 875 2108 928 clementiam
2144 874 2198 928 in
2231 876 2423 930 ultima
2461 876 2550 929 illa
2590 876 2720 928 hora
2755 874 3108 944 pmnitentem
3161 873 3336 928 susci-

1766 967 1970 1038 piente,
2024 967 2214 1036 ‘ibique
2244 983 2368 1021 eum
2399 966 2698 1037 judicante.
2728 966 2908 1031 Quare
2959 965 3003 1021 si
3044 966 3118 1019 ita
3144 981 3202 1019 se
3245 979 3330 1017 res

1768 1056 1975 1122 habuit,
2027 1072 2132 1112 non
2208 1060 2569 1113 recusandum
2626 1067 2711 1112 est
2761 1057 3051 1124 quominus
3104 1056 3336 1126 publica!

1766 1164 1955 1218 preces
1993 1165 2090 1218 pro
2129 1149 2220 1203 illo
2250 1151 2378 1204 ﬁant
2425 1150 2490 1204 ad
2550 1149 2742 1203 Deum.
2780 1147 2875 1203 Sin
2915 1158 3095 1202 autem
3137 1148 3333 1200 horum

1768 1239 1902 1293 nihil
1954 1238 2156 1293 factum
2193 1250 2297 1301 est,
2351 1239 2443 1294 sed
2495 1239 2587 1308 qui
2632 1238 2823 1292 haeresi
2871 1235 3333 1296 communicabat,

1769 1344 1876 1383 non
1901 1339 2024 1382 ante
2038 1330 2304 1398 particeps
2333 1327 2430 1381 fuit
2462 1329 2705 1396 corporis
2740 1335 2795 1380 et
2818 1325 3098 1395 sanguinis
3123 1313 3334 1376 Domini

1772 1420 2097 1491 (luereticus
2117 1421 2260 1474 enim
2292 1419 2446 1489 panis
2476 1420 2566 1473 ille
2599 1428 2651 1474 et
2680 1434 2786 1473 non
2824 1433 3022 1486 corpus
3055 1416 3255 1470 Christi
3294 1417 3334 1483 ),

1773 1528 1880 1568 non
1911 1513 2223 1567 audendum
2253 1520 2338 1567 est
2358 1512 2560 1573 dicere,
2592 1521 2650 1564 ut
2686 1526 2786 1580 pro
2813 1510 2906 1564 illo
2948 1509 3170 1580 synaxis
3223 1507 3333 1560 liat.

1772 1602 1955 1673 Neque
1979 1604 2123 1658 enim
2157 1603 2364 1657 ludicra
2426 1610 2551 1656 sunt
2585 1601 2788 1665 divina,
2820 1610 2879 1654 ut
2902 1615 3007 1653 non
3035 1599 3219 1652 audiat
3243 1598 3336 1666 qui

1773 1712 1871 1766 pro
1892 1696 1986 1750 illo
2014 1696 2146 1764 petit
2169 1714 2182 1749 :
2217 1695 2429 1756 Petitis,
2460 1705 2505 1747 et
2532 1710 2636 1746 non
2663 1693 2928 1760 accipitis,
2956 1707 3014 1744 eo
3043 1690 3180 1758 quod
3205 1689 3339 1740 male

1774 1790 1964 1858 petatis
1990 1789 2059 1844 ".
2089 1787 2248 1841 Aliud
2271 1787 2415 1856 quod
2441 1786 2618 1841 dicam
2648 1800 2755 1839 non
2782 1785 2974 1848 habeo,
3006 1782 3182 1851 quoad
3211 1797 3338 1849 pos—

1778 1881 1880 1937 sim
1907 1882 1959 1934 id
1998 1880 2143 1948 quod
2169 1895 2356 1934 verum
2403 1890 2485 1934 est
2519 1893 2864 1948 cognoscere.
2901 1875 3071 1928 Nulla
3099 1876 3232 1927 enim
3264 1883 3337 1925 est

1777 1973 1998 2026 societas
2023 1971 2129 2024 luci
2149 1971 2218 2024 ad
2250 1969 2483 2024 tenebras
2508 1971 2589 2035 ⁶²;
2620 1983 2796 2037 neque
2825 1969 2880 2022 in
2905 1967 3336 2021 orthodoxorum

1777 2074 1932 2132 parte
1984 2062 2358 2121 collocabitur,
2393 2061 2485 2130 qui
2513 2059 2849 2114 orthodoxiae
2893 2057 2976 2112 vel
3038 2057 3092 2110 in
3151 2055 3341 2109 ultima

1780 2152 1914 2206 hora
1945 2168 2051 2206 non
2089 2155 2478 2207 communicat.
2520 2150 2625 2206 Ubi
2659 2152 2804 2205 enim
2845 2149 3010 2205 fuerit
3039 2146 3343 2217 deprehen-

1783 2261 1902 2308 sus,
1933 2244 2006 2298 ibi
2055 2245 2427 2314 iudicabitur;
2464 2256 2517 2298 et
2548 2244 2710 2313 quale
2739 2242 3000 2296 viaticum
3050 2237 3344 2307 sumpserit

1783 2337 1846 2390 ad
1888 2336 2054 2390 vitam
2093 2347 2374 2401 attentam,
2425 2353 2494 2391 ex
2545 2351 2611 2389 eo
2656 2333 3148 2390 connumerahitur
3203 2330 3337 2397 (95).

1780 2425 1932 2491 Quod
1965 2427 2234 2495 reliquum
2275 2436 2380 2491 est,
2423 2441 2520 2480 ora
2553 2440 2649 2494 pro
2674 2439 2781 2480 me.
2832 2422 3043 2477 Salutat
3081 2429 3132 2475 te
3168 2418 3345 2473 domi-

1781 2534 1886 2572 nus
1947 2517 2413 2587 archiepiscopus,
2467 2527 2520 2570 et
2564 2514 2760 2571 fratres
2809 2515 2909 2569 tui.
2947 2511 3166 2566 Fratres
3230 2509 3326 2578 qui

1782 2615 1956 2660 tecum
1997 2616 2143 2672 sunt,
2183 2616 2243 2662 ut
2285 2607 2425 2661 ﬁlios
2477 2606 2654 2661 saluto
2719 2623 2733 2660 :
2777 2614 2892 2659 tum
2951 2613 3006 2658 et
3067 2602 3343 2657 dominam

1783 2697 2036 2753 Theclam
2067 2708 2127 2752 ut
2149 2699 2312 2752 tiliam
2337 2699 2391 2752 in
2426 2698 2663 2752 Christo.

1972 2812 2244 2869 CXCVIII.
2263 2843 2334 2854 —
2360 2813 2548 2870 Abolio
2573 2823 2622 2868 et
2645 2811 2845 2868 Joanni
2870 2809 3159 2864 monac/iis.

1515 2919 1587 2968 De
1613 2926 1779 2971 sancta
1809 2923 2045 2986 imagine.

188 3025 577 3096 Προσηγορίαν
604 3021 758 3091 ὑμῶν
783 3021 892 3074 τῶν
925 3021 1097 3090 ἁγίων
1135 3020 1501 3091 κομισάμενος
1532 3020 1682 3091 παρὰ

1854 3027 1992 3080 Cum
2037 3025 2379 3082 salutationis
2420 3023 2662 3080 ofﬁcium
2707 3031 2892 3078 vestro
2943 3021 3186 3085 nomine,
3237 3022 3341 3076 viri

133 3119 354 3170 Ἡσαΐου
377 3115 472 3168 τοῦ
499 3113 915 3186 θεοφιλεστάτου
942 3112 1239 3164 ἐπισκόπου
1274 3111 1369 3164 καὶ
1393 3127 1690 3180 πνευματι-

123 3208 220 3261 κοῦ
282 3206 520 3276 Πατρός.
552 3205 611 3256 οὐ
646 3205 802 3271 μόνον
843 3201 1188 3273 ἐξεὸιδάχθην
1235 3202 1320 3264 τίς
1362 3201 1396 3270 ἠ
1438 3200 1561 3254 ὁσία
1589 3200 1688 3253 καὶ

128 3298 367 3370 πατρικὴ
417 3295 573 3365 ὑμῶν
632 3295 799 3356 δυάς’
851 3293 988 3346 ἀλλὰ
1036 3291 1145 3362 γὰρ
1199 3290 1292 3343 καὶ
1337 3291 1688 3360 προετράπην

127 3393 360 3462 χαράξαι
419 3390 550 3457 ὑμῖν
597 3386 755 3454 τήνδε
779 3384 878 3455 τὴν
902 3382 1123 3454 οἰκτρὰν
1158 3381 1452 3450 συλλαδήν.
1500 3380 1691 3450 Ἡμεῖς

128 3489 181 3538 δὲ
210 3482 457 3537 ταπεινοὶ
481 3481 578 3550 μὲν
602 3480 694 3532 καὶ
719 3477 1052 3548 ἁμαρτωλοὶ,
1078 3476 1226 3545 ὅμως
1252 3473 1528 3543 φιλοῦντες
1549 3473 1693 3542 ὑμᾶς

129 3575 329 3644 ἀνάψαι
359 3576 440 3636 εἱς
478 3571 728 3638 ἀγάπην,
757 3564 823 3639 ἧς
857 3567 1006 3620 οὐδὲν
1034 3565 1446 3636 προτιμότερον.
1482 3562 1694 3624 Ἀλλως

130 3684 184 3719 τε
214 3667 309 3719 καὶ
333 3662 583 3731 ὑπακοὴν
619 3659 970 3730 πληροῦντες,
999 3657 1350 3725 ἐπεδώκαμεν
1373 3656 1596 3719 ἑαυτοὺς
1618 3653 1696 3724 τῷ

133 3761 443 3828 γράμματι.
475 3756 586 3807 Καὶ
628 3754 691 3823 δὴ
731 3750 1163 3823 εὐχαριστοῦμεν
1212 3747 1290 3818 τῷ
1320 3748 1460 3819 Θεῷ,
1493 3748 1573 3799 ὅτι
1599 3746 1697 3799 καὶ

138 3852 290 3918 ὑμεῖς
337 3851 395 3901 ἐν
432 3847 513 3916 τῷ
545 3845 756 3914 σεισμῷ
799 3845 895 3912 τῆς
939 3840 1378 3911 Εἰκονομαχικῆς
1429 3839 1698 3909 αἱρέσεως

138 3941 371 3992 ἇσειστοι
427 3936 752 4007 διεμείνατε,
787 3934 929 4001 άγιοι
973 3934 1236 4003 Πατέρες,
1286 3931 1360 4000 μὴ
1390 3930 1608 3991 ἁλόντες
1632 3931 1697 3998 τῇ

139 4033 255 4085 κατ’
276 4031 445 4102 αὐτὴν
461 4029 790 4098 ψυχοφοόρῳ
807 4025 1082 4094 κοινωνίᾳ·
1100 4024 1234 4077 ἀλλὰ
1250 4027 1315 4093 τῇ
1335 4025 1480 4091 φυγῇ
1497 4020 1586 4074 τὸν
1606 4019 1698 4073 τοῦ

139 4124 379 4195 διωγμοῦ
403 4123 870 4193 τρισμακάριστον
899 4117 1047 4189 [cod.
1087 4117 1220 4187 Reg.
1241 4112 1700 4186 θεομακάριστον]

143 4218 401 4285 στέφανον
433 4213 813 4283 κομισάμενοι,
846 4210 993 4275 ἄξιον
1028 4209 1196 4272 ὅντως
1223 4211 1321 4275 τῆς
1350 4208 1552 4279 ἀρετῆς
1571 4246 1586 4271 ,
1607 4206 1702 4258 καὶ

143 4313 439 4382 κατάδηλον
507 4309 617 4362 τῶν
680 4300 1156 4377 προδιηνυσμένων
1209 4304 1338 4374 ύμῖν
1385 4301 1699 4373 ἀσκητικῶν

144 4405 386 4470 ἀγώνων.
439 4401 586 4454 Διότι
637 4401 700 4451 ἐκ
741 4398 849 4450 τῶν
899 4397 997 4466 ἥδη
1049 4397 1370 4464 φθασάντων
1428 4392 1702 4458 ἀπόδειξιν

146 4498 364 4568 ἐκφέρει
383 4497 494 4556 πᾶς
516 4509 600 4555 τις
619 4491 713 4543 τοῦ
743 4489 1008 4558 προτέρου
1036 4488 1171 4558 βίου,
1200 4485 1258 4540 εὖ
1290 4505 1349 4540 τε
1375 4487 1467 4539 καὶ
1493 4487 1566 4548 ὼς
1585 4486 1702 4538 ἐτέ-

150 4605 255 4658 ρως
285 4587 418 4658 ἔχει.
454 4587 520 4638 Oi.
551 4585 649 4650 τὴν
683 4583 937 4651 ὁσιότητα
967 4580 1335 4650 ἀμπεχόμενοι
1381 4575 1702 4631 ἐνεδύσασθε

151 4681 244 4732 καὶ
271 4680 370 4747 τὴν
399 4676 694 4748 ὁμολογίαν
718 4673 982 4746 Χριστοῦ,
1012 4671 1372 4740 ἀμφικαλλεῖς
1394 4671 1700 4740 γενόμενοι.

163 4768 450 4840 ὐμολογία
481 4768 593 4838 γὰρ
623 4765 879 4836 Χριστοῦ,
913 4763 1175 4833 Πατέρες,
1203 4763 1236 4830 ἡ
1265 4761 1365 4830 τῆς
1410 4761 1570 4828 ἁγίας
1603 4761 1701 4814 αὑ·-

149 4862 241 4916 τοῦ
285 4864 493 4926 εἰκόνος
554 4860 933 4928 ὑπερμάχησις
960 4873 974 4885 ·
1006 4855 1082 4918 ὡς
1111 4854 1204 4907 καὶ
1233 4852 1467 4923 ἔμπαλιν
1497 4852 1706 4905 ἀθετῶν

153 4957 262 5008 ἐστι
292 4957 530 5026 Χριστὸν
560 4956 588 5005 ὁ
621 4951 824 5021 ταύτην
850 4948 1239 5019 ἐξαρνούμενος
1268 4962 1280 4976 ·
1316 4946 1472 5008 διότι,
1501 4945 1706 5016 φησὶνὸ

159 5048 325 5116 μέγας
358 5050 660 5108 Βασίλειος,
693 5048 726 5114 ἡ
761 5046 858 5108 τῆς
891 5043 1096 5103 εἰκόνος
1127 5041 1260 5110 τιμὴ
1289 5041 1380 5093 ἐπὶ
1413 5038 1474 5092 τὸ
1500 5040 1711 5109 πρωτό-

157 5156 318 5192 τυπον
342 5139 612 5194 διαϐαίνει
635 5135 783 5207 [cod.
814 5135 944 5203 Reg.
976 5131 1301 5203 dva6aivst]'
1324 5133 1418 5185 καὶ
1443 5133 1500 5185 ἐν
1522 5131 1714 5185 ἐκατέ-

166 5232 503 5302 ρῳέκάτερον
521 5231 618 5284 καὶ
644 5226 916 5298 ὁρώμενόν
937 5227 1052 5276 ἐστι
1087 5226 1182 5277 καὶ
1203 5222 1677 5294 προσκυνούμενον
1695 5239 1710 5254 ο

163 5323 262 5375 κᾶν
290 5324 440 5377 Λέων
472 5326 501 5378 ὸ
536 5317 1014 5392 θηριώνυμος,κα“ι
1040 5314 1134 5368 τοῦ
1170 5315 1385 5369 Σατανᾶ
1414 5313 1715 5384 ὑπηρέτης,

231 5479 272 5511 ¹¹
295 5476 412 5533 Jac.
445 5494 517 5543 iv,
553 5476 609 5530 5.
686 5475 731 5507 "
770 5473 812 5529 ll
833 5474 959 5530 Cor.
985 5488 1062 5538 Vl,
1096 5472 1185 5529 M.

1787 3116 1983 3179 sancti,
2018 3116 2204 3184 accepi
2229 3117 2299 3170 ab
2350 3113 2486 3170 Isaia
2518 3114 2776 3183 episcopo
2813 3111 2908 3165 Dei
2946 3112 3348 3178 amantissimo,

1788 3222 1852 3260 ac
1873 3207 2147 3275 spirituali
2186 3216 2355 3274 patre,
2400 3221 2506 3260 non
2536 3205 2697 3262 modo
2727 3201 2986 3266 intellexi,
3016 3217 3180 3272 quam
3224 3219 3352 3256 san—

1788 3308 1934 3352 ctum
1958 3315 2054 3368 par
2073 3298 2294 3352 Patrum
2313 3297 2433 3352 sitis
2463 3313 2556 3352 vos
2574 3297 2712 3364 duo;
2743 3296 2837 3351 sed
2855 3305 2904 3350 et
2931 3295 3200 3363 impulsus
3229 3308 3348 3346 sum

1790 3393 1859 3446 ad
1907 3393 2049 3446 hanc
2097 3391 2462 3445 miserabilem
2511 3386 2796 3458 epistolam
2859 3387 3210 3442 exorandam.
3242 3382 3352 3438 Nos

1792 3499 1941 3550 vero,
1971 3483 2206 3538 humiles
2251 3483 2378 3536 licet
2401 3496 2464 3536 ac
2493 3489 2824 3550 peccatores,
2857 3494 2956 3533 vos
2987 3487 3168 3532 tamen
3193 3484 3352 3544 opta-

1793 3592 1915 3630 mus
1941 3575 2007 3629 ad
2065 3574 2386 3631 charitatem
2421 3571 2732 3635 incendere,
2763 3584 2872 3638 qua
2900 3568 3036 3622 nihil
3064 3566 3354 3635 praestabi-

1795 3667 1899 3722 lius
1925 3677 2029 3722 est.
2052 3666 2266 3734 Alioqui
2310 3675 2361 3717 et
2394 3677 2599 3716 morem
2622 3661 2777 3714 vobis
2807 3667 3074 3730 gerentes,
3110 3658 3353 3711 animum

1796 3758 1861 3811 ad
1886 3756 2230 3811 scribendum
2269 3753 2591 3821 adjecimus.
2618 3750 2684 3804 Et
2709 3765 2840 3804 sane
2875 3749 3075 3819 gratias
3099 3747 3206 3800 Deo
3237 3747 3357 3814 agi—

1796 3865 1942 3912 mus,
1982 3849 2127 3918 quod
2160 3855 2214 3902 et
2277 3863 2370 3901 vos
2404 3847 2456 3900 in
2498 3843 2732 3913 procella
2770 3845 3038 3896 haereseos
3069 3839 3355 3893 Iconoma-

1799 3943 1934 3997 cilia:
1959 3941 2274 4009 perstitistis
2300 3937 2535 3999 immoti,
2567 3935 2758 3990 Patres
2789 3934 2985 3998 sancti,
3018 3932 3245 3985 minime
3278 3930 3358 3984 ir-

1799 4037 1946 4091 retiti
2011 4032 2263 4103 pestifera
2327 4033 2472 4085 illius
2522 4029 2906 4084 communione
2939 4044 2954 4081 :
2986 4024 3081 4081 sed
3139 4031 3359 4092 arrepta

1802 4126 1928 4196 fuga
1956 4135 2035 4179 ter
2056 4123 2266 4178 felicem
2295 4121 2691 4192 persecutionis
2711 4134 2967 4174 coronam
3005 4116 3180 4186 adepti
3203 4116 3356 4176 estis.

1802 4232 1929 4272 vere
1976 4216 2197 4268 virtutis
2250 4213 2554 4283 praemium,
2586 4227 2649 4265 ac
2669 4209 3029 4264 certaminum
3057 4221 3178 4275 qua:
3207 4205 3362 4273 prius

1803 4311 1856 4364 in
1881 4309 1988 4363 vita
2005 4306 2308 4362 monastica
2330 4303 2687 4365 sustinuistis,
2719 4302 2932 4356 illustre
2950 4299 3359 4353 documentum.
3387 4345 3394 4352 .

1808 4399 1989 4466 Quare
2016 4415 2083 4453 ex
2114 4399 2180 4453 iis
2205 4413 2326 4467 quae
2349 4397 2462 4465 jam
2492 4394 2790 4464 contigere.
2823 4390 3096 4460 specimen
3133 4387 3365 4458 quilibet

1807 4489 2006 4560 prioris
2039 4489 2162 4542 vita:
2185 4487 2422 4555 colligat,
2457 4485 2585 4538 dum
2627 4492 2683 4536 et
2713 4480 2916 4549 dispari
2947 4479 3110 4534 modo
3129 4494 3188 4531 se
3203 4478 3362 4547 gerit.

1811 4579 2182 4636 Sanctimonia
2201 4577 2326 4632 vitae
2355 4577 2552 4640 ornati,
2586 4573 2788 4629 Christi
2825 4589 3044 4642 quoque
3066 4571 3369 4626 confessio-

1809 4689 1934 4728 nem
1968 4671 2241 4734 induistis,
2282 4683 2511 4738 utraque
2545 4669 2657 4737 jam
2693 4667 2850 4720 laude
2879 4665 3182 4734 conspicui.
3220 4663 3368 4717 Con-

1810 4766 1975 4821 fessio
1999 4766 2142 4818 etaim
2169 4762 2369 4816 Christi
2410 4771 2511 4827 est,
2546 4760 2752 4823 Patres,
2796 4769 2996 4812 Sancta:
3031 4757 3202 4824 ipsius
3229 4755 3371 4807 ima-

1813 4856 1952 4927 ginis
1980 4855 2343 4925 propugnatio
2378 4870 2391 4905 :
2432 4862 2490 4906 ut
2513 4860 2567 4904 et
2597 4851 2710 4903 vice
2745 4864 2900 4903 versa
2949 4848 3229 4902 Christum
3275 4846 3374 4898 de-

1815 4947 1994 5017 spicit,
2012 4946 2264 5016 quisquis
2287 4946 2428 4998 hanc
2459 4953 2618 5012 negat
2655 4960 2668 4996 :
2698 4941 3017 5006 «Quoniam,
3051 4938 3230 5007 inquit
3253 4951 3370 4989 ma-

1814 5053 1954 5110 gnus
1983 5037 2235 5098 Basilius,
2267 5034 2520 5103 imaginis
2556 5036 2728 5086 honor
2786 5033 2982 5085 transit
3033 5029 3098 5082 ad
3131 5036 3367 5098 prototy-

1815 5149 1941 5203 pum
1979 5148 1994 5187 :
2025 5141 2078 5186 et
2117 5131 2346 5184 alterum
2387 5129 2442 5181 in
2470 5127 2647 5181 altero
2673 5124 2920 5180 cernitur
2943 5133 2997 5177 et
3026 5123 3318 5184 adoratur;
3349 5138 3368 5170 ι

1817 5223 2216 5294 quantumlibet
2276 5220 2404 5277 Leo.
2460 5219 2547 5272 cui
2590 5231 2890 5286 congruum
2927 5231 2955 5265 a
3007 5214 3119 5267 fera
3175 5227 3377 5280 cogno-

1822 5333 1968 5381 men,
2002 5315 2216 5370 Satana‘.
2245 5312 2592 5376 administer,
2626 5306 2996 5370 Constantini,
3025 5305 3117 5375 qui
3169 5303 3375 5374 pridem

1635 5559 1865 5615 NOTAE.

240 5663 347 5724 (9‘2)
373 5662 429 5716 In
461 5663 586 5717 cod.
620 5661 752 5730 Reg.
782 5667 902 5729 ptp'.

243 5714 350 5801 ibi}
377 5714 448 5786 De
470 5714 584 5786 hac
611 5714 897 5791 satia-(uia,
937 5747 1059 5801 qua!
1091 5739 1349 5801 tanquam
1383 5743 1448 5781 ex
1483 5727 1765 5793 Scriptum
1807 5725 2003 5778 citatur
2027 5743 2054 5778 a
2080 5723 2357 5783 Patrihus,
2383 5722 2581 5776 \‘idesis
2646 5737 2763 5788 qua:
2818 5719 3025 5774 notavit
3069 5714 3382 5773 Cutelerius

177 5814 212 5855 t.
246 5805 284 5864 Ι,
316 5799 541 5857 Monum.
575 5802 722 5857 Eccl.
762 5799 977 5866 arma,
1005 5818 1120 5871 pag.
1155 5799 1274 5854 821.
