3976 6322
579 362 719 426 1599
1761 357 1824 416 S.
1866 355 2257 415 THEODORI
2296 352 2644 412 STUDITAE
3733 345 3856 408 16m

575 472 807 535 exstitit,
868 470 1163 539 impietatis
1217 467 1562 524 aemulatione
1603 465 1858 522 ferociter
1882 471 2147 523 adversus

2280 465 2398 537 ήλῳ
2422 465 2519 534 τῆς
2548 464 2640 516 τοῦ
2664 462 2831 516 πάλαι
2854 459 3269 514 Κωνσταντίνου
3291 459 3646 524 δυσσεϐείας
3673 465 3855 530 μανεὶς

575 565 857 620 Christum
890 563 1149 622 insaniat,
1182 561 1446 615 adversus
1476 559 1760 629 Deiparam
1786 601 1800 625 ,
1830 570 2154 615 sanctumve

2280 559 2432 627 ,μάνη
2460 558 2599 609 κατά
2631 553 2891 626 Χριστοῦ,
2926 554 3023 624 τῆς
3063 570 3122 606 τε
3146 554 3309 621 ἁγίας
3341 552 3592 622 Μητρὸς
3640 555 3813 606 αὑτοῦ
3837 595 3848 615 ,

573 657 905 728 quemlibet:
963 655 1121 722 cujus
1175 655 1433 708 memoria
1489 654 1648 722 periit
1710 669 1832 707 cum
1897 654 2078 707 sonitu
2108 655 2154 686 ⁸³

576 749 939 804 anathematis
978 748 1315 817 sempiterni.
1384 746 1492 802 Vos
1524 763 1650 802 vero
1724 750 1932 802 utinam
1979 763 2157 803 serve-

576 844 736 908 mini,
771 844 1024 897 Ecclesia;
1072 842 1164 896 Dei
1198 843 1463 896 Columna:
1495 858 1560 896 ac
1593 845 1963 903 ﬁrmamenta,
1993 844 2154 897 nobis

581 947 768 990 autem
811 937 1129 999 humilibus,
1165 937 1308 1004 apud
1351 937 1614 1002 Optimum
1642 936 1806 988 Deum
1839 934 2156 990 defensores

581 1043 646 1081 ac
697 1027 913 1096 patroni
953 1045 964 1080 :
1028 1039 1086 1079 ut
1133 1027 1290 1079 fidem
1341 1027 1602 1080 habentes
1633 1042 1754 1095 qua:
1788 1042 1882 1095 per
1916 1025 2157 1079 charita¢

583 1128 688 1172 tem
721 1127 979 1186 oneratur
1007 1119 1071 1182 ",
1100 1134 1128 1172 a
1171 1119 1411 1186 maligno
1460 1133 1760 1172 servemur.
1805 1118 2158 1187 Quandoqui-

581 1210 701 1260 dem
728 1225 854 1262 vero
881 1210 1088 1262 litteras
1113 1209 1180 1262 ad
1203 1224 1298 1261 vos
1323 1211 1592 1274 misimus,
1618 1209 1896 1264 cliaritatis
1921 1208 2156 1264 oﬂicium

583 1300 906 1366 explentes:
935 1301 1179 1354 vicissim
1211 1311 1261 1353 et
1285 1317 1314 1354 a
1345 1301 1498 1354 vobis
1529 1302 1729 1370 scripta
1758 1301 2018 1354 reddatur
2046 1301 2160 1370 epi-

585 1391 754 1452 stola;
794 1400 850 1443 ut
882 1393 1053 1459 magis
1085 1393 1315 1445 invicem
1337 1407 1719 1462 agnoscamus,
1754 1402 1806 1447 et
1828 1403 2016 1447 mutuo
2048 1392 2161 1446 vel-

591 1480 667 1533 uti
722 1479 1071 1548 perfruantur
1102 1490 1348 1551 aspectu,
1385 1483 1721 1536 commercio
1747 1481 2078 1547 litterarum,
2104 1482 2159 1535 in

584 1571 804 1625 Christo
851 1571 977 1624 Jesu
1037 1570 1267 1624 Domino
1291 1582 1510 1626 nostro:
1545 1570 1704 1639 cujus
1763 1573 1945 1640 imago
1978 1573 2162 1626 incor-

592 1664 973 1732 rnpta,mundi
1000 1666 1171 1728 salus,
1200 1665 1470 1717 idolorum
1498 1665 1671 1717 errori
1711 1664 1982 1733 opposita.

766 1861 998 1917 CXCIX.
1033 1895 1095 1905 —
1130 1863 1379 1918 Michaeli
1409 1875 1458 1918 et
1498 1863 1779 1933 Theophila
1812 1865 1976 1933 impp.

2182 1826 2228 1883 Β

2255 649 2349 702 καὶ
2399 648 2600 710 παντὸς
2652 646 2809 715 ἁγίου
2839 663 2854 675 ·
2886 638 2946 699 οὗ
2971 646 3030 698 τὸ
3084 647 3433 716 μνημόσυνον
3491 645 3692 698 ὄλοιτο
3738 650 3844 716 μετ’

2256 741 2422 811 ἤχους
2466 738 2805 808 ἁναθέματος
2859 736 3101 791 αίωνίου.
3147 737 3337 806 Ὑμεῖς
3372 737 3432 789 δὲ
3473 736 3851 805 φυλαχθείητε

2257 834 2324 901 τῇ
2355 831 2450 884 τοῦ
2475 829 2611 883 Θεοῦ
2653 827 2948 898 Ἐκκλησία
2973 828 3154 881 στύλοι
3187 829 3280 882 καὶ
3303 826 3710 898 ἑδραιώματα,
3732 831 3850 897 ἡμῖν

2257 940 2317 977 τε
2364 926 2478 986 τοῖς
2499 925 2774 984 ταπεινοῖς
2829 922 2965 992 πρὸς
3003 921 3134 974 Θεὸν
3178 924 3270 974 τὸν
3311 921 3529 987 ἀγαθὸν
3572 937 3852 991 προασπί-

2262 1015 2384 1068 σταί
2410 1032 2468 1068 τε
2502 1016 2595 1067 καὶ
2626 1010 3039 1085 παρακλήτορες
3107 1013 3183 1077 ὡς
3215 1015 3281 1068 ἂν
3321 1015 3424 1085 τὴν
3454 1015 3662 1067 πίστιν
3712 1017 3793 1066 ἔνε
3806 1031 3852 1082 ρ-

2259 1108 2532 1177 γουμένην
2574 1107 2640 1160 δι’
2661 1108 2881 1176 ἀγάπης
2935 1106 3181 1176 ἔχοντες,
3215 1106 3539 1174 σωθείημεν
3591 1107 3711 1158 ἀπὸ
3763 1105 3850 1157 τοῦ

2261 1199 2517 1269 πονηροῦ.
2582 1199 2800 1266 Ἐπειδὴ
2837 1198 2894 1250 δὲ
2951 1198 3342 1267 ἐπεστείλαμεν
3404 1198 3467 1250 τὺ
3535 1199 3648 1267 τῆς
3711 1199 3848 1263 ἀγά-

2261 1308 2370 1359 πης
2396 1290 2558 1360 ἔργον
2590 1289 2926 1360 πληροῦντες
2945 1306 2959 1319 ’
2988 1290 3083 1344 καὶ
3111 1287 3534 1357 ἀντιδεξοίμεθα
3571 1289 3740 1355 λόγον
3765 1290 3851 1355 ἐγ-

2260 1383 2595 1452 γράμματον
2615 1399 2629 1412 ·
2661 1383 2747 1435 ἵνα
2787 1382 2984 1451 μᾶλλον
3013 1382 3107 1434 καὶ
3139 1382 3511 1451 γνωρίσωμεν
3545 1380 3853 1450 ἀλλήλους,

2262 1475 2356 1526 καὶ
2377 1475 2452 1538 ὡς
2470 1474 2708 1543 ὁρῶντες
2733 1474 3000 1544 ὁρώμενοι
3022 1477 3087 1544 τῇ
3115 1476 3485 1544 γραμματικῇ
3517 1472 3855 1542 προσφωνή-

2265 1584 2344 1620 σει
2371 1567 2753 1636 διαμενοῦμεν,
2776 1569 2835 1619 ἐν
2860 1565 3082 1637 Χριστῷ
3125 1565 3299 1636 Ἰησοῦ
3335 1565 3416 1635 τῷ
3447 1566 3653 1634 Κυρίῳ
3680 1564 3854 1634 ημῷν·

2261 1649 2383 1727 oili)
2418 1655 2686 1728 ἄχραντος
2726 1656 2891 1710 εἰκὼν
2938 1655 3182 1726 σωτηρία
3221 1656 3452 1726 κόσμου,
3507 1658 3617 1726 τῆς
3657 1654 3858 1708 εἱδωλι·

2265 1751 2370 1821 κῆς
2396 1751 2605 1821 πλάνης
2629 1751 2928 1814 ἀντίθετος.

2255 1865 2394 1932 Ριιθι
2435 1865 2595 1937 (95‘).
2623 1895 2694 1906 —-
2717 1864 2961 1934 Μιχαὴλ
2993 1865 3094 1919 καὶ
3123 1865 3394 1934 Θεοφίλῳ
3439 1861 3852 1929 βασιλεῦσιν.

2954 1955 3144 2029 [ψιιεό]

1261 2074 1334 2123 De
1361 2073 1455 2121 ﬁde
1482 2073 1773 2130 orthodoxa,
1806 2075 1859 2119 et
1879 2070 1942 2119 de
1965 2068 2150 2119 sanctis
2169 2071 2486 2134 Imaginibus.
2514 2071 2715 2134 (Baron.
2747 2084 2826 2121 an.
2850 2071 2962 2130 825,
2992 2085 3040 2121 η.
3063 2071 3126 2120 14
3150 2073 3167 2134 )

664 2178 888 2249 Regibus
919 2180 1171 2248 piissimis
1192 2191 1239 2232 el
1276 2182 1688 2250 religiosissimis
1712 2199 1744 2234 a
1787 2181 1892 2235 Deo
1914 2181 2164 2251 Augustis

588 2279 637 2323 et
677 2272 1103 2338 imperatoribus,
1162 2272 1405 2341 apologia
1452 2282 1501 2325 et
1549 2272 1796 2326 allocutio
1843 2288 2024 2327 eorum
2075 2272 2165 2341 qui

590 2365 674 2418 hic
712 2377 865 2432 atque
893 2365 1004 2416 illic
1039 2365 1268 2433 dispersi
1306 2374 1452 2418 sunt.

662 2541 1016 2607 Persnectnm
1072 2550 1154 2595 est
1215 2541 1281 2595 iis
1333 2542 1426 2610 qui
1487 2543 1699 2597 ratione
1747 2543 1960 2612 praediti
2014 2553 2168 2607 sunt,

598 2632 769 2685 Deum
826 2648 1008 2702 regem
1070 2634 1478 2697 universorum,
1539 2636 1741 2690 terreni
1794 2634 2005 2704 imperii
2054 2650 2169 2690 rem

599 2739 911 2794 nomenque
963 2736 1249 2794 propterea
1291 2738 1499 2781 naturae
1523 2729 1774 2783 humanae
1803 2731 2169 2796 concessisse,

600 2823 660 2866 ut
699 2824 861 2878 terra,
905 2815 1211 2870 imitatione
1233 2817 1377 2880 coeli,
1418 2833 1605 2886 pacem
1643 2828 1806 2888 atque
1859 2820 2171 2888 tranquilli-

2266 2181 2599 2234 Βασιλεῦσι
2629 2177 3114 2248 θεοφιλεστάτοις
3144 2179 3240 2232 καί
3277 2177 3772 2243 εὐσεϐεστάτας
3796 2177 3854 2230 ἐς

2340 2269 2489 2322 Θεοῦ
2513 2270 2880 2338 Αὐγυύστοις
2901 2269 2996 2321 καὶ
3027 2268 3533 2334 αὐτοκράτορσιν,
3557 2267 3855 2337 ἀπολογία

2337 2362 2433 2414 καὶ
2455 2362 2907 2430 προσφώνησις,
2938 2365 3099 2429 παρὰ
3154 2360 3273 2414 τῶν
3324 2355 3446 2414 ὧδέ
3498 2377 3569 2413 τε
3610 2362 3853 2416 κάκεῖσε

2337 2451 2804 2520 διεσπαρμένων.

2352 2544 2720 2614 Ἐγνωσμένον
2781 2543 2898 2597 ἐστὶ
2952 2547 3065 2608 τοῖς
3107 2545 3264 2611 λόγου
3320 2543 3694 2614 μετέχουσιν,
3730 2545 3855 2596 ὅτιό

2269 2635 2647 2706 παμϐασιλεὺς
2710 2635 2824 2688 τῶν
2856 2637 3113 2690 ἁπάντων
3161 2635 3314 2700 Θεὸς,
3366 2636 3429 2688 τὸ
3460 2638 3568 2706 τῆς
3615 2638 3852 2700 ἐπιγείου

2272 2727 2552 2798 βασιλείας
2585 2727 2774 2797 χρῆμά
2800 2745 2861 2781 τε
2891 2730 2983 2782 καὶ
3023 2727 3193 2798 ὄνομα
3218 2727 3410 2780 τούτου
3441 2729 3616 2799 χάριν
3659 2718 3856 2798 ἐδωρή-

2273 2838 2402 2874 σατο
2443 2824 2506 2892 τῇ
2546 2821 2862 2892 ἀνθρωπεία
2891 2823 3090 2889 φύσει,
3135 2821 3221 2874 ἵνα
3253 2823 3492 2892 μιμήσει
3547 2822 3664 2883 τῶν
3699 2824 3855 2893 οὐρα-

600 2916 765 2960 tatem
818 2908 1092 2971 obtinens,
1147 2909 1302 2977 parili
1361 2925 1485 2963 eum
1546 2911 1706 2964 laude
1757 2923 1810 2964 et
1857 2911 2172 2966 adoratione

2280 2916 2400 2969 νίων
2451 2917 2544 2968 καὶ
2587 2916 2656 2968 τὰ
2708 2915 2928 2982 ἐπίγεια
2961 2913 3025 2966 τὸ
3055 2915 3327 2984 είρηναῖον
3364 2914 3459 2964 καὶ
3489 2914 3856 2965 ἀστασίαστον

602 3013 986 3072 prosequatur.
1015 3002 1186 3072 Cujus
1235 3021 1382 3060 nunc
1418 3007 1658 3061 habenas
1693 3007 1880 3060 divino
1919 3007 2172 3062 sortitum

2280 3007 2611 3078 κεκτημένα,
2650 3007 2939 3076 σύμφωνον
2963 3006 3149 3070 ἄγοιεν
3177 3004 3277 3075 τὴν
3325 3005 3405 3066 είς
3440 3003 3617 3056 αὐτὸν
3651 3004 3855 3068 δοξολο-

606 3099 865 3167 sittl‘ragio
895 3107 1138 3153 vestrum
1181 3099 1378 3154 Christi
1411 3101 1666 3154 amulum
1719 3101 2026 3169 imperium,
2057 3100 2172 3170 jure

2280 3098 2402 3165 γίαν
2457 3114 2517 3148 τε
2576 3098 2669 3148 καὶ
2716 3095 3106 3165 προσκύνησιν.
3145 3090 3253 3156 Ἧς
3298 3094 3399 3156 τὰς
3431 3093 3597 3162 ἡνίας
3619 3094 3856 3164 λαχοῦσι

607 3204 708 3242 nos
739 3189 994 3242 minimos
1027 3189 1334 3254 advocavit,
1368 3198 1426 3244 ut
1460 3206 1582 3245 cum
1615 3192 1680 3245 iis
1711 3206 2018 3245 sermonem
2047 3206 2172 3245 con-

2280 3189 2567 3260 θεοκρίτως
2607 3190 2634 3258 ἡ
2686 3189 2929 3258 ὑμετέρα
2962 3187 3421 3258 Χριστομίμητος
3470 3187 3756 3255 βασιλεία,
3789 3189 3857 3240 εἰσ

604 3279 880 3347 feramus,
911 3284 1004 3352 qui
1043 3283 1189 3337 circa
1217 3283 1340 3336 fidei
1365 3284 1672 3337 doctrinam
1703 3298 1731 3336 a
1766 3283 1925 3338 nobis
1958 3284 2172 3338 dissen-

2280 3280 2452 3343 κότως
2481 3279 2894 3350 προσκέκληκεν
2930 3281 3080 3349 ἡμᾶς
3104 3280 3230 3342 τοὺς
3259 3279 3590 3347 ἐλαχίστους
3615 3322 3633 3345 ,
3666 3283 3750 3342 εἰς
3783 3280 3857 3330 λό-

608 3369 750 3422 tiunt
783 3385 796 3422 :
840 3379 899 3424 ut
927 3372 1056 3425 hinc
1083 3372 1337 3424 nimirum
1373 3371 1722 3440 cognoscatis
1763 3379 1881 3423 utra
1924 3385 2051 3440 pars
2083 3387 2172 3426 ve-

2280 3390 2407 3442 γους
2433 3372 2608 3424 ἐλθεῖν
2651 3373 2789 3441 μετὰ
2813 3372 2922 3426 τῶν
2953 3370 3279 3426 ἀντιδιατιθε
3288 3371 3467 3446 μένων
3497 3373 3642 3441 ἡμῖν
3665 3373 3744 3440 τῷ
3771 3372 3858 3436 τῆς

609 3474 732 3512 rum
775 3458 1037 3526 proferat,
1092 3469 1147 3513 et
1198 3461 1326 3514 huic
1376 3461 1610 3529 palmam
1667 3461 1939 3524 tribuatis,
1977 3471 2036 3517 ut
2071 3478 2172 3516 non

2285 3440 2518 3524 πίστεως
2543 3440 2683 3530 λόγω
2717 3478 2730 3491 ⁸
2768 3463 2841 3524 ὼς
2871 3461 2936 3515 ἂν
2966 3460 3215 3514 ἐντεῦθεν
3236 3440 3390 3530 γνοίη
3417 3440 3664 3532 πότερον
3706 3461 3858 3530 μέρος

609 3551 714 3604 sint
752 3551 893 3604 inter
944 3567 1045 3607 nos
1078 3551 1394 3616 schismata,
1447 3552 1540 3606 sed
1597 3550 1737 3605 idem
1769 3567 1959 3606 omnes
1991 3551 2172 3605 ortho-

2281 3554 2343 3606 τὸ
2373 3553 2573 3623 ἀληθὲς
2609 3552 2922 3622 πρεσϐεύοι,
2959 3554 3052 3604 καὶ
3077 3553 3250 3622 ταύτῃ
3280 3552 3397 3623 δοίη
3427 3553 3499 3606 τὰ
3531 3556 3854 3623 νικητήρια·

607 3642 749 3696 doxe
765 3645 1085 3699 sentiamus.
1113 3643 1171 3698 In
1201 3659 1309 3712 quo
1333 3645 1552 3714 quidem
1582 3654 1817 3699 vestrum
1843 3645 2182 3699 laudavimus

609 3736 985 3804 perdiscendae
1032 3737 1154 3790 fidei
1200 3738 1473 3802 studium;
1511 3751 1574 3790 ac
1622 3736 1795 3807 magis
1839 3737 1999 3791 etiam
2031 3737 2183 3805 pacis

613 3830 1003 3897 componendae
1057 3832 1350 3885 consilium
1386 3831 1763 3893 laudavimus;
1798 3847 1906 3899 quo
1939 3830 2181 3884 subdito-

614 3937 736 3975 rum
767 3923 989 3976 utilitati
1039 3938 1106 3978 ac
1135 3924 1296 3978 saluti
1339 3923 1650 3978 consulitis.
1687 3923 1754 3976 Et
1781 3922 1935 3976 vobis
1959 3923 2178 3991 quidem

614 4014 745 4068 hinc
768 4015 1051 4083 praemium
1080 4016 1206 4080 erit,
1242 4017 1295 4069 in
1339 4015 1585 4070 claritate
1621 4015 1840 4070 claritas
1871 4014 2180 4077 inetl‘abilis,

612 4119 666 4160 et
692 4107 744 4159 in
772 4121 939 4175 regno
962 4123 1186 4175 regnum
1227 4107 1638 4178 sempiternum.
1659 4105 1882 4170 Verum,
1914 4121 1947 4160 ο
1976 4105 2183 4159 domini

614 4196 805 4263 Optimi
844 4204 897 4248 et
932 4194 1042 4249 Deo
1103 4196 1489 4256 amantissimi,
1529 4210 1634 4248 non
1685 4201 1863 4262 potest
1924 4207 2178 4263 magnum

613 4285 720 4339 hoc
751 4294 805 4338 et
850 4287 1219 4355 exoptandum
1276 4285 1488 4340 facinus
1529 4295 1638 4339 tam
1679 4283 1822 4338 facili
1865 4285 2082 4354 negotio
2129 4295 2184 4339 et

616 4379 734 4431 sine
791 4377 975 4431 labore
1003 4377 1198 4431 confici
1252 4393 1266 4428 :
1325 4378 1583 4447 quoniam
1633 4392 1950 4447 magnarum
1998 4391 2182 4438 rerum

617 4484 834 4536 semper
859 4479 983 4523 sunt
1013 4469 1379 4531 difficultates,
1409 4467 1550 4533 Quid
1594 4468 1696 4522 hoc
1739 4469 1842 4523 sibi
1873 4468 2028 4522 vult?
2059 4465 2184 4521 Pri-

619 4575 768 4612 mum
827 4560 1071 4628 quidem,
1132 4561 1391 4629 quoniam
1445 4559 1743 4614 adversarii
1795 4559 1968 4612 nostri
2025 4559 2186 4626 longo

620 4658 886 4718 tempore,
920 4659 973 4703 et
998 4667 1092 4719 per
1151 4651 1440 4720 synodicos
1490 4661 1789 4704 conventus
1828 4651 1881 4703 in
1910 4649 2185 4718 opinioni-

2283 3646 2362 3708 εἰς
2394 3646 2454 3697 τὸ
2485 3645 2556 3715 μὴ
2591 3640 2729 3697 εἶναι
2790 3645 3067 3714 σχίσματα
3120 3644 3176 3696 ὲν
3231 3646 3385 3713 ἡμῖν,
3416 3645 3558 3698 ἀλλὰ
3617 3645 3683 3696 τὸ
3742 3645 3858 3694 αὐτο

2283 3739 2498 3807 φρονεῖν
2541 3735 2833 3806 ὀρθοδόξως
2891 3736 3154 3799 ἅπαντας.
3195 3731 3378 3806 Ἐφἰζ)
3420 3739 3716 3808 ῂνέσαμεν
3772 3737 3857 3803 μὲν

2284 3825 2440 3896 ὑμῶν
2494 3826 2554 3878 τὸ
2584 3825 2882 3896 φιλομαθὲς
2923 3825 3023 3894 τῆς
3054 3826 3308 3891 πίστεως,
3343 3829 3781 3897 ὑπερῃνέσαμεν
3811 3825 3857 3877 δὲ

2283 3920 2343 3972 τὸ
2372 3918 2712 3987 είρηνοθελὲς
2743 3919 2840 3988 τῆς
2872 3919 3249 3989 προαιρέσεως
3284 3937 3296 3950 '
3336 3920 3396 3971 τὸ
3421 3917 3604 3979 οὕτως
3640 3916 3856 3986 ἐφιεμέ-

2283 4027 2381 4080 νης
2414 4012 2498 4062 ἐπ’
2524 4010 2763 4081 ὠφελείᾳ
2792 4009 2888 4063 καὶ
2922 4011 3169 4082 σωτηρίᾳ
3218 4011 3456 4081 ὑπήκοον
3507 4013 3856 4079 καταστήσει-

2286 4104 2430 4154 σθαι.
2459 4101 2557 4170 Είη
2583 4100 2691 4171 γὰρ
2727 4101 2855 4170 ὑμῖν
2879 4100 3130 4154 ἐντεῦθεν
3176 4100 3424 4170 ἄμειψις,
3457 4101 3558 4151 ἐπὶ
3607 4100 3852 4170 λαμπρὸ-

2284 4209 2406 4263 τητι
2436 4192 2758 4262 λαμπρότης
2787 4191 3046 4262 ἇρῤητος,
3074 4192 3168 4244 καὶ
3205 4191 3295 4243 ἐπὶ
3321 4188 3576 4259 βασιλεία
3614 4189 3858 4258 βασιλεία

2287 4284 2663 4352 ἁτελεύτητος.
2709 4280 2870 4344 Ἀλλ’,
2903 4275 2948 4334 ὦ
2976 4282 3233 4334 δεσπόται
3261 4280 3553 4349 κράτιστοι
3585 4284 3688 4332 καὶ
3723 4281 3858 4348 φιλο-

2289 4375 2570 4437 θεώτατοι,
2599 4374 2696 4443 οὐχ
2724 4369 2834 4425 οἷόν
2865 4373 2926 4424 τέ
2956 4373 3072 4424 ἐστι
3095 4371 3252 4424 τοῦτο
3271 4370 3330 4421 τὸ
3366 4370 3520 4439 μέγα
3573 4372 3675 4423 καὶ
3707 4372 3858 4423 πολύ-

2288 4485 2479 4520 ευκτον
2540 4465 2871 4535 κατόρθωμα
2927 4464 3112 4526 ἁπλῶς
3168 4462 3340 4524 οὕτως
3397 4464 3495 4515 καὶ
3563 4465 3858 4533 ἅκαμάτως

2287 4555 2540 4623 γενέσθαι
2572 4571 2585 4584 ·
2619 4555 2749 4608 διότι
2774 4554 2882 4607 τῶν
2912 4555 3182 4624 μεγίστων
3224 4553 3572 4622 πραγμάτων
3613 4555 3858 4622 μέγισται

2289 4647 2771 4714 συναναφαίνονται
2795 4647 2888 4699 καὶ
2911 4647 2966 4698 αἱ
2987 4645 3375 4715 τληπαθήσεις.
3397 4644 3462 4696 Τί
3487 4644 3653 4698 τοῦτο
3678 4665 3694 4714 ;
3726 4645 3858 4714 Πρῶ-

618 4739 722 4790 Ιιιιε
773 4738 888 4791 suis
931 4738 1204 4791 obﬁrmati
1241 4747 1400 4802 sunt;
1450 4753 1549 4791 nos
1614 4751 1762 4800 vero,
1814 4737 2172 4806 apostolorum

2287 4757 2379 4792 τον
2408 4740 2526 4807 μὲν,
2548 4739 2608 4792 τὸ
2623 4739 2748 4800 τοὺς
2775 4739 3218 4808 ἐναντιουμένους
3245 4739 3398 4806 ἡμῖν,
3417 4739 3661 4808 χρονίως
3691 4756 3750 4790 τε
3778 4741 3858 4789 καί

619 4829 956 4898 Patrumque
982 4831 1357 4884 sanctionibus
1387 4830 1738 4898 prohibemur
1767 4843 2074 4883 sermonem
2115 4827 2185 4883 de

623 4921 726 4972 title
756 4935 878 4973 cum
910 4921 976 4974 iis
1013 4921 1281 4986 conferre,
1315 4922 1408 4990 qui
1445 4923 1522 4977 sic
1555 4931 1680 4976 sunt
1706 4936 1891 4976 errore
1913 4923 2183 4990 occupati.

623 5010 824 5065 Deinde
844 5050 859 5076 ,
887 5013 1142 5081 quoniam
1173 5012 1403 5081 hujusce
1432 5014 1507 5067 rei
1535 5013 1796 5082 judicium
1825 5027 1929 5065 non
1959 5014 2024 5065 ad
2051 5013 2188 5067 alios

624 5104 876 5172 pertinet,
910 5119 1074 5172 qnam
1121 5103 1187 5156 ad
1236 5120 1354 5169 eos,
1414 5107 1508 5174 qui
1552 5107 1654 5160 soli
1685 5106 1823 5159 hanc
1873 5120 1901 5157 a
1959 5104 2189 5158 Domino

624 5204 944 5264 patestatem
973 5211 1069 5264 per
1102 5194 1363 5265 Spiritum
1417 5207 1761 5267 acceperunt,
1801 5196 2190 5251 consentienti-

2293 4830 2585 4894 συνοδικῶς
2615 4830 2994 4898 πεπαγιῶσθαι
3025 4832 3144 4894 ταῖς
3183 4831 3415 4893 οἰκείαις
3463 4830 3654 4895 δόξαις
3683 4848 3696 4861 ·
3727 4831 3858 4900 ἡμᾶς

2289 4921 2346 4975 δὲ
2359 4921 2729 4986 ἀποστολικῶς
2746 4939 2804 4976 τε
2832 4922 2923 4974 καὶ
2949 4921 3236 4992 Πατρικῶς
3258 4922 3615 4976 κεκωλῦσθαι
3641 4925 3856 4993 συνᾶραι

2297 5015 2434 5084 μετὰ
2463 5015 2571 5066 τῶν
2613 5014 2755 5067 οὓτω
2807 5015 3232 5087 κεκρατημένων
3293 5017 3383 5066 τὸν
3438 5018 3574 5086 περὶ
3632 5019 3857 5074 πίστεως

2294 5104 2469 5172 λόγον.
2537 5099 2787 5168 Ἔπειτα,
2836 5105 2916 5158 δτι
2984 5105 3078 5158 καὶ
3133 5105 3167 5174 ἡ
3223 5104 3357 5172 περὶ
3439 5105 3615 5158 αὑτοῦ
3694 5105 3856 5176 κρίσις

2287 5197 2388 5248 οὐκ
2432 5195 2609 5259 ἄλλοις
2667 5197 2878 5264 ἀνήκει,
2930 5195 2961 5265 ἢ
3023 5194 3206 5265 μόνοις
3263 5197 3383 5258 τοῖς
3445 5195 3558 5249 ὑπὸ
3613 5198 3712 5249 τοῦ
3759 5195 3856 5246 Κυο

627 5288 731 5340 bus
789 5297 844 5340 et
901 5289 1381 5357 comprobantibus
1413 5290 1575 5343 etiam
1609 5289 1783 5353 vobis,
1826 5288 1920 5358 qui
1976 5288 2042 5342 ad
2087 5289 2172 5341 IIOt

2294 5287 2412 5358 ρίου
2460 5288 2557 5358 τὴν
2614 5288 2862 5353 ἐξουσίαν
2913 5287 3000 5340 διὰ
3053 5285 3145 5338 τοῦ
3208 5285 3543 5356 Πνεῦματος
3593 5287 3856 5356 εἰληφόσι,

630 5379 805 5446 ipsum
844 5395 871 5431 a
899 5378 1008 5435 Deo
1033 5383 1299 5450 przecipue
1352 5382 1529 5436 vocati
1554 5381 1706 5435 estis.
1743 5378 1969 5435 Sincera
2004 5387 2185 5434 autem

703 5535 750 5566 ⁸³
778 5535 923 5590 Psal.
963 5551 1040 5598 ix,
1067 5536 1119 5597 '1,
1146 5536 1202 5590 8.
1276 5536 1322 5567 ⁵³
1352 5534 1530 5592 Galat.
1561 5553 1610 5604 ν,
1645 5537 1701 5592 6.

2294 5379 2694 5450 συναιρομένων
2748 5396 2808 5433 τε
2887 5379 2980 5433 καὶ
3053 5379 3676 5449 συνεπισφραγιζοόντων
3728 5375 3857 5448 ὑμῶν

2097 5650 2321 5708 NOTAE.

710 5777 842 5845 (95‘)
869 5778 923 5832 In
947 5779 1070 5833 cod.
1096 5776 1229 5846 Reg.
1261 5781 1360 5829 oo’.
