3976 6322
188 356 321 420 1601

1374 367 1910 430 EPISTOLARUM
1947 370 2094 433 LIB.
2161 372 2244 436 II.

3289 377 3424 441 1602

193 475 308 528 τῶν
377 475 472 528 ἐπὶ
521 477 696 549 τούτῳ
744 479 851 533 ὑπὸ
897 479 1032 534 Θεοῦ
1086 485 1512 555 προηγουμένως
1562 487 1751 556 κεκλη-

1862 498 1915 543 et
1960 489 2275 561 incorrupta
2333 488 2818 545 Chrlstianissimaa
2862 489 3142 559 religionis
3219 502 3424 547 nostra:

186 565 385 637 μένων.
425 565 497 618 Τὸ
550 566 609 619 δὲ
661 567 813 636 ὑγιὲς
862 571 958 623 καὶ
996 571 1300 642 ἀμώμητον
1345 575 1444 644 τῆς
1477 577 1742 647 Χριστια-

180 657 490 728 νικωτάτης
518 657 676 727 ἡμῶν
717 659 1012 730 θρησκείας
1069 663 1323 733 φρόνημα
1349 663 1533 718 ὁποῖόν
1573 665 1740 732 ἐστιν,

179 749 479 814 ἀναγκαῖον
514 748 789 802 ἐκθέσθαι.

256 838 588 910 Πιστεύομεν
647 841 727 904 εἰς
781 840 876 894 ἕνα
927 841 1078 907 Θεὸν,
1119 845 1211 898 τὸν
1240 847 1297 899 ὲν
1328 847 1505 917 Πατρί
1534 865 1617 911 τε,
1650 847 1744 901 καὶ

179 927 319 996 Υἰῷ,
355 931 447 981 καὶ
509 929 785 1000 Πνεύματι
832 931 970 1002 ἁγίῳ
1019 934 1496 1004 προσκυνούμενόν
1549 952 1610 988 τε
1652 937 1747 988 καὶ

181 1021 642 1090 συνδοξαζόμενον
667 1040 682 1055 ο
712 1022 812 1092 τὴν
845 1023 1243 1096 πολυθμνητον,
1279 1029 1617 1098 παντουργὸν
1647 1029 1742 1083 καὶ

180 1115 418 1183 ἀρχικὴν
445 1116 670 1185 Τριάδα,
699 1118 840 1168 κατά
858 1115 917 1167 τὸ
945 1117 1050 1169 ὑπὸ
1081 1117 1191 1170 τῶν
1216 1119 1387 1186 ἁγίων
1415 1122 1745 1190 τριακοσίων

179 1203 318 1256 δέκα
353 1205 447 1256 καὶ
480 1202 620 1256 ὀκτὼ
651 1204 903 1272 Πατὲρων
950 1206 1251 1277 παραδοθὲν
1309 1209 1440 1278 ἡμῖν
1484 1208 1748 1262 θεόπνευ-

183 1311 309 1346 στον
367 1295 632 1364 σύμϐολον
661 1314 674 1327 ·
707 1296 774 1348 δι’
804 1291 864 1350 οὗ
894 1299 1046 1351 πᾶσα
1087 1299 1297 1368 αἵρεσις
1322 1303 1744 1370 ὲκκέκρουσται,

181 1385 280 1437 καὶ
306 1386 436 1455 παρ’
464 1379 526 1439 οῦ
580 1388 730 1439 πᾶσα
775 1387 904 1455 ἁγία
956 1389 1173 1452 σύνοδος
1220 1391 1452 1461 ἢρτηται
1479 1432 1493 1456 ,
1547 1389 1748 1464 οἷάπερ

179 1475 293 1528 ἀπὸ
338 1477 494 1547 ῥίζης
546 1479 752 1565 κλάδοι,
792 1482 887 1533 καὶ
937 1482 1118 1552 πηγῆς
1169 1482 1422 1552 ποταμοί.
1465 1483 1747 1537 Ἐντεῦθεν

180 1570 352 1639 γάρή
399 1570 624 1641 δευτέρα
680 1573 778 1644 τὴν
816 1574 1010 1645 κυρίαν
1074 1575 1255 1647 φωνὴν
1287 1576 1379 1629 τοῦ
1430 1577 1747 1646 Πνεύματος

183 1661 515 1730 ὲτράνωσεν.
545 1661 677 1717 Εῐτα
710 1667 744 1737 ἡ
780 1666 939 1737 τρίτη
966 1667 1064 1737 τὴν
1097 1668 1254 1734 ἁγίαν
1285 1669 1502 1738 Μαρίαν
1547 1669 1745 1722 Θεοτό·

182 1767 305 1816 κον,
336 1752 410 1815 ὡς
441 1754 602 1808 αὑτὸν
629 1757 719 1808 τὸν
746 1759 1007 1828 μονογενῆ
1042 1758 1185 1811 Υἰδν-
1213 1759 1306 1811 τοῦ
1337 1759 1472 1812 Θεοῦ
1502 1760 1747 1828 ἀποκυή-

183 1859 378 1906 auo-1v,
430 1846 714 1915 ἐκήρυξεν.
745 1850 973 1903 Ἔπειτα
1000 1852 1031 1921 ἡ
1058 1852 1290 1921 τετάρτη
1329 1852 1392 1903 ὲκ
1429 1851 1522 1904 δύο
1563 1853 1656 1904 καὶ
1690 1853 1748 1903 ἐν
1780 1843 1822 1898 Β

179 1935 309 1989 δυσὶ
339 1936 532 2003 φύσεσι
560 1939 681 1992 καθ’
711 1941 1004 1995 ὑπόστασιν
1033 1943 1218 2011 ἑνικὴν
1242 1942 1332 1995 τὸν
1363 1942 1566 2013 Κύριον
1591 1946 1624 2014 ὴ
1635 1943 1749 2013 μῶν

195 2027 407 2097 Ἰησοῦν
467 2031 700 2098 Χριστὸν
765 2033 1138 2101 ἐδογμάτισεν.
1172 2029 1302 2087 Εἶτα
1330 2035 1364 2104 ἡ
1399 2034 1623 2103 πέμπτη
1651 2033 1750 2103 τὴν

181 2120 294 2189 πρὸ
333 2121 501 2191 αὐτῆς
545 2125 1005 2192 ὲπισφραγίσασα,
1057 2125 1336 2195 Ὦριγένην
1382 2143 1441 2179 τε
1487 2127 1578 2180 καὶ
1624 2127 1749 2190 τοὺς

182 2212 326 2281 ἀμφ’
357 2214 519 2266 αὐτὸν
567 2215 1020 2285 Προῦπαρκτίτας
1067 2217 1480 2288 ἀνεθεμάτισεν.
1515 2217 1749 2271 Ἔπειτα

179 2307 215 2374 ἡ
255 2305 385 2377 ἕκτη
416 2307 725 2370 ἀκολούθως
756 2311 873 2370 ταῖς
897 2309 1016 2360 δυσὶ
1064 2308 1259 2377 φύσεσι
1283 2349 1298 2375 ,
1324 2310 1416 2363 δύο
1471 2307 1750 2379 θελήματά

179 2413 247 2449 τε
293 2399 388 2450 καὶ
434 2400 713 2469 ἐνεργείας
748 2401 838 2450 ἐπὶ
888 2399 979 2451 τοῦ
1018 2400 1135 2462 ἑνὸς
1165 2400 1398 2469 Χριστοῦ
1431 2398 1745 2465 ὲξεδίδαξεν.

180 2483 301 2541 Εἶθ’
345 2489 573 2560 ὕστερον
623 2491 655 2559 ἡ
690 2488 912 2560 ἑϐδόμη,
952 2491 1231 2560 ἑπομένως
1273 2494 1393 2554 ταῖς
1423 2492 1526 2561 πρὸ
1554 2492 1746 2561 αὐτῆς,

179 2582 264 2643 ὡς
315 2582 480 2635 διπλᾶ
532 2582 709 2635 πάντα
739 2582 804 2638 τὰ
837 2583 930 2635 ἐπὶ
983 2583 1076 2636 τοῦ
1113 2583 1230 2646 ἑνὸς
1259 2583 1494 2653 Χριστοῦ
1539 2583 1748 2650 φυσικά

184 2673 475 2742 ἰδιώματα,
493 2674 584 2726 τὸν
619 2674 799 2729 αὐτὴν
814 2675 1226 2745 ἀπερίγραπτον
1247 2675 1387 2728 κατὰ
1407 2677 1467 2728 τὸ
1495 2677 1746 2745 ἀόρατον,

180 2767 281 2819 καὶ
338 2766 707 2834 περιγραπτὸν
756 2767 895 2820 κατά
959 2767 1019 2819 τὸ
1063 2766 1341 2838 ὁρώμενον
1394 2767 1692 2836 ἀνεκήρυξε
1728 2782 1745 2799 ·

149 2857 408 2925 έτέτρασι
440 2857 663 2925 τρόποις
692 2859 1103 2930 ὲρηρεισμένως
1152 2860 1212 2911 τὸ
1255 2858 1452 2929 ἀληθὲς
1494 2859 1693 2928 ἔχουσα
1729 2875 1743 2890 ·

180 2948 249 3001 ἐκ
278 2965 337 3000 τε
389 2948 622 3015 φυσικοῦ
673 2950 959 3019 δόγματος,
990 2954 1138 3020 παρά
1189 2968 1250 3002 τε
1301 2950 1587 3021 Πατρικῶν
1618 2951 1751 3020 χρή-

181 3058 344 3101 σεων,
374 3040 438 3092 ἐκ
488 3057 546 3092 τε
585 3043 877 3094 συνοδικων
910 3036 1304 3112 έκφωνήσεων,
1334 3043 1429 3095 καὶ
1463 3042 1615 3113 παρά
1652 3042 1752 3112 ἀρα

179 3135 345 3205 χαίας
393 3134 769 3203 θεσμοθεσίας.
828 3135 981 3188 Κατά
1013 3136 1109 3202 μὲν
1147 3131 1238 3187 οὖν
1265 3134 1496 3204 φυσικὴν
1525 3134 1751 3188 ἀκολου-

182 3225 326 3289 θίαν,
364 3226 496 3292 φέρε
523 3227 716 3287 εἰπεῖν,
745 3229 771 3280 ὁ
805 3225 1195 3296 εύαγγελιστὴς
1238 3227 1492 3296 Ἰωάννης
1531 3225 1748 3279 ὑποδεί-

182 3334 343 3371 κνυσι
361 3315 535 3385 λέγων
560 3332 575 3348 ⁶
606 3317 713 3372 Kal
732 3320 764 3370 ό
785 3319 972 3385 Λόγος
993 3317 1148 3386 σὰρξ
1174 3317 1429 3387 ἐγένετο,
1452 3319 1551 3371 καί
1573 3317 1754 3385 ἐσκή-

181 3422 387 3461 νωσεν
425 3407 495 3459 ὲν
543 3407 706 3476 ἡμῖν.
745 3409 804 3460 Εἰ
830 3408 1006 3460 τοίνυν
1055 3411 1084 3460 ὁ
1113 3409 1282 3476 Λόγος
1331 3408 1467 3480 σὰρξ
1513 3409 1747 3476 ἐγένετο,

179 3499 346 3568 δῆλον
378 3499 459 3551 ὅτι
490 3499 564 3561 ὡς
599 3500 696 3568 μὲν
731 3500 918 3566 Λόγος,
943 3499 1353 3570 ἀπερίγραπτος
1373 3518 1386 3531 ’
1405 3501 1480 3565 ὡς
1512 3501 1568 3553 δὲ
1591 3501 1747 3570 σὰρξν

182 3592 682 3663 περιγραφόμενος.
718 3593 826 3646 Καὶ
858 3591 1213 3658 ἐσκήνωσεν
1237 3595 1308 3648 ὲν
1335 3595 1479 3663 ἡμῖν
1501 3612 1514 3625 ·
1539 3594 1665 3648 ἄλλο
1695 3594 1752 3646 δὲ

180 3686 247 3738 τὸ
282 3684 539 3753 σκηνοῦν,
566 3684 661 3736 καὶ
713 3683 900 3755 ἓτερον
945 3686 977 3755 ἡ
1017 3686 1228 3756 σκηνή·
1262 3687 1382 3741 καθ’
1412 3687 1598 3757 ἕτερον
1654 3688 1752 3756 μὲν

185 3778 586 3848 περιγράφοιτο
607 3791 620 3806 ’
655 3775 774 3829 καθ’
796 3774 983 3846 ἕτερον
1005 3776 1062 3830 δὲ
1085 3778 1435 3849 περιγραφῆς
1460 3778 1748 3848 ἀνώτερος.

198 3869 358 3923 Ἐπεὶ
393 3868 568 3930 ποίοις
601 3867 848 3936 σημείοις
891 3866 1173 3937 ἄνθρωπος
1213 3869 1488 3938 γεγονέναι
1516 3870 1754 3936 ἐπιγνω-

187 3959 475 4030 σθήσεται,
504 3959 552 4010 εἰ
585 3959 660 4028 μὴ
707 3957 767 4011 τὸ
796 3958 896 4029 τῆς
941 3957 1310 4024 ἑξεικονίσεως
1377 3958 1588 4028 ἰδίωμα,
1617 3959 1754 4029 ὅπερ

185 4053 310 4104 ἐστὶ
366 4051 582 4121 πρῶτον
635 4053 692 4104 ὲν
729 4051 1145 4121 μεμορφωμένῳ
1193 4049 1484 4120 ἀνθρώπῳ,
1512 4050 1754 4119 φυσικῶς

185 4145 458 4214 κέκτηται
487 4159 500 4173 ’
533 4136 596 4197 οὗ
624 4146 690 4214 τῇ
737 4145 1035 4214 ἀναιρέσει,
1071 4140 1300 4212 φροῦδος
1347 4142 1374 4194 ὁ
1421 4143 1704 4213 ἄνθρωπος
1736 4157 1751 4206 ;

201 4237 366 4290 Ἀλλά
398 4235 504 4306 μὴν
528 4235 810 4307 ἄνθρωπος
839 4235 1073 4304 ἀληθῶςο
1097 4234 1291 4287 οὐκοῦν
1321 4234 1414 4286 καὶ¹
1443 4233 1517 4296 ὼς
1543 4232 1754 4304 ἄνθρω-

185 4346 292 4392 πος
351 4331 842 4399 περιγραφόμενος,
877 4329 906 4379 ὁ
936 4326 1010 4388 ὡς
1039 4326 1168 4390 Θεὸς
1213 4324 1286 4378 ὢν
1320 4325 1751 4395 ἀπερίγραπτος.

199 4422 318 4490 Ἐφ’
343 4416 497 4490 ᾧπερ
528 4420 670 4490 λόγῳ
709 4419 932 4488 μεσίτης
961 4415 1095 4470 Θεοῦ
1135 4418 1229 4470 καὶ
1250 4416 1550 4487 ἀνθρώπων
1592 4417 1754 4486 ἐχρη-

1847 583 2115 638 sententia
2145 582 2322 653 qualis
2345 584 2436 650 sit,
2463 597 2687 638 necesse
2717 582 2956 637 arbitror
2981 583 3203 653 exponi.

1916 851 2204 908 Credimus
2228 851 2284 906 in
2313 865 2481 905 unum
2524 848 2716 914 Deum,
2755 847 2846 918 qui
2881 848 2936 902 in
2964 849 3146 914 Patre,
3177 858 3229 904 et
3258 848 3419 917 Filio,

1845 952 1899 998 et
1926 943 2132 1014 Spiritu
2165 953 2355 998 sancto
2396 941 2656 996 adoratur
2683 949 2737 994 et
2773 938 3213 1008 conglorificatur
3247 955 3261 992 :
3299 941 3424 993 lau-

1846 1037 2184 1091 datissimam
2234 1035 2477 1088 omnium
2521 1033 2843 1087 effectricem
2873 1042 2927 1086 et
2954 1033 3250 1101 principem
3298 1029 3422 1083 Τινὶ-

1848 1130 2093 1190 nitatem,
2116 1127 2270 1196 juxta
2302 1127 2459 1181 nobis
2483 1126 2741 1179 traditum
2769 1139 2798 1178 a
2831 1125 3089 1179 trecentis
3110 1124 3413 1177 octodecim

1847 1220 2050 1274 sanctis
2097 1217 2348 1273 Patribus
2385 1218 2690 1289 symbolum
2739 1217 3004 1272 divinitus
3044 1216 3416 1284 inspiratum:

1847 1327 1943 1382 per
1969 1313 2112 1381 quod
2145 1312 2326 1365 omnis
2353 1311 2578 1364 haeresis
2596 1310 2818 1378 explosa
2847 1317 2948 1370 est,
2974 1317 3027 1362 et
3053 1323 3081 1361 a
3101 1322 3211 1377 quo
3237 1307 3419 1360 omnis

1849 1410 2036 1456 sancta
2069 1401 2307 1471 synodus
2337 1401 2566 1468 pendet,
2595 1411 2852 1468 tanquam
2888 1398 3022 1452 rami
3055 1413 3085 1451 a
3123 1398 3326 1462 radice,
3366 1405 3420 1450 et

1850 1509 1880 1548 a
1917 1493 2064 1548 fonte
2101 1492 2268 1546 ﬂuvii.
2303 1492 2438 1546 Hinc
2473 1492 2616 1545 enim
2663 1493 2902 1544 secunda
2936 1489 3215 1560 propriam
3243 1487 3419 1557 Spiri-

1851 1596 1937 1641 tus
1988 1599 2168 1639 vocem
2211 1584 2522 1638 declaravit.
2558 1582 2689 1636 Dein
2714 1583 2870 1635 tertia
2918 1591 3164 1636 sanctam
3195 1579 3418 1633 Mariam

1851 1677 2159 1747 Deiparam,
2233 1685 2295 1730 ut
2348 1690 2468 1743 qua:
2519 1674 2695 1743 ipsum
2731 1673 3068 1742 unigenitum
3096 1672 3187 1726 Dei
3221 1670 3418 1725 Filium

1851 1767 2010 1822 enixa
2036 1774 2201 1828 esset,
2228 1765 2615 1834 pronuntiavit.
2647 1763 2784 1816 Tum
2812 1771 3004 1832 quarta
3037 1777 3102 1815 ex
3125 1762 3337 1815 duahus
3367 1766 3422 1813 et

1851 1858 1904 1911 in
1945 1857 2156 1911 duabus
2210 1856 2421 1909 naturis
2451 1854 2780 1923 singularem
2825 1851 3124 1906 secundum
3155 1851 3419 1920 ltyposta-v

1851 1949 1953 2004 sim
2009 1946 2294 2002 Dominum
2349 1954 2617 1999 nostrum
2644 1941 2827 1997 Jesum
2857 1941 3134 1996 Christum
3163 1939 3416 1994 asseruit.

1849 2039 2199 2095 Postmodum
2230 2038 2436 2109 quinta,
2492 2052 2611 2091 eam
2660 2051 2781 2106 qua:
2835 2040 3188 2103 praecesserat
3241 2031 3422 2086 consi-

1849 2150 2041 2205 gnans,
2083 2132 2390 2202 Origenem,
2457 2137 2510 2184 et
2543 2128 2779 2183 asseclas
2821 2127 2992 2196 ipsius
3030 2123 3418 2196 Prohyparctl-

1850 2237 1933 2283 tas
1965 2227 2117 2298 (93")
2146 2224 2490 2278 anathemate
2519 2222 2814 2275 damnavit.
2853 2219 2989 2274 Tum
3013 2227 3185 2282 sexta,
3230 2229 3425 2269 conse-

1848 2330 2076 2390 quenter
2103 2318 2167 2372 ad
2227 2318 2359 2370 duas
2387 2323 2632 2379 naturas,
2683 2315 2820 2368 duas
2864 2326 3082 2381 quoque
3113 2309 3422 2363 voluntates

1847 2420 1900 2466 et
1923 2410 2266 2480 operationes
2304 2410 2358 2463 in
2388 2422 2496 2462 uno
2529 2407 2750 2462 Christo
2790 2419 2912 2459 esse
2945 2403 3149 2458 docuit.
3189 2401 3419 2455 Demum

1848 2504 2096 2572 septima,
2125 2502 2436 2571 superiores
2463 2515 2718 2569 sequens,
2755 2498 2830 2552 uti
2874 2496 3119 2564 duplices
3138 2507 3331 2547 omnes
3363 2492 3417 2544 in

1848 2609 1957 2648 uno
1989 2592 2206 2647 Christo
2240 2591 2515 2645 naturales
2539 2589 2921 2659 proprietates,
2953 2586 3024 2639 ita
3053 2582 3302 2639 eumdem
3336 2580 3421 2633 in-

1848 2685 2322 2755 circumscriptum
2378 2683 2532 2751 juxta
2564 2682 2614 2735 id
2661 2681 2805 2751 quod
2835 2694 2944 2733 non
3000 2677 3242 2732 cernitur
3265 2713 3280 2738 ,
3314 2676 3421 2726 cir-

1849 2778 2242 2846 cumscriptum
2291 2790 2421 2830 vero
2475 2776 2630 2845 juxta
2683 2773 2736 2826 id
2793 2771 2936 2839 quod
2984 2767 3246 2830 cernitur,
3299 2778 3421 2817 esse

1849 2867 2073 2923 sanxit:
2114 2865 2395 2935 quaternis
2441 2863 2617 2916 modis
2668 2859 2948 2914 fundatam
3003 2865 3194 2909 tenens
3229 2854 3422 2907 verita-

1850 2969 1992 3015 tem:
2053 2973 2118 3012 ex
2165 2956 2396 3010 naturali
2444 2954 2697 3007 nimirum
2752 2950 3023 3014 doctrina,
3081 2961 3147 3001 ex
3194 2944 3417 2998 Patrum

1851 3051 2289 3114 auctoritatibus,
2317 3064 2382 3102 ex
2421 3046 2694 3117 synodieis
2721 3042 2976 3105 decretis,
3012 3051 3064 3095 et
3095 3055 3158 3094 ex
3193 3037 3420 3105 antiqua

1852 3140 2265 3198 consuetudine.
2331 3137 2641 3191 Secundum
2698 3132 3002 3187 naturalem
3065 3144 3193 3197 ergo
3221 3141 3418 3181 conse-

1853 3232 2151 3305 quentiam,
2175 3228 2326 3284 verbi
2363 3227 2559 3298 gratia,
2586 3224 2919 3294 evangelista
2949 3218 3186 3274 Joannes
3203 3217 3423 3270 demono

1852 3333 2011 3390 strat,
2042 3338 2168 3378 cum
2205 3323 2316 3376 ait:
2352 3320 2420 3373 Et
2459 3319 2681 3374 Verbum
2721 3333 2845 3370 caro
2876 3314 3076 3382 factum
3122 3321 3222 3376 est,
3246 3319 3294 3362 et
3319 3308 3420 3360 ha-

1854 3419 2038 3473 bitavit
2067 3419 2122 3469 in
2166 3415 2310 3468 nobis
2333 3415 2398 3470 ⁵⁸.
2447 3411 2656 3466 Etenim
2690 3409 2738 3465 si
2771 3407 3008 3462 Verbum
3045 3420 3173 3460 caro
3215 3403 3418 3457 factum

1850 3518 1955 3584 est,
2010 3508 2353 3579 perspicuum
2395 3505 2602 3574 utique,
2651 3502 2816 3573 quod,
2873 3509 2931 3553 ut
2964 3493 3223 3560 Verbum,
3253 3494 3421 3548 incir-

1853 3601 2242 3670 cumscriptum
2268 3614 2283 3663 ;
2315 3605 2374 3651 ut
2402 3611 2552 3658 caro,
2580 3591 3080 3660 circumscriptum.
3113 3587 3177 3641 Et
3208 3587 3418 3639 habita-

1852 3696 1924 3748 vit
1958 3694 2015 3746 in
2044 3693 2188 3745 nobis
2219 3706 2237 3744 :
2264 3704 2387 3744 cum
2418 3686 2563 3740 aliud
2590 3685 2663 3740 sit
2690 3683 2836 3754 quod
2869 3681 3159 3742 inhabitat,
3186 3688 3239 3732 et
3271 3674 3418 3730 aliud

1852 3767 2028 3854 ipsum
2063 3781 2453 3845 habitaculum;
2484 3776 2784 3831 secundum
2815 3774 3040 3827 alterum
3069 3768 3419 3825 circumscri-

1851 3877 2048 3941 betur;
2098 3871 2395 3928 secundum
2450 3871 2682 3923 alterum
2729 3878 2910 3921 autem
2940 3878 3158 3919 omnem
3183 3863 3420 3916 circum-

1852 3964 2201 4033 scriptionem
2237 3960 2466 4015 excedit.
2499 3957 2566 4012 Et
2616 3971 2742 4013 vero
2774 3957 3101 4025 quibusnam
3129 3953 3299 4022 signis
3324 3953 3422 4005 IIO-

1852 4072 1943 4110 mo
1961 4071 2080 4110 esse
2115 4060 2499 4124 cognoscetur,
2532 4051 2636 4105 nisi
2669 4047 3087 4104 assimilationis
3117 4044 3423 4114 proprieta-

1853 4155 1982 4212 tem,
2001 4162 2121 4216 quae
2139 4147 2194 4199 in
2214 4144 2498 4199 ell'orutato
2525 4145 2745 4196 homine
2767 4141 2938 4211 prima
2970 4149 3074 4202 est,
3101 4136 3422 4190 naturaliter

1853 4239 2096 4293 obtineat
2129 4255 2144 4293 ι
2173 4251 2280 4305 qua
2319 4235 2556 4298 sublata,
2588 4247 2763 4287 vanus
2795 4240 2848 4286 et
2878 4229 3060 4284 nullus
3093 4235 3176 4282 est
3217 4225 3425 4281 homo?

1853 4329 2017 4398 Atqui
2051 4327 2213 4381 homo
2252 4339 2378 4379 vere
2414 4331 2497 4378 est
2528 4338 2542 4375 :
2573 4337 2723 4391 ergo,
2761 4331 2822 4374 ut
2853 4319 3036 4383 homo,
3073 4316 3424 4372 circumscri-

1853 4429 1977 4488 ptus
2003 4434 2018 4483 ;
2047 4425 2101 4471 et
2133 4425 2194 4470 ut
2237 4414 2400 4478 Deus,
2459 4412 2988 4479 incircumscriptus.
3040 4407 3157 4475 Qua
3202 4406 3422 4478 quidem

192 4512 444 4580 μάτισεν,
475 4507 549 4570 ὼς
601 4511 670 4560 τὰ
718 4507 997 4578 ἀμφότερα
1047 4505 1190 4574 ἄκρα
1227 4504 1363 4582 πρὸς
1393 4505 1584 4558 ἑαυτὸν
1639 4521 1751 4557 συν·

1863 4511 2071 4564 ratione
2106 4507 2370 4561 mediator
2426 4504 2517 4558 Dei
2567 4512 2622 4559 et
2668 4504 2947 4558 hominum
3003 4501 3178 4555 factus
3215 4509 3319 4561 est,
3365 4505 3424 4550 ut

188 4605 402 4668 ἁπτων,
433 4602 525 4653 καὶ
555 4599 840 4669 ἀμφότερα
872 4599 1153 4669 ὑπάρχων,
1188 4597 1282 4650 καὶ
1311 4596 1374 4649 τὰ
1423 4596 1532 4650 τῶν
1582 4596 1756 4666 ἀμφοο

187 4697 385 4765 τέρων,
412 4693 471 4758 ἐξ
514 4685 587 4744 ὧν
633 4690 913 4759 συνετέθη,
969 4690 1182 4759 φύσεων
1227 4685 1489 4758 ἰδιώματα
1539 4689 1596 4741 ὲν
1659 4690 1757 4759 μιᾷ

189 4785 489 4838 ὑποστάσει
510 4782 808 4846 ἀνελλιπῶς
835 4782 1170 4853 κεκτημένος
1191 4798 1203 4811 ·
1230 4781 1292 4834 ἐκ
1313 4798 1372 4833 τε
1399 4781 1632 4852 Πατρὸς,
1661 4782 1756 4835 σὺν

189 4881 348 4940 πᾶσι,
385 4877 480 4929 καὶ
499 4875 560 4928 τὸ
582 4875 991 4943 ἀπερίγραπτον
1011 4888 1024 4902 ο
1057 4873 1284 4942 ἐπείπερ
1305 4873 1496 4944 εἴρηκε
1528 4872 1752 4926 ’Πάντα

191 4971 265 5022 τὰ
293 4969 407 5037 ἐμὰ
459 4965 542 5020 σά
580 4967 732 5028 ἐστι,
768 4965 865 5019 καὶ
903 4966 972 5019 τὰ
1008 4964 1089 5018 σὰ
1117 4965 1227 5034 ἐμά
1252 4983 1265 4996 ·
1301 4964 1365 5017 ἐκ
1420 4983 1479 5018 τε
1509 4965 1755 5037 Μητρὸς,

194 5076 294 5112 συν
343 5060 513 5125 πᾶσι,
557 5059 651 5111 καὶ
694 5057 758 5110 τὺ
807 5059 1222 5128 περιγραπτόν·
1271 5057 1504 5128 ἐπείπερ
1554 5057 1760 5127 γέγρα-

193 5172 349 5207 πται.
418 5155 500 5208 Οὐ
559 5155 669 5223 γὰρ
703 5152 898 5217 δήπου
939 5153 1206 5221 ἀγγέλων
1258 5151 1760 5219 ἐπιλαμϐάνεται,

196 5247 358 5300 ἀλλὰ
411 5245 751 5314 σπέρματος
796 5245 1040 5320 Ἀϐραὰμ
1087 5245 1561 5313 ἐπιλαμϐάνεται.
1599 5243 1762 5296 Ὅθεν

193 5339 394 5408 ὤφειλε
426 5342 567 5392 κατά
590 5339 765 5390 πάντα
779 5341 887 5402 τοῖς
905 5337 1152 5407 ἀδελφοῖς
1176 5335 1634 5407 ὁμοιωθῆναι.Ἓν
1666 5330 1760 5388 οῦν

196 5431 318 5486 καθ’
353 5431 620 5502 ἑκατέραν
675 5431 832 5498 φύσιν
899 5429 1285 5500 ἀναιρούμενον
1332 5428 1547 5496 ἰδίωμα,
1572 5445 1760 5481 συναν-

271 5549 316 5578 ³³
343 5547 501 5603 Joan.
534 5562 572 5611 ι,
607 5544 692 5597 M.

1861 4603 1955 4672 qui
1977 4610 2216 4657 extrema
2251 4599 2408 4652 ambo
2437 4599 2488 4650 in
2515 4597 2692 4666 seipse
2721 4595 3022 4664 conjunxit,
3051 4603 3106 4647 et
3133 4584 3424 4658 utrumque

1861 4695 2098 4758 exsistit,
2123 4703 2177 4747 et
2198 4691 2500 4759 utriusque,
2546 4705 2651 4758 qua
2682 4697 2911 4750 constat,
2947 4696 3154 4741 natura:
3176 4686 3418 4754 proprie-

1863 4797 2002 4841 tates
2026 4787 2080 4838 in
2117 4800 2223 4838 una
2259 4783 2532 4854 hypostasi
2564 4784 2719 4852 plene
2744 4793 2798 4836 et
2825 4783 2945 4836 sine
2973 4783 3182 4836 defectu
3221 4780 3416 4833 habet:

1862 4897 1928 4934 ex
1945 4879 2124 4946 Patre,
2165 4894 2288 4933 cum
2311 4878 2430 4931 aliis
2451 4879 2727 4943 omnibus,
2764 4878 3376 4946 incircumscriptionem
3402 4895 3419 4943 ;

1861 4973 2058 5041 quippe
2097 4970 2344 5040 quidixit
2381 4988 2394 5023 :
2428 4969 2618 5023 Omnia
2651 4987 2764 5023 mea
2797 4980 2888 5022 tua
2924 4978 3065 5032 sunt,
3100 4980 3148 5023 et
3180 4979 3271 5022 tua
3305 4987 3423 5025 mea

1860 5073 1982 5116 sunt
2004 5064 2090 5126 ";
2123 5071 2174 5117 et
2204 5077 2266 5115 ex
2298 5077 2488 5124 matre,
2533 5078 2653 5114 cum
2682 5062 2904 5131 reliquis
2938 5063 3212 5127 omnibus,
3256 5063 3418 5116 etiam

1862 5154 2415 5222 circumscriptionem
2456 5173 2468 5206 :
2519 5155 2644 5222 quia
2670 5158 2929 5222 scriptum
2963 5167 3046 5209 est
3081 5172 3093 5207 :
3129 5153 3246 5207 Non
3276 5157 3419 5208 enim

1862 5249 2071 5316 angelos
2121 5247 2475 5316 apprehendit,
2532 5250 2621 5300 sed
2668 5266 2841 5303 semen
2876 5250 3105 5303 Aera/ue
3133 5249 3421 5318 apprehen-

1861 5341 1939 5394 dit
1964 5344 2027 5396 ³⁷.
2072 5341 2222 5397 Unde
2252 5358 2344 5413 per
2373 5344 2553 5398 omnia
2572 5343 2833 5398 fratribus
2854 5344 3144 5400 assimilari
3163 5343 3416 5400 debebat.

1862 5430 1958 5486 Vel
1992 5436 2147 5489 unica
2189 5434 2350 5504 igitur
2393 5437 2443 5488 in
2496 5437 2753 5491 alterutra
2790 5447 2983 5492 natura
3039 5437 3340 5507 proprietas
3368 5437 3420 5491 si

787 5545 832 5575 ³⁸
860 5543 1019 5598 Joan.
1055 5560 1185 5606 xvtt,
1226 5543 1310 5595 10.
1387 5543 1429 5573 ⁵⁷
1461 5541 1626 5597 Hebr.
1667 5558 1725 5609 tt,
1771 5542 1855 5597 16.

1696 5655 1922 5712 NOTAE.

266 5781 422 5849 (95“)
451 5781 768 5835 Animarum
795 5778 1225 5847 prmexsistentim
1254 5785 1569 5829 asst‘l'lorﬁ’bv
