3976 6322
578 332 714 394 1603

1755 343 1816 403 S.
1842 343 2233 404 THEODORI
2279 346 2622 408 STUDITzE

3690 348 3707 407 ι
3720 347 3816 408 6ο4

575 446 815 506 tollatur,
845 459 1032 500 omnes
1061 447 1302 516 ejusdem
1348 450 1556 506 ordinis
1586 452 1704 507 alia:
1753 456 1910 510 simul
1943 459 2127 511 tollan-

2241 464 2412 530 αιρεῖν
2445 463 2684 530 πέφυκεν
2718 461 2776 524 ἐξ
2809 459 3103 527 ἀναγκαίου
3142 460 3314 511 πάντα
3359 456 3428 511 τὰ
3485 458 3812 526 όμόστοιχα.

577 547 662 591 tur
685 551 904 590 necesse
936 547 1038 592 est.
1081 538 1320 596 Sublatis
1342 551 1521 596 autem
1555 545 1999 614 proprietatibus,
2034 565 2140 602 una

577 628 764 695 utique
797 627 1060 682 tolluntur
1085 640 1137 684 et
1159 646 1344 685 earum
1375 642 1601 689 natura}.

645 718 819 775 Testis
886 721 1080 776 horum
1131 741 1285 779 sacer
1329 739 1533 799 martyr
1578 730 1849 797 Justinus,
1901 735 2056 804 cujus
2085 738 2136 790 in

573 812 806 879 quodam
832 813 949 868 loco
974 816 1087 870 haec
1119 828 1246 872 sunt
1273 823 1430 873 verba
1461 838 1474 874 :
1509 841 1526 872 ι
1557 821 1698 876 Nihil
1721 825 1865 878 enim
1901 826 1952 878 in
1981 829 2141 881 rebus

577 901 628 954 id
662 903 804 970 quod
853 914 936 959 est
981 919 1277 976 permanet,
1311 912 1354 963 si
1382 928 1572 976 unum,
1619 918 1705 968 vel
1738 916 1911 970 solum
1955 932 2016 970 ex
2050 918 2136 978 iis,

575 1009 696 1061 quae
739 998 1053 1051 naturaliter
1108 1001 1157 1052 ei
1201 1002 1406 1067 insunt,
1448 1005 1683 1059 deliciat.
1738 1026 1756 1057 ι
1801 1010 1975 1077 Atque
2016 1010 2139 1064 hinc

576 1097 728 1137 cassa
784 1093 836 1138 et
898 1102 1033 1141 vana
1097 1104 1189 1157 per
1241 1106 1434 1144 novam
1466 1093 1807 1161 hypothesim
1845 1095 2135 1150 tiunttidei

573 1183 771 1225 nostrae
823 1176 1096 1246 mysteria.
1154 1179 1531 1247 Congruenter
1583 1193 1761 1236 autem
1801 1187 2138 1254 evangelista:

569 1261 861 1330 Apostolus
910 1268 1022 1320 haec
1074 1271 1196 1324 ait:
1246 1270 1348 1334 Qui
1379 1289 1497 1324 cum
1546 1275 1808 1341 informa
1865 1277 1958 1330 Dei
1982 1289 2133 1342 esset,

571 1373 674 1408 non
714 1359 955 1426 rapinam
1017 1362 1308 1416 arbitratus
1365 1373 1441 1416 est
1483 1382 1594 1419 esse
1623 1384 1675 1419 se
1705 1370 1957 1436 aequalem
1997 1371 2133 1432 Deo;

569 1450 657 1501 sed
683 1452 1011 1519 semetipsum
1040 1454 1354 1517 exinanivit,
1379 1455 1604 1524 formam
1637 1461 1769 1510 servi
1802 1461 2129 1526 accipiens”.

568 1538 736 1608 igitur
791 1542 858 1605 si,
896 1543 948 1595 in
991 1542 1164 1597 forma
1202 1544 1293 1598 Dei
1325 1562 1447 1600 cum
1498 1559 1663 1613 esset,
1715 1549 1944 1604 formam
1986 1553 2130 1607 servi

568 1633 807 1701 accepit,
855 1635 975 1688 sine
1029 1638 1424 1698 controversia,
1488 1647 1759 1707 quatenus
1812 1643 2027 1710 quidem
2078 1645 2130 1698 in

568 1725 738 1779 forma
786 1727 877 1780 Dei
909 1744 1009 1790 εει,
1063 1729 1294 1798 imagine
1341 1745 1446 1783 non
1482 1733 1844 1800 exprimitur;
1886 1735 2131 1802 quando-

565 1822 782 1888 quidem
813 1819 954 1875 Deus
980 1838 1142 1890 supra
1161 1825 1702 1891 comprehensionem
1737 1835 1820 1878 est
1839 1837 2133 1894 :quatenus
2163 1790 2204 1844 Β

565 1927 692 1964 vero
760 1911 984 1965 formam
1017 1913 1158 1968 servi
1190 1915 1417 1984 accepit,
1478 1917 1822 1983 exprimitur,
1875 1920 2130 1987 quoniam

552 2003 1200 2073 comprehensioni,quae
1225 2006 1389 2059 tactui
1420 2015 1472 2059 et
1497 2007 1664 2060 colori
1695 2008 1899 2072 subest,
1921 2010 2133 2064 servilis

562 2087 735 2146 forma
789 2093 1097 2160 subjicitur.
1154 2093 1436 2160 Quomodo
1482 2097 1628 2150 enim
1671 2097 1724 2150 in
1767 2097 2128 2152 similitudine

562 2183 842 2237 hominum
868 2184 1042 2240 factus
1069 2186 1339 2251 credetur,
1370 2187 1474 2241 nisi
1500 2187 1778 2242 hominum
1807 2204 1954 2244 more
1975 2198 2131 2258 aptus

562 2280 638 2332 sit
667 2279 762 2344 qui
811 2294 904 2347 per
958 2279 1247 2349 imaginem
1287 2281 1662 2350 exprimatur?
1694 2279 1976 2346 Quomodo
2010 2299 2131 2336 rur-

560 2384 653 2421 sus
702 2376 755 2421 et
818 2369 1000 2423 habitu
1046 2371 1298 2424 inventus
1326 2380 1383 2423 ut
1431 2375 1590 2425 homo
1619 2371 1848 2431 dicetur,
1890 2373 1995 2428 nisi
2024 2374 2128 2428 hu-

560 2473 724 2512 mano
755 2459 936 2513 habitu
968 2460 1143 2529 pictus
1170 2461 1455 2514 cernatur?
1476 2460 1748 2525 Videtis,o
1775 2463 2126 2536 serenissimi,

560 2564 670 2616 quo
706 2557 882 2618 pacto,
942 2552 1035 2618 qui
1065 2566 1158 2618 per
1193 2550 1373 2604 omnia
1411 2549 1670 2604 fratribus
1699 2551 1991 2605 assimilari
2027 2553 2125 2606 de-

559 2639 695 2703 buit,
757 2641 1079 2708 quibuscum
1133 2655 1200 2694 ex
1248 2655 1404 2709 aequo
1453 2655 1670 2695 carnem
1717 2656 1780 2695 ac
1809 2643 2124 2711 sanguinem

561 2732 768 2793 habuit,
799 2747 861 2785 ex
895 2748 1050 2802 aequo
1089 2734 1292 2801 pariter
1318 2733 1570 2802 exprimi,
1607 2733 1753 2804 sicut
1804 2735 1904 2798 illi,
1936 2749 2126 2788 neces-

559 2826 704 2876 sario
754 2823 967 2877 debeat.
1025 2823 1120 2877 Sin
1151 2825 1360 2885 minus,
1398 2824 1592 2878 similis
1645 2823 1821 2878 iactus
1864 2835 2124 2891 nonest;

560 2906 931 2979 meutitusque
959 2921 1045 2964 est
1072 2911 1163 2978 qui
1182 2912 1318 2964 dixit
1349 2925 1364 2963 :
1393 2910 1457 2964 Et
1487 2921 1681 2965 natura
1710 2913 1996 2966 immutata
2022 2924 2121 2966 est.

560 3001 630 3054 Et
687 3009 863 3054 tamen
924 3001 1064 3055 Deus
1124 3002 1241 3070 ipse
1287 3017 1351 3055 ac
1415 3000 1646 3055 Verbum
1710 3004 1906 3057 alicubi
1941 3003 2119 3058 dixit:

2257 550 2683 619 Ἀναιρουμένων
2709 551 2763 603 δὲ
2792 549 2900 603 τῶν
2931 548 3251 617 ἰδιωμάτων,
3277 547 3524 616 δηλονότι
3554 564 3812 600 συναναι-

2245 639 2459 707 ροῦνται
2489 641 2583 691 καὶ
2611 641 2666 692 αἱ
2695 638 2896 691 τούτων
2921 638 3133 704 φύσεις.

2313 733 2419 784 Καὶ
2479 732 2688 801 μάρτυς
2734 729 2827 783 τοῦ
2880 731 3036 797 λόγου
3065 732 3092 782 6
3142 730 3470 799 ἱερόμαρτυς
3518 730 3812 787 Ἰουστίνος

2241 815 2345 875 ὦδε
2384 839 2484 874 που
2511 821 2684 886 λέγων
2715 836 2730 849 ·
2773 839 2792 871 ‹
2839 821 3004 873 Οὐδὲν
3038 821 3147 890 γὰρ
3179 820 3423 882 διαμένει
3459 820 3573 871 τῶν
3611 819 3806 878 ὅντων,

2240 911 2377 980 ὅπερ
2403 913 2570 971 ἐστὶν,
2599 911 2715 974 ἑνὸς
2744 911 2839 964 καὶ
2874 911 3034 978 μόνου
3054 911 3162 962 τῶν
3188 913 3498 980 προσόντων
3529 910 3692 979 αύτῷ
3713 928 3808 977 φυ-

2241 1005 2405 1065 σικῶς
2433 1003 2784 1064 ἐλλείποντος.
2823 1021 2842 1052 ι
2879 1002 3186 1055 Κάντεῦθεν
3214 1002 3422 1071 φροῦδα
3449 1002 3519 1053 τὰ
3562 1001 3670 1069 τῆς
3724 1001 3808 1050 πί-

2240 1109 2408 1154 στεως
2462 1091 2615 1160 ἡμῶν
2649 1095 2712 1143 ἐκ
2741 1092 2836 1159 τῆς
2865 1093 3056 1160 καινῆς
3097 1092 3404 1152 ὑποθέσεως
3433 1090 3806 1157 καθέστηκεν.

2249 1185 2558 1253 Ἐπομένως
2579 1183 2622 1235 δ’
2653 1178 2744 1234 οὖν
2777 1182 2856 1252 τῷ
2901 1182 3257 1249 εὐαγγελιστῇ
3287 1182 3380 1232 καὶ
3405 1182 3434 1232 6
3476 1183 3805 1243 Ἀπόστολος

2235 1276 2361 1328 τάδε
2404 1272 2565 1341 φησίν
2597 1287 2612 1300 ·
2647 1274 2748 1336 ’ος
2790 1272 2859 1323 ἐν
2900 1271 3096 1339 μορφῇ
3133 1271 3279 1323 Θεοῦ
3327 1270 3620 1337 ὑπάρχων
3643 1311 3658 1332 ,
3694 1273 3806 1337 οὐχ

2236 1365 2546 1435 ἁρπαγμὸν
2599 1364 2866 1432 ἡγήσατο
2930 1364 2995 1415 τὸ
3059 1360 3212 1415 εἶναι
3267 1363 3374 1415 ἶσα
3433 1363 3594 1425 Θεῴ-
3661 1365 3802 1414 ἀλλ’

2235 1456 2449 1510 ἑαυτὸν
2491 1454 2750 1507 ἐκένωσε
2790 1452 3031 1520 μορφὴν
3070 1451 3292 1504 δούλου
3328 1453 3554 1503 λαϐὼν.
3603 1451 3804 1503 Τοίνυν

2235 1542 2394 1613 εἴπερ
2424 1544 2480 1594 ὲν
2515 1543 2694 1610 μορφῇ
2726 1540 2859 1592 Θεοῦ
2893 1541 3153 1608 ὑπάρχων
3189 1542 3401 1610 μορφὴν
3446 1541 3641 1592 δούλου
3679 1542 3807 1592 ἕλα-

2235 1635 2326 1688 6εν
2358 1652 2370 1665 ·
2400 1634 2807 1704 ἀναντιρῤήτως
2907 1633 3002 1700 μὲν
3033 1635 3089 1684 ἐν
3123 1635 3300 1700 μορφῇ
3353 1632 3489 1683 Θεοῦ
3541 1632 3804 1700 ὑπάρχει,

2233 1729 2331 1780 ούκ
2350 1726 2730 1791 ὲξεικονίζεται
2755 1743 2769 1756 ο
2793 1726 2981 1792 ὅτιπερ
3014 1725 3074 1776 τὸ
3107 1725 3263 1776 Θεῖον
3287 1725 3426 1793 ὑπὲρ
3462 1726 3800 1794 κατάληψιν·

2233 1815 2345 1896 ᾗδὲ
2385 1819 2597 1888 μορφὴν
2629 1817 2812 1870 δούλου
2867 1816 3082 1877 ἔλαϐεν,
3118 1816 3526 1882 ἐξεικονίζεται,
3557 1819 3643 1869 ὅτι
3703 1819 3805 1870 ὑπο

2232 1912 2533 1982 κατάληψιν
2578 1910 2678 1978 τῆς
2723 1912 2780 1962 ὲν
2847 1911 2956 1978 ἁφῇ
3004 1925 3062 1960 τε
3130 1909 3222 1959 καὶ
3261 1909 3420 1977 χροιᾷ
3475 1911 3510 1976 ἠ
3578 1909 3805 1979 δουλικὴ

2235 2005 2414 2075 μορφὴ
2467 2003 2853 2072 περιορίζεται.
2891 2000 3011 2062 Πῶς
3037 2000 3145 2067 γὰρ
3176 1999 3241 2052 ἂν
3278 2002 3333 2050 ὲν
3373 1999 3687 2067 ὁμοιώματι
3716 2003 3806 2052 ἀν-

2231 2097 2465 2168 θρώπων
2488 2096 2768 2164 γεγονέναι
2805 2092 3244 2160 πιστευθήσεται,
3273 2094 3319 2143 εἰ
3351 2093 3423 2160 μὴ
3450 2093 3662 2159 ὁμοίως
3695 2097 3805 2152 τοῖς

2229 2185 2534 2256 ἀνθρώποις
2573 2183 2998 2250 ὲξεικονίζεσθαι
3034 2184 3285 2249 πέφυκε;
3318 2182 3435 2242 πῶς
3460 2183 3520 2234 δὲ
3547 2192 3648 2233 καὶ
3678 2189 3807 2250 σλιή-

2232 2296 2363 2348 ματι
2404 2276 2692 2344 εὑρεθῆναι
2720 2275 2795 2338 ὡς
2839 2275 3125 2344 ἄνθρωπος
3154 2275 3496 2344 λεχθήσεται,
3525 2278 3574 2327 εἰ
3617 2275 3697 2344 μὴ
3728 2276 3805 2343 τῷ

2230 2367 2552 2437 ἀνθρωπίνῳ
2583 2367 2820 2435 σχήματι
2850 2366 3236 2434 γεγραμμένος
3259 2365 3559 2434 ὀφθήσεται
3587 2381 3602 2428 ;
3641 2365 3805 2432 ὐρᾶο

2227 2479 2307 2521 τε,
2342 2455 2386 2513 ὧ
2430 2461 2802 2529 γαληνότατοι,
2840 2459 2955 2521 πῶς
3009 2459 3369 2526 ὀφειλομένως
3416 2457 3560 2509 κατά
3622 2457 3804 2510 πάντα

2227 2557 2337 2612 τοῖς
2362 2553 2604 2619 ἀδελφοῖς
2625 2551 2996 2620 ὁμοιούμενος,
3021 2545 3100 2612 οἷς
3124 2552 3214 2601 καὶ
3243 2548 3652 2617 παραπλησίως
3678 2566 3805 2618 μετ-

2227 2643 2425 2711 ἐσχηκε
2476 2642 2674 2710 σαρκὸς
2711 2642 2804 2691 καὶ
2838 2641 3101 2707 αἵματος,
3135 2639 3194 2701 ἐξ
3255 2637 3556 2705 ἀναγκαίου
3587 2637 3711 2706 ἔχει
3746 2639 3804 2688 τὸ

2226 2733 2420 2800 ἐπίσης
2440 2731 2650 2792 τούτοις
2674 2729 3131 2793 ὲξεικονίζεσθαι’
3163 2730 3208 2779 εἰ
3235 2727 3291 2779 δὲ
3317 2729 3412 2797 μὴ,
3449 2729 3552 2795 οὐχ
3582 2729 3802 2798 ὠμοίωο

2223 2835 2336 2879 ται,
2387 2818 2479 2869 καὶ
2526 2817 2836 2884 διέψευσται
2885 2819 2913 2869 6
2962 2816 3379 2885 ἀποφηνάμενος
3409 2832 3425 2846 ο
3459 2819 3568 2869 Καὶ
3611 2820 3648 2886 ἡ
3706 2819 3803 2886 :r-«j-

2229 2929 2314 2973 σις
2374 2910 2767 2981 παρήλλακται.
2801 2910 2908 2962 Καὶ
2970 2909 3073 2978 μὴν
3105 2908 3265 2971 αὐτὸς
3294 2911 3321 2960 6
3352 2909 3484 2971 Θεὸς
3535 2913 3635 2962 καὶ
3701 2912 3804 2963 Λό‹

2224 3019 2318 3070 γος
2344 2994 2445 3054 ὧδέ
2482 3001 2606 3062 πού,
2640 3018 2772 3069 φησι
2795 3017 2808 3028 ’
2843 3001 2904 3053 Τί
2931 3017 3007 3068 με
3033 2999 3251 3068 ζητεῖτε
3279 3001 3664 3063 ἀποκτεῖναι,
3694 3003 3799 3055 ἇν-

563 3090 703 3154 Quid
722 3108 799 3144 me
827 3093 1062 3161 quwritis
1089 3093 1404 3161 interﬁcere,
1423 3093 1705 3157 hominem,
1736 3095 1824 3162 qui
1849 3096 2117 3148 veritatem

2230 3094 2475 3159 θρωπον,
2525 3089 2590 3154 ὃς
2635 3088 2748 3156 τὴν
2792 3087 3078 3154 ἀλήθειαν
3119 3087 3261 3156 ὑμῖν
3311 3088 3665 3152 λελάληκα,
3723 3086 3804 3152 ἢν

559 3182 703 3236 vobis
735 3182 938 3238 locutus
966 3201 1104 3248 sum,
1146 3201 1300 3252 quant
1334 3185 1514 3237 audivi
1542 3202 1574 3236 a
1605 3185 1713 3239 Deo
1731 3186 1804 3239 '9?
1830 3185 2119 3253 Nunquam

561 3281 766 3336 autem,
812 3274 902 3341 qui
956 3288 1062 3326 non
1121 3277 1494 3342 exprimatur,
1552 3276 1825 3330 hominem
1882 3278 2124 3346 seipsum

563 3359 720 3413 fecit:
770 3375 901 3423 nec,
965 3361 1058 3428 qui
1112 3361 1284 3414 occidi
1341 3373 1536 3430 queat,
1591 3377 1695 3416 non
1763 3363 1904 3416 idem
1966 3365 2125 3418 etiam

560 3458 752 3501 natura
791 3450 1019 3517 exprimi
1074 3449 1289 3518 possit:
1327 3450 1554 3504 alterum
1598 3452 1742 3504 enim
1779 3453 2011 3505 alterum
2045 3454 2127 3505 in-

561 3539 665 3593 fert
695 3549 749 3593 et
775 3541 1076 3594 conliruiat.
1108 3539 1202 3594 Hic
1232 3550 1312 3595 est
1340 3544 1685 3610 mortiﬁcatus
1710 3544 1920 3612 quidem
1947 3560 2123 3608 carne,

561 3629 854 3698 viviﬁcatus
893 3639 1065 3682 autem
1087 3631 1356 3698 spiritu“,
1412 3631 1554 3685 sicut
1590 3632 1780 3687 beatus
1810 3631 2005 3687 Petrus
2042 3635 2125 3687 di-

561 3719 657 3772 xit.
711 3718 850 3784 Quid
896 3729 1075 3773 autem
1134 3721 1236 3775 hoc
1282 3721 1424 3774 aliud
1460 3729 1562 3786 est,
1592 3736 1753 3791 quam
1785 3723 1988 3787 dicere,
2027 3739 2124 3777 ex-

561 3809 722 3878 primi
753 3810 1050 3863 secundum
1101 3823 1345 3872 carnem,
1385 3810 1477 3878 qui
1520 3812 1845 3878 exprimitur
1883 3812 2129 3880 spiritu?

562 3898 659 3953 Hic
692 3910 794 3965 cst,
822 3900 912 3969 qui
946 3899 1082 3954 dixit
1117 3915 1129 3951 :
1186 3900 1289 3966 Qui
1326 3903 1610 3954 manducat
1643 3919 1741 3965 me,
1775 3913 1823 3956 et
1853 3905 1962 3972 ipse
1996 3905 2128 3958 vivet

558 4003 769 4060 pmpter
831 3991 987 4044 me“.
1039 3990 1255 4046 Minime
1308 4004 1486 4046 autem
1529 3993 1621 4061 qui
1679 3994 2126 4063 circumscriptus

562 4102 667 4138 non
717 4093 878 4144 esset,
943 4085 1258 4138 manducari
1297 4101 1355 4140 se
1388 4086 1610 4147 diceret,
1652 4087 1754 4140 nisi
1788 4086 1926 4140 forte
1956 4087 2125 4154 phan-

561 4185 734 4229 tasma
782 4175 1072 4245 quodpiam
1110 4175 1266 4230 foret.
1313 4175 1466 4241 Quod
1499 4175 1718 4246 quidem
1761 4178 1805 4231 si
1841 4178 2126 4231 admiseri-

561 4280 712 4330 mus,
765 4266 819 4319 in
880 4265 1297 4320 Manichaeorum
1373 4267 1683 4334 opinionem
1754 4268 2120 4336 prolabemur,

561 4371 814 4425 magnum
850 4355 1065 4425 pietatis
1091 4357 1408 4427 mysterium
1436 4358 1800 4413 destruentes.

2231 3177 2462 3246 ἤκουσα
2487 3178 2643 3244 παρὰ
2670 3177 2776 3230 τοῦ
2802 3177 2949 3230 Θεοῦ
2979 3194 2997 3240 ;
3033 3179 3144 3229 Οὐκ
3176 3175 3240 3228 ἂν
3269 3177 3325 3229 δὲ
3359 3179 3386 3228 ὁ
3428 3177 3502 3244 μὴ
3529 3176 3800 3240 ἐξεικονί-

2231 3267 2453 3338 ζόμενος
2507 3269 2793 3338 ἄνθρωπον
2844 3269 3032 3320 ἑαυτὸν
3090 3269 3261 3321 εἴποιέ
3309 3285 3440 3320 ποτε
3473 3284 3490 3298 ⁸
3528 3269 3643 3320 οὐδ’
3683 3268 3801 3321 ἆνό

2232 3356 2488 3423 πεφυκὼς
2538 3357 2971 3416 ἀποκτείνεσθαι,
3009 3357 3082 3426 μὴ
3115 3359 3232 3425 οὐχὶ
3283 3354 3546 3422 πεφυκὼς
3585 3358 3675 3428 εἴη
3707 3359 3801 3409 καὶ

2228 3449 2322 3501 τοῦ
2347 3448 2767 3512 ὲξεικονίζεσθαι
2802 3467 2815 3478 ·
2858 3447 3082 3518 θάτερον
3113 3447 3218 3515 γὰρ
3245 3447 3458 3515 θατέρῳ
3497 3449 3800 3512 εἰσαγωγι-

2229 3539 2322 3589 κὺν
2379 3538 2472 3592 καὶ
2524 3538 2933 3607 ὁμολογητικόν.
2967 3531 3133 3599 Οὗτός
3185 3538 3332 3588 ἐστιν
3364 3539 3396 3586 d
3428 3537 3800 3601 θανατωθεὶς

2223 3629 2339 3697 μὲν
2395 3631 2592 3696 σαρκὶ,
2628 3627 3000 3694 ζωοποιηθεὶς
3053 3626 3121 3679 δὲ
3179 3626 3468 3693 πνεύματι
3497 3642 3510 3655 ·
3553 3628 3741 3689 καθὼς
3772 3630 3798 3678 ὁ

2232 3721 2498 3790 μακάριος
2552 3720 2758 3789 Πέτρος
2813 3719 3021 3789 λέλεχε.
3052 3719 3115 3769 Τί
3151 3717 3196 3769 δ’
3235 3715 3363 3769 ἄλλο
3395 3712 3508 3767 εἷεν
3541 3718 3728 3779 τοῦτο,
3764 3719 3796 3787 ἦ

2225 3813 2287 3864 τὸ
2317 3813 2502 3877 φάναι,
2537 3808 2952 3875 ὲξεικονίζεσθαι
2991 3809 3289 3878 σαρκικῶς,
3325 3805 3799 3878 ἐξεικονιζόμενον

2229 3903 2497 3972 πνεύματι
2523 3920 2536 3968 ;
2564 3899 2732 3964 υῦτός
2754 3904 2898 3954 ἐστιν
2921 3905 2948 3954 6
2973 3900 3225 3970 εἰρηκώς
3255 3898 3360 3952 Καὶ
3383 3901 3414 3952 ὁ
3436 3898 3684 3966 τρώγων
3699 3919 3797 3970 με,

2228 3995 2502 4061 κάκεῖνος
2531 3992 2767 4059 ζήσεται
2799 3993 2872 4045 δι’
2895 3989 3144 4058 ἐμέ.υὺκ
3174 3992 3240 4044 ἂν
3272 3991 3326 4042 δὲ
3355 3991 3384 4042 6
3417 3991 3494 4058 μὴ
3526 4007 3595 4041 πε
3607 4009 3799 4061 ριγρα-

2228 4088 2459 4156 (ρόμενος
2505 4087 2707 4138 εἴποιεν
2765 4085 3057 4148 ἐσθίεσθαι,
3088 4086 3135 4136 εἰ
3166 4084 3237 4154 μή
3264 4084 3316 4136 τί
3345 4098 3409 4150 γε
3442 4081 3552 4150 ἄρα
3593 4087 3798 4146 φάντει·

2230 4196 2341 4248 σμα
2399 4174 2736 4246 εῖεν.”υπερ
2792 4179 2840 4228 εί
2891 4175 3338 4245 καταδεξοίμεθα,
3396 4175 3796 4244 ὲμπεσούμεθα

2227 4271 2306 4331 εἰς
2333 4268 2392 4321 τὸ
2419 4266 2526 4320 τῶν
2556 4267 2868 4335 Μανιχαίων
2898 4267 3166 4337 φρόνημα,
3200 4263 3714 4330 ἀποσκευαζόμενοι
3738 4268 3796 4320 τὸ

2231 4361 2370 4430 μέγα
2409 4361 2507 4429 τῆς
2538 4359 2817 4420 εὐσεϐείας
2856 4361 3170 4427 μυστήριον.

633 4445 721 4499 Ille
775 4447 1038 4515 siquidem
1074 4446 1128 4500 in
1189 4447 1503 4516 aspectabili
1550 4456 1603 4501 et
1652 4463 1758 4501 non
1800 4448 2114 4517 aspectabili

2289 4450 2398 4503 Καὶ
2425 4450 2533 4517 γὰρ
2557 4451 2757 4510 ἐκεῖνος
2789 4450 2845 4500 ἐν
2872 4449 2945 4518 τῷ
2974 4449 3149 4518 ὁρατῷ
3173 4448 3265 4500 καὶ
3286 4448 3504 4518 ἀοράτῳ
3536 4446 3634 4498 τὸν
3671 4447 3795 4498 Υἱον

559 4537 753 4592 Filium
816 4537 1088 4606 propriam
1143 4539 1505 4593 substantiam
1562 4539 1613 4591 iu
1666 4550 1849 4593 monte
1885 4541 2117 4594 manife-

559 4641 734 4683 stasse
758 4629 906 4693 dicit,
947 4645 1048 4682 non
1098 4630 1232 4684 duas
1258 4630 1541 4684 habentem
1595 4641 1836 4695 tiaturas,
1867 4633 1959 4686 sed
1993 4634 2117 4686 uni-

558 4735 697 4773 cam.
730 4719 908 4784 Quare
947 4720 981 4772 ii
1007 4724 1226 4789 pariter,
1281 4722 1370 4790 qui
1403 4737 1508 4775 non
1539 4721 1908 4776 circumscribi
1959 4723 2117 4777 Chri-

558 4822 699 4864 stum
729 4811 1019 4876 aliirmant,
1051 4822 1302 4880 tanquam
1336 4822 1582 4866 naturam
1626 4830 1786 4867 unam
1819 4815 2119 4882 prmdican-

560 4908 660 4959 les,
696 4901 747 4952 in
777 4900 892 4964 eius
925 4902 1243 4954 sententiain
1270 4901 1476 4955 devolvi
1506 4903 1920 4956 convincuntur.
1962 4904 2116 4969 Quod

554 4993 704 5044 eiiim
737 4994 1282 5062 incircumscriptum,
1319 4995 1458 5048 idem
1513 4997 1913 5064 incorporeum.
1935 4996 2121 5066 Neque

556 5099 705 5144 vero,
770 5097 836 5136 eo
889 5085 1031 5152 quod
1086 5085 1573 5149 circumscribitur,
1629 5085 1830 5139 idcirco
1883 5087 1935 5140 in
1985 5088 2121 5142 duas

557 5192 823 5246 personas
853 5178 1009 5231 unica
1045 5177 1244 5232 Christi
1285 5193 1536 5246 persona,
1573 5189 1629 5231 ut
1654 5177 1872 5247 quidam
1902 5189 2115 5247 putant,

557 5271 836 5322 dividitur.
877 5268 1140 5334 Quoniam
1185 5287 1359 5338 neque
1399 5280 1590 5322 natura
1620 5269 1873 5339 imaginis
1898 5287 1961 5324 ac
1991 5285 2118 5337 pro-

553 5359 723 5427 totypi
756 5360 1050 5411 secundum
1089 5360 1413 5428 hypostasim
1441 5361 1730 5427 dividitur;
1774 5363 1863 5416 sed
1893 5379 1958 5415 ex
1993 5363 2123 5417 sub-

558 5451 770 5502 stantia
827 5451 1037 5504 ratione
1113 5453 1467 5506 differentiam
1541 5454 1783 5506 sortitur.
1837 5454 1921 5506 Ait
1970 5456 2114 5508 enim

558 5543 994 5611 sapientissimus
1037 5544 1323 5616 Dionysius
1356 5564 1369 5598 :
1400 5564 1416 5596 ς
1455 5543 1754 5613 Utrumque
1781 5546 1831 5598 in
1865 5555 2096 5614 utroque

631 5742 674 5772 ⁵³
707 5738 933 5811 Philipp.
967 5758 1024 5807 ll,
1051 5742 1100 5794 6.
1194 5746 1234 5774 ⁵⁴⁸
1259 5743 1409 5798 Joan.
1450 5761 1544 5808 vn,
1579 5745 1680 5808 tif);
1713 5759 1824 5806 rm,
1867 5746 1945 5798 ti).

2029 5747 2069 5775 δ”
2113 5747 2127 5798 l
2160 5745 2298 5799 Pelr.
2341 5763 2418 5812 ιιι,
2453 5745 2532 5799 13.

2215 4543 2312 4613 τὴν
2367 4544 2498 4595 ἰδίαν
2536 4544 2722 4594 οὐσίαν
2753 4545 2809 4595 ἐν
2852 4541 2929 4611 τῷ
2974 4542 3089 4610 ὄρει
3141 4541 3604 4608 πεφανερωμένον
3641 4537 3788 4609 [cod.

2217 4637 2350 4706 Reg.
2394 4634 2866 4705 πεφανερωκέναι]
2901 4635 3086 4703 φησὶν,
3116 4636 3176 4684 οὐ
3223 4633 3314 4683 δύο
3342 4633 3541 4701 ἔχοντα
3573 4634 3787 4698 φύσεις,

2218 4729 2351 4782 ἀλλὰ
2394 4728 2537 4797 μίαν.
2567 4728 2727 4778 Ὥστε
2767 4729 2860 4778 καὶ
2881 4729 2928 4778 οἱ
2960 4727 3032 4795 μὴ
3082 4725 3526 4794 περιγράφεσθαι
3554 4727 3793 4792 Χριστὸν

2217 4820 2687 4890 διισχυριζόμενοι,
2711 4818 2784 4881 ὼς
2810 4819 2936 4888 μίαν
2960 4818 3116 4886 φύσιν
3139 4817 3557 4886 πρεσϐεύοντες,
3584 4819 3792 4869 ἐκείνου

2218 4913 2296 4984 τῷ
2344 4914 2650 4980 φρονήματι
2695 4911 3087 4977 συνεμπίπτειν
3126 4908 3546 4976 ἀπελέγχονται.
3589 4913 3654 4960 Ὀ
3686 4911 3793 4976 γὰρ

2217 5000 2645 5069 ἀπερίγραπτον,
2679 4998 2834 5050 τοῦτο
2880 4998 2968 5048 καὶ
2998 4997 3306 5064 ἀσώματον.
3339 4995 3466 5047 055‘
3505 4993 3575 5046 αὖ
3615 5000 3670 5047 ἐν
3719 4996 3792 5062 τῷ

2216 5090 2679 5162 περιγεγράφθαι,
2704 5092 2780 5151 εἰς
2811 5089 2974 5140 δυάδα
3005 5087 3317 5154 προσώπων
3353 5087 3415 5138 τὸ
3447 5087 3508 5137 ἓν
3551 5087 3788 5156 Χριστοῦ

2216 5183 2525 5249 πρόσωπον,
2557 5180 2632 5241 ὡς
2685 5179 2832 5231 δοκεῖ
2875 5194 3005 5239 τισι,
3060 5176 3431 5244 διατέμνεται.
3472 5178 3600 5229 Ὀτι
3657 5177 3787 5246 μηδὲ

2223 5273 2381 5340 φύσις
2419 5272 2626 5333 εἰκόνος
2654 5287 2712 5322 τε
2743 5270 2839 5322 καὶ
2871 5268 3225 5338 πρωτοτύπου
3264 5269 3654 5331 ὑποστατικῶς
3686 5266 3786 5320 οἷεε

2217 5363 2508 5432 τέμνεσθαι
2539 5379 2552 5390 ’
2583 5362 2717 5415 ἀλλὰ
2756 5362 2831 5432 τῷ
2851 5362 2950 5424 τῆς
2982 5361 3168 5423 οὐσίας
3208 5361 3360 5430 λόγῳ
3389 5362 3490 5433 τὴν
3534 5364 3789 5427 διαφορὰν

2215 5455 2496 5524 κέκτηται.
2529 5456 2665 5522 Φησὶ
2700 5454 2806 5524 γὰρ
2837 5455 2864 5504 ὁ
2889 5453 3160 5519 πάνσοφος
3189 5455 3475 5517 Διονύσιος
3514 5473 3526 5485 ⁸
3571 5476 3589 5506 ‹
3639 5455 3788 5506 Ἕκα·

2209 5561 2365 5614 τερον
2393 5545 2448 5595 ὲν
2492 5543 2738 5616 ἑκατέρῳ
2785 5544 2935 5611 παρά
2969 5542 3030 5594 τὸ
3054 5541 3152 5611 τῆς
3183 5544 3382 5610 οὐσίας
3432 5546 3716 5616 διάφορον.
3765 5563 3780 5593 ο

2634 5747 2672 5776 ⁶¹
2711 5745 2870 5799 Joan.
2915 5762 2988 5810 γι,
3031 5747 3121 5801 εε.
