3976 6322
208 333 345 396 1605

1381 341 1916 404 EPISTULARUM
1957 344 2104 404 LIB.
2159 345 2244 405 II.

3289 350 3423 414 1606

214 451 367 506 Ἐπεὶ
423 452 516 505 καὶ
561 453 653 504 ἐπὶ
682 449 788 504 τοῦ
818 453 1085 516 ζωοποιοῦ
1137 456 1394 526 σταυροῦ,
1424 459 1524 510 οὐκ
1565 457 1630 511 ἄν
1677 476 1742 519 τις

1862 470 2055 528 praeter
2102 461 2423 518 substantiae
2471 461 2852 518 diﬂ‘erentiam.
2895 482 2913 516 ι
2972 463 3420 535 Quandoquidem

199 542 342 600 εῐποι
371 544 470 612 τὴν
506 545 820 614 σταυροειδῆ
863 545 1047 600 εἰκόνα
1085 546 1212 600 ἄλλο
1238 566 1290 601 τι
1333 549 1486 619 παρὰ
1527 550 1585 602 τὺ
1621 550 1757 604 ταύ-

197 650 295 700 της
332 634 708 702 πρωτότυπον,
737 634 769 704 ἢ
800 636 962 702 μόνον
1001 637 1078 706 τῷ
1117 640 1330 709 φυσικῷ
1380 642 1521 710 λόγῳ
1573 641 1757 710 διαφο-

201 723 469 792 ρουμένην
494 739 509 753 ο
543 724 639 776 καὶ
670 725 731 776 τὸ
768 727 1122 797 παράδειγμα
1157 729 1408 797 ἐγγύθεν,
1437 731 1584 801 καὶὴ
1620 731 1754 800 ἀλή-

199 811 317 863 θεια
350 813 772 882 ἀναμφίλεκτος.
796 809 964 880 Οὗτος
993 814 1086 872 οῦν
1117 820 1146 871 ὁ
1175 821 1390 891 πρῶτος
1409 824 1610 894 τρόπος
1647 824 1755 875 τῶν

195 901 516 969 εἰρημένων.
543 903 638 965 Τίς
665 905 693 956 ὁ
713 903 961 974 δεύτερος
986 924 1000 971 ;
1031 909 1099 959 Αἱ
1131 908 1239 961 τῶν
1269 909 1438 978 ἁγίων
1469 913 1662 979 φωναὶ,
1690 914 1751 966 οὐ

197 991 614 1060 συλλογιστικῶς
647 1037 662 1059 ,
717 997 853 1051 ἀλλὰ
900 1000 1142 1069 γυμνῶς.
1196 1001 1612 1068 ἐξεικονίζεσθαι
1659 1008 1752 1060 τὸν

193 1081 398 1152 Κύριον
433 1085 590 1153 ήμῶν
629 1087 835 1155 Ἰησοῦν
860 1090 1092 1160 Χριστὸν
1120 1092 1532 1164 διαγορεύουσαι
1555 1113 1567 1126 ·
1607 1097 1671 1160 ἃς
1699 1101 1749 1151 εἰ

193 1165 375 1230 πάσας
426 1169 657 1224 ἐνταῦθα
689 1173 1085 1248 βουληθείημεν
1115 1180 1366 1247 ἐντάξαι,
1400 1185 1750 1255 ἐκϐησόμεθα

192 1256 282 1307 τοῦ
317 1261 541 1331 μετρίου
571 1263 672 1330 τῆς
703 1270 1166 1338 προσφωνήσεως.
1212 1273 1307 1327 Ἐκ
1340 1274 1547 1328 πολλῶν
1569 1278 1626 1330 δὲ
1657 1279 1750 1333 δύο

190 1347 222 1418 ἢ
253 1353 424 1420 τρεῖς,
452 1355 547 1406 καὶ
585 1356 790 1421 ταύτας
823 1361 1288 1434 προύργιαιτὲρας
1336 1366 1747 1438 ἀναλεξάμενοι,

190 1444 252 1496 ἐκ
267 1445 434 1498 τῶνδε
459 1449 549 1501 καί
597 1452 694 1515 τὰς
732 1452 925 1517 λοιπὰς
978 1459 1400 1528 πιστωσόμεθα’
1442 1462 1748 1533 πληρουμέ-

187 1547 278 1585 νου
313 1536 591 1591 κάνταῦθα
613 1541 706 1593 τοῦ
725 1547 1109 1615 γεγραμμένου
1129 1564 1143 1576 ·
1164 1549 1290 1602 Ἐπί
1315 1553 1610 1621 στόματος
1636 1554 1749 1608 δύο

184 1624 224 1691 ἢ
257 1625 434 1692 τριῶν
454 1633 768 1700 μαρτύρων
802 1639 1168 1704 σταθήσεται
1217 1640 1340 1697 πᾶν
1388 1643 1564 1712 ῥῆμα.
1590 1647 1743 1716 Φωνὴ

183 1717 276 1769 τοῦ
329 1723 630 1790 κορυφαίου
685 1727 795 1778 τῶν
844 1730 1155 1783 ἀποστόλων
1190 1733 1397 1802 Πέτρου
1431 1738 1488 1788 ἐν
1533 1737 1744 1809 ἱστορίᾳ

1856 551 2017 606 etiam
2058 552 2111 604 in
2145 552 2355 607 viviﬁca
2387 568 2569 612 cruce.
2605 569 2764 608 nemo
2803 553 3184 608 cruciformetn
3229 557 3422 625 imagi-

1855 657 1978 696 nem
2018 642 2162 696 aliud
2186 643 2254 696 ab
2277 643 2392 712 ejus
2415 653 2702 713 prototypo
2726 658 2846 698 esse
2876 645 3092 707 dixerit,
3118 645 3210 700 sed
3248 658 3412 701 natu-

1854 736 1955 788 rali
2003 742 2212 788 tantum
2272 735 2480 790 ratione
2529 737 2880 805 discrepare:
2933 746 2988 792 et
3019 743 3323 807 exemplum
3349 741 3417 796 de

1853 828 2162 896 propinquo
2191 834 2294 890 est,
2327 837 2382 884 et
2427 828 2630 883 veritas
2657 841 2810 886 cura
2839 831 3288 886 controversiam.
3319 831 3418 888 Hic

1852 917 2015 988 igitur
2040 921 2247 988 primus
2271 929 2353 976 est
2379 920 2569 975 modus
2601 937 2666 974 ex
2699 922 2764 975 iis
2796 936 2934 991 quos
2965 922 3224 979 diximus.
3253 923 3416 990 Quis-

1853 1023 1976 1060 nam
2029 1017 2114 1064 est
2160 1012 2477 1065 secundus?
2540 1011 2865 1066 Sanctorum
2911 1028 3094 1077 voces,
3139 1031 3258 1085 quae
3302 1032 3414 1070 non

1851 1101 2198 1172 syllogistice,
2224 1101 2316 1156 sed
2342 1102 2486 1157 nude
2505 1113 2556 1157 et
2578 1115 2784 1173 aperte,
2814 1107 3041 1174 exprimi
3064 1122 3157 1174 per
3182 1106 3410 1176 elligiem

1851 1192 2137 1247 Dominum
2213 1206 2460 1247 nostrum
2509 1193 2691 1249 Jesnm
2744 1195 3020 1250 Christum
3082 1199 3412 1254 enuntiant:

1848 1296 1984 1350 quas
2024 1282 2069 1336 si
2107 1295 2297 1337 omnes
2348 1283 2594 1353 digerere
2647 1283 2736 1337 hic
2780 1285 3032 1347 velimus,
3067 1287 3414 1352 egrediemur

1846 1373 2111 1428 terminos
2147 1376 2434 1429 moderata:
2484 1375 2849 1429 allocutionis.
2892 1374 2964 1428 Ex
3016 1376 3204 1430 multis
3234 1385 3412 1429 antem

1846 1463 1982 1519 duas
2017 1473 2213 1531 tresve,
2247 1474 2298 1519 et
2327 1469 2395 1520 ad
2429 1481 2545 1520 rem
2596 1466 2766 1534 magis
2811 1478 2962 1534 aptas
2989 1467 3304 1538 seligentes,
3344 1483 3412 1520 ex

1846 1552 1952 1606 illis
1990 1552 2145 1606 [idem
2179 1553 2246 1607 de
2308 1555 2522 1609 caeteris
2560 1553 2844 1609 faciemus.
2878 1554 2953 1609 lta
3014 1565 3075 1610 ut
3113 1557 3199 1610 hic
3250 1559 3411 1610 etiam

1844 1636 2022 1691 locum
2073 1638 2266 1693 habeat
2304 1641 2448 1708 quod
2506 1643 2764 1709 scriptum
2799 1651 2917 1697 est:
2962 1641 3030 1696 1η
3071 1661 3158 1697 ore
3185 1646 3414 1699 duorum

1843 1728 1921 1782 vel
1944 1730 2106 1782 trium
2153 1733 2361 1785 testium
2409 1732 2569 1785 stabit
2610 1749 2758 1786 omne
2786 1735 2994 1787 verbum
3012 1736 3078 1788 ⁸³.
3109 1737 3225 1792 Vox
3253 1754 3413 1809 cory-

182 1807 275 1858 τοῦ
333 1811 730 1885 ἱερομάρτυρος
783 1819 1129 1888 Παγκρατίου
1167 1807 1740 1898 ὑπομνηματιζομένη·

1844 1818 1982 1885 pinei
2017 1821 2386 1887 apostolorum
2417 1819 2563 1875 Petri
2596 1822 2649 1874 in
2695 1822 2921 1878 historia
2977 1825 3118 1880 sacri
3158 1807 3413 1897 martyris

187 1915 206 1947 ι
231 1897 546 1968 Ὲξένεγκον
569 1904 667 1974 τὴν
695 1907 876 1960 εἰκόνα
896 1908 989 1961 τοῦ
1015 1912 1217 1983 Κυρίου
1235 1915 1390 1983 ἡμῶν
1419 1917 1592 1985 Ἰησοῦ
1610 1897 1740 1988 Χριο

184 1990 328 2055 στοῦ,
372 1995 469 2045 καὶ
500 1995 808 2051 ἐντύπωσον
843 2001 1011 2073 αὐτὴν
1057 2004 1116 2056 ἐν
1163 2004 1242 2074 τῷ
1291 2007 1579 2077 πυργίσκῳ
1604 2027 1617 2039 ·
1652 2009 1740 2064 ἵνα

181 2081 362 2135 ἴδωσιν
415 2086 468 2138 οἰ
516 2087 656 2152 λαοὶ,
717 2091 882 2144 ποίαν
944 2095 1161 2166 μορφὴν
1210 2097 1398 2152 ἐλαϐεν
1427 2100 1608 2163 όΥἰὸς
1644 2100 1738 2154 τοῦ

178 2173 311 2227 Θεοῦ
337 2194 349 2206 ·
383 2176 470 2230 ἵνα
506 2179 704 2243 ἰδόντες
739 2183 830 2236 ἐπὶ
869 2185 1055 2238 πλεῖον
1092 2187 1472 2254 πιστεύσωσιν,
1508 2191 1741 2260 ὁρῶντες

178 2267 268 2319 τὸν
297 2269 472 2323 τύπον
513 2274 614 2342 τῆς
667 2275 903 2345 μορφῆς,
935 2277 1030 2329 καὶ
1078 2278 1382 2350 ὑπόμνησιν
1423 2281 1740 2352 λαμϐάνωσι

177 2359 284 2410 τῶν
349 2363 430 2424 εἰς
491 2363 685 2429 αὐτοὺς
752 2369 883 2435 παρ’
944 2368 1100 2438 ἡμῶν
1154 2371 1558 2442 κηρυχθέντων.
1599 2392 1617 2425 ι
1653 2375 1740 2438 Ὧς

179 2449 408 2521 φοϐερὸς
445 2455 474 2505 ό
502 2453 659 2522 λόγος
688 2451 841 2520 οὗτος
875 2459 890 2511 ί
927 2461 1225 2530 Μονονουχὶ
1252 2465 1344 2516 καὶ
1366 2464 1698 2528 ἐπιϐοῶντος
1720 2481 1736 2497 ·

189 2537 508 2606 Ἐξένεγκον
557 2541 658 2613 τὴν
700 2546 883 2598 εἰκόνα
911 2546 1005 2599 τοῦ
1036 2551 1101 2618 τῇ
1125 2549 1290 2619 ἀρετῇ
1316 2553 1440 2613 τοὺς
1477 2553 1740 2621 οὐρανοὺς

179 2629 542 2699 καλύψαντος,
589 2634 683 2687 καὶ
727 2636 1034 2691 ἐντύπωσον
1079 2640 1241 2693 οἱονεὶ
1273 2643 1330 2694 ἐν
1370 2642 1447 2714 τῷ
1479 2643 1740 2715 μετεώρῳ

179 2722 258 2784 είς
307 2723 607 2794 μαρτύριον
659 2727 920 2795 ἐμφανέςο
973 2731 1059 2784 ἵνα
1104 2732 1284 2785 ἴδωσιν
1340 2736 1389 2787 οἰ
1419 2735 1538 2788 λαοὶ
1577 2737 1740 2791 ποίαν

182 2813 395 2884 μορφὴν
433 2814 625 2867 ἐλαϐεν
655 2819 682 2870 ὁ
715 2817 839 2881 Υἰὸς
871 2820 964 2872 τοῦ
993 2821 1127 2874 Θεοῦ
1161 2840 1176 2856 ο
1218 2826 1318 2877 οῦκ
1341 2826 1595 2894 ἀγγέλου,
1620 2828 1740 2881 οὐδὲ

177 2901 520 2973 ἀρχαγγέλου
541 2947 556 2968 ,
589 2908 709 2961 οὐδέ
751 2927 895 2974 τινος
925 2911 1088 2983 ἄλλης
1121 2914 1402 2982 δυνάμεως
1431 2933 1444 2947 ο
1481 2919 1615 2972 ἀλλὰ
1642 2919 1739 2990 τὴν

179 2992 298 3044 καθ’
328 2995 479 3063 ἡμᾶς
514 2996 764 3068 δουλικὴν
793 3003 1038 3070 μορφήν·
1065 3004 1151 3057 ἵνα
1181 3006 1402 3069 ἰδόντες,
1430 3009 1524 3060 ἐπὶ
1553 3010 1738 3063 πλεῖον

179 3084 566 3139 πιστεύσωσιν*
586 3089 660 3152 ὼς
680 3090 779 3143 οὐκ
793 3091 1069 3162 ἀρκούσης
1086 3095 1181 3165 τῆς
1197 3096 1283 3149 διὰ
1299 3097 1456 3165 λόγου
1478 3099 1736 3167 ἱστορίας,

176 3175 312 3228 ἀλλά
340 3177 606 3248 δεομένης
627 3157 843 3252 καὶτῆς
868 3183 935 3236 δι’
956 3157 1434 3260 δψὲωςινεργειὲις
1455 3193 1534 3253 εἰς
1561 3157 1742 3246 τέλειᾷ
1765 3157 1807 3214 C

177 3283 244 3318 να
291 3265 560 3320 πίστωσιν
583 3289 599 3302 ·
629 3271 713 3322 ὅτι
749 3273 778 3323 ό
808 3272 934 3336 Υἰδς
963 3273 1057 3326 τοῦ
1090 3275 1222 3328 Θεοῦ
1242 3319 1256 3341 ,
1281 3278 1410 3342 mc
1447 3280 1739 3350 ἀνθρώπου

177 3355 367 3422 γέγονε
397 3372 413 3386 ο
457 3357 554 3409 καὶ
583 3357 888 3430 ὑπόμνησιν
923 3361 1243 3432 λαμϐάνωσι
1289 3367 1397 3420 τῶν
1426 3371 1554 3440 παρ’
1587 3368 1740 3441 ἡμῶν

175 3446 256 3509 εἰς
288 3447 488 3510 αὐτοὺς
514 3449 895 3519 κηρυχθέντων
915 3468 931 3485 ο
963 3454 1149 3523 ὅμοιον
1177 3457 1272 3511 τοῦ
1301 3460 1477 3515 εἰπεῖν
1515 3477 1532 3492 ·
1569 3462 1742 3516 Τοῦτο

175 3538 304 3609 ὑμῖν
334 3540 678 3610 μνημόσυνον
706 3545 785 3607 είς
810 3543 1003 3612 γενεὰς
1034 3549 1256 3616 γενεῶν.

259 3715 639 3788 Έπισημαίνει
667 3718 724 3771 δὲ
747 3721 780 3790 ἡ
803 3720 1034 3794 ἱστορία,
1072 3725 1155 3779 ὅτι
1187 3726 1283 3780 καὶ
1303 3729 1354 3781 οἰ
1391 3728 1570 3785 λοιποὶ
1598 3733 1735 3786 ἀπό-

173 3808 346 3862 στολοι
400 3810 462 3862 τὸ
512 3811 645 3863 αὐτὸ
687 3812 904 3867 ἐποίουν
953 3815 1011 3869 ἐν
1038 3834 1097 3870 τε
1130 3818 1318 3872 πόλεσι
1356 3821 1450 3876 καὶ
1476 3821 1693 3893 κώμαις
1719 3841 1734 3857 ο

172 3896 390 3949 ἃπασαν
447 3898 692 3969 ἱστορίαν
749 3901 850 3971 τῆς
898 3902 1366 3978 ἐνανθρωπήσεως
1401 3909 1495 3962 τοῦ
1529 3913 1734 3981 Κυρίου

171 3990 328 4058 ἡμῶν
367 3990 546 4060 Ἰησοῦ
576 3993 808 4062 Χριστοῦ
832 3995 1253 4068 διακοσμοῦντες
1270 4002 1365 4054 ἀπ’
1384 4003 1579 4074 ἀρχῆς,
1602 4006 1690 4059 ὅτε
1710 4006 1739 4057 ό

169 4081 399 4151 ἄγγελος
424 4083 509 4148 τὸ,
532 4085 724 4156 Χαῖρε,
749 4090 984 4160 κέκραγε
1008 4093 1070 4161 τῇ
1093 4092 1372 4164 Παρθένῳ,
1396 4095 1590 4166 μέχρις
1614 4097 1738 4151 ὅτου

170 4173 264 4226 καὶ
298 4173 604 4245 ἀνελήφθη.
648 4178 764 4242 ’Δς,
795 4179 949 4248 φησι,
982 4181 1076 4234 καὶ
1099 4181 1248 4252 φόϐῳ
1269 4183 1546 4254 παρῄνουν
1572 4189 1736 4256 τιμᾶ-

170 4262 311 4317 σθαι.
356 4263 580 4336 Ὁρᾶτε,
613 4259 658 4319 ὦ
692 4267 1194 4342 φιλανθρωπότατοι
1239 4270 1384 4344 [c0d.
1419 4276 1554 4347 Reg.
1584 4278 1734 4345 φιλο-

168 4351 451 4426 θεώτατοι]
473 4393 490 4417 ,
519 4355 599 4408 ὅτι
619 4356 753 4426 ὁμοῦ
773 4361 838 4429 τῇ
866 4362 1371 4431 ἀναστηλώσει’τῶν
1403 4365 1562 4435 ἱερῶν
1591 4368 1736 4421 εἰκό-

164 4461 292 4508 νων,
318 4445 496 4500 καὶτὸ
511 4450 927 4516 προσκυνεῖσθαι
948 4453 1115 4516 αὑτὰς
1140 4454 1310 4525 φόϐῳ,
1336 4456 1440 4508 ὑπὸ
1455 4456 1564 4510 τῶν
1593 4459 1732 4510 ἀπο·
1763 4481 1808 4536 ι)

168 4533 370 4586 στόλων
407 4533 511 4587 ἀπ’
539 4534 715 4604 ἀρχῆς
742 4538 1140 4608 παραδέδοται;
1177 4540 1250 4594 Τὸ
1285 4542 1393 4613 γάρ
1434 4561 1515 4597 τοι
1561 4547 1729 4614 τιμᾶ·

165 4623 308 4688 σθαι,
341 4625 636 4698 ἰσόρροπον
663 4626 902 4696 δηλονότι
943 4631 1036 4683 τοῦ
1071 4635 1493 4702 προσκυνεῖσθαι
1518 4638 1729 4706 ὡμολό-

162 4731 345 4785 γηται.
375 4717 539 4787 Φωνὴ
580 4718 894 4774 Ἀθανασίου
931 4725 1028 4775 τοῦ
1062 4725 1360 4780 πολυάθλου
1382 4766 1397 4791 ,
1425 4730 1491 4781 ἐκ
1526 4730 1624 4799 τῆς
1669 4732 1727 4784 ἐν

160 4804 386 4877 Βηρυτῷ
410 4811 882 4880 προσφωνήσεως·
909 4833 928 4865 ι
943 4814 1146 4884 Ἀρατε
1163 4818 1288 4879 τοὺς
1311 4817 1618 4888 ὀφθαλμοὺς
1629 4820 1728 4889 τῆς

161 4894 396 4962 διανοίας
430 4899 611 4970 ὑμῶν,
642 4903 736 4955 καὶ
766 4903 904 4956 ῖδετε
950 4905 1010 4958 τὸ
1067 4906 1254 4960 καινὸν
1285 4907 1460 4979 θέαμα
1497 4909 1674 4965 τοῦτο.
1701 4929 1721 4963 ι

160 4990 270 5043 Καὶ
318 4992 439 5060 μεθ’
502 4991 704 5063 ἕτερασ
745 5014 763 5046 ι
801 4997 933 5048 Τότε
987 4996 1085 5068 τὴν
1134 4999 1320 5052 εἰκόνα
1375 4999 1467 5053 τοῦ
1522 5001 1726 5073 Κυρίου

160 5082 314 5150 ἡμῶν
353 5081 535 5154 Ἰησοῦ
587 5085 823 5155 Χριστοῦ
879 5089 927 5141 oi
996 5091 1236 5144 Ἰουδαῖοι
1294 5092 1726 5162 κατενέγκαντες

161 5173 389 5243 ἔφησαν,
449 5178 540 5231 ὃτι
596 5178 791 5242 Καθὼς
835 5181 883 5232 οἰ
940 5182 1176 5253 πατέρες
1218 5183 1374 5253 ἡμῶν
1424 5185 1724 5239 ἐνέπτυσαν

161 5267 306 5339 αύτῷ
362 5285 517 5336 ποτε,
557 5267 728 5334 οὕτως
782 5274 876 5324 καὶ
928 5274 1086 5343 ἡμεῖς
1131 5275 1498 5344 ἐμπτύσωμεν
1551 5274 1720 5342 αὐτῷ.

1840 1908 2132 1974 Pancratii,
2180 1913 2454 1967 memoria:
2523 1915 2734 1982 prodita
2772 1915 2816 1946 “
2866 1934 2880 1968 :
2937 1933 2958 1967 ι
3013 1916 3156 1970 Afl‘er
3224 1918 3413 1989 imagi-

1841 2011 1962 2049 nem
2011 1995 2225 2051 Domini
2281 2001 2449 2053 nostri
2487 1998 2617 2054 Jesu
2654 2000 2878 2067 CltriSti,
2907 2018 3136 2072 eamque
3172 2006 3414 2075 exprime

1839 2083 1893 2136 in
1923 2086 2209 2152 turricula,
2244 2096 2305 2141 ttt
2363 2088 2584 2143 videant
2641 2093 2822 2160 populi
2901 2094 3112 2163 qualem
3179 2094 3410 2151 formam

1839 2179 2047 2247 accepit
2105 2177 2278 2234 Filius
2345 2180 2460 2244 Dei,
2505 2191 2559 2236 et
2606 2184 2849 2238 videntes
2899 2186 3134 2255 amplius
3160 2190 3408 2254 credant,

1838 2265 2066 2336 ﬁguram
2120 2266 2308 2322 formae
2365 2270 2657 2336 intuentes,
2701 2280 2756 2326 et
2805 2275 3164 2329 recordentur
3219 2291 3412 2331 eorum

1837 2372 1960 2426 quae
1987 2372 2081 2426 per
2113 2373 2213 2413 nos
2242 2359 2350 2413 illis
2396 2361 2685 2428 praedicata
2725 2371 2874 2417 sunt.
2918 2383 2940 2418 ι
2992 2362 3164 2430 Quam
3221 2366 3412 2421 formi-

1838 2448 2014 2502 danda
2050 2450 2161 2504 ltaac
2184 2451 2393 2504 oratio!
2442 2452 2602 2520 quasi
2645 2462 2853 2506 tantum
2889 2471 2995 2510 non
3035 2457 3406 2512 exclamaret:

1838 2539 2028 2595 Profer
2089 2541 2379 2613 imaginem
2437 2544 2572 2612 ejus.
2623 2546 2714 2613 qui
2744 2547 2913 2602 caelos
2952 2549 3154 2604 virtute
3188 2553 3406 2620 operit:

1838 2640 1892 2684 ct
1952 2630 2196 2692 efforma.
2261 2642 2516 2702 tanquam
2558 2635 2611 2689 in
2675 2637 2919 2703 sublimi,
2952 2640 3019 2693 ad
3051 2643 3408 2712 conspicuum

1841 2723 2205 2778 testimonium
2232 2743 2246 2780 :
2279 2736 2339 2779 ut
2363 2728 2580 2782 videant
2611 2731 2796 2798 populi
2837 2733 3055 2800 qualem
3113 2733 3282 2792 Filius
3314 2736 3410 2792 Dei

1838 2811 2066 2866 formam
2102 2817 2413 2883 sumpserit,
2478 2833 2585 2871 non
2629 2821 2826 2890 angeli,
2863 2839 3040 2893 neque
3065 2828 3406 2898 archangeli,

1839 2903 2125 2960 alteriusve
2177 2907 2479 2977 cujuspiam
2529 2914 2843 2978 potestatis,
2906 2917 2998 2970 sed
3046 2921 3294 2974 servilem
3322 2937 3410 2976 se-

1840 2995 2078 3049 cundutn
2104 3011 2206 3051 nos
2229 2996 2461 3052 formam
2489 3021 2501 3052 :
2535 3011 2594 3054 ut
2619 3001 2861 3057 videntes
2887 3007 3121 3074 amplius
3151 3012 3410 3080 credant;

1840 3089 1994 3158 quasi
2035 3105 2142 3144 non
2168 3090 2399 3146 sulﬁciat
2441 3093 2728 3149 verborum
2769 3098 3012 3152 narratio
3040 3140 3056 3164 ,
3090 3102 3186 3154 sed
3218 3118 3411 3158 neces-

1841 3181 1982 3234 saria
2013 3182 2174 3236 etiam
2198 3182 2272 3236 sit
2305 3182 2374 3237 ad
2400 3183 2700 3253 pleniorem
2731 3185 3033 3242 faciendam
3084 3191 3264 3254 ﬁdem,
3301 3196 3406 3250 sub

1840 3271 2030 3326 oculos
2078 3279 2134 3326 et
2181 3282 2460 3342 aspectum
2525 3281 2727 3333 cadens
2763 3277 2950 3334 eﬂicax
2974 3283 3409 3341 demonstratio:

1839 3366 1982 3434 quod
2034 3365 2204 3422 Filius
2237 3367 2350 3432 Dei,
2387 3367 2557 3424 Filius
2599 3371 2831 3427 hominis
2867 3372 3043 3429 factus
3079 3375 3151 3431 sit
3184 3395 3198 3430 :
3242 3389 3295 3431 et
3324 3395 3412 3434 re-

1839 3456 2132 3510 cordentur
2164 3472 2354 3511 eorum
2385 3475 2506 3529 qua:
2533 3476 2629 3529 per
2656 3478 2756 3517 nos
2780 3464 2916 3532 ipsis
2943 3467 3237 3534 praedicata
3260 3481 3410 3525 sunt:

1838 3544 1995 3614 quasi
2015 3545 2220 3600 diceret
2250 3565 2265 3602 :
2298 3546 2412 3602 Hoc
2443 3550 2598 3604 vobis
2618 3558 2700 3604 est
2731 3566 3146 3611 monumentum
3168 3559 3222 3612 itt
3251 3575 3414 3629 gene-

1839 3639 2080 3695 rationes
2114 3642 2550 3709 generationum.

1908 3730 2118 3786 [ndicat
2165 3740 2347 3786 autem
2384 3733 2634 3796 historia,
2678 3735 2870 3791 solitos
2903 3737 3044 3794 idem
3087 3738 3271 3796 facere
3301 3757 3412 3797 cte-

1838 3829 1985 3875 teros
2015 3822 2293 3891 apostolos
2332 3823 2387 3876 in
2431 3823 2658 3881 urbibus
2688 3837 2743 3880 et
2798 3829 2954 3893 vicis,
2986 3831 3298 3886 universam
3327 3832 3413 3886 ln-

1837 3914 2174 3969 carnationis
2227 3912 2446 3968 Domini
2476 3919 2649 3972 nostri
2685 3917 2814 3975 Jesu
2849 3921 3057 3978 Christi
3085 3925 3278 3981 seriem
3311 3927 3410 3982 de-

1838 4003 2124 4059 scribendo
2153 4004 2223 4060 ab
2247 4005 2417 4060 initiis
2446 4007 2600 4076 ipsis,
2626 4011 2844 4079 quando
2870 4016 3097 4083 angelus
3129 4015 3405 4085 Virginem

1838 4094 2114 4159 salutavit,
2147 4110 2435 4164 quousque
2463 4111 2779 4168 assumptus
2807 4110 2910 4156 est.
2945 4122 2965 4154 ι
3006 4101 3175 4170 Quas,
3208 4106 3406 4175 inquit,

1837 4181 2102 4253 imagines
2136 4199 2259 4237 cum
2299 4184 2494 4242 timore
2521 4185 2870 4244 honorandas
2894 4193 3214 4249 monebant.
3253 4213 3273 4247 ι
3309 4193 3409 4249 Vi-

1836 4272 1996 4337 detis,
2025 4289 2060 4328 o
2088 4275 2484 4344 benignissimi,
2508 4293 2615 4332 una
2645 4294 2769 4334 cum
2795 4297 3074 4337 sacrarum
3108 4285 3402 4354 imaginum

1837 4364 2129 4429 erectione,
2162 4364 2376 4420 illarum
2419 4367 2580 4421 etiam
2615 4384 2740 4424 cum
2785 4372 2980 4427 timore
3028 4375 3404 4431 adorationem

1837 4455 1906 4508 ab
1932 4453 2194 4523 apostolis
2217 4455 2270 4510 in
2298 4456 2527 4513 exordio
2555 4460 2672 4528 ipso
2703 4463 2957 4517 traditam
2983 4464 3192 4522 fuisse?
3224 4467 3408 4521 Hono-

1834 4559 1957 4599 rare
1984 4546 2274 4616 siquidem,
2308 4549 2416 4603 vim
2455 4552 2701 4607 eamdem
2732 4553 2932 4611 habere
2963 4566 3129 4629 atque
3150 4561 3400 4625 adorare,

1833 4634 2023 4703 utique
2080 4637 2135 4690 in
2165 4636 2418 4693 confesso
2448 4648 2551 4694 est.
2599 4639 2713 4696 Vox
2743 4647 2950 4700 strenui
2986 4649 3207 4704 athleta:
3229 4651 3401 4704 Atha-

1831 4728 1969 4780 nasii
2033 4742 2098 4782 ex
2154 4729 2482 4787 allocutione
2510 4732 2566 4786 in
2597 4731 2792 4805 Beryto
2837 4738 3079 4792 habita“
3112 4759 3170 4794 τι
3206 4741 3403 4798 Levate

1832 4821 2021 4877 oculos
2055 4822 2359 4880 intellectus
2390 4827 2576 4893 vestri,
2602 4837 2657 4881 et
2679 4844 2878 4885 novum
2903 4826 3008 4887 hoc
3031 4837 3398 4904 spectaculum

1831 4913 2298 4982 contemplamini.
2335 4933 2354 4965 ι
2408 4914 2474 4969 Et
2504 4925 2629 4984 post
2670 4918 2777 4972 alia
2808 4936 2823 4973 :
2884 4939 2904 4972 ι
2943 4921 3080 4977 Τυω
3109 4925 3400 4995 imaginem

1830 5002 2042 5058 Domini
2081 5007 2256 5059 nostri
2282 5003 2410 5060 Iesu
2435 5007 2638 5064 Christi
2691 5013 3026 5082 proferentes
3052 5015 3222 5072 Judaei
3249 5018 3400 5073 dixe-

1827 5104 1995 5149 runt:
2049 5094 2518 5161 Quemadmodum
2569 5110 2752 5169 patres
2787 5106 2957 5160 nostri
3007 5106 3295 5164 illuserunt
3344 5109 3393 5163 ei

1826 5187 2122 5256 quondam,
2164 5190 2236 5242 ita
2280 5198 2334 5244 et
2365 5205 2468 5246 nos
2512 5193 2806 5252 illudamus
2831 5212 2979 5252 nunc
3001 5200 3073 5253 ei.
3104 5200 3255 5255 Tunc
3279 5216 3396 5255 co:-

1826 5287 2025 5345 perunt
2060 5293 2327 5347 exspuere
2356 5281 2413 5333 in
2457 5281 2654 5339 faciem
2687 5287 2942 5356 imaginis
2989 5288 3226 5357 Domini,
3250 5292 3398 5345 cola-

165 5357 297 5411 Τότε
325 5359 563 5430 ἧρξαντο
593 5362 860 5429 ἐμπτύειν
895 5365 973 5425 εἰς
997 5365 1054 5416 τὸ
1079 5366 1369 5434 πρόσωπον
1399 5367 1496 5435 τῆς
1529 5367 1735 5425 εἰκόνος

1841 5367 2052 5437 )hisque
2082 5368 2210 5423 hinc
2238 5370 2388 5426 illinc
2414 5373 2682 5432 caadentes
2714 5378 2971 5434 dixerunt
3001 5399 3016 5435 :
3044 5382 3398 5449 Quaecunque

163 5449 257 5501 τοῦ
312 5452 540 5523 Κυρίου,
564 5453 661 5505 καί⁵
705 5455 1008 5524 ἐρῤάπισαν
1045 5456 1214 5526 αὐτὴν
1259 5457 1401 5510 κατὰ
1451 5457 1740 5528 πρόσωπον

1841 5456 2180 5527 Iesignarunt
2215 5468 2402 5528 patres
2432 5463 2604 5516 nostri
2639 5464 2696 5518 in
2735 5465 2910 5534 illum,
2950 5482 3014 5522 ea
3044 5476 3098 5522 et
3124 5483 3225 5521 nos
3255 5482 3366 5536 quo

170 5539 277 5591 τῶν
308 5543 679 5598 συνελθόντων
701 5543 855 5599 ἐνθεν
886 5545 1140 5599 κάκεῖθεν
1159 5587 1174 5609 ,
1202 5548 1370 5618 ήγουν
1406 5550 1505 5618 τὴν
1555 5549 1740 5602 εἰκόνα

1841 5562 1929 5616 lue
1956 5546 2223 5602 faciamus
2263 5549 2316 5603 in
2360 5548 2506 5606 illius
2556 5552 2874 5626 imaginem.
2912 5555 2978 5611 Et
3005 5557 3230 5612 dicunt:
3261 5557 3394 5611 illu-

274 5676 318 5707 "
334 5677 502 5760 Pent.
528 5695 649 5760 xix,
802 5751 820 5760 _
862 5681 908 5713 “
938 5683 1100 5760 Apud
1120 5682 1458 5760 Bollandum,
1489 5683 1521 5736 ὅ
1549 5681 1873 5760 ιΙὶεηῐηςηείε
1897 5681 2113 5753 Aprilis,
2139 5698 2255 5755 pag.
2300 5682 2425 5737 257.
2501 5685 2546 5717 ⁸⁸
2581 5687 2638 5742 ln
2666 5688 2848 5746 libello
2875 5691 2948 5745 De
2991 5692 3236 5760 passione
3261 5689 3395 5743 ima-

162 5745 298 5815 ginis
323 5745 538 5802 Domini
573 5753 741 5805 nostri
787 5751 915 5806 Iesu
976 5745 1195 5820 Christi,
1233 5765 1269 5807 t.
1325 5753 1386 5818 ll,
1459 5770 1582 5822 pag.
1644 5753 1769 5806 6:7.
