3976 6322
603 317 738 378 1607

1783 327 1844 384 S.
1867 326 2259 386 THEODORI
2308 328 2655 387 STUDITxE

3742 327 3870 387 16133

595 437 785 483 serunt
827 427 898 496 ei,
926 439 980 484 et
1020 445 1120 486 nos
1162 430 1300 486 idem
1336 431 1621 490 faciamus.
1650 433 1770 490 Mox
1809 436 2017 491 inﬁnita
2037 454 2150 494 eon-

2269 439 2362 492 τοῦ
2391 440 2618 512 Κυρίου,
2657 439 2904 508 λέγοντες
2928 453 2942 468 ·
2977 439 3116 492 Ὀσα
3150 441 3431 510 ἐποίησαν
3463 439 3633 510 αὐτῷ
3683 444 3734 494 οι
3773 462 3870 495 πα-

593 522 732 575 vicia
786 537 1146 577 evomuerunt
1203 525 1256 577 in
1297 525 1586 597 imaginem
1624 531 1860 596 Domini,
1919 547 2041 603 qua!
2069 547 2168 586 nec

593 613 783 668 eﬂ‘erre
810 617 1099 684 quisquam
1138 622 1299 672 ausit.
1325 621 1546 675 Addunt
1580 623 1778 679 deinde
1805 643 1818 679 :
1841 625 2169 680 Audivimus

595 715 777 771 patres
800 718 1038 770 nostros,
1069 709 1231 776 pedes
1258 726 1561 782 manusque
1593 714 1740 769 illius
1765 716 1931 772 clavis
1959 718 2164 773 ﬁxisse:

593 798 720 866 quid
758 799 912 852 obest
936 801 1228 868 quominus
1257 803 1396 857 idem
1425 808 1733 861 tentemus?
1754 807 2169 880 Confestimque

593 888 843 959 imaginis
875 892 1083 945 Domini
1115 894 1275 959 pedes
1303 910 1605 967 manusque
1631 899 1799 954 clavis
1825 899 2163 955 foraverunt.

592 978 830 1034 Rursum
890 983 1083 1036 insano
1121 999 1213 1037 ore
1271 986 1553 1044 clamant:
1614 992 1939 1047 Audivimus
2021 997 2166 1063 quod

591 1082 746 1126 aceto
791 1083 844 1127 et
901 1074 1023 1130 felle
1078 1077 1285 1131 imbuta
1333 1085 1561 1152 spongia
1598 1083 1746 1137 illum
1801 1095 2161 1153 potaverunt;

591 1160 856 1219 faciamus
920 1174 975 1217 et
1024 1181 1124 1220 nos
1193 1169 1462 1224 similiter.
1540 1173 1888 1244 Acceptaque
1937 1179 2164 1248 spongia

589 1262 743 1305 aceto
777 1254 954 1321 plena,
999 1257 1063 1309 ad
1095 1269 1156 1310 os
1220 1259 1470 1330 imaginis
1522 1265 1925 1332 applicuerunt.
1953 1265 2164 1324 Rursus

589 1344 777 1398 aiunt:
810 1344 1006 1400 Notum
1047 1350 1203 1404 nobis
1230 1361 1333 1416 est,
1363 1355 1506 1422 quod
1539 1359 1804 1411 arundine
1825 1370 1991 1428 caput
2017 1362 2164 1415 illius

587 1435 772 1490 Patres
810 1441 974 1491 nostri
1024 1455 1449 1508 percusserunt:
1501 1447 1592 1499 fiat
1645 1449 1882 1518 idipsum
1912 1451 2079 1504 etiam
2133 1467 2161 1506 a

588 1529 764 1581 nobis.
801 1526 1026 1598 Sumpta
1059 1533 1244 1602 itaque
1276 1539 1561 1600 arundine,
1606 1551 1770 1607 caput
1815 1540 2026 1595 Domini
2052 1558 2158 1597 cae-

585 1620 711 1672 dere
744 1634 1042 1689 cmperunt.
1082 1624 1320 1682 Tandem
1349 1631 1503 1684 aiunt
1533 1650 1546 1685 :
1593 1632 1813 1688 Clarum
1867 1635 2024 1689 nobis
2056 1647 2158 1698 est,

586 1712 729 1777 quod
762 1723 812 1766 et
846 1715 1030 1768 lancea
1068 1718 1209 1772 latus
1235 1721 1352 1788 ejus
1399 1735 1764 1792 pupugerunt,
1819 1728 1956 1780 nihil
1995 1729 2150 1782 omit-

585 1811 811 1858 tamus:
869 1808 1134 1865 addamus
1180 1821 1232 1864 et
1293 1815 1392 1868 hoc
1444 1817 1640 1884 ipsum.
1685 1817 1872 1886 Itaque
1910 1821 2152 1875 lanceam

581 1895 798 1950 cuidam
845 1914 1068 1954 suorum
1126 1906 1485 1974 porrigentes,
1549 1908 1837 1976 jusserunt
1899 1921 1958 1964 ut
2011 1910 2157 1966 latus

581 1983 834 2056 imaginis
866 1992 1150 2049 dominica:
1201 1999 1579 2068 trausfigeret:
1612 2017 1678 2055 ex
1709 2017 1776 2056 eo
1804 2011 1986 2058 autem
2016 2019 2152 2059 con-

582 2074 760 2132 festim
805 2085 1085 2152 sanguinis
1134 2097 1186 2140 et
1241 2103 1398 2158 aqua
1447 2091 1602 2146 rivuli
1665 2108 1922 2149 emanare
1970 2111 2153 2166 cmpe-

581 2179 730 2222 runt.
771 2189 789 2222 ι
826 2169 1024 2230 Fidelis
1059 2193 1261 2242 sermo,
1295 2181 1764 2250 osapientissimi,
1805 2187 1999 2254 partim
2030 2189 2154 2257 qui-

579 2260 724 2326 dem,
785 2268 912 2334 quia
963 2270 1115 2338 signa
1175 2271 1468 2329 incredulis
1525 2275 1747 2342 dantur,
1809 2293 1914 2332 non
1969 2288 2151 2333 autem

578 2354 960 2423 credentibus;
1013 2365 1208 2428 partim
1255 2380 1382 2419 vero
1416 2376 1472 2419 ut
1519 2379 1571 2421 et
1615 2383 1714 2424 nos
1763 2370 2154 2441 intelligamus,

577 2457 675 2510 per
712 2446 964 2518 imaginis
1016 2457 1405 2510 contumeliam
1463 2461 1662 2528 probro
1722 2461 1858 2536 allici
1914 2472 2158 2533 prototy-

578 2550 746 2603 pum;
790 2550 848 2594 ut
906 2553 1096 2598 contra
1145 2561 1242 2616 per
1298 2549 1556 2620 imaginis
1629 2551 1893 2607 honorem
1947 2555 2152 2608 honore

576 2627 831 2685 afﬁcitur.

2271 534 2427 602 τέρες
2468 534 2645 602 ήμῶν,
2683 535 2860 588 πάντα
2904 535 3218 604 ποιήσωμεν
3276 538 3342 605 τῇ
3401 535 3590 587 είκόνι
3651 537 3822 588 αὑτοῦ
3855 554 3868 568 ·

2274 626 2370 678 καὶ
2395 625 2660 693 λέγουσιν,
2680 626 2759 678 δτι
2777 626 3101 692 Ἐνέπαιξαν
3122 626 3271 696 αύτῷ
3293 643 3308 657 ⁸
3338 628 3440 680 καὶ
3463 629 3643 698 ἡμεῖς
3659 629 3728 680 τὸ
3745 630 3868 682 avitis

2268 721 2604 788 ποιήσωμεν.
2622 719 2988 787 Ἐμπαιγμοίς
3008 714 3102 771 οὖν
3129 717 3380 787 ἀπείροις
3409 718 3736 782 ἐνέπαιξαν
3765 722 3860 786 τὴν

2267 811 2450 862 εἰκόνα
2483 810 2575 863 τοῦ
2611 810 2842 881 Κυρίου,
2880 811 3021 881 άπερ
3053 810 3171 863 οὑδέ
3194 810 3377 876 λέγειν
3408 813 3555 878 ἡμῖν
3588 813 3863 878 τετόλμη-

2266 919 2378 955 ται.
2407 898 2539 955 Εἶτα
2599 900 2850 970 λέγουσιν
2880 917 2896 931 ·
2937 902 3280 970 Ἦκούσαμεν
3309 905 3393 955 ὅτι
3430 903 3672 971 ἥλωσαν
3705 902 3861 957 αὑτοῦ

2266 995 2364 1054 τὰς
2401 996 2591 1063 χεῖρας
2621 995 2861 1056 καὶτοὺς
2886 994 3051 1056 πόδας
3080 1008 3096 1024 ο
3138 993 3294 1045 τοῦτο
3337 996 3436 1045 καὶ
3467 996 3652 1063 ἡμεῖς
3709 997 3860 1059 mst-

2268 1102 2453 1152 σωμεν
2517 1086 2666 1155 αὑτῴ
2692 1103 2704 1114 ·
2739 1088 2862 1138 τότε
2898 1088 2997 1146 τὰς
3041 1089 3225 1156 χεῖρας
3255 1088 3350 1138 καὶ
3375 1088 3510 1148 τοὺς
3559 1088 3737 1148 πόδας
3769 1087 3862 1154 τῆς

2264 1177 2357 1229 τοῦ
2395 1177 2600 1246 Κυρίου
2626 1177 2830 1239 εἰκόνος
2853 1176 3058 1245 ἔπηξαν
3079 1180 3190 1238 τοῖς
3219 1177 3393 1246 ἥλοις.
3431 1177 3613 1230 Πάλιν
3642 1177 3858 1243 λέγουσι

2267 1267 2572 1337 μεμηνότες
2591 1283 2605 1296 ο
2651 1267 2994 1336 Ἠκούσαμεν
3018 1267 3099 1320 ὅτι
3122 1266 3243 1330 ὅξος
3267 1268 3362 1318 καὶ
3393 1266 3568 1334 χολήν
3592 1267 3858 1318 ἐπότισεν

2263 1357 2424 1409 αὑτὸν
2480 1356 2618 1426 μετά
2681 1358 2926 1424 σπόγγου
2957 1372 2971 1385 ·
3005 1357 3321 1426 ποιήσωμεν
3345 1356 3502 1425 αὐτῷ
3537 1357 3642 1408 καὶ
3671 1358 3854 1423 ἡμεῖς.

2264 1450 2375 1503 Καὶ
2405 1450 2692 1518 ἐποίησαν,
2728 1450 3054 1520 προσθέντες
3084 1449 3161 1519 τῷ
3198 1449 3430 1516 στόματι
3484 1447 3594 1516 τῆς
3653 1449 3857 1508 εἰκόνος

2261 1541 2356 1593 τοῦ
2394 1542 2627 1611 Κυρίου,
2661 1541 2754 1594 τὸν
2789 1541 3030 1608 σπόγγον
3056 1541 3149 1592 τοῦ
3175 1540 3330 1602 δξους
3376 1539 3851 1609 πεπληρωμένον.

2263 1634 2431 1686 Πάλιν
2455 1633 2671 1700 λέγουσι
2703 1649 2718 1664 ⁸
2746 1635 3159 1704 Μεμαθήκαμεν
3207 1633 3288 1685 ὅτι
3335 1633 3577 1701 καλάμῳ
3621 1634 3728 1702 τὴν
3769 1651 3854 1684 κε-

2263 1724 2438 1792 φαλὴν
2464 1723 2629 1776 αὑτοῦ
2669 1722 2872 1792 ἔτυψαν
2901 1723 2950 1774 οί
2987 1722 3221 1791 πατέρες
3259 1722 3420 1790 ήμῶν
3444 1738 3459 1750 ο
3505 1723 3568 1773 τὸ
3594 1724 3737 1775 αὐτὸ
3768 1726 3854 1774 καὶ

2263 1817 2424 1882 ήμείς
2471 1815 2808 1882 ποιήσωμεν.
2846 1815 2955 1866 Καὶ
3003 1813 3256 1874 λαϐόντες
3300 1814 3574 1883 κάλαμον,
3622 1815 3852 1867 ἔτυπτον

2263 1908 2342 1968 είς
2370 1905 2467 1976 τὴν
2499 1907 2741 1975 κεφαλὴν
2768 1906 2861 1958 τοῦ
2889 1905 3178 1958 Δεσπότου.
3198 1905 3366 1969 Τέλος
3400 1907 3674 1972 λέγουσιν
3703 1923 3720 1938 ο
3771 1908 3851 1967 Ὧς

2262 1999 2509 2068 ἀκριϐῶς
2541 1999 2909 2069 μανθάνομεν,
2938 2001 3016 2051 ὅτι
3047 2000 3216 2069 λόγχη
3257 1999 3355 2068 τήν
3392 1999 3648 2067 πλευρὰν
3682 1997 3850 2050 αὑτοῦ

2261 2092 2452 2158 ἐνυξαν
2481 2108 2496 2122 ο
2551 2092 2715 2161 μηδὲν
2768 2091 3238 2160 παραλείψωμεν·
3303 2090 3443 2142 ἀλλά
3506 2089 3850 2159 προσθῶμεν

2259 2182 2564 2238 καὶτοῦτο.
2595 2183 2702 2235 Καὶ
2751 2183 3076 2252 ποιήσαντες
3120 2182 3405 2251 ἐνεχθῆναι
3455 2181 3694 2251 λόγχην,
3749 2184 3847 2233 ἐπ-

2259 2277 2494 2346 έτρεψάν
2520 2291 2626 2328 τινι
2665 2275 2844 2328 αὐτῶν
2905 2271 3034 2344 ἆραι
3079 2277 3177 2344 τὴν
3212 2275 3431 2344 λόγχην,
3466 2275 3566 2326 καὶ
3609 2273 3845 2344 κροῦσαι

2257 2368 2400 2420 κατά
2427 2367 2528 2435 τῆς
2553 2365 2792 2436 πλευρᾶς
2817 2365 2916 2433 τῆς
2942 2366 3148 2428 εἰκόνος
3173 2367 3267 2417 τοῦ
3303 2366 3517 2433 Κυρίου
3541 2381 3555 2396 ⁸
3588 2369 3691 2417 καὶ
3720 2366 3840 2416 τού-

2255 2470 2350 2510 του
2388 2457 2682 2526 γενομένου
2729 2455 2931 2517 εὐθέως
2959 2455 3254 2506 ἀνέϐλυσεν
3281 2456 3377 2507 ἀπ’
3408 2454 3587 2523 αὑτῆς
3643 2454 3842 2521 πλῆθος

2258 2548 2490 2618 αἵματος
2515 2547 2609 2601 καὶ
2637 2547 2892 2610 ὓδατος.»
2933 2547 3126 2609 Πιστὸς
3156 2549 3185 2598 ό
3217 2546 3399 2612 λόγος,
3423 2539 3471 2598 ὦ
3506 2545 3836 2612 σοφώτατον

2257 2641 2320 2693 τὸ
2373 2641 2493 2710 μὲν,
2563 2641 2645 2694 ὅτι
2685 2641 2754 2693 τὰ
2809 2643 3012 2710 σημεῖα
3086 2643 3198 2702 τοῖς
3275 2639 3558 2702 ἀπίστοις,
3602 2639 3670 2690 οὑ
3732 2640 3839 2698 10L;

575 2721 891 2774 πιστεύουσι
917 2737 932 2751 ·
959 2722 1020 2776 τδ
1045 2723 1124 2787 δὲ,
1155 2723 1232 2788 ὼς
1254 2725 1320 2778 ἂν
1351 2731 1445 2780 καὶ
1468 2731 1630 2797 ήμεῐς
1689 2731 1973 2803 γνοίημεν,
2013 2733 2096 2786 ὅτι
2152 2735 2220 2804 τῇ
2258 2733 2358 2803 τῆς
2403 2733 2609 2797 εἰκόνος
2663 2733 2821 2804 ῦϐρει
2867 2732 3192 2803 ἐφύϐρισται
3222 2733 3288 2784 τὸ
3321 2733 3691 2802 πρωτότυπον
3726 2749 3740 2759 ·
3768 2732 3838 2796 ὡς

577 2810 829 2883 ἔμπαλιν,
857 2816 922 2884 τῇ
949 2815 1046 2884 τῆς
1076 2817 1282 2882 εἰκόνος
1308 2823 1438 2890 τιμῇ
1471 2822 1890 2894 ἀποτετίμηται.

651 2902 762 2958 Vox
830 2904 1011 2960 Basilii
1058 2909 1238 2976 magni
1303 2925 1369 2965 ex
1437 2913 1746 2969 laudatione
1800 2916 1852 2970 in
1893 2917 2143 2971 Barlaam

2320 2915 2477 2986 Φωνὴ
2503 2915 2595 2967 τοῦ
2623 2916 2857 2984 μεγάλου
2884 2908 3166 2966 Βασιλείου
3198 2916 3263 2966 ἐκ
3295 2913 3387 2966 τοῦ
3421 2914 3713 2982 ὲγκωμίου
3747 2916 3833 2966 τοῦ

572 2998 966 3063 martyrem":
1023 3017 1043 3050 ι
1091 2999 1439 3069 Exprimatur
1473 3005 1526 3058 in
1583 3007 1765 3062 tabula
1814 3018 1867 3062 et
1894 3012 2149 3064 certami-

572 3101 702 3139 num
759 3101 957 3154 praeses
1008 3100 1173 3158 atque
1237 3100 1427 3146 auctor
1485 3094 1763 3151 Christus.
1831 3097 1928 3154 llic
1959 3102 2146 3167 etiam,

573 3179 948 3246 serenissimi,
1009 3185 1313 3239 certissima
1395 3188 1477 3242 lex
1529 3190 1784 3259 imaginis
1857 3194 2146 3262 erigendae.

570 3268 756 3338 Neque
800 3274 965 3336 enim,
1001 3285 1058 3329 ut
1113 3275 1318 3331 frustra
1359 3281 1606 3346 garriunt
1644 3283 1896 3351 quidam,
1949 3286 2150 3340 mentis

572 3365 769 3417 tabula!
818 3365 1049 3435 imprimi
1106 3368 1386 3426 Christum
1445 3373 1609 3441 jussit
1640 3377 1720 3428 vir
1765 3379 2005 3434 divinus.
2030 3378 2148 3433 Non

570 3457 714 3508 enim
740 3456 1009 3525 depictum
1038 3461 1088 3512 in
1119 3461 1298 3527 nobis,
1328 3465 1422 3518 sed
1451 3467 1844 3524 inhabitantem
1871 3469 2147 3526 Christum

569 3560 664 3617 per
704 3549 861 3602 tidem
910 3551 961 3604 in
1002 3552 1261 3609 cordibus
1313 3557 1515 3611 nostris
1555 3559 1844 3626 habemus,
1892 3563 2034 3618 sicut
2061 3580 2152 3618 vo-

567 3641 829 3696 c:feratur
877 3645 1254 3713 Apostolus“.
1316 3649 1537 3715 Deinde,
1597 3655 2039 3723 conjunctionem
2099 3669 2149 3711 et

570 3733 836 3797 inserens,
898 3738 1253 3804 praecedentia
1310 3742 1498 3811 utique
1543 3743 1868 3814 designavit,
1918 3763 2038 3817 quae
2067 3750 2148 3804 sic

570 3824 770 3877 habent
802 3840 815 3876 :
853 3824 1141 3898 Exsurgite
1190 3845 1354 3894 nunc,
1393 3845 1426 3884 ο
1467 3835 1710 3902 praeclari
1764 3837 2145 3895 athleticorum

570 3932 846 3986 gestorum
869 3920 1104 3988 pictores
1140 3939 1152 3974 :
1184 3923 1432 3976 mutilam
1459 3925 1613 3980 ducis
1640 3927 1930 3998 imaginem
1968 3942 2148 3986 vestro

568 4007 836 4062 illustrate
865 4011 1095 4064 artificio
1119 4029 1133 4077 ;
1173 4021 1228 4066 et
1255 4013 1540 4067 obscurius
1567 4030 1595 4068 a
1621 4032 1706 4069 me
1730 4019 2027 4087 depictum,
2053 4036 2147 4076 co-

570 4110 823 4153 ronatum
857 4102 1137 4166 athletam,
1175 4115 1365 4157 vestrae
1403 4106 1685 4160 industriae
1717 4110 1993 4166 coloribus
2021 4126 2147 4165 con-

569 4194 818 4259 spicuum
852 4193 1080 4248 reddite.
1116 4195 1341 4260 Abeam,
1395 4200 1755 4254 certaminum
1787 4217 1852 4256 ac
1879 4203 2107 4258 victoria

2251 3009 2330 3065 είς
2357 3006 2450 3058 τὸν
2486 3007 2737 3076 μάρτυρα
2773 3006 3058 3074 Βαρλαάμ·
3100 3025 3122 3054 v
3165 3004 3562 3072 Ἐγγραφέσθω
3618 3006 3699 3073 τῷ
3752 3007 3836 3056 πί·

2249 3115 2372 3150 νακι
2424 3099 2518 3150 καὶ⁵
2542 3100 2570 3150 δ
2597 3097 2702 3149 τῶν
2727 3097 3119 3166 παλαισμάτων
3147 3098 3496 3165 ἀγωνοθέτης
3537 3099 3583 3150 Χ
3593 3101 3779 3169 ριστός
3817 3115 3829 3127 ο

2251 3188 2564 3253 Κάνταῦθα,
2600 3182 2645 3240 ὦ
2693 3189 3072 3258 γαληνότατοι,
3105 3189 3348 3257 ἀσφαλὴς
3373 3189 3400 3240 ό
3425 3189 3556 3257 ὅρος
3604 3193 3708 3258 τῆς
3758 3192 3832 3240 εΞ-

2251 3280 2477 3349 κονικῆς
2513 3279 2963 3348 ἀναστηλώσεως.
2987 3281 3061 3332 Οὐ
3093 3280 3222 3348 γὰρ,
3261 3279 3336 3342 ῶς
3369 3297 3518 3341 τινες
3557 3281 3829 3332 εἰκαιολο-

2249 3373 2428 3440 γοῦσι,
2457 3372 2533 3443 τῷ
2568 3373 2756 3426 πίνακι
2809 3373 2906 3442 τῆς
2955 3373 3130 3441 ψυχῆς
3164 3372 3543 3441 ἐγγεγράφθαι
3594 3371 3830 3441 Χριστὸν

2251 3465 2468 3536 είρηται
2520 3463 2598 3534 τῷ
2654 3463 2915 3533 θεοφόρῳ.
2942 3464 3073 3516 Οὐδὲ
3113 3463 3219 3531 γὰρ
3267 3465 3737 3530 ἐγγεγραμμένον
3779 3466 3828 3512 ἐν

2250 3557 2401 3626 ἡμῖν,
2419 3554 2558 3608 ἀλλά
2582 3555 2936 3607 κατοικοῦντα
2956 3555 3044 3606 τὸν
3069 3556 3110 3605 Χ
3119 3554 3301 3622 ριστὸν
3336 3554 3424 3604 διὰ
3454 3555 3554 3622 τῆς
3593 3555 3830 3614 πίστεως

2249 3649 2307 3700 ἐν
2335 3651 2456 3710 ταῖς
2477 3647 2726 3717 καρδίαις
2753 3647 2910 3716 ήμῶν
2937 3646 3164 3715 ἔχομεν,
3196 3646 3268 3706 ὡς
3297 3649 3323 3698 ό
3356 3647 3686 3708 Ἀποστολος
3713 3647 3824 3715 βοᾷ.

2251 3737 2500 3800 Ἔπειτα,
2529 3738 2610 3789 ὃτι
2639 3737 2734 3788 καὶ
2754 3739 2818 3806 τῇ
2860 3737 3096 3806 ὲπιφορᾷ
3122 3735 3235 3795 τοῦ.
3273 3737 3388 3798 καὶ,
3426 3737 3738 3808 συνδέσμου
3767 3740 3826 3790 τα

2248 3829 2632 3899 προηγούμενα
2664 3828 3075 3898 ὑπεσημήνατο,
3113 3828 3270 3880 ἅτινά
3311 3829 3428 3879 ἐστι
3459 3829 3590 3881 τάδε
3620 3845 3636 3858 ·
3677 3831 3827 3883 Ἀνά-

2249 3919 2410 3987 στητέ
2445 3935 2532 3987 μοι
2557 3917 2670 3979 νῦν,
2702 3917 2945 3987 λαμπροὶ
2973 3917 3080 3969 τῶν
3119 3917 3428 3986 ἀθλητικῶν
3460 3919 3825 3988 κατορθωμά-

2246 4027 2353 4062 των
2411 4007 2713 4076 ζωγράφοι,
2745 4009 2849 4077 τὴν
2897 4007 2993 4060 τοῦ
3047 4007 3356 4079 στρατηγοῦ
3420 4008 3824 4062 κολοϐωθεῖσαν

2247 4101 2435 4154 εἰκόνα
2465 4103 2581 4163 ταῖς
2626 4102 2927 4172 ὑμετέραις
2973 4101 3308 4171 μεγαλύνατε
3343 4101 3566 4169 τέχναις
3595 4119 3610 4130 ·
3645 4104 3821 4170 ἀμαυ-

2249 4192 2469 4260 ρότερον
2526 4191 2817 4262 παρ’ἐμοῦ
2861 4191 2953 4244 τὸν
3001 4191 3322 4259 στεφανίτην
3370 4193 3682 4260 γραφέντα,
3715 4197 3820 4256 τοῖς

568 4298 690 4335 rnm
731 4284 1029 4353 martyrisa
1069 4286 1220 4340 vobis
1248 4288 1425 4356 posita
1451 4288 1687 4360 imagine
1719 4292 1895 4348 victus
1932 4313 1946 4348 :
2002 4311 2141 4365 gau-

2256 4283 2341 4349 τῆς
2433 4281 2702 4351 ὑμετέρας
2773 4283 2964 4350 σοφίας
3052 4282 3434 4351 περιλάμψατε
3505 4282 3816 4352 χρώμασιν.

569 4376 724 4429 deam
760 4376 850 4429 tali
905 4377 1062 4431 hodie
1113 4393 1206 4447 per
1248 4389 1480 4434 vestram
1513 4383 1885 4440 dexteritatem
1914 4387 2141 4442 victoria

569 4475 877 4535 superatus.
916 4466 1136 4522 Videam
1183 4485 1375 4526 manus
1401 4472 1562 4541 hujus
1601 4473 1803 4529 luctam
1855 4493 1979 4532 cum
2021 4479 2144 4548 igne

568 4559 810 4611 exactius
846 4575 874 4612 a
912 4560 1063 4613 vobis
1094 4561 1384 4630 depictam.
1426 4563 1645 4619 Videam
1692 4569 2009 4625 alacriorem
2047 4590 2147 4642 pu-

569 4650 727 4717 gilem
786 4665 880 4718 per
929 4661 1164 4704 vestram
1235 4654 1508 4722 depictum
1556 4657 1876 4728 imaginem.
1926 4664 2143 4719 Plorent

569 4738 844 4794 cla-mones
895 4741 1081 4805 etiam,
1136 4745 1389 4813 martyris
1453 4745 1507 4798 in
1566 4748 1723 4802 nobis
1787 4753 2019 4818 perculsi
2062 4755 2141 4806 vi-

571 4833 807 4885 ctoriis:
873 4832 1071 4886 ardens
1126 4833 1322 4888 iterum
1393 4836 1499 4890 illis
1555 4853 1619 4892 ac
1685 4839 1873 4894 victrix
1947 4859 2140 4900 manus

569 4928 840 4974 ostentetu
850 4938 894 4974 Γ.
936 4939 955 4972 ι

644 5177 764 5233 Haec
796 5181 882 5234 ille
909 5182 1324 5254 haudquaquam
1355 5194 1403 5240 in
1431 5189 1585 5243 nobis
1632 5190 1772 5259 pingi
1802 5193 2001 5246 diceret
2026 5212 2038 5247 :
2068 5205 2141 5260 et,

572 5271 615 5322 si
647 5271 747 5324 hoc
783 5274 944 5327 etiam
971 5276 1210 5340 daretur,
1245 5296 1350 5331 non
1401 5282 1549 5348 prius
1583 5298 1821 5344 servum,
1855 5300 1917 5338 ac
1945 5288 2137 5341 deinde

572 5361 855 5414 dominum
903 5367 1047 5434 pingi
1102 5369 1335 5436 juberet.
1396 5369 1498 5425 Sed
1557 5381 1608 5424 ct
1660 5375 1814 5427 initio
1843 5392 1966 5428 cum
2011 5380 2133 5432 ait:

576 5449 855 5520 Exsurgite
903 5472 1067 5520 nunc,
1102 5474 1134 5512 o
1169 5465 1412 5528 praeclari
1464 5465 1840 5519 athleticorum
1883 5470 2135 5522 certami-

575 5553 702 5594 num
741 5545 972 5612 pictores
1003 5564 1016 5600 :
1044 5549 1338 5615 imaginum
1367 5554 1552 5620 procul
1574 5555 1758 5620 dubio,
1791 5565 1845 5609 et
1877 5572 1978 5610 non
2004 5571 2128 5610 ora-

645 5719 690 5750 “
727 5719 879 5773 Tmn.
913 5723 950 5784 Ι,
989 5723 1130 5775 hom.
1183 5724 1264 5790 l8,
1301 5741 1418 5796 pag.
1451 5727 1574 5782 515.
1641 5730 1683 5760 ⁸⁸
1719 5729 1911 5800 Ephcs.
1944 5748 2022 5795 ιιι,
2053 5734 2133 5786 l7.

2260 4373 2503 4425 Ἀπέλθω
2528 4376 2594 4442 τῇ
2623 4375 2732 4424 τῶν
2773 4374 3201 4442 ἀριστευμάτων
3232 4373 3325 4426 τοῦ
3363 4374 3653 4445 μάρτυρος
3691 4379 3818 4442 παρ’

2250 4463 2402 4534 ὑμῶν
2446 4465 2796 4532 νενικημένος
2849 4469 3056 4535 γραφῇ.
3085 4467 3276 4532 Χαίρω
3322 4469 3390 4536 τῇ
3442 4467 3678 4540 τοιαύτῃ
3726 4471 3819 4537 τῆς

2251 4557 2524 4625 ὑμετέρας
2559 4557 2738 4624 ἰσχύος
2778 4558 3016 4626 σήμερον
3036 4559 3160 4628 νίκῃ
3191 4557 3528 4626 ἡττώμενος.
3564 4559 3691 4611 Ἰδω
3727 4562 3818 4626 τῆς

2249 4646 2430 4716 χειρὸς
2454 4647 2587 4716 πρὸς
2615 4646 2676 4697 τὺ
2701 4645 2810 4715 πῦρ
2833 4646 3219 4716 ἀκριϐέστερον
3249 4663 3323 4696 πα
3335 4646 3382 4714 ρ’
3409 4646 3573 4715 ὑμῶν
3617 4649 3814 4717 ἐγγρα-

2249 4738 2487 4808 φομένην
2523 4739 2622 4808 τὴν
2649 4738 2847 4808 πάλην.
2885 4738 3006 4790 Ἰδω
3030 4737 3386 4806 φαιδρότερον
3420 4741 3516 4790 ἐπὶ
3544 4739 3650 4807 τῆς
3691 4741 3806 4806 ὑμε⁴

2247 4832 2412 4898 τέρας
2434 4829 2524 4882 τὸν
2552 4830 2855 4900 παλαιστὴν
2893 4827 3275 4897 γεγραμμένον
3300 4829 3535 4892 εἰκόνος.
3563 4831 3814 4883 Κλαυσά-

2247 4939 2424 4974 τωσαν
2461 4921 2710 4990 δαίμονες
2739 4926 2830 4975 καὶ
2862 4922 2977 4985 νῦν,
3004 4925 3122 4982 ταῖς
3143 4921 3237 4973 τοῦ
3275 4923 3563 4992 μάρτυρος
3596 4927 3654 4975 ἐν
3693 4927 3813 4993 ἡμῖν

2245 5014 2547 5082 ἀριστείαις
2600 5014 2958 5083 ¹πληττόμενοι
2982 5030 2995 5044 ’
3032 5014 3346 5084 φλεγομένη
3383 5016 3551 5071 πάλιν
3575 5018 3808 5084 αὖτοῖςή

2246 5105 2366 5173 χεὶρ
2396 5105 2491 5155 καὶ
2522 5104 2728 5156 νικῶσα
2749 5103 3068 5157 δεικνύσθω.
3108 5123 3125 5153 ι

2313 5195 2497 5247 Ταῦτα
2537 5197 2597 5247 οὑ
2618 5195 2787 5263 δήπου
2820 5193 3191 5263 ἐγγεγράφθαι
3223 5194 3360 5266 φαίη
3405 5199 3466 5250 ἐν
3499 5201 3655 5267 ἡμῖν·
3685 5199 3729 5249 εί
3762 5199 3807 5250 Et

2241 5287 2336 5339 καὶ
2364 5286 2519 5339 τοῦτο
2565 5287 2767 5355 δοθείη,
2808 5289 2906 5338 οὐκ
2956 5285 3022 5338 ἂν
3056 5286 3323 5356 πρότερον
3353 5289 3447 5339 τὸν
3482 5289 3691 5352 δοῦλον,
3723 5285 3808 5340 εἷθ’

2239 5378 2410 5441 οὑτως
2433 5379 2524 5430 τὸν
2558 5379 2826 5448 δεσπότην
2853 5379 3221 5446 παρεγγυᾶτο.
3259 5379 3478 5443 ’Ἄλλως
3528 5399 3591 5433 τε
3628 5385 3719 5433 καὶ
3760 5381 3807 5431 τὸ

2240 5469 2398 5533 εὐθὺς
2447 5472 2504 5522 ἐν
2553 5474 2618 5540 τῆ
2649 5474 2874 5541 ἀπαρχῇ
2913 5470 3112 5538 λέγειν·
3163 5472 3472 5543 Ἀνάστητέ
3511 5494 3603 5544 μοι
3631 5475 3738 5534 νῦν,
3768 5467 3802 5524 ὦ

2243 5557 2484 5629 λαμπροὶ
2531 5561 2638 5612 τῶν
2692 5561 2994 5631 ἀθλητικῶν
3028 5562 3490 5632 κατορθωμάτων
3520 5567 3801 5638 ζωγράῖνου
