3976 6322
84 353 118 418 1
132 357 283 420 609
1339 361 1697 420 EPISTULA

1819 359 1873 417 Μ
1924 358 2065 416 LIB.
2127 357 2207 417 ll.
3257 356 3389 421 1610

70 468 341 536 δηλαδὴ
371 467 500 528 τοὺς
521 465 921 536 είκονουργοὺς,
949 468 1009 520 οὑ
1034 469 1158 531 τοὺς
1188 468 1560 537 λογογράφους
1585 468 1697 538 ἐ.σή-

1817 465 2026 518 tionum
2077 463 2314 518 artilices
2376 463 2624 532 designat
2675 480 2688 525 ;
2728 463 3188 531 quemadmodum
3236 473 3289 514 et
3335 478 3390 517 in

78 576 304 629 μανε·
329 555 512 617 καθὼς
543 559 638 610 καὶ
667 559 724 610 ἐν
756 556 832 626 τῷ
871 559 1127 630 ἐγκωμίῳ
1159 561 1266 612 τῶν
1301 561 1697 630 τεσσαράκοντα

1815 556 2178 626 quadraginta
2203 564 2502 625 martyrum
2548 555 2821 619 encomio,
2856 569 2978 606 cum
3009 555 3123 608 hanc
3151 554 3285 609 dicit
3304 555 3346 585 ⁸⁷
3373 572 3388 607 :

76 650 678 721 μαρτύρων,όαὺτὸς
702 651 827 704 τάδε
861 653 1048 720 φησίνε
1083 671 1101 703 ι
1138 653 1289 705 Ἐπεὶ
1327 654 1418 706 καὶ
1459 653 1697 723 πολέμωη

1822 665 1840 698 ‹
1865 644 1996 699 Nam
2020 647 2299 714 magniﬁca
2331 646 2383 698 in
2419 644 2572 698 bellis
2598 655 2771 714 gesta,
2795 653 2848 697 et
2876 653 3118 697 oratores
3142 657 3390 712 saepenu-

77 742 632 810 ἀνδραγαθήματα,
673 743 764 795 καὶ
791 743 1118 814 λογογράφοι
1153 744 1431 808 πολλάκις,
1478 749 1572 800 καὶ
1606 747 1697 811 ξω·

1816 750 1988 797 mero,
2019 745 2073 788 et
2105 737 2336 804 pictores
2367 733 2727 804 pulcherrime
2775 734 3131 794 demonstrat,
3167 733 3220 786 hi
3269 748 3391 785 οταν

75 835 346 900 γράφοι
377 833 848 901 διασημαίνουσιν,
880 837 929 886 οἱ
965 836 1063 905 μὲν
1085 836 1162 906 τῷ
1192 837 1332 906 λόγῳ
1359 839 1697 907 κοσμοῦντες

1817 829 1996 892 tione,
2050 827 2124 879 illi
2160 827 2361 880 tabulis
2401 825 2773 880 describentes
2813 835 2972 894 atque
3021 833 3299 877 ornantcs.
3366 843 3383 874 ›

78 924 141 972 οἱ
170 923 241 972 δὲ
277 923 403 982 τοῖς
433 922 645 985 πίναξιν
671 924 1122 992 ἐγχαραττοντες.
1160 944 1177 975 ι
1231 928 1380 979 Ἐπεὶ
1408 928 1538 996 γοῦν
1569 932 1697 983 καὶί

1814 918 2080 984 Quoniam
2112 917 2274 986 igitur
2301 925 2572 971 secundus
2615 933 2832 986 quoque
2879 917 3072 970 modus
3108 916 3172 968 ad
3228 916 3387 968 ﬁnem

75 1011 392 1080 δεύτερος
426 1012 624 1076 τρόπος
667 1020 839 1082 πέρας
877 1013 1087 1083 εἴληφε,
1130 1016 1212 1077 τίς
1249 1016 1278 1069 ό
1307 1017 1518 1087 τρίτος;
1558 1021 1697 1072 Φωνὶ

1814 1013 2108 1080 perductus
2155 1019 2256 1073 est,
2307 1011 2433 1078 quis
2472 1016 2556 1063 est
2597 1006 2838 1062 tertius?
2872 1005 2983 1060 Vox
3021 1007 3265 1069 Patrum,
3296 1010 3389 1073 qui

79 1101 216 1152 τῶν
277 1101 429 1170 μετὰ
479 1101 580 1171 τὴν
630 1102 795 1173 ἕκτην
856 1106 1321 1176 συνεδρευσάντων
1357 1109 1616 1179 Πατὲρων
1657 1113 1697 1163 ἐκ

1815 1111 1935 1173 post
1990 1113 2197 1155 sextam
2263 1103 2525 1172 synodum
2588 1099 3056 1168 Constantinopoli
3120 1116 3388 1153 convene-

78 1194 732 1248 Κωνσταντινουπόλει.
777 1196 875 1248 Ἐν
924 1215 1033 1249 τισι
1085 1198 1192 1250 τῶν
1248 1201 1458 1252 σεπτῶν
1493 1203 1697 1257 είκόνωη

1815 1206 1940 1250 runt
1963 1195 2044 1247 “z
2078 1193 2129 1246 In
2160 1194 2482 1263 quibusdam
2507 1193 2860 1248 colendarum
2893 1191 3190 1261 imaginum
3211 1191 3388 1260 pictu-

73 1285 382 1350 γραφαῖς
417 1283 588 1351 ἀμνὸς
617 1283 863 1355 δακτύλῳ
897 1288 989 1338 τοῦ
1016 1287 1331 1356 Προδρόμου
1365 1290 1697 1360 δεικνύμενος

1815 1290 1891 1341 ris
1945 1301 2117 1356 agnus
2157 1285 2499 1352 exprimitur,
2542 1298 2702 1352 quem
2738 1281 3049 1336 Praecursor
3081 1282 3250 1351 digito
3291 1282 3387 1334 deo

79 1373 563 1442 ἐγχαράττεται,
592 1373 649 1436 ὃς
683 1375 762 1438 εἰς
791 1376 956 1429 τύπον
980 1378 1302 1449 παρελήφθη
1339 1381 1439 1449 τῆς
1469 1384 1697 1452 χάριτος

1815 1388 2100 1440 monstrat,
2125 1377 2217 1446 qui
2246 1377 2299 1429 in
2331 1385 2514 1446 typum
2534 1383 2850 1443 assumptus
2871 1384 2955 1428 est
2979 1374 3183 1443 gratiae.
3204 1371 3389 1428 Refert

75 1464 194 1516 τὸν
254 1462 534 1532 ἀληθινὸν
581 1468 713 1534 ἡμῖν
741 1466 828 1520 διὰ
873 1469 1037 1537 νόμου
1092 1472 1512 1540 προῦποφαίνων
1544 1473 1697 1542 ἀμνὸς

1813 1472 1954 1532 enim
1991 1470 2149 1523 nobis
2181 1483 2363 1522 verum
2391 1468 2542 1522 illum
2568 1483 2786 1537 agnum,
2811 1483 2970 1537 quem
3003 1468 3083 1520 lex
3117 1468 3390 1537 signiﬁca-

80 1553 374 1623 Χριστὸν
402 1553 510 1605 -τὺν
542 1555 673 1609 Θεὸν
710 1557 887 1626 ἡμῶν.
930 1560 1069 1622 Τοὺς
1095 1557 1188 1614 οῦν
1215 1563 1480 1626 παλαιοὺς
1510 1565 1697 1628 τύπους

1817 1563 1925 1626 bat,
1983 1574 2176 1628 nempe
2202 1559 2479 1612 Christum
2516 1557 2684 1612 Deum
2746 1566 3018 1614 nostrum.
3071 1557 3180 1613 llas
3227 1561 3391 1629 igitur

80 1645 198 1697 καὶ
271 1644 392 1706 τὰς
444 1647 624 1709 σκιὰς,
679 1650 755 1710 ὡς
798 1653 896 1718 τῆς
932 1652 1190 1722 ἀληθείας
1235 1655 1479 1723 σύμϐολὰ
1513 1675 1572 1710 τε
1620 1660 1697 1710 κα¹

1814 1665 2023 1707 veteres
2059 1653 2259 1719 liguras
2294 1659 2460 1719 atque
2508 1651 2752 1713 umbras,
2787 1659 2846 1705 ut
2881 1652 3125 1706 veritatis
3159 1662 3314 1706 notas
3337 1663 3390 1706 et

85 1731 602 1800 προχαρὰγματα,
630 1739 694 1806 τῇ
734 1739 1028 1811 Ἐκκλησία
1080 1743 1543 1812 παραδεδομένους
1591 1765 1692 1801 κατ

1814 1745 1964 1813 signa
2023 1742 2278 1796 Ecclesia:
2326 1741 2522 1794 tradita
2565 1741 3007 1808 complcctentes,
3056 1743 3286 1811 gratiam
3337 1750 3390 1799 et

81 1821 532 1890 ασπαζόμενοι,
564 1825 663 1895 τὴν
717 1828 878 1896 χάριν
921 1832 1274 1901 προτιμῶμεν
1314 1835 1406 1886 καὶ
1448 1835 1546 1906 τὴν
1575 1837 1697 1908 ἀλή-

1812 1838 2088 1888 veritatem
2110 1833 2512 1901 anteponimus,
2534 1848 2696 1901 quam
2725 1843 2779 1885 ut
2811 1833 3203 1901 plenitudinem
3253 1834 3388 1902 legis

83 1911 297 1976 Οειαν,
337 1911 422 1974 ὠς
451 1913 723 1986 πλήρωμα
755 1919 920 1989 νόμου
951 1922 1153 1985 ταύτην
1183 1924 1592 1995 ὑποδεξάμενοι.
1625 1930 1697 1993 Ὠς

1812 1921 2141 1988 accepimus.
2200 1919 2386 1989 Itaque
2442 1930 2496 1972 ut
2539 1921 2590 1974 id
2647 1923 2790 1989 quod
2850 1920 3147 1989 perlectum
3195 1932 3298 1985 est,
3332 1923 3385 1978 in

80 2005 158 2059 ἂν
198 2000 314 2057 οὖν
369 2005 432 2057 τὸ
471 2007 676 2060 τέλειον
711 2011 813 2062 κάν
853 2015 973 2076 ταῖς
1008 2019 1486 2085 χρωματουργὶαις
1512 2021 1569 2072 ὲν
1593 2024 1697 2085 ταῖς

1811 2014 2039 2082 picturis
2068 2015 2228 2068 etiam
2257 2015 2502 2067 omnium
2535 2016 2708 2072 oculis
2745 2016 3100 2085 subjiciamus
3133 2056 3148 2080 ,
3183 2031 3383 2086 agnum

87 2097 396 2150 ἁπάντων
439 2098 627 2166 ὕψεσιν
669 2101 1076 2174 ὑπογράφηται·
1105 2108 1194 2160 τὸν
1227 2108 1318 2160 τοῦ
1349 2112 1589 2181 αἴροντος
1610 2114 1697 2182 τὴι.

1810 2107 1988 2169 illum,
2033 2107 2128 2175 qui
2168 2105 2357 2160 mundi
2389 2117 2666 2175 peccatum
2711 2108 2868 2171 tollit,
2898 2108 3176 2162 Christum
3213 2107 3384 2163 Deum

87 2188 412 2257 ἁμαρτίαν
432 2190 527 2241 τοῦ
563 2193 766 2260 κόσμου
808 2196 981 2264 ἀμνοῦ
1009 2198 1242 2266 Χριστοῦ
1273 2201 1366 2252 τοῦ
1396 2201 1530 2255 Θεοῦ
1554 2205 1697 2275 ἡμῶκ

1811 2204 2088 2257 nostrum,
2123 2196 2243 2249 loco
2275 2197 2474 2249 veteris
2500 2195 2644 2265 agni,
2678 2196 2912 2249 humana
2948 2197 3177 2264 posthac
3209 2196 3381 2250 forma

86 2279 253 2331 κατὰ.
289 2278 400 2331 τὸν
433 2281 779 2349 ἀνθρώπινον
814 2286 1158 2355 χαρακτῆρα,
1188 2290 1281 2341 καὶ
1319 2292 1377 2343 ὲν
1411 2294 1527 2356 ταῖς
1565 2295 1697 2348 εἰκό‹

1808 2286 2224 2355 exprimendum
2303 2285 2645 2340 decrevimus
2696 2303 2710 2340 :
2773 2296 2830 2340 ut
2879 2299 2973 2356 per
3027 2287 3386 2344 humilitatem

90 2387 186 2421 σιν
238 2371 368 2423 ἀπὸ
403 2370 501 2422 τοῦ
533 2373 626 2423 νῦν
678 2374 800 2426 ἀντὶ
831 2375 925 2426 τοῦ
958 2377 1187 2431 παλαιοῦ
1230 2381 1425 2450 ἀμνοῦ,
1474 2386 1697 2456 ἀναστη-

1808 2374 2109 2442 c0gitemus
2147 2372 2240 2428 Dei
2270 2373 2429 2428 Verbi
2461 2374 2858 2437 celsitudinem,
2890 2387 2942 2430 et
2968 2377 3020 2430 in
3065 2378 3386 2430 memoriam

84 2462 345 2516 λοῦσθαι
393 2460 679 2532 ὁρίζομενο
733 2465 800 2518 δι’
852 2468 1016 2522 αὑτοῦ
1064 2470 1124 2522 τὸ
1174 2472 1276 2542 τῆς
1324 2473 1697 2541 ταπεινώσεως

1808 2467 2239 2522 conversationis
2301 2467 2421 2536 ejus
2469 2467 2524 2522 in
2579 2483 2764 2531 Carne,
2811 2479 2866 2522 et
2906 2470 3274 2532 cruciatuum,
3324 2487 3388 2522 ac

89 2552 241 2620 ὕψος
273 2551 383 2604 τοῦ
417 2553 554 2606 Θεοῦ
586 2555 758 2622 Λόγου
813 2576 1222 2626 κατανοουντες,
1254 2567 1346 2617 καὶ
1402 2567 1537 2634 πρὸς
1567 2571 1697 2638 μνή-

1807 2557 2096 2611 salutifera:
2123 2558 2308 2610 mortis
2331 2557 2464 2624 ejus,
2486 2573 2548 2611 ex
2564 2573 2674 2627 quo
2693 2560 2891 2612 mundo
2917 2560 3211 2629 redemptio
3235 2572 3387 2630 parta

94 2664 214 2714 μην
253 2644 372 2712 τῆς
413 2646 472 2696 ὲν
507 2648 673 2716 σαρκὶ¹
719 2648 1014 2718 πολιτείας,
1045 2651 1140 2706 τοῦ
1174 2671 1232 2706 τε
1272 2657 1474 2721 πάθους
1517 2661 1697 2725 αὑτοῦ,

1806 2657 1909 2712 est,
1938 2650 2284 2703 reducamur.
2316 2649 2432 2704 Hoc
2461 2653 2584 2704 loco
2619 2652 2781 2707 simul
2821 2667 2944 2706 cum
2992 2652 3194 2706 Christi
3247 2655 3387 2707 ima-

92 2739 198 2791 καὶ
231 2737 342 2791 τοῦ
385 2741 660 2809 σωτηρίου
687 2741 916 2795 θανάτου
944 2750 1461 2818 χειραγωγούμενοι,
1491 2753 1581 2804 καὶ
1605 2753 1697 2822 τῆς

1808 2741 1932 2808 giue
1969 2739 2036 2792 de
2068 2741 2312 2792 omnium
2344 2739 2511 2794 etiam
2543 2752 2857 2795 sanctorum
2898 2744 3228 2814 imaginibus
3261 2761 3380 2798 ser—

91 2829 376 2881 ἐντεῦθεν
412 2830 706 2899 γινομένης
747 2832 822 2898 τῷ
869 2835 1060 2905 κόσμῳ
1097 2839 1544 2908 ἀπολυτρώσεως.
1589 2845 1697 2895 Ἑν-

1808 2845 1897 2884 mo
1926 2840 2032 2884 cst.
2088 2830 2334 2885 Primum
2395 2835 2636 2904 quidem,
2697 2837 2864 2903 quod,
2921 2846 3179 2906 tanquam
3226 2846 3385 2894 antea

93 2921 287 2972 ταῦοα
337 2919 486 2989 ὁμοῦ
525 2924 588 2992 τῇ
641 2922 878 2991 Χριστοῦ
921 2928 1110 2989 εἰκόνι,
1162 2931 1252 2981 καὶ
1296 2931 1403 2983 τῶν
1448 2934 1697 2987 ἁπάντων

1810 2922 2146 2991 pingeretur,
2187 2933 2238 2977 et
2267 2925 2378 2993 jam
2429 2924 2721 2989 desineret,
2757 2929 2951 2981 Veteris
2979 2929 3102 2997 agni
3132 2931 3251 2982 loco
3285 2943 3386 2983 ex-

94 3012 288 3078 ὰγίων
325 3011 568 3064 εἰκόνων
605 3013 760 3081 λόγος
785 3017 1062 3086 πρόσεστι.
1097 3022 1315 3088 Πρῶτον
1350 3023 1468 3091 μὲν,
1498 3026 1600 3091 ὃτι,
1630 3027 1697 3090 ὡς

1808 3015 1968 3082 primi
2005 3032 2130 3070 eum
2164 3016 2380 3085 jubent.
2421 3016 2640 3083 Deinde,
2672 3021 2815 3088 quod
2844 3037 2949 3074 non
2980 3024 3154 3074 solum
3187 3022 3384 3091 ample-

97 3103 207 3171 ἤδη
247 3098 813 3171 προεξεικονισμένου
867 3110 958 3162 καὶ
1008 3109 1284 3175 λείποντος
1321 3114 1414 3166 τοῦ
1453 3117 1543 3168 καὶ
1585 3118 1697 3170 ἁντῖ

1810 3109 2003 3161 ctenda
2045 3109 2115 3162 sit
2155 3109 2275 3177 ejus
2318 3110 2519 3179 imago,
2572 3111 2639 3163 ad
2684 3127 2806 3164 eum
2853 3113 3073 3167 modum
3107 3128 3215 3181 quo
3246 3113 3382 3182 legis

95 3192 197 3245 τοῦ
236 3193 495 3245 παλαιοῦ
544 3195 740 3262 ἀμνοῦ,
774 3199 938 3252 αὑτὸν
969 3202 1398 3272 ἁναστηλοῦσθαι
1442 3209 1473 3276 ή
1523 3208 1697 3276 διαγό-

1811 3209 1948 3253 nota:
2000 3210 2054 3254 et
2093 3201 2242 3270 signa
2297 3203 2668 3270 amplectenda
2715 3205 3015 3268 dicuntur,
3067 3207 3161 3260 sed
3217 3207 3378 3261 etiam

104 3303 325 3354 ρευσις.
358 3287 600 3338 Ἔπειτα
626 3289 707 3341 ὅτι
729 3290 787 3342 οὑ
821 3293 979 3360 μόνον
1002 3294 1253 3366 ἀσπαστὴ
1281 3299 1313 3366 ἡ
1338 3299 1491 3352 τοῦδε
1518 3301 1703 3367 εἰκὼν,

101 3378 254 3431 κατὰ
291 3379 367 3433 τὰ
404 3380 469 3430 ἐν
513 3379 663 3450 νόμῳ
716 3381 964 3451 σύμϐολὰ
1021 3402 1079 3437 τε
1135 3387 1228 3439 καὶ
1261 3391 1706 3462 προχαρόιγματα

103 3470 377 3524 ἀσπαστὰ
418 3470 742 3538 κεκλῆσθαιο
779 3473 911 3526 ἀλλὰ
949 3479 1043 3528 καὶ
1071 3484 1420 3552 προσκυνητὴ
1444 3484 1612 3536 αὑτοῦ
1647 3503 1704 3542 τε

104 3559 201 3609 καὶ
224 3559 446 3620 παντὸς
479 3559 788 3612 οὑτινοσοῦν
822 3563 1004 3630 ἁγίου.

179 3647 360 3716 Δῆλον
395 3648 509 3718 γὰρ
539 3650 619 3701 ότι
649 3650 709 3702 τό
735 3655 951 3716 σεπτὸν,
990 3657 1083 3709 καὶ
1108 3663 1481 3730 προσκυνητὸν
1527 3662 1593 3717 ἄν
1623 3682 1707 3728 τις

104 3736 538 3806 ὁμολογήσειεν.
583 3739 704 3791 Ἐτι
738 3757 796 3792 τε
826 3743 906 3795 ὃτι
941 3747 1088 3797 πᾶσα
1117 3749 1150 3818 ἡ
1199 3748 1362 3801 εἰκὼν
1401 3751 1706 3822 ὁμωνύμως

103 3828 184 3895 τῷ
235 3829 422 3898 αὑτῆς
475 3831 814 3902 πρωτοτύπῳ
864 3836 1161 3904 κέκληται,
1214 3841 1300 3894 διὰ
1360 3844 1452 3896 τοῦ
1505 3848 1700 3899 εἰπεῖν·

112 3936 131 3964 ετ
187 3917 393 3988 Ἀμνὸς
429 3921 680 3992 δακτύλῳ
704 3924 797 3979 τοῦ
826 3926 1140 3996 Προδρόμου
1164 3930 1508 4003 δεικνύμενος
1541 3939 1704 4008 ἐγχα-

108 4010 400 4101 ράττεται.
463 4037 482 4062 ιδ
533 4013 620 4077 Ὠς
667 4019 759 4070 καὶ
804 4020 833 4071 ὁ
891 4020 1179 4086 Νυσσαεὺς
1233 4025 1371 4087 θεῖος
1405 4028 1702 4101 Γρηγόριος

109 4093 215 4152 ὦδὲ
245 4101 349 4153 πού
389 4119 550 4172 φησι·
590 4125 609 4153 ι
649 4107 941 4174 Πρόκειται
967 4111 996 4162 ὁ
1032 4111 1218 4165 Ἰσαὰκ
1247 4113 1323 4182 τῷ
1350 4093 1541 4185 Burgi,
1572 4093 1699 4190 παρ’

107 4192 260 4261 αὑτῴ
319 4193 400 4262 τῷ
462 4195 856 4269 θυσιαστηρίῳ.
901 4221 919 4252 ι
958 4203 1111 4274 Φωνὴ
1159 4207 1268 4258 τῶν
1306 4209 1365 4258 ἐν
1406 4209 1702 4281 Ἀντιοχείᾳ

111 4284 603 4354 συνεδρεύσαντων
639 4289 913 4360 Πατέρων·
953 4315 970 4343 ιι
1001 4296 1112 4363 Οὑχ
1140 4295 1214 4358 ὠς
1248 4298 1434 4370 ἕτερον
1471 4305 1535 4371 τῇ
1570 4320 1701 4374 μορ-

110 4375 208 4440 φῇ,
253 4373 374 4425 αλλ’
409 4376 488 4436 ὡς
540 4377 701 4430 αὑτὸν
748 4379 842 4432 ἕνα
874 4383 1076 4454 Κύριον
1105 4388 1162 4437 ἐν
1196 4389 1292 4457 μιᾷ
1332 4395 1513 4460 μορφῇ
1549 4393 1696 4444 ὄντα·

1809 3294 2111 3355 adoranda,
2177 3302 2288 3348 tum
2355 3295 2544 3364 ipsius,
2600 3307 2712 3349 tum
2777 3297 3205 3368 uniuscujusque
3253 3314 3382 3353 san-

1808 3393 2041 3438 ClUl'Ulll.

1877 3645 2224 3700 Manifestum
2255 3648 2397 3700 enim
2433 3660 2516 3703 est
2553 3667 2941 3706 concessurum
2985 3657 3253 3723 quemvis,
3287 3673 3378 3710 ve-

1807 3736 2108 3787 nerandum
2153 3737 2296 3803 quod
2348 3738 2582 3801 dicatur,
2639 3741 2780 3794 idem
2833 3743 2939 3795 dici
2994 3745 3378 3807 adorandum;

1805 3827 2042 3895 itemque
2071 3828 2212 3894 quod
2251 3829 2429 3882 omnis
2479 3831 2658 3898 imago
2719 3833 3044 3902 homonyme
3079 3851 3200 3888 cum
3249 3852 3378 3906 pro-

1805 3925 1989 3986 totypo
2017 3933 2116 3970 suo
2151 3931 2480 3986 nuncupetui
2525 3937 2539 3985 ;
2580 3938 2702 3974 cum
2733 3923 2932 3977 dicitur
2963 3944 2975 3978 :
3015 3945 3033 3976 ι
3069 3925 3256 3996 Agnus
3286 3945 3375 3983 ex-

1802 4009 2080 4077 primitur,
2135 4025 2295 4079 quem
2345 4009 2658 4066 Praecursor
2704 4015 2870 4083 digito
2915 4016 3254 4073 demonstrat
3284 4057 3297 4072 .
3353 4039 3371 4070 ι

1801 4101 2084 4166 Quomodo
2105 4111 2157 4157 et
2184 4103 2398 4160 divinus
2429 4103 2723 4175 Gregorius
2753 4106 3029 4179 Nyssenus
3053 4112 3287 4180 quodam
3319 4113 3372 4166 iu

1801 4196 1921 4249 loco
1943 4199 2016 4249 ait
2035 4197 2077 4227 θ’
2101 4214 2114 4249 :
2142 4214 2160 4246 ι
2182 4195 2496 4250 Procmnbit
2517 4199 2663 4253 lsaac
2700 4217 2881 4254 coram
2903 4213 3054 4270 patre
3073 4206 3137 4258 ad
3155 4221 3328 4259 aram.
3352 4227 3369 4257 ι

1803 4285 1917 4338 Vox
1970 4285 2212 4350 Patrum,
2262 4290 2352 4357 qui
2392 4290 2693 4345 Antiochiae
2746 4305 3160 4348 convenerunt:
3199 4315 3215 4348 ι
3257 4297 3378 4351 Non

1804 4390 2058 4449 tanquam
2093 4385 2321 4435 alterum
2353 4383 2547 4446 l'orma,
2581 4385 2673 4437 sed
2700 4393 2958 4455 tanquam
2989 4404 3156 4442 unum
3200 4389 3374 4458 ipsum

112 4463 238 4514 καθ’
279 4465 341 4518 ὃν
393 4470 492 4519 καὶ
521 4473 810 4541 χαρακτὴρ
841 4469 919 4535 εἷς
955 4479 1215 4543 πεφυκὼς
1238 4481 1335 4549 τῆς
1358 4483 1450 4538 τοῦ
1483 4485 1697 4555 Πατρὸς

1806 4473 2091 4527 Dominum
2145 4475 2200 4526 in
2243 4490 2345 4527 una
2395 4476 2566 4528 forma
2591 4479 2939 4532 exsistentem
2969 4498 2981 4535 :
3017 4483 3289 4549 quomodo
3323 4493 3376 4535 et

110 4554 498 4625 ὑποστάσεως,
551 4565 643 4614 καὶ
682 4564 787 4632 πρὸ
820 4569 1020 4637 σαρκὸς
1055 4571 1365 4640 ἀσώματος,
1405 4570 1483 4637 εἷς
1515 4594 1572 4628 τε
1607 4574 1695 4650 ἦν,

112 4650 210 4698 καὶ
263 4651 321 4701 ὲν
387 4654 561 4723 σαρκὶ
615 4649 694 4718 εἷς
745 4658 879 4718 ἐστι,
941 4663 1034 4712 καὶ
1064 4663 1121 4712 ἐν
1174 4665 1584 4731 εἰκό-ιιόαὺτὸς
1619 4669 1698 4733 εἷς

114 4738 373 4810 ὑπάρχει,
403 4746 482 4814 μὴ
517 4745 893 4816 διαιρούμενος
920 4753 997 4814 είς
1027 4753 1120 4805 δύο
1151 4760 1524 4828 χαρακτῆρας·
1561 4763 1696 4830 μήτε

113 4830 168 4880 δὲ
211 4835 541 4904 σχιζόμενος
576 4840 655 4900 εἰς
701 4839 792 4892 δύο
824 4845 1201 4916 χαρακτῆρας
1243 4850 1379 4918 μήτε
1425 4852 1478 4903 δὲ
1515 4854 1695 4920 σχιζό-

119 4938 278 4988 μενος
321 4929 404 4990 είς
455 4931 552 4983 δύο
600 4932 774 4996 δόξας·
809 4936 924 4988 ἀλλ’
961 4941 1040 5000 εἰς
1075 4940 1205 5008 μίαν
1243 4943 1627 5012 συναγόμενος.
1671 4969 1688 4996 ν

118 5013 225 5064 Καὶ
254 5017 375 5082 μεθ’
411 5021 604 5092 ἕτερα.
652 5042 669 5074 ι
716 5025 854 5076 Ἀλλ’
892 5027 1079 5098 ὥσπερ
1120 5033 1282 5094 αὑτὸς
1329 5028 1408 5096 εἷς
1453 5038 1598 5089 ἐστιν
1629 5041 1693 5090 ἐκ

117 5102 210 5156 δύο
235 5109 344 5160 τῶν
379 5113 667 5176 ἐναντίων,
704 5119 798 5169 καὶ
841 5121 920 5182 εἰς
955 5120 1013 5174 ἒν
1040 5126 1330 5190 συνάγεται
1365 5129 1690 5196 πρόσωπονν

118 5195 259 5251 οὑτω
291 5207 388 5255 καὶ
430 5208 466 5276 ή
502 5205 669 5259 εἰκὼν
698 5209 860 5262 αὑτοῦ
893 5212 988 5279 μία
1012 5214 1069 5265 τὲ
1109 5216 1246 5278 ἐστι,
1283 5218 1377 5269 καὶ
1409 5219 1501 5271 τοῦ
1531 5221 1693 5274 αὑτοῦ

119 5289 235 5353 ἐνθις
274 5295 543 5364 Χριστοῦ.
593 5300 701 5353 Καὶ
744 5303 840 5371 οὑχ
886 5304 1072 5375 ἕτερον
1110 5311 1431 5379 χαρακτῆρα
1463 5312 1694 5382 ἐροῦμεν

122 5383 210 5429 τὸν
248 5389 389 5440 κατὰ
445 5393 624 5462 σάρκα
656 5395 991 5464 ἐπιφανέντα
1038 5400 1190 5467 ἡμῖν,
1237 5405 1328 5453 καὶ
1381 5403 1566 5473 ἕτερον
1603 5407 1694 5458 τὸν

126 5475 242 5525 κατ’
263 5479 448 5532 εἰκόνα
487 5485 957 5554 σχηματιζόμενον
982 5493 1380 5562 χαρακτῆρα.ὲν
1405 5495 1534 5547 εἴδει
1557 5515 1690 5567 μορ-

122 5562 225 5629 φῆς
248 5568 437 5624 αὑτοῦ·
462 5574 600 5627 ἀλλὰ
623 5577 714 5629 τὸν
742 5579 902 5631 αὑτὸν
930 5581 1042 5644 ἕνα,
1072 5583 1193 5638 ἐπεὶ
1214 5587 1349 5655 μήτε
1381 5587 1514 5639 καθὸ
1537 5590 1695 5658 σῶμα

194 5701 236 5791 ί⁷
278 5704 562 5791 ἕεηθειεὶί.
600 5721 640 5766 ι.
663 5713 704 5779 l,
737 5715 884 5769 hom.
918 5717 1009 5784 ΕΟ,
1067 5736 1189 5791 pag.
1224 5722 1345 5780 526,

128 5781 246 5838 pag.
278 5776 406 5830 908.

456 5871 720 5932 PATRUL.
762 5878 872 5936 Cn.
924 5879 1130 5939 XCIX.

1455 5725 1498 5755 ⁸³
1528 5725 1736 5782 Concil.
1780 5724 2110 5796 Quinisext.,
2148 5732 2269 5772 can.
2301 5715 2390 5772 82.

1803 4567 2089 4618 character
2114 4581 2255 4619 unus
2288 4567 2557 4620 exsistens
2597 4571 2963 4625 subsistentia:
2985 4570 3179 4636 Patris,
3214 4584 3375 4642 atque

1805 4669 1929 4710 ante
1979 4656 2407 4712 incarnationem
2457 4660 2831 4730 incorporeus,
2877 4679 3018 4719 unus
3049 4672 3167 4717 erat
3201 4683 3214 4718 ι
3244 4666 3372 4717 etin

1804 4764 1966 4802 carne
2005 4765 2147 4803 unus
2203 4759 2305 4812 est,
2337 4759 2391 4803 et
2433 4750 2486 4804 in
2525 4751 2759 4822 imagine
2804 4756 2942 4810 idem
2965 4773 3108 4810 unus
3137 4757 3371 4824 exsistit,

1804 4857 1910 4895 non
1952 4841 2162 4895 divisus
2217 4842 2268 4894 in
2305 4845 2443 4896 duos
2486 4843 2849 4908 characteres,
2905 4863 3081 4916 neque
3105 4847 3373 4902 dissectus

1803 4934 1855 4986 in
1904 4933 2104 5001 glorias
2135 4931 2309 4996 duas,
2348 4933 2439 4987 sed
2491 4934 2543 4986 in
2586 4951 2744 4989 unam
2781 4936 3063 4991 collectus.
3108 4955 3125 4989 ι
3161 4935 3225 4988 Ει
3253 4945 3374 5006 post

1803 5025 1904 5078 alia
1932 5041 1944 5076 :
1982 5043 1998 5074 ι
2029 5023 2131 5078 Sed
2162 5025 2621 5094 quemadmodum
2654 5027 2768 5096 ipse
2795 5043 2936 5082 unus
2953 5038 3034 5082 est
3056 5044 3120 5082 ex
3157 5029 3369 5082 duobus

1801 5118 2109 5182 contrariis,
2159 5126 2213 5170 et
2251 5117 2302 5171 in
2333 5132 2492 5170 unam
2539 5119 2796 5172 coalescit
2832 5134 3119 5189 personam
3153 5137 3166 5184 ;
3201 5123 3278 5173 sic
3317 5131 3370 5172 et

1804 5211 1980 5277 imago
2028 5209 2146 5277 ejus
2179 5219 2233 5262 et
2283 5224 2389 5261 una
2425 5216 2526 5268 est,
2575 5219 2628 5262 et
2655 5209 2896 5278 ejusdem
2951 5211 3110 5264 unius
3144 5209 3364 5261 Christi.

1800 5300 1988 5370 NeqUe
2043 5303 2272 5355 alterum
2323 5301 2695 5355 characterem
2746 5301 2992 5355 dicamus
3020 5315 3142 5354 eum
3169 5299 3370 5368 quise-

1801 5397 2037 5449 cundum
2090 5408 2308 5446 carnem
2367 5392 2526 5447 nobis
2575 5393 2848 5462 apparuit,
2905 5393 3134 5446 alterum
3185 5399 3366 5441 autem

1801 5491 2171 5544 characterem
2221 5484 2314 5552 qui
2361 5485 2656 5538 secundum
2709 5485 2998 5553 imaginem
3046 5483 3370 5551 exprimitur

1803 5585 1857 5636 in
1895 5581 2064 5651 ﬁgura
2097 5577 2269 5631 forma
2311 5577 2478 5641 illius,
2531 5579 2623 5632 sed
2657 5592 2824 5632 unum
2866 5587 2920 5630 et
2973 5574 3224 5630 eumdem
3256 5587 3270 5625 :
3297 5571 3370 5625 si,

2503 5717 2547 5748 ιο
2581 5717 2732 5772 Orat.
2776 5716 2828 5770 in
2869 5714 3167 5776 Abraham,
3225 5721 3261 5767 ιο
3306 5726 3364 5781 ΙΙο

2910 5875 2980 5936 51
