3976 6322
601 358 730 425 1611
1789 356 1850 417 S.
1879 350 2273 414 THEODORI
2298 350 2643 411 STUDszﬁ
3758 354 3879 417 16H

598 471 818 542 quidem
838 480 1013 539 neque
1028 466 1240 522 ratione
1264 465 1513 536 corporis
1534 464 1623 520 ille
1643 464 1931 521 character
1952 464 2176 524 dicitur,

2282 463 2307 514 ὁ
2360 462 2646 533 χαρακτὴρ
2696 462 2933 531 εἴρηται,
2990 463 3126 518 ἀλλά
3179 464 3317 519 καθὸ
3377 465 3721 534 ἀσώματον.
3778 468 3876 521 Καὶ

603 562 697 617 sed
750 570 808 614 ut
840 569 925 616 est
955 559 1332 627 incorporeus.
1382 557 1497 612 Hoc
1530 571 1662 611 vero
1714 557 1890 626 magis
1917 570 2012 625 per
2038 553 2177 607 divi-

2282 552 2436 605 τοῦτο
2465 552 2663 622 μᾶλλον
2692 551 2781 605 διὰ
2808 552 2902 606 τοῦ
2938 552 3085 608 θείου
3118 555 3531 627 Χρυσοστόμου
3562 558 3876 630 διευκρινηο

603 667 733 707 num
764 650 1212 722 Chrysostomum
1239 648 1627 713 declarabitur,
1672 648 1764 718 qui
1801 646 2177 699 characterem

604 743 881 799 caelestem
933 749 1109 805 vocat,
1168 741 1426 811 quoniam
1469 754 1537 793 ex
1580 739 1744 803 coelo,
1776 754 1881 792 non
1910 747 2179 805 quatenus

603 849 819 902 corpus,
870 833 962 886 sed
1015 840 1289 902 quatenus
1336 832 1557 901 coporis
1604 846 1818 901 expers,
1868 828 2179 900 unigenitus

603 923 748 979 Deus
772 924 1109 978 descendens
1140 925 1206 978 de
1235 923 1392 979 crelis
1426 924 1747 978 incarnatus
1792 931 1894 985 est,
1920 930 1976 975 et
2008 934 2177 988 appa-

605 1018 715 1075 ruit
746 1032 971 1087 corpore
1002 1026 1188 1071 nostro
1214 1017 1457 1070 indutus.
1490 1034 1508 1066 ι
1539 1013 1605 1069 Ει
1635 1022 1757 1085 post
1787 1028 1958 1083 pauca
1990 1028 2003 1065 :
2030 1030 2048 1063 ι
2075 1010 2180 1081 lgi-

603 1121 714 1173 tur,
746 1112 1000 1181 quoniam
1042 1108 1343 1164 secundum
1394 1107 1712 1161 relationem
1758 1104 1994 1158 ostendit
2027 1103 2179 1157 illum

601 1200 853 1254 eumdem
885 1201 1255 1253 characterem
1292 1218 1307 1254 :
1340 1198 1517 1268 ipsum
1542 1198 1815 1251 Christum
1861 1196 2177 1259 adoramus,

601 1304 648 1347 et
682 1308 787 1346 non
822 1292 1104 1345 materiam
1133 1291 1431 1344 artiliciose
1464 1289 1750 1359 ﬁguratam
1786 1289 1839 1341 in
1874 1287 2126 1357 imagine.
2152 1304 2173 1338 ι

600 1384 680 1439 Eu
712 1385 948 1453 apertior
977 1383 1280 1452 dogmatica
1313 1382 1612 1435 declaratio
1648 1399 1660 1433 :
1694 1382 1928 1449 primum
1954 1378 2176 1449 quidem

602 1490 767 1528 unam
802 1490 923 1529 esse
954 1474 1183 1527 formam
1218 1474 1271 1527 in
1305 1473 1594 1531 ambobus.
1630 1472 1850 1525 Christo
1898 1472 2107 1525 scilicet
2126 1479 2181 1525 et

602 1565 880 1634 imagine:
932 1564 1149 1628 deinde,
1193 1568 1563 1618 characterem
1602 1564 1779 1634 ipsum
1813 1563 2179 1617 subsistentia:

602 1657 800 1721 Patris,
847 1657 900 1710 in
941 1657 1195 1721 imagine,
1260 1657 1431 1726 ﬁgura
1484 1656 1673 1710 fortuna:
1702 1656 1892 1725 ipsius,
1931 1656 2177 1725 conSpici

600 1749 761 1803 simul
793 1760 847 1802 et
874 1750 1087 1802 adorari
1120 1750 1290 1819 gloria
1328 1750 1579 1805 indivisa.
1612 1747 1874 1817 Reliquus
1902 1758 1986 1802 cst
2016 1763 2179 1818 quar-

602 1850 691 1895 tus
736 1842 951 1904 modus,
995 1842 1231 1910 :mtiquw
1257 1842 1674 1895 consuetudinis
1704 1851 1757 1894 ct
1790 1842 2049 1895 instituti.
2082 1840 2175 1893 At-

601 1930 729 1984 tolle
769 1930 822 1984 iu
868 1930 1053 1983 orbem
1107 1931 1296 1984 oculos
1340 1939 1482 1994 tuos,
1537 1928 1620 1981 vir
1667 1927 2084 1990 humanissime,
2121 1935 2176 1980 et

598 2021 721 2075 vide
748 2029 946 2074 terram
982 2020 1316 2085 universam,
1340 2035 1405 2073 ex
1437 2019 1553 2087 ipsa
1584 2019 1878 2087 apostolica
1911 2018 2179 2088 pradica-

597 2114 769 2179 tione,
810 2113 1013 2182 ubique
1045 2112 1306 2183 gentium,
1345 2112 1399 2166 in
1444 2112 1619 2167 sacris
1651 2111 1887 2181 templis,
1922 2111 2177 2179 vasisque

597 2204 820 2269 divinis,
869 2213 923 2259 et
972 2204 1180 2259 sanctis
1227 2203 1493 2268 donariis,
1538 2218 1852 2269 expressum
1897 2201 2173 2256 Christum

598 2305 925 2367 gestantem,
981 2305 1036 2350 et
1086 2294 1246 2350 factis
1297 2295 1432 2365 ipsis
1486 2310 1676 2349 vocem
1722 2295 1971 2349 edentem
2029 2294 2173 2364 quod

597 2391 853 2445 Christus
889 2392 1133 2460 regnavit
1162 2406 1326 2459 super
1367 2404 1465 2445 eos
1491 2388 1586 2459 qui
1619 2389 1672 2443 in
1698 2396 1841 2442 terra
1861 2397 2009 2450 sunt,
2034 2388 2175 2441 sicut

598 2483 797 2537 cecinit
846 2481 1014 2535 David
1042 2498 1062 2533 :
1102 2480 1328 2534 Postula
1364 2498 1399 2534 a
1437 2497 1537 2541 me,
1582 2488 1630 2534 et
1670 2481 1807 2532 dabo
1856 2480 1950 2531 tibi
1997 2489 2173 2547 gentes

598 2576 957 2631 hereditatem
998 2584 1165 2639 tuam,
1212 2583 1261 2626 et
1309 2575 1685 2641 possessionem
1742 2584 1885 2625 tuam
1925 2572 2173 2625 terminos

601 2669 818 2723 terra"
841 2678 953 2723 :et:
976 2667 1115 2733 Quia
1144 2667 1275 2720 nihil
1305 2679 1380 2720 est
1411 2667 1611 2718 idolum
1636 2666 1692 2718 in
1711 2668 1906 2717 mundo
1935 2666 2000 2724 '“.
2022 2664 2173 2733 juxta

598 2761 802 2814 dictmn
838 2760 1079 2828 Apostoli
1108 2777 1121 2812 :
1173 2769 1227 2812 et
1262 2756 1407 2827 quod
1444 2758 1625 2809 omnia
1669 2758 1823 2809 beato
1858 2757 2060 2809 lumine
2088 2771 2173 2809 re-

598 2854 743 2923 pleta
774 2853 905 2915 sint,
932 2855 1175 2904 veniente
1199 2853 1372 2920 coqui
1402 2851 1537 2903 dixit
1570 2868 1583 2902 :
1618 2847 1833 2917 Egolux
1852 2850 1906 2901 in
1925 2852 2174 2900 mundum

600 2945 713 2997 teni
738 2944 805 2997 ⁷⁸.
836 2943 1027 3008 Qualia
1049 2943 1193 2996 enim
1218 2951 1347 2997 sunt
1378 2956 1500 3010 qua:
1534 2940 1877 2995 cernuntur?
1910 2938 2006 2994 liic
2052 2940 2176 3009 qui-

601 3037 723 3089 dem
752 3035 805 3089 iu
849 3036 1107 3105 spelunca
1147 3044 1327 3098 natus,
1359 3045 1413 3087 et
1446 3035 1513 3087 ab
1541 3034 1748 3103 angelis
1792 3032 2124 3101 gloriﬁcatus
2157 3047 2171 3086 :

602 3128 691 3183 hic
721 3143 850 3181 vero
876 3128 928 3180 iu
955 3128 1097 3181 ulnis
1126 3142 1155 3179 a
1190 3136 1359 3179 matre
1395 3136 1657 3195 gestatus,
1695 3133 1749 3179 et
1780 3139 1808 3176 a
1845 3125 2015 3193 magis
2048 3124 2175 3177 ado-

2282 643 2527 713 θήσεται,
2557 644 2649 696 τὸν
2676 645 3004 714 χαρακτῆρα
3027 646 3282 717 οὐράνιον
3308 647 3605 715 λέγοντος,
3648 650 3873 720 ἐπείπερ

2280 734 2374 787 καὶ
2406 735 2464 800 ἐξ
2508 734 2761 804 ούρανοῦ,
2808 736 2870 787 ού
2941 736 3077 789 καθὸ
3138 737 3317 807 σῶμα,
3350 740 3498 792 άλλά
3552 741 3701 794 καθὸ
3743 742 3872 794 ἀσώ-

2282 844 2451 896 ματον
2481 828 2510 880 ό
2545 828 2839 897 μονογενὴς
2883 828 3015 890 Θεὸς
3064 831 3344 884 κατελθὼν
3375 834 3444 884 ὲκ
3481 833 3604 885 τῶν
3635 835 3874 905 οὐρανίαν

2279 916 2592 987 ἐσαρκώθη,
2622 920 2713 972 καὶ
2733 920 2971 987 ὲπέφανε
3003 920 3162 990 σῶμα
3192 924 3569 993 περιθέμενος
3592 926 3660 979 τὸ
3683 927 3873 997 ἡμέτε-

2283 1024 2395 1079 ρον.
2446 998 2485 1060 θ’
2507 1012 2619 1063 Καὶ
2655 1013 2770 1080 μετ’
2801 1012 2977 1081 ὀλιγα·
3017 1032 3035 1065 ι
3076 1014 3286 1068 Οὐκοῦν
3314 1018 3443 1070 ἐπεὶ
3476 1018 3637 1071 κατὰ
3667 1022 3872 1089 ἀναφο-

2282 1103 2382 1173 ράν
2413 1102 2576 1155 αὐτὸν
2608 1103 2847 1159 δείκνυσι
2898 1105 2989 1158 τὸν
3048 1107 3377 1179 χαρακτῆρα
3430 1108 3608 1162 αὑτὸν
3648 1112 3871 1181 Χριστὸν

2280 1194 2712 1265 προσκυνοῦμεν,
2753 1198 2847 1250 καὶ
2882 1198 2944 1249 ού
2978 1197 3079 1268 τὴν
3127 1198 3259 1270 ὓλην
3291 1200 3570 1270 τεχνικῶς
3606 1218 3872 1273 σχηματι-

2280 1287 2514 1357 ζομένην
2532 1290 2589 1341 ἐν
2615 1291 2680 1360 τῇ
2702 1288 2890 1343 εἰκόνι.
2924 1307 2944 1341 s
2975 1290 3144 1361 Δεῦρο
3164 1291 3473 1362 τρανοτέρα
3497 1292 3535 1363 ἡ
3554 1292 3870 1364 δογματικὴ

2278 1379 2625 1451 διασάφησιςο
2682 1382 2896 1453 πρῶτον
2960 1383 3078 1452 μὲν,
3110 1384 3190 1436 ὃτι
3241 1384 3340 1452 μία
3380 1384 3576 1455 μορφὴ
3634 1386 3727 1437 ἐπ’
3778 1387 3873 1455 ἀμ-

2280 1473 2418 1539 φοῖν,
2460 1471 2555 1524 τοῦ
2584 1489 2644 1524 τε
2674 1472 2910 1542 Χριστοῦ
2942 1473 3039 1526 καὶ
3072 1474 3173 1543 τῆς
3215 1475 3423 1539 εἰκόνος
3445 1494 3457 1507 ·
3491 1476 3719 1540 ἔπειτα,
3744 1478 3824 1531 ὅτι
3849 1480 3872 1532 ὁ

2279 1564 2441 1626 αὐτὸς
2479 1567 2507 1617 ὁ
2537 1564 2822 1635 χαρακτὴρ
2878 1565 2974 1635 τῆς
3008 1566 3102 1619 τοῦ
3148 1568 3360 1638 [ἰατρὸς
3399 1567 3793 1633 ὑποστάσεως,
3822 1570 3875 1621 ὲν

2279 1655 2446 1708 είκόνι
2480 1656 2559 1726 τῷ
2591 1656 2718 1709 εῖδει
2768 1657 2867 1727 τῆς
2915 1656 3131 1727 μορφῆς
3161 1658 3349 1723 αὐτοῦ,
3390 1660 3873 1729 ὲκφαινόμενόςτὶ

2279 1745 2427 1797 ἐστιν
2460 1743 2595 1814 ὁμοῦ
2640 1745 2739 1799 καὶ
2770 1746 3245 1816 προσκυνούμενος
3270 1747 3524 1817 άσχίστῳ
3569 1748 3728 1820 δόξῃ.
3762 1748 3876 1800 Λει-

2278 1835 2515 1905 πόμενός
2543 1838 2689 1890 ἐστιν
2710 1838 2739 1888 ὁ
2766 1839 3023 1909 τέταρτος
3042 1838 3242 1908 τρόπος
3266 1839 3367 1906 τῆς
3395 1840 3647 1909 ἀρχαίας
3677 1838 3875 1910 θεσμο-

2278 1927 2468 1991 θεσίας
2505 1926 2656 2000 [cod.
2708 1930 2847 2000 Reg.
2894 1929 3257 2001 νομοθεσίας].
3294 1925 3469 2002 ’Δρον
3527 1931 3730 2002 κύκλῳ
3756 1936 3875 1993 τοὺς

2274 2020 2589 2091 ὀφθαλμούς
2628 2037 2743 2085 σου,
2774 2015 2818 2075 ὦ
2858 2022 3361 2093 φιλανθρωπότατε,
3392 2024 3489 2076 καὶ
3527 2023 3607 2076 ἴδε
3639 2026 3745 2093 τὴν
3789 2024 3874 2076 ὑπ’

2275 2114 2531 2183 οὐρανὸν,
2586 2112 2646 2177 ἐξ
2708 2113 2873 2167 αὑτοῦ
2931 2113 3028 2167 τοῦ
3064 2114 3428 2168 άποστολικοῦ
3481 2115 3873 2186 κηρύγματος,

2277 2205 2554 2274 πανταχοῦ
2592 2206 2697 2277 γῆς
2744 2223 2802 2259 τε
2861 2206 2956 2259 καὶ
3002 2206 3296 2276 θαλάσσης,
3347 2207 3416 2261 δι’
3478 2208 3656 2278 ίερῶν
3714 2210 3871 2272 ναῶν,

2277 2298 2438 2351 θείων
2461 2315 2519 2351 τε
2551 2297 2785 2361 σκευῶν,
2816 2300 2909 2351 καὶ
2948 2299 3163 2352 σεπτῶν
3192 2299 3590 2368 ἀναθημάτων,
3616 2301 3716 2353 τὸν
3746 2301 3874 2371 Χρι-

2276 2390 2401 2443 στὸν
2464 2388 2896 2459 ὲξεικονισμένον
2936 2392 3246 2461 φέρουσαν,
3292 2393 3390 2445 καὶ
3444 2393 3646 2455 αὐτοῖς
3696 2394 3874 2464 ἔργοις

2275 2479 2459 2552 φωνὴν
2500 2482 2778 2548 ἀφιεῖσαν,
2810 2483 2893 2535 ὅτι
2946 2482 3180 2552 Χριστὸς
3229 2481 3593 2552 βεϐασίλευκε
3648 2485 3763 2537 τῶν
3788 2486 3875 2538 ἐπὶ

2274 2574 2398 2643 γῆς,
2419 2576 2561 2628 κατὰ
2575 2576 2637 2627 τὸ
2656 2576 2911 2647 ᾀδόμενον
2955 2576 3275 2638 Δαθιτικῶς’
3293 2576 3556 2643 Αἷτησαι
3573 2580 3719 2647 παρ’
3738 2577 3875 2648 ἐμοῦ

2276 2666 2375 2717 καὶ
2412 2665 2584 2720 δώσω
2624 2684 2723 2722 σοι
2748 2668 2891 2737 ἔθνη
2932 2669 3047 2735 τὴν
3090 2671 3504 2738 κληρονομίαν
3572 2686 3735 2735 σου,
3785 2672 3874 2724 καί

2275 2758 2388 2825 τὴν
2411 2760 2787 2830 κατάσχεσίν
2816 2777 2933 2816 σου
2956 2761 3028 2814 τὰ
3056 2761 3283 2831 nepam
3305 2762 3417 2831 τῆς
3431 2764 3568 2832 γῆς·
3601 2764 3726 2829 καὶ,
3759 2766 3874 2817 Ὀτι

2276 2851 2462 2905 οὐδὲν
2490 2854 2747 2907 εἴδωλον
2772 2854 2842 2907 ἐν
2878 2856 3103 2919 κόσμον
3135 2856 3275 2909 κατά
3308 2856 3370 2908 τὸ
3410 2856 3519 2908 ὑπὸ
3567 2855 3670 2909 τοῦ
3718 2860 3874 2909 Ἀπο·

2280 2943 2469 2996 στόλου
2504 2947 2811 3016 εἰρημένον.
2846 2946 2956 2998 Kal.
2982 2948 3063 3001 ὃτι
3109 2950 3285 3002 πάντα
3313 2948 3503 2999 ὀλϐίου
3554 2949 3742 3016 φωτὸς
3794 2967 3875 3001 πει

2285 3034 2592 3105 πλήρωται,
2636 3034 2954 3106 ἐληλυθότος
2987 3037 3079 3092 τοῦ
3117 3041 3385 3102 εἰπόντος·
3432 3040 3586 3109 Ἐγὼ
3621 3039 3756 3110 φῶς
3797 3044 3871 3105 είς

2288 3130 2397 3183 τὸν
2455 3131 2689 3198 κόσμον
2730 3128 3017 3196 ἐλήλυθα.
3050 3127 3150 3186 Οἷα
3193 3136 3302 3202 γὰρ
3342 3133 3412 3186 τά
3446 3132 3754 3203 ὀρώμενα;
3783 3129 3873 3187 ὦδε

602 3232 771 3273 ratus.
835 3219 1039 3272 Deinde
1094 3233 1247 3287 puer,
1298 3217 1518 3286 quando
1577 3216 1629 3268 in
1681 3215 1860 3268 medio
1901 3215 2177 3268 domorum

2292 3220 2389 3290 μὲν
2437 3221 2495 3272 ὲν
2548 3218 2796 3289 σπηλαίῳ
2825 3220 3160 3289 τικτόμενος,
3189 3222 3283 3287 καὶ
3306 3220 3401 3273 ὑπ’
3433 3221 3694 3287 ἀγγέλων
3727 3221 3871 3285 60E:-

601 3312 799 3366 sedens
845 3311 994 3365 visus
1043 3319 1147 3365 est.
1182 3308 1320 3363 Tum
1362 3308 1668 3377 baptizatus
1708 3324 1737 3359 a
1790 3306 2133 3360 l’rmcursore
2172 3323 2186 3359 :

603 3414 717 3456 tum
769 3402 1031 3457 miracula
1073 3418 1198 3457 cum
1253 3400 1517 3471 apostolis
1560 3399 1766 3454 faciens
1804 3417 1817 3453 :
1866 3399 1922 3453 in
1964 3414 2183 3454 crucem

602 3496 924 3560 ascendens,
957 3497 1264 3565 exspirans,
1290 3495 1552 3565 sepultus,
1595 3509 1907 3565 resurgens,
1936 3493 1987 3547 in
2018 3494 2187 3550 caelos

602 3601 903 3646 revertens.
949 3589 1004 3645 In
1040 3592 1153 3645 haec
1205 3590 1371 3659 igitur
1420 3590 1604 3644 omnia
1644 3605 1740 3660 per
1768 3588 2059 3659 imaginem
2097 3587 2183 3642 in-

602 3684 763 3749 tenti,
805 3687 947 3737 sicut
996 3694 1125 3737 tunc
1174 3698 1270 3752 per
1309 3681 1612 3736 contuitum
1660 3682 1836 3749 ipsum
1874 3681 2105 3749 apostoli
2150 3718 2167 3743 ,

600 3777 725 3847 jure
763 3784 817 3828 et
848 3790 948 3828 uos
988 3775 1290 3827 dixerimus
1324 3789 1339 3827 :
1380 3774 1612 3825 Vidimus
1656 3771 1881 3839 gloriam
1908 3771 2042 3839 ejus,
2069 3770 2183 3839 gla-

600 3867 743 3919 riam
767 3865 920 3934 quasi
947 3862 1215 3933 Unigeniti
1242 3881 1272 3916 a
1300 3862 1484 3926 Patre,
1526 3862 1733 3930 plenum
1764 3861 1953 3929 gratiae
1976 3870 2025 3912 et
2050 3860 2184 3913 veri-

600 3963 728 4016 tatis
751 3960 820 4011 ".
852 3956 978 4011 Haec
1015 3958 1181 4027 igitur
1217 3966 1300 4010 est
1349 3955 1418 4009 ab
1458 3970 1573 4009 aevo
1627 3952 1946 4007 aununtiata
1996 3953 2127 4008 lides
2166 3971 2180 4007 :

600 4054 746 4110 hanc
774 4054 1034 4122 amplexa:
1053 4059 1179 4103 sunt
1210 4047 1403 4118 synodi
1434 4056 1635 4102 sanctae
1666 4064 1682 4103 :
1717 4055 1771 4099 et
1805 4046 1931 4101 huic
1980 4046 2181 4100 sull'ra-

600 4152 795 4213 gantur
822 4157 1014 4195 onmes
1048 4140 1250 4208 ubique
1278 4139 1519 4191 locorum
1551 4135 1829 4199 Ecclesiae,
1872 4136 1925 4189 in
1953 4134 2177 4190 Oriente

598 4246 651 4291 et
694 4235 983 4291 Occidente
1006 4233 1075 4299 "‘,
1100 4232 1153 4285 in
1204 4228 1649 4299 Septentrioneet
1682 4228 1866 4282 mari:
1912 4243 2075 4297 quam
2125 4237 2180 4285 et

598 4344 700 4381 nos
732 4327 942 4381 minimi
977 4324 1389 4393 amplectentes,
1422 4335 1665 4386 oramus,
1696 4320 1925 4391 iureque
1971 4321 2180 4391 suppli-

597 4432 788 4471 ramus
808 4432 904 4487 pro
930 4426 1128 4479 vestro,
1150 4415 1293 4484 quod
1312 4410 1456 4467 Deus
1474 4415 1697 4467 charum
1718 4410 1898 4477 habet,
1923 4410 2174 4482 imperio.

2288 3311 2533 3380 ζὸμενος·
2566 3310 2726 3380 δεῦρο
2774 3310 2830 3363 δὲ
2880 3312 2968 3364 ἐπ’
2995 3311 3207 3365 ὡλενῶν
3246 3312 3350 3364 ὑπὸ
3379 3311 3483 3381 τῆς
3510 3312 3745 3383 Μητρὸς
3790 3312 3875 3379 βι-

2290 3402 2641 3473 σταζόμενος,
2677 3403 2773 3455 καὶ
2822 3403 2926 3456 ὑπὸ
2980 3405 3169 3473 μάγων
3200 3403 3713 3473 προσκυνούμενος.
3753 3399 3875 3457 Εἶτα

2289 3496 2346 3548 ὲν
2376 3496 2703 3567 μειρακίοις,
2727 3496 2963 3569 ὁπηνίκα
2991 3497 3155 3566 μέσος
3181 3496 3288 3549 τῶν
3315 3496 3670 3550 διδασκάλων
3699 3491 3873 3553 ὦπται

2288 3585 2616 3657 καθήμενος.
2684 3588 2917 3642 Ἔπειτα
2976 3585 3369 3657 βαπτιζόμενος
3431 3588 3542 3641 ὑπὸ
3595 3589 3697 3642 τοῦ
3740 3591 3869 3660 Προ-

2289 3677 2513 3745 δρόμου’
2551 3672 2669 3731 εἶτα
2706 3677 3141 3749 θαυματουργῶν
3170 3679 3265 3731 σὺν
3293 3677 3646 3743 amnem;-
3670 3682 3767 3733 ἐπὶ
3794 3686 3874 3733 τῆν

2293 3767 2523 3837 σταυρὸν
2562 3766 2751 3835 ἀνιὼν,
2797 3768 3121 3835 ἀποπνέων,
3163 3768 3531 3841 ϐαπτόμενος,
3576 3774 3874 3841 ἀνιστάμε-

2289 3874 2402 3923 νος,
2450 3858 2530 3920 ei;
2577 3857 2843 3929 οὐρανοὺς
2875 3858 3256 3930 ἀνερχόμενος.
3295 3860 3523 3925 Τούτοις
3571 3859 3674 3916 οὖν
3716 3864 3873 3915 πᾶσιν

2289 3946 2569 4011 εἰκονικῶς
2602 3946 3019 4013 ὲνατενίζοντες,
3053 3949 3127 4013 ὡς
3171 3950 3478 4020 τηνικαῦτα
3528 3952 3871 4013 uorax-rm};

2288 4042 2339 4094 οί
2368 4040 2673 4107 ἀπόστολοι,
2705 4039 2956 4110 εἴποιμεν
2983 4038 3050 4093 ἂν
3078 4041 3301 4106 εἰκότως
3330 4044 3426 4097 καὶ
3453 4045 3642 4113 ἡμεῖς·
3681 4044 3869 4097 Ἐθεσ-

2285 4132 2516 4202 σάμεθα
2542 4132 2658 4200 τὴν
2681 4132 2868 4198 δόξαν
2892 4134 3101 4198 αὐτοῦ,
3136 4134 3325 4198 δόξαν
3367 4135 3448 4200 ὡς
3495 4136 3871 4205 Mos-cremor;

2287 4226 2448 4293 παρὰ
2501 4226 2764 4295 Πατρός,
2813 4226 3049 4294 πλήρης
3097 4228 3339 4295 χάριτος
3400 4228 3503 4280 καί
3557 4229 3864 4296 ἀληθείας.

2286 4319 2436 4389 Αὕτη
2483 4315 2576 4373 οὖν
2618 4321 2767 4372 ἐστιν
2809 4322 2842 4388 ἠ
2876 4319 2935 4383 ἐξ
2975 4318 3169 4381 αἰῶνος
3224 4320 3615 4391 κηρυττομένη
3671 4327 3861 4385 πίστις.

2286 4411 2492 4482 ταύτην
2520 4412 2837 4480 ἠσπάσαντο
2863 4412 2920 4465 al
2943 4410 3094 4477 ἅγιαι
3130 4408 3356 4475 σύνοδοι,
3385 4413 3483 4465 καὶ
3512 4412 3695 4487 ταύτῃ
3743 4415 3867 4487 σύμ.

602 4519 777 4581 ψῆφοι
853 4510 1184 4579 τυγχάνουσι
1239 4510 1411 4560 πᾶσαι
1486 4507 1544 4559 αί
1593 4506 1869 4575 πανταχοῦ
1919 4506 2062 4559 κατὰ
2089 4508 2254 4561 τόπον
2307 4505 2655 4574 Ἐκκλησίαι,
2694 4503 2752 4556 έν
2802 4519 2863 4555 τε
2914 4502 3170 4572 Ἀνατολῇ
3222 4504 3317 4555 καὶ
3362 4502 3566 4567 Δύσει,
3608 4504 3864 4577 Βορῤᾇττ

601 4604 689 4656 καὶ
720 4602 963 4672 θαλάσσῃ
984 4617 998 4632 ·
1030 4601 1099 4671 ἢν
1138 4599 1233 4653 καὶ
1262 4601 1425 4670 ἡμεῖς
1458 4599 1508 4651 οί
1548 4597 1820 4669 ιλάχιστοι
1882 4598 2275 4671 ἀσπαζόμενοι,
2304 4598 2576 4671 εὐχόμεθα
2606 4598 2700 4651 καὶ
2747 4596 3165 4669 ὑπερευχόμεθα
3202 4594 3574 4668 ὀφειλομένως
3627 4602 3729 4672 τῆς
3770 4600 3865 4655 οεο-

596 4690 784 4761 φιλοῦς
844 4691 875 4745 ὖ
883 4690 999 4761 μῶν
1064 4679 1364 4760 βασιλείας.

1049 4807 1157 4864 CC.
1181 4837 1251 4847 —
1287 4804 1450 4861 Petro
1498 4804 1718 4861 Nicaea.

2628 4806 2681 4859 Σ*
2706 4804 2841 4877 (94).
2867 4834 2938 4846 --
2965 4802 3168 4875 Πέτρῳ
3188 4805 3469 4873 Νικαίας.
3496 4805 3676 4883 [ωγ’.]

1730 4920 1806 4971 De
1828 4928 1990 4971 morte
2019 4921 2354 4985 metropolitte
2386 4920 2720 4981 Synadorum.

668 5027 1003 5083 Audiverunt
1028 5041 1251 5097 prorsus
1275 5039 1446 5080 sacrae
1483 5039 1646 5079 aures
1677 5036 1782 5078 tuae
1824 5025 1877 5078 id
1911 5026 2054 5095 quod
2080 5042 2171 5082 ac-
2203 5032 2247 5087 Ι)

596 5123 730 5176 cidit
775 5121 932 5175 beato
976 5130 1030 5174 et
1059 5118 1340 5173 communi
1386 5117 1537 5173 Patri
1578 5125 1770 5171 nostro
1813 5119 2169 5188 metrOpolitae

598 5213 993 5284 Syuadorum;
1045 5210 1358 5281 planxitque
1403 5218 1591 5265 sancta
1628 5210 1810 5263 anima
1867 5218 1960 5264 tua
2021 5210 2167 5266 illius

596 5320 782 5368 causa,
822 5311 983 5373 prout
1027 5317 1124 5370 par
1154 5299 1304 5355 fuit:
1356 5301 1587 5354 necdum
1634 5299 1883 5354 videlicet
1933 5302 2167 5370 gemitus

596 5394 851 5457 cessavit,
889 5407 989 5446 nec
1013 5393 1232 5447 sedatus
1252 5400 1337 5447 est
1361 5390 1537 5453 dolor,
1568 5391 1658 5460 qui
1683 5400 1939 5461 tanquam
1962 5407 2029 5446 ex
2057 5393 2168 5447 dis-

598 5486 842 5543 soctioue
868 5483 1102 5554 quadam
1130 5492 1289 5538 natus
1323 5493 1427 5537 est.
1480 5480 1682 5537 Verum
1711 5484 1818 5537 huc
1854 5482 2003 5548 ades,
2058 5494 2112 5537 ct
2138 5501 2167 5537 a

598 5576 780 5639 nobis,
825 5574 909 5629 vir
949 5573 1431 5640 desideratissime,
1478 5573 1682 5629 clarius
1726 5574 1954 5628 edisce:
2009 5585 2067 5629 ut
2117 5585 2168 5629 et

2352 5028 2588 5079 Ἤκουσε
2623 5025 2839 5088 πάντως
2868 5026 2901 5094 ἠ
2929 5023 3051 5095 ἱερά
3084 5040 3178 5077 σου
3199 5024 3342 5096 ἀκοὴ
3372 5026 3435 5079 τὸ
3465 5028 3602 5099 περὶ
3634 5029 3729 5082 τὸν
3776 5046 3865 5098 μα-

2276 5119 2467 5188 κάριον
2528 5118 2623 5171 καὶ
2653 5116 2831 5171 κοινὸν
2864 5116 3079 5185 Πατέρα
3100 5118 3132 5185 ἡ
3143 5117 3260 5185 μῶν
3309 5122 3729 5190 μητροπολίτην
3753 5123 3865 5175 Συν-

2277 5212 2421 5266 άδων
2458 5209 2651 5271 πάθοςο
2695 5209 2791 5262 καὶ
2821 5207 3069 5278 ὠδύρατό
3101 5224 3196 5261 σου
3227 5210 3263 5279 ἠ
3294 5212 3429 5279 ἀγία
3452 5212 3603 5284 ψυχὴ
3625 5214 3713 5266 ἐπ’
3736 5213 3865 5280 αὐτῷ

2274 5304 2342 5357 τά
2365 5302 2568 5357 εἰκόταο
2602 5300 2723 5354 ἐπεὶ
2752 5298 2848 5353 καὶ
2903 5300 2986 5351 ἔτι
3014 5299 3108 5352 τοῦ
3146 5302 3469 5374 στεναγμοῦ
3498 5306 3603 5358 οὐκ
3631 5306 3861 5359 ἀποπαύ-

2276 5409 2398 5446 σοιο
2427 5393 2548 5446 οὐδὲ
2596 5392 2694 5459 τῆς
2748 5391 2913 5443 οἱονεὶ
2956 5391 3018 5442 ὲκ
3063 5390 3164 5459 τῆς
3208 5391 3554 5465 διχοτομίας·
3581 5396 3861 5466 γενομένης

2278 5484 2567 5555 ἀλγηδόνος
2599 5482 2943 5551 ἀπολήξειεν.
2990 5481 3153 5537 Ἀλλά
3174 5483 3363 5552 δεῦρο.
3394 5488 3493 5540 καί⁵
3542 5490 3676 5561 παρ’
3707 5487 3860 5558 inti!»

2274 5570 2321 5628 ὦ
2350 5564 2643 5645 τρίπόθητε
2675 5616 2690 5640 ,
2744 5572 3019 5641 διδάχθητι
3072 5575 3507 5650 ἐναργέστερον·
3568 5580 3647 5645 ὡς
3686 5579 3750 5635 ἃν
3782 5580 3857 5633 xal

667 5684 717 5718 ⁷⁸
746 5682 892 5740 Pssl.
919 5696 979 5747 ιι,
1002 5681 1055 5736 8.
1132 5679 1214 5734 "l
1252 5680 1375 5737 Cor.
1408 5695 1525 5747 vm,
1554 5680 1609 5736 4.
1686 5680 1731 5712 ⁷²
1768 5679 1926 5736 Joau.
1966 5695 2062 5748 sit,
2092 5682 2177 5736 46.

2288 5686 2306 5715 ³
2328 5683 2486 5739 Joan.
2523 5699 2560 5749 I,
2598 5683 2686 5739 Η.
2764 5684 2807 5714 ⁷⁵
2832 5680 2974 5737 Psal.
3003 5696 3110 5749 cu,
3139 5682 3195 5741 ὅ.

2113 5776 2347 5834 ΝΟΤΑΞ.

674 5895 789 5967 (94)
820 5895 879 5948 In
911 5894 1038 5951 cod.
1067 5892 1201 5966 Reg.
1232 5892 1333 5959 «ιβ’.
