  <div class='ocr_page' id='page_1' title='image "/cluster/home/n/w/nwhite01/storage/ocr_20150623/99/pst.000005714063/868.png"; bbox 0 0 3976 6322; ppageno 0'>
   <div class='ocr_carea' id='block_1_1' title="bbox 137 365 271 429">
    <p class='ocr_par' dir='ltr' id='par_1_1' title="bbox 137 365 271 429">
     <span class='ocr_line' id='line_1_1' title="bbox 137 365 271 429; baseline 0.022 -3"><span class='ocrx_word' id='word_1_1' title='bbox 137 365 271 429; x_wconf 82' lang='grc'>1613</span> 
     </span>
    </p>
   </div>
   <div class='ocr_carea' id='block_1_2' title="bbox 1304 360 2176 424">
    <p class='ocr_par' dir='ltr' id='par_1_2' title="bbox 1304 360 2176 424">
     <span class='ocr_line' id='line_1_2' title="bbox 1304 360 2176 424; baseline -0.003 -1"><span class='ocrx_word' id='word_1_2' title='bbox 1304 362 1840 424; x_wconf 77' lang='lat' dir='ltr'><strong>EPISTOLARUM</strong></span> <span class='ocrx_word' id='word_1_3' title='bbox 1882 361 2028 422; x_wconf 87' lang='lat' dir='ltr'><strong>LIB.</strong></span> <span class='ocrx_word' id='word_1_4' title='bbox 2094 360 2176 422; x_wconf 81' lang='lat' dir='ltr'><strong>II.</strong></span> 
     </span>
    </p>
   </div>
   <div class='ocr_carea' id='block_1_3' title="bbox 3225 355 3358 424">
    <p class='ocr_par' dir='ltr' id='par_1_3' title="bbox 3225 355 3358 424">
     <span class='ocr_line' id='line_1_3' title="bbox 3225 355 3358 424; baseline 0.045 -6"><span class='ocrx_word' id='word_1_5' title='bbox 3225 355 3358 424; x_wconf 68' lang='grc'>1614</span> 
     </span>
    </p>
   </div>
   <div class='ocr_carea' id='block_1_4' title="bbox 123 464 1706 548">
    <p class='ocr_par' dir='ltr' id='par_1_4' title="bbox 123 472 1691 548">
     <span class='ocr_line' id='line_1_4' title="bbox 123 472 1691 548; baseline -0.004 -17"><span class='ocrx_word' id='word_1_6' title='bbox 123 481 288 548; x_wconf 72' lang='grc' dir='ltr'>ἡμεῖς</span> <span class='ocrx_word' id='word_1_7' title='bbox 311 476 374 529; x_wconf 77' lang='grc' dir='ltr'><strong>τὸ</strong></span> <span class='ocrx_word' id='word_1_8' title='bbox 397 473 740 545; x_wconf 80' lang='grc' dir='ltr'>ὀφειλόμενον</span> <span class='ocrx_word' id='word_1_9' title='bbox 767 473 924 545; x_wconf 77' lang='grc' dir='ltr'>χρέος</span> <span class='ocrx_word' id='word_1_10' title='bbox 952 473 1206 543; x_wconf 77' lang='grc' dir='ltr'>τίσωμενο</span> <span class='ocrx_word' id='word_1_11' title='bbox 1241 473 1336 525; x_wconf 72' lang='grc' dir='ltr'><strong>καὶ</strong></span> <span class='ocrx_word' id='word_1_12' title='bbox 1373 472 1532 534; x_wconf 74' lang='grc' dir='ltr'>αὐτὸς</span> <span class='ocrx_word' id='word_1_13' title='bbox 1553 473 1691 524; x_wconf 77' lang='grc' dir='ltr'>ἱστο-</span> 
     </span>
    </p>
   </div>
   <div class='ocr_carea' id='block_1_5' title="bbox 1808 464 3360 548">
    <p class='ocr_par' dir='ltr' id='par_1_5' title="bbox 1808 464 3360 535">
     <span class='ocr_line' id='line_1_5' title="bbox 1808 464 3360 535; baseline -0.002 -11"><span class='ocrx_word' id='word_1_14' title='bbox 1808 485 1892 526; x_wconf 84' lang='lat' dir='ltr'><strong>ms</strong></span> <span class='ocrx_word' id='word_1_15' title='bbox 1928 485 2126 524; x_wconf 92' lang='lat' dir='ltr'><strong>munus</strong></span> <span class='ocrx_word' id='word_1_16' title='bbox 2157 466 2398 523; x_wconf 87' lang='lat' dir='ltr'><strong>debitum</strong></span> <span class='ocrx_word' id='word_1_17' title='bbox 2432 464 2730 531; x_wconf 80' lang='lat' dir='ltr'><strong>solvamus,</strong></span> <span class='ocrx_word' id='word_1_18' title='bbox 2760 475 2815 522; x_wconf 91' lang='lat' dir='ltr'><strong>et</strong></span> <span class='ocrx_word' id='word_1_19' title='bbox 2854 474 2908 520; x_wconf 92' lang='lat' dir='ltr'><strong>tu</strong></span> <span class='ocrx_word' id='word_1_20' title='bbox 2954 481 3042 521; x_wconf 86' lang='lat' dir='ltr'><strong>res</strong></span> <span class='ocrx_word' id='word_1_21' title='bbox 3070 465 3191 535; x_wconf 79' lang='lat' dir='ltr'><strong>ejus</strong></span> <span class='ocrx_word' id='word_1_22' title='bbox 3239 483 3360 521; x_wconf 64' lang='lat' dir='ltr'><strong>vero</strong></span> 
     </span>
    </p>
   </div>
   <div class='ocr_carea' id='block_1_6' title="bbox 136 563 1696 640">
    <p class='ocr_par' dir='ltr' id='par_1_6' title="bbox 136 563 1696 640">
     <span class='ocr_line' id='line_1_6' title="bbox 136 563 1696 640; baseline -0.005 -18"><span class='ocrx_word' id='word_1_23' title='bbox 136 572 434 640; x_wconf 85' lang='grc' dir='ltr'>ρικώτερον</span> <span class='ocrx_word' id='word_1_24' title='bbox 478 567 732 634; x_wconf 72' lang='grc' dir='ltr'>ἔπιγνοὺς</span> <span class='ocrx_word' id='word_1_25' title='bbox 771 567 839 620; x_wconf 91' lang='grc' dir='ltr'><strong>τά</strong></span> <span class='ocrx_word' id='word_1_26' title='bbox 888 566 1008 620; x_wconf 77' lang='grc' dir='ltr'>κατ’</span> <span class='ocrx_word' id='word_1_27' title='bbox 1036 565 1215 628; x_wconf 83' lang='grc' dir='ltr'>αὑτὸν,</span> <span class='ocrx_word' id='word_1_28' title='bbox 1256 563 1536 634; x_wconf 76' lang='grc' dir='ltr'><strong>ῥᾳστώνην</strong></span> <span class='ocrx_word' id='word_1_29' title='bbox 1574 563 1696 615; x_wconf 84' lang='grc' dir='ltr'><strong>τινά</strong></span> 
     </span>
    </p>
   </div>
   <div class='ocr_carea' id='block_1_7' title="bbox 125 653 1696 727">
    <p class='ocr_par' dir='ltr' id='par_1_7' title="bbox 125 653 1696 727">
     <span class='ocr_line' id='line_1_7' title="bbox 125 653 1696 727; baseline -0.004 -17"><span class='ocrx_word' id='word_1_30' title='bbox 125 658 309 720; x_wconf 74' lang='grc' dir='ltr'>λάϐοις</span> <span class='ocrx_word' id='word_1_31' title='bbox 338 659 403 710; x_wconf 84' lang='grc' dir='ltr'>ὲκ</span> <span class='ocrx_word' id='word_1_32' title='bbox 430 657 528 727; x_wconf 81' lang='grc' dir='ltr'>τῆς</span> <span class='ocrx_word' id='word_1_33' title='bbox 558 655 864 727; x_wconf 83' lang='grc' dir='ltr'>ὲξηγορίας.</span> <span class='ocrx_word' id='word_1_34' title='bbox 899 656 982 718; x_wconf 86' lang='grc' dir='ltr'>Ὢ,</span> <span class='ocrx_word' id='word_1_35' title='bbox 1015 655 1090 708; x_wconf 75' lang='grc' dir='ltr'><strong>ώί</strong></span> <span class='ocrx_word' id='word_1_36' title='bbox 1124 654 1239 716; x_wconf 80' lang='grc' dir='ltr'>πῶς</span> <span class='ocrx_word' id='word_1_37' title='bbox 1264 654 1525 722; x_wconf 76' lang='grc' dir='ltr'><strong>ἀδακρυτὶ</strong></span> <span class='ocrx_word' id='word_1_38' title='bbox 1547 653 1696 721; x_wconf 77' lang='grc' dir='ltr'>ἐνέγ-</span> 
     </span>
    </p>
   </div>
   <div class='ocr_carea' id='block_1_8' title="bbox 123 741 1697 820">
    <p class='ocr_par' dir='ltr' id='par_1_8' title="bbox 123 741 1697 820">
     <span class='ocr_line' id='line_1_8' title="bbox 123 741 1697 820; baseline -0.004 -15"><span class='ocrx_word' id='word_1_39' title='bbox 123 767 315 820; x_wconf 77' lang='grc' dir='ltr'>κοιμεν</span> <span class='ocrx_word' id='word_1_40' title='bbox 369 750 431 802; x_wconf 77' lang='grc' dir='ltr'>τὸ</span> <span class='ocrx_word' id='word_1_41' title='bbox 480 748 759 819; x_wconf 81' lang='grc' dir='ltr'>ὀδυρτικδν</span> <span class='ocrx_word' id='word_1_42' title='bbox 820 748 1150 817; x_wconf 84' lang='grc' dir='ltr'>ἀπάγγελμα</span> <span class='ocrx_word' id='word_1_43' title='bbox 1189 762 1204 812; x_wconf 88' lang='lat'><strong>;</strong></span> <span class='ocrx_word' id='word_1_44' title='bbox 1246 747 1503 814; x_wconf 73' lang='grc' dir='ltr'><strong>ὑγιαίνων</strong></span> <span class='ocrx_word' id='word_1_45' title='bbox 1550 741 1618 817; x_wconf 78' lang='grc' dir='ltr'><strong>ἦν</strong></span> <span class='ocrx_word' id='word_1_46' title='bbox 1668 746 1697 798; x_wconf 90' lang='lat'><strong>6</strong></span> 
     </span>
    </p>
   </div>
   <div class='ocr_carea' id='block_1_9' title="bbox 125 837 1695 911">
    <p class='ocr_par' dir='ltr' id='par_1_9' title="bbox 125 837 1695 911">
     <span class='ocr_line' id='line_1_9' title="bbox 125 837 1695 911; baseline -0.002 -18"><span class='ocrx_word' id='word_1_47' title='bbox 125 842 336 911; x_wconf 83' lang='grc' dir='ltr'>Πατὴρ,</span> <span class='ocrx_word' id='word_1_48' title='bbox 371 843 439 894; x_wconf 91' lang='grc' dir='ltr'><strong>τά</strong></span> <span class='ocrx_word' id='word_1_49' title='bbox 477 842 677 911; x_wconf 84' lang='grc' dir='ltr'><strong>συνήθη</strong></span> <span class='ocrx_word' id='word_1_50' title='bbox 709 839 942 908; x_wconf 76' lang='grc' dir='ltr'><strong>ἐνεργῶν</strong></span> <span class='ocrx_word' id='word_1_51' title='bbox 986 842 1083 908; x_wconf 81' lang='grc' dir='ltr'><strong>τῆς</strong></span> <span class='ocrx_word' id='word_1_52' title='bbox 1130 839 1494 909; x_wconf 83' lang='grc' dir='ltr'><strong>ἀνυποκρίτου</strong></span> <span class='ocrx_word' id='word_1_53' title='bbox 1529 837 1695 891; x_wconf 76' lang='grc' dir='ltr'>αὑτοῦ</span> 
     </span>
    </p>
   </div>
   <div class='ocr_carea' id='block_1_10' title="bbox 127 928 1697 1001">
    <p class='ocr_par' dir='ltr' id='par_1_10' title="bbox 127 928 1697 1001">
     <span class='ocr_line' id='line_1_10' title="bbox 127 928 1697 1001; baseline -0.004 -15"><span class='ocrx_word' id='word_1_54' title='bbox 127 934 373 1001; x_wconf 73' lang='grc' dir='ltr'>ἀγάπης,</span> <span class='ocrx_word' id='word_1_55' title='bbox 404 933 498 985; x_wconf 74' lang='grc' dir='ltr'><strong>καὶ</strong></span> <span class='ocrx_word' id='word_1_56' title='bbox 528 931 662 1000; x_wconf 79' lang='grc' dir='ltr'>πρὸς</span> <span class='ocrx_word' id='word_1_57' title='bbox 685 932 810 994; x_wconf 79' lang='grc' dir='ltr'>τοὺς</span> <span class='ocrx_word' id='word_1_58' title='bbox 836 930 1094 998; x_wconf 73' lang='grc' dir='ltr'>ἀδελφοὺς</span> <span class='ocrx_word' id='word_1_59' title='bbox 1122 930 1217 982; x_wconf 71' lang='grc' dir='ltr'><strong>καὶ</strong></span> <span class='ocrx_word' id='word_1_60' title='bbox 1240 931 1486 997; x_wconf 84' lang='grc' dir='ltr'>Πατέρας</span> <span class='ocrx_word' id='word_1_61' title='bbox 1512 928 1697 995; x_wconf 78' lang='grc' dir='ltr'><strong>δεξιώ⁴</strong></span> 
     </span>
    </p>
   </div>
   <div class='ocr_carea' id='block_1_11' title="bbox 128 1019 1698 1092">
    <p class='ocr_par' dir='ltr' id='par_1_11' title="bbox 128 1019 1698 1092">
     <span class='ocr_line' id='line_1_11' title="bbox 128 1019 1698 1092; baseline -0.003 -16"><span class='ocrx_word' id='word_1_62' title='bbox 128 1041 287 1086; x_wconf 88' lang='grc' dir='ltr'>σεως.</span> <span class='ocrx_word' id='word_1_63' title='bbox 326 1024 424 1086; x_wconf 87' lang='grc' dir='ltr'><strong>Τίς</strong></span> <span class='ocrx_word' id='word_1_64' title='bbox 465 1023 570 1092; x_wconf 83' lang='grc' dir='ltr'><strong>γάρ</strong></span> <span class='ocrx_word' id='word_1_65' title='bbox 600 1023 628 1073; x_wconf 97' lang='lat'><strong>6</strong></span> <span class='ocrx_word' id='word_1_66' title='bbox 666 1022 823 1074; x_wconf 87' lang='grc' dir='ltr'>πλέον</span> <span class='ocrx_word' id='word_1_67' title='bbox 861 1021 1070 1074; x_wconf 78' lang='grc' dir='ltr'>ἐκείνου</span> <span class='ocrx_word' id='word_1_68' title='bbox 1106 1020 1407 1090; x_wconf 80' lang='grc' dir='ltr'><strong>φιλοξενίαν</strong></span> <span class='ocrx_word' id='word_1_69' title='bbox 1455 1019 1698 1083; x_wconf 81' lang='grc' dir='ltr'>ἀσπαζό-</span> 
     </span>
    </p>
   </div>
   <div class='ocr_carea' id='block_1_12' title="bbox 130 1111 1695 1182">
    <p class='ocr_par' dir='ltr' id='par_1_12' title="bbox 130 1111 1695 1182">
     <span class='ocr_line' id='line_1_12' title="bbox 130 1111 1695 1182; baseline -0.004 -15"><span class='ocrx_word' id='word_1_70' title='bbox 130 1132 311 1182; x_wconf 81' lang='grc' dir='ltr'>μενος,</span> <span class='ocrx_word' id='word_1_71' title='bbox 340 1114 432 1165; x_wconf 81' lang='grc' dir='ltr'>κα“ι</span> <span class='ocrx_word' id='word_1_72' title='bbox 452 1111 765 1181; x_wconf 88' lang='grc' dir='ltr'>θεραπεύων</span> <span class='ocrx_word' id='word_1_73' title='bbox 794 1112 1145 1182; x_wconf 84' lang='grc' dir='ltr'>φιλουμένους</span> <span class='ocrx_word' id='word_1_74' title='bbox 1172 1128 1186 1174; x_wconf 90' lang='grc'><strong>;</strong></span> <span class='ocrx_word' id='word_1_75' title='bbox 1222 1113 1282 1163; x_wconf 84' lang='grc' dir='ltr'><strong>ὃν</strong></span> <span class='ocrx_word' id='word_1_76' title='bbox 1315 1111 1434 1179; x_wconf 71' lang='grc' dir='ltr'>οὐχὶ</span> <span class='ocrx_word' id='word_1_77' title='bbox 1462 1113 1494 1180; x_wconf 87' lang='grc' dir='ltr'><strong>ή</strong></span> <span class='ocrx_word' id='word_1_78' title='bbox 1527 1111 1695 1163; x_wconf 81' lang='grc' dir='ltr'>ὲπάλ-</span> 
     </span>
    </p>
   </div>
   <div class='ocr_carea' id='block_1_13' title="bbox 127 1201 1698 1272">
    <p class='ocr_par' dir='ltr' id='par_1_13' title="bbox 127 1201 1698 1272">
     <span class='ocr_line' id='line_1_13' title="bbox 127 1201 1698 1272; baseline -0.002 -16"><span class='ocrx_word' id='word_1_79' title='bbox 127 1206 286 1271; x_wconf 86' lang='grc' dir='ltr'>ληλος</span> <span class='ocrx_word' id='word_1_80' title='bbox 322 1204 432 1257; x_wconf 85' lang='grc' dir='ltr'>τῶν</span> <span class='ocrx_word' id='word_1_81' title='bbox 463 1203 857 1272; x_wconf 73' lang='grc' dir='ltr'><strong>ἐπιφοιτώντων</strong></span> <span class='ocrx_word' id='word_1_82' title='bbox 882 1204 1154 1272; x_wconf 77' lang='grc' dir='ltr'>παρουσία</span> <span class='ocrx_word' id='word_1_83' title='bbox 1183 1203 1276 1254; x_wconf 73' lang='grc' dir='ltr'><strong>καὶ</strong></span> <span class='ocrx_word' id='word_1_84' title='bbox 1306 1201 1539 1271; x_wconf 67' lang='grc' dir='ltr'>ἐπιμονὴ</span> <span class='ocrx_word' id='word_1_85' title='bbox 1574 1201 1698 1254; x_wconf 69' lang='grc' dir='ltr'>ἐδάι-</span> 
     </span>
    </p>
   </div>
   <div class='ocr_carea' id='block_1_14' title="bbox 131 1290 1696 1363">
    <p class='ocr_par' dir='ltr' id='par_1_14' title="bbox 131 1290 1696 1363">
     <span class='ocr_line' id='line_1_14' title="bbox 131 1290 1696 1363; baseline -0.003 -16"><span class='ocrx_word' id='word_1_86' title='bbox 131 1295 322 1363; x_wconf 77' lang='grc' dir='ltr'>μαζενο</span> <span class='ocrx_word' id='word_1_87' title='bbox 374 1295 498 1346; x_wconf 82' lang='grc' dir='ltr'>ὅσον</span> <span class='ocrx_word' id='word_1_88' title='bbox 532 1293 658 1361; x_wconf 74' lang='grc' dir='ltr'>ἡνία</span> <span class='ocrx_word' id='word_1_89' title='bbox 691 1293 890 1362; x_wconf 81' lang='grc' dir='ltr'>μᾶλλον</span> <span class='ocrx_word' id='word_1_90' title='bbox 926 1294 958 1362; x_wconf 87' lang='grc' dir='ltr'><strong>ή</strong></span> <span class='ocrx_word' id='word_1_91' title='bbox 989 1292 1180 1352; x_wconf 86' lang='grc' dir='ltr'>σπάνις</span> <span class='ocrx_word' id='word_1_92' title='bbox 1220 1291 1452 1352; x_wconf 91' lang='grc' dir='ltr'>τούτων,</span> <span class='ocrx_word' id='word_1_93' title='bbox 1477 1290 1572 1343; x_wconf 57' lang='grc' dir='ltr'><strong>καὶ¹</strong></span> <span class='ocrx_word' id='word_1_94' title='bbox 1599 1307 1696 1342; x_wconf 87' lang='grc' dir='ltr'>τα-</span> 
     </span>
    </p>
   </div>
   <div class='ocr_carea' id='block_1_15' title="bbox 130 1378 1701 1454">
    <p class='ocr_par' dir='ltr' id='par_1_15' title="bbox 130 1378 1701 1454">
     <span class='ocr_line' id='line_1_15' title="bbox 130 1378 1701 1454; baseline -0.001 -19"><span class='ocrx_word' id='word_1_95' title='bbox 130 1387 251 1453; x_wconf 80' lang='grc' dir='ltr'>χεῖα</span> <span class='ocrx_word' id='word_1_96' title='bbox 304 1383 607 1437; x_wconf 85' lang='grc' dir='ltr'>παλινοδία.</span> <span class='ocrx_word' id='word_1_97' title='bbox 641 1384 751 1437; x_wconf 71' lang='grc' dir='ltr'>Καὶ</span> <span class='ocrx_word' id='word_1_98' title='bbox 780 1383 832 1434; x_wconf 87' lang='grc' dir='ltr'><strong>τί</strong></span> <span class='ocrx_word' id='word_1_99' title='bbox 860 1383 940 1435; x_wconf 77' lang='grc' dir='ltr'><strong>δεῖ</strong></span> <span class='ocrx_word' id='word_1_100' title='bbox 986 1383 1120 1454; x_wconf 81' lang='grc' dir='ltr'>πρὸς</span> <span class='ocrx_word' id='word_1_101' title='bbox 1168 1382 1226 1434; x_wconf 88' lang='grc' dir='ltr'>σὲ</span> <span class='ocrx_word' id='word_1_102' title='bbox 1283 1382 1372 1434; x_wconf 84' lang='grc' dir='ltr'>τὸν</span> <span class='ocrx_word' id='word_1_103' title='bbox 1411 1378 1470 1434; x_wconf 81' lang='grc' dir='ltr'><strong>εὖ</strong></span> <span class='ocrx_word' id='word_1_104' title='bbox 1522 1381 1701 1434; x_wconf 80' lang='grc' dir='ltr'>εἰδότα</span> 
     </span>
    </p>
   </div>
   <div class='ocr_carea' id='block_1_16' title="bbox 129 1468 1696 1542">
    <p class='ocr_par' dir='ltr' id='par_1_16' title="bbox 129 1468 1696 1542">
     <span class='ocr_line' id='line_1_16' title="bbox 129 1468 1696 1542; baseline -0.003 -15"><span class='ocrx_word' id='word_1_105' title='bbox 129 1474 605 1542; x_wconf 76' lang='grc' dir='ltr'>ύποδειγματίζειν</span> <span class='ocrx_word' id='word_1_106' title='bbox 642 1475 702 1526; x_wconf 85' lang='grc' dir='ltr'><strong>τὸ</strong></span> <span class='ocrx_word' id='word_1_107' title='bbox 729 1473 1052 1542; x_wconf 87' lang='grc' dir='ltr'>λεγόμενον;</span> <span class='ocrx_word' id='word_1_108' title='bbox 1081 1469 1186 1527; x_wconf 87' lang='grc' dir='ltr'><strong>Ἦν</strong></span> <span class='ocrx_word' id='word_1_109' title='bbox 1219 1468 1331 1534; x_wconf 78' lang='grc' dir='ltr'>οὖν,</span> <span class='ocrx_word' id='word_1_110' title='bbox 1358 1472 1431 1534; x_wconf 89' lang='grc' dir='ltr'><strong>ώς</strong></span> <span class='ocrx_word' id='word_1_111' title='bbox 1462 1473 1696 1541; x_wconf 84' lang='grc' dir='ltr'>εἴρηται,</span> 
     </span>
    </p>
   </div>
   <div class='ocr_carea' id='block_1_17' title="bbox 132 1563 1699 1635">
    <p class='ocr_par' dir='ltr' id='par_1_17' title="bbox 132 1563 1699 1635">
     <span class='ocr_line' id='line_1_17' title="bbox 132 1563 1699 1635; baseline -0.003 -16"><span class='ocrx_word' id='word_1_112' title='bbox 132 1569 189 1619; x_wconf 82' lang='grc' dir='ltr'><strong>ἐν</strong></span> <span class='ocrx_word' id='word_1_113' title='bbox 219 1567 450 1629; x_wconf 85' lang='grc' dir='ltr'>τούτοις.</span> <span class='ocrx_word' id='word_1_114' title='bbox 497 1565 648 1618; x_wconf 75' lang='grc' dir='ltr'>Ἐπεὶ</span> <span class='ocrx_word' id='word_1_115' title='bbox 698 1565 754 1617; x_wconf 83' lang='grc' dir='ltr'><strong>δὲ</strong></span> <span class='ocrx_word' id='word_1_116' title='bbox 806 1565 986 1635; x_wconf 85' lang='grc' dir='ltr'>παρῆν</span> <span class='ocrx_word' id='word_1_117' title='bbox 1024 1567 1056 1634; x_wconf 87' lang='grc' dir='ltr'>ὴ</span> <span class='ocrx_word' id='word_1_118' title='bbox 1089 1564 1271 1634; x_wconf 84' lang='grc' dir='ltr'>ήμέρα</span> <span class='ocrx_word' id='word_1_119' title='bbox 1309 1566 1405 1634; x_wconf 83' lang='grc' dir='ltr'>τῆς</span> <span class='ocrx_word' id='word_1_120' title='bbox 1438 1564 1576 1633; x_wconf 86' lang='grc' dir='ltr'>μετὰ</span> <span class='ocrx_word' id='word_1_121' title='bbox 1600 1563 1699 1632; x_wconf 66' lang='grc' dir='ltr'>τὴν</span> 
     </span>
    </p>
   </div>
   <div class='ocr_carea' id='block_1_18' title="bbox 132 1655 1701 1727">
    <p class='ocr_par' dir='ltr' id='par_1_18' title="bbox 132 1655 1701 1727">
     <span class='ocr_line' id='line_1_18' title="bbox 132 1655 1701 1727; baseline 0.001 -20"><span class='ocrx_word' id='word_1_122' title='bbox 132 1655 510 1727; x_wconf 80' lang='grc' dir='ltr'>Πεντηκοστὴν</span> <span class='ocrx_word' id='word_1_123' title='bbox 561 1655 815 1726; x_wconf 82' lang='grc' dir='ltr'>δευτέρας</span> <span class='ocrx_word' id='word_1_124' title='bbox 842 1656 1181 1725; x_wconf 83' lang='grc' dir='ltr'>έορτάσιμος,</span> <span class='ocrx_word' id='word_1_125' title='bbox 1208 1655 1440 1718; x_wconf 75' lang='grc' dir='ltr'>ἀναστάς</span> <span class='ocrx_word' id='word_1_126' title='bbox 1471 1655 1578 1709; x_wconf 82' lang='grc' dir='ltr'>ἀπὸ</span> <span class='ocrx_word' id='word_1_127' title='bbox 1601 1656 1701 1725; x_wconf 80' lang='grc' dir='ltr'>τῆς</span> 
     </span>
    </p>
   </div>
   <div class='ocr_carea' id='block_1_19' title="bbox 132 1745 1698 1816">
    <p class='ocr_par' dir='ltr' id='par_1_19' title="bbox 132 1745 1698 1816">
     <span class='ocr_line' id='line_1_19' title="bbox 132 1745 1698 1816; baseline 0.001 -17"><span class='ocrx_word' id='word_1_128' title='bbox 132 1746 453 1809; x_wconf 70' lang='grc' dir='ltr'><strong>ἑστιάσεως,</strong></span> <span class='ocrx_word' id='word_1_129' title='bbox 485 1746 693 1816; x_wconf 78' lang='grc' dir='ltr'><strong>ἐλήφθη</strong></span> <span class='ocrx_word' id='word_1_130' title='bbox 745 1747 925 1808; x_wconf 87' lang='grc' dir='ltr'>πόνοις</span> <span class='ocrx_word' id='word_1_131' title='bbox 957 1746 1287 1816; x_wconf 80' lang='grc' dir='ltr'>καταρροίας</span> <span class='ocrx_word' id='word_1_132' title='bbox 1329 1745 1436 1798; x_wconf 81' lang='grc' dir='ltr'><strong>ἀπὸ</strong></span> <span class='ocrx_word' id='word_1_133' title='bbox 1467 1745 1567 1816; x_wconf 80' lang='grc' dir='ltr'>τῆς</span> <span class='ocrx_word' id='word_1_134' title='bbox 1605 1764 1698 1800; x_wconf 87' lang='grc' dir='ltr'>κε-</span> 
     </span>
    </p>
   </div>
   <div class='ocr_carea' id='block_1_20' title="bbox 134 1838 1698 1910">
    <p class='ocr_par' dir='ltr' id='par_1_20' title="bbox 134 1838 1698 1910">
     <span class='ocr_line' id='line_1_20' title="bbox 134 1838 1698 1910; baseline 0.001 -19"><span class='ocrx_word' id='word_1_135' title='bbox 134 1840 308 1910; x_wconf 84' lang='grc' dir='ltr'>φαλῆς</span> <span class='ocrx_word' id='word_1_136' title='bbox 335 1840 637 1907; x_wconf 81' lang='grc' dir='ltr'>γενομένης</span> <span class='ocrx_word' id='word_1_137' title='bbox 663 1840 756 1892; x_wconf 77' lang='grc' dir='ltr'>ἐπὶ</span> <span class='ocrx_word' id='word_1_138' title='bbox 781 1838 870 1892; x_wconf 75' lang='grc' dir='ltr'>τὸν</span> <span class='ocrx_word' id='word_1_139' title='bbox 907 1838 1194 1891; x_wconf 85' lang='grc' dir='ltr'>σπόνδυλον</span> <span class='ocrx_word' id='word_1_140' title='bbox 1225 1839 1318 1890; x_wconf 82' lang='grc' dir='ltr'><strong>καὶ</strong></span> <span class='ocrx_word' id='word_1_141' title='bbox 1349 1840 1474 1902; x_wconf 84' lang='grc' dir='ltr'>τοὺς</span> <span class='ocrx_word' id='word_1_142' title='bbox 1500 1840 1698 1903; x_wconf 87' lang='grc' dir='ltr'>τόπους</span> 
     </span>
    </p>
   </div>
   <div class='ocr_carea' id='block_1_21' title="bbox 132 1923 1699 2001">
    <p class='ocr_par' dir='ltr' id='par_1_21' title="bbox 132 1923 1699 2001">
     <span class='ocr_line' id='line_1_21' title="bbox 132 1923 1699 2001; baseline 0.001 -19"><span class='ocrx_word' id='word_1_143' title='bbox 132 1931 240 1982; x_wconf 85' lang='grc' dir='ltr'>τῶν</span> <span class='ocrx_word' id='word_1_144' title='bbox 267 1931 648 2001; x_wconf 80' lang='grc' dir='ltr'>μεταφρένων.</span> <span class='ocrx_word' id='word_1_145' title='bbox 688 1929 802 1998; x_wconf 85' lang='grc' dir='ltr'><strong>Ἐφ’</strong></span> <span class='ocrx_word' id='word_1_146' title='bbox 827 1923 870 1997; x_wconf 82' lang='grc' dir='ltr'>ᾧ</span> <span class='ocrx_word' id='word_1_147' title='bbox 902 1928 1210 1998; x_wconf 79' lang='grc' dir='ltr'>κινηθέντες</span> <span class='ocrx_word' id='word_1_148' title='bbox 1236 1930 1286 1982; x_wconf 90' lang='grc' dir='ltr'><strong>οί</strong></span> <span class='ocrx_word' id='word_1_149' title='bbox 1313 1932 1579 1996; x_wconf 70' lang='grc' dir='ltr'>ταπεινοὶ,</span> <span class='ocrx_word' id='word_1_150' title='bbox 1606 1930 1699 1984; x_wconf 80' lang='grc' dir='ltr'>εὓ-</span> 
     </span>
    </p>
   </div>
   <div class='ocr_carea' id='block_1_22' title="bbox 139 2019 1700 2092">
    <p class='ocr_par' dir='ltr' id='par_1_22' title="bbox 139 2019 1700 2092">
     <span class='ocr_line' id='line_1_22' title="bbox 139 2019 1700 2092; baseline 0.001 -18"><span class='ocrx_word' id='word_1_151' title='bbox 139 2039 303 2092; x_wconf 86' lang='grc' dir='ltr'>ρομεν</span> <span class='ocrx_word' id='word_1_152' title='bbox 337 2023 500 2075; x_wconf 81' lang='grc' dir='ltr'>αὐτὸν</span> <span class='ocrx_word' id='word_1_153' title='bbox 532 2022 807 2092; x_wconf 88' lang='grc' dir='ltr'>κάμνοντα</span> <span class='ocrx_word' id='word_1_154' title='bbox 831 2019 907 2091; x_wconf 83' lang='grc' dir='ltr'><strong>τῷ</strong></span> <span class='ocrx_word' id='word_1_155' title='bbox 934 2019 1067 2083; x_wconf 77' lang='grc' dir='ltr'>δντι,</span> <span class='ocrx_word' id='word_1_156' title='bbox 1094 2019 1188 2072; x_wconf 76' lang='grc' dir='ltr'><strong>καὶ</strong></span> <span class='ocrx_word' id='word_1_157' title='bbox 1217 2020 1578 2089; x_wconf 79' lang='grc' dir='ltr'><strong>διασαφοῦντα</strong></span> <span class='ocrx_word' id='word_1_158' title='bbox 1601 2023 1700 2086; x_wconf 83' lang='grc' dir='ltr'>τὰς</span> 
     </span>
    </p>
   </div>
   <div class='ocr_carea' id='block_1_23' title="bbox 135 2102 1701 2182">
    <p class='ocr_par' dir='ltr' id='par_1_23' title="bbox 135 2102 1701 2182">
     <span class='ocr_line' id='line_1_23' title="bbox 135 2102 1701 2182; baseline -0.001 -17"><span class='ocrx_word' id='word_1_159' title='bbox 135 2114 310 2176; x_wconf 74' lang='grc' dir='ltr'>αἰτίας</span> <span class='ocrx_word' id='word_1_160' title='bbox 340 2113 442 2182; x_wconf 81' lang='grc' dir='ltr'>τῆς</span> <span class='ocrx_word' id='word_1_161' title='bbox 470 2110 861 2181; x_wconf 85' lang='grc' dir='ltr'>συμπτώσεως.</span> <span class='ocrx_word' id='word_1_162' title='bbox 905 2102 1036 2161; x_wconf 79' lang='grc' dir='ltr'>Εἶτα</span> <span class='ocrx_word' id='word_1_163' title='bbox 1064 2109 1249 2180; x_wconf 77' lang='grc' dir='ltr'>ἐπειδὴ</span> <span class='ocrx_word' id='word_1_164' title='bbox 1279 2111 1701 2182; x_wconf 72' lang='grc' dir='ltr'>ὑπεστρέψαμεν</span> 
     </span>
    </p>
   </div>
   <div class='ocr_carea' id='block_1_24' title="bbox 134 2203 1701 2276">
    <p class='ocr_par' dir='ltr' id='par_1_24' title="bbox 134 2203 1701 2276">
     <span class='ocr_line' id='line_1_24' title="bbox 134 2203 1701 2276; baseline 0 -18"><span class='ocrx_word' id='word_1_165' title='bbox 134 2207 291 2258; x_wconf 80' lang='grc' dir='ltr'>οἴκοι·</span> <span class='ocrx_word' id='word_1_166' title='bbox 334 2203 488 2268; x_wconf 77' lang='grc' dir='ltr'>αὖθις</span> <span class='ocrx_word' id='word_1_167' title='bbox 517 2209 581 2276; x_wconf 82' lang='grc' dir='ltr'>τῇ</span> <span class='ocrx_word' id='word_1_168' title='bbox 616 2205 740 2273; x_wconf 79' lang='grc' dir='ltr'><strong>ἑξῆς</strong></span> <span class='ocrx_word' id='word_1_169' title='bbox 793 2203 1247 2273; x_wconf 86' lang='grc' dir='ltr'>παραγενόμενοι,</span> <span class='ocrx_word' id='word_1_170' title='bbox 1281 2203 1514 2276; x_wconf 78' lang='grc' dir='ltr'>εὕρομεν</span> <span class='ocrx_word' id='word_1_171' title='bbox 1539 2207 1701 2259; x_wconf 78' lang='grc' dir='ltr'>αὑτὸν</span> 
     </span>
    </p>
   </div>
   <div class='ocr_carea' id='block_1_25' title="bbox 137 2292 1702 2364">
    <p class='ocr_par' dir='ltr' id='par_1_25' title="bbox 137 2292 1702 2364">
     <span class='ocr_line' id='line_1_25' title="bbox 137 2292 1702 2364; baseline 0.001 -18"><span class='ocrx_word' id='word_1_172' title='bbox 137 2295 217 2348; x_wconf 82' lang='grc' dir='ltr'><strong>ἔτι</strong></span> <span class='ocrx_word' id='word_1_173' title='bbox 247 2295 571 2364; x_wconf 84' lang='grc' dir='ltr'>βαλλόμενον</span> <span class='ocrx_word' id='word_1_174' title='bbox 607 2292 988 2360; x_wconf 82' lang='grc' dir='ltr'>σφοδροτέραις</span> <span class='ocrx_word' id='word_1_175' title='bbox 1021 2294 1298 2361; x_wconf 84' lang='grc' dir='ltr'>ἀλγηδόσι.</span> <span class='ocrx_word' id='word_1_176' title='bbox 1333 2295 1426 2348; x_wconf 76' lang='grc' dir='ltr'><strong>καὶ</strong></span> <span class='ocrx_word' id='word_1_177' title='bbox 1488 2295 1702 2348; x_wconf 82' lang='grc' dir='ltr'>διακαεϊ</span> 
     </span>
    </p>
   </div>
   <div class='ocr_carea' id='block_1_26' title="bbox 137 2384 1701 2457">
    <p class='ocr_par' dir='ltr' id='par_1_26' title="bbox 137 2384 1701 2457">
     <span class='ocr_line' id='line_1_26' title="bbox 137 2384 1701 2457; baseline 0.001 -18"><span class='ocrx_word' id='word_1_178' title='bbox 137 2387 376 2457; x_wconf 81' lang='grc' dir='ltr'>πυρετῷ·</span> <span class='ocrx_word' id='word_1_179' title='bbox 412 2387 563 2457; x_wconf 84' lang='grc' dir='ltr'>μόλις</span> <span class='ocrx_word' id='word_1_180' title='bbox 605 2384 892 2452; x_wconf 81' lang='grc' dir='ltr'>δυνηθέντα</span> <span class='ocrx_word' id='word_1_181' title='bbox 932 2387 1065 2454; x_wconf 82' lang='grc' dir='ltr'>ήμῖν</span> <span class='ocrx_word' id='word_1_182' title='bbox 1107 2385 1286 2456; x_wconf 69' lang='grc' dir='ltr'>ἠρέμα</span> <span class='ocrx_word' id='word_1_183' title='bbox 1326 2387 1701 2456; x_wconf 77' lang='grc' dir='ltr'>προσφθέγξαο</span> 
     </span>
    </p>
   </div>
   <div class='ocr_carea' id='block_1_27' title="bbox 141 2475 1701 2548">
    <p class='ocr_par' dir='ltr' id='par_1_27' title="bbox 141 2475 1701 2548">
     <span class='ocr_line' id='line_1_27' title="bbox 141 2475 1701 2548; baseline 0.002 -20"><span class='ocrx_word' id='word_1_184' title='bbox 141 2478 282 2529; x_wconf 88' lang='grc' dir='ltr'>σθαι·</span> <span class='ocrx_word' id='word_1_185' title='bbox 319 2479 418 2531; x_wconf 72' lang='grc' dir='ltr'><strong>καὶ</strong></span> <span class='ocrx_word' id='word_1_186' title='bbox 445 2477 541 2542; x_wconf 75' lang='grc' dir='ltr'><strong>τὴν</strong></span> <span class='ocrx_word' id='word_1_187' title='bbox 571 2475 879 2541; x_wconf 83' lang='grc' dir='ltr'>ἀπόγνωσιν</span> <span class='ocrx_word' id='word_1_188' title='bbox 921 2475 1017 2528; x_wconf 84' lang='grc' dir='ltr'>τοῦ</span> <span class='ocrx_word' id='word_1_189' title='bbox 1052 2478 1148 2546; x_wconf 80' lang='grc' dir='ltr'>ζῇν</span> <span class='ocrx_word' id='word_1_190' title='bbox 1189 2477 1243 2530; x_wconf 80' lang='grc' dir='ltr'><strong>ὲν</strong></span> <span class='ocrx_word' id='word_1_191' title='bbox 1277 2478 1438 2548; x_wconf 76' lang='grc' dir='ltr'>σαρκὶ</span> <span class='ocrx_word' id='word_1_192' title='bbox 1470 2478 1701 2531; x_wconf 79' lang='grc' dir='ltr'>αἰνιττό-</span> 
     </span>
    </p>
   </div>
   <div class='ocr_carea' id='block_1_28' title="bbox 141 2566 1703 2639">
    <p class='ocr_par' dir='ltr' id='par_1_28' title="bbox 141 2566 1703 2639">
     <span class='ocr_line' id='line_1_28' title="bbox 141 2566 1703 2639; baseline 0.001 -18"><span class='ocrx_word' id='word_1_193' title='bbox 141 2586 324 2638; x_wconf 86' lang='grc' dir='ltr'>μενον.</span> <span class='ocrx_word' id='word_1_194' title='bbox 355 2569 422 2621; x_wconf 93' lang='grc' dir='ltr'>Τί</span> <span class='ocrx_word' id='word_1_195' title='bbox 465 2566 525 2619; x_wconf 78' lang='grc' dir='ltr'>τὸ</span> <span class='ocrx_word' id='word_1_196' title='bbox 548 2567 708 2636; x_wconf 82' lang='grc' dir='ltr'><strong>ὲξῆς;</strong></span> <span class='ocrx_word' id='word_1_197' title='bbox 752 2570 818 2638; x_wconf 79' lang='grc' dir='ltr'>τῇ</span> <span class='ocrx_word' id='word_1_198' title='bbox 863 2569 1018 2639; x_wconf 80' lang='grc' dir='ltr'>τρίτῃ</span> <span class='ocrx_word' id='word_1_199' title='bbox 1047 2569 1225 2639; x_wconf 70' lang='grc' dir='ltr'>ἡμέρα</span> <span class='ocrx_word' id='word_1_200' title='bbox 1258 2570 1351 2623; x_wconf 76' lang='grc' dir='ltr'><strong>καὶ</strong></span> <span class='ocrx_word' id='word_1_201' title='bbox 1379 2569 1574 2639; x_wconf 83' lang='grc' dir='ltr'>δεσμὸς</span> <span class='ocrx_word' id='word_1_202' title='bbox 1606 2570 1703 2638; x_wconf 83' lang='grc' dir='ltr'>τῆς</span> 
     </span>
    </p>
   </div>
   <div class='ocr_carea' id='block_1_29' title="bbox 140 2658 1704 2732">
    <p class='ocr_par' dir='ltr' id='par_1_29' title="bbox 140 2658 1704 2732">
     <span class='ocr_line' id='line_1_29' title="bbox 140 2658 1704 2732; baseline 0.003 -22"><span class='ocrx_word' id='word_1_203' title='bbox 140 2659 385 2728; x_wconf 79' lang='grc' dir='ltr'>γλώττης</span> <span class='ocrx_word' id='word_1_204' title='bbox 430 2658 683 2727; x_wconf 78' lang='grc' dir='ltr'>πάμπαν,</span> <span class='ocrx_word' id='word_1_205' title='bbox 722 2661 816 2711; x_wconf 69' lang='grc' dir='ltr'><strong>καὶ</strong></span> <span class='ocrx_word' id='word_1_206' title='bbox 849 2660 906 2712; x_wconf 79' lang='grc' dir='ltr'><strong>οὐ</strong></span> <span class='ocrx_word' id='word_1_207' title='bbox 944 2662 1060 2730; x_wconf 85' lang='grc' dir='ltr'>μετ’</span> <span class='ocrx_word' id='word_1_208' title='bbox 1078 2660 1138 2711; x_wconf 85' lang='grc' dir='ltr'><strong>ού</strong></span> <span class='ocrx_word' id='word_1_209' title='bbox 1165 2660 1299 2713; x_wconf 84' lang='grc' dir='ltr'>πολὺ</span> <span class='ocrx_word' id='word_1_210' title='bbox 1333 2662 1360 2714; x_wconf 88' lang='lat'><strong>6</strong></span> <span class='ocrx_word' id='word_1_211' title='bbox 1383 2661 1575 2732; x_wconf 81' lang='grc' dir='ltr'>πικρὸς</span> <span class='ocrx_word' id='word_1_212' title='bbox 1606 2661 1704 2714; x_wconf 87' lang='grc' dir='ltr'>θά-</span> 
     </span>
    </p>
   </div>
   <div class='ocr_carea' id='block_1_30' title="bbox 139 2749 1702 2822">
    <p class='ocr_par' dir='ltr' id='par_1_30' title="bbox 139 2749 1702 2822">
     <span class='ocr_line' id='line_1_30' title="bbox 139 2749 1702 2822; baseline 0.001 -18"><span class='ocrx_word' id='word_1_213' title='bbox 139 2766 314 2813; x_wconf 80' lang='grc' dir='ltr'>νατος.</span> <span class='ocrx_word' id='word_1_214' title='bbox 362 2749 501 2802; x_wconf 78' lang='grc' dir='ltr'>Ἀλλ’</span> <span class='ocrx_word' id='word_1_215' title='bbox 537 2751 669 2820; x_wconf 83' lang='grc' dir='ltr'>ἡμῖν</span> <span class='ocrx_word' id='word_1_216' title='bbox 703 2751 820 2822; x_wconf 83' lang='grc' dir='ltr'>μὲν,</span> <span class='ocrx_word' id='word_1_217' title='bbox 856 2751 942 2803; x_wconf 89' lang='grc' dir='ltr'><strong>διά</strong></span> <span class='ocrx_word' id='word_1_218' title='bbox 983 2753 1080 2821; x_wconf 78' lang='grc' dir='ltr'><strong>τὴν</strong></span> <span class='ocrx_word' id='word_1_219' title='bbox 1114 2752 1366 2821; x_wconf 84' lang='grc' dir='ltr'>στέρησιν</span> <span class='ocrx_word' id='word_1_220' title='bbox 1406 2751 1499 2805; x_wconf 80' lang='grc' dir='ltr'>τοῦ</span> <span class='ocrx_word' id='word_1_221' title='bbox 1549 2753 1702 2821; x_wconf 84' lang='grc' dir='ltr'>ἁγίου</span> 
     </span>
    </p>
   </div>
   <div class='ocr_carea' id='block_1_31' title="bbox 142 2837 1703 2908">
    <p class='ocr_par' dir='ltr' id='par_1_31' title="bbox 142 2837 1703 2908">
     <span class='ocr_line' id='line_1_31' title="bbox 142 2837 1703 2908; baseline 0.003 -18"><span class='ocrx_word' id='word_1_222' title='bbox 142 2839 368 2908; x_wconf 66' lang='grc' dir='ltr'>ἀνδρὸς,</span> <span class='ocrx_word' id='word_1_223' title='bbox 406 2837 468 2890; x_wconf 84' lang='grc' dir='ltr'><strong>τὸ</strong></span> <span class='ocrx_word' id='word_1_224' title='bbox 504 2838 698 2907; x_wconf 82' lang='grc' dir='ltr'>πικρὸν</span> <span class='ocrx_word' id='word_1_225' title='bbox 738 2839 975 2908; x_wconf 73' lang='grc' dir='ltr'>εἰρήσθω</span> <span class='ocrx_word' id='word_1_226' title='bbox 1004 2855 1018 2869; x_wconf 80' lang='grc'><strong><em>⁸</em></strong></span> <span class='ocrx_word' id='word_1_227' title='bbox 1071 2840 1263 2908; x_wconf 78' lang='grc' dir='ltr'>ἐκείνῳ</span> <span class='ocrx_word' id='word_1_228' title='bbox 1315 2841 1373 2894; x_wconf 79' lang='grc' dir='ltr'>δὲ</span> <span class='ocrx_word' id='word_1_229' title='bbox 1417 2842 1511 2894; x_wconf 78' lang='grc' dir='ltr'><strong>καὶ</strong></span> <span class='ocrx_word' id='word_1_230' title='bbox 1565 2844 1703 2896; x_wconf 87' lang='grc' dir='ltr'>πάνυ</span> 
     </span>
    </p>
   </div>
   <div class='ocr_carea' id='block_1_32' title="bbox 142 2926 1705 3001">
    <p class='ocr_par' dir='ltr' id='par_1_32' title="bbox 142 2926 1705 3001">
     <span class='ocr_line' id='line_1_32' title="bbox 142 2926 1705 3001; baseline 0.008 -25"><span class='ocrx_word' id='word_1_231' title='bbox 142 2926 335 2994; x_wconf 73' lang='grc' dir='ltr'>γλυκὺ,</span> <span class='ocrx_word' id='word_1_232' title='bbox 374 2926 466 2979; x_wconf 88' lang='grc' dir='ltr'><strong>διά</strong></span> <span class='ocrx_word' id='word_1_233' title='bbox 499 2926 561 2980; x_wconf 77' lang='grc' dir='ltr'>τὸ</span> <span class='ocrx_word' id='word_1_234' title='bbox 585 2926 849 2980; x_wconf 80' lang='grc' dir='ltr'>ἀναλῦσαι</span> <span class='ocrx_word' id='word_1_235' title='bbox 877 2930 970 2980; x_wconf 75' lang='grc' dir='ltr'><strong>καὶ</strong></span> <span class='ocrx_word' id='word_1_236' title='bbox 1001 2930 1096 2983; x_wconf 76' lang='grc' dir='ltr'>σὺν</span> <span class='ocrx_word' id='word_1_237' title='bbox 1119 2931 1339 3001; x_wconf 81' lang='grc' dir='ltr'>Χριστῷ</span> <span class='ocrx_word' id='word_1_238' title='bbox 1366 2929 1524 2985; x_wconf 80' lang='grc' dir='ltr'>εἶναι’</span> <span class='ocrx_word' id='word_1_239' title='bbox 1550 2928 1609 2988; x_wconf 73' lang='grc' dir='ltr'>οὗ</span> <span class='ocrx_word' id='word_1_240' title='bbox 1653 2936 1705 2987; x_wconf 86' lang='grc' dir='ltr'><strong>τί</strong></span> 
     </span>
    </p>
   </div>
   <div class='ocr_carea' id='block_1_33' title="bbox 143 3013 1708 3094">
    <p class='ocr_par' dir='ltr' id='par_1_33' title="bbox 143 3013 1708 3094">
     <span class='ocr_line' id='line_1_33' title="bbox 143 3013 1708 3094; baseline 0.007 -28"><span class='ocrx_word' id='word_1_241' title='bbox 143 3013 208 3067; x_wconf 82' lang='grc' dir='ltr'>ἂν</span> <span class='ocrx_word' id='word_1_242' title='bbox 235 3015 317 3083; x_wconf 85' lang='grc' dir='ltr'><strong>εῐη</strong></span> <span class='ocrx_word' id='word_1_243' title='bbox 363 3019 779 3086; x_wconf 81' lang='grc' dir='ltr'>μακαριώτερον</span> <span class='ocrx_word' id='word_1_244' title='bbox 803 3034 816 3082; x_wconf 89' lang='grc'><strong>;</strong></span> <span class='ocrx_word' id='word_1_245' title='bbox 852 3019 1065 3071; x_wconf 87' lang='grc' dir='ltr'>Ἔκειτο</span> <span class='ocrx_word' id='word_1_246' title='bbox 1087 3015 1178 3071; x_wconf 79' lang='grc' dir='ltr'>οὖν</span> <span class='ocrx_word' id='word_1_247' title='bbox 1197 3023 1224 3072; x_wconf 88' lang='lat'><strong>6</strong></span> <span class='ocrx_word' id='word_1_248' title='bbox 1253 3023 1560 3092; x_wconf 87' lang='grc' dir='ltr'>μακαρίτης</span> <span class='ocrx_word' id='word_1_249' title='bbox 1588 3023 1708 3094; x_wconf 81' lang='grc' dir='ltr'>(κα-</span> 
     </span>
    </p>
   </div>
   <div class='ocr_carea' id='block_1_34' title="bbox 141 3104 1700 3183">
    <p class='ocr_par' dir='ltr' id='par_1_34' title="bbox 141 3104 1700 3183">
     <span class='ocr_line' id='line_1_34' title="bbox 141 3104 1700 3183; baseline 0.008 -26"><span class='ocrx_word' id='word_1_250' title='bbox 141 3104 231 3159; x_wconf 68' lang='grc' dir='ltr'>λὸν</span> <span class='ocrx_word' id='word_1_251' title='bbox 258 3106 365 3177; x_wconf 75' lang='grc' dir='ltr'>γὰρ</span> <span class='ocrx_word' id='word_1_252' title='bbox 415 3110 510 3160; x_wconf 74' lang='grc' dir='ltr'>καὶ</span> <span class='ocrx_word' id='word_1_253' title='bbox 542 3108 696 3161; x_wconf 78' lang='grc' dir='ltr'>τοῦτο</span> <span class='ocrx_word' id='word_1_254' title='bbox 724 3109 1056 3179; x_wconf 77' lang='grc' dir='ltr'>ὑπογράψαι.</span> <span class='ocrx_word' id='word_1_255' title='bbox 1084 3110 1268 3183; x_wconf 81' lang='grc' dir='ltr'>ὥσπερ</span> <span class='ocrx_word' id='word_1_256' title='bbox 1310 3131 1362 3166; x_wconf 89' lang='grc' dir='ltr'><strong>τι</strong></span> <span class='ocrx_word' id='word_1_257' title='bbox 1391 3114 1541 3178; x_wconf 78' lang='grc' dir='ltr'>ξένον</span> <span class='ocrx_word' id='word_1_258' title='bbox 1577 3117 1700 3169; x_wconf 88' lang='grc' dir='ltr'>θέα-</span> 
     </span>
    </p>
   </div>
   <div class='ocr_carea' id='block_1_35' title="bbox 148 3198 1707 3275">
    <p class='ocr_par' dir='ltr' id='par_1_35' title="bbox 148 3198 1707 3275">
     <span class='ocr_line' id='line_1_35' title="bbox 148 3198 1707 3275; baseline 0.006 -26"><span class='ocrx_word' id='word_1_259' title='bbox 148 3198 265 3264; x_wconf 86' lang='grc' dir='ltr'>μα),</span> <span class='ocrx_word' id='word_1_260' title='bbox 291 3199 568 3268; x_wconf 73' lang='grc' dir='ltr'>αἰδέσιμος</span> <span class='ocrx_word' id='word_1_261' title='bbox 595 3203 661 3269; x_wconf 77' lang='grc' dir='ltr'>τῇ</span> <span class='ocrx_word' id='word_1_262' title='bbox 684 3200 826 3270; x_wconf 68' lang='grc' dir='ltr'>ὄψει,</span> <span class='ocrx_word' id='word_1_263' title='bbox 846 3201 1188 3272; x_wconf 82' lang='grc' dir='ltr'>ἀγγελοειδὴς</span> <span class='ocrx_word' id='word_1_264' title='bbox 1219 3203 1295 3274; x_wconf 84' lang='grc' dir='ltr'>τῷ</span> <span class='ocrx_word' id='word_1_265' title='bbox 1326 3206 1583 3274; x_wconf 82' lang='grc' dir='ltr'>σχήματι·</span> <span class='ocrx_word' id='word_1_266' title='bbox 1607 3210 1707 3275; x_wconf 81' lang='grc' dir='ltr'><strong>τῆς</strong></span> 
     </span>
    </p>
   </div>
   <div class='ocr_carea' id='block_1_36' title="bbox 146 3288 1705 3366">
    <p class='ocr_par' dir='ltr' id='par_1_36' title="bbox 146 3288 1705 3366">
     <span class='ocr_line' id='line_1_36' title="bbox 146 3288 1705 3366; baseline 0.007 -28"><span class='ocrx_word' id='word_1_267' title='bbox 146 3288 526 3358; x_wconf 77' lang='grc' dir='ltr'>ὲνδημησάσης</span> <span class='ocrx_word' id='word_1_268' title='bbox 604 3290 739 3359; x_wconf 81' lang='grc' dir='ltr'>πρὸς</span> <span class='ocrx_word' id='word_1_269' title='bbox 793 3291 992 3362; x_wconf 81' lang='grc' dir='ltr'>Κύριον</span> <span class='ocrx_word' id='word_1_270' title='bbox 1059 3293 1236 3364; x_wconf 79' lang='grc' dir='ltr'>ψυχῆς</span> <span class='ocrx_word' id='word_1_271' title='bbox 1299 3294 1485 3366; x_wconf 82' lang='grc' dir='ltr'>ὥσπερ</span> <span class='ocrx_word' id='word_1_272' title='bbox 1555 3297 1705 3360; x_wconf 79' lang='grc' dir='ltr'>τινάς</span> 
     </span>
    </p>
   </div>
   <div class='ocr_carea' id='block_1_37' title="bbox 146 3379 1706 3456">
    <p class='ocr_par' dir='ltr' id='par_1_37' title="bbox 146 3379 1706 3456">
     <span class='ocr_line' id='line_1_37' title="bbox 146 3379 1706 3456; baseline 0.008 -28"><span class='ocrx_word' id='word_1_273' title='bbox 146 3379 418 3446; x_wconf 70' lang='grc' dir='ltr'>ἡλιοειδείς</span> <span class='ocrx_word' id='word_1_274' title='bbox 451 3383 798 3450; x_wconf 79' lang='grc' dir='ltr'>χαρακτῆρας</span> <span class='ocrx_word' id='word_1_275' title='bbox 820 3384 1300 3454; x_wconf 79' lang='grc' dir='ltr'>ὲναπομαξαμένης</span> <span class='ocrx_word' id='word_1_276' title='bbox 1327 3385 1403 3454; x_wconf 80' lang='grc' dir='ltr'>τῷ</span> <span class='ocrx_word' id='word_1_277' title='bbox 1436 3386 1566 3456; x_wconf 81' lang='grc' dir='ltr'>ἱερῷ</span> <span class='ocrx_word' id='word_1_278' title='bbox 1603 3387 1706 3440; x_wconf 87' lang='grc' dir='ltr'>σώ-</span> 
     </span>
    </p>
   </div>
   <div class='ocr_carea' id='block_1_38' title="bbox 151 3469 1704 3549">
    <p class='ocr_par' dir='ltr' id='par_1_38' title="bbox 151 3469 1704 3549">
     <span class='ocr_line' id='line_1_38' title="bbox 151 3469 1704 3549; baseline 0.008 -28"><span class='ocrx_word' id='word_1_279' title='bbox 151 3487 298 3538; x_wconf 84' lang='grc' dir='ltr'>ματι,</span> <span class='ocrx_word' id='word_1_280' title='bbox 336 3472 459 3542; x_wconf 76' lang='grc' dir='ltr'>μεθ’</span> <span class='ocrx_word' id='word_1_281' title='bbox 492 3469 552 3526; x_wconf 74' lang='grc' dir='ltr'><strong>οὗ</strong></span> <span class='ocrx_word' id='word_1_282' title='bbox 579 3475 672 3525; x_wconf 86' lang='grc' dir='ltr'><strong>καί</strong></span> <span class='ocrx_word' id='word_1_283' title='bbox 701 3476 784 3540; x_wconf 74' lang='grc' dir='ltr'><strong>ἐφ’</strong></span> <span class='ocrx_word' id='word_1_284' title='bbox 807 3469 851 3540; x_wconf 80' lang='grc' dir='ltr'>ᾧ</span> <span class='ocrx_word' id='word_1_285' title='bbox 883 3474 1202 3543; x_wconf 87' lang='grc' dir='ltr'>λελάτρευκε</span> <span class='ocrx_word' id='word_1_286' title='bbox 1227 3479 1292 3546; x_wconf 78' lang='grc' dir='ltr'>τῇ</span> <span class='ocrx_word' id='word_1_287' title='bbox 1328 3478 1458 3549; x_wconf 72' lang='grc' dir='ltr'>ἁγία</span> <span class='ocrx_word' id='word_1_288' title='bbox 1499 3480 1704 3548; x_wconf 86' lang='grc' dir='ltr'>Τριάδι.</span> 
     </span>
    </p>
   </div>
   <div class='ocr_carea' id='block_1_39' title="bbox 162 3562 1708 3641">
    <p class='ocr_par' dir='ltr' id='par_1_39' title="bbox 162 3562 1708 3641">
     <span class='ocr_line' id='line_1_39' title="bbox 162 3562 1708 3641; baseline 0.007 -28"><span class='ocrx_word' id='word_1_289' title='bbox 162 3562 450 3634; x_wconf 79' lang='grc' dir='ltr'>Ὶιθροίσθη</span> <span class='ocrx_word' id='word_1_290' title='bbox 479 3564 736 3633; x_wconf 72' lang='grc' dir='ltr'>ἐξαπίνης</span> <span class='ocrx_word' id='word_1_291' title='bbox 752 3566 1109 3634; x_wconf 71' lang='grc' dir='ltr'>ὅμιλοςνὸμώ</span> <span class='ocrx_word' id='word_1_292' title='bbox 1137 3569 1233 3634; x_wconf 84' lang='grc' dir='ltr'><strong>μὲν</strong></span> <span class='ocrx_word' id='word_1_293' title='bbox 1264 3569 1708 3641; x_wconf 76' lang='grc' dir='ltr'>μοναστῶν.όμοῦ</span> 
     </span>
    </p>
   </div>
   <div class='ocr_carea' id='block_1_40' title="bbox 151 3652 1710 3728">
    <p class='ocr_par' dir='ltr' id='par_1_40' title="bbox 151 3652 1710 3728">
     <span class='ocr_line' id='line_1_40' title="bbox 151 3652 1710 3728; baseline 0.007 -25"><span class='ocrx_word' id='word_1_294' title='bbox 151 3652 326 3706; x_wconf 76' lang='grc' dir='ltr'>δὲκαὶ</span> <span class='ocrx_word' id='word_1_295' title='bbox 353 3655 617 3722; x_wconf 79' lang='grc' dir='ltr'>μιγάδων,</span> <span class='ocrx_word' id='word_1_296' title='bbox 654 3654 819 3714; x_wconf 80' lang='grc' dir='ltr'>πολὺς</span> <span class='ocrx_word' id='word_1_297' title='bbox 853 3655 933 3708; x_wconf 80' lang='grc' dir='ltr'><strong>ὅτι</strong></span> <span class='ocrx_word' id='word_1_298' title='bbox 967 3657 1221 3724; x_wconf 87' lang='grc' dir='ltr'>μάλιστα·</span> <span class='ocrx_word' id='word_1_299' title='bbox 1251 3660 1598 3728; x_wconf 84' lang='grc' dir='ltr'>περιεκέχυτο</span> <span class='ocrx_word' id='word_1_300' title='bbox 1631 3663 1710 3724; x_wconf 85' lang='grc' dir='ltr'><strong>είς</strong></span> 
     </span>
    </p>
   </div>
   <div class='ocr_carea' id='block_1_41' title="bbox 152 3743 1710 3821">
    <p class='ocr_par' dir='ltr' id='par_1_41' title="bbox 152 3743 1710 3821">
     <span class='ocr_line' id='line_1_41' title="bbox 152 3743 1710 3821; baseline 0.008 -27"><span class='ocrx_word' id='word_1_301' title='bbox 152 3743 280 3795; x_wconf 73' lang='grc' dir='ltr'>αὐτὸ</span> <span class='ocrx_word' id='word_1_302' title='bbox 313 3744 384 3807; x_wconf 66' lang='grc' dir='ltr'>ὡς,</span> <span class='ocrx_word' id='word_1_303' title='bbox 440 3745 586 3814; x_wconf 76' lang='grc' dir='ltr'>ἱερὸν</span> <span class='ocrx_word' id='word_1_304' title='bbox 639 3747 919 3816; x_wconf 81' lang='grc' dir='ltr'>κειμήλιον</span> <span class='ocrx_word' id='word_1_305' title='bbox 952 3749 1292 3814; x_wconf 82' lang='grc' dir='ltr'>ἀποϐλέπων,</span> <span class='ocrx_word' id='word_1_306' title='bbox 1333 3751 1364 3820; x_wconf 87' lang='grc' dir='ltr'><strong>ῆ</strong></span> <span class='ocrx_word' id='word_1_307' title='bbox 1401 3752 1598 3821; x_wconf 85' lang='grc' dir='ltr'>μᾶλλον</span> <span class='ocrx_word' id='word_1_308' title='bbox 1629 3755 1710 3806; x_wconf 73' lang='lat' dir='ltr'><strong>oi-</strong></span> 
     </span>
    </p>
   </div>
   <div class='ocr_carea' id='block_1_42' title="bbox 153 3837 1712 3914">
    <p class='ocr_par' dir='ltr' id='par_1_42' title="bbox 153 3837 1712 3914">
     <span class='ocr_line' id='line_1_42' title="bbox 153 3837 1712 3914; baseline 0.009 -29"><span class='ocrx_word' id='word_1_309' title='bbox 153 3837 422 3904; x_wconf 80' lang='grc' dir='ltr'>κειότερον</span> <span class='ocrx_word' id='word_1_310' title='bbox 461 3840 667 3900; x_wconf 86' lang='grc' dir='ltr'>εἰπεῖν,</span> <span class='ocrx_word' id='word_1_311' title='bbox 718 3840 791 3900; x_wconf 90' lang='grc' dir='ltr'><strong>ώς</strong></span> <span class='ocrx_word' id='word_1_312' title='bbox 839 3839 1080 3908; x_wconf 75' lang='grc' dir='ltr'>ἔμπνουν</span> <span class='ocrx_word' id='word_1_313' title='bbox 1132 3844 1225 3894; x_wconf 76' lang='grc' dir='ltr'><strong>καὶ</strong></span> <span class='ocrx_word' id='word_1_314' title='bbox 1260 3846 1453 3910; x_wconf 83' lang='grc' dir='ltr'>φωνεῖν</span> <span class='ocrx_word' id='word_1_315' title='bbox 1481 3846 1712 3914; x_wconf 87' lang='grc' dir='ltr'>δυνάμε-</span> 
     </span>
    </p>
   </div>
   <div class='ocr_carea' id='block_1_43' title="bbox 153 3928 1709 4008">
    <p class='ocr_par' dir='ltr' id='par_1_43' title="bbox 153 3928 1709 4008">
     <span class='ocr_line' id='line_1_43' title="bbox 153 3928 1709 4008; baseline 0.01 -32"><span class='ocrx_word' id='word_1_316' title='bbox 153 3941 259 3981; x_wconf 90' lang='grc' dir='ltr'>νον.</span> <span class='ocrx_word' id='word_1_317' title='bbox 300 3928 508 3999; x_wconf 86' lang='grc' dir='ltr'>Ἐχεῖτο</span> <span class='ocrx_word' id='word_1_318' title='bbox 553 3928 762 3999; x_wconf 85' lang='grc' dir='ltr'>δάκρυα</span> <span class='ocrx_word' id='word_1_319' title='bbox 806 3931 912 3984; x_wconf 82' lang='grc' dir='ltr'>τῶν</span> <span class='ocrx_word' id='word_1_320' title='bbox 970 3931 1068 3998; x_wconf 86' lang='grc' dir='ltr'>μὲν</span> <span class='ocrx_word' id='word_1_321' title='bbox 1106 3933 1411 4003; x_wconf 78' lang='grc' dir='ltr'>αίδημόνων</span> <span class='ocrx_word' id='word_1_322' title='bbox 1455 3937 1709 4008; x_wconf 66' lang='grc' dir='ltr'>ἀψοφητὶ,</span> 
     </span>
    </p>
   </div>
   <div class='ocr_carea' id='block_1_44' title="bbox 153 4017 1713 4094">
    <p class='ocr_par' dir='ltr' id='par_1_44' title="bbox 153 4017 1713 4094">
     <span class='ocr_line' id='line_1_44' title="bbox 153 4017 1713 4094; baseline 0.007 -23"><span class='ocrx_word' id='word_1_323' title='bbox 153 4017 258 4070; x_wconf 81' lang='grc' dir='ltr'><strong>τῶν</strong></span> <span class='ocrx_word' id='word_1_324' title='bbox 305 4021 361 4074; x_wconf 79' lang='grc' dir='ltr'>δὲ</span> <span class='ocrx_word' id='word_1_325' title='bbox 411 4022 762 4091; x_wconf 84' lang='grc' dir='ltr'>θεραπευτῶν</span> <span class='ocrx_word' id='word_1_326' title='bbox 809 4023 1227 4094; x_wconf 74' lang='grc' dir='ltr'>ὲκραγέστερον.</span> <span class='ocrx_word' id='word_1_327' title='bbox 1286 4027 1470 4092; x_wconf 74' lang='grc' dir='ltr'>Οὕτως</span> <span class='ocrx_word' id='word_1_328' title='bbox 1497 4025 1588 4083; x_wconf 81' lang='grc' dir='ltr'>οὖν</span> <span class='ocrx_word' id='word_1_329' title='bbox 1618 4033 1713 4084; x_wconf 83' lang='grc' dir='ltr'>σὺν</span> 
     </span>
    </p>
   </div>
   <div class='ocr_carea' id='block_1_45' title="bbox 153 4108 1714 4193">
    <p class='ocr_par' dir='ltr' id='par_1_45' title="bbox 153 4108 1714 4193">
     <span class='ocr_line' id='line_1_45' title="bbox 153 4108 1714 4193; baseline 0.009 -32"><span class='ocrx_word' id='word_1_330' title='bbox 153 4108 490 4180; x_wconf 77' lang='grc' dir='ltr'>ψαλμῳδίαις</span> <span class='ocrx_word' id='word_1_331' title='bbox 515 4116 632 4176; x_wconf 81' lang='grc' dir='ltr'>ταῖς</span> <span class='ocrx_word' id='word_1_332' title='bbox 653 4114 1023 4184; x_wconf 83' lang='grc' dir='ltr'>καθηκούσαις</span> <span class='ocrx_word' id='word_1_333' title='bbox 1050 4116 1141 4168; x_wconf 77' lang='grc' dir='ltr'><strong>καὶ</strong></span> <span class='ocrx_word' id='word_1_334' title='bbox 1164 4117 1510 4186; x_wconf 80' lang='grc' dir='ltr'>έπικλήσεσιν</span> <span class='ocrx_word' id='word_1_335' title='bbox 1533 4123 1714 4193; x_wconf 80' lang='grc' dir='ltr'>ίεραρο</span> 
     </span>
    </p>
   </div>
   <div class='ocr_carea' id='block_1_46' title="bbox 156 4202 1714 4274">
    <p class='ocr_par' dir='ltr' id='par_1_46' title="bbox 156 4202 1714 4274">
     <span class='ocr_line' id='line_1_46' title="bbox 156 4202 1714 4274; baseline 0.007 -23"><span class='ocrx_word' id='word_1_336' title='bbox 156 4205 334 4267; x_wconf 78' lang='grc' dir='ltr'>χικαῖς</span> <span class='ocrx_word' id='word_1_337' title='bbox 371 4202 644 4272; x_wconf 87' lang='grc' dir='ltr'>παρεδόθη</span> <span class='ocrx_word' id='word_1_338' title='bbox 681 4203 758 4272; x_wconf 80' lang='grc' dir='ltr'><strong>τῷ</strong></span> <span class='ocrx_word' id='word_1_339' title='bbox 802 4204 977 4274; x_wconf 84' lang='grc' dir='ltr'>τάφῳ,</span> <span class='ocrx_word' id='word_1_340' title='bbox 1017 4205 1140 4257; x_wconf 86' lang='grc' dir='ltr'>καθ’</span> <span class='ocrx_word' id='word_1_341' title='bbox 1175 4205 1232 4257; x_wconf 87' lang='grc' dir='ltr'>ὃν</span> <span class='ocrx_word' id='word_1_342' title='bbox 1276 4208 1438 4260; x_wconf 89' lang='grc' dir='ltr'>τόπον</span> <span class='ocrx_word' id='word_1_343' title='bbox 1475 4207 1653 4261; x_wconf 80' lang='grc' dir='ltr'>εἰώθει</span> <span class='ocrx_word' id='word_1_344' title='bbox 1685 4211 1714 4262; x_wconf 92' lang='lat'><strong>6</strong></span> 
     </span>
    </p>
   </div>
   <div class='ocr_carea' id='block_1_47' title="bbox 163 4292 1714 4369">
    <p class='ocr_par' dir='ltr' id='par_1_47' title="bbox 163 4292 1714 4369">
     <span class='ocr_line' id='line_1_47' title="bbox 163 4292 1714 4369; baseline 0.008 -29"><span class='ocrx_word' id='word_1_345' title='bbox 163 4292 421 4362; x_wconf 83' lang='grc' dir='ltr'>μακάριος</span> <span class='ocrx_word' id='word_1_346' title='bbox 471 4294 804 4365; x_wconf 78' lang='grc' dir='ltr'>λειτουργεῖν</span> <span class='ocrx_word' id='word_1_347' title='bbox 865 4296 1075 4364; x_wconf 85' lang='grc' dir='ltr'>Κυρίῳ’</span> <span class='ocrx_word' id='word_1_348' title='bbox 1137 4297 1295 4365; x_wconf 89' lang='grc' dir='ltr'>καίγε</span> <span class='ocrx_word' id='word_1_349' title='bbox 1352 4299 1650 4369; x_wconf 87' lang='grc' dir='ltr'>προσετέθη</span> <span class='ocrx_word' id='word_1_350' title='bbox 1686 4302 1714 4353; x_wconf 88' lang='lat'><strong>6</strong></span> 
     </span>
    </p>
   </div>
   <div class='ocr_carea' id='block_1_48' title="bbox 161 4382 1711 4459">
    <p class='ocr_par' dir='ltr' id='par_1_48' title="bbox 161 4382 1711 4459">
     <span class='ocr_line' id='line_1_48' title="bbox 161 4382 1711 4459; baseline 0.008 -28"><span class='ocrx_word' id='word_1_351' title='bbox 161 4382 345 4453; x_wconf 83' lang='grc' dir='ltr'>Πατὴρ</span> <span class='ocrx_word' id='word_1_352' title='bbox 361 4389 472 4448; x_wconf 87' lang='grc' dir='ltr'>τοῖς</span> <span class='ocrx_word' id='word_1_353' title='bbox 496 4387 607 4439; x_wconf 84' lang='grc' dir='ltr'>Πατ</span> <span class='ocrx_word' id='word_1_354' title='bbox 618 4386 791 4455; x_wconf 87' lang='grc' dir='ltr'>ράσιν,</span> <span class='ocrx_word' id='word_1_355' title='bbox 813 4387 840 4437; x_wconf 94' lang='lat'><strong>6</strong></span> <span class='ocrx_word' id='word_1_356' title='bbox 857 4388 1192 4456; x_wconf 70' lang='grc' dir='ltr'>δμολογητῂς</span> <span class='ocrx_word' id='word_1_357' title='bbox 1208 4392 1316 4451; x_wconf 90' lang='grc' dir='ltr'>τοῖς</span> <span class='ocrx_word' id='word_1_358' title='bbox 1339 4390 1711 4459; x_wconf 83' lang='grc' dir='ltr'>ὀμολογηταῖς,</span> 
     </span>
    </p>
   </div>
   <div class='ocr_carea' id='block_1_49' title="bbox 1795 560 3361 631">
    <p class='ocr_par' dir='ltr' id='par_1_49' title="bbox 1795 560 3361 631">
     <span class='ocr_line' id='line_1_49' title="bbox 1795 560 3361 631; baseline -0.001 -15"><span class='ocrx_word' id='word_1_359' title='bbox 1795 563 1932 618; x_wconf 90' lang='lat' dir='ltr'><strong>tiore</strong></span> <span class='ocrx_word' id='word_1_360' title='bbox 1988 560 2211 617; x_wconf 78' lang='lat' dir='ltr'><strong>historia</strong></span> <span class='ocrx_word' id='word_1_361' title='bbox 2270 575 2623 631; x_wconf 84' lang='lat' dir='ltr'><strong>cognoscens,</strong></span> <span class='ocrx_word' id='word_1_362' title='bbox 2689 560 2924 629; x_wconf 78' lang='lat' dir='ltr'><strong>quietem</strong></span> <span class='ocrx_word' id='word_1_363' title='bbox 2998 561 3238 630; x_wconf 83' lang='lat' dir='ltr'><strong>aliquam</strong></span> <span class='ocrx_word' id='word_1_364' title='bbox 3293 576 3361 614; x_wconf 79' lang='lat' dir='ltr'><strong>ex</strong></span> 
     </span>
    </p>
   </div>
   <div class='ocr_carea' id='block_1_50' title="bbox 1796 650 3360 722">
    <p class='ocr_par' dir='ltr' id='par_1_50' title="bbox 1796 650 3360 722">
     <span class='ocr_line' id='line_1_50' title="bbox 1796 650 3360 722; baseline -0.004 -12"><span class='ocrx_word' id='word_1_365' title='bbox 1796 655 2106 710; x_wconf 78' lang='lat' dir='ltr'><strong>narratione</strong></span> <span class='ocrx_word' id='word_1_366' title='bbox 2156 652 2410 722; x_wconf 88' lang='lat' dir='ltr'><strong>accipias.</strong></span> <span class='ocrx_word' id='word_1_367' title='bbox 2461 650 2527 715; x_wconf 85' lang='grc' dir='ltr'>Ο,</span> <span class='ocrx_word' id='word_1_368' title='bbox 2578 666 2633 713; x_wconf 85' lang='grc' dir='ltr'><strong>ο.</strong></span> <span class='ocrx_word' id='word_1_369' title='bbox 2682 668 2792 721; x_wconf 91' lang='lat' dir='ltr'><strong>quo</strong></span> <span class='ocrx_word' id='word_1_370' title='bbox 2843 663 3000 720; x_wconf 86' lang='lat' dir='ltr'><strong>pacto</strong></span> <span class='ocrx_word' id='word_1_371' title='bbox 3056 653 3360 707; x_wconf 89' lang='lat' dir='ltr'><strong>luctuosam</strong></span> 
     </span>
    </p>
   </div>
   <div class='ocr_carea' id='block_1_51' title="bbox 1796 743 3365 812">
    <p class='ocr_par' dir='ltr' id='par_1_51' title="bbox 1796 743 3365 812">
     <span class='ocr_line' id='line_1_51' title="bbox 1796 743 3365 812; baseline -0.004 -11"><span class='ocrx_word' id='word_1_372' title='bbox 1796 743 2374 801; x_wconf 75' lang='lat' dir='ltr'><strong>commemorationem</strong></span> <span class='ocrx_word' id='word_1_373' title='bbox 2416 743 2535 798; x_wconf 84' lang='lat' dir='ltr'><strong>sine</strong></span> <span class='ocrx_word' id='word_1_374' title='bbox 2588 743 2843 812; x_wconf 84' lang='lat' dir='ltr'><strong>lacrymis</strong></span> <span class='ocrx_word' id='word_1_375' title='bbox 2890 743 3108 796; x_wconf 81' lang='lat' dir='ltr'><strong>feram?</strong></span> <span class='ocrx_word' id='word_1_376' title='bbox 3152 744 3365 797; x_wconf 87' lang='lat' dir='ltr'><strong>Incolu-</strong></span> 
     </span>
    </p>
   </div>
   <div class='ocr_carea' id='block_1_52' title="bbox 1797 833 3366 898">
    <p class='ocr_par' dir='ltr' id='par_1_52' title="bbox 1797 833 3366 898">
     <span class='ocr_line' id='line_1_52' title="bbox 1797 833 3366 898; baseline -0.004 -6"><span class='ocrx_word' id='word_1_377' title='bbox 1797 838 1901 893; x_wconf 88' lang='lat' dir='ltr'><strong>mis</strong></span> <span class='ocrx_word' id='word_1_378' title='bbox 1949 845 2066 891; x_wconf 89' lang='lat' dir='ltr'><strong>erat</strong></span> <span class='ocrx_word' id='word_1_379' title='bbox 2116 836 2295 898; x_wconf 81' lang='lat' dir='ltr'><strong>Pater,</strong></span> <span class='ocrx_word' id='word_1_380' title='bbox 2343 835 2514 889; x_wconf 90' lang='lat' dir='ltr'><strong>solitis</strong></span> <span class='ocrx_word' id='word_1_381' title='bbox 2568 834 2790 888; x_wconf 90' lang='lat' dir='ltr'><strong>minime</strong></span> <span class='ocrx_word' id='word_1_382' title='bbox 2839 833 3031 887; x_wconf 68' lang='lat' dir='ltr'><strong>fucatae</strong></span> <span class='ocrx_word' id='word_1_383' title='bbox 3077 833 3366 888; x_wconf 84' lang='lat' dir='ltr'><strong>charitatis</strong></span> 
     </span>
    </p>
   </div>
   <div class='ocr_carea' id='block_1_53' title="bbox 1796 923 3366 996">
    <p class='ocr_par' dir='ltr' id='par_1_53' title="bbox 1796 923 3366 996">
     <span class='ocr_line' id='line_1_53' title="bbox 1796 923 3366 996; baseline -0.002 -15"><span class='ocrx_word' id='word_1_384' title='bbox 1796 942 1909 982; x_wconf 60' lang='lat' dir='ltr'><strong>suae</strong></span> <span class='ocrx_word' id='word_1_385' title='bbox 1963 925 2216 996; x_wconf 88' lang='lat' dir='ltr'><strong>operibus</strong></span> <span class='ocrx_word' id='word_1_386' title='bbox 2268 926 2531 987; x_wconf 84' lang='lat' dir='ltr'><strong>intentus.</strong></span> <span class='ocrx_word' id='word_1_387' title='bbox 2587 923 2953 991; x_wconf 87' lang='lat' dir='ltr'><strong>fratribusque</strong></span> <span class='ocrx_word' id='word_1_388' title='bbox 3004 939 3067 979; x_wconf 89' lang='lat' dir='ltr'><strong>ac</strong></span> <span class='ocrx_word' id='word_1_389' title='bbox 3114 923 3366 978; x_wconf 86' lang='lat' dir='ltr'><strong>Patribus</strong></span> 
     </span>
    </p>
   </div>
   <div class='ocr_carea' id='block_1_54' title="bbox 1797 1014 3367 1086">
    <p class='ocr_par' dir='ltr' id='par_1_54' title="bbox 1797 1014 3367 1086">
     <span class='ocr_line' id='line_1_54' title="bbox 1797 1014 3367 1086; baseline -0.002 -15"><span class='ocrx_word' id='word_1_390' title='bbox 1797 1017 2034 1086; x_wconf 88' lang='lat' dir='ltr'><strong>hospitio</strong></span> <span class='ocrx_word' id='word_1_391' title='bbox 2070 1016 2411 1084; x_wconf 86' lang='lat' dir='ltr'><strong>recipiendis.</strong></span> <span class='ocrx_word' id='word_1_392' title='bbox 2443 1014 2578 1080; x_wconf 87' lang='lat' dir='ltr'><strong>Quis</strong></span> <span class='ocrx_word' id='word_1_393' title='bbox 2605 1015 2748 1069; x_wconf 91' lang='lat' dir='ltr'><strong>enim</strong></span> <span class='ocrx_word' id='word_1_394' title='bbox 2794 1014 3213 1084; x_wconf 74' lang='lat' dir='ltr'><strong>hospitalitatem</strong></span> <span class='ocrx_word' id='word_1_395' title='bbox 3246 1014 3367 1083; x_wconf 85' lang='lat' dir='ltr'><strong>plus</strong></span> 
     </span>
    </p>
   </div>
   <div class='ocr_carea' id='block_1_55' title="bbox 1798 1107 3366 1176">
    <p class='ocr_par' dir='ltr' id='par_1_55' title="bbox 1798 1107 3366 1176">
     <span class='ocr_line' id='line_1_55' title="bbox 1798 1107 3366 1176; baseline -0.003 -13"><span class='ocrx_word' id='word_1_396' title='bbox 1798 1109 1890 1163; x_wconf 94' lang='lat' dir='ltr'><strong>illo</strong></span> <span class='ocrx_word' id='word_1_397' title='bbox 1921 1108 2213 1172; x_wconf 84' lang='lat' dir='ltr'><strong>adamavit,</strong></span> <span class='ocrx_word' id='word_1_398' title='bbox 2251 1116 2346 1162; x_wconf 89' lang='lat' dir='ltr'><strong>aut</strong></span> <span class='ocrx_word' id='word_1_399' title='bbox 2381 1107 2554 1160; x_wconf 89' lang='lat' dir='ltr'><strong>amice</strong></span> <span class='ocrx_word' id='word_1_400' title='bbox 2605 1107 2844 1176; x_wconf 79' lang='lat' dir='ltr'><strong>exceptis</strong></span> <span class='ocrx_word' id='word_1_401' title='bbox 2888 1107 3216 1161; x_wconf 82' lang='lat' dir='ltr'><strong>ministravit</strong></span> <span class='ocrx_word' id='word_1_402' title='bbox 3258 1107 3366 1160; x_wconf 89' lang='lat' dir='ltr'><strong>im-</strong></span> 
     </span>
    </p>
   </div>
   <div class='ocr_carea' id='block_1_56' title="bbox 1797 1195 3367 1269">
    <p class='ocr_par' dir='ltr' id='par_1_56' title="bbox 1797 1195 3367 1269">
     <span class='ocr_line' id='line_1_56' title="bbox 1797 1195 3367 1269; baseline -0.003 -17"><span class='ocrx_word' id='word_1_403' title='bbox 1797 1201 2020 1269; x_wconf 89' lang='lat' dir='ltr'><strong>pensius</strong></span> <span class='ocrx_word' id='word_1_404' title='bbox 2045 1200 2069 1252; x_wconf 91' lang='lat'><strong>?</strong></span> <span class='ocrx_word' id='word_1_405' title='bbox 2099 1213 2260 1268; x_wconf 88' lang='lat' dir='ltr'><strong>quem</strong></span> <span class='ocrx_word' id='word_1_406' title='bbox 2293 1212 2392 1252; x_wconf 89' lang='lat' dir='ltr'><strong>nec</strong></span> <span class='ocrx_word' id='word_1_407' title='bbox 2423 1198 2677 1252; x_wconf 89' lang='lat' dir='ltr'><strong>continua</strong></span> <span class='ocrx_word' id='word_1_408' title='bbox 2710 1197 2940 1250; x_wconf 87' lang='lat' dir='ltr'><strong>aliorum</strong></span> <span class='ocrx_word' id='word_1_409' title='bbox 2980 1212 3046 1251; x_wconf 83' lang='lat' dir='ltr'><strong>ex</strong></span> <span class='ocrx_word' id='word_1_410' title='bbox 3093 1197 3216 1250; x_wconf 89' lang='lat' dir='ltr'><strong>aliis</strong></span> <span class='ocrx_word' id='word_1_411' title='bbox 3267 1195 3367 1249; x_wconf 88' lang='lat' dir='ltr'><strong>ad-</strong></span> 
     </span>
    </p>
   </div>
   <div class='ocr_carea' id='block_1_57' title="bbox 1799 1285 3366 1358">
    <p class='ocr_par' dir='ltr' id='par_1_57' title="bbox 1799 1285 3366 1358">
     <span class='ocr_line' id='line_1_57' title="bbox 1799 1285 3366 1358; baseline -0.002 -16"><span class='ocrx_word' id='word_1_412' title='bbox 1799 1290 2128 1343; x_wconf 87' lang='lat' dir='ltr'><strong>ventantium</strong></span> <span class='ocrx_word' id='word_1_413' title='bbox 2162 1287 2487 1358; x_wconf 81' lang='lat' dir='ltr'><strong>frequentia.</strong></span> <span class='ocrx_word' id='word_1_414' title='bbox 2545 1303 2644 1342; x_wconf 92' lang='lat' dir='ltr'><strong>nec</strong></span> <span class='ocrx_word' id='word_1_415' title='bbox 2673 1287 2981 1341; x_wconf 89' lang='lat' dir='ltr'><strong>diuturnior</strong></span> <span class='ocrx_word' id='word_1_416' title='bbox 3026 1302 3178 1341; x_wconf 86' lang='lat' dir='ltr'><strong>mora</strong></span> <span class='ocrx_word' id='word_1_417' title='bbox 3211 1285 3366 1340; x_wconf 88' lang='lat' dir='ltr'><strong>fran-</strong></span> 
     </span>
    </p>
   </div>
   <div class='ocr_carea' id='block_1_58' title="bbox 1799 1378 3367 1448">
    <p class='ocr_par' dir='ltr' id='par_1_58' title="bbox 1799 1378 3367 1448">
     <span class='ocr_line' id='line_1_58' title="bbox 1799 1378 3367 1448; baseline -0.001 -16"><span class='ocrx_word' id='word_1_418' title='bbox 1799 1379 1956 1448; x_wconf 84' lang='lat' dir='ltr'><strong>gebat</strong></span> <span class='ocrx_word' id='word_1_419' title='bbox 1990 1397 2005 1433; x_wconf 89' lang='lat'><strong>:</strong></span> <span class='ocrx_word' id='word_1_420' title='bbox 2048 1387 2311 1447; x_wconf 90' lang='lat' dir='ltr'><strong>quantum</strong></span> <span class='ocrx_word' id='word_1_421' title='bbox 2352 1379 2580 1448; x_wconf 79' lang='lat' dir='ltr'><strong>angebat</strong></span> <span class='ocrx_word' id='word_1_422' title='bbox 2618 1379 2800 1448; x_wconf 91' lang='lat' dir='ltr'><strong>potius</strong></span> <span class='ocrx_word' id='word_1_423' title='bbox 2831 1378 3025 1432; x_wconf 88' lang='lat' dir='ltr'><strong>borum</strong></span> <span class='ocrx_word' id='word_1_424' title='bbox 3056 1378 3276 1442; x_wconf 85' lang='lat' dir='ltr'><strong>raritas,</strong></span> <span class='ocrx_word' id='word_1_425' title='bbox 3311 1387 3367 1431; x_wconf 90' lang='lat' dir='ltr'><strong>et</strong></span> 
     </span>
    </p>
   </div>
   <div class='ocr_carea' id='block_1_59' title="bbox 1799 1468 3368 1539">
    <p class='ocr_par' dir='ltr' id='par_1_59' title="bbox 1799 1468 3368 1539">
     <span class='ocr_line' id='line_1_59' title="bbox 1799 1468 3368 1539; baseline -0.001 -15"><span class='ocrx_word' id='word_1_426' title='bbox 1799 1473 1904 1524; x_wconf 89' lang='lat' dir='ltr'><strong>cita</strong></span> <span class='ocrx_word' id='word_1_427' title='bbox 1934 1470 2214 1538; x_wconf 78' lang='lat' dir='ltr'><strong>profectio.</strong></span> <span class='ocrx_word' id='word_1_428' title='bbox 2248 1469 2312 1524; x_wconf 84' lang='lat' dir='ltr'><strong>Et</strong></span> <span class='ocrx_word' id='word_1_429' title='bbox 2341 1470 2469 1538; x_wconf 88' lang='lat' dir='ltr'><strong>quid</strong></span> <span class='ocrx_word' id='word_1_430' title='bbox 2500 1486 2637 1539; x_wconf 90' lang='lat' dir='ltr'><strong>opus</strong></span> <span class='ocrx_word' id='word_1_431' title='bbox 2661 1480 2744 1525; x_wconf 88' lang='lat' dir='ltr'><strong>est</strong></span> <span class='ocrx_word' id='word_1_432' title='bbox 2798 1471 2911 1525; x_wconf 70' lang='lat' dir='ltr'><strong>haec</strong></span> <span class='ocrx_word' id='word_1_433' title='bbox 2942 1471 3058 1535; x_wconf 91' lang='lat' dir='ltr'><strong>tibi,</strong></span> <span class='ocrx_word' id='word_1_434' title='bbox 3087 1470 3174 1524; x_wconf 91' lang='lat' dir='ltr'><strong>cui</strong></span> <span class='ocrx_word' id='word_1_435' title='bbox 3201 1468 3368 1538; x_wconf 86' lang='lat' dir='ltr'><strong>probe</strong></span> 
     </span>
    </p>
   </div>
   <div class='ocr_carea' id='block_1_60' title="bbox 1800 1561 3365 1630">
    <p class='ocr_par' dir='ltr' id='par_1_60' title="bbox 1800 1561 3365 1630">
     <span class='ocr_line' id='line_1_60' title="bbox 1800 1561 3365 1630; baseline 0 -16"><span class='ocrx_word' id='word_1_436' title='bbox 1800 1571 1925 1614; x_wconf 89' lang='lat' dir='ltr'><strong>nota</strong></span> <span class='ocrx_word' id='word_1_437' title='bbox 1949 1569 2094 1620; x_wconf 87' lang='lat' dir='ltr'><strong>sunt.</strong></span> <span class='ocrx_word' id='word_1_438' title='bbox 2121 1561 2384 1630; x_wconf 76' lang='lat' dir='ltr'><strong>exemplis</strong></span> <span class='ocrx_word' id='word_1_439' title='bbox 2417 1562 2738 1616; x_wconf 80' lang='lat' dir='ltr'><strong>confirmare</strong></span> <span class='ocrx_word' id='word_1_440' title='bbox 2769 1563 2792 1614; x_wconf 83' lang='lat'><strong>?</strong></span> <span class='ocrx_word' id='word_1_441' title='bbox 2832 1561 2889 1615; x_wconf 87' lang='lat' dir='ltr'><strong>lu</strong></span> <span class='ocrx_word' id='word_1_442' title='bbox 2923 1561 3006 1616; x_wconf 88' lang='lat' dir='ltr'><strong>his</strong></span> <span class='ocrx_word' id='word_1_443' title='bbox 3042 1561 3204 1630; x_wconf 77' lang='lat' dir='ltr'><strong>igitur</strong></span> <span class='ocrx_word' id='word_1_444' title='bbox 3225 1571 3365 1623; x_wconf 85' lang='lat' dir='ltr'><strong>erat.</strong></span> 
     </span>
    </p>
   </div>
   <div class='ocr_carea' id='block_1_61' title="bbox 1800 1650 3367 1721">
    <p class='ocr_par' dir='ltr' id='par_1_61' title="bbox 1800 1650 3367 1721">
     <span class='ocr_line' id='line_1_61' title="bbox 1800 1650 3367 1721; baseline 0 -17"><span class='ocrx_word' id='word_1_445' title='bbox 1800 1660 1859 1705; x_wconf 92' lang='lat' dir='ltr'><strong>ut</strong></span> <span class='ocrx_word' id='word_1_446' title='bbox 1889 1652 2090 1704; x_wconf 90' lang='lat' dir='ltr'><strong>dictum</strong></span> <span class='ocrx_word' id='word_1_447' title='bbox 2122 1659 2225 1706; x_wconf 90' lang='lat' dir='ltr'><strong>est.</strong></span> <span class='ocrx_word' id='word_1_448' title='bbox 2258 1650 2393 1706; x_wconf 90' lang='lat' dir='ltr'><strong>Cum</strong></span> <span class='ocrx_word' id='word_1_449' title='bbox 2436 1661 2615 1705; x_wconf 90' lang='lat' dir='ltr'><strong>autem</strong></span> <span class='ocrx_word' id='word_1_450' title='bbox 2649 1651 2785 1707; x_wconf 91' lang='lat' dir='ltr'><strong>festa</strong></span> <span class='ocrx_word' id='word_1_451' title='bbox 2823 1653 2940 1706; x_wconf 80' lang='lat' dir='ltr'><strong>dies</strong></span> <span class='ocrx_word' id='word_1_452' title='bbox 2984 1662 3235 1721; x_wconf 77' lang='lat' dir='ltr'><strong>ageretur</strong></span> <span class='ocrx_word' id='word_1_453' title='bbox 3276 1666 3367 1705; x_wconf 85' lang='lat' dir='ltr'><strong>se-</strong></span> 
     </span>
    </p>
   </div>
   <div class='ocr_carea' id='block_1_62' title="bbox 1803 1743 3371 1814">
    <p class='ocr_par' dir='ltr' id='par_1_62' title="bbox 1803 1743 3371 1814">
     <span class='ocr_line' id='line_1_62' title="bbox 1803 1743 3371 1814; baseline -0.001 -17"><span class='ocrx_word' id='word_1_454' title='bbox 1803 1745 1976 1798; x_wconf 88' lang='lat' dir='ltr'><strong>cunda</strong></span> <span class='ocrx_word' id='word_1_455' title='bbox 2008 1743 2373 1805; x_wconf 85' lang='lat' dir='ltr'><strong>Pentecostes,</strong></span> <span class='ocrx_word' id='word_1_456' title='bbox 2421 1745 2852 1814; x_wconf 85' lang='lat' dir='ltr'><strong>surrexissetque</strong></span> <span class='ocrx_word' id='word_1_457' title='bbox 2881 1760 2910 1798; x_wconf 89' lang='lat' dir='ltr'><strong>a</strong></span> <span class='ocrx_word' id='word_1_458' title='bbox 2951 1744 3214 1805; x_wconf 76' lang='lat' dir='ltr'><strong>convivio.</strong></span> <span class='ocrx_word' id='word_1_459' title='bbox 3248 1759 3371 1797; x_wconf 87' lang='lat' dir='ltr'><strong>cor-</strong></span> 
     </span>
    </p>
   </div>
   <div class='ocr_carea' id='block_1_63' title="bbox 1801 1833 3368 1902">
    <p class='ocr_par' dir='ltr' id='par_1_63' title="bbox 1801 1833 3368 1902">
     <span class='ocr_line' id='line_1_63' title="bbox 1801 1833 3368 1902; baseline -0.001 -16"><span class='ocrx_word' id='word_1_460' title='bbox 1801 1842 1984 1902; x_wconf 88' lang='lat' dir='ltr'><strong>reptus</strong></span> <span class='ocrx_word' id='word_1_461' title='bbox 2001 1843 2084 1886; x_wconf 88' lang='lat' dir='ltr'><strong>est</strong></span> <span class='ocrx_word' id='word_1_462' title='bbox 2103 1833 2374 1897; x_wconf 88' lang='lat' dir='ltr'><strong>catarrho,</strong></span> <span class='ocrx_word' id='word_1_463' title='bbox 2398 1848 2425 1885; x_wconf 89' lang='lat' dir='ltr'><strong>a</strong></span> <span class='ocrx_word' id='word_1_464' title='bbox 2440 1833 2614 1901; x_wconf 86' lang='lat' dir='ltr'><strong>capite</strong></span> <span class='ocrx_word' id='word_1_465' title='bbox 2631 1834 2684 1887; x_wconf 89' lang='lat' dir='ltr'><strong>in</strong></span> <span class='ocrx_word' id='word_1_466' title='bbox 2712 1833 2986 1887; x_wconf 89' lang='lat' dir='ltr'><strong>vertebras</strong></span> <span class='ocrx_word' id='word_1_467' title='bbox 3004 1842 3056 1886; x_wconf 91' lang='lat' dir='ltr'><strong>et</strong></span> <span class='ocrx_word' id='word_1_468' title='bbox 3076 1833 3181 1886; x_wconf 88' lang='lat' dir='ltr'><strong>alia</strong></span> <span class='ocrx_word' id='word_1_469' title='bbox 3202 1833 3368 1887; x_wconf 88' lang='lat' dir='ltr'><strong>dorso</strong></span> 
     </span>
    </p>
   </div>
   <div class='ocr_carea' id='block_1_64' title="bbox 1800 1920 3368 1988">
    <p class='ocr_par' dir='ltr' id='par_1_64' title="bbox 1800 1920 3368 1988">
     <span class='ocr_line' id='line_1_64' title="bbox 1800 1920 3368 1988; baseline 0.001 -13"><span class='ocrx_word' id='word_1_470' title='bbox 1800 1923 1976 1976; x_wconf 89' lang='lat' dir='ltr'><strong>vicina</strong></span> <span class='ocrx_word' id='word_1_471' title='bbox 1999 1920 2287 1976; x_wconf 88' lang='lat' dir='ltr'><strong>defluente.</strong></span> <span class='ocrx_word' id='word_1_472' title='bbox 2322 1921 2440 1988; x_wconf 88' lang='lat' dir='ltr'><strong>Quo</strong></span> <span class='ocrx_word' id='word_1_473' title='bbox 2464 1937 2596 1976; x_wconf 91' lang='lat' dir='ltr'><strong>casu</strong></span> <span class='ocrx_word' id='word_1_474' title='bbox 2640 1923 2799 1977; x_wconf 79' lang='lat' dir='ltr'><strong>exciti</strong></span> <span class='ocrx_word' id='word_1_475' title='bbox 2845 1937 2944 1977; x_wconf 89' lang='lat' dir='ltr'><strong>nos</strong></span> <span class='ocrx_word' id='word_1_476' title='bbox 2990 1922 3243 1988; x_wconf 86' lang='lat' dir='ltr'><strong>humiles,</strong></span> <span class='ocrx_word' id='word_1_477' title='bbox 3280 1923 3368 1977; x_wconf 87' lang='lat' dir='ltr'><strong>of-</strong></span> 
     </span>
    </p>
   </div>
   <div class='ocr_carea' id='block_1_65' title="bbox 1801 2015 3371 2086">
    <p class='ocr_par' dir='ltr' id='par_1_65' title="bbox 1801 2015 3371 2086">
     <span class='ocr_line' id='line_1_65' title="bbox 1801 2015 3371 2086; baseline -0.001 -16"><span class='ocrx_word' id='word_1_478' title='bbox 1801 2016 2069 2071; x_wconf 91' lang='lat' dir='ltr'><strong>fendimus</strong></span> <span class='ocrx_word' id='word_1_479' title='bbox 2093 2017 2268 2085; x_wconf 91' lang='lat' dir='ltr'><strong>ipsum</strong></span> <span class='ocrx_word' id='word_1_480' title='bbox 2313 2031 2504 2070; x_wconf 84' lang='lat' dir='ltr'><strong>revera</strong></span> <span class='ocrx_word' id='word_1_481' title='bbox 2555 2016 2923 2086; x_wconf 80' lang='lat' dir='ltr'><strong>languentem,</strong></span> <span class='ocrx_word' id='word_1_482' title='bbox 2967 2026 3021 2070; x_wconf 86' lang='lat' dir='ltr'><strong>et</strong></span> <span class='ocrx_word' id='word_1_483' title='bbox 3057 2016 3177 2085; x_wconf 87' lang='lat' dir='ltr'><strong>ejus</strong></span> <span class='ocrx_word' id='word_1_484' title='bbox 3223 2015 3371 2084; x_wconf 90' lang='lat' dir='ltr'><strong>quod</strong></span> 
     </span>
    </p>
   </div>
   <div class='ocr_carea' id='block_1_66' title="bbox 1797 2094 3371 2177">
    <p class='ocr_par' dir='ltr' id='par_1_66' title="bbox 1797 2094 3371 2177">
     <span class='ocr_line' id='line_1_66' title="bbox 1797 2094 3371 2177; baseline -0.001 -15"><span class='ocrx_word' id='word_1_485' title='bbox 1797 2094 2090 2172; x_wconf 72' lang='lat' dir='ltr'><strong>acciderat,</strong></span> <span class='ocrx_word' id='word_1_486' title='bbox 2121 2123 2314 2162; x_wconf 87' lang='lat' dir='ltr'><strong>causas</strong></span> <span class='ocrx_word' id='word_1_487' title='bbox 2338 2108 2717 2176; x_wconf 78' lang='lat' dir='ltr'><strong>explicantem.</strong></span> <span class='ocrx_word' id='word_1_488' title='bbox 2746 2108 2944 2163; x_wconf 89' lang='lat' dir='ltr'><strong>Deinde</strong></span> <span class='ocrx_word' id='word_1_489' title='bbox 2978 2125 3101 2163; x_wconf 89' lang='lat' dir='ltr'><strong>cum</strong></span> <span class='ocrx_word' id='word_1_490' title='bbox 3137 2107 3371 2177; x_wconf 87' lang='lat' dir='ltr'><strong>regressi</strong></span> 
     </span>
    </p>
   </div>
   <div class='ocr_carea' id='block_1_67' title="bbox 1799 2200 3371 2268">
    <p class='ocr_par' dir='ltr' id='par_1_67' title="bbox 1799 2200 3371 2268">
     <span class='ocr_line' id='line_1_67' title="bbox 1799 2200 3371 2268; baseline 0.001 -16"><span class='ocrx_word' id='word_1_491' title='bbox 1799 2200 2019 2253; x_wconf 90' lang='lat' dir='ltr'><strong>domum</strong></span> <span class='ocrx_word' id='word_1_492' title='bbox 2076 2215 2343 2265; x_wconf 87' lang='lat' dir='ltr'><strong>essemus,</strong></span> <span class='ocrx_word' id='word_1_493' title='bbox 2393 2201 2586 2254; x_wconf 87' lang='lat' dir='ltr'><strong>iterum</strong></span> <span class='ocrx_word' id='word_1_494' title='bbox 2619 2200 2707 2255; x_wconf 92' lang='lat' dir='ltr'><strong>die</strong></span> <span class='ocrx_word' id='word_1_495' title='bbox 2738 2201 2984 2268; x_wconf 84' lang='lat' dir='ltr'><strong>sequenti</strong></span> <span class='ocrx_word' id='word_1_496' title='bbox 3028 2201 3371 2268; x_wconf 89' lang='lat' dir='ltr'><strong>accedentes,</strong></span> 
     </span>
    </p>
   </div>
   <div class='ocr_carea' id='block_1_68' title="bbox 1802 2291 3374 2346">
    <p class='ocr_par' dir='ltr' id='par_1_68' title="bbox 1802 2291 3374 2346">
     <span class='ocr_line' id='line_1_68' title="bbox 1802 2291 3374 2346; baseline 0.001 -3"><span class='ocrx_word' id='word_1_497' title='bbox 1802 2291 2104 2344; x_wconf 81' lang='lat' dir='ltr'><strong>invenimus</strong></span> <span class='ocrx_word' id='word_1_498' title='bbox 2139 2291 2287 2344; x_wconf 89' lang='lat' dir='ltr'><strong>illum</strong></span> <span class='ocrx_word' id='word_1_499' title='bbox 2320 2291 2620 2346; x_wconf 86' lang='lat' dir='ltr'><strong>acrioribus</strong></span> <span class='ocrx_word' id='word_1_500' title='bbox 2643 2291 2818 2346; x_wconf 90' lang='lat' dir='ltr'><strong>adhuc</strong></span> <span class='ocrx_word' id='word_1_501' title='bbox 2848 2291 3130 2345; x_wconf 90' lang='lat' dir='ltr'><strong>doloribus</strong></span> <span class='ocrx_word' id='word_1_502' title='bbox 3174 2291 3374 2345; x_wconf 88' lang='lat' dir='ltr'><strong>arden-</strong></span> 
     </span>
    </p>
   </div>
   <div class='ocr_carea' id='block_1_69' title="bbox 1805 2382 3372 2455">
    <p class='ocr_par' dir='ltr' id='par_1_69' title="bbox 1805 2382 3372 2455">
     <span class='ocr_line' id='line_1_69' title="bbox 1805 2382 3372 2455; baseline 0.001 -18"><span class='ocrx_word' id='word_1_503' title='bbox 1805 2384 1948 2452; x_wconf 87' lang='lat' dir='ltr'><strong>tique</strong></span> <span class='ocrx_word' id='word_1_504' title='bbox 2005 2382 2137 2438; x_wconf 81' lang='lat' dir='ltr'><strong>febri</strong></span> <span class='ocrx_word' id='word_1_505' title='bbox 2173 2384 2547 2438; x_wconf 78' lang='lat' dir='ltr'><strong>laborantem:</strong></span> <span class='ocrx_word' id='word_1_506' title='bbox 2591 2384 2664 2438; x_wconf 88' lang='lat' dir='ltr'><strong>ita</strong></span> <span class='ocrx_word' id='word_1_507' title='bbox 2710 2394 2929 2455; x_wconf 67' lang='lat' dir='ltr'><strong>utaagre</strong></span> <span class='ocrx_word' id='word_1_508' title='bbox 2954 2399 3051 2438; x_wconf 85' lang='lat' dir='ltr'><strong>nos</strong></span> <span class='ocrx_word' id='word_1_509' title='bbox 3093 2384 3196 2437; x_wconf 91' lang='lat' dir='ltr'><strong>leni</strong></span> <span class='ocrx_word' id='word_1_510' title='bbox 3239 2399 3372 2438; x_wconf 90' lang='lat' dir='ltr'><strong>voce</strong></span> 
     </span>
    </p>
   </div>
   <div class='ocr_carea' id='block_1_70' title="bbox 1803 2473 3372 2542">
    <p class='ocr_par' dir='ltr' id='par_1_70' title="bbox 1803 2473 3372 2542">
     <span class='ocr_line' id='line_1_70' title="bbox 1803 2473 3372 2542; baseline 0.001 -16"><span class='ocrx_word' id='word_1_511' title='bbox 1803 2473 2001 2541; x_wconf 89' lang='lat' dir='ltr'><strong>alloqui</strong></span> <span class='ocrx_word' id='word_1_512' title='bbox 2046 2485 2244 2540; x_wconf 86' lang='lat' dir='ltr'><strong>posset,</strong></span> <span class='ocrx_word' id='word_1_513' title='bbox 2280 2488 2346 2527; x_wconf 92' lang='lat' dir='ltr'><strong>ac</strong></span> <span class='ocrx_word' id='word_1_514' title='bbox 2393 2474 2459 2527; x_wconf 92' lang='lat' dir='ltr'><strong>de</strong></span> <span class='ocrx_word' id='word_1_515' title='bbox 2491 2473 2597 2526; x_wconf 88' lang='lat' dir='ltr'><strong>vita</strong></span> <span class='ocrx_word' id='word_1_516' title='bbox 2623 2473 2676 2526; x_wconf 90' lang='lat' dir='ltr'><strong>in</strong></span> <span class='ocrx_word' id='word_1_517' title='bbox 2703 2489 2863 2528; x_wconf 87' lang='lat' dir='ltr'><strong>carne</strong></span> <span class='ocrx_word' id='word_1_518' title='bbox 2888 2475 3174 2542; x_wconf 89' lang='lat' dir='ltr'><strong>desperare</strong></span> <span class='ocrx_word' id='word_1_519' title='bbox 3199 2489 3258 2528; x_wconf 91' lang='lat' dir='ltr'><strong>se</strong></span> <span class='ocrx_word' id='word_1_520' title='bbox 3286 2474 3372 2527; x_wconf 80' lang='lat' dir='ltr'><strong>iu-</strong></span> 
     </span>
    </p>
   </div>
   <div class='ocr_carea' id='block_1_71' title="bbox 1806 2561 3371 2635">
    <p class='ocr_par' dir='ltr' id='par_1_71' title="bbox 1806 2561 3371 2635">
     <span class='ocr_line' id='line_1_71' title="bbox 1806 2561 3371 2635; baseline 0.004 -21"><span class='ocrx_word' id='word_1_521' title='bbox 1806 2571 2013 2614; x_wconf 87' lang='lat' dir='ltr'><strong>nueret.</strong></span> <span class='ocrx_word' id='word_1_522' title='bbox 2049 2561 2188 2626; x_wconf 86' lang='lat' dir='ltr'><strong>Quid</strong></span> <span class='ocrx_word' id='word_1_523' title='bbox 2218 2571 2402 2631; x_wconf 90' lang='lat' dir='ltr'><strong>postea</strong></span> <span class='ocrx_word' id='word_1_524' title='bbox 2435 2565 2457 2617; x_wconf 87' lang='lat'><strong>?</strong></span> <span class='ocrx_word' id='word_1_525' title='bbox 2488 2565 2576 2619; x_wconf 88' lang='lat' dir='ltr'><strong>die</strong></span> <span class='ocrx_word' id='word_1_526' title='bbox 2616 2566 2774 2619; x_wconf 91' lang='lat' dir='ltr'><strong>tertio</strong></span> <span class='ocrx_word' id='word_1_527' title='bbox 2801 2576 2853 2619; x_wconf 89' lang='lat' dir='ltr'><strong>et</strong></span> <span class='ocrx_word' id='word_1_528' title='bbox 2885 2567 3066 2635; x_wconf 78' lang='lat' dir='ltr'><strong>lingua</strong></span> <span class='ocrx_word' id='word_1_529' title='bbox 3115 2567 3371 2635; x_wconf 87' lang='lat' dir='ltr'><strong>impedita</strong></span> 
     </span>
    </p>
   </div>
   <div class='ocr_carea' id='block_1_72' title="bbox 1806 2656 3372 2726">
    <p class='ocr_par' dir='ltr' id='par_1_72' title="bbox 1806 2656 3372 2726">
     <span class='ocr_line' id='line_1_72' title="bbox 1806 2656 3372 2726; baseline 0.006 -21"><span class='ocrx_word' id='word_1_530' title='bbox 1806 2669 2050 2722; x_wconf 89' lang='lat' dir='ltr'><strong>prorsus,</strong></span> <span class='ocrx_word' id='word_1_531' title='bbox 2083 2670 2180 2708; x_wconf 87' lang='lat' dir='ltr'><strong>nec</strong></span> <span class='ocrx_word' id='word_1_532' title='bbox 2214 2656 2381 2708; x_wconf 88' lang='lat' dir='ltr'><strong>multo</strong></span> <span class='ocrx_word' id='word_1_533' title='bbox 2405 2665 2526 2726; x_wconf 92' lang='lat' dir='ltr'><strong>post</strong></span> <span class='ocrx_word' id='word_1_534' title='bbox 2556 2659 2751 2712; x_wconf 87' lang='lat' dir='ltr'><strong>acerba</strong></span> <span class='ocrx_word' id='word_1_535' title='bbox 2777 2675 2947 2713; x_wconf 90' lang='lat' dir='ltr'><strong>mors.</strong></span> <span class='ocrx_word' id='word_1_536' title='bbox 2978 2659 3078 2714; x_wconf 88' lang='lat' dir='ltr'><strong>Sed</strong></span> <span class='ocrx_word' id='word_1_537' title='bbox 3102 2661 3192 2716; x_wconf 85' lang='lat' dir='ltr'><strong>illa</strong></span> <span class='ocrx_word' id='word_1_538' title='bbox 3215 2661 3372 2714; x_wconf 85' lang='lat' dir='ltr'><strong>nobis</strong></span> 
     </span>
    </p>
   </div>
   <div class='ocr_carea' id='block_1_73' title="bbox 1805 2742 3373 2817">
    <p class='ocr_par' dir='ltr' id='par_1_73' title="bbox 1805 2742 3373 2817">
     <span class='ocr_line' id='line_1_73' title="bbox 1805 2742 3373 2817; baseline 0.008 -23"><span class='ocrx_word' id='word_1_539' title='bbox 1805 2742 2045 2810; x_wconf 87' lang='lat' dir='ltr'><strong>quidem,</strong></span> <span class='ocrx_word' id='word_1_540' title='bbox 2093 2745 2186 2812; x_wconf 90' lang='lat' dir='ltr'><strong>qui</strong></span> <span class='ocrx_word' id='word_1_541' title='bbox 2235 2756 2427 2800; x_wconf 89' lang='lat' dir='ltr'><strong>sancto</strong></span> <span class='ocrx_word' id='word_1_542' title='bbox 2477 2747 2593 2801; x_wconf 91' lang='lat' dir='ltr'><strong>viro</strong></span> <span class='ocrx_word' id='word_1_543' title='bbox 2651 2749 2846 2817; x_wconf 82' lang='lat' dir='ltr'><strong>privati</strong></span> <span class='ocrx_word' id='word_1_544' title='bbox 2906 2766 3116 2815; x_wconf 90' lang='lat' dir='ltr'><strong>sumus,</strong></span> <span class='ocrx_word' id='word_1_545' title='bbox 3177 2753 3373 2807; x_wconf 84' lang='lat' dir='ltr'><strong>acerba</strong></span> 
     </span>
    </p>
   </div>
   <div class='ocr_carea' id='block_1_74' title="bbox 1804 2833 3370 2908">
    <p class='ocr_par' dir='ltr' id='par_1_74' title="bbox 1804 2833 3370 2908">
     <span class='ocr_line' id='line_1_74' title="bbox 1804 2833 3370 2908; baseline 0.007 -22"><span class='ocrx_word' id='word_1_546' title='bbox 1804 2833 2015 2887; x_wconf 84' lang='lat' dir='ltr'><strong>dicatur</strong></span> <span class='ocrx_word' id='word_1_547' title='bbox 2046 2851 2061 2900; x_wconf 89' lang='lat'><strong>;</strong></span> <span class='ocrx_word' id='word_1_548' title='bbox 2120 2836 2192 2889; x_wconf 91' lang='lat' dir='ltr'><strong>illi</strong></span> <span class='ocrx_word' id='word_1_549' title='bbox 2244 2852 2372 2890; x_wconf 82' lang='lat' dir='ltr'><strong>vero</strong></span> <span class='ocrx_word' id='word_1_550' title='bbox 2401 2846 2454 2890; x_wconf 92' lang='lat' dir='ltr'><strong>et</strong></span> <span class='ocrx_word' id='word_1_551' title='bbox 2484 2840 2636 2892; x_wconf 85' lang='lat' dir='ltr'><strong>valde</strong></span> <span class='ocrx_word' id='word_1_552' title='bbox 2657 2840 2852 2904; x_wconf 87' lang='lat' dir='ltr'><strong>dulcis,</strong></span> <span class='ocrx_word' id='word_1_553' title='bbox 2879 2851 2936 2894; x_wconf 90' lang='lat' dir='ltr'><strong>ut</strong></span> <span class='ocrx_word' id='word_1_554' title='bbox 2963 2842 3370 2908; x_wconf 84' lang='lat' dir='ltr'><strong>dissolveretur,</strong></span> 
     </span>
    </p>
   </div>
   <div class='ocr_carea' id='block_1_75' title="bbox 1805 2927 3375 3002">
    <p class='ocr_par' dir='ltr' id='par_1_75' title="bbox 1805 2927 3375 3002">
     <span class='ocr_line' id='line_1_75' title="bbox 1805 2927 3375 3002; baseline 0.01 -28"><span class='ocrx_word' id='word_1_555' title='bbox 1805 2934 1858 2976; x_wconf 76' lang='lat' dir='ltr'><strong>et</strong></span> <span class='ocrx_word' id='word_1_556' title='bbox 1890 2935 2034 2979; x_wconf 87' lang='lat' dir='ltr'><strong>esset</strong></span> <span class='ocrx_word' id='word_1_557' title='bbox 2055 2942 2174 2980; x_wconf 91' lang='lat' dir='ltr'><strong>cum</strong></span> <span class='ocrx_word' id='word_1_558' title='bbox 2206 2927 2423 2984; x_wconf 89' lang='lat' dir='ltr'><strong>Christo</strong></span> <span class='ocrx_word' id='word_1_559' title='bbox 2451 2945 2601 2998; x_wconf 68' lang='grc' dir='ltr'>ξιιυο</span> <span class='ocrx_word' id='word_1_560' title='bbox 2627 2932 2756 3000; x_wconf 87' lang='lat' dir='ltr'><strong>quid</strong></span> <span class='ocrx_word' id='word_1_561' title='bbox 2789 2947 2909 2987; x_wconf 88' lang='lat' dir='ltr'><strong>esse</strong></span> <span class='ocrx_word' id='word_1_562' title='bbox 2933 2945 3097 3002; x_wconf 89' lang='lat' dir='ltr'><strong>queat</strong></span> <span class='ocrx_word' id='word_1_563' title='bbox 3119 2933 3375 2990; x_wconf 81' lang='lat' dir='ltr'><strong>beatius?</strong></span> 
     </span>
    </p>
   </div>
   <div class='ocr_carea' id='block_1_76' title="bbox 1806 3014 3373 3092">
    <p class='ocr_par' dir='ltr' id='par_1_76' title="bbox 1806 3014 3373 3092">
     <span class='ocr_line' id='line_1_76' title="bbox 1806 3014 3373 3092; baseline 0.009 -23"><span class='ocrx_word' id='word_1_564' title='bbox 1806 3014 2170 3088; x_wconf 81' lang='lat' dir='ltr'><strong>Jacebatergo</strong></span> <span class='ocrx_word' id='word_1_565' title='bbox 2197 3021 2278 3074; x_wconf 89' lang='lat' dir='ltr'><strong>vir</strong></span> <span class='ocrx_word' id='word_1_566' title='bbox 2307 3022 2498 3077; x_wconf 85' lang='lat' dir='ltr'><strong>beatus</strong></span> <span class='ocrx_word' id='word_1_567' title='bbox 2522 3026 2538 3092; x_wconf 94' lang='lat'>(</span> <span class='ocrx_word' id='word_1_568' title='bbox 2567 3025 2767 3078; x_wconf 89' lang='lat' dir='ltr'><strong>bonum</strong></span> <span class='ocrx_word' id='word_1_569' title='bbox 2793 3026 2936 3079; x_wconf 92' lang='lat' dir='ltr'><strong>enim</strong></span> <span class='ocrx_word' id='word_1_570' title='bbox 2964 3038 3046 3080; x_wconf 91' lang='lat' dir='ltr'><strong>est</strong></span> <span class='ocrx_word' id='word_1_571' title='bbox 3071 3027 3172 3081; x_wconf 86' lang='lat' dir='ltr'><strong>hoc</strong></span> <span class='ocrx_word' id='word_1_572' title='bbox 3205 3028 3373 3083; x_wconf 85' lang='lat' dir='ltr'><strong>etiam</strong></span> 
     </span>
    </p>
   </div>
   <div class='ocr_carea' id='block_1_77' title="bbox 1735 3109 3374 3201">
    <p class='ocr_par' dir='ltr' id='par_1_77' title="bbox 1735 3109 3374 3201">
     <span class='ocr_line' id='line_1_77' title="bbox 1735 3109 3374 3201; baseline 0.009 -41"><span class='ocrx_word' id='word_1_573' title='bbox 1735 3149 1775 3201; x_wconf 63' lang='grc' dir='ltr'>Ο</span> <span class='ocrx_word' id='word_1_574' title='bbox 1808 3109 2108 3179; x_wconf 82' lang='lat' dir='ltr'><strong>designare,</strong></span> <span class='ocrx_word' id='word_1_575' title='bbox 2143 3121 2397 3182; x_wconf 89' lang='lat' dir='ltr'><strong>tanquam</strong></span> <span class='ocrx_word' id='word_1_576' title='bbox 2445 3116 2760 3170; x_wconf 88' lang='lat' dir='ltr'><strong>inusitatum</strong></span> <span class='ocrx_word' id='word_1_577' title='bbox 2791 3120 3058 3186; x_wconf 88' lang='lat' dir='ltr'><strong>quoddam</strong></span> <span class='ocrx_word' id='word_1_578' title='bbox 3087 3130 3374 3188; x_wconf 84' lang='lat' dir='ltr'><strong>spectacu-</strong></span> 
     </span>
    </p>
   </div>
   <div class='ocr_carea' id='block_1_78' title="bbox 1813 3201 3371 3281">
    <p class='ocr_par' dir='ltr' id='par_1_78' title="bbox 1813 3201 3371 3281">
     <span class='ocr_line' id='line_1_78' title="bbox 1813 3201 3371 3281; baseline 0.008 -28"><span class='ocrx_word' id='word_1_579' title='bbox 1813 3201 1974 3272; x_wconf 87' lang='lat' dir='ltr'><strong>lum),</strong></span> <span class='ocrx_word' id='word_1_580' title='bbox 1995 3205 2337 3260; x_wconf 88' lang='lat' dir='ltr'><strong>venerandus</strong></span> <span class='ocrx_word' id='word_1_581' title='bbox 2361 3205 2605 3276; x_wconf 45' lang='lat' dir='ltr'><strong>aspectu‘,</strong></span> <span class='ocrx_word' id='word_1_582' title='bbox 2637 3211 2810 3278; x_wconf 86' lang='lat' dir='ltr'><strong>angeli</strong></span> <span class='ocrx_word' id='word_1_583' title='bbox 2836 3209 3074 3265; x_wconf 88' lang='lat' dir='ltr'><strong>referens</strong></span> <span class='ocrx_word' id='word_1_584' title='bbox 3100 3213 3330 3281; x_wconf 89' lang='lat' dir='ltr'><strong>speciem</strong></span> <span class='ocrx_word' id='word_1_585' title='bbox 3353 3254 3371 3278; x_wconf 96' lang='lat'><strong>,</strong></span> 
     </span>
    </p>
   </div>
   <div class='ocr_carea' id='block_1_79' title="bbox 1813 3293 3372 3367">
    <p class='ocr_par' dir='ltr' id='par_1_79' title="bbox 1813 3293 3372 3367">
     <span class='ocr_line' id='line_1_79' title="bbox 1813 3293 3372 3367; baseline 0.009 -24"><span class='ocrx_word' id='word_1_586' title='bbox 1813 3306 1936 3344; x_wconf 88' lang='lat' dir='ltr'><strong>cum</strong></span> <span class='ocrx_word' id='word_1_587' title='bbox 1965 3293 2028 3345; x_wconf 92' lang='lat' dir='ltr'><strong>ad</strong></span> <span class='ocrx_word' id='word_1_588' title='bbox 2068 3293 2350 3348; x_wconf 90' lang='lat' dir='ltr'><strong>Dominum</strong></span> <span class='ocrx_word' id='word_1_589' title='bbox 2393 3297 2741 3365; x_wconf 81' lang='lat' dir='ltr'><strong>proficiscens</strong></span> <span class='ocrx_word' id='word_1_590' title='bbox 2771 3299 2974 3363; x_wconf 89' lang='lat' dir='ltr'><strong>anima,</strong></span> <span class='ocrx_word' id='word_1_591' title='bbox 3023 3302 3152 3356; x_wconf 92' lang='lat' dir='ltr'><strong>solis</strong></span> <span class='ocrx_word' id='word_1_592' title='bbox 3177 3301 3372 3367; x_wconf 86' lang='lat' dir='ltr'><strong>instar,</strong></span> 
     </span>
    </p>
   </div>
   <div class='ocr_carea' id='block_1_80' title="bbox 1816 3384 3376 3458">
    <p class='ocr_par' dir='ltr' id='par_1_80' title="bbox 1816 3384 3376 3458">
     <span class='ocr_line' id='line_1_80' title="bbox 1816 3384 3376 3458; baseline 0.006 -21"><span class='ocrx_word' id='word_1_593' title='bbox 1816 3384 2087 3437; x_wconf 89' lang='lat' dir='ltr'><strong>radiantes</strong></span> <span class='ocrx_word' id='word_1_594' title='bbox 2150 3396 2304 3440; x_wconf 91' lang='lat' dir='ltr'><strong>notas</strong></span> <span class='ocrx_word' id='word_1_595' title='bbox 2366 3389 2626 3455; x_wconf 87' lang='lat' dir='ltr'><strong>quasdam</strong></span> <span class='ocrx_word' id='word_1_596' title='bbox 2690 3390 3062 3458; x_wconf 85' lang='lat' dir='ltr'><strong>impressisset</strong></span> <span class='ocrx_word' id='word_1_597' title='bbox 3109 3393 3162 3445; x_wconf 93' lang='lat' dir='ltr'><strong>in</strong></span> <span class='ocrx_word' id='word_1_598' title='bbox 3217 3407 3376 3447; x_wconf 73' lang='lat' dir='ltr'><strong>sacro</strong></span> 
     </span>
    </p>
   </div>
   <div class='ocr_carea' id='block_1_81' title="bbox 1817 3482 3376 3549">
    <p class='ocr_par' dir='ltr' id='par_1_81' title="bbox 1817 3482 3376 3549">
     <span class='ocr_line' id='line_1_81' title="bbox 1817 3482 3376 3549; baseline 0.007 -20"><span class='ocrx_word' id='word_1_599' title='bbox 1817 3491 2060 3545; x_wconf 82' lang='lat' dir='ltr'><strong>corpore,</strong></span> <span class='ocrx_word' id='word_1_600' title='bbox 2094 3493 2215 3532; x_wconf 90' lang='lat' dir='ltr'><strong>cum</strong></span> <span class='ocrx_word' id='word_1_601' title='bbox 2243 3493 2351 3547; x_wconf 91' lang='lat' dir='ltr'><strong>quo</strong></span> <span class='ocrx_word' id='word_1_602' title='bbox 2376 3488 2428 3533; x_wconf 88' lang='lat' dir='ltr'><strong>et</strong></span> <span class='ocrx_word' id='word_1_603' title='bbox 2461 3482 2513 3533; x_wconf 89' lang='lat' dir='ltr'><strong>in</strong></span> <span class='ocrx_word' id='word_1_604' title='bbox 2550 3497 2660 3549; x_wconf 90' lang='lat' dir='ltr'><strong>quo</strong></span> <span class='ocrx_word' id='word_1_605' title='bbox 2695 3494 2937 3536; x_wconf 86' lang='lat' dir='ltr'><strong>sanctam</strong></span> <span class='ocrx_word' id='word_1_606' title='bbox 2976 3483 3220 3539; x_wconf 89' lang='lat' dir='ltr'><strong>coluerat</strong></span> <span class='ocrx_word' id='word_1_607' title='bbox 3252 3483 3376 3540; x_wconf 86' lang='lat' dir='ltr'><strong>Tri-</strong></span> 
     </span>
    </p>
   </div>
   <div class='ocr_carea' id='block_1_82' title="bbox 1818 3567 3375 3630">
    <p class='ocr_par' dir='ltr' id='par_1_82' title="bbox 1818 3567 3375 3630">
     <span class='ocr_line' id='line_1_82' title="bbox 1818 3567 3375 3630; baseline 0.008 -13"><span class='ocrx_word' id='word_1_608' title='bbox 1818 3567 2061 3622; x_wconf 86' lang='lat' dir='ltr'><strong>nitatem.</strong></span> <span class='ocrx_word' id='word_1_609' title='bbox 2124 3567 2356 3622; x_wconf 84' lang='lat' dir='ltr'><strong>Coactus</strong></span> <span class='ocrx_word' id='word_1_610' title='bbox 2409 3581 2494 3624; x_wconf 90' lang='lat' dir='ltr'><strong>est</strong></span> <span class='ocrx_word' id='word_1_611' title='bbox 2550 3573 2695 3626; x_wconf 88' lang='lat' dir='ltr'><strong>illico</strong></span> <span class='ocrx_word' id='word_1_612' title='bbox 2743 3583 2918 3628; x_wconf 72' lang='lat' dir='ltr'><strong>cretus</strong></span> <span class='ocrx_word' id='word_1_613' title='bbox 2981 3576 3375 3630; x_wconf 84' lang='lat' dir='ltr'><strong>monachorum</strong></span> 
     </span>
    </p>
   </div>
   <div class='ocr_carea' id='block_1_83' title="bbox 1818 3659 3378 3730">
    <p class='ocr_par' dir='ltr' id='par_1_83' title="bbox 1818 3659 3378 3730">
     <span class='ocr_line' id='line_1_83' title="bbox 1818 3659 3378 3730; baseline 0.008 -20"><span class='ocrx_word' id='word_1_614' title='bbox 1818 3659 2267 3728; x_wconf 66' lang='lat' dir='ltr'><strong>saeculariumque</strong></span> <span class='ocrx_word' id='word_1_615' title='bbox 2298 3676 2458 3728; x_wconf 88' lang='lat' dir='ltr'><strong>quam</strong></span> <span class='ocrx_word' id='word_1_616' title='bbox 2485 3664 2754 3718; x_wconf 83' lang='lat' dir='ltr'><strong>maximus</strong></span> <span class='ocrx_word' id='word_1_617' title='bbox 2787 3682 2802 3730; x_wconf 90' lang='lat'><strong>;</strong></span> <span class='ocrx_word' id='word_1_618' title='bbox 2839 3665 3201 3722; x_wconf 87' lang='lat' dir='ltr'><strong>circumfusus</strong></span> <span class='ocrx_word' id='word_1_619' title='bbox 3227 3667 3378 3722; x_wconf 85' lang='lat' dir='ltr'><strong>illum</strong></span> 
     </span>
    </p>
   </div>
   <div class='ocr_carea' id='block_1_84' title="bbox 1821 3749 3380 3826">
    <p class='ocr_par' dir='ltr' id='par_1_84' title="bbox 1821 3749 3380 3826">
     <span class='ocr_line' id='line_1_84' title="bbox 1821 3749 3380 3826; baseline 0.008 -29"><span class='ocrx_word' id='word_1_620' title='bbox 1821 3757 2074 3814; x_wconf 89' lang='lat' dir='ltr'><strong>tanquam</strong></span> <span class='ocrx_word' id='word_1_621' title='bbox 2109 3762 2323 3800; x_wconf 89' lang='lat' dir='ltr'><strong>sacrum</strong></span> <span class='ocrx_word' id='word_1_622' title='bbox 2361 3749 2556 3818; x_wconf 86' lang='lat' dir='ltr'><strong>pignus</strong></span> <span class='ocrx_word' id='word_1_623' title='bbox 2586 3752 2896 3809; x_wconf 86' lang='lat' dir='ltr'><strong>intuebatur</strong></span> <span class='ocrx_word' id='word_1_624' title='bbox 2929 3771 2943 3819; x_wconf 86' lang='lat'><strong>;</strong></span> <span class='ocrx_word' id='word_1_625' title='bbox 2983 3755 3088 3817; x_wconf 89' lang='lat' dir='ltr'><strong>vel,</strong></span> <span class='ocrx_word' id='word_1_626' title='bbox 3122 3766 3179 3809; x_wconf 90' lang='lat' dir='ltr'><strong>ut</strong></span> <span class='ocrx_word' id='word_1_627' title='bbox 3206 3757 3380 3826; x_wconf 90' lang='lat' dir='ltr'><strong>magis</strong></span> 
     </span>
    </p>
   </div>
   <div class='ocr_carea' id='block_1_85' title="bbox 1819 3838 3380 3918">
    <p class='ocr_par' dir='ltr' id='par_1_85' title="bbox 1819 3838 3380 3918">
     <span class='ocr_line' id='line_1_85' title="bbox 1819 3838 3380 3918; baseline 0.008 -29"><span class='ocrx_word' id='word_1_628' title='bbox 1819 3838 2033 3906; x_wconf 84' lang='lat' dir='ltr'><strong>proprie</strong></span> <span class='ocrx_word' id='word_1_629' title='bbox 2085 3838 2283 3903; x_wconf 88' lang='lat' dir='ltr'><strong>dicam,</strong></span> <span class='ocrx_word' id='word_1_630' title='bbox 2329 3849 2585 3910; x_wconf 86' lang='lat' dir='ltr'><strong>tanquam</strong></span> <span class='ocrx_word' id='word_1_631' title='bbox 2631 3844 2946 3910; x_wconf 82' lang='lat' dir='ltr'><strong>spirantem.</strong></span> <span class='ocrx_word' id='word_1_632' title='bbox 2998 3856 3053 3900; x_wconf 91' lang='lat' dir='ltr'><strong>et</strong></span> <span class='ocrx_word' id='word_1_633' title='bbox 3100 3847 3192 3917; x_wconf 91' lang='lat' dir='ltr'><strong>qui</strong></span> <span class='ocrx_word' id='word_1_634' title='bbox 3231 3847 3380 3918; x_wconf 90' lang='lat' dir='ltr'><strong>loqui</strong></span> 
     </span>
    </p>
   </div>
   <div class='ocr_carea' id='block_1_86' title="bbox 1819 3929 3380 4010">
    <p class='ocr_par' dir='ltr' id='par_1_86' title="bbox 1819 3929 3380 4010">
     <span class='ocr_line' id='line_1_86' title="bbox 1819 3929 3380 4010; baseline 0.009 -27"><span class='ocrx_word' id='word_1_635' title='bbox 1819 3938 2020 3998; x_wconf 86' lang='lat' dir='ltr'><strong>posset.</strong></span> <span class='ocrx_word' id='word_1_636' title='bbox 2055 3929 2444 3986; x_wconf 88' lang='lat' dir='ltr'><strong>Fundebantur</strong></span> <span class='ocrx_word' id='word_1_637' title='bbox 2466 3933 2715 4006; x_wconf 71' lang='lat' dir='ltr'><strong>lacrymae</strong></span> <span class='ocrx_word' id='word_1_638' title='bbox 2748 3939 2816 3990; x_wconf 90' lang='lat' dir='ltr'><strong>ab</strong></span> <span class='ocrx_word' id='word_1_639' title='bbox 2848 3939 3126 3994; x_wconf 85' lang='lat' dir='ltr'><strong>honoratis</strong></span> <span class='ocrx_word' id='word_1_640' title='bbox 3159 3942 3380 4010; x_wconf 90' lang='lat' dir='ltr'><strong>quidem</strong></span> 
     </span>
    </p>
   </div>
   <div class='ocr_carea' id='block_1_87' title="bbox 1819 4020 3380 4098">
    <p class='ocr_par' dir='ltr' id='par_1_87' title="bbox 1819 4020 3380 4098">
     <span class='ocr_line' id='line_1_87' title="bbox 1819 4020 3380 4098; baseline 0.009 -26"><span class='ocrx_word' id='word_1_641' title='bbox 1819 4021 1948 4074; x_wconf 87' lang='lat' dir='ltr'><strong>viris</strong></span> <span class='ocrx_word' id='word_1_642' title='bbox 1974 4020 2090 4075; x_wconf 90' lang='lat' dir='ltr'><strong>sine</strong></span> <span class='ocrx_word' id='word_1_643' title='bbox 2119 4023 2345 4092; x_wconf 89' lang='lat' dir='ltr'><strong>strepitu</strong></span> <span class='ocrx_word' id='word_1_644' title='bbox 2371 4062 2386 4088; x_wconf 91' lang='lat'><strong>,</strong></span> <span class='ocrx_word' id='word_1_645' title='bbox 2429 4039 2460 4077; x_wconf 89' lang='lat' dir='ltr'><strong>a</strong></span> <span class='ocrx_word' id='word_1_646' title='bbox 2505 4026 2676 4080; x_wconf 84' lang='lat' dir='ltr'><strong>servis</strong></span> <span class='ocrx_word' id='word_1_647' title='bbox 2711 4039 2886 4081; x_wconf 87' lang='lat' dir='ltr'><strong>autem</strong></span> <span class='ocrx_word' id='word_1_648' title='bbox 2928 4030 3109 4083; x_wconf 91' lang='lat' dir='ltr'><strong>sonitu</strong></span> <span class='ocrx_word' id='word_1_649' title='bbox 3153 4032 3380 4098; x_wconf 86' lang='lat' dir='ltr'><strong>majore.</strong></span> 
     </span>
    </p>
   </div>
   <div class='ocr_carea' id='block_1_88' title="bbox 1822 4113 3383 4188">
    <p class='ocr_par' dir='ltr' id='par_1_88' title="bbox 1822 4113 3383 4188">
     <span class='ocr_line' id='line_1_88' title="bbox 1822 4113 3383 4188; baseline 0.006 -21"><span class='ocrx_word' id='word_1_650' title='bbox 1822 4113 1913 4167; x_wconf 90' lang='lat' dir='ltr'><strong>Sic</strong></span> <span class='ocrx_word' id='word_1_651' title='bbox 1949 4128 2076 4182; x_wconf 85' lang='lat' dir='ltr'><strong>ergo</strong></span> <span class='ocrx_word' id='word_1_652' title='bbox 2125 4127 2249 4167; x_wconf 91' lang='lat' dir='ltr'><strong>cum</strong></span> <span class='ocrx_word' id='word_1_653' title='bbox 2296 4115 2612 4182; x_wconf 83' lang='lat' dir='ltr'><strong>psalmodiis</strong></span> <span class='ocrx_word' id='word_1_654' title='bbox 2646 4120 3070 4188; x_wconf 89' lang='lat' dir='ltr'><strong>congruentibus</strong></span> <span class='ocrx_word' id='word_1_655' title='bbox 3097 4129 3152 4176; x_wconf 89' lang='lat' dir='ltr'><strong>et</strong></span> <span class='ocrx_word' id='word_1_656' title='bbox 3191 4122 3383 4176; x_wconf 88' lang='lat' dir='ltr'><strong>faustis</strong></span> 
     </span>
    </p>
   </div>
   <div class='ocr_carea' id='block_1_89' title="bbox 1819 4207 3384 4279">
    <p class='ocr_par' dir='ltr' id='par_1_89' title="bbox 1819 4207 3384 4279">
     <span class='ocr_line' id='line_1_89' title="bbox 1819 4207 3384 4279; baseline 0.006 -19"><span class='ocrx_word' id='word_1_657' title='bbox 1819 4208 2196 4275; x_wconf 86' lang='lat' dir='ltr'><strong>episcoporum</strong></span> <span class='ocrx_word' id='word_1_658' title='bbox 2243 4207 2715 4274; x_wconf 84' lang='lat' dir='ltr'><strong>apprecationibus</strong></span> <span class='ocrx_word' id='word_1_659' title='bbox 2759 4212 3049 4279; x_wconf 65' lang='lat' dir='ltr'><strong>sepultura:</strong></span> <span class='ocrx_word' id='word_1_660' title='bbox 3096 4215 3384 4269; x_wconf 85' lang='lat' dir='ltr'><strong>mandatus</strong></span> 
     </span>
    </p>
   </div>
   <div class='ocr_carea' id='block_1_90' title="bbox 1820 4297 3385 4362">
    <p class='ocr_par' dir='ltr' id='par_1_90' title="bbox 1820 4297 3385 4362">
     <span class='ocr_line' id='line_1_90' title="bbox 1820 4297 3385 4362; baseline 0.005 -8"><span class='ocrx_word' id='word_1_661' title='bbox 1820 4307 1904 4354; x_wconf 87' lang='lat' dir='ltr'><strong>est</strong></span> <span class='ocrx_word' id='word_1_662' title='bbox 1929 4314 1995 4352; x_wconf 93' lang='lat' dir='ltr'><strong>eo</strong></span> <span class='ocrx_word' id='word_1_663' title='bbox 2029 4300 2080 4351; x_wconf 92' lang='lat' dir='ltr'><strong>in</strong></span> <span class='ocrx_word' id='word_1_664' title='bbox 2115 4297 2254 4361; x_wconf 91' lang='lat' dir='ltr'><strong>loco,</strong></span> <span class='ocrx_word' id='word_1_665' title='bbox 2286 4298 2376 4352; x_wconf 91' lang='lat' dir='ltr'><strong>ubi</strong></span> <span class='ocrx_word' id='word_1_666' title='bbox 2404 4300 2484 4352; x_wconf 90' lang='lat' dir='ltr'><strong>vir</strong></span> <span class='ocrx_word' id='word_1_667' title='bbox 2515 4300 2705 4355; x_wconf 87' lang='lat' dir='ltr'><strong>beatus</strong></span> <span class='ocrx_word' id='word_1_668' title='bbox 2748 4319 2902 4357; x_wconf 84' lang='lat' dir='ltr'><strong>sacra</strong></span> <span class='ocrx_word' id='word_1_669' title='bbox 2937 4305 3164 4360; x_wconf 84' lang='lat' dir='ltr'><strong>Domino</strong></span> <span class='ocrx_word' id='word_1_670' title='bbox 3205 4305 3385 4362; x_wconf 91' lang='lat' dir='ltr'><strong>facere</strong></span> 
     </span>
    </p>
   </div>
   <div class='ocr_carea' id='block_1_91' title="bbox 1822 4391 3384 4463">
    <p class='ocr_par' dir='ltr' id='par_1_91' title="bbox 1822 4391 3384 4463">
     <span class='ocr_line' id='line_1_91' title="bbox 1822 4391 3384 4463; baseline 0.003 -18"><span class='ocrx_word' id='word_1_671' title='bbox 1822 4401 2179 4445; x_wconf 83' lang='lat' dir='ltr'><strong>consueverat</strong></span> <span class='ocrx_word' id='word_1_672' title='bbox 2203 4409 2216 4442; x_wconf 86' lang='lat'><strong>:</strong></span> <span class='ocrx_word' id='word_1_673' title='bbox 2248 4391 2633 4463; x_wconf 89' lang='lat' dir='ltr'><strong>appositusque</strong></span> <span class='ocrx_word' id='word_1_674' title='bbox 2661 4403 2744 4448; x_wconf 90' lang='lat' dir='ltr'><strong>est</strong></span> <span class='ocrx_word' id='word_1_675' title='bbox 2765 4395 2922 4449; x_wconf 84' lang='lat' dir='ltr'><strong>Pater</strong></span> <span class='ocrx_word' id='word_1_676' title='bbox 2956 4395 3223 4462; x_wconf 88' lang='lat' dir='ltr'><strong>Patribus,</strong></span> <span class='ocrx_word' id='word_1_677' title='bbox 3250 4414 3384 4452; x_wconf 84' lang='lat' dir='ltr'><strong>con—</strong></span> 
     </span>
    </p>
   </div>
   <div class='ocr_carea' id='block_1_92' title="bbox 161 4471 1706 4557">
    <p class='ocr_par' dir='ltr' id='par_1_92' title="bbox 161 4471 1706 4550">
     <span class='ocr_line' id='line_1_92' title="bbox 161 4471 1706 4550; baseline 0.008 -29"><span class='ocrx_word' id='word_1_678' title='bbox 161 4472 186 4520; x_wconf 79' lang='grc'>6</span> <span class='ocrx_word' id='word_1_679' title='bbox 214 4471 528 4538; x_wconf 73' lang='grc' dir='ltr'>διδάσκαλος</span> <span class='ocrx_word' id='word_1_680' title='bbox 561 4479 670 4538; x_wconf 87' lang='grc' dir='ltr'>τοῖς</span> <span class='ocrx_word' id='word_1_681' title='bbox 702 4477 1058 4540; x_wconf 83' lang='grc' dir='ltr'>διδασκάλοις,</span> <span class='ocrx_word' id='word_1_682' title='bbox 1085 4482 1112 4531; x_wconf 90' lang='lat'><strong>6</strong></span> <span class='ocrx_word' id='word_1_683' title='bbox 1140 4480 1424 4550; x_wconf 83' lang='grc' dir='ltr'>ὑποφήτης</span> <span class='ocrx_word' id='word_1_684' title='bbox 1450 4485 1562 4545; x_wconf 88' lang='grc' dir='ltr'>τοῖς</span> <span class='ocrx_word' id='word_1_685' title='bbox 1589 4483 1706 4534; x_wconf 83' lang='grc' dir='ltr'>ὐπο-</span> 
     </span>
    </p>
   </div>
   <div class='ocr_carea' id='block_1_93' title="bbox 1808 4471 3383 4557">
    <p class='ocr_par' dir='ltr' id='par_1_93' title="bbox 1824 4481 3383 4557">
     <span class='ocr_line' id='line_1_93' title="bbox 1824 4481 3383 4557; baseline 0.005 -21"><span class='ocrx_word' id='word_1_686' title='bbox 1824 4486 1996 4536; x_wconf 88' lang='lat' dir='ltr'><strong>fessor</strong></span> <span class='ocrx_word' id='word_1_687' title='bbox 2026 4481 2452 4546; x_wconf 89' lang='lat' dir='ltr'><strong>confessoribus,</strong></span> <span class='ocrx_word' id='word_1_688' title='bbox 2496 4485 2753 4555; x_wconf 89' lang='lat' dir='ltr'><strong>magister</strong></span> <span class='ocrx_word' id='word_1_689' title='bbox 2782 4487 3078 4557; x_wconf 85' lang='lat' dir='ltr'><strong>magistris,</strong></span> <span class='ocrx_word' id='word_1_690' title='bbox 3119 4489 3383 4557; x_wconf 87' lang='lat' dir='ltr'><strong>interpres</strong></span> 
     </span>
    </p>
   </div>
   <div class='ocr_carea' id='block_1_94' title="bbox 164 4565 1719 4644">
    <p class='ocr_par' dir='ltr' id='par_1_94' title="bbox 164 4565 1719 4644">
     <span class='ocr_line' id='line_1_94' title="bbox 164 4565 1719 4644; baseline 0.007 -29"><span class='ocrx_word' id='word_1_691' title='bbox 164 4565 374 4630; x_wconf 70' lang='grc' dir='ltr'>φήταις·</span> <span class='ocrx_word' id='word_1_692' title='bbox 429 4567 802 4636; x_wconf 84' lang='grc' dir='ltr'>προσθείημεν</span> <span class='ocrx_word' id='word_1_693' title='bbox 834 4569 879 4620; x_wconf 88' lang='grc' dir='ltr'>δ’</span> <span class='ocrx_word' id='word_1_694' title='bbox 913 4569 980 4622; x_wconf 86' lang='grc' dir='ltr'>ἂν</span> <span class='ocrx_word' id='word_1_695' title='bbox 1017 4570 1110 4622; x_wconf 69' lang='grc' dir='ltr'><strong>καὶ</strong></span> <span class='ocrx_word' id='word_1_696' title='bbox 1139 4569 1331 4622; x_wconf 75' lang='grc' dir='ltr'>ταῦτα’</span> <span class='ocrx_word' id='word_1_697' title='bbox 1372 4573 1400 4623; x_wconf 91' lang='lat'><strong>6</strong></span> <span class='ocrx_word' id='word_1_698' title='bbox 1450 4574 1719 4644; x_wconf 78' lang='grc' dir='ltr'>ἐγκρατὴς</span> 
     </span>
    </p>
   </div>
   <div class='ocr_carea' id='block_1_95' title="bbox 164 4657 1722 4732">
    <p class='ocr_par' dir='ltr' id='par_1_95' title="bbox 164 4657 1722 4732">
     <span class='ocr_line' id='line_1_95' title="bbox 164 4657 1722 4732; baseline 0.01 -29"><span class='ocrx_word' id='word_1_699' title='bbox 164 4657 271 4716; x_wconf 82' lang='grc' dir='ltr'>τοῖς</span> <span class='ocrx_word' id='word_1_700' title='bbox 308 4660 656 4728; x_wconf 86' lang='grc' dir='ltr'>ὲγκρατέσιν,</span> <span class='ocrx_word' id='word_1_701' title='bbox 690 4663 718 4712; x_wconf 87' lang='lat'><strong>6</strong></span> <span class='ocrx_word' id='word_1_702' title='bbox 741 4661 897 4728; x_wconf 76' lang='grc' dir='ltr'>ἁγνὸς</span> <span class='ocrx_word' id='word_1_703' title='bbox 920 4665 1031 4725; x_wconf 86' lang='grc' dir='ltr'>τοῖς</span> <span class='ocrx_word' id='word_1_704' title='bbox 1059 4663 1356 4730; x_wconf 81' lang='grc' dir='ltr'>φιλάγνοις,</span> <span class='ocrx_word' id='word_1_705' title='bbox 1387 4664 1415 4715; x_wconf 90' lang='lat'><strong>6</strong></span> <span class='ocrx_word' id='word_1_706' title='bbox 1450 4665 1722 4732; x_wconf 82' lang='grc' dir='ltr'>φιλόξενος</span> 
     </span>
    </p>
   </div>
   <div class='ocr_carea' id='block_1_96' title="bbox 164 4747 1720 4825">
    <p class='ocr_par' dir='ltr' id='par_1_96' title="bbox 164 4747 1720 4825">
     <span class='ocr_line' id='line_1_96' title="bbox 164 4747 1720 4825; baseline 0.01 -31"><span class='ocrx_word' id='word_1_707' title='bbox 164 4747 270 4807; x_wconf 77' lang='grc' dir='ltr'>τοῖς</span> <span class='ocrx_word' id='word_1_708' title='bbox 317 4751 649 4815; x_wconf 78' lang='grc' dir='ltr'>φιλοξένοις.</span> <span class='ocrx_word' id='word_1_709' title='bbox 701 4753 730 4804; x_wconf 88' lang='lat'><strong>6</strong></span> <span class='ocrx_word' id='word_1_710' title='bbox 784 4752 1001 4820; x_wconf 83' lang='grc' dir='ltr'>μέτριος</span> <span class='ocrx_word' id='word_1_711' title='bbox 1058 4756 1168 4811; x_wconf 79' lang='grc' dir='ltr'>τοῖς</span> <span class='ocrx_word' id='word_1_712' title='bbox 1221 4755 1631 4825; x_wconf 75' lang='grc' dir='ltr'>μετριόφροσινο</span> <span class='ocrx_word' id='word_1_713' title='bbox 1690 4759 1720 4810; x_wconf 89' lang='lat'><strong>6</strong></span> 
     </span>
    </p>
   </div>
   <div class='ocr_carea' id='block_1_97' title="bbox 165 4837 1718 4911">
    <p class='ocr_par' dir='ltr' id='par_1_97' title="bbox 165 4837 1718 4911">
     <span class='ocr_line' id='line_1_97' title="bbox 165 4837 1718 4911; baseline 0.012 -27"><span class='ocrx_word' id='word_1_714' title='bbox 165 4837 336 4893; x_wconf 83' lang='grc' dir='ltr'>πάντα</span> <span class='ocrx_word' id='word_1_715' title='bbox 369 4847 483 4905; x_wconf 83' lang='grc' dir='ltr'>τοῖς</span> <span class='ocrx_word' id='word_1_716' title='bbox 525 4844 687 4895; x_wconf 81' lang='grc' dir='ltr'>πᾶσιν</span> <span class='ocrx_word' id='word_1_717' title='bbox 721 4838 778 4895; x_wconf 77' lang='grc' dir='ltr'><strong>εὖ</strong></span> <span class='ocrx_word' id='word_1_718' title='bbox 810 4844 1065 4911; x_wconf 86' lang='grc' dir='ltr'>γεγονὼς,</span> <span class='ocrx_word' id='word_1_719' title='bbox 1092 4845 1212 4898; x_wconf 78' lang='grc' dir='ltr'>καθ’</span> <span class='ocrx_word' id='word_1_720' title='bbox 1233 4848 1354 4899; x_wconf 79' lang='grc' dir='ltr'>ὅσον</span> <span class='ocrx_word' id='word_1_721' title='bbox 1383 4843 1491 4901; x_wconf 78' lang='grc' dir='ltr'>οἷόν</span> <span class='ocrx_word' id='word_1_722' title='bbox 1521 4865 1600 4910; x_wconf 92' lang='grc' dir='ltr'><strong>τε,</strong></span> <span class='ocrx_word' id='word_1_723' title='bbox 1635 4850 1718 4902; x_wconf 80' lang='grc' dir='ltr'>ἵνα</span> 
     </span>
    </p>
   </div>
   <div class='ocr_carea' id='block_1_98' title="bbox 163 4931 1719 5010">
    <p class='ocr_par' dir='ltr' id='par_1_98' title="bbox 163 4931 1719 5010">
     <span class='ocr_line' id='line_1_98' title="bbox 163 4931 1719 5010; baseline 0.008 -30"><span class='ocrx_word' id='word_1_724' title='bbox 163 4931 284 4993; x_wconf 71' lang='grc' dir='ltr'>τοὺς</span> <span class='ocrx_word' id='word_1_725' title='bbox 313 4935 618 5004; x_wconf 81' lang='grc' dir='ltr'>πάντας,ἢ</span> <span class='ocrx_word' id='word_1_726' title='bbox 666 4935 789 4997; x_wconf 75' lang='grc' dir='ltr'>τοὺς</span> <span class='ocrx_word' id='word_1_727' title='bbox 840 4937 1089 5000; x_wconf 86' lang='grc' dir='ltr'>πλείονας</span> <span class='ocrx_word' id='word_1_728' title='bbox 1139 4939 1394 5010; x_wconf 77' lang='grc' dir='ltr'>κερδήσῃ·</span> <span class='ocrx_word' id='word_1_729' title='bbox 1433 4941 1719 4995; x_wconf 86' lang='grc' dir='ltr'>ἀποστολι-</span> 
     </span>
    </p>
   </div>
   <div class='ocr_carea' id='block_1_99' title="bbox 168 5021 1719 5100">
    <p class='ocr_par' dir='ltr' id='par_1_99' title="bbox 168 5021 1719 5100">
     <span class='ocr_line' id='line_1_99' title="bbox 168 5021 1719 5100; baseline 0.01 -33"><span class='ocrx_word' id='word_1_730' title='bbox 168 5021 277 5081; x_wconf 72' lang='lat' dir='ltr'><strong>mi;</strong></span> <span class='ocrx_word' id='word_1_731' title='bbox 315 5023 738 5096; x_wconf 81' lang='grc' dir='ltr'>κατορθώμασιν</span> <span class='ocrx_word' id='word_1_732' title='bbox 768 5026 1190 5096; x_wconf 81' lang='grc' dir='ltr'>ἐπερειδόμενος.</span> <span class='ocrx_word' id='word_1_733' title='bbox 1245 5029 1353 5079; x_wconf 80' lang='grc' dir='ltr'><strong>Καὶ</strong></span> <span class='ocrx_word' id='word_1_734' title='bbox 1411 5029 1502 5081; x_wconf 86' lang='grc' dir='ltr'><strong>νῦν</strong></span> <span class='ocrx_word' id='word_1_735' title='bbox 1557 5032 1719 5100; x_wconf 77' lang='grc' dir='ltr'>ἡμεῖς</span> 
     </span>
    </p>
   </div>
   <div class='ocr_carea' id='block_1_100' title="bbox 174 5108 1718 5192">
    <p class='ocr_par' dir='ltr' id='par_1_100' title="bbox 174 5108 1718 5192">
     <span class='ocr_line' id='line_1_100' title="bbox 174 5108 1718 5192; baseline 0.01 -32"><span class='ocrx_word' id='word_1_736' title='bbox 174 5108 266 5174; x_wconf 80' lang='grc' dir='ltr'>μὲν</span> <span class='ocrx_word' id='word_1_737' title='bbox 297 5115 346 5164; x_wconf 86' lang='grc' dir='ltr'>οἱ</span> <span class='ocrx_word' id='word_1_738' title='bbox 406 5117 656 5170; x_wconf 68' lang='grc' dir='ltr'>ταπεινοὶ</span> <span class='ocrx_word' id='word_1_739' title='bbox 705 5119 1012 5187; x_wconf 80' lang='grc' dir='ltr'>ὀρφανικῶς</span> <span class='ocrx_word' id='word_1_740' title='bbox 1052 5120 1440 5192; x_wconf 85' lang='grc' dir='ltr'>ἀποδυρόμενοι</span> <span class='ocrx_word' id='word_1_741' title='bbox 1506 5122 1597 5175; x_wconf 76' lang='grc' dir='ltr'><strong>τὸν</strong></span> <span class='ocrx_word' id='word_1_742' title='bbox 1644 5123 1718 5186; x_wconf 85' lang='grc' dir='ltr'>ὡς</span> 
     </span>
    </p>
   </div>
   <div class='ocr_carea' id='block_1_101' title="bbox 172 5198 1719 5284">
    <p class='ocr_par' dir='ltr' id='par_1_101' title="bbox 172 5198 1719 5284">
     <span class='ocr_line' id='line_1_101' title="bbox 172 5198 1719 5284; baseline 0.009 -32"><span class='ocrx_word' id='word_1_743' title='bbox 172 5198 379 5267; x_wconf 80' lang='grc' dir='ltr'>ἀληθῶς</span> <span class='ocrx_word' id='word_1_744' title='bbox 413 5209 511 5262; x_wconf 75' lang='grc' dir='ltr'><strong>καὶ</strong></span> <span class='ocrx_word' id='word_1_745' title='bbox 539 5209 872 5279; x_wconf 82' lang='grc' dir='ltr'>φιλοπάτορα</span> <span class='ocrx_word' id='word_1_746' title='bbox 903 5212 993 5264; x_wconf 71' lang='grc' dir='ltr'><strong>καὶ</strong></span> <span class='ocrx_word' id='word_1_747' title='bbox 1026 5213 1342 5283; x_wconf 81' lang='grc' dir='ltr'>φιλάδελφον</span> <span class='ocrx_word' id='word_1_748' title='bbox 1366 5232 1378 5243; x_wconf 82' lang='lat'><strong><em>°</em></strong></span> <span class='ocrx_word' id='word_1_749' title='bbox 1431 5217 1464 5284; x_wconf 80' lang='grc' dir='ltr'>ἡ</span> <span class='ocrx_word' id='word_1_750' title='bbox 1509 5214 1564 5267; x_wconf 81' lang='grc' dir='ltr'>δὲ</span> <span class='ocrx_word' id='word_1_751' title='bbox 1599 5216 1719 5269; x_wconf 77' lang='grc' dir='ltr'>κατ’</span> 
     </span>
    </p>
   </div>
   <div class='ocr_carea' id='block_1_102' title="bbox 173 5290 1722 5375">
    <p class='ocr_par' dir='ltr' id='par_1_102' title="bbox 173 5290 1722 5375">
     <span class='ocr_line' id='line_1_102' title="bbox 173 5290 1722 5375; baseline 0.014 -36"><span class='ocrx_word' id='word_1_752' title='bbox 173 5290 328 5346; x_wconf 78' lang='grc' dir='ltr'>αὑτὸν</span> <span class='ocrx_word' id='word_1_753' title='bbox 376 5299 694 5370; x_wconf 82' lang='grc' dir='ltr'>Ἐκκλησία,</span> <span class='ocrx_word' id='word_1_754' title='bbox 727 5297 822 5353; x_wconf 75' lang='grc' dir='ltr'>εἶτ’</span> <span class='ocrx_word' id='word_1_755' title='bbox 856 5299 947 5355; x_wconf 78' lang='grc' dir='ltr'>οὖν</span> <span class='ocrx_word' id='word_1_756' title='bbox 973 5304 1032 5355; x_wconf 73' lang='grc' dir='ltr'>τὸ</span> <span class='ocrx_word' id='word_1_757' title='bbox 1061 5307 1255 5375; x_wconf 73' lang='grc' dir='ltr'>μικρὸν</span> <span class='ocrx_word' id='word_1_758' title='bbox 1289 5305 1552 5375; x_wconf 86' lang='grc' dir='ltr'>ποίμνιον,</span> <span class='ocrx_word' id='word_1_759' title='bbox 1585 5307 1722 5374; x_wconf 73' lang='grc' dir='ltr'>ἠπο-</span> 
     </span>
    </p>
   </div>
   <div class='ocr_carea' id='block_1_103' title="bbox 177 5385 1721 5467">
    <p class='ocr_par' dir='ltr' id='par_1_103' title="bbox 177 5385 1721 5467">
     <span class='ocr_line' id='line_1_103' title="bbox 177 5385 1721 5467; baseline 0.006 -29"><span class='ocrx_word' id='word_1_760' title='bbox 177 5385 399 5448; x_wconf 81' lang='grc' dir='ltr'>ρημένον</span> <span class='ocrx_word' id='word_1_761' title='bbox 457 5390 602 5453; x_wconf 91' lang='grc' dir='ltr'>λίαν,</span> <span class='ocrx_word' id='word_1_762' title='bbox 637 5390 729 5442; x_wconf 76' lang='grc' dir='ltr'><strong>καὶ</strong></span> <span class='ocrx_word' id='word_1_763' title='bbox 759 5391 1196 5462; x_wconf 79' lang='grc' dir='ltr'>ἀνακαλούμενον</span> <span class='ocrx_word' id='word_1_764' title='bbox 1234 5395 1327 5449; x_wconf 81' lang='grc' dir='ltr'>τὸν</span> <span class='ocrx_word' id='word_1_765' title='bbox 1364 5399 1597 5467; x_wconf 79' lang='grc' dir='ltr'>ποιμένα</span> <span class='ocrx_word' id='word_1_766' title='bbox 1628 5395 1721 5451; x_wconf 84' lang='grc' dir='ltr'><strong>καὶ</strong></span> 
     </span>
    </p>
   </div>
   <div class='ocr_carea' id='block_1_104' title="bbox 177 5469 1066 5549">
    <p class='ocr_par' dir='ltr' id='par_1_104' title="bbox 177 5469 1066 5549">
     <span class='ocr_line' id='line_1_104' title="bbox 177 5469 1066 5549; baseline 0.022 -29"><span class='ocrx_word' id='word_1_767' title='bbox 177 5469 403 5544; x_wconf 81' lang='grc' dir='ltr'>Πατέρα,</span> <span class='ocrx_word' id='word_1_768' title='bbox 437 5477 525 5534; x_wconf 74' lang='grc' dir='ltr'>οἷα</span> <span class='ocrx_word' id='word_1_769' title='bbox 551 5481 701 5543; x_wconf 84' lang='grc' dir='ltr'>είκὸς</span> <span class='ocrx_word' id='word_1_770' title='bbox 729 5487 1066 5549; x_wconf 78' lang='grc' dir='ltr'>νεοττοὺς....</span> 
     </span>
    </p>
   </div>
   <div class='ocr_carea' id='block_1_105' title="bbox 242 5647 883 5724">
    <p class='ocr_par' dir='ltr' id='par_1_105' title="bbox 242 5647 883 5724">
     <span class='ocr_line' id='line_1_105' title="bbox 242 5647 883 5724; baseline 0.016 -18"><span class='ocrx_word' id='word_1_771' title='bbox 242 5647 330 5704; x_wconf 81' lang='lat'><strong>&quot;1</strong></span> <span class='ocrx_word' id='word_1_772' title='bbox 375 5654 498 5718; x_wconf 82' lang='lat' dir='ltr'><strong>Cor.</strong></span> <span class='ocrx_word' id='word_1_773' title='bbox 534 5675 607 5724; x_wconf 85' lang='lat' dir='ltr'><strong>Ix,</strong></span> <span class='ocrx_word' id='word_1_774' title='bbox 633 5657 696 5711; x_wconf 81' lang='lat' dir='ltr'><strong>l9</strong></span> <span class='ocrx_word' id='word_1_775' title='bbox 726 5673 776 5716; x_wconf 88' lang='lat' dir='ltr'><strong>et</strong></span> <span class='ocrx_word' id='word_1_776' title='bbox 795 5661 883 5717; x_wconf 69' lang='lat'><strong>92.</strong></span> 
     </span>
    </p>
   </div>
   <div class='ocr_carea' id='block_1_106' title="bbox 1821 4573 3383 4642">
    <p class='ocr_par' dir='ltr' id='par_1_106' title="bbox 1821 4573 3383 4642">
     <span class='ocr_line' id='line_1_106' title="bbox 1821 4573 3383 4642; baseline 0.005 -15"><span class='ocrx_word' id='word_1_777' title='bbox 1821 4573 2253 4642; x_wconf 84' lang='lat' dir='ltr'><strong>interpretibus:</strong></span> <span class='ocrx_word' id='word_1_778' title='bbox 2297 4575 2592 4628; x_wconf 88' lang='lat' dir='ltr'><strong>addiderim</strong></span> <span class='ocrx_word' id='word_1_779' title='bbox 2636 4592 2763 4633; x_wconf 90' lang='lat' dir='ltr'><strong>vero</strong></span> <span class='ocrx_word' id='word_1_780' title='bbox 2804 4590 2858 4632; x_wconf 87' lang='lat' dir='ltr'><strong>et</strong></span> <span class='ocrx_word' id='word_1_781' title='bbox 2902 4579 3003 4633; x_wconf 89' lang='lat' dir='ltr'><strong>ista</strong></span> <span class='ocrx_word' id='word_1_782' title='bbox 3038 4596 3052 4632; x_wconf 89' lang='lat'><strong>:</strong></span> <span class='ocrx_word' id='word_1_783' title='bbox 3097 4584 3383 4635; x_wconf 85' lang='lat' dir='ltr'><strong>continens</strong></span> 
     </span>
    </p>
   </div>
   <div class='ocr_carea' id='block_1_107' title="bbox 1820 4664 3383 4736">
    <p class='ocr_par' dir='ltr' id='par_1_107' title="bbox 1820 4664 3383 4736">
     <span class='ocr_line' id='line_1_107' title="bbox 1820 4664 3383 4736; baseline 0.007 -21"><span class='ocrx_word' id='word_1_784' title='bbox 1820 4664 2243 4725; x_wconf 80' lang='lat' dir='ltr'><strong>continentibus,</strong></span> <span class='ocrx_word' id='word_1_785' title='bbox 2299 4675 2480 4718; x_wconf 83' lang='lat' dir='ltr'><strong>castus</strong></span> <span class='ocrx_word' id='word_1_786' title='bbox 2531 4668 2867 4723; x_wconf 70' lang='lat' dir='ltr'><strong>castimoniae</strong></span> <span class='ocrx_word' id='word_1_787' title='bbox 2910 4672 3242 4736; x_wconf 87' lang='lat' dir='ltr'><strong>amantibus,</strong></span> <span class='ocrx_word' id='word_1_788' title='bbox 3285 4671 3383 4726; x_wconf 79' lang='lat' dir='ltr'><strong>bo-</strong></span> 
     </span>
    </p>
   </div>
   <div class='ocr_carea' id='block_1_108' title="bbox 1820 4756 3382 4825">
    <p class='ocr_par' dir='ltr' id='par_1_108' title="bbox 1820 4756 3382 4825">
     <span class='ocr_line' id='line_1_108' title="bbox 1820 4756 3382 4825; baseline 0.005 -16"><span class='ocrx_word' id='word_1_789' title='bbox 1820 4756 2027 4825; x_wconf 87' lang='lat' dir='ltr'><strong>spitalis</strong></span> <span class='ocrx_word' id='word_1_790' title='bbox 2057 4756 2475 4825; x_wconf 86' lang='lat' dir='ltr'><strong>hospitalitatem</strong></span> <span class='ocrx_word' id='word_1_791' title='bbox 2507 4759 2828 4825; x_wconf 86' lang='lat' dir='ltr'><strong>colentibus,</strong></span> <span class='ocrx_word' id='word_1_792' title='bbox 2857 4763 3135 4819; x_wconf 89' lang='lat' dir='ltr'><strong>modestus</strong></span> <span class='ocrx_word' id='word_1_793' title='bbox 3173 4765 3382 4818; x_wconf 90' lang='lat' dir='ltr'><strong>modice</strong></span> 
     </span>
    </p>
   </div>
   <div class='ocr_carea' id='block_1_109' title="bbox 1825 4847 3379 4918">
    <p class='ocr_par' dir='ltr' id='par_1_109' title="bbox 1825 4847 3379 4918">
     <span class='ocr_line' id='line_1_109' title="bbox 1825 4847 3379 4918; baseline 0.005 -19"><span class='ocrx_word' id='word_1_794' title='bbox 1825 4847 1889 4899; x_wconf 89' lang='lat' dir='ltr'><strong>de</strong></span> <span class='ocrx_word' id='word_1_795' title='bbox 1907 4861 1962 4899; x_wconf 88' lang='lat' dir='ltr'><strong>se</strong></span> <span class='ocrx_word' id='word_1_796' title='bbox 1982 4847 2368 4901; x_wconf 87' lang='lat' dir='ltr'><strong>sentientibus:</strong></span> <span class='ocrx_word' id='word_1_797' title='bbox 2388 4848 2476 4916; x_wconf 91' lang='lat' dir='ltr'><strong>qui</strong></span> <span class='ocrx_word' id='word_1_798' title='bbox 2501 4851 2681 4903; x_wconf 89' lang='lat' dir='ltr'><strong>omnia</strong></span> <span class='ocrx_word' id='word_1_799' title='bbox 2710 4851 2965 4907; x_wconf 91' lang='lat' dir='ltr'><strong>omnibus</strong></span> <span class='ocrx_word' id='word_1_800' title='bbox 2984 4853 3028 4886; x_wconf 82' lang='grc'><strong>⁷³</strong></span> <span class='ocrx_word' id='word_1_801' title='bbox 3051 4853 3151 4906; x_wconf 88' lang='lat' dir='ltr'><strong>rite</strong></span> <span class='ocrx_word' id='word_1_802' title='bbox 3181 4851 3379 4918; x_wconf 83' lang='lat' dir='ltr'><strong>fuerat,</strong></span> 
     </span>
    </p>
   </div>
   <div class='ocr_carea' id='block_1_110' title="bbox 1823 4937 3379 5014">
    <p class='ocr_par' dir='ltr' id='par_1_110' title="bbox 1823 4937 3379 5014">
     <span class='ocr_line' id='line_1_110' title="bbox 1823 4937 3379 5014; baseline 0.006 -24"><span class='ocrx_word' id='word_1_803' title='bbox 1823 4939 1998 5007; x_wconf 91' lang='lat' dir='ltr'><strong>quoad</strong></span> <span class='ocrx_word' id='word_1_804' title='bbox 2030 4938 2110 4992; x_wconf 83' lang='lat' dir='ltr'><strong>fas</strong></span> <span class='ocrx_word' id='word_1_805' title='bbox 2142 4937 2259 5003; x_wconf 91' lang='lat' dir='ltr'><strong>fuit,</strong></span> <span class='ocrx_word' id='word_1_806' title='bbox 2282 4949 2338 4992; x_wconf 89' lang='lat' dir='ltr'><strong>ut</strong></span> <span class='ocrx_word' id='word_1_807' title='bbox 2358 4955 2547 4996; x_wconf 81' lang='lat' dir='ltr'><strong>omnes</strong></span> <span class='ocrx_word' id='word_1_808' title='bbox 2573 4952 2666 4997; x_wconf 89' lang='lat' dir='ltr'><strong>aut</strong></span> <span class='ocrx_word' id='word_1_809' title='bbox 2688 4943 3379 5014; x_wconf 85' lang='lat' dir='ltr'><strong>complureslucrifaceret.</strong></span> 
     </span>
    </p>
   </div>
   <div class='ocr_carea' id='block_1_111' title="bbox 1823 5027 3381 5105">
    <p class='ocr_par' dir='ltr' id='par_1_111' title="bbox 1823 5027 3381 5105">
     <span class='ocr_line' id='line_1_111' title="bbox 1823 5027 3381 5105; baseline 0.008 -27"><span class='ocrx_word' id='word_1_810' title='bbox 1823 5027 2132 5097; x_wconf 86' lang='lat' dir='ltr'><strong>apostolicis</strong></span> <span class='ocrx_word' id='word_1_811' title='bbox 2173 5037 2317 5082; x_wconf 90' lang='lat' dir='ltr'><strong>recte</strong></span> <span class='ocrx_word' id='word_1_812' title='bbox 2371 5030 2527 5084; x_wconf 82' lang='lat' dir='ltr'><strong>factis</strong></span> <span class='ocrx_word' id='word_1_813' title='bbox 2586 5033 2872 5087; x_wconf 84' lang='lat' dir='ltr'><strong>subnixus.</strong></span> <span class='ocrx_word' id='word_1_814' title='bbox 2930 5036 2994 5087; x_wconf 82' lang='lat' dir='ltr'><strong>Et</strong></span> <span class='ocrx_word' id='word_1_815' title='bbox 3027 5050 3123 5089; x_wconf 89' lang='lat' dir='ltr'><strong>nos</strong></span> <span class='ocrx_word' id='word_1_816' title='bbox 3163 5035 3381 5105; x_wconf 84' lang='lat' dir='ltr'><strong>quidem</strong></span> 
     </span>
    </p>
   </div>
   <div class='ocr_carea' id='block_1_112' title="bbox 1826 5120 3382 5196">
    <p class='ocr_par' dir='ltr' id='par_1_112' title="bbox 1826 5120 3382 5196">
     <span class='ocr_line' id='line_1_112' title="bbox 1826 5120 3382 5196; baseline 0.005 -23"><span class='ocrx_word' id='word_1_817' title='bbox 1826 5120 2054 5173; x_wconf 84' lang='lat' dir='ltr'><strong>humiles</strong></span> <span class='ocrx_word' id='word_1_818' title='bbox 2109 5135 2250 5173; x_wconf 91' lang='lat' dir='ltr'><strong>nunc</strong></span> <span class='ocrx_word' id='word_1_819' title='bbox 2299 5120 2664 5188; x_wconf 86' lang='lat' dir='ltr'><strong>orphauorum</strong></span> <span class='ocrx_word' id='word_1_820' title='bbox 2721 5141 2870 5179; x_wconf 90' lang='lat' dir='ltr'><strong>more</strong></span> <span class='ocrx_word' id='word_1_821' title='bbox 2923 5127 3167 5196; x_wconf 81' lang='lat' dir='ltr'><strong>lugemus</strong></span> <span class='ocrx_word' id='word_1_822' title='bbox 3233 5126 3382 5181; x_wconf 88' lang='lat' dir='ltr'><strong>illum</strong></span> 
     </span>
    </p>
   </div>
   <div class='ocr_carea' id='block_1_113' title="bbox 1825 5211 3388 5287">
    <p class='ocr_par' dir='ltr' id='par_1_113' title="bbox 1825 5211 3388 5287">
     <span class='ocr_line' id='line_1_113' title="bbox 1825 5211 3388 5287; baseline 0.006 -24"><span class='ocrx_word' id='word_1_823' title='bbox 1825 5227 1948 5265; x_wconf 88' lang='lat' dir='ltr'><strong>vere</strong></span> <span class='ocrx_word' id='word_1_824' title='bbox 1981 5211 2198 5266; x_wconf 81' lang='lat' dir='ltr'><strong>Patrum</strong></span> <span class='ocrx_word' id='word_1_825' title='bbox 2241 5212 2576 5285; x_wconf 88' lang='lat' dir='ltr'><strong>fratrumque</strong></span> <span class='ocrx_word' id='word_1_826' title='bbox 2598 5227 2893 5272; x_wconf 87' lang='lat' dir='ltr'><strong>amatorem</strong></span> <span class='ocrx_word' id='word_1_827' title='bbox 2936 5237 2948 5273; x_wconf 92' lang='lat'>:</span> <span class='ocrx_word' id='word_1_828' title='bbox 2983 5220 3102 5287; x_wconf 88' lang='lat' dir='ltr'><strong>ejus</strong></span> <span class='ocrx_word' id='word_1_829' title='bbox 3133 5234 3258 5272; x_wconf 91' lang='lat' dir='ltr'><strong>vero</strong></span> <span class='ocrx_word' id='word_1_830' title='bbox 3287 5217 3388 5273; x_wconf 85' lang='lat' dir='ltr'><strong>Ec-</strong></span> 
     </span>
    </p>
   </div>
   <div class='ocr_carea' id='block_1_114' title="bbox 1823 5304 3384 5377">
    <p class='ocr_par' dir='ltr' id='par_1_114' title="bbox 1823 5304 3384 5377">
     <span class='ocr_line' id='line_1_114' title="bbox 1823 5304 3384 5377; baseline 0.004 -19"><span class='ocrx_word' id='word_1_831' title='bbox 1823 5304 2008 5367; x_wconf 89' lang='lat' dir='ltr'><strong>clesia,</strong></span> <span class='ocrx_word' id='word_1_832' title='bbox 2059 5319 2152 5358; x_wconf 91' lang='lat' dir='ltr'><strong>seu</strong></span> <span class='ocrx_word' id='word_1_833' title='bbox 2200 5306 2432 5374; x_wconf 88' lang='lat' dir='ltr'><strong>pusillus</strong></span> <span class='ocrx_word' id='word_1_834' title='bbox 2465 5323 2615 5376; x_wconf 79' lang='lat' dir='ltr'><strong>grex,</strong></span> <span class='ocrx_word' id='word_1_835' title='bbox 2646 5326 2758 5377; x_wconf 90' lang='lat' dir='ltr'><strong>quo</strong></span> <span class='ocrx_word' id='word_1_836' title='bbox 2790 5326 2848 5365; x_wconf 88' lang='lat' dir='ltr'><strong>se</strong></span> <span class='ocrx_word' id='word_1_837' title='bbox 2895 5320 3067 5365; x_wconf 83' lang='lat' dir='ltr'><strong>vertat</strong></span> <span class='ocrx_word' id='word_1_838' title='bbox 3115 5310 3384 5373; x_wconf 78' lang='lat' dir='ltr'><strong>nesciens.</strong></span> 
     </span>
    </p>
   </div>
   <div class='ocr_carea' id='block_1_115' title="bbox 1827 5401 3384 5475">
    <p class='ocr_par' dir='ltr' id='par_1_115' title="bbox 1827 5401 3384 5475">
     <span class='ocr_line' id='line_1_115' title="bbox 1827 5401 3384 5475; baseline 0.003 -26"><span class='ocrx_word' id='word_1_839' title='bbox 1827 5407 2207 5466; x_wconf 83' lang='lat' dir='ltr'><strong>pastoremque</strong></span> <span class='ocrx_word' id='word_1_840' title='bbox 2233 5406 2287 5451; x_wconf 87' lang='lat' dir='ltr'><strong>et</strong></span> <span class='ocrx_word' id='word_1_841' title='bbox 2322 5406 2526 5468; x_wconf 89' lang='lat' dir='ltr'><strong>patrem</strong></span> <span class='ocrx_word' id='word_1_842' title='bbox 2581 5416 2894 5472; x_wconf 83' lang='lat' dir='ltr'><strong>reposcens,</strong></span> <span class='ocrx_word' id='word_1_843' title='bbox 2929 5401 3384 5475; x_wconf 87' lang='lat' dir='ltr'><strong>quemadmodum</strong></span> 
     </span>
    </p>
   </div>
   <div class='ocr_carea' id='block_1_116' title="bbox 1829 5487 2701 5559">
    <p class='ocr_par' dir='ltr' id='par_1_116' title="bbox 1829 5487 2701 5559">
     <span class='ocr_line' id='line_1_116' title="bbox 1829 5487 2701 5559; baseline 0.007 -17"><span class='ocrx_word' id='word_1_844' title='bbox 1829 5488 2003 5559; x_wconf 88' lang='lat' dir='ltr'><strong>pullos</strong></span> <span class='ocrx_word' id='word_1_845' title='bbox 2029 5487 2320 5544; x_wconf 84' lang='lat' dir='ltr'><strong>verisimile</strong></span> <span class='ocrx_word' id='word_1_846' title='bbox 2349 5499 2451 5546; x_wconf 90' lang='lat' dir='ltr'><strong>est.</strong></span> <span class='ocrx_word' id='word_1_847' title='bbox 2486 5531 2498 5545; x_wconf 92' lang='lat'><strong>.</strong></span> <span class='ocrx_word' id='word_1_848' title='bbox 2534 5531 2549 5546; x_wconf 95' lang='lat'><strong>.</strong></span> <span class='ocrx_word' id='word_1_849' title='bbox 2584 5529 2599 5547; x_wconf 93' lang='lat'><strong>.</strong></span> <span class='ocrx_word' id='word_1_850' title='bbox 2635 5532 2648 5547; x_wconf 94' lang='lat'><strong>.</strong></span> <span class='ocrx_word' id='word_1_851' title='bbox 2683 5531 2701 5548; x_wconf 92' lang='lat'><strong>.</strong></span> 
     </span>
    </p>
   </div>
  </div>
