3976 6322
441 286 579 350 1615

782 398 910 454 CCI.
937 431 1004 440 —
1035 398 1308 454 Philotimo
1347 399 1656 465 possessori.

1637 285 1696 346 S.
1739 282 2132 344 THEODORI
2162 283 2510 345 STUDITIE

3563 290 3692 352 1616

2466 400 2563 452 ΣΑ¹
2579 399 2786 468 (95).-
2803 400 3060 465 Φιλοοέῳ
3079 400 3334 470 κτήτορι.

434 515 803 574 Presbyterum,
837 513 924 574 qui
962 515 1184 575 digamos
1225 515 1566 570 Coronaverat,
1607 508 2019 621 ἲςὲἷέἷὴὲρριῖἒέἱΐ

2123 520 2135 554 ι
2179 507 2368 578 debere
2397 523 2409 556 :
2438 508 2567 559 sicut
2597 513 2694 574 jam
2727 512 2790 561 de
2827 513 3002 561 eodem
3031 515 3328 575 presbytero
3359 515 3420 564 ad
3454 521 3692 568 eumdem

2123 576 2210 618 :rat
2231 573 2440 632 epistola
2467 571 2576 621 191.

505 719 520 734 .
554 721 568 735 .
601 721 614 734 .
648 719 662 734 .
695 721 706 732 .
751 679 908 747 cujus
967 678 1084 734 laus
1115 688 1202 735 est
1228 693 1322 748 per
1359 686 1525 732 totam
1565 675 1956 737 Macedoniam,
1988 690 2017 728 a
2045 676 2097 734 Α

433 773 718 828 monachis
747 774 957 842 piisque
983 772 1158 836 laicis,
1194 773 1246 825 in
1275 786 1368 825 ore
1408 769 1734 824 habentibus
1756 769 2009 823 decorem

434 875 489 919 et
523 865 776 918 virtutem
831 863 1045 933 pietatis
1095 873 1220 918 tuae.
1260 864 1355 917 Det
1401 863 1493 917 tibi
1544 861 1721 917 adhuc
1745 861 2011 916 Dominus

436 958 573 1011 bene
628 972 804 1025 agere,
839 957 892 1010 in
944 957 1100 1012 bonis
1153 956 1411 1023 operibus
1449 955 1731 1016 ditescere,
1798 952 2010 1006 facilem

436 1066 558 1105 esse
614 1051 680 1103 ad
720 1049 1054 1117 erogandum
1102 1057 1156 1103 et
1205 1047 1743 1110 communicandum,
1805 1045 1902 1098 tibi
1958 1044 2010 1098 in

438 1140 684 1196 futurum
718 1141 1088 1195 thesaurizare
1137 1139 1544 1194 fundamentum
1583 1139 1806 1201 bonum,
1843 1147 1904 1190 ut
1934 1137 2013 1191 vi-

439 1249 547 1292 tam
583 1247 840 1292 aeternam
889 1252 1250 1304 consequare.
1282 1235 1325 1290 O
1357 1234 1637 1290 Philothee
1665 1235 1886 1302 optime,
1921 1233 2014 1286 de-

441 1329 673 1395 positum
709 1329 829 1381 fidei
865 1329 1153 1398 diligenter
1187 1329 1423 1388 custodi,
1459 1327 1656 1380 divinis
1705 1323 2012 1378 actionibus

439 1434 653 1488 semper
680 1419 976 1489 refulgens.
1008 1420 1082 1472 Ac
1114 1419 1180 1472 de
1213 1419 1296 1472 his
1315 1419 1533 1486 quidem
1557 1417 1713 1471 satis.
1740 1415 2011 1480 Quoniam

443 1523 625 1565 autem
680 1511 746 1565 de
778 1512 1095 1580 presbytero
1132 1514 1325 1564 iterum
1359 1526 1537 1564 sermo
1564 1518 1666 1572 est,
1706 1508 2015 1577 postulante

443 1605 853 1658 honorificentia
883 1613 1000 1666 tua,
1027 1616 1086 1656 nt
1118 1604 1346 1658 liberum
1380 1603 1426 1656 ei
1455 1603 1522 1656 sit
1548 1603 1720 1655 sacris
1752 1600 1964 1670 operari
1998 1616 2011 1652 :

442 1705 587 1749 recte
611 1695 661 1748 id
688 1695 928 1763 quidem,
959 1695 1004 1748 si
1035 1695 1331 1748 humanum
1367 1705 1508 1748 esset
1541 1695 1682 1763 quod
1715 1693 2011 1762 quaeritur:

444 1798 677 1854 namque
711 1787 775 1838 ad
815 1786 1222 1854 obsequendum
1257 1786 1349 1840 tibi
1387 1786 1438 1838 in
1489 1785 1741 1838 omnibus
1788 1781 2014 1838 festina-

442 1892 649 1938 remus,
680 1877 948 1930 inservire
979 1877 1260 1944 cupientes
1319 1875 1437 1939 tibi,
1470 1876 1562 1944 qui
1590 1875 1808 1929 assidue
1859 1874 2014 1927 nobis

442 1967 803 2021 obsecundas.
837 1965 939 2021 Sed
978 1969 1105 2036 quia
1135 1967 1200 2021 de
1228 1966 1337 2020 Deo
1381 1967 1576 2036 agitur,
1608 1968 1780 2035 deque
1809 1966 2012 2020 divino-

446 2074 567 2112 rum
633 2074 903 2112 canonum
975 2059 1172 2113 decreti
1221 2061 1714 2127 praevaricatione,
1773 2059 2013 2125 ignosce,

445 2151 613 2206 frater
654 2152 997 2216 charissime,
1046 2167 1154 2205 non
1205 2166 1501 2220 possumus
1547 2160 1734 2205 contra
1770 2149 1936 2204 Deum
1963 2161 2018 2203 et

447 2259 636 2298 sacros
691 2258 928 2298 canones
977 2243 1120 2298 ferre
1174 2243 1439 2312 judicium
1476 2282 1490 2305 ,
1538 2243 1839 2312 praesertim
1891 2257 2015 2296 cum

450 2336 500 2387 in
537 2335 750 2404 negotio
770 2335 926 2402 plane
961 2334 1258 2397 consimili,
1286 2334 1660 2402 superioribus
1684 2333 2018 2402 temporibus

447 2435 615 2479 totam
667 2424 832 2476 vitam
880 2433 1124 2477 nostram
1175 2425 1521 2492 posuerimus
1568 2437 1582 2487 ;
1644 2421 1695 2474 in
1754 2421 2018 2474 adeundis

448 2515 724 2584 periculis,
781 2523 834 2567 et
877 2514 1105 2576 exsiliis,
1164 2522 1217 2566 et
1275 2513 1564 2571 mortibus,
1624 2513 1806 2582 potius
1853 2527 2016 2581 quam

448 2608 882 2661 consentiremus
941 2605 1216 2670 iniquitati
1274 2614 1329 2659 et
1389 2604 1667 2657 violationi
1740 2603 2016 2672 Evangelii

448 2701 669 2755 Christi.
707 2699 894 2767 Neque
923 2715 1053 2767 ergo
1083 2698 1454 2752 adulterorum
1479 2696 1805 2764 copulatora
1838 2697 2016 2758 nobis,

451 2809 622 2861 neque
650 2793 932 2860 copulator
957 2793 1318 2862 digamorum,
1357 2787 1673 2842 facultatem
1710 2789 1898 2841 habuit
1938 2805 2020 2842 sa-

450 2884 748 2938 crificandi.
801 2882 1011 2935 Etenim
1052 2883 1094 2935 si
1137 2897 1242 2933 non
1288 2880 1491 2948 patitur
1540 2893 1695 2932 sacer
1726 2893 1923 2944 canon,
1962 2892 2020 2934 ut

451 2977 738 3045 presbyter
767 2975 1087 3028 convivetur
1110 2973 1164 3026 in
1195 2970 1395 3041 digami
1429 2969 1651 3039 nuptiis,
1689 2969 1861 3024 multo
1887 2987 2020 3026 sane

452 3067 625 3136 magis
653 3067 902 3135 prohibet
927 3081 994 3120 ne
1027 3065 1179 3119 illum
1209 3075 1456 3118 coronet.

523 3234 679 3302 Quod
709 3236 754 3290 si
777 3235 868 3288 alii
899 3235 1056 3290 aliter
1097 3235 1368 3304 judicant,
1397 3236 1632 3289 viderint
1661 3237 1788 3304 quid
1836 3247 2015 3306 agant.

2270 717 2306 730 ..
2327 673 2389 732 οῦ
2412 681 2439 731 ὁ
2470 679 2688 741 ἔπαινος
2717 680 2804 733 διὰ
2829 682 3009 749 πάσης
3034 681 3132 750 τῆς
3153 683 3514 749 Μακεδονίας,
3543 686 3690 754 παρά

2113 786 2175 822 τε
2225 771 2566 838 μοναζόντων
2621 772 2714 824 καὶ
2753 770 2954 824 λαῖκῶν
3003 773 3263 838 εύσεϐὦν,
3297 775 3389 826 ἐπὶ
3439 776 3690 846 γλώσσης

2114 861 2390 930 φερόντων
2441 862 2543 930 τὴν
2587 863 2852 933 καλλονὴν
2898 865 2991 916 καὶ
3029 865 3227 936 ἀρετὴν
3259 865 3357 935 τῆς
3411 867 3691 931 εὐσεϐείας

2117 969 2233 1005 σου.
2280 951 2420 1004 Ἀλλ’
2463 952 2543 1004 ἔτι
2589 953 2699 1021 δῴη
2759 971 2840 1006 σοι
2879 955 3082 1025 Κύριος
3117 955 3497 1024 ἀγαθοεργεῖν,
3531 958 3690 1010 πλου-

2113 1044 2227 1093 τεῖν
2281 1042 2338 1095 ὲν
2379 1043 2562 1112 ἔργοις
2617 1042 2822 1107 καλοῖς,
2857 1045 3214 1112 εὐμετάδοτον
3245 1041 3408 1108 εῖναι,
3440 1063 3688 1100 κοινωνι-

2115 1132 2230 1194 κὸν,
2273 1133 2785 1205 ἀποθησαυρίζοντα
2831 1135 3008 1205 ἑαυτῷ
3035 1136 3284 1204 θεμέλιον
3332 1139 3499 1192 καλὸν
3528 1142 3607 1200 είς
3631 1143 3689 1193 τὸ

2117 1225 2330 1296 μέλλον·
2357 1227 2432 1289 ὡς
2452 1227 2518 1280 ἂν
2538 1227 2798 1299 ἐπιτεύξῃ
2827 1228 2929 1297 τῆς
2953 1231 3169 1282 αἰωνίου
3197 1230 3364 1300 ζωῆς.
3385 1227 3454 1284 Ὦ
3480 1233 3690 1300 φιλόθεε

2116 1317 2399 1386 κράτιστε,
2431 1319 2530 1390 τὴν
2562 1319 3032 1390 παρακαταθήκην
3059 1321 3158 1389 τῆς
3184 1321 3418 1386 πίστεως
3446 1324 3690 1393 ἀκριϐῶς

2118 1408 2262 1481 [cod.
2329 1411 2466 1481 Reg.
2520 1410 2798 1482 ἀσφαλῶς]
2853 1413 3086 1482 κάτεχε,
3121 1413 3690 1486 ἀε“ιλαμπρυνόμενος

2113 1506 2233 1565 ταῖς
2258 1504 2536 1574 θεουργοῖς
2575 1505 2825 1574 πράξεσι.
2858 1507 2966 1560 Καὶ
3014 1507 3142 1578 περὶ
3172 1508 3380 1562 τούτων
3421 1509 3518 1578 μὲν
3547 1510 3690 1573 ἃλις.

2127 1595 2344 1665 Ἐπειδὴ
2382 1596 2439 1648 δὲ
2470 1597 2560 1649 καὶ
2590 1596 2743 1659 αὖθις
2774 1597 3013 1667 περὶτοῦ
3050 1600 3420 1672 πρεσϐυτέρου
3455 1603 3482 1654 ὁ
3511 1602 3688 1668 λόγος,

2115 1686 2432 1757 ὲξαιτούσης
2460 1687 2557 1756 τῆς
2581 1689 2895 1758 τιμιότητος
2948 1706 3038 1741 σου
3062 1691 3158 1758 τὴν
3181 1691 3330 1742 λύσιν
3353 1692 3445 1744 τοῦ
3481 1695 3691 1762 ίερουρ-

2114 1781 2232 1846 γεῖν
2258 1779 2442 1831 αὐτόν·
2495 1781 2541 1831 εί
2585 1779 2682 1849 μὲν
2732 1781 3070 1851 ἀνθρώπινον
3101 1777 3169 1852 ἦν
3221 1783 3282 1834 τὸ
3330 1783 3688 1852 ζητούμενον,

2115 1867 2173 1922 εῦ
2205 1871 2270 1923 ἀν
2303 1867 2468 1940 εἶχεν·
2507 1871 2818 1942 ἐχωροῦμεν
2871 1872 2978 1944 γάρ
3029 1875 3162 1944 πρὸς
3217 1877 3398 1929 πᾶσαν
3447 1894 3539 1928 σου
3586 1879 3692 1930 ὑπο

2119 1962 2287 2032 ακοὴν
2311 2003 2324 2025 ,
2357 1963 2636 2030 φιλοῦντες
2667 1982 2723 2016 σε
2756 1965 3077 2036 θεραπεύειν
3101 1967 3193 2019 τὸν
3211 1968 3499 2021 πολλοστὸν
3523 1971 3688 2041 θεραο

2119 2055 2320 2124 πευτὴν
2352 2055 2525 2125 ἡμῶν.
2571 2057 2721 2108 Ἐπεὶ
2751 2057 2808 2111 δὲ
2853 2059 2981 2128 περὶ
3014 2059 3106 2111 τοῦ
3151 2059 3285 2113 Θεοῦ
3320 2062 3380 2114 τὸ
3437 2063 3691 2134 κινούμε-

2119 2165 2228 2200 νον·
2263 2148 2355 2201 καὶ
2388 2148 2487 2217 τῆς
2534 2148 2640 2201 τῶν
2675 2148 2832 2202 θείων
2861 2151 3099 2204 κανόνων
3139 2153 3419 2221 ὁροθεσίας
3444 2157 3475 2224 ἠ
3503 2157 3690 2226 παρὰ·

2119 2239 2299 2301 ϐασις’
2336 2238 2632 2307 σύγγνωθι,
2672 2239 2866 2307 ἀδελφὲ
2896 2242 3138 2310 φίλτατε⁸
3173 2245 3267 2313 οὐχ
3296 2240 3399 2298 οἷοί
3427 2246 3487 2298 τέ
3524 2249 3693 2314 ὲσμεν

2118 2331 2258 2382 κατά
2306 2347 2365 2382 τε
2411 2329 2544 2382 Θεοῦ
2604 2331 2697 2383 καὶ
2741 2331 2901 2398 ίερῶν
2953 2335 3193 2386 κανόνων
3224 2338 3445 2388 ἀποῖσαι
3476 2337 3687 2405 κρίσιν·

2123 2420 2354 2489 μάλιστα
2379 2422 2460 2474 ὅτι
2505 2425 2562 2474 ἐν
2591 2420 2740 2490 αὑτῷ
2766 2423 2940 2489 τούτῳ
2980 2423 3056 2492 τῷ
3091 2426 3376 2496 παρομοίῳ
3411 2427 3692 2498 κεφαλαίῳ

2119 2512 2177 2562 ἐν
2218 2514 2330 2573 τοῖς
2378 2512 2710 2582 προλαϐοῦσι
2750 2514 2962 2583 χρόνοις
2993 2516 3174 2567 πᾶσαν
3221 2516 3318 2586 τὴν
3355 2517 3500 2587 ζωὴν
3529 2519 3690 2587 ήμῶν

2118 2601 2374 2670 ἐθέμεθα·
2417 2604 2668 2673 χωρῆσαι
2697 2605 2835 2673 πρὸς
2875 2605 3150 2668 κινδύνους
3179 2611 3292 2672 ,καὶ
3328 2609 3565 2678 ἐξορίας,
3597 2612 3694 2664 καὶ

2119 2693 2404 2758 θανάτους,
2439 2697 2583 2764 ἢπερ
2617 2695 2907 2749 συνθέσθαι
2936 2699 3001 2766 τῇ
3025 2697 3247 2768 ἀνομία,
3279 2700 3375 2750 καὶ
3409 2700 3563 2752 λύσει
3597 2699 3692 2753 τοῦ

2121 2787 2456 2852 Εύαγγελίου
2516 2787 2609 2840 τοῦ
2667 2787 2930 2858 Χριστοῦ.
2989 2787 3126 2841 Οῦτε
3167 2786 3259 2842 οῦν
3298 2793 3694 2862 μοιχοζεύκτης

2121 2879 2252 2946 παρ’
2275 2878 2451 2948 ἡμῶν,
2481 2877 2605 2931 οὔτε
2634 2879 3090 2949 διγαμοζεύκτης,
3109 2881 3324 2934 λέλυται
3347 2881 3447 2950 τῆς
3483 2884 3696 2953 ἱερουρ-

2120 2972 2263 3038 γίας.
2308 2969 2371 3022 Et
2419 2971 2527 3041 γὰρ
2554 2973 2582 3023 ὁ
2621 2971 2762 3041 ίερὸς
2795 2971 2973 3025 κανὼν
3004 2973 3103 3027 οὐκ
3131 2972 3385 3042 ἀνέχεται
3430 2977 3510 3035 εἰς
3545 2975 3697 3040 διγας

2124 3063 2351 3132 μοῦντος
2400 3066 2576 3132 γάμον
2612 3065 2929 3133 ὲστιαθῆναι
2964 3066 3053 3118 τὸν
3090 3067 3478 3136 πρεσϐύτερον·
3513 3066 3696 3136 πολλῷ

2123 3172 2184 3222 γε
2219 3157 2418 3226 μᾶλλον
2449 3156 2705 3227 ἀπείργει
2733 3156 2920 3208 τοῦτον
2955 3157 3047 3210 τοῦ
3078 3160 3445 3224 στεφανῶσαι.

2194 3250 2256 3302 Εἰ
2314 3249 2370 3301 δὲ
2413 3249 2564 3302 ἄλλοι
2619 3249 2796 3312 ἄλλως
2855 3250 3157 3319 κρίνουσιν,
3194 3253 3415 3318 δύσονται
3475 3254 3563 3320 ἐφ’
3615 3247 3696 3318 οἷς

455 3327 567 3380 Nos
591 3329 768 3390 enim,
805 3327 996 3396 inquit,
1036 3327 1195 3380 talem
1235 3327 1658 3380 consuetudinem
1695 3344 1796 3379 non
1863 3329 2019 3381 Imbe-

2124 3341 2475 3408 πράττουσιν.
2521 3341 2720 3410 ἸΙμεῖς
2752 3344 2881 3412 γὰρ,
2931 3345 3083 3411 φησι,
3115 3342 3211 3394 καί
3241 3346 3299 3394 αἱ
3342 3343 3695 3408 Ἐκκλησίαι

452 3436 588 3482 mus,
630 3434 792 3487 neque
826 3418 1067 3472 Ecclesia
1100 3419 1194 3471 Dei
1242 3419 1285 3448 ⁷⁸
1327 3455 1340 3470 .
1370 3419 1568 3482 Quare,
1595 3434 1718 3471 cum
1750 3419 2015 3486 judicium

452 3511 636 3564 videas
688 3525 810 3564 cum
844 3510 1083 3578 periculo
1107 3509 1479 3578 conjunctum,
1513 3509 1620 3562 noli
1678 3509 1786 3562 vim
1843 3509 2021 3567 facere

451 3600 747 3655 humilitati
777 3610 995 3654 nostrae.
1031 3599 1162 3652 Nam
1193 3599 1238 3654 si
1299 3615 1396 3666 pro
1421 3599 1662 3653 veritatis
1706 3599 2021 3656 defensione

452 3688 517 3741 ad
549 3687 788 3757 pericula
820 3687 1061 3754 quotidie
1085 3687 1438 3756 accingimur,
1479 3702 1589 3756 quo
1618 3697 1773 3755 pacto
1828 3701 2020 3744 contra

455 3779 734 3833 veritatem
761 3777 1008 3831 dissimili
1031 3777 1261 3831 consilio
1286 3777 1557 3832 irruemus
1584 3779 1606 3832 ?
1639 3777 1755 3831 Non
1784 3788 1867 3833 est
1891 3794 2023 3833 con-

455 3878 768 3922 sentaneum
789 3905 805 3931 ,
844 3865 1090 3929 Domine,
1130 3876 1322 3935 prmter
1354 3883 1416 3921 ea
1444 3882 1564 3936 qua:
1596 3868 1856 3922 divinitus
1884 3869 2025 3936 judi-

455 3971 575 4014 cata
628 3972 778 4022 sunt,
812 3958 992 4013 facere
1042 3959 1341 4028 quidquam
1381 3970 1477 4013 aut
1521 3960 1690 4029 loqui.
1741 3960 2025 4015 Credimus

456 4059 634 4104 autem
661 4060 744 4116 te,
776 4051 870 4120 qui
909 4065 1071 4103 unam
1119 4050 1320 4118 quaeris
1385 4051 1624 4106 divinam
1687 4052 2016 4106 voluntatem

455 4150 509 4194 et
531 4143 758 4195 salutem
794 4142 990 4195 animat
1047 4150 1172 4204 tuae,
1215 4157 1567 4197 assensurum
1609 4142 1692 4196 his
1741 4159 1860 4212 quae
1892 4144 2026 4198 dixi-

458 4248 602 4294 mus,
625 4243 1016 4302 oralurumque
1066 4242 1126 4288 ut
1152 4233 1348 4288 divinat
1379 4234 1480 4302 legi
1518 4234 1730 4288 firmius
1759 4236 2023 4289 inhaerea-

459 4338 598 4384 mus,
644 4338 740 4376 nec
773 4323 1067 4392 quidquam
1128 4323 1484 4379 adtnittamus
1542 4341 1653 4394 quo
1707 4326 2021 4379 mandatum

463 4413 553 4469 Dei
591 4414 674 4468 vel
704 4430 881 4469 canon
911 4415 1166 4470 violetur.

877 4543 1031 4598 CCII.
1069 4576 1141 4588 —
1174 4542 1364 4599 Maria:
1395 4543 1717 4599 Soatlmriae.

2121 3428 2226 3481 τοῦ
2269 3430 2415 3483 Θεοῦ
2448 3434 2734 3500 τοιαύτην
2761 3432 3088 3498 συνήθειαν
3117 3435 3226 3487 οὐκ
3255 3434 3493 3502 ἔχομεν.
3535 3437 3696 3490 Ὥστε

2122 3521 2273 3583 εἰδὼς
2330 3523 2391 3574 τὸ
2438 3524 2778 3577 ἐπικίνδυνον
2827 3529 3018 3595 κρῖμα,
3082 3528 3155 3598 μὴ
3196 3528 3543 3598 παραϐιάζου
3598 3528 3692 3599 τὴν

2121 3615 2452 3666 ταπείνωσιν
2480 3615 2657 3684 ἡμῶν.
2690 3616 2752 3669 Εί
2787 3617 2892 3687 γάρ
2925 3619 3064 3688 ὑπὲρ
3103 3618 3197 3671 τοῦ
3227 3620 3386 3686 λόγου
3432 3619 3528 3688 τῆς
3560 3621 3692 3690 ἀλη-

2123 3706 2274 3767 θείας
2311 3705 2433 3759 καθ’
2462 3707 2697 3778 ἑκάστην
2749 3711 2960 3780 ἡμέραν
3008 3712 3087 3772 είς
3136 3712 3414 3776 κινδύνους
3453 3729 3693 3782 παρατε-

2122 3797 2391 3866 τάγμεθα,
2417 3797 2535 3862 πῶς
2564 3799 2703 3851 κατά
2729 3801 2827 3871 τῆς
2849 3801 3108 3866 ἀληθείας
3139 3805 3510 3874 ἐτεροτρόπως
3542 3821 3694 3872 κινη-

2125 3889 2434 3960 θησόμεθα;
2486 3891 2587 3943 οὐκ
2629 3890 2742 3961 ἔχει
2807 3892 2999 3960 φύσιν,
3037 3888 3081 3945 ὦ
3140 3895 3391 3956 δέσποτα,
3440 3896 3593 3964 παρὰ
3631 3897 3693 3949 τὰ

2125 3980 2362 4043 θειωδῶς
2398 3983 2702 4051 κεκριμένα
2731 3985 2842 4042 τοῖς
2875 3983 3085 4044 κανόσι,
3121 3984 3317 4052 δρᾶσαί
3347 4000 3400 4035 τι
3430 3985 3462 4051 ἢ
3499 3987 3688 4038 εἰπεῖν.

2126 4075 2469 4143 Πιστευομεν
2514 4073 2572 4124 δὲ
2620 4075 2702 4126 ὅτι
2731 4075 2824 4126 καὶ
2872 4075 3035 4137 αὐτὸς
3070 4075 3127 4127 ἓν
3157 4075 3333 4145 ζητῶν
3369 4075 3428 4127 τὸ
3461 4076 3690 4146 θέλημα,

2127 4168 2224 4218 καὶ
2251 4166 2311 4218 τὸ
2338 4166 2684 4235 σωτηριῶδες
2709 4166 2809 4235 τῆς
2840 4167 3015 4236 ψυχῆς
3045 4185 3158 4231 σου,
3188 4169 3535 4238 συμφήσειας
3567 4172 3694 4237 ἡμῖν

2126 4257 2219 4309 ἐπὶ
2258 4260 2370 4319 τοῖς
2400 4256 2746 4325 λελεγμένοις
2771 4273 2786 4288 °
2815 4258 2909 4310 καὶ
2938 4258 3208 4330 προσεύξῃ
3239 4259 3438 4328 μᾶλλον
3471 4262 3692 4330 ἐπερεί-

2124 4349 2308 4402 δεσθαι
2339 4351 2484 4418 ἡμᾶς
2530 4349 2606 4419 τῷ
2663 4350 2790 4416 θείῳ
2835 4349 3001 4421 νόμῳ,
3046 4353 3138 4404 καὶ
3177 4351 3250 4420 μὴ
3304 4352 3591 4420 προΐεσθαι
3637 4353 3695 4406 τὸ

2123 4439 2332 4491 οἱονοῦν
2367 4440 2460 4492 ἐπὶ
2494 4439 2804 4511 παραϐάσει
2839 4441 3060 4510 ἐντολῆς
3105 4441 3240 4494 Θεοῦ
3277 4443 3371 4494 καὶ
3425 4445 3652 4501 κανόνες
3676 4483 3688 4497 .

2371 4572 2465 4624 ΣΒ⁰
2493 4573 2707 4644 (96).-
2735 4575 2926 4643 Μαρίᾳ
2955 4575 3273 4642 σπαθαρίᾳ.
3299 4573 3479 4648 [ωιδ’.]

1431 4685 1778 4736 Pamitentiam
1797 4687 1970 4740 indicit
1989 4694 2051 4741 ob
2079 4695 2310 4744 Violatum
2339 4692 2571 4744 Ecclesia
2595 4693 2798 4752 asylum.

531 4788 786 4858 Agnoscit
840 4789 1252 4846 honorificentia
1306 4801 1420 4856 tua,
1475 4793 1773 4848 Ecclesiam
1830 4798 2020 4852 salutis
2058 4807 2098 4859 ι)

460 4896 580 4936 esse
610 4883 936 4951 perfugium,
956 4884 1020 4938 ad
1059 4899 1288 4954 eamque
1312 4895 1568 4953 tanquam
1612 4888 1664 4940 in
1693 4904 1885 4944 manus
1907 4892 2018 4954 Dei,

463 4971 746 5042 profugum
774 4991 1061 5028 accurrere
1081 4991 1227 5038 eum,
1253 4991 1412 5044 quem
1441 4978 1801 5033 circumstant
1852 4997 2027 5049 angn-

463 5066 597 5118 stiae.
635 5063 818 5135 Neque
847 5067 1010 5136 igitur
1045 5068 1095 5120 in
1151 5067 1328 5122 Veteri
1369 5068 1720 5126 Testamento
1779 5073 1861 5126 fas
1911 5085 2029 5128 erat

463 5172 647 5210 eorum
672 5159 764 5225 qui
799 5161 864 5210 ad
906 5159 1099 5227 refugii
1132 5160 1404 5214 civitatem
1431 5174 1738 5226 evaserant,
1785 5165 2028 5235 abripere

462 5262 831 5315 quemquam;
859 5258 911 5302 et
965 5251 1132 5303 multo
1173 5251 1346 5320 magis
1386 5252 1440 5304 in
1507 5251 1657 5309 Novo
1683 5253 2031 5310 Testamento

464 5337 614 5392 nefas
636 5348 720 5392 est
743 5341 1027 5396 extrahere
1050 5341 1118 5395 ab
1159 5342 1386 5397 ecclesia
1436 5345 1526 5415 qui
1563 5360 1628 5400 eo
1665 5346 2029 5418 confugerint.

534 5515 578 5543 ⁷⁸
637 5513 809 5569 iCor.
842 5533 939 5580 XII,
995 5517 1082 5569 16.

2208 4802 2271 4856 'H
2296 4803 2546 4870 τιμιότης
2581 4819 2674 4854 σου
2710 4798 2966 4869 γνωρίζει
2993 4799 3073 4851 ὅτι
3120 4799 3152 4868 ἡ
3191 4797 3488 4866 Ἐκκλησία
3525 4816 3698 4866 φυγαο

2126 4894 2404 4963 δευτήριόν
2436 4895 2551 4945 ἐστι
2586 4893 2855 4962 σωτηρίας
2881 4907 2893 4920 ·
2926 4892 3018 4944 καὶ
3036 4891 3222 4959 ὥσπερ
3246 4892 3323 4952 εἰς
3346 4893 3536 4960 χεῖρας
3561 4890 3696 4943 θεοῦ

2123 4988 2151 5038 ὁ
2188 4983 2435 5054 πρὸσφυξ
2459 4985 2747 5052 ἀποτρέχει
2796 4981 3210 5052 περιστατηθεὶς
3261 4982 3365 5034 ὑπὸ
3415 4985 3694 5049 ἀναγκῶν.

2126 5076 2260 5130 Οῦτε
2292 5073 2386 5129 οῦν
2416 5078 2472 5128 ὲν
2488 5080 2553 5145 τῇ
2589 5076 2801 5146 Παλαιᾷ
2827 5074 3071 5146 Διαθήκῃ
3101 5074 3217 5138 ἐξὸν
3255 5069 3322 5143 ἦν
3357 5075 3468 5126 τῶν
3491 5078 3574 5138 είς
3605 5076 3698 5146 τὴν

2127 5166 2280 5219 πόλιν
2321 5167 2427 5218 τῶν
2478 5165 2923 5235 φυγαδευτηρίων
2991 5167 3466 5234 ἀποσεσωσμένων
3522 5153 3699 5236 ἀφᾲρο

2128 5253 2319 5318 πάζειν
2348 5254 2468 5307 τινά
2489 5269 2504 5284 ⁸
2527 5256 2587 5308 ού
2618 5255 2798 5324 πολλῷ
2855 5254 3050 5325 μᾶλλον
3083 5255 3140 5306 ὲν
3194 5256 3259 5323 τῇ
3310 5254 3429 5324 Νέᾳ
3481 5256 3700 5326 θεμιτὸν

2128 5348 2381 5416 ἀποσπᾷν
2415 5348 2512 5414 τῆς
2541 5347 2838 5417 ἐκκλησίας
2879 5345 3005 5409 τοῦς
3047 5344 3524 5414 καταφεύγοντας.
3553 5348 3698 5402 Καθ-

1961 5607 2189 5662 ΝΟΤΆΕ.

540 5691 651 5763 (93)
682 5693 739 5746 ln
773 5695 895 5747 cod.
934 5695 1060 5762 llcg.
1101 5697 1194 5748 σδ’.

2110 5698 2218 5765 (96)
2260 5697 2316 5748 In
2348 5698 2468 5749 cod.
2494 5696 2624 5766 Reg.
2661 5707 2766 5762 σς’.
