3976 6322
584 395 718 465 1619

1770 398 1829 458 S.
1863 395 2253 455 THEODORI
2281 397 2628 457 STUDITA!

3695 394 3834 456 1620

579 526 698 564 nem
720 508 1069 574 exhaustum,
1105 516 1160 562 et
1186 522 1378 562 carnes
1407 505 1717 570 dilaniatas,
1770 515 1827 559 et
1873 515 2140 576 martyres
2168 546 2177 566 κ

2280 507 2482 577 ίρέσει’
2518 506 2654 560 ἀλλά
2683 500 2778 559 καὶ
2809 507 3017 576 αἵματα
3061 506 3431 578 ἐκενώθησαν,
3480 507 3580 560 καὶ
3623 509 3834 574 σάρκες

579 610 1007 655 consummatos.
1095 598 1268 665 Quam
1335 599 1504 653 multa
1588 614 1749 668 porro
1772 599 1826 652 in
1885 599 2148 653 custodiis

579 693 998 761 carceribusque
1049 691 1248 746 inﬂicta
1285 691 1394 746 sint
1440 692 1659 756 acerba,
1716 690 1844 760 quid
1874 705 2011 759 opus
2072 698 2152 744 est

577 786 804 840 dicere?
870 785 1254 856 relegationes,
1284 786 1620 849 abactiones,
1669 793 1859 853 raptus
1881 821 1896 846 ,
1932 782 2151 836 vincula

579 877 776 938 ferrea.
812 878 971 932 famis
1011 880 1305 944 cruciatus,
1337 879 1677 943 solitudines,
1733 889 1924 932 caetera
1946 877 2150 940 omnia,

578 988 701 1041 quae
732 973 950 1039 longum
978 971 1048 1024 sit
1074 986 1319 1025 narrare.
1379 971 1436 1024 Si
1469 986 1598 1040 ergo
1647 970 1762 1024 haec
1795 971 1866 1023 ita
1893 977 2039 1033 sunt,
2085 983 2153 1020 an

581 1063 952 1132 presbyterum
982 1063 1129 1115 illum
1162 1071 1374 1133 oportet
1405 1066 1519 1133 pari
1545 1063 1857 1117 canditione
1897 1061 2022 1115 hinc
2065 1060 2156 1113 ab-

583 1155 686 1218 ire,
717 1155 1217 1210 immarcescibilem
1255 1157 1438 1223 gloriae
1455 1171 1710 1208 coronam
1745 1153 2156 1223 percepturum?

583 1245 940 1310 Econtrario,
977 1263 1101 1300 cum
1134 1248 1186 1300 in
1235 1247 1618 1302 communione
1673 1245 1760 1298 ille
1793 1245 2158 1312 deprehensus

585 1339 658 1392 sit
686 1349 848 1406 atque
875 1338 1271 1406 subscriptione
1301 1346 1489 1389 contra
1510 1336 1811 1399 Christum,
1849 1333 2156 1404 Deiparam,

586 1439 641 1485 et
665 1441 884 1485 sanctos
913 1445 1102 1483 omnes
1129 1438 1408 1496 concepta
1432 1444 1446 1492 ;
1476 1427 1557 1482 sic
1587 1429 1732 1481 enim
1758 1443 1817 1481 se
1848 1443 1933 1481 res
1973 1426 2156 1490 habet,

584 1523 656 1577 ob
685 1523 1031 1592 propriarum
1062 1521 1365 1590 imaginum
1403 1520 1717 1573 relationem
1744 1518 1810 1571 ad
1852 1527 2155 1588 prototypa:

585 1630 696 1685 quo
753 1623 915 1684 pacto
941 1630 1044 1667 non
1083 1629 1340 1683 magnum
1369 1612 1520 1666 ducit
1543 1612 1687 1681 quod
1721 1611 1886 1674 vivat,
1919 1610 2160 1680 velquod

588 1706 808 1761 sceleris
851 1705 1069 1758 veniam
1100 1703 1372 1773 impetret,
1423 1717 1646 1771 prorsus
1670 1701 1916 1754 devitans
1967 1702 2048 1752 vcl
2079 1708 2162 1752 at-

587 1798 797 1868 tingere
838 1811 900 1850 ea
928 1811 1048 1864 quae.
1076 1809 1171 1864 per
1222 1792 1614 1859 indulgentiam
1663 1790 1806 1844 dicta
1861 1798 2027 1853 sunt;
2065 1804 2161 1841 ne-

2250 598 2678 669 κατεξάνθησαν,
2710 598 2805 651 καὶ
2861 600 3140 670 μάρτυρες
3182 600 3660 669 ἀπετελέσθησαν.
3691 601 3834 652 Ὅσα

2249 688 2307 742 δὲ
2335 687 2403 741 τά
2441 689 2500 741 ἐν
2545 688 2815 757 φυλακαῖς
2860 689 2956 742 καὶ
3010 690 3252 760 εἱρκταῖς
3297 688 3608 751 κακωτικὰ,
3645 688 3702 740 τί
3755 689 3834 740 δεῖ

2251 781 2349 833 καὶ
2373 780 2584 848 λέγεινς
2617 781 2716 844 τάς
2767 781 3001 850 ἐξορίας,
3033 783 3130 844 τάς
3165 781 3479 849 ἐπαγωγὰς,
3515 781 3617 842 τάς
3651 781 3834 851 ἁρπα-

2253 870 2377 938 γάς,
2408 870 2507 934 τὰς
2538 870 2874 940 σιδηρώσεις,
2905 872 3003 934 τάς
3033 871 3483 941 λιμαγχονήσεις,
3540 873 3646 933 τὰς
3704 888 3835 939 μον-

2253 962 2415 1024 ώσεις
2435 1000 2450 1025 ,
2478 962 2546 1014 τά
2573 961 2708 1016 ἄλλα
2737 963 2933 1027 πάντα,
2961 955 3035 1014 ὧν
3063 962 3122 1014 οὐ
3158 963 3358 1032 μικρᾶς
3408 962 3556 1012 ἐστιν
3586 960 3835 1029 ἱστορίας

2255 1052 2438 1123 ἔργον.
2474 1054 2536 1105 El
2565 1051 2743 1106 τοίνυν
2766 1053 2936 1105 ταῦτα
2958 1052 3150 1117 οὕτως,
3182 1053 3278 1105 καὶ
3309 1053 3421 1105 δεῖν
3446 1052 3542 1104 τὸν
3590 1052 3838 1121 πρεσϐύ-

2256 1159 2414 1213 τερον
2440 1144 2714 1206 ίσοπαθῶς
2739 1143 3047 1208 διεξελθεῖν,
3082 1142 3446 1211 κομιούμενον
3469 1142 3564 1195 τὸν
3589 1143 3840 1210 ἀμαράν-

2254 1251 2400 1287 τινον
2426 1235 2523 1304 τῆς
2554 1233 2715 1306 δόξης
2749 1234 3046 1304 στέφανον;
3097 1233 3429 1298 τούναντίον,
3465 1233 3661 1301 ἐπειδὴ
3696 1235 3840 1286 ἐαλω

2255 1329 2323 1397 τῇ
2351 1327 2605 1396 κοινωνίᾳ
2635 1329 2727 1379 καὶ
2754 1329 2817 1397 τῇ
2848 1328 3136 1397 ὑπογραφῇ
3161 1328 3226 1397 τῇ
3256 1327 3397 1378 κατά
3439 1327 3483 1378 Χ
3495 1325 3707 1396 ριστοῦ,
3746 1326 3842 1394 τῆς

2256 1433 2318 1469 τε
2352 1417 2557 1488 μητρὸς
2587 1418 2751 1471 αὑτοῦ
2782 1419 2877 1471 καὶ
2905 1419 3122 1471 πάντων
3150 1420 3257 1471 τῶν
3291 1418 3461 1484 ἁγίων
3488 1432 3504 1447 ο
3537 1416 3702 1469 τοῦτο
3733 1419 3842 1486 γὰρ

2258 1506 2348 1560 διά
2396 1507 2503 1559 τῶν
2535 1510 2749 1561 οίκείων
2797 1509 3021 1562 είκόνων
3070 1510 3104 1579 ὴ
3145 1509 3237 1561 ἐπὶ
3294 1507 3402 1560 τῶν
3454 1507 3844 1577 πρωτοτύπων

2259 1599 2509 1670 ἀναφορὰ
2531 1614 2544 1626 '
2575 1600 2692 1663 πῶς
2716 1601 2776 1653 οὑ
2816 1601 3188 1672 μέγαήγείται
3214 1603 3307 1652 καὶ
3333 1600 3393 1652 τὸ
3423 1599 3564 1661 ὅλως
3592 1600 3720 1669 ζῇν,
3751 1600 3844 1650 καὶ

2261 1691 2321 1744 τὸ
2349 1691 2484 1754 ὅλως
2524 1693 2981 1764 συγκεχωρῆσθαι
3016 1691 3164 1762 αὑτῷ
3195 1692 3256 1744 τὸ
3289 1694 3555 1762 ἀνόμημα
3581 1708 3596 1722 ⁸
3621 1691 3843 1757 φεύγων

2263 1780 2602 1848 ἐφάπτεσθαι
2630 1783 2723 1834 καὶ
2751 1780 2860 1832 τῶν
2898 1781 3314 1851 προειρημένων
3343 1781 3489 1831 κατὰ
3524 1777 3724 1846 φιλανθ
3737 1794 3844 1844 ρω-

589 1891 717 1943 dum
741 1898 793 1942 ut
816 1887 979 1940 licere
1004 1886 1105 1940 sibi
1127 1884 1250 1939 velit
1279 1884 1424 1937 omni
1453 1898 1516 1936 ex
1544 1891 1694 1951 parte
1716 1881 1883 1936 sacris
1907 1880 2118 1950 operari
2142 1879 2164 1932 ?

2279 1871 2391 1922 [τίαν
2419 1888 2432 1901 ·
2462 1871 2535 1941 μὴ
2563 1872 2646 1925 ὃτι
2675 1889 2737 1940 γε
2781 1873 2875 1926 καὶ
2927 1873 2987 1938 ἐξ
3037 1871 3329 1940 ὁλοκλήρου
3378 1870 3642 1923 λελύσθαι
3680 1869 3846 1922 αὑτὸν

591 1980 731 2050 Ergo
771 1993 910 2033 vana
943 1987 1070 2032 sunt
1100 1976 1306 2037 omnia.
1336 1985 1391 2029 et
1415 1974 1618 2028 frustra
1676 1972 1958 2043 martyria,
1988 1983 2042 2026 et
2079 1971 2165 2026 in-

591 2088 809 2126 cassum
837 2071 1101 2125 athleticze
1131 2068 1506 2123 contentiones
1542 2067 1672 2120 :sed
1700 2066 1880 2120 absit!
1921 2064 1985 2118 Et
2021 2080 2166 2117 mar-

597 2175 704 2231 tvr,
742 2173 950 2235 martyr
985 2163 1138 2218 estin
1167 2162 1268 2216 hac
1298 2161 1643 2215 Confessione
1671 2176 1686 2224 ;
1721 2169 1776 2213 et
1806 2159 1899 2228 qui
1929 2159 2164 2227 negarit,

2256 1961 2601 2032 ίερουργεῖν;
2655 1960 2865 2015 Οὐκοῦν
2915 1962 3058 2014 ’έωλα
3105 1963 3172 2014 τά
3223 1962 3424 2024 πάντα,
3469 1963 3567 2013 καί
3606 1961 3736 2028 είκῆ
3779 1960 3846 2010 τὰ

2264 2053 2560 2125 μαρτύρια,
2602 2055 2696 2107 καὶ
2727 2055 2904 2125 μάτην
2931 2055 2987 2107 αἱ
3029 2054 3316 2123 ἀθλητικαὶ
3358 2054 3646 2114 ἐνστάσεις
3672 2071 3686 2082 ·
3707 2051 3846 2105 ἀλλὰ

2262 2145 2338 2217 μὴ
2398 2148 2627 2215 γένοιτο.
2683 2148 2795 2201 Καὶ
2836 2149 2865 2200 6
2921 2147 3154 2218 μάρτυς,
3214 2147 3425 2218 μάρτυς
3491 2148 3549 2198 ὲν
3607 2146 3740 2214 τῇδε
3781 2148 3846 2214 τῗι

592 2258 780 2326 lapsus
803 2267 884 2311 est
910 2257 963 2310 in
1001 2255 1102 2310 hac
1140 2253 1467 2321 negatione:
1526 2259 1580 2304 et
1621 2265 1794 2319 usque
1827 2250 1893 2302 ad
1939 2257 2165 2302 mortem

2279 2239 2549 2310 ιμολογίᾳν
2579 2239 2669 2291 καὶ
2705 2239 2736 2291 6
2778 2239 3083 2309 ἡρνημένος
3112 2277 3128 2303 ,
3176 2239 3452 2300 ἐκπτωτος
3503 2240 3563 2290 ἐν
3601 2237 3739 2307 τῇδε
3783 2239 3848 2305 τῇ

594 2350 722 2402 tlere
756 2362 977 2402 necesse
1004 2355 1108 2408 est,
1145 2345 1393 2415 quisquis
1436 2343 1620 2413 lapsus
1646 2341 1830 2404 fuerit,
1871 2342 1918 2395 si
1950 2354 2035 2394 me
2067 2354 2168 2393 au-

597 2440 707 2493 diat
740 2447 884 2492 recta
918 2437 1315 2492 consulentem.

702 2630 882 2690 CCIV.
935 2661 1007 2674 --
1049 2629 1352 2687 Theodosia:
1408 2632 1658 2700 Augusta:
1710 2639 1758 2682 et
1816 2626 2061 2692 Basilio.

1129 2724 1240 2793 [ilio
1267 2723 1380 2792 ejus
1407 2722 1503 2792 υ),

2259 2332 2588 2401 ἐξαρνήσειο
2621 2331 2714 2384 καὶ
2751 2331 2861 2384 δεῖν
2927 2333 3292 2402 προσκλαίειν
3365 2331 3529 2401 μέχρι
3612 2331 3850 2382 θανάτου

2266 2427 2444 2478 πάντα
2490 2427 2579 2478 τὸν
2617 2425 2854 2481 ἁλόντα·
2885 2427 3002 2496 εἴγε
3043 2427 3166 2497 ἐμοὶ
3211 2426 3450 2478 πείθοιτο
3509 2424 3668 2494 καλῷ
3713 2442 3851 2494 συμ-

2268 2517 2466 2588 δούλῳ.

2273 2631 2388 2687 ΣΔ’.
2444 2632 2554 2704 (98)
2575 2663 2641 2672 —
2674 2632 2962 2700 Θεοδοσίᾳ
3025 2635 3340 2702 Αὐγούστῃ
3403 2631 3502 2686 καί
3549 2634 3856 2702 Βασιλείφ

2763 2725 2869 2791 υίῷ
2893 2725 3103 2794 αὐτῆς.
3143 2724 3329 2798 [ωιζκι

1378 2834 1448 2882 De
1480 2833 1786 2884 immaculata
1806 2847 2004 2896 prorsus
2028 2835 2223 2886 Domini
2261 2834 2494 2899 imagine.
2529 2838 2726 2902 (Baron.
2759 2853 2837 2888 an.
2860 2840 2969 2900 825,
2995 2839 3165 2903 n..25.)

681 2946 812 3004 Cum
842 2958 910 2999 ex
931 2943 1100 2997 variis
1150 2942 1252 2997 ﬁde
1282 2942 1482 3011 dignis,
1542 2942 1918 3012 imprimisque
1953 2960 2017 2997 ex
2076 2945 2170 2999 Dei

609 3035 988 3090 amantissimo
1017 3031 1176 3094 Isaia,
1203 3032 1481 3103 episcOpo,
1533 3042 1587 3087 et
1610 3047 1674 3086 ex
1707 3035 2169 3089 reverendissimo

612 3124 822 3178 Medicii
864 3123 1126 3185 antistite,
1165 3122 1370 3177 sanctis
1430 3121 1684 3178 Patribus
1724 3125 1944 3186 nostris,
1977 3125 2042 3177 de
2083 3140 2172 3177 re-

611 3233 733 3272 rum
773 3223 1077 3270 vestrarum
1123 3222 1264 3267 statu
1307 3214 1727 3281 accepissemus,
1761 3216 1903 3283 quod
1937 3214 2026 3269 Dei
2075 3230 2172 3268 no-

612 3307 708 3362 stri
745 3305 932 3376 optimi
959 3313 1115 3366 nutu,
1157 3303 1222 3356 ad
1261 3302 1476 3372 pietatis
1516 3310 1784 3372 rectaeque
1835 3303 1954 3357 ﬁdei
2006 3305 2172 3359 ratio-

613 3413 735 3452 nem
767 3407 822 3451 et
849 3396 1071 3451 modum
1103 3395 1352 3449 conversi
1391 3394 1603 3449 fueritis
1627 3435 1640 3459 ,
1664 3395 1895 3463 pristino
1937 3397 2055 3449 vale
2095 3398 2179 3450 di-

614 3500 799 3546 centes
825 3489 1019 3553 errori,
1055 3498 1114 3542 ut
1145 3488 1289 3557 quia
1324 3485 1435 3540 Deo
1464 3502 1570 3540 non
1617 3487 1689 3541 sit
1736 3497 1912 3551 ortus,
1961 3492 2052 3544 sed
2113 3491 2183 3543 ab

616 3582 842 3636 adversa
865 3589 1050 3651 parte:
1079 3594 1203 3634 cnm
1233 3579 1421 3648 religio
1451 3589 1539 3634 tua
1567 3595 1634 3636 ex
1715 3581 1801 3650 pia
1838 3582 1910 3636 sit
1966 3583 2181 3648 radice,

619 3673 804 3742 (talem
830 3672 1098 3743 siquidem
1142 3670 1311 3728 fuisse
1365 3673 1644 3729 latendum
1693 3686 1776 3730 est
1815 3676 1988 3728 virum
2033 3675 2183 3728 illum

623 3767 734 3822 Deo
760 3766 1039 3824 dilectum.
1069 3765 1329 3835 omnique
1353 3766 1618 3835 probitate
1639 3765 2037 3835 conspicuum),
2076 3765 2188 3834 egi-

624 3873 746 3913 mus
768 3857 966 3925 gratias
997 3857 1126 3920 Deo,
1159 3857 1250 3925 qui
1286 3873 1394 3911 non
1430 3859 1678 3926 permisit
1719 3872 1819 3910 nos
1857 3857 1906 3908 in
1967 3854 2187 3909 Ineresis

624 3948 857 4018 caligine
895 3963 1236 4017 permanere,
1297 3947 1391 4002 sed
1440 3958 1649 4003 mentes
1683 3958 1895 4003 vestras
1929 3947 2070 4001 felici
2104 3948 2188 3999 lu-

627 4039 773 4093 mine
799 4038 1061 4108 implevit,
1098 4046 1157 4090 ut
1210 4039 1618 4107 cognosceretis
1670 4037 1856 4093 .Iesum
1910 4035 2188 4092 Christum

631 4129 824 4186 Filium
879 4131 972 4185 Dei
1001 4131 1053 4184 in
1082 4129 1254 4185 forma
1287 4140 1472 4184 nostra
1512 4146 1604 4199 per
1628 4129 2018 4185 misericordiae
2077 4145 2190 4186 sua:

629 4223 833 4275 viscera
864 4229 1075 4286 natum,
1110 4229 1169 4275 ut
1197 4222 1510 4291 ﬁgmentum
1540 4235 1699 4275 suum
1739 4220 1807 4274 ab
1837 4221 2053 4274 interitu
2105 4237 2193 4274 re-

629 4316 880 4380 dimeret,
907 4330 1060 4369 more
1095 4324 1286 4369 nostro
1303 4313 1525 4383 depingi
1554 4325 1721 4383 atque
1750 4312 1926 4383 eliingi
1960 4329 2063 4368 :ne
2087 4329 2192 4383 qua

2363 2947 2461 3000 Ἐκ
2505 2948 2778 3018 διαφόρων
2806 2950 3137 3015 ἀξιοπίστων
3185 2949 3492 3020 προσώπων
3513 2987 3529 3010 .
3556 2951 3729 3017 καίγε
3751 2952 3855 3023 πρὸ

2276 3036 2385 3089 τῶν
2426 3038 2600 3092 ἄλλων
2645 3040 2799 3110 παρά
2845 3058 2902 3094 τε
2955 3041 3046 3094 τοῦ
3089 3041 3504 3108 θεοφιλεστάτου
3544 3042 3855 3096 ἐπισκόπου

2289 3127 2533 3196 Ἡσαΐου,
2572 3131 2666 3183 καὶ
2685 3131 2777 3184 τοῦ
2817 3132 3146 3201 τιμιωτάτου
3165 3132 3584 3202 καθηγουμένου
3617 3133 3714 3185 τοῦ
3744 3134 3859 3202 Mr;-

2277 3218 2471 3287 δικίου,
2502 3222 2664 3274 ὁσίων
2692 3223 2944 3294 Πατέρων
2981 3223 3137 3294 ἡμῶν
3183 3225 3595 3295 ἐκδιδαχθέντες
3625 3227 3697 3278 τὰ
3737 3225 3858 3278 καθ’

2279 3311 2446 3380 ὑμᾶς,
2476 3313 2557 3365 ὅτι
2584 3313 2801 3386 εὐδοκία
2828 3315 2921 3367 τοῦ
2953 3315 3298 3386 ὑπεραγάθου
3329 3315 3460 3368 Θεοῦ
3489 3315 3654 3385 ἡμῶν
3685 3332 3860 3385 μεμε-

2283 3406 2733 3476 τεστοιχειὼθητε
2768 3409 2847 3471 εἰς
2869 3405 2961 3460 τὸν
2992 3407 3088 3475 τῆς
3112 3406 3397 3468 εὐσεϐείας
3417 3406 3513 3458 καὶ
3539 3404 3861 3474 όρθοδοξίας

2283 3501 2484 3570 τρόπον
2522 3499 2616 3553 καὶ
2654 3500 2810 3568 λόγον
2836 3515 2850 3532 '
2881 3499 3091 3570 χαίρειν
3115 3499 3422 3569 φράσαντες
3445 3500 3514 3567 τῇ
3553 3498 3732 3550 πάλαι
3765 3517 3860 3550 κα-

2286 3589 2498 3660 κοδοξίᾳ
2518 3631 2532 3655 ,
2569 3589 2643 3654 ὡς
2674 3592 2772 3644 οὐκ
2810 3591 3062 3661 ὴργμένῃ
3099 3588 3301 3651 θεόθεν,
3322 3586 3437 3640 ἀλλ’
3473 3589 3539 3639 ἐκ
3571 3587 3674 3656 τῆς
3706 3590 3859 3641 ἐναν-

2284 3681 2404 3743 τίας
2439 3681 2676 3752 μερίδος.
2712 3682 2865 3735 Καθὸ
2913 3680 3007 3734 καὶ
3061 3679 3315 3750 ὥρμηται
3357 3679 3633 3746 πατρόθεν
3683 3681 3747 3745 ἐξ
3779 3683 3861 3733 εὖ-

2287 3767 2478 3830 σεὸοῦς
2508 3767 2719 3840 ῥίζηςή
2756 3767 2822 3838 σὴ
2870 3767 3172 3821 θεοσέϐεια.
3221 3767 3622 3836 Ὀμολογητέον
3650 3769 3762 3840 γάρ
3786 3771 3862 3822 ὅτι

2286 3857 2527 3921 τοιοῦτος
2554 3861 2582 3911 6
2619 3857 2756 3928 ἀνὴρ
2806 3859 3011 3919 ἐκεῖνος
3037 3873 3050 3888 ⁸
3081 3857 3200 3928 Θεῷ
3241 3874 3303 3910 τε
3350 3858 3732 3928 πεφιλημένος
3775 3862 3864 3912 καὶ

2290 3949 2438 4021 πάσῃ
2449 3948 2822 4020 καλοκαγαθίᾳ
2841 3949 3310 4020 κατηγλαῖσμένος
3332 3965 3346 3979 ·
3374 3949 3864 4020 ηὐχαριστήσαμεν

2289 4036 2367 4111 τῷ
2396 4041 2606 4112 Κυρίῳ,
2630 4042 2686 4104 ὃς
2711 4041 2810 4094 οὐκ
2839 4041 3021 4094 εἴασεν
3042 4042 3184 4111 ὑμᾶς
3210 4043 3268 4094 ἐν
3295 4040 3376 4112 τῷ
3415 4041 3568 4112 ζόφῳ
3591 4043 3695 4112 τῆς
3721 4044 3865 4113 αίρέ-

2293 4150 2429 4195 σεως
2455 4134 2724 4204 διαμεῖναι
2749 4149 2761 4162 ·
2793 4133 2908 4187 ἀλλ’
2932 4132 3136 4204 ἔπλησε
3159 4133 3257 4197 τάς
3288 4133 3466 4204 ψυχὰς
3503 4135 3664 4203 ὑμῶν
3688 4135 3864 4188 ὀλϐίου

2295 4225 2472 4294 φωτὸς
2497 4228 2578 4289 είς
2608 4225 2670 4279 τὸ
2695 4226 3017 4296 ἐπιγνῶναι,
3052 4228 3134 4281 ὅτι
3174 4226 3377 4297 Ἰησοῦς
3424 4228 3667 4298 Χριστὸς
3693 4231 3722 4281 6
3749 4229 3868 4290 Υἱὸς

2294 4317 2390 4370 τοῦ
2412 4317 2547 4370 Θεοῦ
2586 4319 2642 4370 ἐν
2675 4318 2753 4388 τῷ
2783 4318 2903 4370 καθ’
2928 4319 3071 4388 ἡμᾶς
3103 4318 3230 4370 εἴδει
3266 4316 3508 4386 γεγονὼς
3531 4318 3627 4371 διὰ
3662 4318 3869 4384 σπλάγο

631 4406 705 4460 illi
734 4405 872 4460 desit
900 4405 1265 4459 humanarum
1306 4405 1699 4474 proprietatum
1733 4420 1748 4457 :
1795 4419 1919 4457 cum
1981 4417 2171 4456 manea

2297 4426 2398 4480 χνα
2426 4409 2746 4481 οἰκτιρμῶν,
2773 4410 2854 4472 είς
2885 4410 2945 4462 τὸ
2972 4409 3360 4462 ἀνασώσασθαι
3385 4408 3446 4460 τὸ
3469 4408 3674 4460 ἐαυτοῦ
3709 4411 3868 4462 ἐκπε-

632 4501 774 4554 idem
841 4497 1384 4565 incircumscriptus:
1453 4505 1725 4567 quatenus
1774 4496 1960 4558 Deus;
2015 4504 2074 4548 ut
2105 4511 2173 4562 qu

2299 4502 2514 4564 πτωκὸς
2543 4505 2622 4565 είς
2647 4501 2851 4570 φθορὰν
2899 4500 3122 4570 πλάσμα
3145 4539 3161 4563 ,
3216 4499 3415 4570 ὁμοίως
3445 4501 3582 4569 ἡμῖν
3616 4501 3870 4565 ἐξεικονί-

632 4602 884 4662 paternas
915 4605 1133 4659 quoque
1204 4605 1396 4644 omnes
1449 4590 1806 4658 proprietates
1843 4589 1945 4642 sub
2009 4589 2177 4640 eaden

2301 4592 2453 4656 ζεται
2477 4609 2491 4622 ·
2521 4592 2595 4654 ὡς
2627 4591 2692 4646 ἂν
2719 4593 2882 4662 μηδὲν
2911 4590 3143 4643 λείποιεν
3168 4589 3316 4661 αὑτῴ
3360 4590 3471 4645 τῶν
3513 4591 3868 4660 ἀνθρωπίνων

631 4699 859 4754 persona
893 4682 1129 4736 retinet:
1163 4696 1229 4735 ex
1258 4697 1369 4751 quo
1398 4682 1663 4735 mediator
1693 4681 1784 4734 Dei
1818 4689 1872 4734 et
1917 4680 2177 4732 hominum

2305 4685 2639 4755 ἰδιωμάτων·
2672 4685 2847 4752 μένων
2879 4685 2954 4746 ὡς
3001 4683 3133 4745 Θεὸς
3177 4685 3206 4737 6
3225 4683 3384 4746 αὐτὸς
3414 4686 3836 4754 ἀπερίγραπτος
3856 4702 3870 4715 ⁸

629 4773 907 4844 apparuit,
947 4773 1267 4843 medioipsa
1313 4782 1555 4827 extrema
1605 4770 1962 4842 participans,
2021 4781 2074 4824 et
2103 4784 2199 4838 per

634 4864 874 4934 seipsum
901 4862 1098 4918 divina:
1126 4879 1225 4916 nos
1250 4873 1458 4917 natura:
1482 4862 1778 4931 participes
1797 4859 2050 4915 efficiens.
2081 4856 2200 4914 Sic-

638 4964 698 5009 ut
737 4955 884 5011 enim
932 4954 1049 5009 ﬂeri
1083 4955 1275 5024 nequit
1303 4964 1381 5019 ut,
1418 4952 1560 5008 Deus
1601 4953 1717 5022 ipse
1765 4966 1888 5006 cum
1922 4952 1992 5006 sit
2024 4949 2202 5004 Patri-

636 5064 746 5118 que
771 5048 1018 5117 asqualis,
1047 5061 1155 5101 non
1187 5057 1335 5102 extra
1348 5061 1563 5101 omnem
1592 5045 1664 5102 sit
1685 5044 2206 5114 incircumscriptio-

642 5155 763 5195 nem
795 5139 1063 5207 (inﬁnitus
1099 5139 1369 5208 siquidem
1417 5148 1502 5193 est
1531 5137 1674 5192 Deus
1721 5145 1777 5191 et
1803 5136 2122 5191 interminus
2152 5148 2206 5190 et

645 5230 1260 5300 incomprehensibilis),
1294 5231 1377 5284 sic
1394 5231 1555 5285 etiam
1597 5231 1710 5284 ﬁeri
1739 5245 1845 5284 non
1873 5239 2071 5300 potest,
2104 5238 2164 5283 ut
2188 5269 2204 5293 ,

642 5337 768 5376 cum
795 5335 922 5376 vere
946 5321 1111 5376 homo
1132 5321 1203 5378 sit
1232 5321 1346 5391 ipse
1369 5363 1385 5386 ,
1417 5333 1473 5376 et
1499 5322 1652 5376 nobis
1689 5323 1884 5378 similis
1917 5323 2093 5377 factus
2114 5335 2206 5389 per

647 5415 850 5479 omnia,
877 5414 1016 5468 intra
1054 5415 1611 5485 circumscriptionem
1637 5430 1746 5470 non
1775 5424 2012 5470 maneat.
2046 5415 2209 5470 Com-

642 5505 1009 5576 prehensibile
1036 5505 1238 5575 quippe
1266 5517 1350 5561 est
1393 5507 1512 5573 ejus
1542 5522 1764 5578 corpus,
1800 5515 2057 5576 tactuque
2097 5506 2209 5575 pal-

642 5596 839 5666 pabile,
901 5605 956 5648 et
1015 5595 1198 5650 colore
1259 5597 1488 5652 visibile.
1524 5598 1678 5663 Quod
1733 5613 1836 5653 non
1885 5596 2211 5652 'conlitentes

2300 4775 2375 4840 ὼς
2404 4776 2499 4827 καὶ¹
2522 4776 2592 4828 τά
2618 4775 2848 4846 πατρῷα
2883 4772 3150 4842 ἰδιώματα
3194 4773 3410 4826 ἅπαντα
3447 4774 3541 4843 ὑφ’
3588 4777 3674 4828 ἐνὶ
3717 4793 3873 4845 προσ·

2301 4866 2439 4937 ὡπῳ
2481 4867 2847 4938 κεκτημένος·
2883 4865 3017 4919 καθὸ
3056 4866 3151 4918 καὶ
3197 4865 3421 4934 μεσίτης
3469 4865 3610 4919 Θεοῦ
3657 4870 3757 4922 καὶ
3789 4867 3873 4921 ἀνέ-

2306 4957 2541 5029 θρώπων
2563 4961 2789 5027 πέφηνε,
2819 4959 2885 5028 τῇ
2911 4957 3167 5027 μεσότητι
3196 4959 3309 5019 τοῖς
3330 4956 3527 5026 ἄκροις
3560 4960 3839 5012 κοινωνῶν
3858 4976 3870 4988 ’

2304 5049 2401 5101 καὶ
2425 5048 2493 5101 δι’
2520 5046 2713 5100 ἐαυτοῦ
2746 5048 3032 5110 κοινωνοὺς
3079 5049 3228 5117 ἡμᾶς
3268 5047 3416 5107 θείας
3462 5047 3691 5116 φύσεως
3717 5054 3874 5119 ἁπερ-

2306 5139 2639 5209 γασάμενος.
2682 5138 2766 5202 Ὠς
2799 5139 2907 5210 γάρ
2939 5141 3039 5192 οὐκ
3068 5139 3343 5208 ἐνδέχεται
3371 5137 3508 5192 Θεὸν
3531 5142 3705 5194 αὑτὸν
3737 5143 3871 5202 ὂντα.

2306 5231 2404 5284 καὶ
2441 5233 2553 5284 ἴσον
2580 5229 2657 5300 τῷ
2681 5230 2874 5301 Πατρὶ,
2912 5230 2986 5300 μὴ
3016 5231 3136 5300 οὐχί
3159 5230 3263 5294 ἔξω
3306 5234 3670 5304 περιγραφῆς
3705 5231 3836 5286 εἶναι
3858 5248 3871 5261 ‘

2307 5322 2532 5391 ἄπειρον
2555 5322 2664 5391 γάρ
2691 5321 2751 5374 τὸ
2785 5322 2927 5375 θεῖον
2952 5322 3044 5374 καὶ
3073 5322 3322 5393 ἀόριστον
3346 5323 3442 5376 καὶ
3469 5325 3871 5396 ἀπερίληπτον·

2307 5410 2398 5463 τὸν
2418 5411 2581 5464 αὑτὸν
2603 5411 2667 5472 δὴ
2697 5411 2895 5482 τρόπον
2947 5413 3329 5483 άνεγχώρητόν
3386 5419 3544 5468 ἐστιν
3603 5417 3874 5489 ἄνθρωπον

2311 5503 2472 5555 αὑτὸν
2497 5501 2711 5572 ἀληθῶς
2741 5503 2890 5567 ὄντα,
2931 5504 3024 5556 καί
3055 5506 3236 5574 ὅμοιον
3259 5507 3395 5575 ἡμῖν
3421 5507 3574 5560 κατά
3601 5510 3776 5563 πάντα
3799 5523 3874 5573 γε·

2320 5592 2537 5661 γονότα,
2574 5595 2650 5664 μὴ
2679 5594 2800 5664 οὐχὶ
2820 5597 3163 5667 περιγραφῆς
3186 5593 3318 5649 είσω
3352 5597 3548 5668 μένειν
3575 5616 3594 5632 ·
3627 5613 3875 5672 περιτρο-

2147 5722 2376 5780 ΝΟΤΞ.

715 5826 782 5893 (⁸)
814 5820 1118 5894 Dogmatica

2358 5817 2466 5886 (θὸ)
2499 5817 2556 5872 In
2589 5817 2710 5875 cod.
2746 5815 2875 5889 Reg.
2908 5816 3004 5882 σζ’.
