3976 6322
180 386 304 451 1621

1352 381 1892 441 EPISTOLARUM
1948 381 2095 441 LIB.
2142 381 2226 441 Π.

3280 389 3417 451 1622

176 503 302 555 πτὸν
334 497 483 572 [cod.
535 498 671 568 Reg.
721 493 1194 568 περιληπτδν1γάρ
1234 495 1400 549 αὑτοῦ
1449 497 1511 548 τὸ
1548 495 1735 564 σῶμα,

1842 489 2184 549 lconomacbi
2208 535 2224 562 ,
2255 494 2457 550 Christi
2497 505 2783 567 negatores
2799 499 3084 558 manifeste
3114 500 3244 557 facti
3291 511 3416 560 sunt

175 595 282 664 ἀφῇ
309 592 404 645 καὶ
431 593 592 662 χροιᾷ
616 589 1040 661 ψηλαφώμενον.
1074 588 1251 656 Ὅπερ
1288 589 1385 657 οὑχ
1407 586 1731 656 ὁμολογοῦν-

171 704 262 749 τες
291 686 340 739 οἱ
387 683 770 754 Εἰκονομόιχοι,
823 680 1238 751 ἀρνησίχριστοι
1285 679 1555 748 ἀριδήλως
1596 679 1734 732 καθ-

172 780 450 847 εστήκασι,
479 776 572 828 τὸν
587 774 899 844 ὲνσώματον
921 771 1210 840 ἀσώματον
1230 770 1699 840 ὑπολαμϐάνοντες
1716 785 1732 801 ·

171 871 262 924 καὶ
295 869 386 923 τὸν
423 868 541 938 μεθ’
579 867 736 937 ἡμῶν
764 863 1029 933 γεγονότα
1059 861 1162 926 ἔξω
1187 863 1287 932 τῆς
1315 864 1436 915 καθ’
1460 862 1607 932 ἡμᾶς
1637 860 1736 929 φύ-

172 980 304 1024 σεως
353 960 795 1031 δογματίζοντες.
841 955 1121 1009 Ἐντεῦθεν
1159 955 1385 1025 ἐδυνήθη
1426 957 1454 1008 ὁ
1489 955 1694 1025 κόσμος
1717 971 1732 986 ·

168 1051 373 1121 ἠρνήθη
404 1050 639 1122 Χριστὸς
676 1048 763 1101 διὰ
786 1047 885 1115 τῆς
921 1045 1127 1112 σεπτῆς
1149 1046 1308 1097 αὐτοῦ
1336 1047 1544 1108 εἰκόνος
1566 1061 1578 1073 ·
1618 1046 1652 1114 ἦ
1675 1061 1734 1096 τε

167 1144 447 1207 Θεοτόκος,
482 1143 577 1196 καὶ
608 1143 713 1203 πᾶς
751 1156 835 1202 τις
858 1138 966 1190 τῶν
993 1138 1184 1204 ἁγίων.
1212 1137 1289 1206 Τῇ
1323 1135 1431 1206 γὰρ
1450 1136 1730 1206 παραδοχῇ

167 1234 263 1302 τῆς
295 1235 504 1296 εἰκόνος
551 1230 948 1301 παραδέδεκται
993 1231 1021 1281 ό
1067 1228 1460 1296 είκονιζόμενος
1486 1242 1500 1257 ·
1530 1227 1604 1288 ὡς
1642 1228 1736 1280 καὶ

170 1326 402 1395 ἔμπαλιν
450 1328 517 1394 τῇ
591 1324 844 1393 ἀθετήσει
896 1322 1176 1390 ήθέτηται.
1238 1319 1521 1372 Ἐντεῦθεν
1576 1319 1738 1386 διωγ-

173 1417 267 1485 μὸς
312 1415 830 1487 ἀναϐρασσόμενος,
878 1416 971 1466 καὶ
1033 1411 1378 1481 πατριάρχης
1448 1410 1736 1472 θεσπέσιος

169 1506 714 1578 ὲκσκορακιζόμενος,
747 1507 912 1575 ἱερεῖς
939 1520 998 1555 τε
1029 1503 1124 1556 καὶ
1159 1504 1429 1572 ίεράρχαι,
1469 1499 1736 1569 μονασταί

168 1617 223 1652 τε
253 1600 349 1653 καὶ
383 1599 610 1669 μιγάδες
637 1597 976 1659 ὲνθεώτατοι,
1012 1596 1062 1648 οἱ
1109 1596 1208 1666 μὲν
1249 1593 1613 1665 ὲξοριζόμενοι
1643 1593 1738 1646 καὶ

169 1690 588 1760 φυλακιζόμενοι
614 1705 630 1720 ·
671 1689 846 1756 ἕτεροι
873 1686 928 1738 δὲ
959 1685 1404 1757 μαστιγούμενοι,
1456 1685 1551 1737 καὶ
1580 1682 1736 1752 λιμο-

169 1779 550 1849 κτονούμενοι·
585 1778 714 1830 ἔνιοι
736 1776 792 1829 δὲ
836 1777 929 1828 καὶ
975 1776 1417 1845 ἀποκτενόμενοι.
1457 1773 1736 1827 Ἐντεῦθεν

1830 599 2180 657 corporatum
2247 590 2626 659 incorporeum
2665 592 3013 661 arbitrantes,
3045 611 3283 665 eumque
3322 600 3417 668 qui

1831 681 2116 735 nobiscum
2154 691 2315 735 natus
2369 691 2472 744 est,
2513 692 2720 738 natura:
2759 695 2960 739 nostra:
3004 695 3281 757 expertem
3325 691 3422 743 de.

1832 776 2136 821 cernentes.
2174 766 2313 821 Hinc
2342 784 2644 824 concussus
2672 779 2755 826 est
2778 773 3013 828 mundus
3047 793 3061 828 :
3090 784 3319 844 negatus
3335 783 3422 832 est

1833 873 1929 928 per
1958 859 2318 912 venerandam
2373 859 2666 930 imaginem
2694 878 2847 917 suam
2893 863 3169 932 Christus,
3210 878 3264 922 et
3290 867 3414 922 Dei-

1833 964 1984 1018 para,
2035 961 2086 1002 et
2114 953 2289 1005 sancti
2319 965 2530 1006 omnes.
2559 953 2665 1006 Per
2693 955 2943 1024 imaginis
2970 957 3112 1010 enim
3141 960 3410 1028 receptio-

1835 1053 1958 1091 nem
1997 1038 2259 1108 recipitur
2286 1038 2332 1092 is
2368 1040 2529 1107 cujus
2555 1048 2640 1093 est
2681 1040 2860 1110 imago
2895 1043 3076 1097 :sicut
3099 1054 3287 1099 contra
3326 1061 3422 1115 per

1836 1128 2190 1198 rejectionem
2218 1131 2482 1199 rejicitur.
2531 1131 2670 1186 Hinc
2718 1134 2928 1188 ebulliit
2957 1135 3262 1204 persecutio
3295 1177 3311 1202 ,
3355 1146 3410 1190 et

1836 1220 2058 1275 divinus
2097 1221 2407 1291 patriarcha
2468 1223 2738 1292 relegatus
2774 1233 2880 1290 est,
2911 1225 3222 1281 sacerdotes
3257 1235 3419 1296 atque

1835 1315 2100 1384 episc0pi,
2167 1316 2423 1369 monachi
2478 1325 2534 1370 et
2582 1318 2874 1373 saeculares
2914 1318 3272 1384 sanctissimi,
3325 1318 3417 1372 alii

1837 1404 2030 1457 exsilio
2060 1412 2115 1457 et
2145 1405 2459 1458 carceribus
2511 1405 2736 1471 addicti,
2776 1406 2869 1458 alii
2899 1407 3220 1462 verberibus
3250 1406 3420 1462 fame-

1842 1509 1952 1563 que
1981 1495 2208 1549 cruciati
2242 1513 2256 1548 :
2286 1496 2536 1549 nonnulli
2568 1497 2730 1550 etiam
2769 1499 2970 1552 enecti.
3017 1497 3156 1552 Hinc
3177 1509 3421 1553 extorres

1838 1587 1891 1639 in
1926 1587 2226 1652 montibus,
2278 1586 2331 1640 in
2388 1587 2664 1657 speluncis
2700 1597 2754 1643 et
2795 1589 3044 1644 cavernis
3088 1599 3248 1644 terra:
3274 1629 3289 1654 ,
3324 1590 3418 1659 qui

1838 1677 1951 1733 Deo
1976 1679 2206 1732 mortale
2244 1677 2380 1732 nihil
2413 1678 2791 1749 praetulerunt.
2821 1677 2962 1734 Hinc
2990 1681 3173 1734 diruta
3194 1681 3417 1750 templa,

1838 1779 1894 1826 et
1919 1778 2106 1823 sancta
2131 1768 2434 1839 profanata,
2463 1777 2519 1824 et
2572 1769 2756 1824 divina
2789 1769 3017 1826 donaria
3055 1773 3163 1840 igni
3191 1771 3417 1831 tradita.

169 1871 222 1918 ἐν
239 1843 390 1935 δρεστι
412 1866 836 1935 φυγαδευόμενοι
880 1866 974 1918 καὶ
1006 1843 1288 1934 σπηλαίοις
1307 1865 1400 1916 καὶ
1425 1864 1735 1944 ταῖςὶόπαῖς

1846 1862 2212 1931 clamoreque,
2255 1869 2314 1915 ut
2341 1864 2531 1930 paucis
2569 1862 2748 1918 dicam
2771 1902 2786 1928 ,
2819 1871 2875 1918 et
2908 1865 3213 1934 direptione
3263 1867 3420 1933 plena

166 1956 263 2025 τῆς
291 1959 421 2028 γῆς,
479 1960 528 2011 οἱ
549 1957 715 2029 μηδὲν
742 1955 850 2010 τῶν
873 1957 1000 2027 τῇδε
1027 1956 1410 2025 προκρίνοντες
1435 1954 1592 2008 Θεοῦ.
1626 1955 1746 2008 Ἐν-

1850 1954 2059 2009 omnia.

165 2050 352 2104 τεῦθεν
402 2053 522 2105 ναοὶ
570 2051 1105 2120 κατασκαπτόμενοι,
1156 2049 1252 2102 καὶ
1299 2049 1430 2118 ἆγια
1509 2047 1908 2120 βεϐηλουμένα,
1976 2049 2074 2102 καὶ
2134 2048 2256 2104 θεῖα
2314 2049 2644 2122 ἀναθήματα
2694 2053 2830 2124 πυρὶ
2871 2052 3296 2123 παραδιδόμενα,
3325 2050 3420 2106 καὶ

167 2147 417 2214 κραυγῆς
445 2147 513 2199 τὰ
542 2146 719 2199 πάντα
740 2146 834 2197 καὶ
855 2143 1148 2212 λεηλασίας
1177 2144 1382 2215 πλήρη,
1410 2143 1485 2207 ὡς
1518 2146 1575 2196 ὲν
1611 2143 1859 2214 συντόμῳ
1887 2145 2084 2196 εἰπεῖν.

236 2237 475 2290 Τοιαῦτα
501 2237 569 2289 τὰ
596 2237 695 2306 τῆς
739 2236 993 2298 ἀσεϐείας
1020 2236 1400 2305 ἐγχειρήματα
1421 2251 1435 2267 ο
1465 2235 1541 2297 ὡς
1567 2233 1633 2286 ἂν
1665 2233 1730 2285 ἐκ

166 2328 257 2380 τοῦ
283 2328 500 2398 καρποῦ
526 2329 587 2382 τὸ
610 2328 825 2398 δένδρον
845 2325 1202 2396 γινώσκηται.
1243 2326 1459 2397 Ἐπειδὴ
1482 2327 1538 2378 δὲ
1564 2327 1730 2395 ὑμᾶς,

170 2421 240 2482 ὡς
269 2421 615 2491 προείρηται,
646 2421 679 2489 ἠ
712 2419 832 2472 θεία
859 2418 1017 2488 χάρις
1049 2418 1382 2486 ηγκαλίσατο
1402 2419 1488 2470 διά
1503 2418 1605 2486 τῆς
1633 2435 1734 2471 κα-

167 2512 261 2580 λῆς
288 2512 583 2581 ὁμολογίας
610 2506 676 2582 ἦς
703 2510 1087 2579 ὡμολογήσατε
1111 2513 1224 2571 τοῖς
1251 2511 1526 2580 Πατράσιν
1549 2524 1562 2536 ·
1594 2509 1734 2580 ὑπὲρ

167 2598 231 2673 ἧς
269 2606 360 2656 καὶ
403 2604 597 2675 μέχρις
641 2602 871 2671 αἵματος
929 2601 1298 2672 προθυμεῖσθε
1353 2601 1735 2655 ἀντικαθίστα-

171 2695 293 2748 σθαι
318 2712 331 2726 ’
367 2697 463 2749 καὶ
488 2696 649 2765 ἡμεῖς
674 2694 722 2745 οἱ
751 2695 998 2747 ταπεινοὶ
1045 2694 1219 2763 ταύτῃ
1259 2692 1322 2764 δὴ
1363 2696 1428 2763 τῇ
1470 2694 1735 2763 ὁμολογη-

169 2790 293 2857 τικῇ
323 2786 667 2855 πεποιθήσει,
703 2784 762 2836 σέ
793 2802 852 2838 τε
874 2786 974 2855 τὴν
999 2785 1194 2856 κυρίαν
1222 2784 1530 2848 δέσποιναν,
1555 2785 1646 2836 τόν
1675 2800 1732 2836 τε

174 2878 361 2948 κύριον
434 2879 527 2931 καὶ
576 2876 866 2948 δεσπότην,
923 2877 1018 2929 σὺν
1073 2878 1186 2938 τοῖς
1233 2875 1437 2938 λοιποῖς
1487 2875 1732 2927 εὐκλεέσι

168 2970 382 3034 κλάδοις
415 2969 512 3021 καὶ
552 2967 960 3039 είσδεδέγμεθα,
1015 2970 1109 3020 καὶ
1171 2967 1611 3035 συνεισκρίνομεν
1657 2965 1735 3034 τῷ

175 3062 324 3130 μέρει
348 3061 447 3129 τῆς
475 3059 784 3130 όρθοδοξίας
811 3075 822 3087 ⁸
855 3058 1054 3129 μᾶλλον
1092 3057 1149 3109 δὲ
1197 3060 1262 3127 τῇ
1304 3056 1397 3111 τοῦ
1438 3057 1570 3110 Θεοῦ
1611 3059 1734 3111 Ἐκ-

169 3150 367 3221 κλησίᾳ
391 3167 405 3181 ο
436 3152 775 3220 καῖῆκοντας
802 3151 945 3220 ὑμᾶς
963 3149 1097 3218 πρὸς
1110 3147 1206 3219 τὴν
1230 3150 1556 3202 ταπείνωσιν
1579 3152 1736 3219 ήμῶν

170 3242 602 3312 προσκυνοῦμεν,
638 3241 732 3294 καὶ
791 3239 1270 3308 συγκοινωνοῦμεν
1320 3241 1482 3310 ὑμῖν·
1515 3241 1738 3311 εὐχαρι-

172 3334 367 3403 στήρια
399 3334 477 3404 τῷ
513 3333 698 3403 ἀγαθῴ
721 3332 841 3403 Θεῷ
880 3331 1294 3400 ἀναπέμποντες
1345 3331 1425 3396 τῷ
1469 3332 1737 3386 ποιοῦντι

164 3421 398 3488 μεγάλα
418 3422 514 3477 καί
531 3425 675 3486 ἁνεξ
682 3441 699 3475 ι
704 3425 982 3490 χγιαστα,
1003 3416 1090 3474 ὧν
1117 3424 1227 3475 οὐκ
1266 3423 1436 3476 ἐστιν
1455 3422 1696 3491 ἀριθμός
1719 3439 1734 3454 ο

1909 2231 2070 2286 Tales
2085 2243 2244 2286 erant
2282 2230 2579 2302 impietatis
2608 2243 2874 2288 conatus:
2929 2240 2988 2287 ut
3018 2250 3083 2287 cx
3116 2235 3296 2288 fructu
3324 2250 3420 2289 ar-

1838 2324 1938 2378 bor
1963 2333 2340 2392 cognoscatur.
2367 2323 2660 2393 Postquam
2693 2334 2878 2378 autem
2938 2326 3120 2380 divina
3160 2341 3256 2379 vos
3290 2342 3416 2396 gra-

1839 2417 1933 2481 tia,
1973 2418 2112 2472 sicut
2136 2417 2246 2470 dixi
2271 2456 2286 2481 ,
2320 2418 2566 2486 amplexa
2588 2428 2671 2472 est
2700 2432 2790 2486 per
2819 2418 3092 2488 egregiam
3119 2416 3418 2472 confessio-

1838 2524 1985 2574 nem,
2016 2525 2177 2578 quam
2210 2507 2466 2564 Patribus
2506 2510 2736 2578 professi
2772 2511 2907 2565 estis
2949 2529 2962 2564 :
2996 2524 3094 2578 pro
3110 2526 3216 2579 qua
3243 2525 3418 2580 usque

1839 2602 1905 2655 ad
1935 2604 2257 2672 sanguinem
2301 2603 2588 2656 decertare
2627 2601 2801 2671 parati
2849 2601 2982 2656 estis
3017 2615 3161 2656 :nos
3203 2617 3418 2672 quoque

1841 2692 2076 2747 humiles
2101 2693 2257 2747 istius
2286 2693 2544 2746 nimirum
2583 2689 2947 2746 confessionis
3014 2689 3210 2744 fiducia
3251 2688 3415 2755 freti,

1843 2792 1892 2837 te
1918 2783 2194 2837 dominam
2230 2795 2286 2839 et
2316 2785 2636 2853 magistram
2659 2822 2674 2843 .
2715 2781 2876 2836 simul
2933 2780 3096 2836 etiam
3136 2781 3415 2835 dominum

1839 2883 1893 2928 et
1915 2875 2251 2943 magistrum,
2284 2889 2407 2928 cum
2445 2875 2659 2929 caeteris
2686 2873 2902 2944 inclytis
2941 2872 3112 2927 ramis
3150 2881 3203 2926 et
3229 2886 3418 2926 susce-

1841 2969 2024 3037 pimus
2056 3006 2069 3028 ,
2111 2975 2162 3019 et
2215 2966 2534 3020 orthodoxae
2583 2965 2705 3018 fidei
2761 2966 3034 3034 partibus,
3076 2979 3171 3019 seu
3240 2963 3419 3033 potius

1841 3057 2096 3111 Ecclesia:
2121 3055 2215 3110 Dei
2249 3069 2633 3121 accensemus,
2671 3055 3058 3124 venientesque
3101 3054 3167 3110 ad
3201 3055 3419 3109 humili-

1841 3158 2005 3203 tatem
2029 3159 2268 3203 nostram
2292 3163 2389 3202 vos
2407 3162 2751 3211 veneramur,
2773 3157 2828 3202 et
2865 3147 3146 3202 vobiscum
3175 3163 3419 3202 commu-

1843 3241 2334 3310 nicamus,gratias
2354 3251 2576 3310 agentes
2606 3239 2713 3294 Deo
2737 3241 2943 3308 optimo
2976 3241 3065 3308 qui
3084 3241 3208 3310 fecit
3226 3257 3420 3310 magna

1841 3346 1890 3388 et
1920 3334 2292 3388 inscrutabilia
2321 3334 2515 3404 absque
2547 3348 2763 3387 numero
2801 3334 2845 3364 ⁷⁸
2874 3350 2891 3400 ;
2935 3332 3030 3402 qui
3065 3350 3131 3388 ex
3181 3335 3419 3387 tenebris

1843 3429 1907 3482 ad
1929 3429 2100 3481 lucem
2135 3428 2373 3490 deducit,
2395 3443 2461 3481 ex
2493 3427 2579 3480 via
2609 3426 2817 3482 erroris
2846 3426 2911 3479 ad
2927 3427 3146 3495 pietatis
3170 3426 3417 3481 semitam

169 3508 248 3579 τῷ
276 3512 339 3564 ἐκ
365 3512 593 3573 σκότους
617 3511 696 3573 είς
730 3509 843 3578 φῶς
873 3509 1083 3577 ἄγοντι,
1117 3512 1212 3564 καὶ
1258 3510 1319 3575 ἐξ
1369 3511 1491 3563 ὁδοῦ
1537 3510 1735 3582 πλάνης

1849 3517 2105 3573 transfert
2138 3533 2262 3572 eum
2303 3533 2545 3580 omnem,
2570 3517 2665 3587 qui
2713 3532 2781 3571 ex
2804 3519 2991 3572 animo
3021 3518 3220 3572 salvari
3246 3517 3395 3585 cupit

172 3605 247 3664 εἰς
273 3603 461 3674 τρίϐον
492 3602 774 3663 εὐσεϐείας
803 3602 1164 3672 μεταφέροντι
1190 3603 1369 3656 πάντα
1395 3605 1485 3656 τὸν
1513 3602 1572 3667 ἐξ
1603 3603 1736 3674 ἀλη-

171 3693 322 3766 θινῆς
348 3696 577 3767 καρδίας
629 3693 916 3762 ἐφιέμενον
967 3692 1257 3759 σώζεσθαι.
1291 3695 1474 3748 Ταῦτα
1519 3695 1618 3765 μὲν
1645 3694 1738 3747 οῦ-

169 3800 296 3850 τως.
341 3786 559 3855 Ἐπειδὴ
589 3786 643 3838 δὲ
692 3784 931 3852 ἀπεδόθη
976 3785 1105 3854 ὑμῖν
1151 3788 1301 3858 παρὰ
1349 3787 1444 3840 τοῦ
1497 3787 1734 3857 μεγάλου

175 3874 435 3944 βασιλέως
466 3879 498 3948 ή
525 3878 685 3947 νῆσος
715 3877 818 3946 τῆς
871 3875 1140 3931 Χαλκίτου
1197 3881 1276 3942 είς
1320 3885 1738 3951 κατοικητήριον

176 3966 407 4038 διαίτης,
435 3969 496 4021 οὐ
533 3968 740 4040 μικρῶς
770 3967 1057 4038 ἐλύπησεν,
1089 3971 1185 4040 οὐχ
1209 3972 1354 4041 ἡμᾶς
1387 3972 1562 4041 μόνον,
1601 3971 1736 4026 ἀλλά

174 4057 267 4110 καὶ
295 4061 522 4124 πολλοὺς
568 4061 675 4113 τῶν
715 4060 994 4130 Πατέρων,
1046 4059 1128 4114 ὅτι
1165 4061 1465 4132 ἀδελφότης
1501 4064 1595 4135 ὅλη
1637 4065 1736 4117 σὺν

173 4152 570 4222 καθηγουμένῳ
598 4152 696 4220 τῆς
731 4152 898 4205 πάλαι
932 4151 1139 4216 οἰκείας
1177 4157 1342 4223 μονῆς
1368 4153 1570 4224 ὲξεώθη
1592 4172 1605 4186 ·
1641 4155 1736 4207 καὶ

173 4236 264 4290 νῦν
324 4237 427 4295 ὦδε
481 4241 704 4293 κάκεῖσε
753 4240 1152 4312 περιφέρεται·
1188 4241 1282 4294 καὶ
1337 4242 1418 4295 ὅτι
1478 4241 1736 4312 ὤφθημεν

173 4328 482 4400 ἀνοίγοντες
563 4331 813 4400 γλώσσας
864 4333 956 4385 ἐπὶ
1015 4333 1312 4404 προτέραις
1377 4334 1732 4406 δυσφημίαις.

172 4417 360 4491 Ὅμως
423 4423 610 4494 ἐπειδὴ
663 4423 1077 4493 ἀπελογήσασθε
1119 4425 1205 4478 διά
1230 4425 1325 4477 τοῦ
1367 4425 1735 4494 πνευματικοῦ

168 4510 201 4579 ὴ
212 4513 328 4580 μῶν
371 4515 488 4568 υίοῦ
509 4515 844 4586 Κλήμεντος,
873 4515 966 4567 τοῦ
990 4514 1383 4569 εὐλαϐεστάτου
1408 4517 1732 4587 ἡγουμένου.

173 4601 342 4670 οὕτως
377 4608 471 4660 καὶ
528 4606 697 4670 οὕτως
731 4606 967 4677 ὑπάρξαι
996 4605 1094 4677 τὴν
1139 4607 1395 4660 ὑπόθεσιν
1429 4611 1494 4661 ἐκ
1530 4608 1738 4677 βασιλι-

170 4693 268 4764 κῆς
299 4698 922 4769 ὲξουσίας,ἀπελύθημεν
942 4699 1038 4769 τῆς
1066 4697 1261 4767 λύπης.
1300 4698 1471 4753 Τοῦτο
1484 4699 1539 4752 δὲ
1557 4717 1738 4771 παρα-

170 4786 462 4858 καλοῦμεν,
523 4790 648 4843 ὃσον
701 4790 974 4861 ἐνδέχεται
1015 4789 1371 4845 ἐκϐιάσασθαι
1405 4791 1549 4861 ὑμᾶς
1575 4791 1736 4863 θερα-

1842 3613 2017 3680 Atque
2078 3612 2188 3664 haec
2263 3609 2485 3680 quidem
2540 3610 2594 3663 in
2667 3609 2813 3663 hunc
2851 3609 3098 3663 modum.
3146 3608 3414 3664 Caeterum

1842 3713 2132 3772 postquam
2159 3702 2402 3755 Chalcita
2443 3701 2622 3756 insula
2656 3701 2809 3755 vobis
2882 3701 3162 3771 designata
3230 3701 3333 3754 fuit
3385 3717 3416 3756 ε

1845 3808 2044 3863 magno
2074 3793 2405 3862 imperatore
2461 3792 2527 3845 ad
2559 3791 2896 3845 domicilium
2923 3791 3292 3855 habitationis,
3322 3807 3419 3861 per

1841 3886 1981 3941 duos
2009 3900 2204 3949 annos,
2247 3900 2354 3939 non
2386 3884 2734 3938 mediocriter
2784 3883 3082 3945 doluimus,
3114 3899 3290 3952 neque
3327 3898 3417 3937 so-

1842 3980 1953 4034 lum
1987 3992 2107 4044 nos,
2131 3977 2224 4032 sed
2259 3977 2410 4031 multi
2434 3976 2596 4031 etiam
2628 3991 2694 4030 ex
2710 3973 2986 4039 Patribus,
3014 3976 3159 4043 quod
3195 3975 3416 4029 univer-

1842 4086 1937 4127 sus
2005 4068 2236 4122 fratrum
2274 4077 2449 4123 castus
2482 4082 2608 4122 cum
2642 4066 2909 4132 antistite,
2933 4077 3116 4120 vetere
3158 4082 3260 4121 suo
3296 4081 3418 4120 mo-

1841 4161 2082 4217 nasterio
2112 4160 2316 4228 ejectus
2344 4159 2434 4222 sit,
2464 4166 2518 4212 et
2543 4173 2689 4212 nunc
2739 4157 2849 4211 huc
2907 4157 3150 4226 illucque
3184 4157 3418 4212 circum-

1842 4262 2054 4323 agatur,
2082 4251 2295 4321 etquod
2323 4249 2424 4304 visi
2453 4249 2627 4303 simus
2647 4249 2860 4317 linguas
2888 4248 3102 4318 aperire
3132 4248 3198 4301 ad
3231 4248 3418 4316 pristi-

1844 4360 1914 4399 na
1949 4344 2212 4398 convicia.
2236 4340 2648 4404 Verumtamen,
2677 4341 2935 4409 quoniam
2962 4354 3058 4409 per
3078 4339 3416 4394 Clementem

1843 4434 2177 4506 spiritualem
2213 4433 2381 4486 lilium
2418 4441 2689 4496 nostrum,
2721 4430 3241 4484 reverendissimum
3279 4444 3420 4500 prae-

1841 4527 2104 4596 positum,
2139 4524 2520 4594 respondistis,
2547 4525 2618 4576 ita
2643 4532 2805 4590 atque
2836 4522 2909 4575 ita
2944 4523 3297 4579 constitutam
3350 4537 3418 4576 ex

1845 4621 1991 4688 regia
2021 4617 2342 4672 auctoritate
2379 4630 2494 4669 rem
2528 4614 2719 4679 fuisse,
2754 4613 3032 4668 tristitiam
3086 4615 3415 4684 depulimus.

1842 4707 1960 4764 Hoc
2000 4722 2130 4763 vero
2176 4708 2532 4769 obtestamur,
2594 4715 2676 4770 ut,
2711 4713 2977 4773 quantum
3024 4705 3230 4760 conniti
3264 4704 3420 4759 vobis

1845 4804 1992 4864 licet,
2024 4800 2417 4870 egredientium
2472 4798 2718 4852 dolorem
2764 4795 3053 4865 mitigetis;
3088 4798 3215 4867 quia
3281 4797 3420 4851 scri-

173 4876 372 4935 πεῦσαι
397 4880 458 4932 τὸ
499 4881 663 4947 ἄλγος
694 4881 802 4935 τῶν
842 4881 1129 4946 ἐξιόντων
1153 4879 1344 4955 ἐπειδὴ
1388 4883 1735 4953 γέγραπται·

1849 4906 2000 4965 ptum
2040 4866 2185 4946 e‘st':
2230 4890 2308 4945 Ne
2355 4891 2453 4944 des
2501 4889 2710 4944 homini
2764 4888 2969 4949 locum,
3026 4866 3424 4944 utimaledicat

171 4968 262 5044 Μὴ
292 4975 403 5046 δῷς
425 4974 699 5046 ἀνθρώπῳ
729 4975 898 5030 τόπον
927 4974 1273 5047 καταρᾶσθαι
1305 4992 1392 5030 σε.
1419 4977 1525 5029 Καί
1550 4991 1564 5006 ⁸
1611 4978 1735 5032 Ἵνα

1842 4986 2002 5040 tibi"
2035 5024 2050 5039 .
2088 4982 2194 5038 Et:
2234 4980 2455 5052 thuid,
2487 4981 2584 5047 ait,
2637 4980 2853 5033 libertas
2889 4993 3004 5032 mea
3027 4978 3303 5047 iudicatur
3352 4978 3419 5031 ab

171 5062 246 5124 τί,
271 5067 460 5138 φησιν,
485 5068 526 5135 ὴ
558 5067 865 5136 ἐλευθερία
892 5085 1012 5138 μου
1067 5069 1328 5137 κρίνεται
1375 5071 1492 5124 ὑπὸ
1549 5068 1735 5136 ἄλλης

1845 5078 2020 5132 aliena
2052 5077 2372 5131 conscientia
2389 5074 2436 5106 ⁸⁸
2455 5073 2479 5128 ‘2

172 5157 584 5224 συνειδήσεως
603 5174 621 5221 ,°

234 5249 354 5305 ΣΕΡ.
397 5280 466 5290 -
495 5251 731 5318 Κασσιᾳ
757 5251 867 5324 (99)
914 5252 1416 5322 κανδιδαστίσσῃ.
1448 5251 1654 5326 [rorat]

2189 5255 2418 5312 CCV.—-
2442 5254 2644 5310 Cassia
2667 5253 3066 5311 candidatis”.

175 5335 538 5407 lnterrogatum
568 5356 624 5394 se
659 5345 718 5393 ab
749 5356 825 5405 ea,
858 5345 1199 5409 superioribus
1234 5344 1419 5395 litteris
1437 5347 1845 5459 respongtssedid
1877 5349 2010 5413 quod
2031 5362 2203 5416 verum
2235 5354 2290 5398 et
2321 5359 2518 5411 equum
2557 5344 2768 5409 putavit,
2811 5357 2905 5394 nec
2941 5357 3087 5406 posse
3113 5359 3143 5396 ι
3174 5340 3425 5392 sententia

1661 5424 1762 5459 isce
1802 5425 1910 5459 ere.

1661 5424 1910 5464 ιεεεαεῐε.

239 5483 449 5558 Χρονία
481 5487 515 5556 ή
541 5488 797 5560 ὲπιστολὴ
833 5488 935 5560 τῆς
976 5488 1287 5560 τιμιότητός
1315 5505 1430 5556 σου,
1477 5490 1572 5544 καὶ
1597 5490 1740 5562 αὕτη

236 5599 280 5633 ’³
303 5600 411 5658 Job
450 5615 502 5668 ν,
549 5601 604 5657 9.
679 5604 724 5636 τ’
755 5602 913 5661 Prov.
953 5620 1083 5671 xxx,
1132 5604 1217 5660 10.
1292 5604 1391 5661 "l
1431 5603 1558 5661 Cor.
1588 5605 1758 5671 x,29.

1917 5493 2133 5552 Prolixa
2168 5493 2401 5566 epistola
2465 5490 2901 5551 honorificentia:
2934 5500 3063 5557 tua,
3121 5487 3424 5557 eademque

1682 5713 1904 5775 NOTAE.

257 5786 368 5857 (99)
406 5784 463 5842 In
497 5787 614 5843 cod.
645 5784 778 5859 Reg.
807 5793 908 5858 on'.
