3976 6322
581 368 717 440 169.3

1766 370 1826 429 s.
1851 332 2242 429 'l‘IIEODOIiI
2283 366 2630 428 STUDIT/E

3691 372 3836 436 1624

572 484 1023 557 expostulatoria;
1052 493 1105 541 et
1123 499 1193 540 nu
1204 500 1270 540 nc
1291 482 1549 540 humilius
1564 496 1620 537 se
1641 480 1977 551 deprimens,
2003 493 2141 532 nunc

2250 477 2549 549 ὲγκλητική
2576 495 2591 509 ·
2625 478 2721 531 καὶ
2780 478 2855 548 πῆ
2920 477 3022 548 μὲν
3060 476 3574 551 ὑποταπεινουμένη
3600 496 3616 510 ·
3654 481 3737 551 πῆ
3780 482 3836 534 δὲ

574 576 864 647 insurgens
891 577 1152 632 adversus
1209 579 1521 630 tenuitatem
1552 584 1840 637 nostram;
1888 582 2142 640 tanquam

574 681 777 723 temere
798 678 852 722 ct
880 667 1286 723 inconsiderate
1318 678 1506 724 contra
1533 676 1584 720 te
1607 665 1910 720 calumnias
1949 663 2146 717 admit-

573 771 786 825 tamus;
810 761 974 815 sedet
1012 776 1174 816 voces
1216 776 1337 830 qua:
1365 760 1485 813 sine
1512 758 1719 829 judicio
1740 758 2094 827 proferuntur
2128 773 2141 809 :

572 854 733 924 idque
787 853 841 907 in
893 855 1057 909 rebus
1122 852 1345 908 maximi
1385 852 1665 907 momenti.
1695 848 1805 906 Nos
1829 865 1959 903 vero
2019 863 2141 902 cum

572 943 708 998 tales
734 945 1029 999 amandare
1064 943 1338 999 soleamus
1385 950 1499 996 tum
1533 942 1662 997 illud
1709 941 2098 996 denuntiamus
2126 978 2141 1001 ,

570 1050 691 1104 quae
719 1035 883 1103 vulgo
924 1036 1234 1104 iactantur,
1289 1034 1370 1090 sic
1414 1047 1515 1088 nos
1570 1033 1757 1088 audire
1798 1048 1895 1087 ceu
1940 1031 2143 1085 ludicra

570 1124 815 1193 quaedam
837 1141 851 1188 ;
874 1125 954 1180 sic
988 1137 1086 1179 nos
1113 1124 1278 1192 loqui,
1310 1137 1416 1177 non
1446 1121 1833 1177 uthominibus
1847 1122 2140 1191 placentes,

571 1215 665 1270 sed
697 1214 807 1268 Deo
836 1215 928 1285 qui
968 1215 1160 1284 probat
1187 1214 1349 1268 corda
1388 1222 1615 1269 nostra:
1672 1213 1888 1268 tametsi
1938 1211 2142 1278 alioqui

570 1317 880 1379 peccatores
918 1323 1132 1371 sumus,
1173 1305 1309 1360 Nam
1364 1306 1411 1362 si
1460 1303 1681 1361 Balaam
1730 1320 1905 1372 augur
1948 1302 2142 1357 adduci

569 1416 677 1454 non
704 1400 899 1471 potuit,
930 1410 989 1453 ttt
1016 1408 1208 1470 praeter
1240 1399 1333 1453 Dei
1390 1400 1726 1454 voluntatem
1780 1396 1943 1450 Balac
2006 1396 2143 1448 allo-

574 1491 864 1563 phylorum
889 1492 1003 1562 regi
1031 1492 1385 1560 responderet
1422 1507 1437 1556 ;
1472 1490 1565 1560 qui
1589 1489 1705 1544 fieri
1759 1496 1925 1558 queat
1952 1497 2010 1541 ut
2040 1499 2142 1540 nos

568 1601 623 1639 ιιι
649 1584 937 1639 sacerdotii
968 1583 1144 1652 gradu
1170 1582 1477 1648 constituti,
1540 1583 1915 1652 rationemque
1967 1582 2021 1635 in
2051 1581 2143 1637 die

563 1676 754 1746 judicii
779 1691 969 1730 eorum
994 1676 1311 1747 interrogati
1366 1676 1809 1746 responderimus
1835 1673 2090 1729 reddituri
2122 1712 2137 1739 ,

568 1769 770 1840 aliquid
818 1778 1173 1840 praeterquam
1194 1773 1349 1824 decet
1378 1768 1767 1841 proferamus?

641 1946 733 2004 Sic
762 1947 931 2019 igitur
953 1946 1022 2002 ad
1054 1947 1385 2016 interrogata
1418 1945 1819 2016 respondimus.
1878 1958 1984 1998 non
2034 1942 2138 2013 ipsi

569 2054 665 2111 per
702 2054 803 2096 nos
826 2049 887 2094 ut
915 2039 1020 2094 ltoc
1042 2040 1126 2094 vel
1148 2039 1278 2093 illud
1302 2040 1454 2093 ﬂeret
1482 2039 1831 2107 imperantes,
1857 2035 1998 2090 sicut
2023 2035 2140 2103 ipsa

569 2136 750 2188 dicere
776 2148 883 2188 non
916 2131 1194 2187 dubitaSti.
1224 2129 1363 2197 Quid
1408 2130 1552 2183 enim
1594 2129 1714 2183 vis?
1749 2142 1816 2182 an
1850 2135 1910 2179 ut
1940 2125 2141 2194 cuique

568 2226 785 2296 placet,
828 2234 1195 2279 mercatorum
1258 2237 1441 2288 more,
1493 2236 1594 2276 nos
1642 2219 2012 2289 respondere?
2054 2218 2135 2270 An

569 2316 751 2387 potius
775 2315 1061 2370 veritatem
1110 2323 1169 2369 ut
1211 2328 1269 2369 se
1309 2315 1467 2368 habet
1514 2312 1789 2382 profiteri?
1840 2310 1920 2366 Ne
1976 2309 2141 2380 igitur

570 2408 871 2475 plectamur
903 2421 1007 2461 nos
1036 2405 1272 2460 humiles
1311 2403 1708 2473 intempestive,
1764 2412 1821 2457 ιιι
1867 2418 1895 2456 a
1945 2404 2135 2472 tcipsa,

569 2507 665 2552 aut
697 2514 728 2553 a
756 2497 978 2551 domina
1008 2511 1217 2559 sorore,
1265 2506 1359 2550 aut
1404 2497 1472 2549 ab
1501 2495 1630 2560 alio,
1672 2496 1759 2550 cui
1791 2496 2141 2562 proscindere

570 2604 633 2645 ac
669 2589 959 2643 traducere
986 2603 1085 2642 nos
1124 2588 1304 2642 liceat.
1338 2586 1489 2642 Scito
1515 2599 1696 2640 autem
1738 2601 1838 2640 nos
1871 2602 2001 2656 erga
2058 2588 2141 2639 di-

570 2697 735 2751 gnum
767 2691 968 2735 aeterna
999 2680 1259 2734 memoria
1287 2678 1597 2748 Strategum
1625 2678 1805 2731 alieno
1824 2677 2007 2732 animo
2031 2692 2138 2731 non

569 2789 717 2838 esse,
771 2774 902 2841 quin
943 2781 999 2827 et
1038 2772 1194 2825 valde
1237 2771 1536 2835 benevolo;
1595 2770 2049 2839 quemadmodum
2087 2779 2141 2823 ct

570 2879 698 2933 erga
739 2863 911 2932 ipsius
938 2877 1156 2932 quoque
1183 2861 1490 2932 conjugetn.
1516 2859 1769 2915 Dolenius
1808 2875 1939 2914 sane
1967 2874 2029 2914 ac
2058 2860 2141 2912 vi-

571 2953 756 3008 cissim
798 2953 923 3021 jure
967 2951 1401 3021 expostulamus,
1458 2949 1604 3019 quod
1654 2964 1751 3003 vos
1811 2958 1865 3004 et
1911 2950 2137 3003 scientia

574 3051 913 3114 prazstantes,
944 3052 998 3096 et
1028 3042 1341 3112 religionem
1373 3041 1656 3108 amplexae,
1690 3054 1796 3092 non
1839 3053 1963 3093 vera
2004 3040 2137 3092 cha-

574 3136 733 3189 ritate
764 3134 916 3189 illum
948 3132 1000 3187 in
1028 3133 1135 3187 fine
1163 3141 1467 3201 prosecutae
1490 3131 1631 3185 sitis.
1664 3129 1965 3198 Oportebat
1992 3132 2136 3186 enim
2166 3163 2207 3221 ο

573 3238 696 3283 ante
717 3228 899 3282 omnia
938 3226 989 3280 ei
1024 3240 1187 3295 super
1207 3223 1423 3288 omnia,
1471 3223 1525 3277 id
1584 3223 1729 3291 quod
1777 3223 1896 3290 ejus
1943 3224 2139 3278 animae

574 3321 772 3376 salutis
792 3328 931 3382 erat,
966 3328 1026 3372 ut
1049 3326 1516 3373 sacramentorum
1540 3316 1811 3384 particeps
1836 3315 1989 3371 fieret
2007 3331 2138 3371 con-

574 3411 818 3477 tendere,
848 3420 1043 3466 caetera
1063 3409 1246 3464 omnia
1270 3418 1329 3462 ut
1349 3418 1590 3463 stercora
1618 3408 1955 3470 existimare,
1979 3411 2139 3461 modo

574 3503 627 3558 itt
661 3502 966 3557 orthodoxa
1000 3501 1390 3556 communione
1440 3498 1811 3565 inveniretur;
1842 3500 1969 3568 quia
2001 3498 2139 3552 scri-

572 3606 723 3667 ptum
758 3607 841 3650 est
870 3594 1007 3649 :Ubi
1039 3604 1085 3648 te
1121 3595 1385 3657 invenero,
1421 3592 1494 3645 ibi
1548 3603 1596 3646 te
1632 3591 1977 3661 judicabo“.
2026 3588 2139 3643 Nos

573 3688 791 3758 quidem
832 3687 921 3741 hic
945 3686 1211 3742 sentimus
1234 3694 1291 3738 et
1338 3683 1591 3738 dicimus.
1626 3682 1781 3748 Quod
1821 3681 1867 3736 si
1906 3681 1998 3735 alii
2041 3679 2141 3733 ali-

575 3792 675 3846 ter,
707 3778 939 3848 propria:
975 3776 1079 3846 ipsi
1100 3775 1252 3830 vocis
1279 3783 1407 3830 sunt
1440 3774 1643 3829 domini
1673 3788 1687 3824 :
1718 3782 1770 3827 et
1811 3788 1913 3828 nos
1952 3773 2139 3842 utique

576 3871 863 3925 sileamus.
898 3867 1149 3937 Cognovit
1184 3864 1439 3919 Dominus
1476 3864 1565 3935 qui
1592 3872 1713 3917 sunt
1733 3862 1880 3932 ejus;
1905 3871 1954 3917 et
1984 3863 2147 3916 disce-

572 3964 665 4015 dat
716 3960 780 4014 ab
818 3960 1097 4028 iniquitate
1156 3958 1325 4010 omnis
1372 3959 1462 4024 qui
1519 3956 1759 4009 nominat
1810 3971 1999 4009 nomen
2033 3953 2143 4008 Do-

572 4052 705 4105 mini
734 4053 805 4117 “,
837 4050 980 4105 sicut
1012 4048 1273 4117 scriptum
1298 4057 1401 4100 est.

940 4156 1118 4214 CCVI.
1153 4186 1223 4197 —
1253 4157 1500 4226 llypacoe
1526 4156 1767 4211 moniali.

2252 570 2757 641 κατεξανισταμένη
2775 570 2875 641 τῆς
2918 571 3270 641 οὐθενότητος
3294 572 3454 643 ἡμῶν
3479 589 3495 604 ·
3518 574 3600 636 ὡς
3643 575 3836 635 ἀτελῶς

2250 660 2343 711 καὶ
2381 661 2753 726 ἀνεξετάστως
2786 663 3158 732 προσιεμένων
3188 666 3289 726 τὰς
3324 665 3463 719 κατά
3492 664 3590 718 σοῦ
3644 666 3835 719 διαϐο-

2247 748 2346 813 λάς
2367 767 2382 782 ’
2425 752 2484 804 οὐ
2519 752 2625 823 μὴν
2656 754 2792 808 ἀλλά
2816 756 2912 808 καὶ
2938 756 3178 827 ἀκρίτως
3216 757 3564 826 ἐκφερόντων
3618 761 3831 827 φωνάς,

2248 843 2345 894 καὶ
2377 843 2579 908 ταύτας
2616 847 2674 899 ὲν
2712 849 2823 906 τοῖς
2870 847 3105 917 μάλιστα
3141 849 3483 917 ἀναγκαίοις.
3528 850 3734 920 Ἡμεῖς
3780 852 3832 904 δὲ

2245 933 2361 996 τοῖς
2388 935 2656 999 τοιούτοις
2704 937 3121 1002 κατεθισθὲντες
3160 940 3374 1011 χαίρειν
3405 940 3617 1007 λέγειν,
3656 945 3836 994 ἐκεῖ-μισ

2245 1024 2535 1095 δηλοῦμεν,
2565 1027 2647 1079 ὅτι
2698 1027 2872 1093 οὓτως
2916 1029 3186 1100 ἀκούομεν
3230 1031 3301 1084 τά
3343 1031 3736 1103 θρυλλούμενα
3758 1034 3833 1097 ὡς

2247 1117 2467 1181 παιδίας
2498 1118 2650 1182 τινάς
2670 1134 2685 1149 ·
2714 1122 2807 1173 καὶ
2829 1119 3003 1184 οὕτως
3038 1120 3308 1191 λαλοῦμεν
3342 1123 3441 1193 οὐχ
3486 1124 3563 1187 ὡς
3614 1125 3832 1193 ἀνθρώ-

2247 1225 2369 1271 ποις
2401 1209 2746 1279 ἀρέσκοντες,
2780 1211 2919 1265 ἀλλά
2947 1212 3023 1283 τῷ
3049 1212 3167 1282 Θεῷ
3195 1213 3273 1284 τῷ
3320 1213 3680 1282 δοκιμάζοντι
3733 1218 3832 1277 τὰς

2245 1300 2471 1368 καρδίας
2499 1302 2658 1371 ἡμῶν
2675 1318 2690 1333 ⁸
2716 1306 2765 1356 εἰ
2793 1305 2887 1357 καὶ
2912 1305 3088 1368 άλλως
3111 1307 3426 1376 ἁμαρτωλοί⁵
3448 1324 3542 1376 τιη
3557 1309 3829 1378 χάνομλν.

2245 1394 2308 1446 Ei
2333 1394 2440 1465 γάρ
2473 1396 2705 1467 Βαλαὰμ
2731 1399 2761 1451 ὁ
2785 1399 3147 1463 οίωνοσκόπος
3168 1400 3226 1452 ού
3274 1401 3427 1471 παρά
3472 1402 3533 1453 τὸ
3570 1401 3831 1471 βούλημα

2244 1482 2340 1534 τοῦ
2373 1482 2509 1536 Θεοῦ
2532 1485 2795 1555 ἡνέσχετο
2848 1488 3211 1558 ἀποκριθῆναι
3256 1490 3334 1559 τῷ
3366 1491 3559 1543 Βαλὰκ
3614 1479 3833 1559 {simiai

2244 1573 2352 1627 τῶν
2374 1573 2693 1644 ἀλλοφύλων
2718 1593 2732 1608 ο
2766 1578 2884 1642 πῶς
2906 1579 3067 1648 ἡμεῖς
3092 1580 3142 1632 oi
3167 1582 3226 1634 ὲν
3268 1580 3462 1651 βαθμῷ
3516 1583 3830 1651 ἱερωσύνης

2244 1663 2511 1734 κείμενοι,
2562 1667 2657 1719 καὶ
2706 1666 2861 1736 λόγον
2926 1670 3215 1739 ὑφέξοντες
3262 1675 3319 1724 ὲν
3370 1674 3560 1744 ἡμέρᾳ
3586 1673 3830 1745 κρίσεως

2245 1754 2363 1807 ἀνθ’
2391 1748 2469 1809 ὧν
2502 1759 2852 1829 ἐρωτώμενοι
2896 1763 3344 1834 ἀποκρινούμεθα
3375 1764 3611 1820 δυνατὸν
3640 1784 3827 1836 παρα-

2171 1831 2211 1885 B
2239 1851 2629 1918 τετραμμένως
2661 1852 2999 1921 φθέγγεσθαι
3025 1831 3120 1909 τοῦ
3144 1831 3353 1919 δέοντος
3375 1874 3391 1925 ;

2313 1938 2499 2001 Οὕτως
2524 1936 2618 1995 οὖν
2672 1944 3055 2017 ἀπεκρίθημεν
3110 1951 3225 2010 τοῖς
3266 1950 3653 2020 ὲρωτὴσασιν·
3726 1952 3824 2005 οὒκ

2241 2030 2396 2083 αὐτοὶ
2444 2032 2537 2099 ἀφ’
2574 2033 2787 2089 ἑαυτῶν
2817 2038 3233 2108 ἐπιτετροφότες
3268 2039 3426 2093 τοῦτο
3466 2043 3698 2095 κάκεῖνο
3728 2060 3821 2110 γε-

2239 2121 2447 2184 νέσθαι,
2478 2123 2553 2185 ώς
2603 2124 2742 2193 αὐτὴ
2792 2126 3075 2197 προήχθης
3105 2129 3297 2182 εἰπεῖν.
3352 2130 3460 2182 Καὶ
3495 2132 3549 2183 τί
3597 2131 3819 2200 ﬁatﬁat;

2241 2214 2378 2282 πρὸς
2408 2214 2467 2267 τὸ
2486 2216 2721 2283 ἀρέσκον
2743 2219 2961 2291 ἑκάστῳ
2996 2221 3311 2291 ὲμπορικῶς
3338 2224 3489 2293 ἡμᾶς
3518 2225 3822 2295 ἀποκρίνε-

2244 2303 2395 2371 σθαι;
2426 2306 2456 2375 ἢ
2488 2306 2917 2376 ὀρθοτομοῦντας
2961 2312 3052 2365 τὸν
3080 2314 3234 2383 λόγον
3268 2315 3366 2383 τῆς
3391 2315 3696 2384 ἀληθείαςς
3732 2320 3824 2391 Μὴ

2240 2398 2418 2450 τοίνυν
2445 2400 2581 2468 μήτε
2616 2401 2753 2471 αὑτὴ
2784 2403 3022 2470 πλήττου
3062 2406 3144 2468 είς
3168 2407 3315 2476 ἡμᾶς
3354 2406 3484 2468 τοὺς
3522 2413 3819 2473 ταπεινοὺς

2240 2490 2501 2561 ἀκαίρως,
2533 2493 2669 2561 μήτε
2702 2494 2733 2562 ἡ
2771 2495 2985 2564 κυρίαὴ
3017 2496 3239 2567 ἀδελφὴ,
3273 2497 3403 2566 μήτ’
3428 2496 3595 2561 ἄλλος
3627 2502 3657 2551 ό
3682 2518 3819 2569 πρεμ-

2240 2581 2559 2649 αιρούμενος
2600 2582 2875 2638 σκώπτειν
2896 2587 2987 2639 καὶ
3016 2587 3293 2658 διασύρειν
3316 2590 3487 2657 ἡμᾶς.
3542 2591 3714 2644 Ἀλλά
3748 2595 3821 2659 γε·

2240 2689 2415 2724 νωσκε
2445 2676 2526 2726 ὅτι
2550 2676 2643 2726 καὶ
2677 2675 2766 2727 τὸν
2792 2676 3121 2748 ἀείμνηστον
3136 2679 3447 2749 Στρατηγὸν
3477 2681 3583 2733 οὐκ
3614 2682 3818 2752 ἐχθρω-

2239 2764 2341 2827 δῶς
2379 2764 2595 2835 ἔχομεν,
2630 2767 2765 2822 ἀλλά
2800 2771 2894 2823 καὶ
2944 2771 3087 2840 μάλα
3144 2772 3461 2835 ἀσπασίως·
3498 2772 3693 2845 ὥσπερ
3730 2776 3820 2827 καὶ

2238 2853 2337 2923 τὴν
2373 2855 2619 2925 ὁμόζυγα
2667 2860 2856 2915 αὑτοῦ.
2910 2861 3239 2933 Λυπούμεθα
3288 2863 3346 2916 δὲ
3377 2866 3471 2917 καὶ
3501 2868 3819 2934 ἀνατεγκα-

2238 2944 2436 3016 λοῦμεν
2451 2949 2677 3014 εἰκότως
2694 2966 2709 2981 ·
2736 2951 2817 3004 ὅτι
2844 2952 3001 3023 ὑμεῖς
3022 2956 3077 3007 αῖ
3096 2955 3189 3008 καὶ
3207 2954 3406 3023 γνώσει
3430 2956 3814 3027 διαφέρουσαι,

2238 3040 2333 3091 καὶ
2369 3040 2649 3105 εὐλαϐείας
2700 3042 3142 3115 ἀντιποιούμεναι
3196 3046 3295 3100 οὐκ
3345 3046 3577 3117 ἀληθινῇ
3628 3051 3817 3120 ἀγάπη

2240 3130 2442 3200 ἤχθητε
2476 3134 2533 3183 ἐν
2565 3133 2709 3186 τέλει
2735 3134 2873 3206 πρὸς
2899 3137 3083 3191 αὐτόν.
3148 3136 3300 3191 Ἐπεὶ
3323 3137 3432 3191 ἔδει
3460 3138 3569 3207 πρὸ
3601 3141 3820 3193 πάντων

2242 3223 2336 3275 καὶ
2359 3222 2499 3293 ὑπὲρ
2518 3224 2713 3290 πάντα,
2740 3227 2799 3279 τὸ
2830 3229 3169 3299 σωτηριῶδες
3203 3230 3300 3299 τῆς
3318 3230 3499 3301 ψυχῆς
3525 3233 3721 3296 αὑτοῦ,
3743 3235 3819 3294 είς

2242 3312 2303 3365 τὸ
2352 3316 2643 3384 μετασχεῖν
2696 3316 2806 3367 τῶν
2849 3318 3224 3388 ἀγιασμάτων,
3273 3320 3651 3387 ἀγωνίσασθαι
3680 3338 3697 3352 ·
3756 3324 3820 3376 τὰ

2242 3403 2377 3457 ἄλλα
2411 3405 2590 3458 πάντα
2624 3406 2868 3460 σκύσα).α
2902 3409 3202 3477 ἡγούμεναι
3222 3426 3237 3440 ⁸
3269 3409 3399 3463 ὥστ’
3424 3411 3493 3464 ἂν
3516 3414 3722 3486 εὑρεθῇ
3764 3417 3820 3467 ὲν

2243 3497 2310 3564 τῇ
2338 3494 2604 3565 ὀρθοδόξῳ
2626 3498 2883 3568 κοινωνία
2902 3514 2917 3529 ο
2940 3498 3126 3570 ἐπειδὴ
3158 3500 3489 3570 γέγραπται*
3525 3504 3726 3559 Ὅπου
3748 3505 3823 3558 ἂν

2241 3588 2390 3654 εὕρω
2418 3602 2511 3654 σε,
2545 3589 2667 3643 ἐκεῖ
2688 3604 2762 3643 σε
2795 3591 2998 3659 κρινῶ.
3045 3593 3231 3663 Ἡμεῖς
3255 3594 3357 3661 μὲν
3384 3593 3563 3657 οὕτως
3590 3598 3821 3665 φρονοῦ-

2248 3697 2345 3749 μεν
2375 3682 2469 3733 καὶ
2496 3681 2746 3752 λέγομεν.
2776 3683 2836 3736 Ei
2875 3684 2932 3737 δὲ
2978 3684 3174 3747 ἄλλως,
3206 3686 3363 3739 αὐτοὶ
3393 3686 3580 3757 κύριοι
3600 3689 3701 3756 τῆς
3742 3691 3817 3741 oi-

2243 3771 2395 3831 κείας
2421 3772 2605 3842 φωνῆς
2626 3788 2638 3800 ·
2670 3774 2763 3825 καὶ
2783 3776 2947 3843 ἡμεῖς
2982 3792 3046 3843 γε
3070 3776 3384 3845 σιωπῶμεν.
3427 3774 3570 3832 Οἵδε
3603 3780 3820 3847 Κύριος

2242 3863 2386 3929 τοὺς
2418 3864 2598 3928 ὄντας
2625 3864 2851 3918 αὑτοῦ*
2900 3865 2999 3919 καὶ
3054 3866 3372 3932 (incernito)
3414 3867 3537 3921 ἀπὸ
3582 3868 3818 3935 ἀδικίας

2242 3954 2362 4021 πᾶς
2392 3959 2424 4009 ό
2449 3955 2747 4025 ὀνομάζων
2790 3956 2856 4010 τὸ
2899 3956 3088 4026 ὄνομα
3122 3957 3341 4025 Κυρίου
3368 3974 3382 3988 ·
3436 3959 3590 4012 καθά
3609 3962 3817 4032 γεγρα·

2244 4064 2393 4101 πται.

2407 4162 2517 4229 Σςν
2539 4162 2634 4232 (ι),
2665 4189 2733 4199 —
2767 4159 3025 4230 Ύπακοῆ
3055 4158 3414 4231 μοναζούσῃ.
3449 4157 3656 4234 [ωκγ’.]

1628 4268 1817 4320 Rursus
1848 4283 1957 4319 eam
1997 4271 2061 4321 dc
2101 4271 2267 4324 fratris
2296 4272 2432 4322 obitu
2458 4277 2755 4333 consolatur.

646 4384 748 4452 Qui
788 4381 1154 4437 monasticam
1176 4379 1343 4434 vitam
1383 4388 1511 4434 sunt
1534 4379 1792 4449 amplexi,
1823 4395 1886 4435 ac
1935 4380 2141 4435 mundo

2312 4382 2374 4434 Οί
2404 4382 2495 4433 τὸν
2527 4384 2736 4453 μονήρη
2769 4382 2884 4452 βίον
2914 4383 3336 4453 ἐπανῃρημένοι,
3377 4385 3475 4437 καὶ
3512 4388 3593 4457 τῷ
3624 4391 3812 4461 κόσμῳ

574 4478 801 4548 proinde
838 4473 1059 4540 mortui,
1104 4473 1255 4527 velut
1299 4472 1609 4526 carnalibus
1659 4472 1938 4526 affectibus
1995 4473 2137 4527 casi—

576 4572 787 4638 busque
815 4566 1127 4636 superiores
1151 4565 1263 4635 jam
1299 4565 1445 4628 facti,
1486 4565 1540 4618 in
1583 4565 2011 4634 propinquorum
2046 4579 2139 4619 ca-

575 4659 911 4715 lamitatibus
931 4672 1053 4727 quae
1090 4656 1363 4720 accidunt,
1397 4654 1572 4724 frangi
1600 4656 1786 4710 animo
1814 4670 1921 4710 non
1942 4656 2136 4718 solent,

574 4770 675 4809 nec
709 4755 763 4808 in
801 4753 1021 4806 illorum
1058 4750 1342 4805 funeribus
1390 4749 1594 4803 dolere.
1633 4747 1736 4804 Sed
1767 4750 2026 4819 quoniam
2058 4751 2141 4804 in-

572 4848 825 4901 venimus
860 4844 1006 4913 ipsos
1039 4856 1259 4912 quoque
1286 4850 1506 4896 sanctos
1530 4842 1585 4893 in
1607 4839 2136 4909 consanguineorum

573 4938 762 4992 dolore
814 4941 1120 4989 commotos
1172 4932 1362 4997 fuisse,
1400 4932 1748 5000 calentesque
1786 4930 2051 5000 lacrymas
2084 4931 2136 4984 itt

575 5044 767 5083 eorum
826 5040 1054 5081 excessu
1115 5024 1355 5088 fudisse;
1407 5038 1514 5077 non
1568 5022 1807 5076 alienum
1864 5021 2135 5085 ducimus,

578 5122 718 5176 idem
757 5121 932 5189 ipsum
984 5116 1142 5171 nobis
1176 5114 1490 5185 contigisse,
1519 5130 1583 5169 ac
1628 5114 1919 5183 praesertim
1952 5111 2139 5167 fratris

576 5226 778 5273 causa,
843 5210 1136 5278 fratrisque
1195 5207 1482 5277 prudentia
1541 5215 1595 5259 et
1658 5206 2142 5274 circumspectione

578 5301 1032 5375 praestantissimi,
1088 5312 1144 5355 et
1196 5300 1288 5368 qui
1354 5299 1501 5354 velut
1570 5297 1737 5368 patris
1777 5298 1899 5352 loco
1944 5307 2141 5352 nostra:

579 5415 707 5468 erga
763 5413 860 5452 vos
898 5394 1284 5451 sollicitudinis
1326 5394 1475 5448 vices
1551 5392 1875 5448 sustinebat.
1948 5391 2141 5446 Gravis

582 5505 806 5557 prorsus
839 5489 992 5542 dolor
1015 5526 1029 5551 ,
1068 5500 1223 5539 soror
1261 5485 1315 5537 in
1354 5483 1583 5539 Domino
1608 5523 1623 5549 ,
1672 5484 1828 5552 cujus
1859 5484 2011 5553 plaga
2047 5496 2142 5537 cor

653 5604 697 5637 ⁸³
732 5603 863 5658 Vide
894 5616 1056 5671 supra
1082 5600 1190 5655 col.
1234 5597 1390 5656 1598.
1418 5599 1461 5632 ⁸⁸
1496 5598 1534 5653 ll
1562 5598 1704 5654 Tim.
1732 5613 1791 5664 tt,
1833 5598 1918 5652 19.

2242 4470 2487 4525 ἐντεῦθεν
2519 4474 2944 4543 ἐσταυρωμένοι,
2974 4473 3048 4537 ώς
3079 4474 3175 4546 ήδη
3236 4475 3503 4547 ἀνώτεροι
3528 4482 3811 4551 γενόμενοι

2240 4562 2350 4615 τῶν
2373 4562 2646 4631 σαρκικῶν
2672 4565 2910 4634 σχέσεων
2953 4567 3046 4619 καὶ
3073 4567 3413 4636 συμϐάσεων,
3441 4570 3506 4621 ού
3531 4573 3807 4640 πεφύκασι

2244 4654 2701 4723 κατακάμπεσθαι
2737 4657 2793 4708 ὲν
2835 4660 2957 4721 ταῖς
2986 4658 3347 4727 συμϐατικαῖς
3387 4662 3501 4713 τῶν
3530 4666 3807 4731 συγγενῶν

2244 4747 2649 4816 περιστάσεσιν,
2692 4749 2812 4802 οὐδὲ
2839 4750 3127 4803 λυπεῖσθαι
3182 4752 3240 4805 ὲν
3272 4755 3393 4816 ταῖς
3427 4757 3640 4810 τούτων
3677 4759 3809 4810 ἀπο-

2240 4837 2523 4893 ϐιώσεσιν.
2567 4839 2705 4892 Ἀλλ’
2739 4842 2924 4913 ἐπειδὴ
2954 4842 3283 4911 εὑρίσκομεν
3304 4885 3318 4906 ,
3352 4850 3447 4898 καὶ
3504 4849 3595 4900 ἐπ’
3630 4851 3806 4904 αὐτῶν

2236 4929 2345 4980 τῶν
2366 4929 2537 4997 ἁγίων
2558 4929 2874 4999 κεκάμφθαι
2897 4933 2953 4985 ἐν
2979 4932 3054 5000 τῷ
3071 4931 3178 4983 τῶν
3202 4936 3484 5003 συναίμων
3513 4940 3703 5001 πάθει,
3721 4943 3809 4994 καὶ

2239 5020 2472 5090 δάκρυον
2500 5021 2826 5087 ἀποστάζειν
2855 5023 3054 5094 θερμὸν
3079 5027 3135 5077 ὲν
3161 5028 3282 5089 ταῖς
3313 5027 3522 5081 τούτων
3558 5024 3809 5084 ἀποδιώ-

2244 5129 2393 5165 σεσιν
2412 5129 2427 5144 ⁸
2454 5113 2514 5166 οὐ
2554 5113 2705 5177 ξένον
2748 5131 2802 5166 τι
2843 5116 3097 5186 κρίνομεν
3122 5118 3218 5170 καὶ
3256 5119 3415 5188 ἡμεῖς
3448 5122 3519 5173 τά
3548 5123 3694 5175 αὺτά
3721 5141 3808 5176 πε-

2241 5204 2516 5271 πονθέναι,
2541 5207 2635 5258 καὶ
2664 5205 2901 5274 μάλιστα
2925 5208 3016 5260 ἐπὶ
3048 5207 3280 5278 ἀδελφῷ,
3308 5212 3405 5264 καὶ
3438 5212 3658 5284 ἀδελφῷ
3677 5216 3809 5268 κατὰ

2242 5314 2301 5349 τε
2334 5299 2592 5369 φρόνησιν
2623 5299 2719 5353 καὶ
2739 5300 3094 5371 περιφάνειαν
3125 5301 3437 5374 καλλίστῳ,
3478 5306 3578 5359 καὶ
3611 5301 3724 5360 οἷον
3757 5310 3807 5360 ἐν

2241 5384 2395 5451 τάξει
2428 5389 2633 5459 πατρὸς
2666 5390 2913 5461 ἐπέχοντι
2961 5391 3059 5459 τῆς
3096 5391 3218 5445 καθ’
3244 5393 3389 5463 ὑμᾶς
3414 5397 3698 5467 φροντίδος
3725 5398 3806 5450 τὸν

2243 5476 2417 5547 λόγον.
2452 5481 2631 5534 Δεινξιν
2660 5480 2827 5546 ὅντως
2884 5483 2946 5536 τὸ
2980 5482 3170 5551 πάθος,
3206 5484 3413 5559 ἀδελφὴ
3470 5490 3531 5542 ὲν
3595 5488 3803 5561 Κυρίῳ.

2086 5686 2315 5743 NOTAE.

650 5788 728 5860 (Ι)
766 5789 823 5843 ln
847 5786 969 5842 cod.
996 5786 1129 5857 Reg.
1155 5783 1251 5839 σθ’,
