3976 6322
165 390 310 455 1625

1351 381 1889 442 EPISTULARUM
1943 378 2088 440 LIB.
2141 381 2221 443 ll.

3267 380 3403 442 1696

158 498 260 550 καὶ
291 497 471 567 ἥψατο
525 491 678 564 ὑμῶν
713 492 808 563 τῆς
871 490 1099 559 καρδίας
1149 490 1183 560 ὴ
1244 490 1432 560 πληγὴ
1478 489 1734 559 καθάπερ

1854 500 2097 554 vestrum,
2137 486 2295 558 quasi
2336 485 2516 557 gladio
2557 485 2804 553 feriente,
2834 486 3085 558 perculit.
3125 487 3267 555 Quid
3302 492 3406 545 hoc

159 587 270 640 ὑπὸ
319 583 597 657 μαχαίρας
646 581 973 653 τεμνούσης.
1013 581 1078 632 Τί
1107 579 1299 644 τοῦτο;
1365 578 1733 632 ἐκκαλυπτέον

158 681 273 746 γὰρ
321 677 384 728 τὸ
427 674 737 746 πρόσωπον.
783 671 841 724 Ὀ
887 669 1075 738 κύριος
1105 671 1131 722 ό
1166 669 1411 736 ἀδελφὸς,
1444 668 1519 731 ὼς
1579 666 1734 734 φασὶ,

159 768 516 837 κεκοίμηται.
551 765 743 834 ᾯχετο
772 761 909 832 ἀνὴρ
948 760 1168 828 ἀγαθὸς,
1213 759 1444 829 ἐσϐέσθη
1474 761 1502 811 ὁ
1544 756 1737 826 ὀφθαλ-

160 859 264 927 μὸς
295 857 391 910 τοῦ
431 855 644 924 γένους,
671 853 888 923 άπέπτη
926 851 987 906 τδ
1018 850 1361 922 παραμύθιον
1413 849 1568 920 ὑμῶν
1591 864 1604 877 ·
1640 848 1737 920 ὀρ-

158 947 322 1020 φανοὶ
359 951 457 1020 μὲν
481 949 530 1002 0i
560 946 746 1009 παῖδες
784 944 878 1008 οὓς
909 945 1138 1016 ἧνεγκεν
1171 957 1186 971 ⁶
1250 942 1460 1014 ὀρφανὴ
1511 941 1572 995 δὲ
1637 941 1736 995 καὶ

157 1043 302 1112 αὑτὴ
327 1043 422 1095 σὺν
453 1043 571 1102 ταῖς
588 1040 862 1109 ἀδελφαῖς,
892 1039 994 1090 οὐκ
1027 1039 1225 1107 ἐχουσα
1253 1036 1358 1089 ποῦ
1380 1036 1602 1108 ἐρείσῃς
1635 1034 1736 1104 τὴν

160 1137 324 1206 χεῖρα
353 1133 706 1197 ὀκλάζουσαν,
737 1131 771 1202 ἦ
804 1128 907 1183 ποῦ
947 1129 1270 1198 άποϐλέψοις
1302 1127 1738 1199 περιστατουμέ-

162 1242 257 1292 νη.
308 1223 446 1276 Ἀλλ’
485 1223 570 1274 ἵνα
595 1224 647 1273 τί
675 1221 767 1273 ἐπὶ
792 1221 979 1274 πλεῖον
1027 1218 1493 1288 ἐλεεινολογοῦμεν
1521 1217 1583 1271 τὸ
1626 1217 1736 1268 πά-

162 1314 257 1375 θος
281 1331 296 1379 ;
323 1313 458 1382 πρὸς
481 1311 702 1381 θεοφιλῆ
733 1311 863 1379 ἡμῖν
889 1311 915 1363 ὁ
933 1309 1108 1376 λόγος,
1149 1307 1282 1379 πρὸς
1316 1307 1561 1379 συνετὴν,
1603 1307 1739 1375 πρὸς

161 1404 458 1474 ἐχέφρονα,
488 1401 624 1470 πρὸς
652 1399 1000 1468 πολύπειρον,
1035 1397 1170 1468 πρὸς
1210 1396 1462 1468 ἔμπλεων
1517 1397 1583 1465 τῇ
1619 1394 1740 1463 θείιτ⁴

159 1496 387 1563 γνώσει,
418 1492 724 1562 δυναμένην
753 1492 846 1545 καὶ
889 1489 1081 1552 ἄλλους
1110 1489 1470 1559 σωφρονίζειν
1508 1488 1584 1556 τῷ
1615 1485 1738 1539 καθ’

159 1585 367 1653 ἑαυτῆς
393 1582 768 1653 ὑποδείγματι.
808 1580 1041 1634 Ἔκϐαλε
1066 1583 1131 1634 ἐκ
1161 1583 1254 1634 τοῦ
1289 1580 1494 1649 ἀγαθοῦ
1531 1580 1737 1650 θησαυ-

163 1676 262 1749 ροῦ
303 1677 401 1746 τῆς
449 1675 677 1745 καρδίας
733 1691 828 1726 σου
858 1673 950 1726 τὸν
980 1673 1352 1744 πνευματικὸν
1381 1671 1630 1738 πλοῦτον,
1673 1673 1741 1726 τὰ

161 1771 436 1841 φάρμακα
464 1768 562 1836 τῆς
615 1765 985 1835 παραμυθίας,
1011 1765 1325 1836 ἐπαρκοῦσα
1361 1766 1532 1834 σαυτῇ
1555 1780 1614 1816 τε
1647 1764 1742 1817 καὶ

159 1832 589 1930 ταῖς-ἀδελφαῖς.
628 1832 815 1928 Ἰσμεν
844 1859 953 1930 γὰρ
999 1860 1082 1912 ὅτι
1125 1832 1397 1911 κάκείνων
1451 1832 1630 1928 Mauro
1678 1856 1736 1923 ἐξ
1773 1832 1815 1889 Β

163 1956 286 2007 ἴσου
319 1955 352 2022 ἡ
383 1952 526 2022 λύπη
549 1970 561 1982 ο
589 1952 710 2003 ἐπεὶ
741 1952 836 2002 καὶ
863 1953 960 2021 τῆς
992 1950 1188 2020 κυρίας
1225 1947 1536 2020 ἡγουμένης
1558 1965 1574 1980 ο
1605 1947 1741 2002 ἀλλὰ

163 2045 279 2113 γὰρ
311 2042 405 2095 καὶ
430 2043 550 2094 ὅλου
577 2041 668 2094 τοῦ
693 2040 906 2107 γένους,
939 2040 1234 2109 προσθείην
1264 2041 1309 2092 δ’
1349 2039 1414 2093 ἂν
1449 2039 1546 2092 καὶ
1574 2039 1740 2109 αὐτῆς

165 2136 270 2203 τῆς
317 2132 643 2201 συγκλήτου.
692 2132 786 2193 Τίς
810 2132 896 2184 ἐπ’
941 2129 1088 2199 αὐτῷ
1117 2129 1194 2199 μὴ
1221 2130 1589 2194 ἐπιστενάξειε
1615 2147 1631 2197 ;
1657 2147 1742 2192 τις

165 2228 226 2281 δὲ
258 2225 333 2296 μὴ
363 2225 666 2292 καταγάγοι
714 2224 954 2295 δάκρυα;
980 2215 1152 2293 οὗπερ
1177 2223 1273 2275 καὶ
1307 2224 1462 2294 ἡμῶν
1508 2223 1615 2275 τῶν
1644 2240 1739 2276 τα-

167 2317 375 2371 πεινῶν
402 2316 602 2385 καίπερ
627 2313 768 2367 οὕτω
793 2311 1251 2381 φιλοσοφούντων,
1276 2313 1454 2383 ἥψατο
1506 2314 1538 2384 ἡ
1573 2312 1740 2383 λύπη.

180 2409 323 2462 Ἀλλ’
372 2408 560 2477 ἐπειδὴ
587 2405 970 2474 ἀπεϐλέψαμεν
1021 2406 1102 2456 ὅτι
1133 2407 1306 2468 οὐδεὶς
1356 2407 1435 2470 είς
1480 2407 1741 2475 γέννησιν

170 2504 344 2558 ἐλθὼν
373 2503 445 2572 μὴ
467 2503 581 2570 οὐχὶ
608 2504 702 2554 καὶ
726 2500 1051 2569 ἐκδημήσειε
1071 2500 1177 2553 τῶν
1197 2501 1407 2555 ἐνθένδε
1427 2519 1441 2532 ·
1475 2502 1742 2556 καὶτοῦτο

173 2596 285 2649 ἀπὸ
320 2595 411 2648 τοῦ
448 2594 786 2663 προπάτορος
825 2590 981 2660 ἡμῶν
1027 2592 1193 2662 Ἀδὰμ
1229 2595 1390 2664 μέχρι
1422 2595 1515 2646 τοῦ
1545 2593 1704 2664 δεῦρο
1727 2610 1741 2624 ⁶

173 2685 328 2737 οὐδὲν
355 2683 499 2746 ξένον
526 2680 848 2752 ἡγησάμεθα
877 2682 967 2733 ἐπὶ
1019 2682 1095 2751 τῷ
1153 2684 1521 2753 συμϐεϐηκότι
1542 2702 1557 2716 ο
1599 2684 1748 2748 ξένον

173 2776 220 2830 δ’
247 2776 312 2830 ἂν
347 2772 478 2839 εἷεν,
509 2776 662 2842 εἴπερ
687 2775 719 2841 ὴ
768 2772 1108 2836 θεοσύνθετός
1161 2791 1250 2827 σου
1290 2776 1485 2844 καρδία
1536 2777 1749 2844 ἐνέγκοι

176 2870 537 2939 εὐχαρίστως,
567 2864 914 2928 ὑπὸτύπωσις
946 2867 1214 2936 γενομένη
1236 2869 1331 2919 σὺν
1347 2871 1410 2939 τῇ
1436 2868 1601 2938 κυρία
1617 2866 1748 2920 καθ-

177 2959 485 3031 ηγουμένῃ,
522 2959 638 3020 ταῖς
699 2973 760 3009 τε
805 2957 1080 3025 ἀδελφαῖς,
1133 2959 1227 3010 καὶ
1255 2960 1402 3030 πάσῃ
1452 2962 1517 3030 τῇ
1552 2974 1750 3026 συγγε-

177 3052 321 3104 νεία.

251 3138 450 3192 Διάθου
485 3136 628 3190 κατὰ
657 3139 716 3190 τὸ
739 3138 926 3198 εἰωθός
958 3154 1039 3188 σοι
1106 3137 1358 3207 εὐψυχῶς
1395 3139 1594 3201 πάντα,
1644 3154 1747 3208 με-

178 3229 526 3302 γαλοϐούλως
555 3229 674 3282 καθ’
727 3230 849 3281 ὅσον
923 3228 1194 3295 ἐνδέχεται
1251 3231 1616 3300 ἐπικουροῦσα
1659 3231 1753 3283 καὶ

180 3323 282 3389 τὴν
311 3319 490 3370 οἰκίαν
526 3311 897 3386 τοῦάδελφοῦ,
931 3319 1009 3378 εἰς
1037 3317 1098 3368 τὸ
1121 3319 1195 3386 μὴ
1230 3320 1444 3389 ἐρήμην
1477 3319 1753 3389 καταδρα-

180 3414 311 3485 μεῖν
370 3412 495 3473 τοὺς
536 3409 945 3479 ἐφεδρεύοντας,
1004 3409 1060 3460 ἐν
1092 3413 1210 3472 ταῖς
1262 3411 1615 3482 περιστάσεσι
1647 3411 1756 3462 τῶν

182 3504 524 3575 ἀνθρώπων.
547 3504 838 3573 Φρόντισον
860 3497 951 3553 οὖν
986 3500 1107 3551 ὅσον
1127 3501 1371 3567 δυνατὸν,
1402 3504 1492 3554 καὶ
1524 3504 1624 3572 τῆς
1679 3518 1759 3553 τιν

185 3596 317 3665 μίας
351 3596 527 3664 ψυχῆς
554 3596 646 3645 τοῦ
674 3593 877 3659 ἀγαθοῦ
906 3591 1090 3660 άνδρδς
1109 3594 1316 3646 ἐκείνου
1337 3609 1351 3622 ⁸
1383 3595 1464 3647 ὃτι
1499 3595 1592 3646 καὶ
1621 3594 1759 3664 μετὰ

185 3687 420 3741 θάνατον
451 3685 769 3755 βοηθοῦνται
797 3684 945 3754 παρὰ
974 3683 1082 3734 τῶν
1136 3685 1352 3748 ζώντων
1387 3687 1437 3737 oi
1459 3685 1758 3755 ἐκδεδημη-

186 3781 366 3840 κότες.
397 3778 505 3829 Καὶ
536 3776 719 3838 ἁπλῶς
755 3777 821 3828 τὰ
853 3776 1028 3829 πάντα
1051 3778 1110 3830 ἐν
1166 3779 1333 3830 πᾶσιν
1363 3779 1584 3847 σίδαμέν
1613 3793 1670 3829 σε
1700 3772 1757 3829 εὗ

185 3869 544 3934 διατίθεσθαι,
586 3869 681 3922 καὶ
735 3870 1058 3938 στρατηγεῖν
1122 3869 1212 3922 τὸν
1247 3870 1503 3939 λογισμὸν
1537 3868 1758 3939 μᾶλλον,

187 3965 223 4034 ἢ
258 3960 684 4032 στρατηγεῖσθαι
703 3960 808 4011 ὑπὸ
846 3960 940 4027 τῆς
972 3959 1210 4027 ἀθυμίας
1233 3959 1649 4029 καὶμοχθηρίας.
1670 3959 1761 4021 Εἰς

185 4055 323 4106 αὐτὸ
352 4053 458 4122 γάρ
491 4050 647 4103 τοῦτο
664 4050 864 4101 καὶτὸν
889 4047 1447 4115 άδελφὸνᾍθανάσιον
1480 4045 1758 4099 ἀπεστάλ-

189 4161 368 4213 καμεν
398 4183 414 4206 ,
446 4142 848 4201 ἐπιδεικνύντες
873 4140 932 4191 τὸ
973 4136 1275 4208 περιπαθὲς
1305 4136 1460 4206 ἡμῶν
1505 4135 1640 4206 πρὸς
1670 4133 1760 4185 τὸν

187 4231 381 4299 ἄνδρα,
440 4231 534 4283 καὶ
574 4231 705 4300 πρὸς
736 4230 834 4298 τὴν
868 4228 1138 4297 ὑμετέραν
1185 4226 1473 4293 τιμιότητα
1517 4227 1760 4290 ἐπικαμυ

186 4321 414 4373 πτικόν·
467 4322 525 4374 ὃν
584 4320 853 4390 εὐχόμεθα
907 4321 1089 4386 τάχιον
1148 4316 1514 4383 ἀποδέξασθαι
1557 4314 1761 4382 ἀγαθὸν

189 4411 420 4480 ἄγγελον
437 4414 534 4482 τῆς
561 4412 882 4481 εὐχαρίστου
933 4408 1085 4476 ὑμῶν
1109 4407 1389 4477 ὑπομονῆς
1418 4403 1759 4474 γιγνόμενον.

368 4573 460 4626 ΣΖ⁹
616 4602 685 4615 -—-
723 4567 1010 4634 Ὀλϐιανῷ
1032 4569 1336 4634 πατρικίῳ.
1375 4565 1569 4637 Ῐωκδ’.]

1791 4515 1841 4572 D

1838 582 1962 637 est?
2019 581 2308 651 retegenda
2329 580 2476 635 enim
2517 588 2602 634 est
2638 594 2892 648 persona.
2922 578 3188 635 Dominus
3217 579 3403 643 frater,

1838 683 1898 730 ιιι
1922 675 2094 737 aiunt,
2126 673 2479 728 obdormivit.
2506 672 2653 725 Abiit
2679 672 2760 724 vir
2783 672 3297 733 bouus,exstinctus
3325 679 3410 727 est

1837 767 2031 822 oculus
2065 766 2305 831 familiae,
2367 765 2605 819 avolavit
2655 765 2955 820 consolatio
2984 775 3168 818 vestra
3204 783 3218 819 :
3255 773 3408 834 patre

1839 859 2013 914 orbati
2055 866 2184 912 sunt
2241 856 2334 910 filii
2378 870 2517 927 quos
2556 855 2787 926 genuit:
2819 856 3008 910 orbata
3064 864 3120 909 et
3182 866 3239 909 tu
3291 857 3408 921 ipsa

1840 969 1964 1007 cum
1989 951 2294 1015 sororibus,
2334 965 2444 1004 non
2483 949 2694 1005 habens
2728 948 2822 1002 ubi
2868 963 3088 1002 manum
3121 947 3251 1015 ligas
3279 948 3412 1000 titu-

1840 1045 2084 1110 bantem,
2132 1059 2231 1098 nec
2285 1057 2396 1112 quo
2434 1041 2687 1112 periculis
2731 1040 2976 1105 obsessa,
3026 1039 3306 1107 respicias.
3339 1040 3409 1091 At

1840 1149 2103 1204 quorsum
2159 1146 2454 1187 aerumnam
2511 1132 2756 1202 pluribus
2785 1129 3177 1199 deploramus?
3206 1130 3286 1183 Ad
3318 1129 3408 1182 Dei

1841 1237 2112 1281 amantem
2149 1226 2305 1280 nobis
2319 1239 2501 1280 sermo
2526 1233 2630 1287 est,
2662 1224 2726 1277 ad
2759 1222 3254 1291 iutelligentem,ad
3282 1236 3411 1290 pru-

1839 1321 2076 1383 dentem,
2109 1318 2174 1372 ad
2198 1317 2368 1371 multa
2387 1324 2689 1386 expertam,
2721 1315 2786 1369 ad
2810 1314 2990 1368 divina
3030 1313 3255 1368 scientia
3298 1314 3412 1381 ple-

1839 1427 1988 1476 nam,
2029 1425 2149 1480 quae
2177 1417 2231 1463 et
2264 1408 2400 1463 alios
2432 1409 2603 1477 possit
2640 1423 2741 1462 suo
2765 1407 2934 1476 ipsius
2954 1408 3203 1475 exemplo
3229 1420 3414 1458 emen-

1841 1503 1994 1558 dare.
2024 1501 2295 1572 Exprome
2319 1501 2388 1556 de
2411 1501 2556 1554 bono
2589 1501 2845 1555 thesauro
2901 1499 3082 1554 cordis
3124 1499 3196 1552 tui
3248 1497 3413 1566 spiri~

1843 1596 2013 1652 tuales
2043 1595 2300 1651 divitias:
2331 1592 2720 1649 consolationis
2758 1591 3020 1654 remedia,
3073 1599 3127 1644 et
3159 1589 3252 1643 tibi
3285 1589 3411 1657 ipsi,

1841 1695 1896 1741 et
1947 1687 2229 1740 sororibus
2279 1683 2587 1753 suppedita.
2635 1682 2852 1736 Scimus
2885 1681 3030 1734 enim
3067 1680 3163 1733 has
3199 1691 3416 1748 quoque

1845 1780 1962 1849 pari
1994 1778 2223 1834 affectas
2248 1793 2369 1832 esse
2406 1776 2627 1830 tristitia
2682 1791 2698 1830 :
2729 1772 3187 1843 quemadmodum
3232 1783 3285 1823 et
3315 1771 3415 1824 do-

1844 1873 1990 1927 mina
2012 1870 2320 1941 praeposita,
2357 1870 2488 1940 quin
2513 1877 2566 1923 et
2593 1876 2703 1922 tota
2733 1866 2957 1930 familia,
2983 1864 3281 1920 addiderim
3317 1878 3417 1916 au—

1843 1973 1973 2026 tem,
2029 1973 2082 2017 et
2118 1971 2345 2017 senatus
2393 1961 2524 2030 ipse.
2557 1958 2692 2026 Quis
2732 1959 2877 2013 illius
2928 1971 3092 2012 causa
3125 1971 3235 2010 non
3267 1955 3420 2022 inge-

1843 2055 2083 2112 miscat?
2107 2056 2232 2126 quis
2260 2056 2534 2126 lacrymas
2570 2067 2677 2106 non
2707 2049 2920 2105 fundat?
2950 2049 3174 2119 quando
3213 2057 3269 2103 et
3320 2062 3419 2102 nos

1845 2146 2100 2210 humiles,
2128 2145 2222 2214 qui
2263 2145 2342 2198 sic
2392 2142 2863 2212 phiIOSOphamur,
2911 2139 3084 2209 tetigit
3118 2147 3298 2192 tamen
3326 2138 3422 2190 do-

1844 2235 1950 2290 lor.
1972 2232 2176 2288 Verum
2213 2243 2503 2302 postquam
2548 2231 2926 2301 perspeximus
2956 2228 3230 2281 nemiuem
3267 2224 3419 2278 nasci

1845 2327 1940 2396 qui
1997 2326 2126 2380 hinc
2170 2325 2353 2378 itidem
2419 2339 2529 2378 non
2575 2331 2752 2386 exeat,
2787 2321 2948 2390 idque
2982 2336 3010 2373 a
3043 2322 3218 2388 primo
3247 2331 3422 2384 usque

1845 2426 2069 2487 parente
2092 2415 2264 2469 Adam
2299 2415 2366 2468 ad
2399 2425 2642 2470 nostram
2679 2414 2819 2466 hanc
2849 2419 3060 2465 artatem
3094 2429 3108 2475 ;
3143 2410 3276 2462 nihil
3302 2409 3420 2461 sin-

1847 2508 2034 2578 gulare
2070 2507 2314 2560 arbitrati
2357 2522 2548 2561 sumus
2593 2505 2646 2557 iu
2682 2520 2748 2556 eo
2779 2503 2924 2571 quod
2981 2501 3200 2565 accidit,
3235 2500 3414 2568 singu-

1848 2599 1959 2652 lare
1980 2598 2160 2667 potius
2186 2596 2367 2661 fuerit,
2387 2597 2432 2650 si
2448 2593 2665 2665 sapiens
2687 2610 2780 2648 eor
2808 2604 2956 2647 tuum
2979 2607 3102 2646 cum
3122 2593 3419 2662 gratiarqu

1849 2690 2061 2744 actione
2092 2690 2196 2744 hoc
2225 2687 2396 2753 ferat;
2433 2687 2508 2740 ita
2562 2695 2620 2740 ut
2671 2685 2922 2754 exemplo
2967 2684 3065 2742 sis.
3102 2681 3326 2752 perinde
3356 2698 3423 2736 ac

1850 2780 2070 2834 domina
2131 2778 2419 2848 praeposita
2455 2786 2569 2830 tum
2621 2775 2934 2836 sororibus,
2997 2782 3110 2826 tum
3167 2786 3418 2826 sororum

1851 2872 2063 2936 liberis,
2088 2879 2556 2941 cognatorumque
2589 2868 2859 2923 universa:
2891 2865 3133 2919 familiae.

1929 3136 2191 3204 Dispoue,
2250 3143 2309 3188 ut
2356 3134 2604 3199 solebas,
2654 3133 2948 3201 tranquillo
2999 3132 3183 3185 animo
3216 3131 3421 3191 omnia,

1859 3245 2056 3299 magno
2115 3229 2293 3298 quoad
2342 3227 2456 3281 ﬁeri
2527 3235 2705 3297 potest
2754 3227 3009 3290 consilio,
3070 3225 3254 3280 fratris
3287 3242 3424 3294 quo-

1859 3334 1962 3389 que
2018 3319 2240 3371 domum
2302 3316 2591 3385 adjuvans,
2645 3333 2713 3371 ne
2763 3333 2865 3386 ope
2917 3317 3173 3372 destituta
3227 3316 3279 3369 in
3329 3330 3424 3369 eos

1859 3413 2121 3475 incurrat,
2148 3412 2239 3480 qui
2280 3411 2507 3465 insidias
2540 3419 2756 3463 struunt
2784 3411 2835 3462 in
2870 3411 3114 3464 adversis
3143 3409 3425 3462 hominum

1861 3505 2044 3557 rebus.
2106 3502 2305 3556 Curam
2357 3503 2563 3571 igitur,
2604 3502 2779 3570 quoad
2821 3511 2994 3571 potes,
3048 3502 3183 3556 habe
3232 3501 3428 3554 animae

1861 3598 1987 3652 boni
2052 3597 2196 3651 illius
2229 3596 2326 3650 viri
2383 3613 2397 3649 :
2441 3596 2698 3663 quoniam
2741 3596 2901 3648 etiam
2958 3603 3079 3664 post
3117 3603 3346 3646 mortem
3395 3609 3428 3647 a

1861 3689 2171 3743 viventibus
2212 3687 2537 3755 adjuvantur
2560 3686 2650 3756 qui
2674 3687 2780 3740 vita
2807 3685 2975 3740 functi
3005 3695 3151 3740 sunt.
3184 3684 3428 3755 Denique

1861 3781 2044 3836 omnia
2081 3781 2134 3834 in
2167 3782 2420 3833 omnibus
2461 3779 2712 3834 novimus
2744 3788 2794 3833 te
2834 3787 2980 3833 recte
3023 3778 3335 3846 disponere,
3365 3791 3429 3831 ac

1862 3874 2042 3943 potius
2065 3873 2329 3925 rationem
2380 3871 2531 3940 sequi
2581 3873 2794 3932 ducem,
2828 3884 2990 3939 quam
3017 3885 3047 3923 a
3091 3884 3326 3923 maerore
3372 3877 3426 3922 et

1865 3963 2113 4017 inoleslia
2143 3961 2276 4031 regi.
2309 3959 2421 4015 liae
2477 3961 2620 4015 enim
2672 3962 2737 4014 de
2773 3975 2936 4014 causa
2995 3960 3214 4014 fratrem
3263 3960 3426 4013 etiam

1862 4055 2224 4108 Athanasium
2265 4053 2536 4116 misimus,
2569 4053 2813 4107 dolorem
2865 4062 3110 4107 nostrum
3167 4062 3428 4107 testantes

1862 4158 1986 4212 erga
2018 4140 2355 4204 defunctum,
2387 4149 2438 4194 et
2482 4139 2729 4193 allectum
2764 4154 2892 4208 erga
2929 4141 3287 4193 reverentiam
3340 4155 3430 4193 ve-

1863 4246 2031 4291 stram
2073 4253 2084 4287 :
2119 4250 2278 4304 quem
2347 4243 2599 4302 optamus
2655 4232 2804 4286 brevi
2868 4233 3148 4298 reducem,
3199 4232 3432 4286 bouum-

1862 4343 1966 4398 que
1992 4335 2155 4398 grata:
2178 4326 2454 4396 patientia:
2484 4334 2677 4380 vestra:
2702 4324 2953 4379 nuntium
2987 4327 3254 4395 recipere.

2248 4559 2448 4617 CCVII.
2474 4588 2540 4600 —
2577 4558 2803 4612 Olbiano
2832 4561 3080 4629 patricio.

861 4726 926 4776 L't
951 4727 1003 4773 in
1035 4725 1319 4784 magistratu
1345 4719 1426 4781 pie
1460 4733 1516 4767 ac
1541 4723 1730 4774 sancte,
1757 4723 1811 4766 et
1834 4714 1908 4766 uti
1941 4714 2269 4768 Christianum
2299 4713 2462 4771 decet,
2509 4724 2565 4760 se
2596 4713 2738 4773 gerat

267 4872 540 4944 Γεώργιος
568 4873 596 4923 ὁ
623 4870 875 4940 θεοφιλὴς
903 4868 1042 4938 ἀνὴρ
1066 4867 1162 4920 καὶ
1213 4864 1490 4936 περίδοξος
1513 4864 1759 4932 νοτάριος

201 4967 569 5042 προσηγορίαν
599 4965 730 5033 ἡμῖν
761 4959 1066 5032 κεκομικὼς
1095 4960 1245 5028 παρὰ
1275 4958 1370 5028 τῆς
1399 4959 1759 5024 πανευφήμου

200 5064 297 5116 καὶ
319 5059 602 5128 διαϐοήτου
638 5054 790 5125 ὑμῶν
821 5053 1122 5122 ὑπεροχῆς,
1169 5052 1414 5120 άπῄτησε
1471 5049 1562 5101 τὸν
1597 5048 1764 5099 άντα-

203 5153 455 5222 σπασμὸν
514 5150 901 5219 ἐγγράμματον
933 5145 1078 5213 ἡμᾶς
1119 5142 1467 5213 ποιήσασθαι,
1500 5140 1573 5203 ὼς
1610 5137 1768 5190 τοῦτο

203 5244 531 5312 κελευούσης
596 5243 695 5311 τῆς
758 5237 1152 5309 μακαριότητος
1215 5234 1387 5299 ὑμῶν.
1456 5232 1644 5299 Ἡμεῖς
1707 5228 1766 5280 δὲ

208 5337 431 5397 ἑαυτοὺς
455 5331 776 5392 πεπεικότες
805 5327 1048 5380 ὑπείκειν
1097 5327 1156 5378 ἐν
1185 5326 1297 5386 τοῖς
1326 5322 1556 5390 φιλικοῖς
1592 5317 1766 5385 καθή-

209 5444 383 5494 κουσι,
450 5426 793 5496 χαράττομεν
836 5420 996 5488 τήνδε
1043 5416 1140 5484 τὴν
1178 5414 1500 5482 ἐπιστολήνο
1550 5408 1766 5480 πρῶτον

215 5523 311 5593 μὲν
345 5515 842 5590 προσαγορεύοντες
893 5513 960 5565 τά
1013 5511 1197 5563 είκότα
1245 5510 1293 5561 οί
1337 5505 1590 5569 εὐτελεῖς,
1632 5501 1765 5556 αὐτὸ

1939 4859 2202 4930 Georgius
2238 4860 2322 4913 vir
2352 4858 2637 4928 religiosus
2667 4856 3010 4928 insignisque
3037 4859 3283 4914 notarius
3306 4875 3415 4915 eum

1871 4954 2253 5008 salutationem
2303 4950 2458 5004 nobis
2517 4950 2790 5003 attulisset
2819 4951 2890 5003 ab
2919 4952 3065 5004 omni
3110 4954 3267 5006 laude
3295 4969 3399 5020 pur

1873 5045 2106 5101 dicauda
2136 5056 2188 5096 et
2240 5041 2590 5094 celeberrima
2650 5041 2968 5096 celsitudine
3001 5055 3210 5107 vestra,
3250 5053 3434 5110 postu-

1875 5136 2005 5189 lavit
2038 5143 2094 5187 ut
2124 5142 2364 5186 mutuam
2385 5129 2767 5184 salutationem
2787 5131 3002 5200 scriptis
3035 5131 3224 5184 litteris
3248 5132 3410 5183 redde

1872 5242 2079 5288 remus,
2132 5236 2387 5293 tauquam
2441 5223 2492 5277 id
2543 5221 2818 5275 beatitudo
2875 5232 3052 5276 vestra
3095 5222 3429 5291 preciperet.

1872 5315 1982 5369 Nos
2009 5330 2136 5368 vero
2173 5329 2294 5366 eum
2344 5312 2584 5365 animum
2635 5311 3008 5366 induxerimus
3074 5313 3127 5365 in
3181 5311 3434 5365 amicitiae

1873 5406 2064 5462 ofﬁciis
2104 5405 2515 5473 obtemperare,
2556 5403 2696 5456 hanc
2751 5407 3034 5473 epistolam
3093 5417 3381 5456 exaramus
3414 5417 3428 5452 :

1871 5499 2107 5569 primum
2169 5497 2382 5567 quidem
2445 5496 2761 5560 salutantes,
2813 5503 2872 5550 ut
2915 5511 2944 5550 a
2994 5495 3149 5552 nobis
3182 5494 3429 5549 tenuibus

1714 5655 1938 5711 ΝΟΤΛΞ.

274 5793 352 5866 (2)
391 5794 444 5851 lu
473 5792 595 5848 cod.
629 5787 758 5858 Reg.
801 5792 878 5839 σι’.
