3976 6322
612 369 744 428 1627

1789 368 1851 428 S-
1883 364 2277 428 THEODORI
2312 365 2660 426 STUDITAS

3717 359 3848 420 I628

605 485 718 535 lieri
757 494 853 550 par
880 489 983 542 est,
1020 487 1185 549 atque
1219 479 1323 534 hoc
1351 479 1527 549 ipsum
1568 482 1932 551 approbantes
1972 496 2036 534 ac
2067 495 2152 533 su-

2264 478 2422 533 τοῦτο
2444 478 2832 548 ἀποδεχόμενοι
2864 478 2959 530 καὶ
2988 475 3546 546 ὑπεραποδεχόμενοι,
3580 474 3671 527 ὅτι
3727 476 3844 541 γλί-

603 573 1062 641 perapprobantes
1087 611 1101 635 ,
1131 571 1276 640 quod
1303 586 1487 626 vocem
1518 583 1756 627 nostram
1780 573 1967 626 audire
1993 573 2161 641 cupit,

599 666 694 732 qui
725 665 917 717 miselli
946 680 1137 718 sumus
1165 673 1219 717 et
1251 673 1583 733 peccatores.
1633 663 1840 718 Etenim
1876 665 1976 718 hoc
2003 680 2164 734 argu-

604 765 843 810 mentum
875 768 958 812 est
982 757 1200 826 pietatis
1240 773 1344 812 non
1377 757 1618 826 vulgare,
1673 758 1816 828 quod
1847 759 2164 812 celsitudine

601 848 852 902 sublimis
897 851 963 902 ad
1015 849 1300 903 humilium
1345 865 1528 903 vocem
1566 849 1879 911 inﬂectitur,
1926 864 1988 902 ac
2029 864 2164 916 pra:-

600 941 785 993 sertim
830 941 931 995 hoc
955 950 1218 1009 tempore,
1250 943 1467 1009 quando
1506 941 1751 1010 plerique
1811 941 1972 994 etiam
2010 940 2162 994 valde

598 1031 804 1084 amicos
848 1032 1094 1086 homines
1165 1043 1507 1095 aversantur,
1557 1049 1622 1086 ne
1669 1032 1846 1086 dicam
1885 1033 2164 1086 obscurio-

600 1139 685 1178 res
731 1140 744 1175 :
796 1125 990 1179 deinde
1055 1125 1629 1189 comiuonel‘acientes,
1679 1135 1737 1180 ut
1765 1142 1889 1180 cum
1919 1126 2162 1180 modera-

599 1218 744 1270 tione
779 1218 1008 1286 praesitis
1032 1227 1086 1272 et
1120 1219 1367 1274 subditos
1406 1219 1587 1273 divine
1611 1220 1832 1288 regalis.

665 1305 798 1360 Nam
838 1308 880 1361 si
921 1309 1099 1362 omnis
1151 1308 1489 1378 principatus
1523 1321 1576 1364 et
1606 1323 1844 1380 potestas
1877 1327 1906 1365 a
1936 1311 2045 1366 Deo
2078 1320 2163 1367 est

594 1399 866 1464 ordinata,
901 1400 1042 1454 sicut
1087 1401 1329 1470 loquitur
1393 1402 1683 1472 Apostolus
1707 1403 1776 1465 ⁸³.
1813 1404 2159 1473 perspicuum

592 1501 676 1546 est
719 1508 868 1557 eum,
914 1494 1005 1561 qui
1047 1494 1410 1564 principatum
1459 1505 1513 1550 et
1560 1505 1880 1564 potestatem
1912 1497 2158 1563 obtinet,

595 1582 685 1636 Dei
727 1599 876 1639 more
935 1586 1191 1654 populqu
1263 1587 1364 1640 sibi
1413 1588 1766 1642 commiSSum
1830 1605 2016 1657 regere
2065 1590 2160 1644 de-

592 1676 720 1729 bere
750 1692 769 1730 :
800 1686 911 1730 tum
957 1689 1015 1731 ut
1058 1678 1368 1748 incorrupta
1406 1679 1516 1733 sint
1567 1681 1734 1749 ipsius
1763 1682 1972 1750 judicia
2004 1685 2056 1737 in
2093 1685 2159 1739 iis

592 1787 713 1840 quae
760 1773 812 1826 in
857 1772 1301 1842 disceptationem
1335 1785 1388 1828 et
1431 1779 1856 1832 controversiam
1890 1780 2155 1834 veniunt:

2264 587 2417 639 χεται
2449 570 2547 640 τῆς
2588 569 2768 637 φωνῆς
2793 568 2949 638 ἡμῶν
2990 567 3219 621 ἀκοῦσαι
3271 566 3504 636 οἰκτρῶν
3534 566 3715 619 ὄντων
3757 567 3846 617 καὶ

2263 663 2620 732 ἁμαρτωλῶν.
2650 664 2755 714 Καὶ
2781 662 2885 734 γάρ
2927 661 3205 722 εὐσεϐείας
3234 660 3430 729 δεῖγμα
3481 660 3649 712 τοῦτο
3693 660 3756 710 οὐ
3789 659 3846 708 τὸ

2261 751 2440 821 τυχὸν,
2465 753 2546 804 ὅτι
2591 752 2619 803 ὀ
2649 749 2848 818 ὑψηλὸς
2879 752 2944 820 τῇ
2993 751 3236 820 ὑπεροχῇ
3286 751 3425 820 πρὸς
3455 751 3558 819 τὴν
3595 749 3712 801 τῶν
3744 766 3842 800 τα-

2263 842 2462 895 πεινῶν
2485 841 2666 912 φωνὴν
2690 840 3116 911 ὲπικάμπτεται,
3135 842 3227 894 καὶ⁸
3257 841 3495 910 μάλιστα
3514 843 3571 893 ἐν
3596 840 3679 909 τῷ
3700 858 3842 910 παρ-

2261 934 2371 986 όντι
2402 934 2599 1004 καιρῷ,
2632 934 2794 987 ὁπότε
2821 933 3202 1003 ἀποτροπάδην
3269 934 3316 985 οἱ
3340 932 3550 994 πολλοὶ,
3584 931 3687 983 καὶ
3716 935 3840 993 τοὺς

2262 1024 2401 1092 ἄγαν
2434 1025 2619 1094 φίλους
2674 1026 2880 1096 ἔχουσι,
2931 1023 3006 1094 μὴ
3056 1025 3204 1091 ὅτιγε
3247 1024 3506 1085 καὶτοὺς
3536 1025 3842 1090 ἀφανεστέ-

2263 1134 2425 1188 ρουςο
2458 1115 2652 1170 ἔπειτα
2677 1117 3189 1187 ὑπομιμνήσκοντες
3221 1115 3339 1186 μεθ’
3382 1115 3698 1184 ὑποστολῆς
3747 1115 3841 1184 ἀρ·

2260 1223 2396 1277 χειν,
2432 1207 2526 1258 καὶ
2559 1206 2765 1259 διέπειν
2784 1205 2845 1258 τὸ
2860 1205 3095 1274 ὑπήκοον
3114 1201 3450 1272 θεοπρεπῶς.

2331 1297 2393 1349 El
2418 1297 2525 1368 γάρ
2553 1299 2700 1350 πᾶσα
2733 1296 2876 1367 ἀρχὴ
2911 1295 3005 1349 καὶ
3031 1294 3253 1360 ἐξουσία
3278 1294 3385 1346 ἀπὸ
3410 1293 3548 1346 Θεοῦ
3597 1295 3719 1346 ἐστι
3755 1310 3841 1344 τε·

2258 1389 2530 1458 ταγμένη,
2559 1388 2932 1451 ἁποστολικῶς
2964 1389 3158 1449 εἰπεῖν,
3193 1384 3433 1457 δηλονότι
3463 1388 3492 1438 6
3525 1388 3721 1456 ἀρχων
3752 1387 3841 1437 καὶ

2257 1480 2288 1532 6
2333 1480 2659 1547 ἐξουσιάζων
2704 1480 2962 1544 θεοτελῶς
2997 1479 3203 1550 ὀφείλει
3260 1480 3530 1547 διεξάγειν
3583 1481 3680 1533 τὸν
3739 1481 3842 1531 ὑπὸ

2259 1574 2415 1643 χεῖρα
2441 1572 2596 1624 λαόν·
2618 1571 2775 1625 τοῦτο
2802 1574 2901 1642 μὲν
2933 1573 2990 1625 ἐν
3023 1573 3340 1635 ἀδεκάστοις
3374 1572 3610 1641 κρίμασι
3642 1573 3757 1624 τῶν
3783 1573 3838 1622 ἐν

2257 1669 2378 1728 ταῖς
2405 1665 2763 1729 διαδικασίαις
2816 1665 3344 1737 ἀμφισϐητουμένων
3368 1682 3382 1695 ·
3417 1663 3580 1717 τοῦτο
3627 1665 3687 1718 δὲ
3745 1665 3841 1717 καὶ

2258 1757 2538 1827 ἐνευμενεῖ
2572 1758 2666 1810 καὶ
2695 1757 2954 1827 είρηνικῷ
2984 1756 3260 1829 προσώπῳ
3315 1756 3656 1810 ὀπτάνεσθαι
3710 1759 3852 1818 τοὺς.

598 1821 710 1840 νὴ
861 1821 1301 1842 ν--,,τ----..-.ν..-
1338 1821 1388 1828 --
1434 1821 1856 1832 νν..-.ν.ν.........

591 1873 703 1917 tum
761 1877 824 1918 ut
875 1865 1108 1936 benigno
1157 1879 1457 1937 pacatoque
1510 1871 1659 1924 vultu
1727 1885 1913 1926 cernat
1952 1874 2152 1927 adeun-

2261 1821 2602 1915 προσιόντας.
2636 1847 2732 1901 καὶ
2750 1821 2957 1902 ’διδόναι
2985 1821 3049 1918 si]
3073 1821 3379 1919 εὐπρόσίτῳ
3395 1848 3676 1919 παραδοχῇ
3704 1849 3840 1918 θάρ-

590 1964 695 2019 tes,
738 1955 1026 2026 facilisque
1055 1960 1234 2013 aditus
1266 1961 1518 2016 fiduciam
1546 1963 1637 2015 det
1667 1964 1956 2033 eloquendi
2012 1966 2155 2035 quod

589 2061 728 2115 opus
783 2058 885 2103 est.
927 2047 1211 2105 Mendicns
1256 2053 1437 2115 enim,
1497 2062 1556 2106 ut
1607 2055 1794 2117 aiunt,
1845 2072 1952 2110 non
1988 2059 2156 2112 susti-

587 2145 681 2189 net
716 2137 910 2192 minas.
949 2140 1153 2192 Dehinc
1212 2141 1279 2194 ad
1328 2143 1558 2196 mendici
1614 2153 1668 2197 et
1712 2145 1907 2213 abjecti
1944 2161 2031 2200 res
2059 2147 2155 2200 de-

587 2227 868 2290 scendere,
895 2239 948 2282 et
971 2230 1239 2299 castigare
1273 2233 1490 2301 quidem
1525 2235 1615 2288 ubi
1660 2251 1881 2291 necesse
1919 2247 2024 2303 est,
2059 2254 2156 2293 ca-

587 2317 790 2387 stigare
829 2330 1010 2373 autem
1045 2338 1151 2374 non
1182 2339 1273 2391 per
1299 2324 1456 2388 iram,
1490 2327 1582 2380 sed
1606 2329 1788 2382 studio
1819 2331 2155 2384 emendatio-

587 2410 692 2468 nis.
725 2413 926 2477 absque
963 2415 1371 2480 perturbatione
1390 2421 1587 2485 animi;
1625 2437 1800 2490 neque
1835 2438 1930 2490 per
1959 2424 2152 2478 verbe-

587 2515 704 2554 rum
738 2502 1098 2570 frequentiam
1126 2509 1304 2575 :quod
1351 2510 1495 2564 enim
1531 2512 1736 2566 immite
1764 2525 1867 2578 cst,
1908 2514 2016 2570 Deo
2043 2531 2150 2572 non

586 2593 760 2660 placet
791 2613 804 2647 :
837 2597 928 2649 sed
957 2596 1222 2663 judicium
1259 2601 1533 2668 adhibeat,
1566 2617 1829 2672 quantum
1881 2611 2014 2664 satis
2045 2620 2150 2677 est,

587 2694 643 2736 ut
674 2686 815 2753 quod
848 2698 999 2742 extra
1031 2690 1375 2758 disciplinam
1436 2705 1519 2748 est
1570 2709 1807 2762 revocet,
1852 2703 2152 2755 correctio-

586 2791 820 2845 nemque
845 2778 1057 2844 eiliciat,
1089 2783 1231 2836 sicut
1270 2785 1380 2838 lilio
1407 2796 1579 2854 pater,
1620 2799 1675 2842 et
1726 2792 1867 2845 sicut
1906 2795 2152 2851 medicus

582 2879 805 2934 aegroto.
840 2868 917 2922 Ac
949 2872 1141 2927 beatus
1181 2872 1270 2927 ille
1307 2877 1398 2944 qui
1431 2877 1496 2931 ad
1528 2879 1673 2934 hunc
1710 2883 1929 2936 modum
1962 2885 2040 2938 vel
2077 2887 2156 2939 ci-

587 2961 674 3013 vili
709 2974 903 3032 praeest
930 2964 1162 3033 imperio
1194 2969 1273 3020 vel
1310 2969 1555 3025 militari.
1583 2972 1717 3025 Nam
1743 2983 1796 3026 et
1820 2975 2029 3046 Moyses
2061 2975 2153 3031 Dei

585 3051 822 3107 famulus
867 3056 1125 3124 populum
1169 3072 1379 3127 regens,
1415 3059 1647 3116 etJesus
1697 3063 1837 3118 filius
1867 3063 2014 3120 Nave
2058 3081 2154 3121 co-

2261 1954 2352 2001 σος
2373 1939 2703 2008 φθέγγεσθαι
2725 1940 2784 1994 τὸ
2807 1942 3230 2010 παριστάμενον.
3250 1939 3468 2008 Πτωχὸς
3485 1941 3621 2009 γὰρ,
3647 1942 3837 2009 φησιν,

2257 2030 2354 2100 οὐχ
2400 2030 2689 2098 ὑφίσταται
2742 2033 2992 2101 ἀπειλήν.
3028 2027 3162 2084 Εἶτα
3207 2032 3300 2084 καὶ
3362 2033 3492 2101 περὶ
3525 2032 3590 2084 τὸ
3619 2033 3839 2101 πτωχὸν

2263 2121 2426 2190 μέρος
2452 2120 2547 2173 καὶ
2573 2122 3039 2190 τεταπεινωμένον
3084 2122 3548 2190 ἐπικάμπτεσθαι,
3584 2123 3682 2175 καὶ
3711 2141 3839 2174 mtt-

2258 2212 2436 2266 δεύειν
2472 2215 2572 2284 μὲν
2618 2217 2853 2286 ὁπηνίκα
2905 2215 3125 2286 ήχρεία
3179 2216 3514 2282 ἁναγκάζεισ
3554 2215 3838 2267 παιδεύειν

2257 2303 2314 2356 δὲ
2344 2305 2419 2376 μὴ
2443 2306 2500 2358 ἐν
2523 2306 2702 2374 θυμῷ,
2735 2307 2868 2360 ἀλλά
2899 2307 3087 2376 σκοπῷ
3134 2305 3474 2375 διορθώσεως
3505 2308 3834 2377 ἀταράχως·

2262 2395 2397 2464 μηδὲ
2447 2397 2505 2448 ἐν
2556 2396 2775 2458 πολλαῖς
2837 2398 3086 2467 μάστιξι·
3142 2397 3202 2449 τὸ
3233 2398 3340 2466 γάρ
3386 2398 3600 2467 ἀπηνὲς
3644 2399 3838 2465 ἄφιλον

2255 2487 2410 2558 Θεῷο
2451 2488 2567 2541 ἀλλ’
2624 2489 3056 2558 ἐγκεκριμένως,
3092 2491 3186 2542 καὶ
3229 2491 3353 2542 ὅσον
3393 2489 3456 2542 τὺ
3505 2492 3840 2545 ἀπαίδευτον

2255 2579 2587 2642 ἀναστεῖλαι.
2613 2579 2784 2633 καὶτὸ
2803 2579 3147 2651 διορθωτικὺν
3206 2582 3683 2652 περιποιήσασθαι
3713 2601 3724 2615 ·
3754 2578 3838 2636 οἷα

2257 2672 2436 2743 πατὴρ
2465 2672 2649 2735 παιδὶ,
2688 2672 2784 2725 καὶ
2821 2671 2896 2734 ὡς
2929 2671 3111 2740 ίατρὸς
3156 2671 3234 2742 τῷ
3268 2673 3552 2738 κάμνοντι.
3593 2676 3708 2727 Καὶ
3741 2694 3839 2744 μα-

2257 2763 2448 2831 κάριος
2472 2765 2498 2816 6
2529 2763 2705 2825 οὕτως
2731 2763 3077 2834 δημαγωγῶν
3105 2765 3196 2815 καὶ
3229 2764 3574 2832 στρατηγῶν.
3615 2767 3837 2834 Ἐπειδὴ

2257 2856 2352 2906 καὶ
2377 2856 2583 2924 Μωσῆς
2610 2858 2636 2907 6
2661 2855 2916 2924 Θεράπων
2938 2854 3032 2907 τοῦ
3057 2853 3190 2906 Θεοῦ
3214 2853 3460 2923 ἀρχικὸς,
3493 2856 3590 2906 καὶ
3631 2856 3838 2927 Ἰησοῦς

2255 2945 2284 2996 ὀ
2313 2943 2405 2997 τοῦ
2433 2945 2591 3013 Ναυῆ
2626 2945 2947 3016 στρατηγὸς,
2984 2945 3076 2997 καὶ
3099 2943 3328 3006 πολλοὺς
3357 2944 3474 2995 ἐστι
3499 2945 3696 3010 φάναι,
3725 2948 3838 3000 ὅσοι

2253 3037 2315 3090 οὑ
2351 3036 2509 3106 μόνον
2539 3038 2596 3088 ἐν
2664 3036 2993 3106 βασιλεῦσιν,
3037 3036 3173 3089 ἀλλὰ
3226 3037 3320 3088 καὶ
3359 3039 3580 3106 κριταῖς
3612 3038 3712 3091 καὶ
3738 3038 3838 3109 ἀρ-

583 3143 702 3212 pias
725 3145 950 3210 ducens,
988 3148 1252 3218 multique
1283 3165 1388 3203 non
1424 3155 1599 3206 solum
1659 3171 1870 3222 regum,
1928 3158 2020 3212 sed
2063 3159 2152 3228 ju-

2260 3144 2427 3197 χουσι,
2469 3128 2564 3180 καὶ
2607 3129 2714 3199 πρὸ
2773 3129 2962 3197 νόμου,
2991 3127 3086 3179 καὶ
3127 3127 3186 3178 ἐν
3221 3127 3390 3196 νόμῳ,
3431 3127 3525 3178 καὶ
3563 3128 3707 3196 μετὰ
3741 3129 3838 3198 τὴν

581 3238 761 3291 dicum
809 3245 864 3292 et
912 3241 1238 3309 principum,
1282 3244 1375 3310 qui
1421 3245 1500 3298 vel
1532 3256 1656 3300 ante
1699 3249 1888 3316 legem,
1923 3251 2005 3304 vel
2048 3253 2150 3306 sub

583 3329 721 3398 lege,
757 3330 839 3383 vel
863 3339 984 3398 post
1027 3333 1254 3398 gratiam
1294 3332 1657 3405 imperarunt,
1702 3341 2019 3411 primasque
2066 3355 2149 3400 te-

582 3430 837 3479 nuerunt.
893 3422 1119 3478 Domino
1167 3426 1440 3494 placuere,
1488 3432 1630 3500 quod
1661 3447 1784 3488 cum
1821 3437 2016 3503 pietate
2045 3437 2146 3491 ad-

583 3513 978 3570 ministrarent.
1008 3515 1121 3570 Iloc
1155 3518 1320 3588 igitur
1342 3525 1590 3593 exemplo
1620 3534 1691 3588 te,
1712 3527 2145 3587 laudatissimum

580 3615 637 3659 et
674 3607 1201 3665 desideratissimum
1251 3613 1532 3669 dominum
1579 3628 1852 3686 nostrtnn,
1918 3640 2149 3692 praeesse

581 3700 873 3769 cupimus,
939 3710 992 3754 et
1043 3717 1299 3771 oramus,
1355 3717 1520 3778 atque
1561 3710 1704 3766 inter
1769 3713 1869 3769 hos
1926 3729 2148 3772 sanctos

579 3802 634 3848 et
687 3794 1050 3850 admiratione
1095 3797 1287 3867 dignos
1327 3802 1472 3857 viros
1527 3807 1820 3861 recenseri.
1862 3808 1971 3863 Nec
2019 3826 2148 3865 vero

583 3885 1012 3942 admonitionem
1047 3901 1288 3945 nostram
1317 3893 1397 3948 sic
1434 3896 1670 3965 accipias
1704 3902 1860 3968 quasi
1899 3903 1966 3956 ab
1995 3919 2149 3958 arro-

582 3978 767 4046 gantia
801 3979 1123 4048 profectam,
1161 3984 1253 4037 sed
1277 3986 1459 4053 potius
1483 3995 1739 4058 tanquam
1779 4008 1809 4046 a
1837 3995 2144 4066 cliaritat‘e;

581 4073 839 4141 quoniam
858 4089 1105 4128 amamus
1127 4084 1194 4140 te,
1220 4078 1311 4146 qui
1333 4077 1500 4134 Deum
1515 4095 1689 4145 amas,
1711 4093 1766 4138 et
1784 4087 2035 4144 amiciti-.e
2061 4105 2147 4143 ar-

584 4172 900 4231 gumentum
943 4176 1050 4231 est,
1089 4167 1238 4221 utilia
1267 4169 1314 4223 ei
1357 4172 1449 4240 qui
1498 4184 1732 4239 amatur,
1770 4177 1914 4247 loqui
1949 4194 1962 4231 :
1999 4183 2145 4249 quod

581 4257 942 4312 ostenderunt
965 4259 1199 4315 humiles
1231 4263 1423 4318 litterae
1461 4275 1680 4323 nostrae.
1712 4267 1936 4325 Tribuat
1967 4282 2144 4328 autem

584 4346 741 4399 nobis
762 4348 940 4404 bonus
971 4350 1114 4406 Deus
1153 4362 1361 4418 noster,
1394 4365 1453 4409 ut
1480 4373 1664 4412 coram
1700 4359 1752 4414 in
1809 4362 2144 4433 colloquium

584 4438 800 4492 tandem
863 4442 1157 4511 aliquando
1204 4446 1508 4513 veniamus,
1545 4457 1599 4503 et
1654 4450 1813 4506 bonis
1849 4471 1970 4522 qua:
2001 4458 2056 4511 in
2097 4469 2147 4512 te

583 4540 708 4585 sunt
742 4530 1088 4599 perfruamur
1122 4553 1135 4590 :
1173 4545 1232 4590 ut
1275 4554 1394 4604 quae
1446 4539 1586 4596 fama
1619 4553 1670 4597 et
1698 4546 1886 4600 audito
1917 4564 2023 4602 non
2055 4566 2151 4604 ex-

586 4625 734 4678 hibet
773 4642 957 4681 coram
1012 4629 1124 4684 lucc
1181 4633 1396 4686 oculata
1444 4636 1682 4705 cognitio
1738 4638 2148 4708 demonstrans,

584 4719 888 4786 paratiores
953 4736 1051 4777 nos
1092 4723 1282 4778 reddat
1327 4729 1749 4799 capacioresque
1788 4733 1854 4786 ad
1914 4735 2149 4789 amicam

584 4807 1029 4876 conjunctionem
1059 4830 1072 4866 :
1104 4815 1324 4882 quando
1365 4818 1582 4885 quidem
1623 4838 1651 4874 a
1675 4821 1819 4875 bono
1860 4826 2149 4882 tabellario

583 4898 894 4965 didicimus,
923 4906 1175 4973 pietatem
1199 4916 1344 4962 tuam
1380 4926 1488 4964 non
1523 4915 1709 4980 paucis
1755 4920 1985 4986 egregiis
2019 4920 2153 4976 faci-

586 4993 812 5049 noribus
842 4995 1179 5067 insignitam,
1210 5017 1374 5071 quam
1410 5006 1616 5060 utinam
1650 5007 1911 5066 Dominus
1943 5023 1999 5065 ut
2049 5029 2148 5083 pu-

585 5084 770 5153 pillam
801 5089 966 5153 oculi,
999 5092 1194 5146 noxias
1219 5108 1408 5150 omnes
1431 5097 1660 5166 injurias
1683 5112 2031 5169 superantem
2059 5121 2148 5159 cu-

585 5179 804 5247 stodiat,
822 5191 1112 5254 servetque
1128 5186 1193 5240 ad
1211 5186 1383 5257 ipsius
1406 5205 1632 5261 regnum
1653 5197 1796 5263 quod
1811 5194 1865 5250 in
1879 5199 2031 5253 cmlis
2043 5210 2147 5260 est.

952 5278 1173 5335 CCVIII.
1193 5312 1263 5325 -—-
1291 5283 1520 5340 Antonio
1543 5288 1800 5357 episcopo.

2260 3219 2418 3288 χάριν
2453 3219 2807 3288 άρχαῖζοντες
2834 3219 2926 3270 καὶ
2952 3217 3422 3287 πρωταρχοῦντες,
3455 3218 3837 3288 εὖηρέστησαν

2256 3311 2334 3380 τῷ
2362 3311 2550 3380 Κυρίῳ
2575 3311 2673 3363 σὺν
2728 3309 2980 3379 εὐσεϐείᾳ
3033 3312 3516 3379 ἀναστρεφόμενοι.
3550 3313 3745 3386 Ταύτῃ
3774 3313 3836 3384 δὴ

2256 3396 2350 3448 οὖν
2393 3397 2485 3450 καὶ
2524 3396 2583 3449 σὲ
2620 3396 2710 3449 τὸν
2751 3396 3111 3468 πανεύφημον
3161 3399 3254 3451 καὶ
3305 3399 3642 3468 ἐπιπόθητοι)
3679 3402 3838 3471 ἡμῶν

2258 3489 2536 3559 Δεσπότην
2567 3488 2828 3560 φιλοῦμεν
2853 3491 2947 3543 καὶ
2993 3488 3251 3560 αἰτοῦμεν
3283 3488 3522 3542 διέπεινο
3563 3494 3661 3544 καὶ
3711 3494 3837 3546 τού-

2255 3593 2366 3639 τοις
2393 3577 2457 3647 δὴ
2486 3581 2595 3640 τοῖς
2624 3579 2987 3648 σεσωσμένοις
3009 3581 3101 3631 καὶ
3129 3577 3484 3646 ἀξιαγάστοις
3514 3578 3838 3648 ἐναρίθμιον

2254 3669 2526 3736 γενέσθαι.
2559 3671 2668 3722 Καὶ
2699 3672 2771 3740 μή
2826 3688 2907 3722 τοι
2933 3671 3059 3741 δέξῃ
3088 3671 3186 3741 τὴν
3228 3669 3722 3740 ὑπόμνησινήμῶν
3765 3671 3836 3732 ὡς

2252 3758 2642 3829 αὑθαδιασμὸν,
2688 3760 2806 3813 ἀλλ’
2849 3760 2925 3824 ῶς
2958 3761 3310 3830 ἀγαπητικὸν
3333 3763 3568 3832 τρόπον·
3646 3763 3836 3832 ἐπειδὴ

2255 3852 2517 3923 φιλοῦμέν
2543 3869 2602 3905 σε
2641 3850 2895 3921 φιλοῦντα
2927 3850 3020 3904 τὸν
3071 3852 3224 3916 Θεὸν,
3257 3852 3348 3904 καὶ
3393 3852 3552 3920 φίλου
3604 3853 3834 3922 δεῖγμα,

2252 3945 2322 3997 τά
2352 3943 2609 4014 ἐπωφελῆ
2633 3943 2964 4012 φθέγγεσθαι
2983 3943 3061 4014 τῷ
3081 3944 3388 4013 φιλουμένῳ
3405 3960 3416 3972 ·
3461 3944 3604 4012 ὅπερ
3629 3945 3835 4014 δέδειχε

2252 4037 2312 4088 τὸ
2334 4036 2547 4099 εὐτελὲς
2573 4035 2729 4107 ἡμῶν
2758 4038 3013 4108 γράμμα.
3070 4036 3344 4100 Ἀξιώσειε
3373 4036 3430 4088 δέ
3463 4037 3619 4105 ἡμᾶς
3641 4037 3670 4088 6
3702 4039 3837 4103 ἁγαο

2258 4127 2349 4191 θδς
2382 4128 2515 4193 Θεὸς
2536 4129 2694 4199 ἡμῶν
2730 4131 2824 4182 καὶ
2854 4130 2933 4190 εἰς
2971 4129 3069 4198 τὴν
3113 4129 3233 4181 κατ’
3263 4126 3583 4196 ὀφθαλμοὺς
3610 4128 3834 4198 ὁμιλίαν

2251 4221 2351 4290 ὀψέ
2385 4239 2515 4273 ποτε
2540 4221 2735 4286 ἐλθεῖν,
2768 4221 2860 4272 καὶ
2889 4217 3194 4272 ἀπολαῦσαι
3238 4219 3346 4270 τῶν
3381 4221 3438 4272 ἐν
3491 4219 3580 4270 σοι
3611 4220 3796 4272 καλῶν
3820 4236 3834 4251 ·

2256 4310 2343 4363 ἵνα
2394 4312 2494 4364 ὅσα
2529 4313 2556 4364 ὁ
2586 4310 2741 4378 λόγος
2789 4308 2889 4379 τῆς
2934 4308 3104 4379 ἀκοῆς
3140 4309 3201 4360 οὐ
3239 4309 3566 4378 παρίστησι,
3597 4309 3834 4378 ταῦταή

2255 4404 2553 4474 αὑτοπτικὴ
2609 4403 2818 4474 ἱστορία
2867 4403 3195 4468 ὑποδείξασα
3229 4403 3660 4472 ἐνεργεστέρους
3694 4406 3838 4474 ἡμᾶς

2183 4505 2229 4564 ι)
2255 4495 2615 4565 καταστήσειε
2658 4493 2758 4564 τῆς
2790 4493 3011 4564 φιλικῆς
3071 4493 3423 4562 ἀνακράσεως
3450 4508 3465 4522 ο
3527 4495 3836 4565 ἐπειδήπερ

2258 4583 2674 4655 ἐξεδιδάχθημεν
2725 4587 2875 4655 παρὰ
2913 4583 3004 4636 τοῦ
3033 4582 3270 4654 χρηστοῦ
3322 4585 3835 4654 γραμματηφόρου,

2256 4677 2357 4730 οὐκ
2415 4678 2615 4744 ὀλίγων
2663 4676 3108 4747 κατορθωμάτων
3159 4675 3682 4745 κεχαρακτηρίσθαι
3743 4677 3838 4743 τὴν

2258 4769 2540 4822 εὐσέϐειαν
2574 4769 2758 4839 ὑμῶν·
2810 4769 2879 4838 ἢν
2934 4770 3030 4829 καὶ
3065 4766 3379 4820 διασώσειεν
3417 4768 3446 4818 6
3492 4766 3707 4837 Κύριος
3769 4769 3839 4829 ὡς

2257 4859 2424 4930 κόρην
2475 4858 2774 4928 ὀφθαλμοῦ,
2831 4858 3207 4930 ὑπερθέουσαν
3275 4861 3460 4929 πάσης
3527 4859 3838 4930 βλαπτικῆς

2257 4948 2542 5020 ἐπηρείας,
2578 4950 2673 5002 καὶ
2711 4947 2936 5002 σώσειεν
2982 4950 3063 5014 είς
3087 4948 3186 5020 τὴν
3218 4947 3506 5020 βασιλείαν
3544 4950 3722 5005 αὑτοῦ
3746 4951 3838 5022 τὴν

2252 5042 2590 5113 ἐπουράνιον.

2444 5292 2549 5349 ΣΗ⁹
2573 5293 2672 5364 (3).
2693 5289 3069 5353 -Ἀντωνίφ
3091 5287 3428 5354 ἐπισκόπῳ.
3454 5286 3638 5364 [court]

586 5392 817 5446 Studium
856 5397 969 5457 ejus
1007 5407 1126 5458 erga
1153 5393 1337 5447 Christi
1370 5400 1678 5451 conlessores
1714 5403 1980 5465 praedicat:
2007 5412 2111 5457 tum
2149 5406 2481 5518 πιᾶιῖοροιὶιω
2525 5403 2850 5465 Synadorutn,
2883 5406 2939 5453 et
2973 5399 3296 5464 quorumdam
3349 5399 3574 5453 aliorum
3629 5407 3832 5452 mortem

2078 5483 2180 5518 nun
2225 5487 2248 5518 Ἀ
2279 5506 2291 5518 .

2078 5483 2291 5519 nunuat.

655 5537 875 5595 Decenti
921 5542 1339 5612 compellatione
1364 5560 1510 5605 nunc
1537 5563 1633 5606 usa
1665 5559 1748 5607 est
1769 5561 1986 5622 paterna
2020 5568 2149 5608 san-

658 5652 705 5685 ⁸³
735 5653 946 5708 Coloss.
981 5669 1022 5720 ι,
1053 5653 1141 5708 16.

2332 5551 2649 5621 Πρέπουσαν
2664 5547 3050 5623 προσφώνησιν
3079 5547 3383 5620 ὴπατρική
3425 5565 3524 5604 σου
3559 5549 3830 5621 ἁγιωσύνη

2091 5733 2318 5792 ΝΟΤΙΕ.

657 5822 733 5891 (3)
764 5821 820 5878 In
851 5821 974 5882 cod.
1016 5820 1148 5894 Reg.
1179 5829 1303 5881 σια’.
