3976 6322
222 365 360 432 1629

1393 373 1858 432 EPISTOLARU
1868 374 1923 431 M
1962 373 2109 434 LIB.
2173 374 2256 434 ΙΙ.

3294 368 3431 432 1630

211 475 512 544 πεποίηται
540 477 610 532 τὰ
638 476 751 542 νῦν,
782 477 881 532 οὐκ
910 478 994 548 ἐφ’
1022 481 1154 551 ⁴ημῖν
1177 483 1288 545 τοῖς
1316 487 1610 548 ταπεινοῖς,
1635 485 1767 538 ἄπα-

1875 484 2032 539 ctitas
2061 495 2149 539 tua
2205 498 2317 539 non
2371 490 2592 552 propter
2630 494 2731 536 nos
2762 476 3018 543 humiles,
3057 478 3230 542 absit;
3273 479 3432 532 novi-

208 584 272 634 γε
293 584 307 598 ·
350 567 609 640 σύνισμεν
629 570 738 640 γὰρ
766 571 992 634 ἑαυτοὺς
1018 569 1118 625 οἷοί
1142 575 1307 642 ἐσμεν
1343 574 1419 639 ὡς
1451 577 1773 638 ἀποδέοντες

209 653 305 705 καὶ
329 654 439 707 τῶν
468 657 526 710 ἐν
560 657 636 725 τῷ
664 659 876 729 ἐσχάτῳ
903 659 1091 731 βαθμῷ
1129 663 1616 735 ἁπονενεμημένων
1631 667 1774 720 κατὰ

206 748 300 801 τὸν
329 749 430 818 τῆς
460 751 662 821 ἀρετῆς
689 752 875 822 λόγον·
907 756 1040 810 ἀλλὰ
1067 760 1178 822 τοῖς
1209 760 1342 814 πᾶσι
1372 761 1536 824 θείοις
1560 778 1616 813 τε
1656 761 1772 814 Ilu-

208 839 369 908 τράσι
401 842 492 894 καὶ
543 842 900 914 ὀμολογηταϊς
931 845 1120 920 ῶσπερ
1175 867 1259 914 τις
1286 852 1515 920 ἄγγελος
1568 853 1771 921 ἀγαθὸς

209 931 560 1000 ἀναγγέλλων
590 936 658 987 τά
691 942 1190 1008 προσαγορευτικὰ,
1245 943 1341 996 καὶ
1378 944 1612 998 συνδέων
1643 945 1770 1008 τοὺς

207 1024 454 1086 ἅπαντας
500 1027 646 1096 ἡμᾶς
677 1025 754 1078 τῶ
784 1029 1110 1103 άγαπητικῷ
1163 1033 1350 1106 τρόπῳ
1376 1052 1441 1105 γε
1497 1034 1558 1107 [f.
1594 1036 1769 1105 Καίγε

205 1116 406 1190 τοῦτο.]
432 1117 601 1171 Τοῦτο
658 1119 863 1175 δίκαιον
907 1125 1001 1177 καὶ
1045 1126 1340 1194 προσῆκον,
1397 1129 1524 1190 τοὺς
1576 1127 1771 1193 ἄλλους

205 1208 414 1279 ἀλλαχῆ
469 1210 898 1284 διεσπαρμένους
930 1215 1017 1269 διά
1059 1217 1152 1270 τὸν
1199 1218 1355 1286 λόγον
1384 1219 1477 1273 τοῦ
1513 1219 1647 1273 Θεοῦ
1674 1223 1770 1275 καὶ

202 1299 302 1370 τὴν
317 1304 625 1372 μαρτυρίαν
680 1305 774 1358 τοῦ
829 1309 1152 1377 μονογενοῦς
1191 1312 1354 1366 αὑτοῦ
1398 1315 1526 1367 Υἱοῦ
1558 1315 1767 1387 Κυρίου

203 1389 363 1459 ἡμῶν
406 1391 578 1463 Ἰησοῦ
647 1395 906 1466 Χριστοῦ,
967 1400 1304 1470 φθέγγεσθαι
1359 1403 1609 1476 ἀλλήλοις
1657 1410 1769 1472 τοῖς

202 1481 494 1552 γράμμασι
518 1486 611 1537 καὶ
647 1487 1011 1543 συνάπτεσθαι
1057 1495 1439 1562 πνευματικῶς
1473 1498 1585 1559 τοῖς
1637 1498 1768 1551 ὑπο·

204 1573 484 1641 μνήμασι·
517 1575 612 1628 καὶ
678 1577 942 1648 μηδαμῶς
990 1583 1055 1653 τῇ
1091 1584 1305 1656 ἀφωνία
1340 1584 1416 1649 ῶς
1465 1586 1767 1655 τεθνεῶτας

199 1661 533 1731 λελογίσθαι.
559 1666 730 1721 Τοῦτο
766 1669 872 1742 γὰρ
900 1669 1055 1743 ῐσμεν
1080 1677 1172 1729 καὶ
1221 1677 1312 1733 τὸν
1337 1680 1608 1752 μακάριον
1633 1683 1768 1737 ἀπό-

199 1756 388 1809 στολον
418 1756 628 1812 Παῦλον
660 1761 759 1814 σὺν
786 1765 895 1825 τοῖς
927 1766 1222 1835 ὸμοταγόσι
1279 1768 1581 1836 θεοστόλοις
1603 1775 1763 1846 ἀλλή-

193 1846 326 1910 λους
358 1851 632 1936 μακρόθεν
665 1854 1006 1922 φωνοῦντας,
1046 1859 1142 1912 καὶ
1197 1861 1277 1924 εἰς
1308 1862 1500 1916 ταυτὸν
1533 1837 1762 1936 ὲρχομέ-
1792 1837 1837 1895 Β

195 1948 340 2030 νομς.
357 1933 775 2030 τῷᾔσυναπτικῷ
800 1940 960 2030 λόγῳ,
992 1946 1086 1998 καὶ
1113 1945 1173 1998 τὸ
1205 1948 1524 2019 εὐαγγέλιον
1668 1933 1767 2024 βα-

197 2019 406 2115 σιλείας
430 2022 564 2076 Θεοῦ
595 2028 1062 2096 καταγγέλλοντας
1089 2038 1250 2089 παντὶ
1277 2038 1354 2109 τῷ
1377 2041 1567 2113 κόσμῳ
1590 2019 1614 2074 ’⁷
1642 2019 1700 2098 ἐν
1723 2039 1767 2115 ᾧ

194 2111 296 2203 καὶ
321 2113 466 2182 ἡμᾶς
481 2115 541 2168 τὸ
567 2118 788 2188 Πνεῦμα
804 2121 865 2174 τὸ
890 2122 1062 2190 ἆγιον.
1088 2127 1137 2180 εἰ
1160 2130 1254 2181 καὶ
1276 2111 1549 2203 τολμηρὸν
1570 2111 1765 2203 εἰπεῖν,

195 2199 426 2293 θέμενον
457 2210 774 2279 παρεγγυᾷο
814 2210 997 2266 Λάλει
1032 2214 1160 2284 γὰρ,
1187 2219 1344 2289 φησὶ,
1508 2223 1594 2293 μὴ
1630 2199 1768 2280 me);

193 2291 432 2361 πήσῃς,
464 2297 554 2350 ὅτι
575 2300 726 2366 λαός
751 2319 854 2370 μοι
897 2307 1090 2373 πολύς
1115 2309 1288 2364 ἐστιν
1313 2291 1591 2370 ἐνταῦὸαξ
1657 2319 1767 2372 Καὶ

195 2382 436 2476 ἀλλαχοῦ
461 2403 476 2417 θ
499 2387 636 2443 Ἐὰν
662 2393 1116 2462 ὑποστείληται,
1145 2401 1255 2453 οὐκ
1276 2403 1512 2457 εὐδοκεῖ
1531 2407 1568 2474 ἡ
1594 2408 1764 2476 ψυχή

188 2490 315 2540 μου
338 2475 408 2528 ἐν
435 2477 616 2542 αὐτῷ.
648 2479 810 2534 ’Ὥστε
843 2482 1071 2555 φοῦερὸν
1099 2490 1273 2559 κρῖμα
1295 2493 1392 2563 τῆς
1421 2496 1650 2565 σιωπῆς,
1674 2475 1767 2552 καὶ

193 2565 375 2661 ταῦτα
394 2569 451 2622 ὲν
474 2571 610 2661 τῇδε
643 2574 709 2642 τῇ
747 2573 1058 2645 ἑθελοκάκῳ
1097 2584 1370 2650 κωφεύσει
1422 2586 1531 2640 τῶν
1562 2591 1768 2661 αἱρετι-

196 2654 422 2751 ςόντωνᾼ.
471 2659 648 2732 Ὅπερ
709 2663 741 2732 ἡ
798 2665 1072 2739 ἁγιωσύνη
1132 2688 1225 2726 σου
1287 2676 1431 2731 καθὰ
1486 2654 1766 2751 γέγραφεν

195 2749 496 2828 ὲνςργοῦσα
547 2752 863 2828 θεοπρεπῶς
913 2759 1140 2825 πολλοὺς
1171 2770 1508 2837 πειρασμοὺς
1538 2749 1766 2839 ὑφίστα-

197 2839 326 2892 σθαι
353 2841 485 2912 φαίη
519 2846 669 2914 παρὰ
694 2846 801 2900 τῶν
826 2849 925 2902 οὐκ
966 2851 1255 2908 ἐθελόντων
1294 2857 1450 2926 λόγον
1484 2861 1635 2916 ὅσιον
1683 2865 1768 2916 ὲν-

194 2932 466 3000 ηχετσθαι·
509 2935 627 2988 ἀλλ’
674 2939 998 3010 ἡρνημένων
1036 2944 1132 3016 τὴν
1158 2947 1491 3019 θεόγραπτον
1529 2953 1766 3023 Χριστοῦ

194 3023 402 3087 εἰκόνα,
440 3027 536 3096 τῆς
564 3027 848 3099 Θεοτόκου,
875 3035 965 3087 καὶ
1007 3033 1311 3093 οὑτινοσοῦν
1357 3041 1464 3095 τῶν
1502 3041 1767 3113 θεραπόν-

1872 590 1995 630 mus
2022 576 2166 630 enim
2204 575 2303 646 ipsi
2330 576 2518 644 quales
2559 573 2750 636 simus,
2785 581 2970 641 utpote
3025 571 3336 627 miseriores
3362 571 3432 627 iis

1871 668 1963 737 qui
1998 677 2331 738 postremum
2369 667 2585 720 virtutis
2636 664 2863 735 gradum
2902 665 3082 720 sortiti
3135 675 3302 732 sunt;
3334 664 3428 718 sed

1871 769 2092 828 propter
2121 773 2308 812 omnes
2335 757 2552 811 divinos
2586 766 2765 827 patres
2805 765 2859 810 et
2895 756 3256 819 confessores,
3287 756 3434 809 velut

1870 850 2047 904 bonus
2084 849 2302 920 quidam
2353 849 2580 903 nuntius
2634 849 2871 917 alloquia
2925 848 3175 904 deferens
3226 865 3433 919 nosque

1870 956 2060 998 omnes
2094 942 2374 996 charitatis
2415 941 2609 996 all‘ectu
2654 941 2987 995 devinciens.
3025 941 3136 994 Hoc
3170 952 3316 994 certe
3343 940 3435 1010 ju-

1868 1045 2013 1090 stum
2042 1043 2096 1089 et
2122 1034 2472 1097 conveniens,
2505 1048 2600 1087 eos
2630 1033 2721 1100 qui
2751 1032 2856 1086 alio
2879 1032 3109 1102 dispersi
3133 1043 3260 1086 sunt
3304 1047 3432 1097 pro-

1868 1139 1990 1202 pter
2033 1130 2256 1185 verbum
2284 1128 2402 1193 Dei,
2435 1137 2490 1183 et
2544 1128 2980 1182 testiﬁcationem
3014 1126 3277 1196 unigeniti
3313 1128 3434 1197 ejus

1869 1221 1993 1278 Filii
2033 1220 2248 1276 Domini
2292 1219 2466 1275 nostri
2510 1218 2640 1274 Jesu
2690 1218 2927 1285 Christi,
2963 1219 3200 1288 colloqui
3241 1229 3433 1272 mutuo

1868 1330 1964 1385 per
1995 1314 2224 1378 litteras,
2255 1322 2308 1367 et
2325 1311 2674 1382 spiritualiter
2702 1327 2796 1380 per
2843 1311 3296 1366 commonitiones
3317 1308 3433 1364 col-

1869 1402 2060 1473 ligari;
2087 1416 2186 1458 nec
2215 1401 2484 1456 ullatenus
2536 1415 2632 1470 per
2666 1400 2942 1456 silentium
2979 1409 3236 1469 tanquam
3282 1414 3433 1452 mor-

1868 1507 1994 1552 tuos
2021 1494 2278 1565 reputari.
2297 1494 2387 1549 Sic
2415 1493 2559 1548 enim
2579 1493 2783 1548 scimus
2815 1493 3031 1547 beatum
3054 1490 3280 1546 Paulum
3301 1505 3433 1558 apo-

1867 1590 2070 1645 stolum
2100 1600 2227 1641 cum
2256 1583 2421 1640 sociis
2463 1583 2679 1638 eminus
2729 1582 2865 1636 inter
2907 1596 2966 1636 se
3008 1581 3218 1634 locutos
3249 1589 3301 1634 et
3334 1595 3432 1649 per

1866 1680 2258 1736 commercium
2293 1676 2565 1732 sermonis
2594 1690 2701 1730 una
2747 1674 3144 1744 conspirantes,
3187 1671 3434 1743 Evange-

1866 1772 1996 1828 lium
2019 1772 2170 1842 regni
2199 1769 2290 1825 Dei
2310 1768 2666 1824 annuntiasse
2687 1767 2940 1822 universo
2972 1765 3172 1820 mundo
3198 1784 3212 1820 :
3248 1766 3300 1819 in
3325 1779 3435 1835 quo

1865 1879 1963 1920 nos
1992 1863 2154 1918 etiam
2181 1861 2417 1930 Spiritus
2439 1866 2682 1922 sanctus,
2704 1856 2804 1911 etsi
2827 1855 3091 1910 audacius
3112 1864 3198 1910 est
3230 1855 3427 1919 dicere,

1863 1957 2224 2018 constituens,
2263 1955 2482 2008 mandat
2515 1968 2530 2006 :
2571 1949 2824 2020 Loquere,
2848 1950 3043 2018 inquit,
3061 1959 3109 2001 et
3146 1964 3209 2000 ne
3247 1947 3430 2010 sileas,

1863 2049 1987 2119 quia
2004 2047 2223 2116 populus
2239 2063 2379 2100 meus
2394 2043 2590 2099 multus
2607 2054 2681 2097 est
2703 2042 2785 2096 hic
2803 2042 2871 2096 ⁸⁸.
2891 2041 2953 2094 Ει
2966 2039 3093 2093 alibi
3113 2056 3124 2090 :
3143 2037 3202 2093 Si
3222 2037 3433 2092 subtra-

1863 2142 2083 2202 xeritse,
2105 2155 2206 2193 non
2227 2138 2450 2207 placebit
2468 2136 2570 2190 sibi
2588 2136 2769 2190 anima
2790 2150 2902 2188 mea
2923 2131 3085 2186 inillo
3100 2132 3147 2163 ⁸⁸
3195 2131 3431 2197 Quocir-

1864 2252 1927 2291 ca
1950 2233 2295 2291 formidabile
2310 2242 2392 2288 est
2401 2231 2668 2302 judicium
2688 2228 2908 2290 silentii,
2941 2227 2994 2280 in
3018 2226 3118 2280 hac
3135 2225 3431 2294 praesertim

1863 2329 2094 2398 maligna
2119 2325 2393 2382 surdidate
2421 2317 3031 2384 haeretizantiuunQuod
3061 2318 3280 2386 quidem
3302 2332 3429 2369 san-

1863 2421 2020 2479 ctitas
2050 2429 2164 2482 tua,
2196 2416 2652 2487 quemadmodum
2692 2410 2932 2480 scripsit,
2996 2407 3186 2463 sedulo
3212 2406 3431 2475 riteque

1865 2515 1995 2569 dum
2019 2509 2357 2578 exsequitur,
2398 2505 2676 2560 molestias
2699 2503 2959 2573 plurimas
2989 2501 3140 2555 abiis
3170 2498 3428 2559 sustinet,

1864 2607 2191 2676 quisacrum
2222 2600 2446 2654 verbum
2480 2597 2670 2652 audire
2706 2594 2932 2657 nolunt;
2962 2593 3056 2648 sed
3107 2607 3136 2645 a
3184 2590 3294 2644 Deo
3350 2590 3431 2658 pi-

1865 2707 2008 2754 ctam
2032 2693 2258 2755 Christi,
2304 2691 2569 2761 Deiparae,
2602 2687 2684 2742 vel
2709 2684 2957 2755 cujusvis
2979 2696 3262 2739 servorum
3311 2680 3432 2750 ejus

1867 2789 2162 2858 imaginem
2209 2783 2482 2853 rejiciunt.
2511 2779 2682 2846 Perge
2711 2786 2916 2840 autem,
2941 2772 3430 2834 desideratissime,

1865 2880 1958 2950 qui
1990 2892 2146 2946 super
2198 2871 2577 2928 candelabrum
2621 2867 2804 2930 Verbi,
2846 2865 3170 2934 Evangelica
3202 2878 3334 2918 voce
3371 2877 3431 2915 es

1865 2970 2098 3042 positus,
2153 2967 2331 3019 lucens
2378 2965 2434 3016 in
2480 2960 2720 3016 omnibus
2754 2958 2844 3028 qui
2880 2959 2932 3010 in
2956 2958 3108 3010 domo
3137 2954 3332 3018 sunt,"
3371 2961 3432 3007 ut

1867 3063 1959 3133 qui
1988 3059 2177 3115 oculos
2230 3055 2473 3127 aperiunt
2525 3054 2707 3106 lumen
2763 3049 3039 3117 excipiant
3096 3063 3112 3113 ;
3165 3047 3258 3116 qui
3300 3059 3431 3098 vero

194 3131 308 3217 των
320 3118 513 3234 Sirmi.
542 3121 740 3234 M’évou;
764 3111 876 3190 οὖν’,
907 3130 1223 3201 τριπόθητε,
1255 3133 1349 3186 ἐπὶ
1370 3133 1481 3203 τῆς
1503 3111 1766 3206 λυχνίας

1867 3111 2061 3210 sensus
2114 3149 2427 3210 occludunt,
2472 3142 2727 3199 caecitatis
2749 3155 2860 3196 sua:
2911 3136 3430 3205 fructuscolligant;

193 3204 292 3297 τοῦ
320 3207 476 3277 λόγου
520 3213 771 3282 κείμενος
823 3219 1164 3291 εὐαγγελικῷ
1211 3204 1621 3297 προστάγματι-,ὴ
1665 3204 1764 3282 καί

193 3295 453 3366 ,λάμπων
483 3301 632 3355 πᾶσι
659 3305 782 3371 τοῖς
815 3307 886 3360 ἐν
916 3307 990 3376 τῇ
1018 3312 1207 3378 οὶκίᾳο
1261 3313 1334 3377 ὡς
1365 3313 1430 3368 ἂν
1465 3295 1764 3383 άπλοῦντες

193 3389 298 3452 τὰς
330 3389 502 3458 ὄψεις,
529 3393 589 3446 τὸ
618 3395 734 3464 φῶς
777 3398 1131 3470 εἰσδέχοιντο·
1182 3404 1232 3456 οἱ
1291 3405 1352 3459 δὲ
1388 3406 1618 3477 μύοντες
1663 3411 1761 3475 τὰς

195 3481 501 3572 αἰσθήσεις,
547 3487 646 3556 τῆς
677 3489 883 3554 οἰκείας
934 3492 1198 3564 ἀὸλεψίας
1244 3495 1337 3551 τὸν
1393 3502 1605 3570 καρπὸν
1647 3502 1764 3572 δρέ-

195 3571 428 3641 ψωνται.
456 3577 629 3647 Καίγε
660 3579 844 3645 εὔξαιο
874 3584 1031 3638 τοῦτο
1060 3587 1154 3639 καὶ
1175 3589 1319 3658 ἡμᾶς
1355 3594 1648 3656 ποιεῖσθαι,
1668 3571 1762 3650 καὶ

197 3663 456 3735 ἀνένοχον
503 3669 562 3723 τὸ
602 3671 701 3741 τῆς
754 3677 1088 3743 προστασίας
1127 3678 1300 3749 δῶρον
1327 3683 1758 3753 ἀπενέγκασθαι.

199 3756 501 3813 Γινώσκειν
537 3761 594 3814 δέ
637 3780 694 3818 σε
727 3763 1047 3837 βουλόμεθα,
1075 3769 1154 3822 ὅτι
1187 3765 1267 3835 εἷς
1287 3771 1394 3826 τῶν
1423 3773 1762 3846 λαμπτήρων

196 3849 418 3942 ἀπέπτη
451 3853 587 3923 πρὸς
607 3855 836 3926 Κύριονο
875 3853 1031 3924 οὗτος
1054 3861 1117 3934 δὴ
1139 3864 1166 3915 ὁ
1197 3863 1498 3932 ἁγιώτατος
1542 3870 1762 3942 Μητρο-

199 3940 426 4010 πολίτης
486 3945 767 4000 Συνάδων·
829 3952 952 4005 ἐπεὶ
1004 3955 1388 4029 καὶπρότερον
1445 3963 1496 4014 oi
1558 3940 1762 4017 κλεινοὶ

198 4032 422 4100 ἀδελφοὶ
474 4036 569 4089 καὶ
605 4040 865 4109 Πατέρες,
905 4044 1218 4111 Ἀθανάσιος
1257 4050 1285 4101 ό
1339 4049 1434 4103 τοῦ
1482 4053 1761 4106 Παυλοπε-

197 4122 353 4193 τρίου
383 4124 732 4194 καθηγεμὼν,
752 4131 846 4183 καὶ
869 4132 1117 4205 Ἰωάννης
1147 4140 1175 4190 ὁ
1201 4138 1300 4208 τῆς
1329 4141 1599 4195 Χαλκίτου
1628 4144 1761 4197 κειθ·⁵

201 4213 432 4304 ηγητής.
453 4216 562 4268 Καὶ
583 4219 632 4270 οἱ
656 4221 921 4290 αἱρετικοὶ
944 4224 1041 4293 μὲν
1088 4226 1336 4282 δοκοῦσιν
1363 4232 1761 4304 ὑποτέμνεσθαι

1863 3256 1916 3302 et
1954 3259 2050 3299 ora
2081 3242 2286 3310 utique,
2318 3251 2376 3294 ut
2407 3239 2509 3292 hoc
2530 3245 2584 3292 et
2623 3250 2723 3291 nos
2752 3243 3096 3304 praestemus,
3163 3231 3432 3298 culpaque

1866 3348 2096 3390 vacuum
2157 3329 2494 3402 prazfectura:
2576 3327 2780 3381 donum
2852 3331 3216 3392 reportemus.
3275 3315 3430 3371 Scire

1862 3441 2024 3497 porro
2063 3433 2113 3478 te
2135 3422 2407 3485 volumus,
2448 3433 2616 3474 unum
2642 3417 2709 3472 de
2748 3413 3110 3470 luminaribus
3141 3411 3207 3464 ad
3243 3409 3428 3463 Domi-

1863 3535 1991 3572 num
2021 3515 2310 3579 avolasse;
2343 3513 2389 3567 is
2417 3520 2502 3566 est
2528 3508 2909 3564 sanctissimus
2939 3503 3283 3572 metropolita
3326 3502 3430 3570 Sy-

1861 3611 2163 3674 nadorum;
2196 3621 2261 3660 ac
2291 3605 2442 3674 prius
2469 3602 2631 3657 etiam
2680 3600 2972 3671 praeclaros
3006 3596 3200 3651 fratres
3251 3603 3304 3648 et
3333 3608 3435 3663 pa-

1862 3712 2018 3764 tres,
2074 3696 2434 3755 Athanasium
2499 3692 2832 3761 Paulopetrii
2883 3689 3307 3753 moderatorem,
3377 3693 3434 3738 et

1859 3789 2123 3845 Joannem
2155 3795 2420 3841 rectorem
2446 3782 2720 3837 Chalcitze.
2756 3780 2822 3836 Ει
2841 3789 3036 3850 putant
3063 3777 3280 3848 quidem
3317 3776 3431 3830 ha:-

1861 3879 2057 3942 retici,
2122 3888 2409 3931 numerum
2468 3870 2674 3928 succidi
2751 3869 3130 3924 confessorum
3184 3865 3429 3920 Christi:

1861 3969 2113 4038 ignorant
2148 3975 2366 4031 autem,
2400 3963 2748 4020 aemulatione
2800 3960 3158 4030 praeeuntium
3196 3957 3431 4014 athleta-

1860 4075 2006 4122 rum,
2039 4056 2224 4126 augeri
2257 4055 2436 4125 potius
2465 4069 2658 4123 agmen
2707 4049 3118 4105 couvolantium
3140 4088 3156 4113 ,
3193 4057 3430 4102 emtum-

1860 4165 1965 4222 que
1997 4148 2112 4203 alas
2140 4145 2523 4217 explicantium
2563 4161 2577 4196 :
2607 4141 2889 4196 Christum
2941 4153 3069 4194 vero
3101 4137 3280 4191 adhuc
3305 4137 3432 4190 dor-

1860 4241 2018 4302 mire,
2053 4247 2214 4308 atque
2260 4236 2381 4290 aliis
2405 4234 2625 4304 quidem
2680 4231 2903 4300 jauuam
2936 4229 3150 4298 aperire
3184 4227 3424 4281 bonitate

196 4303 260 4395 τὸ
278 4304 666 4377 ὀμολογητικὸν
689 4311 961 4382 πλήρωμα
975 4314 1064 4368 τοῦ
1081 4317 1122 4368 Χ
1134 4320 1340 4385 ριστοῦ.
1387 4323 1664 4391 Ἀγνοοῦσι
1678 4324 1757 4392 δὲ,

1865 4303 2156 4395 ἱιιεπεὺίιὶξ
2216 4303 2446 4382 aliorum
2513 4324 2799 4392 explorare
2848 4321 3091 4375 studium
3144 4316 3427 4389 prOposita

197 4393 282 4446 ὅτι
311 4396 402 4448 καὶ
432 4399 630 4487 μάλλον
656 4401 987 4470 πληθύνεται
1016 4406 1163 4476 ζήλῳ
1187 4411 1293 4462 τῶν
1331 4413 1760 4486 προηθληκὸτων

1865 4393 2348 4487 patientiae-corona
2371 4430 2386 4479 ;
2423 4411 2560 4466 alios
2580 4452 2594 4475 ,
2611 4420 2867 4478 tanquam
2893 4408 3180 4478 probatum
3207 4419 3426 4467 aurum,

200 4486 692 4557 συνανιπτάμενον,
719 4492 814 4542 καὶ
840 4491 900 4542 τὸ
917 4497 1330 4566 περορῤυῆσαν
1354 4502 1515 4570 τυχὸν
1548 4502 1755 4572 στίφος.

1865 4486 2064 4577 ubique
2093 4521 2306 4576 semper
2334 4517 2613 4558 assumere
2670 4502 2736 4554 ad
2789 4500 3036 4554 diadema
3061 4499 3274 4552 decoris
3308 4497 3427 4565 glo-

196 4572 431 4667 Χριστδς
467 4577 522 4631 δὲ
563 4579 643 4632 ἔτι
681 4581 949 4646 καθεύδει,
984 4589 1096 4648 τοῖς
1133 4589 1229 4657 μὲν
1256 4591 1565 4661 ὑπανοίγων
1590 4594 1762 4667 θύραν

1868 4572 2121 4656 τίω-ευω.
2153 4572 2277 4652 Haec
2305 4596 2398 4651 tibi
2425 4611 2456 4650 a
2491 4595 2668 4656 nobis,
2722 4607 2755 4646 ο
2802 4592 2976 4646 beate.
3005 4591 3085 4645 Tu
3113 4604 3240 4645 vero
3269 4604 3429 4658 perge

198 4666 530 4737 χρηστότητι
556 4670 950 4744 ἀνεκδιηγήτῳ,
993 4676 1099 4728 τῶν
1127 4677 1184 4730 δὲ
1211 4680 1519 4751 δοκιμάζων
1553 4685 1644 4739 τὸν
1661 4666 1760 4739 πό-

1867 4687 2035 4742 Deum
2076 4700 2324 4748 exorare,
2364 4691 2421 4737 ut
2455 4699 2641 4753 pacem
2671 4678 2926 4736 Ecclesiae
2963 4695 3078 4735 suae
3124 4679 3426 4747 largiatur;

199 4755 294 4808 θον
343 4759 402 4810 ἐν
462 4760 738 4834 ὑπομονῆς
796 4768 1217 4838 στεφανώματι,
1273 4775 1398 4838 τοὺς
1451 4777 1506 4829 δὲ
1556 4777 1650 4829 καὶ
1683 4777 1760 4844 ὡς

1866 4782 2007 4834 mala
2032 4778 2213 4833 omnia
2247 4776 2482 4831 evelleus
2513 4775 2579 4829 de
2605 4771 2803 4838 medio,
2851 4783 2904 4827 et
2929 4786 3051 4832 nos.
3085 4770 3178 4841 qui
3220 4767 3428 4823 residui

197 4849 863 4925 χρυσὸνδεδοκιμασμένον
909 4859 1340 4929 προσλαμϐάνων
1391 4867 1647 4921 ἑκάστοτε
1677 4873 1755 4936 εἰς

1865 4883 2077 4931 sumus,
2126 4868 2318 4937 dignos
2367 4871 2606 4929 censeat,
2640 4861 2735 4931 qui
2771 4861 2840 4915 ad
2888 4861 3114 4915 intuitus
3165 4872 3429 4928 congres-

199 4939 439 5010 διάδημα
469 4942 698 5006 κάλλους
719 4946 876 5016 δόξης
901 4951 1086 5006 αὑτοῦ.
1105 4952 1287 5007 Ταῦτά
1310 4972 1390 5009 σοι
1417 4975 1490 5009 πα
1499 4959 1547 5026 ρ’
1576 4959 1754 5028 ἡμῶν,

1865 4976 1984 5018 sum
2013 4958 2307 5024 veniamus,
2344 4956 2485 5012 sicut
2517 4967 2706 5026 optare
2731 4961 2784 5009 te
2806 4952 3148 5023 signiﬁcasti.

200 5031 250 5088 ὦ
281 5037 536 5108 μακάριε.
574 5041 743 5105 Αὐτὸς
769 5044 824 5097 δὲ
849 5045 926 5099 ἔτι
948 5047 1322 5119 δυσωπήσειας
1357 5051 1450 5105 τὸν
1502 5052 1655 5115 Θεὸν,
1721 5054 1946 5124 εἰρήνην
2005 5055 2298 5125 ἐμποιῆσαι
2346 5054 2412 5122 τῇ
2453 5051 2616 5105 αὑτοῦ
2657 5050 2958 5120 Ἐκκλησία
2982 5065 2997 5079 ο
3029 5047 3287 5103 ὲκτίλλων
3316 5053 3426 5104 πᾶν

201 5126 373 5180 κακὸν
409 5131 473 5181 ὲκ
507 5131 708 5200 μέσου,
757 5135 849 5188 xui.
896 5138 1021 5201 τοὺς
1081 5141 1570 5214 ὑπολελειμμένους
1624 5144 1770 5214 ἡμᾶς
1809 5145 1975 5210 ἀξιῶν
2001 5149 2082 5209 εἰς
2147 5146 2247 5217 τὴν
2278 5146 2398 5198 κατ’
2465 5141 2775 5212 ὀφθαλμοὺς
2822 5140 3042 5213 ὁμιλίαν
3100 5141 3312 5194 ὲλθείαν
3335 5142 3426 5194 έλ-

202 5224 340 5290 θείν,
372 5224 515 5278 καθά
552 5227 644 5277 καὶ
669 5228 933 5293 εὑκτικῶς
962 5233 1334 5303 ὑπεδήλωσας.

430 5317 548 5372 ΣΘθ.
569 5318 646 5389 (4)
683 5322 972 5389 Διονυσίῳ
996 5325 1323 5393 μονάζοντι.
1352 5327 1535 5402 [mue-'1

2205 5329 2384 5387 CCIX.
2411 5359 2482 5372 —
2511 5330 2765 5400 Dionysio
2792 5329 3065 5386 monacho.

845 5431 1198 5494 Pmnitentem,
1236 5444 1288 5486 et
1311 5437 1370 5486 ad
1403 5447 1554 5487 recta.-
1601 5437 1716 5489 lldei
1772 5442 2134 5493 confesslonem
2180 5457 2458 5502 reversum,
2505 5444 2776 5492 confirmat.

275 5519 340 5604 ρὶ
385 5519 535 5588 παρὰ
579 5520 687 5573 τῶν
731 5521 1109 5592 ἐπιστημόνων
1151 5524 1346 5593 ἰατρῶν
1385 5526 1758 5597 θεραπευόμε·

1930 5530 2032 5597 Qui
2069 5548 2101 5586 a
2150 5532 2340 5604 peritis
2392 5530 2616 5587 medicis
2645 5538 2909 5585 curantur
2949 5525 3283 5585 deteriorum
3332 5521 3422 5579 in-

271 5599 319 5636 "
347 5605 493 5663 Psal.
519 5622 763 5674 xxxviii,
789 5609 880 5667 15.
951 5609 997 5642 ⁸⁸
1018 5607 1182 5666 Hebr.
1218 5627 1274 5680 κ,
1312 5614 1402 5670 38.
1466 5618 1512 5648 ⁸⁸
1541 5614 1728 5672 Matth.
1757 5636 1810 5684 v,
1847 5620 1930 5675 15.

1708 5707 1936 5767 NOTAE.

270 5787 349 5862 (ὁ)
377 5787 435 5846 1η
462 5793 586 5850 cod.
611 5793 742 5862 Reg.
