3976 6322
560 362 693 428 1631

1750 376 1811 434 S.
1850 372 2245 434 THEODORI
2277 373 2626 432 STUDIT/E

3697 377 3831 437 1632

560 477 839 544 spectione
866 493 1007 547 opus
1042 495 1150 535 non
1206 481 1440 553 habent;
1476 487 1581 540 etsi
1628 502 1691 541 ex
1726 487 1992 542 charitate
2024 485 2123 539 ali-

2231 499 2329 549 νοι,
2360 484 2421 536 οὐ
2444 482 2631 553 χρείαν
2656 483 2840 553 ἔχουσι
2859 483 2957 554 τῆς
2980 483 3089 537 τῶν
3109 484 3417 553 ὑφειμένων
3438 484 3823 554 ἐπισκέψεως·

558 582 701 635 quos
738 570 1004 623 interdum
1057 572 1440 631 benevolentes
1491 594 1598 632 non
1634 590 1917 649 respuunt.
1950 578 2132 645 Quare

561 674 1019 725 supervacaneam
1056 679 1168 716 rem
1209 667 1320 735 egit
1379 666 1619 722 fraterna
1668 672 1967 725 reverentia
2018 680 2129 735 tua,

561 764 688 801 cum
727 765 757 803 a
781 751 941 805 Patre
974 763 1163 808 nostro
1183 755 1275 810 Dei
1309 760 1691 814 amantissimo
1720 763 2133 833 archiepiscopo

564 841 849 909 Dyrrachii
900 854 1118 906 sanata.
1179 862 1289 901 non
1324 851 1687 920 conquievit:
1740 855 1831 908 sed
1882 870 1911 908 a
1972 855 2131 910 nobis

559 932 727 985 etiam
759 933 963 989 inlimis
989 949 1043 990 et
1092 937 1319 1005 abiectis
1356 945 1699 999 curationem
1748 948 1994 1016 expetiit.
2026 948 2129 1003 Sed

560 1026 1003 1094 quandoquidem
1037 1035 1306 1098 permovit
1340 1049 1486 1089 nunc
1532 1052 1629 1090 vos
1661 1038 1945 1094 charitatis
1993 1041 2131 1095 ratio

564 1126 623 1169 nt
680 1119 1029 1187 scriberetis;
1088 1125 1358 1192 persuasit
1394 1136 1447 1179 et
1493 1129 1669 1193 nobis,
1712 1131 1807 1199 qui
1848 1132 2003 1185 nihili
2036 1148 2130 1186 su-

563 1226 707 1268 mus.
743 1221 801 1265 ut
863 1214 1015 1269 vobis
1077 1218 1521 1285 rescriberemus,
1568 1223 1831 1291 nobisque
1872 1240 1966 1277 vos
1996 1227 2127 1279 eba-

560 1302 739 1355 ritatis
786 1302 983 1359 affectu
1034 1308 1511 1377 conjungeretnns.
1548 1310 1753 1368 Debent
1810 1315 1978 1383 enim,
2027 1318 2130 1372 etsi

563 1393 712 1447 nulla
746 1410 832 1450 res
860 1407 1037 1463 cogat.
1071 1400 1165 1467 qui
1199 1400 1507 1456 institutum
1542 1404 1679 1458 idem
1714 1409 1945 1474 amplexi
1977 1417 2130 1475 sunt,

560 1486 812 1542 eumdem
842 1491 1004 1544 etiam
1035 1507 1257 1547 sensum
1308 1496 1714 1564 amplectentes,
1756 1511 2004 1556 amanter
2044 1502 2133 1556 in-

560 1583 643 1628 ter
674 1591 733 1630 se
769 1583 1196 1648 eontemperari.
1224 1580 1359 1637 Nam
1396 1601 1461 1639 eo
1494 1589 1637 1655 quod
1664 1591 2020 1659 multiplicata
2050 1601 2131 1647 est

556 1665 848 1735 iniquitas,
908 1670 1191 1728 refrixisse
1237 1676 1557 1731 charitatem
1620 1685 1939 1745 multorum,
1994 1683 2131 1738 dixit

561 1756 823 1815 Dominus
845 1762 910 1816 ⁸⁷.
944 1762 1099 1828 Quod
1132 1766 1298 1835 igitur
1335 1769 1478 1824 circa
1502 1772 1837 1826 curationem
1888 1783 2127 1830 vestram

557 1868 589 1906 a
629 1856 985 1910 sanctissimo
1046 1860 1460 1931 archiepiscopo
1492 1873 1755 1919 statutum
1781 1875 1883 1931 est,
1921 1868 2131 1938 integre

557 1946 905 2005 observetur.
948 1949 1063 2007 Hoc
1091 1968 1221 2009 vero
1252 1954 1633 2023 adhortamur,
1669 1968 1723 2013 et
1751 1961 2127 2026 admonemus,

560 2053 669 2093 non
710 2039 988 2106 fatiscere,
1019 2045 1084 2099 ad
1128 2060 1189 2099 ea
1236 2058 1602 2117 respectantes
1636 2067 1758 2120 quae
1806 2061 1953 2107 retro
1980 2064 2127 2119 sunt,

563 2146 741 2198 neque
788 2134 855 2187 ad
910 2134 1200 2191 exitiosam
1260 2139 1683 2194 submissionem
1741 2143 1824 2197 his
1880 2154 1974 2198 aut
2022 2146 2129 2202 illis

565 2223 901 2290 quibuslibet
954 2226 1174 2282 indiciis
1201 2228 1419 2285 abduci.
1475 2232 1759 2288 Sufﬁciunt
1805 2237 1951 2290 enim
1992 2253 2130 2307 prze-

561 2314 758 2369 terita:
795 2317 861 2370 de
894 2319 1095 2386 quibus
1127 2336 1364 2389 gemere,
1394 2332 1595 2377 etcum
1638 2326 1894 2396 lacryniis
1935 2329 2129 2399 depre-

560 2406 671 2459 cari
712 2419 967 2477 perpetuo
994 2412 1274 2477 debemus,
1319 2418 1530 2483 plorare
1554 2433 1617 2471 ac
1653 2418 1959 2484 lamentari,
1981 2422 2128 2489 quod

560 2512 685 2551 cum
724 2498 964 2567 ejusdem
1002 2502 1221 2560 habitus
1244 2506 1459 2572 fratres,
1487 2510 1870 2580 velutaquilm,
1906 2527 2125 2568 sursum

562 2604 659 2655 per
680 2591 1078 2648 confessionem
1128 2598 1435 2666 evolarint,
1494 2616 1593 2655 nos
1626 2603 1728 2656 sub
1776 2603 2001 2659 haeresis
2047 2606 2129 2658 la-

561 2692 700 2744 queo
736 2679 1086 2750 detinemur;
1123 2686 1365 2756 dumque
1419 2690 1498 2744 illi
1550 2694 1988 2759 persecutionem
2034 2710 2129 2762 pa-

564 2768 793 2837 tiuntur,
824 2788 923 2825 nos
954 2776 1099 2829 domi
1129 2794 1413 2835 manemus
1440 2802 1452 2835 :
1489 2792 1543 2837 et
1574 2800 1699 2838 cum
1733 2786 1811 2840 illi
1845 2803 2019 2857 usque
2060 2790 2124 2843 ad

563 2864 880 2932 martyrium
932 2866 1349 2937 decertaverint,
1393 2889 1492 2928 nos
1551 2886 1861 2945 negatores,
1918 2880 1962 2934 si
2015 2896 2123 2935 non

561 2954 742 3017 corde,
771 2968 866 3007 ore
902 2962 1081 3010 tamen
1109 2974 1401 3029 manuque,
1435 2962 1563 3018 facti
1614 2982 1806 3022 sumus
1838 2987 1852 3022 :
1890 2979 1964 3035 et,
2002 2973 2127 3026 aliis

563 3043 617 3094 in
651 3059 869 3098 carcere
910 3046 1144 3103 detentis
1191 3051 1441 3122 fameque
1477 3058 1704 3123 enectis,
1737 3075 1836 3114 nos
1868 3061 2023 3117 liberi
2071 3072 2125 3118 et

2233 575 2282 627 εί
2313 576 2386 644 μή
2418 590 2470 626 τι
2500 574 2606 644 ἄρα
2639 574 2861 642 ἀγάπης
2889 576 3075 644 τρόπῳ
3107 574 3500 643 ἀφοσιούμενοι
3532 576 3670 637 τοὺς
3699 593 3831 644 γνη-

2236 664 2536 727 σιεύοντας.
2570 664 2733 717 Ὠστε
2760 666 2853 717 καὶ
2884 666 2917 734 ή
2942 664 3204 733 άδελφικὴ
3236 664 3391 733 ὑμῶν
3417 666 3687 733 τιμιότης
3729 681 3827 719 πε-

2236 759 2417 828 ριττόν
2470 775 2522 811 τι
2576 756 2643 811 ἂν
2695 757 3006 828 εἰργάζετο,
3054 757 3203 827 παρά
3248 755 3343 808 τοῦ
3390 756 3829 826 θεοφιλεστάτου

2231 848 2392 918 ήμῶν
2454 850 2661 919 πατρὸς
2712 848 2807 902 καὶ
2858 847 3294 918 ἀρχιεπισκόπου
3357 846 3453 900 τοῦ
3507 850 3829 920 Δυρραχίου

2237 941 2448 994 ίαθεῖσα
2475 944 2569 995 καὶ
2610 942 2685 1010 μὴ
2716 941 3043 1010 ἐμμείνασα,
3085 938 3202 991 ἀλλ’
3238 939 3318 991 ἔτι
3358 940 3453 991 καὶ
3498 941 3639 1010 παρ’
3669 942 3830 1009 ἡμῶν

2230 1032 2341 1086 τῶν
2372 1033 2681 1103 ὑφειμένων
2727 1032 3023 1104 θεραπείαν
3056 1031 3413 1102 ἐπιζητοῦσα.
3458 1033 3605 1085 Ἀλλ’
3644 1035 3779 1086 ἐπεὶ
3801 1041 3829 1089 ὁ

2232 1127 2389 1195 λόγος
2432 1126 2532 1195 τῆς
2580 1126 2802 1194 ἀγάπης
2853 1124 3108 1193 κεκίνηκε
3151 1123 3248 1177 νῦν
3282 1124 3427 1193 ὑμᾶς
3481 1124 3825 1188 ἐπιστεῖλαι,

2234 1221 2465 1273 πέπεικε
2513 1220 2606 1272 καὶ
2664 1220 2812 1288 ἡμᾶς
2862 1221 2987 1282 τοὺς
3037 1218 3359 1287 οὑδαμινοὺς
3403 1218 3827 1270 ἀντεπιστεῖλαι

2234 1314 2384 1383 ὑμῖν,
2410 1313 2504 1365 καὶ
2536 1312 2771 1381 συνάψαι
2812 1312 2949 1382 πρὸς
2983 1313 3207 1375 ἑαυτοὺς
3247 1314 3311 1382 τῇ
3343 1312 3681 1380 ἀγαπητικῇ
3712 1311 3828 1363 δια-

2232 1402 2401 1458 θέσει.
2428 1402 2549 1471 Χρὴ
2591 1402 2722 1470 γὰρ,
2756 1401 2851 1453 καὶ
2880 1400 3003 1471 δίχα
3046 1401 3192 1463 τινὸς
3224 1400 3555 1467 ἀναγκαίου,
3586 1400 3725 1458 τοὺς
3768 1403 3827 1452 τὸ

2230 1498 2364 1551 αὐτὸ
2415 1495 2739 1565 ἐπάγγελμα
2780 1496 3262 1566 ἐπανῃρημένους,
3305 1494 3399 1547 καὶ
3441 1492 3502 1545 τὸ
3549 1493 3691 1546 αὐτὸ
3735 1488 3827 1546 οὖν

2232 1589 2488 1657 φρόνημα
2510 1585 2927 1655 ἀσπαζομένους
2952 1586 3312 1657 άγαπητικῶς
3340 1585 3823 1656 συναηκρᾶσθαι.

2231 1680 2339 1732 Καὶ
2370 1679 2479 1751 γὰρ
2509 1679 2597 1731 διά
2633 1678 2693 1730 τδ
2736 1677 3109 1747 πληθυνθῆναι
3147 1678 3246 1749 τὴν
3277 1678 3533 1747 ἀνομίαν,
3575 1677 3824 1747 ψυγῆναι

2234 1769 2329 1840 τὴν
2375 1770 2484 1823 τῶν
2530 1768 2740 1821 πολλῶν
2774 1770 3015 1839 ἀγάπην,
3049 1771 3077 1822 ὁ
3110 1768 3313 1838 Κύριος
3352 1771 3569 1839 εἴρηκε.
3608 1770 3687 1821 Τὸ
3725 1771 3823 1839 μὲν

2230 1861 2324 1917 οὖν
2350 1862 2449 1932 τῆς
2482 1861 2723 1933 ἰατρείας
2748 1861 2902 1931 ὑμῶν
2945 1862 3086 1915 κατά
3116 1861 3178 1914 τδ
3205 1862 3668 1932 κεκανονισμένον
3719 1866 3823 1917 ὑπὸ

2229 1954 2322 2008 τοῦ
2350 1953 2655 2022 άγιωτάτου
2687 1954 3139 2025 ἀρχιεπισκόπου,
3184 1954 3566 2023 συντηρείσθω
3596 1955 3819 2010 ἀνοτον.

2230 2046 2400 2100 Τοῦτο
2426 2047 2482 2098 δὲ
2508 2047 2886 2117 παραινοῦμεν
2920 2045 3014 2099 καὶ
3042 2045 3565 2115 ὑπομιμνήσκομεν,
3595 2046 3675 2115 μὴ
3699 2047 3823 2114 ὑφι-

2230 2138 2412 2207 ζάνειν
2439 2140 2603 2193 πάλιν
2633 2143 2712 2202 είς
2744 2140 2813 2192 τά
2844 2137 3022 2191 ὀπίσω
3047 2154 3059 2167 ·
3096 2138 3231 2207 μηδὲ
3266 2138 3401 2209 πρὸς
3434 2140 3539 2207 τήν
3562 2138 3823 2211 ὀλεθρίαν

2230 2236 2544 2288 ὑπόπτωσιν
2572 2232 2880 2301 ἀπάγεσθαι
2906 2231 2993 2284 διὰ
3020 2230 3188 2284 τῶνδε
3216 2244 3311 2283 καί
3342 2230 3510 2284 τῶνδε
3535 2232 3652 2283 τῶν
3677 2249 3823 2300 γνω-

2231 2326 2534 2397 ρισμάτων.
2587 2324 2772 2395 Ἀρκεῖ
2810 2324 2919 2394 γὰρ
2971 2323 3067 2375 καὶ
3109 2322 3179 2376 τά
3214 2323 3416 2375 πάλαι·
3456 2323 3548 2391 ἐφ’
3601 2319 3687 2387 οἷς
3730 2327 3823 2378 καὶ

2230 2416 2517 2485 ὀφείλομεν
2550 2415 2755 2467 στένειν
2778 2414 2871 2466 καὶ
2896 2415 3120 2484 ποτνιᾷν
3152 2414 3233 2475 είς
3266 2414 3326 2465 τὸ
3365 2412 3477 2478 ἀεὶ,
3509 2413 3734 2469 κλαίειν
3767 2433 3823 2467 τε

2228 2510 2320 2560 καὶ
2370 2504 2651 2576 οἰμώζειν,
2680 2505 2761 2557 ὃτι
2808 2502 2919 2557 τῶν
2969 2502 3220 2571 ἀδελφῶν
3251 2504 3618 2574 ὀμοσχήμων,
3652 2525 3823 2577 μετα-

2229 2600 2464 2654 σθέντων
2488 2598 2563 2662 ὼς
2593 2596 2768 2651 ἀετῶν
2803 2596 2939 2666 ὑψοῦ
2968 2598 3033 2666 τῇ
3062 2594 3323 2665 ὁμολογίᾳ
3348 2611 3361 2624 ·
3388 2597 3559 2665 ἡμεῖς
3587 2598 3701 2650 ὑπὸ
3726 2616 3823 2650 πα-

2227 2688 2354 2759 γίδα
2386 2687 2775 2759 κεκρατήμεθα
2807 2688 2907 2757 τῆς
2954 2686 3254 2755 αἱρέσεως·
3291 2687 3572 2741 κάκείνων
3629 2690 3823 2741 διωκο-

2231 2780 2428 2851 μένων,
2464 2781 2626 2848 ἡμεῖς
2669 2778 2809 2832 οἴκοι
2842 2777 3109 2848 μένομεν·
3134 2777 3228 2829 καὶ
3271 2777 3439 2831 τῶνδε
3489 2779 3821 2848 ἠθληκότων

2230 2870 2597 2944 μαρτυρικῶς,
2626 2871 2786 2942 ήμεῖς
2814 2870 3027 2939 ἔξαρνοι
3058 2871 3367 2939 γεγόναμεν
3400 2872 3551 2939 χειρὶ
3574 2871 3675 2922 καὶ
3696 2871 3817 2922 στόο

2229 2981 2380 3035 ματι,
2412 2963 2515 3017 κᾶν
2554 2964 2613 3016 οὐ
2640 2960 2838 3032 καρδία
2857 2977 2871 2992 ·
2904 2961 2998 3013 καὶ
3018 2960 3190 3014 ἄλλων
3221 2960 3685 3029 φυλακιζομενων
3725 2964 3819 3014 καὶ

2226 3056 2751 3128 λιμοκτονουμένων,
2793 3052 2954 3123 ἡμεῖς
2977 3052 3037 3105 ἐν
3064 3052 3217 3122 ἀδείᾳ
3250 3052 3535 3121 διήγομεν.
3569 3053 3702 3117 Πῶς
3726 3050 3819 3106 οὖν

560 3134 738 3187 securi
797 3136 1050 3192 vivimus.
1109 3139 1228 3205 Quo
1280 3143 1447 3211 igitur
1478 3148 1641 3202 modo
1675 3149 1789 3204 haec
1817 3152 1998 3207 animo
2024 3169 2127 3209 ver'

2248 3152 2348 3204 οὑκ
2368 3147 2695 3219 ἐνθυμητέον
2721 3145 2913 3209 ταῦτα,
2938 3144 3034 3199 καὶ
3056 3144 3144 3198 διὰ
3166 3144 3290 3197 τάδε
3317 3144 3576 3216 ὣυρτέον
3604 3164 3620 3213 ;
3645 3166 3664 3198 ι
3697 3146 3819 3207 Πῶς

558 3225 729 3279 sanda
800 3242 908 3280 non
966 3241 1113 3295 sunt,
1173 3233 1256 3285 vel
1313 3236 1506 3289 horum
1551 3253 1718 3295 causa
1774 3256 1881 3297 non
1940 3243 2131 3314 lugen-

563 3316 738 3370 dum?
772 3336 791 3368 ι
828 3319 947 3384 Quo
980 3333 1175 3390 pacto,
1205 3325 1280 3379 ait
1308 3342 1533 3397 magnus
1566 3328 1817 3399 Basilius,
1868 3348 1992 3389 cum
2026 3334 2132 3392 Job

559 3424 695 3475 ero,
746 3412 837 3480 qni
882 3428 978 3467 nec
1038 3415 1320 3470 minimam
1369 3419 1714 3476 alllictionem
1771 3440 1895 3479 cum
1926 3430 2131 3497 gratia-

560 3517 683 3556 rum
735 3506 951 3559 actione
1001 3510 1267 3577 suscepi?
1316 3514 1591 3580 quomodo
1636 3530 1761 3569 cum
1798 3534 2133 3591 unoquoque

561 3604 921 3665 sanctorum,
985 3602 1078 3670 qui
1120 3619 1216 3671 per
1269 3618 1459 3659 eorum
1518 3608 1744 3678 vestigia
1804 3612 1968 3665 vitam
2022 3629 2131 3667 non

558 3686 736 3740 duxi?
771 3707 791 3738 ι
841 3688 1045 3755 Videte,
1078 3692 1299 3757 fratres,
1340 3696 1645 3765 cujnsmodi
1678 3702 1788 3753 sint
1843 3712 2078 3756 terrores
2111 3722 2124 3758 :

559 3786 826 3843 quantum
887 3779 1190 3836 intercedat
1244 3783 1591 3839 discriminis.
1656 3785 1799 3851 Quid
1845 3789 2126 3853 proderit,

561 3868 772 3936 inquit,
813 3871 1051 3934 homini,
1102 3873 1149 3925 si
1212 3875 1510 3927 universum
1568 3877 1823 3929 mundum
1870 3878 2128 3944 lucretur,

559 3961 752 4015 anima
798 3978 917 4016 vero
961 3978 1072 4017 suae
1115 3964 1482 4019 detrimentum
1524 3969 1765 4035 patiatur
1785 3967 1881 4021 3°?
1942 3967 2131 4025 Nonne

562 4049 675 4105 haec
724 4051 937 4107 Domini
991 4068 1093 4109 vox
1146 4055 1275 4109 est?
1321 4054 1637 4111 Timeamus
1694 4073 1824 4127 ergo
1873 4068 1929 4114 et
1996 4076 2129 4115 con-

563 4140 941 4196 tremiscamus
987 4161 1001 4197 :
1057 4157 1121 4197 ac
1174 4142 1242 4198 de
1314 4144 1589 4212 prioribus
1644 4145 1862 4213 quidem
1910 4146 2125 4201 veniam

562 4246 723 4300 porro
754 4232 1146 4299 imploremus;
1176 4232 1230 4286 in
1260 4243 1535 4299 posterum
1568 4243 1746 4289 autem
1772 4244 1919 4289 recto
1942 4250 2129 4305 gressu

561 4324 925 4389 ambulemus.
990 4341 1100 4381 non
1156 4328 1472 4383 vacillantes
1510 4330 1619 4384 ullo
1653 4330 1837 4395 modo,
1874 4348 2049 4402 neque
2074 4333 2130 4387 in

559 4419 697 4469 duas
728 4428 925 4485 partes,
960 4417 1107 4488 quod
1163 4421 1425 4487 scriptum
1484 4431 1604 4485 est,
1638 4423 2007 4480 claudicantes
2036 4424 2081 4457 ⁸⁹
2110 4441 2127 4492 ;

2234 3241 2450 3311 ἔσομαι,
2479 3239 2643 3309 φησὶν
2666 3240 2694 3291 ὀ
2722 3239 2893 3308 μέγας
2927 3236 3223 3302 Βασίλειος,
3282 3236 3420 3305 μετά
3467 3235 3593 3290 Ἰὼϐ
3619 3238 3648 3288 ὁ
3682 3237 3817 3306 μηδὲ

2232 3333 2328 3404 τὴν
2360 3330 2624 3401 τυχοῦσαν
2672 3330 2855 3399 θλίψιν
2921 3330 3039 3399 μετ’
3084 3328 3429 3399 εὐχαριστίας
3474 3328 3811 3397 δεξάμενοςς

2232 3423 2349 3486 πῶς
2370 3424 2427 3476 δὲ
2453 3421 2571 3492 μεθ’
2605 3421 2835 3475 ἑκάστου
2877 3420 2986 3474 τῶν
3034 3420 3227 3488 ἁγίων,
3270 3423 3297 3472 ὁ
3328 3422 3405 3489 μὴ
3459 3422 3577 3482 τοῖς
3609 3420 3815 3488 ἴχνεσιν

2232 3516 2410 3570 αὐτῶν
2448 3515 3020 3586 ἐμπολιτευσάμενοςς
3076 3531 3095 3564 ι
3144 3512 3364 3582 Ὀρᾶτε,
3403 3510 3659 3577 ἀδελφοὶ,
3713 3505 3811 3562 οἷοι

2231 3611 2281 3664 οἱ
2307 3608 2647 3682 φοϐερισμοὶ,
2678 3603 2767 3662 οἷα
2794 3608 2862 3660 τά
2901 3606 3265 3676 διαστήματα.
3314 3604 3395 3665 Τί,
3428 3606 3633 3674 φησὶν,
3666 3605 3809 3674 ὠρε-

2229 3694 2410 3762 λήσει
2445 3695 2777 3766 ἄνθρωπον,
2810 3693 2921 3747 ἐὰν
2942 3694 3089 3747 ὅλον
3108 3694 3215 3747 τὸν
3248 3695 3485 3761 κόσμον
3510 3692 3807 3761 κερδήσῃ,

2229 3785 2345 3853 τὴν
2381 3784 2449 3838 δὲ
2492 3784 2707 3853 ψυχὴν
2744 3782 2930 3839 αὐτοῦ
2972 3779 3268 3851 ζημιωθῇ;
3296 3783 3431 3851 Οὐχὶ
3474 3781 3572 3835 τοῦ
3604 3784 3807 3851 Κυρίου

2232 3880 2383 3949 φωνή
2427 3875 2838 3947 αὖτη;οὑκοῦν
2886 3875 3217 3945 φοϐηθῶμεν
3257 3874 3352 3928 καὶ
3399 3877 3803 3945 τρομάξωμεν·

2231 3971 2467 4040 καὶπερὶ
2496 3970 2597 4041 μέν
2616 3988 2667 4022 τι
2695 3968 2802 4023 τῶν
2822 3968 3104 4038 προτέρων
3125 3967 3406 4038 δεηθῶμεν
3428 3962 3511 4023 ἔτι
3534 3968 3639 4039 τὴν
3671 3984 3804 4035 συγο

2231 4063 2470 4134 χώρησιν
2488 4080 2501 4092 ·
2534 4063 2670 4131 πρός
2691 4077 2752 4114 τε
2768 4061 2838 4114 τά
2858 4060 2985 4131 ἑξῆς
3010 4060 3341 4132 βαδιούμεθα
3356 4061 3805 4132 ὀρθοποδοῦντες,

2236 4153 2355 4225 μηδ’
2382 4153 2517 4217 ὅλως
2560 4152 2928 4223 σκελιζόμενοι
2951 4167 2967 4183 ’
3001 4152 3124 4224 μηδ’
3154 4152 3241 4206 ἐπ’
3284 4153 3631 4223 ἀμφοτέραις
3694 4155 3808 4215 ταῖς

2234 4245 2443 4315 ίγνύαις
2474 4245 2865 4317 χωλανοῦντες,
2924 4246 3063 4300 κατά
3118 4245 3178 4298 τὸ
3227 4247 3656 4315 γεγραμμένον
3693 4245 3806 4298 ἀλλ’

2232 4336 2665 4407 εὐθυποροῦντες
2690 4339 2748 4390 ἐν
2768 4340 2890 4399 ταῖς
2924 4336 3161 4399 ἐντολαῖς
3181 4336 3275 4389 τοῦ
3304 4336 3440 4388 Θεοῦ
3461 4351 3477 4365 ·
3504 4337 3610 4405 τὴν
3626 4338 3808 4389 πίστιν

2234 4429 2530 4500 ἀκραιφνῆ,
2561 4429 2659 4499 τὴν
2702 4427 2978 4482 πολιτείαν
3023 4427 3312 4499 ἀκίϐδηλον
3352 4427 3758 4498 συντηροῦντες
3785 4444 3802 4459 ⁸

560 4508 655 4562 sed
694 4512 747 4562 in
783 4508 875 4564 Dei
932 4511 1204 4566 mandatis
1258 4522 1401 4566 recta
1428 4513 1758 4579 incedentes,
1809 4515 1969 4569 fidem
2007 4517 2123 4571 sin-

2235 4522 2321 4573 ’ίνα
2354 4520 2868 4589 κληρονομήσωμεν,
2906 4519 3007 4572 οὐκ
3048 4520 3272 4589 ἀγροὺς,
3307 4518 3401 4572 καὶ
3442 4519 3804 4588 ἀμπελῶνας,

559 4617 761 4665 ceram,
808 4603 1083 4671 vitamque
1118 4604 1227 4656 (loli
1278 4612 1549 4671 expertem
1601 4616 2029 4671 conservantes;
2068 4617 2128 4662 ut

561 4695 929 4750 hereditatem
984 4694 1368 4762 adipiscamur,
1418 4710 1523 4748 non
1558 4710 1813 4764 agrorum
1862 4706 1915 4750 et
1942 4698 2125 4752 vinea-

562 4798 776 4851 rum,et
797 4789 1044 4852 ficorum,
1073 4796 1127 4841 et
1172 4802 1505 4857 quaecunque
1543 4799 1672 4842 sunt
1742 4789 1905 4842 morti
1945 4788 2122 4842 obno-

563 4882 664 4935 xiae
692 4890 746 4935 et
774 4880 1141 4950 corruptibilis
1175 4882 1298 4935 vitae
1329 4897 1344 4946 ;
1380 4880 1472 4934 sed
1526 4880 1793 4935 bonorum
1827 4896 1948 4950 qua:
1984 4896 2115 4949 pro-

563 4974 729 5027 missa
762 4983 909 5039 sunt,
940 4973 1064 5027 vitae
1085 4982 1319 5036 αξιοι-ηαξ,
1350 4973 1611 5043 regnique
1636 4973 1925 5027 caelorum.
1960 4971 2118 5039 Quod

560 5063 707 5118 enim
742 5064 1036 5119 contrariis
1059 5064 1371 5119 actionibus
1401 5063 1726 5131 rependatur
1752 5076 1964 5118 merces
1995 5064 2129 5133 ipsis

560 5156 858 5221 contraria,
883 5156 1024 5211 absit
1054 5164 1114 5209 ut
1144 5155 1445 5225 cogitemus
1466 5166 1556 5208 aut
1580 5156 1845 5211 dicamus.
1879 5155 1991 5210 Pax
2024 5171 2123 5210 vo-

564 5249 666 5312 bis.
705 5248 899 5303 fratres
930 5249 985 5303 in
1036 5248 1289 5302 Domino.
1347 5246 1562 5302 Paciﬁci
1615 5257 1789 5304 estote
1849 5250 2121 5322 invicem;

562 5351 713 5395 orate
745 5357 843 5411 pro
879 5342 1038 5398 nobis
1059 5340 1326 5397 fratribus
1353 5358 1369 5409 ;
1401 5342 1790 5399 consolamini.

2233 4609 2328 4662 καὶ
2358 4609 2549 4672 συκᾶς,
2586 4608 2680 4660 καὶ
2706 4607 2806 4661 ὅσα
2835 4607 2935 4678 τῆς
2976 4607 3243 4676 ἐπικήρου
3291 4608 3385 4659 καὶ
3430 4608 3806 4679 φθειρομένης

2234 4698 2377 4769 ζωῆς
2396 4716 2410 4731 ·
2442 4699 2579 4753 ἀλλά
2610 4698 2679 4751 τὰ
2711 4701 2770 4751 ἐν
2802 4699 3154 4766 ἐπαγγελίαις
3183 4698 3384 4765 ἀγαθὰ,
3402 4699 3507 4770 τὴν
3530 4700 3682 4771 ζωήν
3712 4704 3805 4772 τὴν

2232 4793 2467 4855 αἰώνιον,
2498 4794 2598 4864 τὴν
2640 4791 2917 4862 βασιλείαν
2950 4790 3058 4843 τῶν
3095 4790 3364 4860 οὐρανῶν.
3400 4791 3480 4843 Τὸ
3510 4794 3625 4863 γὰρ
3654 4796 3806 4846 ἐναν-

2226 4889 2337 4939 τίον
2362 4888 2426 4938 ἐκ
2449 4886 2557 4939 τῶν
2588 4884 2844 4938 ἐναντίων
2877 4883 3129 4955 πράξεων
3159 4883 3486 4953 ἀπάντημα,
3513 4884 3687 4955 ἀπείη
3711 4886 3801 4937 καὶ

2225 4980 2422 5032 ἐννοεῖν
2457 4980 2551 5031 καὶ
2588 4977 2787 5046 λέγεινς
2820 4977 3018 5047 Εἰρήνη
3047 4976 3198 5045 ὑμῖν,
3228 4976 3455 5044 ἀδελφοὶ
3484 4978 3546 5029 ἐν
3583 4978 3793 5049 Κυρίῳ.

2227 5069 2546 5141 Εἰρηνεύετε
2592 5071 2649 5122 ἑν
2696 5066 3231 5139 ἀλλήλοιςοεῠχεσθε
3279 5067 3423 5141 ὑπὲρ
3476 5068 3646 5139 ήμῶν
3694 5067 3798 5121 τῶν

2223 5160 2467 5229 ἀδελφῶν
2485 5176 2501 5191 ⁸
2528 5159 2938 5233 παρακλήθητε.

636 5522 678 5553 ⁸⁷
701 5520 891 5579 Matth.
924 5540 1070 5591 xxw,
1099 5524 1182 5579 12.
1260 5525 1305 5559 ⁸⁸
1333 5524 1521 5583 Matth.
1556 5543 1666 5593 xvi,
1688 5529 1778 5586 36.
1854 5531 1899 5564 ”
1927 5529 2093 5589 Hebr.
2118 5546 2217 5596 ιιι,
2256 5530 2340 5585 l3.

2140 5732 2208 5749 ἒ
