3976 6322
237 307 363 373 lﬁ33

793 504 973 570 μέων.
1013 504 1191 579 [ωκη’]

1408 323 1940 390 EPISTOLARUM
1995 332 2139 392 LIB.
2191 333 2273 395 II.

291 426 366 479 ΣΥ
404 427 483 498 (5)
524 454 594 470 --
636 428 868 516 Ἰωσὴφ,
906 437 1331 516 καθἠγουμένῳ
1373 439 1492 493 τῶν
1538 446 1718 511 Κερα-
1816 453 1861 507 Α

3322 343 3465 410 1634-

2030 449 2189 505 CCX.
2216 481 2286 491 —
2319 449 2547 522 Joupho
2589 453 2872 522 praeposito
2894 450 3281 511 Cerameorum.

710 614 869 666 Deﬁet
894 613 1082 666 obitum
1104 620 1452 684 metropolitae.
1470 623 1662 673 Deinde
1680 623 1812 674 hunc
1836 625 2104 687 Josephum
2127 627 2186 675 ad
2208 632 2631 689 perseverantiam
2651 631 2941 681 cohortatur

288 697 400 750 Kal.
431 698 538 769 πρὸ
563 699 661 770 τῆς
699 701 963 766 ἐλεύσεως
1005 705 1097 758 τοῦ
1133 707 1298 760 καλοῦ
1342 709 1571 779 Σεργίου
1618 713 1786 780 ἠκου-

207 788 375 856 τίσθη
433 790 566 860 ἡμῖν
624 790 684 843 τὺ
734 794 862 864 περὶ
919 794 1012 848 τὸν
1056 797 1325 867 μακάριον
1363 801 1784 873 Μητροπολίτην

207 880 414 942 πένθος
448 880 623 950 ὑμῶν,
656 876 700 935 ὦ
732 885 948 953 ἀδελφοὶ
987 888 1306 956 τιμιώτατοι
1329 906 1344 921 ο
1369 893 1461 945 καὶ
1482 894 1605 948 ὅσον
1631 895 1783 946 ἐστε-

205 971 480 1040 νάξαμεν,
517 974 810 1044 προσθείην
860 977 905 1029 δ’
932 976 1020 1042 ἂν,
1066 981 1161 1032 καὶ
1203 981 1602 1054 ὲδακρύσαμεν,
1645 981 1783 1038 οἶδεν

201 1066 236 1116 6
269 1066 378 1116 τῶν
416 1069 673 1134 κρυπτῶν
723 1068 879 1138 lCod.
912 1074 1044 1141 Reg.
1069 1073 1362 1148 γνώστης.]
1411 1078 1629 1147 Ἐπειδὴ
1665 1096 1779 1132 κοι-

202 1160 300 1221 νὸς
331 1163 358 1212 6
390 1161 574 1231 Πατὴρ
608 1163 700 1215 καὶ
736 1162 890 1232 ὑμῶν
915 1167 1009 1218 καὶ
1048 1166 1224 1236 ἡμῶν,
1258 1168 1408 1236 φίλος
1454 1186 1512 1222 τε
1545 1173 1733 1235 πιστός
1760 1189 1774 1203 ”

203 1250 272 1301 τὸ
310 1251 459 1318 παρά
491 1254 627 1304 πᾶσι
656 1252 984 1323 ζητούμενον
1013 1259 1105 1310 καὶ
1131 1258 1352 1312 σπάνιον
1370 1261 1773 1333 εὑρισκόμενον.

205 1335 282 1391 Ὦ
306 1341 422 1402 πῶς
442 1342 712 1394 κατέπεσε
746 1343 934 1408 στύλος
951 1347 1048 1414 τῆς
1065 1346 1390 1414 Ἐκκλησίας
1404 1351 1738 1420 ἀκράδαντος
1762 1373 1776 1421 ;

205 1430 326 1493 πῶς
353 1430 411 1482 δὲ
451 1431 762 1504 ἀπεσϐέσθη
806 1436 923 1501 φῶς
962 1435 1067 1488 τῶν
1107 1439 1165 1489 ἐν
1199 1438 1402 1506 σκότει,
1436 1443 1530 1495 καὶ
1556 1443 1617 1496 τὸ
1646 1445 1778 1514 ὑμέ-

200 1541 370 1593 τερον
407 1525 696 1578 ίδιαίτατον
744 1527 1045 1598 αΰγασμας
1078 1531 1335 1602 σεσίγηκε
1365 1535 1587 1601 γλῶσσα
1628 1538 1778 1606 ἡδυε-

202 1616 338 1686 πὴς,
369 1615 541 1687 ᾤχετο
591 1619 717 1683 νοῦς
754 1621 1218 1690 ὲμφρονέστατος·
1268 1625 1592 1698 ὑπεσπὰσθη
1636 1629 1776 1700 ἔρει-

203 1723 324 1775 σμα
354 1708 609 1775 πίστεως,
663 1713 945 1782 πρόμαχος
989 1714 1355 1784 Ἐκκλησιῶν,
1387 1714 1652 1792 μειλίχιός
1683 1723 1771 1776 λό-

199 1814 326 1864 γος,
386 1800 665 1870 πειθήνιος
712 1806 860 1874 φωνὴ
889 1820 901 1834 ⁸
946 1807 1048 1859 πᾶν
1093 1808 1216 1863 ὅσον
1262 1812 1426 1864 καλὸν
1470 1816 1561 1868 καὶ
1587 1816 1772 1887 ᾅδεται

199 1887 452 1956 περὶτοῦ
486 1890 678 1958 ἀνδρὸς
709 1893 802 1946 καὶ
834 1895 1180 1964 γνωρίζεται.
1203 1899 1314 1953 Καὶ
1346 1902 1671 1974 γεγόναμεν,
1709 1906 1768 1959 οὐ

198 1976 348 2044 λέγω
374 1977 435 2030 τὸ
466 1979 618 2049 ὑμῶν
643 1982 823 2052 μόνον,
850 1983 984 2038 ἀλλὰ
1011 1988 1106 2040 καὶ
1135 1991 1274 2043 κατά
1313 1991 1371 2044 τὸ
1419 1994 1525 2047 τῶν
1560 1995 1769 2066 ὀρθοδό-

197 2066 310 2131 ξων
336 2070 632 2142 πλήρωμα,
663 2074 887 2143 ὀρφανοὶ
913 2078 1004 2129 ἐπὶ
1035 2081 1433 2150 προλαὸούσαις
1461 2087 1766 2154 ὀρφανίαις.

199 2160 519 2230 Προῦλαὸεν
553 2165 638 2218 ὅδε
680 2167 707 2218 ὁ
774 2168 1044 2238 μακάριος
1101 2174 1330 2245 Πατήρο
1399 2179 1771 2252 ἐπηκολούθη-

197 2269 295 2305 σεν
322 2255 506 2326 ἕτερος
532 2273 545 2287 ·
582 2259 900 2330 συναπέπτη
927 2262 1082 2327 ἄλλος
1099 2279 1110 2293 ·
1142 2267 1326 2335 σχεδὸν
1349 2269 1548 2334 πάντες
1577 2274 1626 2326 ot
1659 2292 1770 2342 φω-

196 2349 399 2416 στῆρες
431 2350 542 2401 τῶν
579 2350 787 2405 πιστῶν
842 2353 1055 2421 ἔδυσαν,
1108 2360 1302 2430 κομιδῇ
1351 2362 1546 2430 ὀλίγων
1571 2367 1769 2419 ἐναπο-

192 2436 548 2505 λειφθέντων.
585 2441 696 2495 Καὶ
733 2445 1019 2512 στυγνὰζει
1074 2449 1174 2517 μὲν
1228 2453 1254 2503 ὁ
1315 2454 1562 2523 οὐρανὸς,
1617 2459 1768 2528 νέφει

191 2530 622 2600 περιεχόμενος·
652 2534 941 2602 στυγνάζει
975 2536 1030 2589 δὲ
1073 2539 1154 2591 ὅτι
1186 2539 1420 2605 μάλιστα
1467 2548 1500 2615 ἡ
1538 2548 1768 2620 Ἐκκλη-

193 2621 292 2673 σία
321 2621 435 2686 νῦν,
463 2624 588 2686 τοὺς
626 2625 861 2698 ἀστέρας
917 2629 1088 2699 αὐτῆς
1140 2630 1572 2705 ἀποϐεϐληκυῖα.
1620 2641 1765 2711 Πλὴν

188 2716 348 2784 ὅμως
379 2716 408 2767 6
439 2715 538 2784 τῆς
562 2715 908 2791 δικαιοσύνης
939 2722 1088 2792 ἦλιος
1115 2723 1303 2794 εἴληφε
1349 2730 1474 2792 τοὺς
1520 2733 1765 2802 Πατέρας

187 2805 358 2878 [(ἒοᾱ.
394 2805 526 2874 Reg.
556 2808 838 2883 ἀστέρας.]
871 2813 1124 2885 μακαρίῳ
1149 2815 1725 2888 τέλειάποόιὼσαντας
1745 2843 1761 2857 ο

188 2899 292 2951 καὶ
332 2900 493 2961 αὐτὸς
531 2902 796 2973 ὑπέσχετο
826 2906 938 2971 ἕως
980 2907 1091 2975 τῆς
1117 2915 1475 2980 συντελείας
1523 2915 1630 2969 τοῦ
1677 2919 1766 2969 αὶ-

187 2989 350 3056 ὧνος
397 2991 615 3046 ἔσεσθαι
665 2995 782 3062 μεθ’
817 2996 994 3065 ἡμῶν.
1028 3000 1189 3053 Ὥστε
1238 3005 1285 3056 εί
1327 3005 1422 3057 καὶ
1451 3005 1669 3076 λυπηρὰ
1695 3011 1764 3064 τὰ

187 3086 440 3156 παρόντα
465 3105 478 3117 ·
501 3089 634 3143 ἀλλὰ
656 3091 816 3143 πάλιν
839 3095 1113 3166 περιχαρῆ
1135 3096 1223 3150 διὰ
1262 3098 1360 3170 τὴν
1418 3100 1632 3168 ἐλπίδα,
1681 3105 1762 3157 ὅτι

186 3177 390 3247 ἔχομεν
439 3182 516 3242 εἰς
567 3181 701 3234 Θεὸν
723 3183 851 3245 τοὺς
879 3184 1128 3257 Πατέρας
1148 3189 1302 3258 ἡμῶν
1326 3192 1758 3262 ὑπερασπιστὰς.

185 3270 398 3323 ἄνωθεν
433 3273 831 3338 ὲποπτεύοντας
858 3277 1002 3347 ἡμᾶς
1044 3279 1218 3346 ἰλεως,
1267 3284 1362 3336 καλ⁴
1413 3286 1762 3356 κάμπτοντας

185 3364 273 3424 εἰς
298 3363 387 3414 τὸν
419 3364 548 3433 περὶ
599 3365 746 3434 ἡμᾶς
805 3362 1004 3434 οἶκτον,
1057 3371 1153 3440 τὴν
1208 3373 1372 3428 αὑτοῦ
1424 3379 1756 3450 ἀγαθότητα.
1788 3394 1832 3455 c

181 3455 393 3508 Λοιπὸν
432 3457 515 3526 ἐφ’
547 3457 673 3527 ὑμῖν
710 3461 1100 3531 ἐπιστρεπέος
1135 3465 1162 3516 ὁ
1191 3463 1366 3533 λόγος.
1390 3469 1464 3521 Οὐ
1506 3469 1756 3540 ποίμνιόν

183 3546 316 3597 ἐστε
347 3548 714 3617 ἠπορημένον,
739 3545 783 3601 ὦ
813 3551 1050 3618 ἀδελφοί.
1101 3553 1160 3606 '0
1187 3557 1295 3628 γὰρ
1319 3559 1478 3623 καλὸς
1502 3562 1756 3632 ἀρχιποί-

186 3653 303 3705 μην
334 3637 507 3704 ὑμῶν,
544 3641 572 3690 ὁ
615 3639 708 3692 τοῦ
746 3643 1016 3710 μακαρίου
1068 3645 1276 3717 Πέτρου
1333 3651 1427 3704 τοῦ
1456 3655 1753 3707 ἀποστόλου

182 3729 506 3798 ὁμώνυμος,
539 3729 637 3799 ἤδη
690 3731 784 3784 καὶ
817 3733 1061 3788 ὲτύπωσε
1095 3739 1195 3800 καὶ,
1237 3741 1631 3812 ὲστοιχείωσεν,
1674 3746 1754 3800 ἔτι

181 3835 246 3871 τε
274 3817 383 3882 ζῶν
411 3818 712 3887 ἡγούμενον
756 3822 882 3890 ὑμῖν
932 3829 1336 3897 προεστήσατο·
1395 3833 1486 3884 καὶ
1526 3835 1633 3886 πᾶν
1672 3835 1753 3887 ὅτι

183 3907 282 3962 οὖν
313 3909 661 3979 ὀφειλόμενον
707 3912 988 3978 διετάξατο
1015 3932 1028 3946 ’
1062 3920 1155 3971 καὶ
1197 3920 1315 3974 ὅλον
1362 3923 1629 3989 ἐνιαυτὸν,
1677 3925 1754 3990 ὼς

179 4001 287 4072 ήδη
350 3996 598 4074 ἀπαίρων
651 4004 771 4058 καθ’
803 4007 1036 4078 ἑκάστην
1090 4011 1320 4082 ἡμέραν,
1364 4016 1489 4078 τοὺς
1520 4034 1750 4071 συντακ-

177 4094 407 4163 τηρίους
429 4096 622 4164 λόγους
650 4098 960 4166 ὲπιφωνῶν,
984 4105 1121 4171 κατή
1133 4119 1310 4171 ρτισεν
1340 4107 1433 4160 ’ένα
1485 4108 1713 4163 ἕκαστον
1733 4127 1748 4144 ο

181 4185 282 4235 καὶ
311 4185 475 4254 εὐχῆς
522 4186 621 4254 μὲν
655 4187 836 4257 ἔργον,
875 4191 950 4260 μὴ
1006 4194 1145 4245 κατά
1191 4196 1290 4265 τὴν
1323 4196 1605 4252 δυσκολίαν
1656 4201 1749 4253 τοῦ

179 4275 400 4345 χρόνου,
433 4277 606 4341 ἄλλως
627 4282 928 4350 ἀπαντήσει
957 4284 1023 4337 τὰ
1052 4286 1369 4356 πράγματα,
1394 4291 1506 4343 ἀλλ’
1537 4292 1611 4354 ὡς
1643 4293 1751 4344 διε-

176 4366 400 4431 τάξατο,
440 4369 712 4438 διαμεῖναι
744 4376 838 4426 καὶ
865 4375 1006 4443 ὑμᾶς
1041 4378 1134 4430 καὶ
1172 4381 1331 4434 αὑτά.
1365 4383 1439 4434 Οὐ
1477 4384 1582 4453 μὴν
1611 4387 1659 4437 εί
1681 4385 1749 4437 δι’

178 4461 432 4524 ἐναντίας
479 4463 643 4526 ἑλθοι,
700 4465 891 4518 τούτου
942 4469 1098 4538 χάριν
1150 4472 1411 4542 προέσθαι
1459 4476 1602 4546 ὑμᾶς
1649 4477 1748 4547 τὴν

178 4550 478 4621 ἀλήθειαν·
512 4554 648 4609 ἀλλά
687 4555 869 4622 καθὼς
922 4559 1169 4624 κάκεῖνος
1218 4563 1496 4630 διετάξατο
1546 4570 1749 4637 ἐγγρά-

179 4660 320 4710 φως,
344 4644 519 4698 πάντα
553 4647 797 4702 σκύϐαλα
831 4650 1135 4720 ἡγήσασθαι
1158 4652 1244 4706 διὰ
1270 4657 1522 4725 Χριστὸν,
1546 4661 1639 4713 καὶ
1670 4662 1744 4731 μὴ

179 4734 470 4804 προδοῦναι
529 4738 656 4802 τοὺς
710 4741 841 4812 περὶ
906 4742 1138 4808 πίστεως
1203 4747 1295 4800 καὶ
1354 4750 1612 4820 ἀληθείας
1659 4753 1746 4807 λό-
1781 4747 1825 4803 D

179 4843 333 4892 γους.

251 4916 436 4970 Ταῦτα
477 4919 577 4988 μὲν
607 4923 772 4975 πᾶσιν
802 4924 930 4993 ὑμῖν
959 4926 1193 4994 λεκτέον,
1228 4935 1651 5004 προηγουμένως
1685 4936 1740 4990 δὲ

179 5009 265 5059 σοὶ
301 5009 378 5078 τῷ
420 5012 598 5081 κυρίῳ
643 5013 1013 5085 καθηγεμόνι·
1074 5021 1261 5091 ἐπειδὴ
1310 5021 1419 5075 οἷον
1465 5027 1524 5077 τὸ
1556 5028 1741 5096 ἄρχον,

174 5099 273 5151 καὶ
317 5101 378 5152 τὸ
422 5104 725 5172 ἀρχόμενον
769 5106 977 5173 πέφυκε
1013 5109 1277 5176 γίνεσθαι.
1334 5116 1442 5168 Καί
1478 5135 1540 5184 γε
1594 5120 1739 5186 ἅπαξ

176 5188 503 5259 ἑαλώκαμεν
546 5194 638 5243 ἐπὶ
677 5196 742 5263 τῇ
783 5197 1028 5267 αίρετικῇ
1083 5203 1360 5273 κοινωνίᾳ,
1411 5206 1582 5273 φειδοῖ
1633 5209 1741 5260 τῶν

175 5280 504 5350 ὁρωμένωνο
545 5285 618 5354 μὴ
678 5287 857 5352 πάλιν,
908 5288 1138 5358 δεόμεθα
1185 5295 1278 5349 καὶ
1323 5296 1738 5369 ὑπομιμνήσκο-

243 5393 290 5425 ⁹⁰
316 5394 501 5450 Matth.
531 5415 721 5462 xxvm,
752 5401 836 5456 90.

1968 712 2030 765 Et
2061 725 2185 768 ante
2233 716 2522 771 adventum
2579 718 2704 772 boni
2749 717 2944 788 Sergii,
2976 719 3042 774 de
3096 721 3244 776 luctu
3275 735 3457 780 vestro

1889 806 2031 861 circa
2067 807 2285 863 beatum
2336 811 2736 878 metropolitam
2790 810 3198 878 audiveramus,
3260 817 3458 874 fratres

1887 895 2334 952 honoratissimi:
2392 909 2655 967 quantum
2729 900 3174 971 ingemtterimus,
3257 906 3454 961 addam

1885 995 2087 1050 autem,
2136 989 2414 1057 lacrymati
2451 989 2644 1053 simus,
2707 991 2856 1045 novit
2882 994 3224 1048 occultorum
3254 995 3454 1065 Cogni-

1885 1084 1990 1130 tor.
2025 1075 2344 1132 Communis
2373 1079 2568 1146 quippe
2617 1089 2766 1146 pater
2800 1091 2919 1135 erat
2974 1091 3028 1136 et
3055 1093 3233 1138 vester
3265 1095 3321 1139 et
3352 1103 3452 1139 no-

1884 1175 2015 1232 ster,
2079 1168 2322 1238 ﬁdusque
2373 1171 2601 1235 amicus,
2671 1172 2849 1238 qualis
2907 1171 2974 1226 ab
3025 1176 3281 1229 onmibus
3310 1192 3457 1244 qure-

1883 1258 2039 1321 ritur,
2074 1268 2127 1312 et
2150 1275 2271 1314 raro
2302 1261 2594 1315 invenitur.
2629 1260 2673 1315 Ο
2703 1265 2975 1332 quomodo
3021 1267 3213 1320 cecidit
3238 1269 3452 1322 colum-

1882 1365 1952 1404 na
1980 1350 2234 1405 Ecclesite
2283 1351 2608 1408 inconcussa
2634 1354 2657 1406 ?
2693 1356 2963 1423 quomodo
2989 1359 3315 1414 exstinctum
3369 1372 3453 1416 est

1881 1442 2062 1497 lumen
2129 1445 2182 1498 in
2240 1448 2478 1502 tenebris
2542 1453 3026 1516 commcrantium,
3078 1462 3133 1506 et
3189 1454 3448 1522 splendor

1882 1543 2057 1589 vester
2107 1537 2448 1605 peculiaris?
2508 1540 2792 1594 obmutuit
2849 1543 3030 1612 lingua
3099 1546 3447 1614 suaviloqua,

1880 1627 2013 1681 abiit
2049 1645 2203 1684 mens
2231 1631 2676 1699 prudentissima,
2710 1635 3032 1688 convulsum
3073 1646 3156 1690 est
3198 1638 3447 1691 columen

1883 1719 2026 1784 ﬁdei,
2067 1735 2436 1791 propugnator
2475 1722 2750 1789 Ecclesiae,
2787 1726 3078 1780 melliﬁuus
3120 1744 3318 1789 sermo,
3345 1745 3448 1782 vox

1877 1814 2211 1881 persuadens
2241 1833 2254 1869 :
2292 1816 2553 1884 quidquid
2586 1818 2822 1887 denique
2851 1819 2976 1871 boni
3016 1820 3081 1874 de
3109 1820 3224 1872 viro
3257 1821 3448 1889 praedi-

1877 1912 2032 1958 catur
2055 1914 2107 1958 et
2138 1908 2472 1976 agnoscitur.
2506 1907 2570 1962 Et
2609 1908 2734 1963 facti
2785 1926 3000 1972 sumus,
3047 1927 3152 1964 non
3179 1913 3299 1967 dico
3351 1929 3448 1968 vos

1877 2008 2107 2060 tantum,
2153 1999 2244 2053 sed
2275 2016 2464 2055 omnes
2496 2002 2697 2071 ubique
2731 2003 3042 2068 orthodoxi,
3091 2007 3317 2073 orpbani
3353 2021 3446 2060 su-

1878 2104 1972 2158 pra
1999 2090 2359 2157 praecedeutes
2383 2090 2663 2145 orbitates.
2690 2092 2994 2148 Antecessit
3014 2094 3202 2148 beatus
3221 2096 3306 2150 hic
3341 2095 3444 2149 Pa-

1873 2190 1972 2245 ter,
2002 2180 2328 2236 subsecutus
2359 2192 2442 2237 est
2472 2183 2624 2247 alter,
2663 2183 2828 2237 simul
2855 2185 3089 2239 avolavit
3130 2185 3290 2250 alius,
3320 2203 3442 2240 om-

1871 2271 1960 2324 nia
1989 2284 2153 2339 prOpe
2193 2270 2428 2324 ﬁdelium
2472 2273 2677 2327 lumina
2731 2276 3072 2336 occiderunt,
3125 2277 3312 2344 paucis
3346 2277 3443 2330 ad-

1870 2359 2089 2413 modum
2121 2361 2344 2414 relictis.
2371 2361 2434 2415 Et
2460 2363 2709 2416 tristatur
2735 2364 2955 2432 quidem
2979 2367 3176 2420 caelum
3208 2367 3442 2423 nubibus

1869 2452 2298 2519 circumfusum;
2341 2456 2586 2509 tristatur
2611 2468 2792 2510 autem
2841 2459 2892 2510 in
2951 2458 3140 2526 primis
3174 2475 3316 2514 nunc
3341 2461 3440 2513 Ec-

1868 2541 2051 2606 clesia,
2084 2544 2253 2598 stellis
2283 2544 2397 2598 suis
2441 2545 2542 2599 sibi
2595 2545 2873 2602 detractis.
2913 2546 3304 2603 Verumtamen
3342 2550 3435 2603 Sol

1862 2632 2088 2701 justitia:
2121 2635 2420 2703 assumpsit
2450 2636 2640 2690 Patres
2676 2637 2834 2690 beato
2861 2639 3008 2692 exitu
3042 2640 3149 2692 vita
3181 2639 3435 2694 inuictos:

1867 2732 1918 2776 et
1947 2724 2060 2790 ipse
2112 2723 2395 2776 nobiscum
2437 2740 2599 2793 usque
2649 2725 2718 2776 ad
2771 2727 3269 2780 consummationem
3333 2743 3436 2779 sa:-

1865 2816 1968 2867 culi
1995 2814 2038 2847 ⁹⁰
2076 2813 2319 2870 futurum
2348 2831 2405 2870 se
2432 2816 2699 2884 promisit.
2726 2816 2906 2881 Quare
2938 2817 3062 2872 licet
3106 2818 3282 2871 tristia
3326 2818 3437 2871 sint

1863 2909 2168 2977 praesentia,
2221 2909 2341 2963 laeta
2387 2918 2514 2963 sunt
2552 2924 2746 2963 rursus
2799 2917 3020 2979 propter
3058 2925 3231 2979 spem,
3286 2910 3431 2979 quod

1864 2998 2051 3054 Patres
2079 3009 2296 3056 nostros
2325 3001 2466 3068 apud
2508 2999 2676 3054 Deum
2724 3011 3060 3069 protectores
3113 3002 3429 3063 habeamus,

1863 3091 1929 3145 ab
1955 3093 2062 3144 alto
2086 3108 2183 3146 nos
2208 3092 2434 3161 benigne
2463 3091 2838 3160 respicientes,
2872 3093 3100 3162 ejusque
3130 3095 3426 3148 bonitatem

1863 3183 1928 3236 ad
1969 3183 2141 3237 nostri
2171 3181 2702 3237 commiserationem
2738 3182 3096 3238 inﬂectentes.
3133 3182 3209 3237 De
3231 3195 3428 3238 caetero

1862 3275 1927 3330 ad
1968 3291 2063 3329 vos
2085 3276 2447 3329 convertenda
2499 3286 2582 3329 est
2619 3279 2815 3331 oratio.
2877 3276 3305 3345 Haudquaquam
3338 3277 3404 3329 de

1864 3368 2088 3420 stitutus
2115 3382 2242 3435 grex
2272 3367 2430 3432 estis,
2476 3366 2691 3422 fratres.
2725 3367 2985 3437 Egregius
3003 3367 3145 3421 enim
3180 3366 3284 3430 vir,
3316 3365 3429 3435 prio

1863 3474 1985 3513 mus
2026 3468 2209 3526 pastor
2238 3468 2435 3520 vester,
2494 3459 2634 3512 beati
2674 3459 2818 3512 Petri
2869 3458 3099 3527 apostoli
3149 3458 3429 3526 cognomi-

1863 3551 1969 3616 nis,
1997 3552 2106 3621 jatn
2141 3567 2236 3606 vos
2268 3553 2502 3606 erudivit
2535 3563 2590 3606 et
2635 3551 2968 3615 informavit,
3016 3561 3070 3606 et
3101 3567 3223 3607 cum
3249 3551 3429 3605 adhuc

1861 3645 2082 3707 viveret,
2116 3645 2462 3712 praepositum
2495 3645 2647 3699 vobis
2684 3643 2963 3712 praefecit;
3008 3654 3063 3699 et
3109 3660 3231 3714 qua:
3268 3644 3428 3698 debe-

1861 3735 1973 3798 bat,
1998 3738 2177 3788 omnia
2209 3736 2532 3798 constituit;
2570 3743 2791 3803 totoqne
2823 3751 2991 3799 anno,
3053 3735 3198 3789 velut
3230 3733 3423 3786 diebus

1860 3827 2087 3896 singulis
2158 3831 2416 3894 migrans,
2472 3829 2821 3894 comparatis
2849 3827 2913 3879 ad
2954 3827 3257 3880 discessum
3309 3838 3423 3876 ver-

1860 3918 1944 3972 bis
1964 3932 2059 3971 vos
2083 3917 2381 3986 alloquens,
2411 3915 2643 3986 perfecte
2671 3919 2928 3971 instruxit
2946 3930 3418 3985 unumquemque:

1859 4010 2100 4080 adeoque
2130 4010 2423 4079 optandum
2460 4018 2561 4071 est,
2591 4017 2650 4063 ut
2678 4023 2785 4062 non
2824 4011 2999 4073 aliter,
3051 4010 3121 4063 ob
3162 4007 3423 4075 temporis

1859 4102 2215 4167 diﬁicultates,
2254 4119 2337 4156 res
2367 4103 2660 4156 succedant
2688 4121 2703 4168 ;
2731 4103 2824 4156 sed
2872 4103 3011 4157 sicut
3054 4101 3170 4170 ipse
3219 4100 3423 4154 consti-

1858 4194 1980 4259 tuit,
2016 4194 2084 4247 ita
2107 4195 2466 4262 permaneatis
2492 4202 2546 4246 et
2578 4209 2696 4258 vos,
2725 4203 2776 4247 et
2808 4209 2896 4248 res
2927 4195 3075 4262 ipsze.
3120 4191 3304 4259 Neque
3336 4200 3420 4245 ta-

1857 4301 2004 4343 men,
2042 4285 2086 4338 si
2123 4284 2248 4351 quid
2282 4293 2468 4338 contra
2499 4285 2759 4345 evenerit,
2791 4284 2993 4338 idcirco
3035 4283 3303 4352 abjiciatis
3323 4297 3418 4335 vos

1856 4377 2173 4440 veritatem;
2232 4376 2345 4440 sed,
2400 4376 2984 4446 quemadmadmodum
3053 4377 3255 4445 scripto
3330 4376 3418 4428 ille

1856 4469 2127 4538 praecepit,
2161 4470 2339 4521 omnia
2375 4477 2592 4537 propter
2640 4466 2920 4522 Christum
2983 4468 3317 4522 arbitremini
3361 4479 3418 4521 ut

1854 4569 2116 4626 stercora,
2141 4568 2193 4613 et
2218 4561 2268 4614 in
2296 4563 2416 4616 ﬁdei
2441 4560 2789 4630 veritatisque
2819 4561 3132 4617 defensione
3155 4577 3261 4616 non
3281 4577 3418 4632 μηδ’

1854 4652 2195 4707 varicemini.

1918 4936 2041 4991 llaec
2075 4935 2327 4989 omnibus
2376 4935 2592 5004 quidem
2654 4935 2808 4990 vobis
2858 4937 3133 5002 dicenda;
3179 4936 3271 4990 sed
3312 4937 3408 4995 tibi

1845 5033 2188 5100 potissimum
2234 5031 2456 5084 domino
2505 5030 2835 5098 praeposito;
2887 5031 3014 5098 quia
3063 5030 3252 5100 quales
3285 5040 3410 5084 sunt

1846 5123 1938 5191 qui
1973 5131 2231 5190 praesunt,
2266 5122 2395 5174 tales
2420 5136 2536 5174 esse
2565 5123 2812 5175 solentet
2834 5122 3055 5175 subditi.
3094 5122 3157 5174 Et
3190 5122 3406 5190 quidem

1846 5214 2005 5266 semel
2036 5213 2351 5281 deprehensi
2384 5228 2571 5267 sumus
2629 5213 2680 5265 in
2707 5214 2956 5268 haeretica
2999 5215 3403 5276 communione,

1848 5317 2066 5374 prOptcr
2108 5305 2346 5360 studium
2412 5321 2591 5359 rerum
2661 5305 3002 5362 visibilium:
3065 5324 3132 5362 ne
3188 5308 3404 5373 itcrutu,

1681 5584 1912 5644 ΝΟΤᾸΞ.

253 5731 328 5798 (ὃ)
355 5731 412 5785 1η
443 5735 569 5802 cod.
597 5732 729 5803 Reg.
753 5734 873 5803 σιγ⁶.
