3976 6322
582 323 720 390 1635

1765 353 1824 415 S.
1850 354 2244 416 THEODORI
2285 357 2629 421 STUDITJE
3686 354 3823 420 1636

580 459 796 500 oramus
825 456 876 502 et
897 447 1276 520 admonemus,
1308 468 1530 528 propter
1558 468 1910 530 monasteria,
1930 469 2143 525 vineas-

2250 489 2369 541 μεν,
2399 472 2486 527 διὰ
2523 475 2876 545 μοναστήρια,
2919 476 3247 545 ἀμπελῶνάς
3293 493 3354 530 τε
3405 475 3506 529 καὶ
3558 473 3830 538 ἑλαιῶνας

577 553 684 605 que
714 548 765 592 et
796 540 990 596 oliveta
1022 553 1074 598 et
1113 546 1287 614 ficeta,
1330 567 1451 620 quae
1483 570 1582 609 nos
1612 562 1955 627 postmodum
2002 563 2143 618 sicut

2249 540 2344 613 καὶ
2375 540 2640 628 συκῶνας,
2664 565 2698 619 ἃ
2725 540 2919 634 μικρὸν
2960 540 3197 637 ⁷ὕστερον
3225 568 3324 620 καὶ
3354 569 3516 637 ἡμεῖς
3540 565 3623 629 ὼς
3649 568 3704 619 οἱ
3731 585 3829 619 πα-

577 640 756 698 patrcs
797 635 967 688 nostri
1005 637 1239 693 relicturi
1284 658 1493 710 sumus,
1548 657 1601 702 et
1646 651 1885 707 relicturi
1941 655 1996 708 in
2041 670 2146 709 saa-

579 721 719 781 cula,
757 732 1026 777 attentum
1055 728 1280 783 instituti
1314 735 1486 788 nostri
1516 738 1754 794 studium
1786 743 2146 812 negligamus,

579 811 990 883 polluamurque
1012 818 1338 876 heterodoxa
1366 829 1764 895 communione,
1786 811 1948 900 prava
1965 848 2148 886 exem-

578 902 663 969 pla
702 905 824 958 hinc
873 907 994 960 inde
1060 910 1586 981 circumspicientes.
1646 917 1763 972 Non
1831 922 1930 976 ista
1989 924 2148 978 nobis

581 997 783 1050 auxilio
805 1009 966 1053 erunt
990 1011 1230 1070 tempore
1265 1006 1482 1072 mortis,
1512 1009 1564 1062 in
1626 1012 1754 1065 hora
1783 1013 1971 1081 judicii
2000 1032 2013 1080 ;
2051 1015 2146 1069 sed

581 1087 721 1142 bona
750 1094 1105 1159 conscientia,
1153 1105 1206 1150 et
1240 1099 1599 1169 inculpabilis
1651 1107 2017 1160 conversatio.
2052 1109 2148 1161 At-

580 1194 686 1245 que
739 1184 850 1235 haec
877 1198 975 1237 nos
1005 1185 1083 1238 sic
1117 1188 1422 1254 hortamur,
1456 1208 1562 1246 non
1617 1203 1873 1263 tanquam
1921 1197 2147 1252 velimus

580 1287 742 1340 grave
771 1274 971 1342 aliquid
1003 1293 1098 1331 vos
1149 1281 1279 1348 pati,
1313 1283 1406 1336 sed
1451 1284 1594 1353 quod
1654 1296 1908 1355 tanquam
1947 1286 2147 1343 fratres

582 1362 839 1418 fratribus
860 1382 1020 1436 opem
1055 1369 1193 1423 ferre
1213 1373 1522 1442 cupiamus,
1557 1388 1715 1444 prout
1735 1381 1988 1434 mandato
2006 1396 2147 1450 prte-

579 1466 794 1523 ceptum
824 1468 926 1512 est.
965 1457 1174 1515 Etenim
1225 1464 1447 1520 miseret
1503 1483 1626 1533 nos,
1672 1474 2148 1542 compatimurque

580 1547 806 1602 domino
862 1550 1142 1621 Gregorio,
1177 1555 1445 1624 spirituali
1508 1559 1666 1614 fratri
1705 1573 1914 1628 nostro,
1962 1574 2018 1618 ut
2052 1564 2145 1634 qui

580 1653 839 1708 prospere
866 1641 976 1709 jam
1013 1650 1383 1713 consenuerit,
1435 1651 1664 1719 talisque
1694 1655 1763 1708 sit
1791 1655 2007 1723 qualem
2047 1671 2145 1710 no-

582 1731 701 1795 stis,
734 1739 848 1785 tum
895 1750 961 1788 ex
994 1739 1175 1792 carnis
1222 1739 1432 1803 ciliciis.
1498 1750 1611 1796 tum
1648 1760 1715 1798 ex
1766 1747 2144 1815 spiritualibus

581 1834 726 1878 recte
757 1825 943 1881 factis:
977 1831 1179 1899 quique
1209 1833 1485 1888 Christum
1537 1811 2140 1904 imitatus-humilitate,
2171 1811 2217 1869 Β

579 1916 765 1970 subire
817 1920 1001 1973 omnia
1040 1923 1314 1988 maluerit,
1351 1941 1514 1994 quam
1566 1928 1832 1983 adversus
1888 1941 2142 1999 paternas

578 2008 921 2064 deliuitiones
979 2011 1274 2081 quidquam
1334 2027 1669 2086 perpetrare.
1708 2019 1948 2076 Douetur
1989 2025 2143 2079 vobis

577 2111 673 2165 per
701 2100 928 2168 gratiam
963 2118 1066 2170 pax
1113 2103 1225 2169 Dei,
1269 2123 1433 2176 quam
1487 2112 1691 2166 sanctis
1729 2115 1990 2182 apostolis
2027 2117 2143 2170 suis

575 2191 644 2244 ad
692 2196 860 2248 ccelos
913 2195 1100 2250 abiens
1148 2197 1455 2267 impertiit;
1505 2204 1801 2272 quinetiam
1850 2216 1903 2259 et
1957 2218 2141 2263 mutua

576 2282 717 2336 inter
748 2297 842 2337 vos
863 2284 1100 2340 dilectio.
1130 2286 1196 2342 In
1223 2296 1318 2344 hoc
1341 2293 1501 2354 enim.
1533 2295 1629 2354 ait.
1678 2309 2002 2365 cognoscent
2029 2316 2145 2352 ont-

575 2390 663 2427 nes
691 2377 819 2442 quia
856 2378 1103 2445 discipuli
1133 2384 1233 2435 mei
1291 2385 1437 2448 estis,
1472 2387 1518 2438 si
1554 2386 1887 2442 dilectionem
1942 2391 2142 2443 habue-

573 2466 693 2520 ritis
742 2469 811 2520 ad
840 2470 1058 2523 invicem
1081 2474 1146 2527 ⁹¹.
1184 2472 1337 2530 Bono
1376 2477 1453 2531 sis
1483 2477 1688 2543 animo,
1737 2480 1957 2534 domine
2004 2497 2144 2549 pra:-

573 2558 750 2622 posite
778 2575 790 2622 ;
825 2570 877 2611 et
907 2559 1021 2628 ipse
1049 2562 1307 2617 dominus
1343 2565 1641 2636 Gregorius
1672 2586 1686 2635 ;
1720 2578 1832 2623 tum
1881 2579 1936 2624 et
1963 2572 2142 2626 caeteri

572 2663 765 2702 omnes
789 2665 853 2703 ex
888 2652 1112 2717 ordine;
1149 2655 1387 2711 universi
1455 2659 1733 2715 tristitiam
1786 2662 2140 2733 refugientes,

571 2748 628 2792 et
657 2750 913 2810 tanquam
946 2761 1142 2799 novum
1190 2749 1447 2817 quiddam
1475 2751 1596 2817 iter,
1634 2754 1920 2822 spirituale
1964 2765 2143 2810 certa-

574 2843 697 2881 men
723 2841 960 2885 vestrum
1003 2832 1312 2889 obeuntes:
1353 2852 1453 2906 pro
1493 2840 1654 2893 nobis
1718 2843 1881 2896 etiam
1921 2843 2143 2898 humili-

574 2918 674 2974 bus
693 2932 913 2979 orantes
946 2925 1162 2978 meliora
1182 2938 1231 2980 et
1255 2928 1507 2983 viciniora
1533 2931 1696 2984 saluti
1723 2935 1790 2987 ’³.

895 3127 1075 3184 CCXI.
1109 3160 1181 3169 —
1216 3130 1501 3201 Euphemio
1534 3134 1811 3192 Sardensi.

2247 652 2406 722 τέρες
2469 654 2626 722 ἡμῶν
2678 656 3077 726 καταλείψομεν
3127 661 3208 718 είς
3263 657 3488 720 αἰῶνας,
3531 658 3831 727 προδῶμεν

2246 742 2345 812 τὴν
2374 744 2658 812 ἀκρίϐειαν
2687 747 2779 798 τοῦ
2806 748 3242 818 ἐπαγγέλματος,
3278 749 3372 801 καὶ
3406 749 3746 818 χρανθῶμεν
3769 753 3828 820 τῇ

2249 835 2538 905 ὲτεροδόξῳ
2564 837 2836 908 κοινωνίᾳ,
2861 841 2926 890 τὰ
2958 839 3178 907 σκαμδὰ
3216 837 3603 906 ὑποδείγματα
3627 839 3830 890 κύκλο-

2248 922 2337 976 θεν
2383 925 2831 995 περιϐλέποντες.
2861 928 2937 979 Οὐ
2984 929 3352 997 προστήσεται
3390 927 3525 995 ἡμῖν
3563 926 3625 976 ὲν
3652 926 3829 994 καιρῷ

2248 1015 2502 1078 θανάτου,
2538 1019 2594 1069 ὲν
2635 1017 2752 1088 ὥρᾳ
2775 1015 3008 1086 κρίσεως
3053 1020 3132 1080 είς
3165 1018 3416 1088 βοήθειαν
3445 1016 3662 1070 ταῦτα⁸
3697 1017 3828 1068 ἀλλὰ

2245 1107 2306 1160 τὸ
2341 1107 2577 1177 χρηστὸν
2619 1109 2881 1172 συνειδὸς,
2914 1109 3008 1161 καὶ
3039 1110 3072 1177 ἠ
3103 1109 3526 1175 ἁκατάγνωστος
3551 1107 3825 1160 πολιτεία.

2247 1201 2357 1255 Καὶ
2395 1201 2567 1253 ταῦτα
2604 1200 2702 1270 οὐχ
2735 1199 2809 1264 ὡς
2841 1199 3156 1268 βουλόμενοι
3196 1201 3338 1268 ὑμᾶς
3370 1200 3614 1269 πάσχειν
3641 1216 3697 1250 τι
3728 1200 3829 1251 δει-

2247 1290 2356 1352 νὸν,
2387 1291 2804 1361 προτρεπόμεθα
2830 1307 2844 1321 ·
2881 1292 2998 1344 ἀλλ’
3025 1293 3100 1355 ὡς
3133 1292 3352 1360 ἀδελφοὶ
3395 1292 3657 1359 ἀδελφοῖς
3708 1292 3831 1360 βοη-

2247 1380 2360 1434 θεῖν
2395 1380 2816 1452 προαιρούμενοι
2867 1383 3010 1436 κατὰ
3051 1383 3149 1455 τὴν
3201 1383 3531 1436 κελεύουσαν
3580 1385 3826 1453 ἐντολήν.

2259 1474 2412 1526 Ἐπεὶ
2449 1473 2544 1526 καὶ
2583 1474 2975 1544 κατελεοῦμεν,
3003 1477 3097 1528 καὶ
3127 1475 3471 1545 οἰκτείρομεν
3506 1477 3603 1528 τὸν
3634 1477 3829 1547 κύριον

2246 1565 2548 1636 Γρηγόριον
2588 1566 2680 1620 τὸν
2719 1565 3089 1636 πνευματικὸν
3124 1566 3281 1636 ἡμῶν
3321 1566 3570 1634 ἀδελφὺν,
3605 1566 3684 1628 ώς
3728 1568 3826 1637 ἤδη

2245 1659 2492 1732 λιπαρῶς
2528 1660 2897 1731 γεγηρακότα,
2949 1663 3044 1715 καὶ
3089 1659 3328 1714 τοιοῦτον
3362 1660 3490 1714 ὄντα
3538 1657 3653 1712 οἷον
3689 1662 3825 1722 τστε,

2247 1753 2354 1808 ἀπό
2385 1769 2444 1805 τε
2485 1751 2592 1804 τῶν
2640 1751 2916 1823 σαρκικῶν
2971 1753 3350 1822 καθηκόντων,
3405 1754 3501 1806 καὶ
3550 1753 3663 1806 ἀπὺ
3722 1771 3830 1807 των

2247 1843 2632 1914 πνευματικῶν
2668 1843 3110 1914 κατορθωμάτων
3133 1862 3145 1873 ·
3178 1847 3225 1898 εί
3272 1847 3366 1899 καὶ
3413 1845 3498 1898 ὅτι
3529 1863 3827 1916 χριστομι-

2247 1938 2403 2008 μήτῳ
2445 1935 2768 1990 ταπεινώσει
2820 1939 2989 1991 οῐσειν
3036 1940 3214 1993 πάντα
3274 1938 3625 2008 προέκρινεν,
3682 1939 3720 2009 ἡ
3771 1956 3822 1993 τι

2245 2028 2483 2081 ἐναντίον
2515 2027 2625 2081 τῶν
2655 2029 2938 2098 πατρικῶν
2964 2031 3211 2100 ὁρισμῶν
3242 2030 3670 2100 διαπράξασθαι.
3710 2031 3826 2084 Χα-

2247 2122 2450 2193 ρισθείη
2479 2122 2609 2192 ὑμῖν
2639 2122 2671 2191 ἠ
2707 2122 2899 2192 εἰρήνη
2927 2121 3022 2174 τοῦ
3045 2122 3201 2184 Θεοῦ,
3225 2123 3403 2192 ἥνπερ
3439 2121 3824 2191 ἐπεφθέγξατο

2242 2217 2353 2275 τοῖς
2382 2213 2560 2280 ἁγίοις
2585 2212 2749 2265 αὐτοῦ
2781 2211 3101 2274 ἀποστόλοις
3129 2213 3386 2281 ἀπαίρων
3427 2212 3486 2262 ὲν
3518 2211 3783 2280 οὐρανοῖς
3807 2229 3820 2244 ·

2243 2306 2376 2359 ἀλλὰ
2407 2306 2511 2377 μὴν
2541 2305 2634 2360 καὶ
2661 2307 2693 2375 ἡ
2727 2306 2806 2370 είς
2830 2303 3089 2374 ἀλλήλους
3111 2303 3315 2374 ἀγάπη.
3355 2305 3450 2356 Ἐν
3473 2304 3665 2366 τούτῳ
3689 2306 3823 2372 γὰρ,

2244 2413 2318 2465 φη
2332 2396 2407 2458 at,
2436 2394 2770 2462 γνώσονται
2801 2394 3025 2458 πάντες
3057 2391 3147 2444 ὅτι
3191 2391 3320 2461 ἐμοὶ
3353 2394 3618 2460 μαθηταί
3655 2393 3823 2454 ἐστὲ,

2241 2488 2351 2540 ἐὰν
2383 2486 2625 2554 ἀγάπην
2658 2485 2836 2552 ἔχητε
2876 2486 2947 2537 ἐν
2990 2483 3308 2550 ἀλλήλοις.
3345 2483 3611 2554 Εὑθύμει,
3643 2487 3674 2538 ὁ
3728 2485 3824 2538 κύ-

2244 2595 2359 2646 ριος
2408 2578 2437 2630 ὁ
2481 2577 2802 2648 ἡγούμενος,
2837 2577 2999 2640 αὐτὸς
3031 2577 3059 2628 ὁ
3088 2574 3276 2645 κύριος
3320 2575 3629 2646 Γρηγόριος
3653 2591 3670 2605 ·
3708 2571 3828 2629 εἶτα

2243 2665 2322 2731 εἷς
2345 2669 2572 2731 ἕκαστος
2595 2668 2702 2720 τῶν
2723 2668 2849 2736 ἑξῆς
2871 2683 2886 2696 ·
2918 2669 3268 2730 άνανεύοντες
3299 2666 3541 2728 ἅπαντες
3574 2668 3689 2720 ἀπὸ
3732 2669 3829 2736 τῆς

2243 2761 2442 2830 λύπης,
2491 2762 2586 2813 καί⁵
2618 2759 2993 2822 ὁδοποιοῦντες
3023 2759 3215 2828 ῶσπερ
3242 2759 3371 2810 νέαν
3399 2757 3525 2810 τινὰ
3574 2759 3702 2811 ὁδὸν
3740 2761 3830 2812 τὸν

2244 2849 2608 2918 πνευματικὸν
2648 2850 2802 2920 ὑμῶν
2831 2850 3052 2919 ἀγῶνα·
3087 2849 3520 2919 προσευχόμενοι
3573 2851 3669 2902 καὶ
3702 2855 3831 2921 περὶ

2242 2940 2401 3012 ήμῶν
2437 2940 2547 2993 τῶν
2583 2939 2856 2994 ταπεινῶν
2923 2940 2996 2994 τὰ
3054 2940 3362 3008 κρείττονα
3418 2939 3518 2992 καί
3569 2940 3832 3010 ἐχόμενα

2242 3033 2564 3102 σωτηρίας.

2454 3147 2578 3200 ΣῐΑ⁹
2618 3146 2713 3217 (6).
2737 3175 2812 3187 --
2833 3147 3118 3214 Εὑφημίῳ
3138 3146 3391 3215 Σάρδης.
3429 3144 3628 3219 [ωλέ’.]

1059 3244 1322 3294 Abstinere
1348 3261 1374 3295 a
1399 3251 1550 3298 sacris
1569 3251 1901 3304 {unctionibus
1925 3256 2113 3308 debere
2134 3273 2242 3321 eos,
2275 3261 2360 3322 qui
2390 3273 2502 3309 cum
2533 3254 2784 3308 haereticis
2807 3256 3304 3306 communicaret-ant.

643 3348 725 3406 Tu
750 3352 991 3420 quidem,
1023 3368 1056 3406 0
1086 3355 1260 3422 beate,
1297 3370 1559 3414 consueta
1598 3368 1760 3418 utens
1807 3365 2137 3434 humilitate,

577 3459 677 3499 nos
723 3443 1082 3500 inhonoratos
1131 3449 1312 3504 verbis
1361 3450 1552 3506 efferre
1600 3470 1708 3508 non
1760 3457 1986 3513 desinis.
2033 3460 2142 3516 Nos

577 3551 706 3589 vero
735 3537 893 3605 plane
924 3546 975 3590 te
1031 3539 1283 3592 novimus
1328 3550 1381 3593 et
1406 3541 1577 3596 basim
1612 3545 1760 3599 verbi
1797 3562 1937 3612 esse,
1964 3558 2016 3602 et
2048 3551 2142 3602 lir-

576 3639 911 3681 mamentum
974 3626 1266 3683 Ecclesiae:
1321 3634 1662 3703 maximeque
1724 3637 1829 3691 hoc
1876 3646 2139 3708 tempore,

575 3718 794 3788 quando
846 3719 1208 3774 deseruerunt
1272 3738 1373 3776 nos
1428 3725 1480 3777 hi
1518 3737 1680 3795 atque
1725 3727 1801 3782 illi
1857 3732 2140 3799 conspicui

575 3807 788 3873 Patres,
856 3810 1028 3880 gloria
1090 3813 1567 3882 ortltodoxorum;
1638 3827 1801 3888 tuque
1857 3823 2000 3876 velut
2053 3823 2140 3876 fax

578 3915 746 3970 pr0pe
784 3904 943 3954 unica
992 3901 1279 3967 discurris,
1323 3907 1624 3974 praelucens
1678 3909 1746 3966 iis
1770 3911 1862 3980 qui
1918 3913 1971 3966 in
2009 3916 2143 3970 urbe

579 3993 916 4047 remissiores
962 4003 1131 4048 sunt:
1166 3996 1364 4051 multos
1418 3998 1756 4066 illuminans,
1795 4003 1930 4058 lucis
1961 4003 2138 4074 inopia

578 4084 941 4145 rmcutieutes.
973 4087 1155 4155 plures
1185 4088 1251 4142 ad
1284 4087 1448 4144 Deum
1489 4092 1785 4160 adducens,
1817 4111 1910 4164 per
1938 4100 2142 4154 exube-

580 4187 809 4240 rantem,
842 4175 1081 4232 fluminis
1133 4179 1418 4246 cujusdam
1475 4183 1670 4250 instar,
1700 4186 2012 4242 mellilluam
2039 4190 2139 4244 do-

577 4270 810 4322 ctrinam
856 4277 1027 4323 tuam.
1058 4268 1257 4325 Verum
1295 4283 1348 4326 tu
1381 4274 1541 4329 nobis
1571 4291 1737 4344 porro
1772 4283 2138 4346 conserveris,

579 4361 661 4412 vir
725 4359 1209 4427 desideratissime,
1269 4363 1380 4417 imo
1432 4365 1687 4421 Ecclesia:
1730 4370 2021 4435 universae,
2071 4373 2139 4427 ad

577 4453 1033 4515 stabilimeutum.
1069 4454 1421 4526 divinamque
1444 4459 1882 4515 exsultationem.
1912 4461 1986 4516 De
2012 4480 2140 4534 pre-

578 4548 797 4616 sbytero
818 4557 1022 4612 autem,
1047 4546 1114 4601 de
1144 4563 1254 4618 quo
1282 4548 1577 4619 signiﬁcari
1601 4552 1835 4621 jussisti,
1866 4558 2139 4624 quomodo

2317 3372 2387 3423 Σὺ
2416 3369 2534 3439 μὲν,
2568 3363 2613 3421 ῶ
2668 3367 2932 3436 μακάριε,
2974 3368 3042 3436 τῇ
3092 3365 3309 3434 συνήθει
3357 3365 3831 3437 ταπεινοφροσύνῃ

2248 3459 2526 3530 χρώμενος
2569 3457 2630 3510 οὐ
2673 3456 3056 3526 διαλιμπάνεις
3098 3453 3496 3522 ἀποσεμνύνειν
3523 3453 3677 3522 ἡμᾶς
3706 3456 3830 3513 τοὺς

2247 3552 2603 3619 ἀγεράστους.
2642 3547 2830 3618 Ἡμεῖς
2878 3547 2936 3600 δὲ
2989 3563 3048 3599 σε
3107 3546 3283 3613 ίσμεν,
3332 3543 3408 3606 ὡς
3457 3545 3705 3614 άληθῶς,
3741 3545 3830 3600 καὶ

2247 3642 2483 3710 κρηπῖδα
2529 3639 2622 3692 τοῦ
2685 3637 2866 3705 λόγου,
2915 3638 3011 3691 καί⁵
3056 3637 3287 3708 ἔρεισμα
3330 3634 3430 3703 τῆς
3470 3634 3827 3706 Έκκλησίας·

2247 3733 2343 3784 καὶ
2383 3732 2617 3802 μάλιστά
2661 3749 2725 3800 γε
2783 3731 2930 3802 ἄρτι,
2959 3730 3194 3800 ὁπηνίκα
3227 3727 3654 3782 ἀπολελοίπασιν
3683 3730 3829 3799 ἡμᾶς

2246 3828 2274 3877 ὁ
2298 3825 2445 3877 δεῖνα
2479 3824 2572 3877 καὶ
2613 3826 2642 3876 ὁ
2683 3823 2850 3882 δεῖνα,
2877 3823 2925 3875 οί
2955 3822 3238 3890 διαφανεῖς
3267 3818 3537 3888 Πατέρες,
3577 3821 3640 3873 τὸ
3668 3821 3826 3884 κλέος

2247 3916 2354 3969 τῶν
2380 3915 2694 3984 ὁρθοδόξων,
2735 3915 2831 3968 καὶ
2857 3915 2932 3979 ώς
2963 3908 3043 3977 εἷς
3078 3914 3265 3984 σχεδὸν
3292 3911 3504 3982 πυρσὸς
3539 3912 3828 3983 ὑπερλάμ-

2245 4027 2366 4063 πων
2387 4010 2497 4063 τῶν
2527 4008 2836 4078 ὑφειμένων
2882 4008 3117 4072 διαθέεις
3147 4007 3257 4062 τῶν
3282 4008 3339 4060 ἐν
3363 4006 3516 4060 ἄστει
3541 4021 3558 4035 ·
3596 4007 3826 4069 πολλοὺς

2250 4103 2348 4173 μὲν
2380 4100 2627 4171 φωτίζων
2667 4100 3061 4171 μυωπάζοντας
3094 4102 3159 4152 ὲκ
3186 4097 3571 4169 φωτολειψίας,
3605 4098 3825 4163 πλείους

2244 4195 2302 4250 δὲ
2354 4195 2645 4264 προσάγων
2684 4193 2764 4262 τῷ
2798 4191 2917 4263 Θεῷ
2966 4191 3054 4245 διὰ
3099 4195 3196 4263 τῆς
3239 4191 3669 4260 ὲπικλυζοὺσης,
3716 4187 3825 4244 οἷον

2249 4285 2477 4357 ρεύματί
2507 4303 2629 4346 τινι,
2657 4283 3018 4354 μελισταγοῦς
3040 4284 3261 4354 διδαχῆς
3282 4301 3396 4339 σου.
3427 4283 3595 4338 Ἀλλὰ
3615 4285 3824 4352 φυλαχ-

2246 4377 2396 4448 θείης
2423 4377 2554 4447 ἡμῖν
2581 4376 2680 4439 ἐτι,
2711 4369 2756 4429 ὣ
2786 4375 3079 4446 τριπόθητε
3097 4392 3112 4406 ο
3142 4376 3204 4427 οὐ
3240 4376 3345 4446 μὴν
3373 4375 3511 4429 ἀλλὰ
3553 4377 3650 4429 καὶ
3675 4375 3824 4443 πάσῃ

2242 4473 2309 4540 τῇ
2351 4469 2666 4540 Ἐκκλησία,
2707 4469 2786 4532 είς
2817 4470 3118 4540 στηριγμόν
3162 4486 3220 4522 τε
3255 4469 3346 4521 καὶ
3382 4469 3527 4522 θεῖον
3551 4469 3821 4534 ἀγαλλία-

2246 4580 2341 4634 μα.
2378 4562 2510 4632 Περὶ
2547 4561 2602 4614 δὲ
2632 4555 2691 4615 οῦ
2725 4560 3101 4631 πρεσϐυτέρου
3131 4561 3422 4624 ἐκέλευσας
3452 4563 3707 4628 σημᾶναι
3741 4561 3823 4613 οῦο

577 4656 636 4695 se
665 4641 876 4705 haheat,
909 4649 962 4695 et
986 4641 1131 4711 quod
1166 4643 1474 4712 redemptus
1507 4647 1628 4699 sita
1660 4647 1972 4714 captivitate
2007 4649 2133 4703 bar-

2246 4674 2343 4720 τως
2362 4655 2455 4708 καὶ
2477 4653 2668 4718 οὕτως,
2704 4651 2841 4706 εἶναί
2877 4670 2938 4706 τε
2973 4654 3069 4707 καὶ
3090 4652 3528 4723 ὲκλελυτρῶσθαι
3559 4654 3662 4724 τῆς
3688 4654 3822 4723 $19-

581 4733 786 4794 barica,
811 4733 1016 4786 scimus
1047 4743 1098 4786 et
1135 4749 1254 4798 nos,
1291 4736 1503 4803 singula
1540 4736 1609 4790 ab
1661 4737 1896 4805 ipsomet
1935 4741 2137 4795 edocti.

579 4823 684 4877 Sed
716 4824 795 4876 vir
831 4823 931 4878 iste
977 4839 1074 4879 nec
1102 4825 1235 4890 vult,
1280 4841 1380 4879 nec
1409 4829 1632 4894 patitur,
1666 4845 1732 4882 ex
1773 4844 1965 4884 norma
2003 4832 2142 4887 inter

578 4934 679 4973 nos
721 4929 935 4988 recepta
985 4934 1043 4973 se
1088 4921 1305 4991 corrigi.
1359 4920 1506 4977 Nosti
1557 4925 1724 4987 enim,
1774 4923 1882 4980 Deo
1916 4928 2135 4993 dilecte,

579 5012 854 5065 communi
883 5014 1090 5068 calculo
1129 5015 1531 5081 confessorum,
1562 5017 1654 5085 qui
1700 5026 1795 5070 aut
1828 5018 2007 5074 adhuc
2043 5037 2139 5074 su-

579 5105 831 5173 perstites
876 5113 1022 5163 sunt.
1055 5114 1146 5158 aut
1186 5107 1346 5174 paulo
1373 5118 1498 5161 ante
1546 5109 1610 5161 ad
1658 5107 1949 5162 Dominum
1988 5111 2140 5165 abie-

582 5202 730 5256 runt,
769 5203 1028 5248 statutum
1069 5210 1210 5259 esse,
1243 5207 1301 5249 ut
1357 5198 1533 5253 sacris
1568 5199 1788 5262 initiati,
1838 5202 1928 5270 qui
1974 5203 2140 5256 semel

580 5286 636 5339 in
665 5287 915 5340 haeretiea
956 5289 1342 5342 communione
1384 5289 1706 5359 deprehensi
1750 5291 1972 5359 fuerint,
1999 5303 2143 5348 a'sa-

582 5392 674 5431 cra
722 5377 1002 5432 functione
1054 5380 1269 5448 penitus
1298 5390 1610 5446 arceantur,
1657 5383 1837 5452 quoad
1887 5385 2142 5440 videlicet

583 5483 820 5538 superna
844 5466 1194 5523 Providentia
1223 5485 1322 5524 nos
1348 5471 1621 5541 respiciat.
1644 5472 1708 5529 Et
1747 5476 2023 5546 quomodo
2048 5492 2140 5532 ca-

651 5587 696 5620 ’ί
729 5585 888 5642 Joan.
913 5602 1032 5652 xm,
1062 5587 1152 5641 35.
1227 5588 1272 5619 "
1297 5587 1458 5645 Hebr.
1494 5605 1569 5656 vr,
1599 5589 1652 5646 9.

2239 4747 2470 4818 ὀαρικῆς
2503 4744 2905 4814 αἰχμαλωσίας,
2932 4744 3190 4814 σύνισμεν
3245 4745 3381 4816 πρὸς
3424 4745 3593 4798 αὑτοῦ
3627 4746 3819 4798 τούτου

2236 4834 2441 4887 ἕκαστα
2499 4834 2978 4903 ἐκμεμαθηκότες.
3015 4833 3206 4887 ’Δλλ’ὁ
3234 4835 3376 4904 ἀνὴρ
3423 4835 3486 4888 οὐ
3539 4835 3816 4904 βούλεται,

2236 4926 2337 4979 εἴτ’
2367 4922 2458 4979 οὖν
2507 4925 2608 4978 οὐκ
2649 4925 2922 4994 ἀνέχεται,
2954 4923 3031 4994 τῷ
3059 4923 3180 4977 καθ’
3212 4925 3358 4993 ἡμᾶς
3385 4924 3548 4995 τύπῳ
3583 4943 3816 4978 κεκανο-

2237 5017 2434 5070 νίσθαι.
2475 5012 2645 5070 Οἶσθα
2686 5016 2816 5086 γὰρ,
2850 5015 3159 5084 θεοτίμητε,
3190 5016 3272 5068 ὅτι
3319 5018 3475 5086 κοινῇ
3507 5016 3684 5086 ψήφῳ
3713 5017 3815 5070 τῶν

2238 5126 2297 5162 τε
2325 5108 2403 5162 ἔτι
2436 5108 2575 5178 ὑπὲρ
2613 5107 2718 5176 γῆν
2769 5109 2958 5171 ὄντων,
2996 5109 3091 5159 καὶ
3128 5107 3236 5159 τῶν
3286 5107 3519 5178 ἔναγχος
3573 5111 3816 5178 ὲκδημη·

2242 5200 2448 5252 σάντων
2480 5199 2614 5269 πρὸς
2641 5197 2844 5268 Κύριον
2871 5197 3235 5268 ὁμολογητῶν,
3272 5198 3399 5261 τοὺς
3447 5199 3601 5264 ἅπαξ
3648 5202 3815 5252 ἑαλω-

2239 5294 2398 5356 κότας
2428 5296 2492 5362 τῇ
2522 5293 2766 5364 αίρετικῇ
2800 5292 3055 5363 κοινωνίᾳ.
3085 5291 3418 5362 ίερωμὲνους
3457 5287 3681 5365 εἷρχθαι
3721 5296 3811 5364 τῆς

2241 5383 2571 5455 ίερουργίας,
2605 5381 2909 5453 διώρισται,
2941 5381 3045 5445 ἕως
3073 5381 3315 5452 δηλονότι
3355 5384 3558 5455 καιροῦ
3592 5387 3810 5439 ἐπισκο-

2240 5477 2348 5547 πῆς
2379 5477 2477 5550 τῆς
2503 5474 2712 5531 ἀνωθεν
2757 5472 3035 5543 προνοίας.
3072 5473 3182 5529 Καὶ
3206 5472 3325 5538 πῶς
3357 5473 3427 5530 ἂν
3452 5475 3811 5550 δυνηθείημεν

2078 5679 2311 5737 ΝΟΤΑΕ.

655 5769 734 5842 (6)
776 5770 834 5824 In
857 5770 976 5825 cod.
1019 5771 1150 5841 Reg.
1187 5772 1301 5826 σιδ’.
