3976 6322
163 379 293 439 163⁸1

1337 378 1870 438 EPISTOLARUM
1927 380 2077 442 LIB.
2138 382 2218 443 II.

3267 388 3400 450 1638

152 489 312 542 λῦσαι
355 487 449 540 τὸν
481 486 701 549 κανόνα,
731 483 824 538 καὶ
852 484 939 538 διὰ
969 485 1070 553 τῆς
1116 485 1210 538 τοῦ
1260 488 1378 548 ἐνὸς
1412 486 1726 557 παραδοχῆς

1832 505 2025 544 nonem
2061 493 2263 546 violare
2284 491 2577 560 possimus,
2601 508 2668 550 ac
2687 509 2782 564 per
2802 494 3197 564 susceptionem
3215 503 3400 565 unius,

151 582 317 651 νόμον
358 577 452 630 ἰπὶ
495 576 740 640 ἅπαντας
786 577 914 640 τοὺς
969 577 1397 648 προειργμένους
1449 577 1676 631 άποῖσαι
1701 617 1718 642 ,

152 674 260 726 κάν
280 669 459 740 τούτῳ
489 668 784 722 ὑπεναντία
806 668 903 738 μὲν
933 667 1129 738 δρᾶσαι
1166 667 1242 738 τῷ
1282 667 1412 737 θείῳ
1449 666 1608 738 ήμῶν
1638 668 1732 722 καὶ⁵

153 763 471 833 πρωτάρχῳ
508 759 869 830 καθηγεμόνι·
904 760 986 814 ὅτι
1023 759 1157 830 μηδὲ
1185 759 1372 822 ἁπλῶς
1410 760 1576 824 αὐτὸς
1606 760 1732 823 τοὺς

151 855 433 916 τοιούτους
475 853 718 920 εὐλογεῖν
757 851 945 921 κοινὴν
985 850 1186 921 βρῶσιν
1225 852 1481 920 ἀνέχεται
1509 870 1522 884 ο
1553 855 1627 924 μὴ
1648 854 1730 907 ὅτι

151 962 218 1013 γε
250 945 414 997 πλέον
455 960 508 997 τι
537 945 775 1014 ἐνεργεῖν
807 941 1129 1014 ίερατικῶς·
1153 943 1279 1007 τοὺς
1322 943 1510 1006 ἄλλους
1535 961 1594 996 τε
1621 944 1732 997 τῶν

151 1035 506 1105 ὁμολογητῶν
537 1034 910 1100 σκανδαλίσαι,
935 1036 1032 1088 καὶ
1062 1035 1283 1089 ύποῖσαι
1309 1036 1579 1107 διχόνοιαν
1602 1035 1730 1099 τοὺς

151 1124 447 1195 ἀκριϐείας
478 1124 868 1195 ἀντεχομένους
892 1139 908 1191 ;

227 1323 348 1380 Κάν
372 1341 513 1386 τινες
544 1325 675 1388 ἴσως
703 1323 947 1394 ἔφθασαν
973 1326 1040 1395 τῇ
1067 1323 1188 1378 κατ’
1218 1323 1420 1388 αὐτοὺς
1452 1324 1729 1397 διακρίσει

151 1415 243 1469 διὰ
275 1417 336 1469 τὺ
371 1416 554 1468 στενὸν
583 1415 676 1468 τοῦ
715 1416 928 1485 χρόνου.
963 1417 1057 1469 καὶ
1083 1415 1145 1470 τὸ
1186 1416 1294 1470 τῶν
1323 1416 1727 1487 ἐπιζητούντων

151 1509 578 1576 ὰναγκαστικὸν,
624 1508 780 1571 τινάς
828 1509 938 1562 τῶν
985 1509 1374 1580 πρεσϐυτέρων
1438 1509 1577 1580 μετὰ
1628 1509 1728 1580 τὴν

151 1600 444 1669 ἐπιτιμίαν
502 1598 934 1653 ἀπολελυκέναιο
984 1600 1116 1669 ἡμῖν
1172 1599 1228 1652 δὲ
1286 1599 1536 1670 οὐδαμῶς
1565 1600 1725 1653 τοῦτο

153 1690 600 1762 κατεργάσασθαι
645 1691 777 1762 άτερ
824 1689 919 1744 τοῦ
958 1690 1253 1761 προέδρου’
1284 1692 1368 1745 ὅτι
1424 1692 1521 1745 καὶ
1571 1708 1728 1762 νομι-

154 1786 318 1838 στέον
348 1780 406 1838 εὖ
437 1784 581 1853 ἔχειν
603 1783 696 1836 τὸν
729 1784 884 1852 λόγον
912 1784 1010 1854 τῆς
1052 1783 1406 1854 καθείρξεως.
1459 1783 1570 1837 Ποῦ
1617 1784 1726 1854 γὰρ

1831 581 2001 652 legem
2036 584 2282 638 eamdem
2311 591 2378 638 ad
2401 600 2592 642 omnes
2615 587 2724 656 jam
2757 588 3038 642 ahstentos
3069 590 3400 655 transferre;

1830 684 1995 744 atque
2019 675 2203 730 hacin
2236 692 2314 741 re,
2355 679 2634 732 contraria
2668 694 2828 749 agere
2867 680 3055 734 divino
3100 692 3153 736 et
3194 683 3401 750 prima-

1829 767 1915 822 rio
1937 769 2265 824 moderatori
2305 778 2492 824 nostro
2525 771 2748 840 (quippe
2779 770 2870 840 qui
2908 772 3132 827 talesne
3153 789 3403 828 commu-

1831 875 1954 915 nem
1989 860 2208 930 quidem
2246 860 2428 916 cibum
2457 863 2772 917 benedicere
2824 864 3027 932 patitur
3061 882 3077 930 ;
3113 866 3308 919 nedum
3343 879 3403 922 ut

1829 950 2063 1020 amplius
2102 950 2380 1021 quidpiam
2432 953 2788 1007 sacerdotalis
2814 955 3056 1008 muneris
3093 971 3400 1024 exsequan-

1830 1041 1964 1105 tur),
2000 1040 2229 1110 reliquis
2251 1041 2412 1094 etiam
2445 1041 2855 1095 conlessoribus
2880 1041 3138 1095 seandalo
3178 1058 3318 1102 esse,
3348 1051 3403 1096 et

1829 1130 2188 1185 dissensionis
2210 1147 2429 1186 causam
2462 1133 2700 1201 praebere
2723 1133 2809 1197 iis,
2840 1133 2933 1202 qui
2963 1145 3282 1187 accuratam
3313 1151 3401 1189 re-

1830 1224 2006 1279 tinent
2038 1224 2423 1293 disciplinam?

1899 1313 2010 1369 Etsi
2043 1325 2225 1369 autem
2251 1314 2363 1384 jam
2397 1316 2566 1384 aliqui
2599 1316 2833 1371 fortasse
2863 1317 2969 1371 tale
3001 1317 3067 1370 de
3097 1317 3203 1371 illis
3221 1317 3396 1372 tulere

1823 1405 2113 1477 judicium.
2143 1418 2364 1475 propter
2401 1408 2661 1476 temporis
2719 1409 3027 1478 angustias,
3059 1419 3112 1462 et
3151 1407 3400 1478 ﬂagitau-

1830 1500 1964 1553 tium
1999 1498 2340 1561 violentiam,
2380 1507 2439 1552 ut
2463 1500 2813 1569 presbyteros
2852 1498 3118 1567 quosdam
3148 1514 3243 1567 per
3284 1513 3398 1567 pte.

1828 1591 2112 1645 nitentiam
2162 1591 2544 1644 absolverent:
2588 1591 2748 1645 nobis
2808 1599 2989 1644 tamen
3041 1591 3187 1644 nullo
3236 1590 3397 1644 modo

1828 1682 1881 1736 id
1920 1683 2032 1736 ﬁeri
2061 1681 2470 1750 plaeetinjussu
2526 1683 2828 1737 antistitis:
2855 1682 2983 1752 quia
3017 1682 3398 1751 prnltihitionis

1827 1788 2047 1828 causam
2079 1771 2374 1841 legitimam
2392 1788 2532 1834 esse,
2555 1789 2779 1828 censere
2809 1774 3091 1828 debemus.
3126 1772 3225 1828 Ubi
3250 1773 3394 1827 enim

152 1875 354 1945 φανείη
392 1876 453 1927 τὸ
481 1875 737 1946 διάφορον
767 1874 876 1927 τῶν
907 1873 1299 1944 προδωσάντων
1320 1876 1419 1947 τὴν
1450 1875 1723 1947 ἀλήθειαν,

1832 1865 2069 1918 eluceret
2104 1862 2397 1917 discrimen
2432 1864 2649 1917 illorum
2695 1865 2787 1934 qui
2836 1865 3117 1918 veritatem
3145 1864 3396 1929 prodide-

151 1966 255 2018 καὶ
291 1966 402 2036 μή;
434 1965 542 2018 τῶν
586 1965 849 2033 γενναίως
891 1965 1290 2037 ἐνηθληκότων,
1319 1967 1415 2021 καὶ
1465 1967 1728 2038 μηδαμῶς

151 2057 428 2127 ἑλομένων
477 2057 616 2128 ὑπὲρ
671 2057 765 2110 τοῦ
818 2055 981 2110 καλοῦ
1037 2058 1361 2128 τληπαθεῖν;
1409 2059 1518 2114 Καὶ
1562 2059 1667 2112 ποῦ
1699 2057 1730 2110 ὁ

150 2149 397 2219 Χριστὸς
434 2149 528 2203 καὶ
553 2151 580 2202 ό
615 2148 832 2212 Βελίαλ,
863 2149 924 2201 τὸ
961 2148 1075 2217 φῶς
1103 2149 1196 2203 καὶ
1228 2149 1290 2203 τὸ
1319 2150 1536 2213 σκότος·
1569 2148 1729 2221 εἴπερ

152 2239 365 2311 ἀναμὶξ
391 2242 459 2294 τὰ
494 2241 692 2306 πάντα,
728 2241 822 2293 καὶ
853 2241 959 2311 πρὸ
983 2241 1217 2311 κρίσεως
1272 2241 1576 2311 συνοδικῆς,
1607 2240 1729 2310 κρί-

157 2351 248 2396 σις
270 2349 285 2364 ο
319 2334 413 2386 καὶ
451 2333 556 2403 πρὸ
587 2334 829 2404 εἰρήνης,
878 2332 1106 2403 είρήνη;
1153 2333 1452 2401 Ἀπόμοτον
1479 2332 1658 2398 τοῦτο,
1683 2325 1730 2386 ὦ

157 2425 423 2494 Πατέρων
472 2425 752 2495 κράτιστε,
800 2425 875 2487 ὠς
929 2425 1061 2494 ἡμῖν
1094 2441 1158 2492 γε
1193 2424 1378 2477 δοκεῖ’
1410 2424 1663 2495 εἴποιμεν
1681 2425 1728 2481 δ’

157 2517 225 2568 ἂν
252 2517 341 2566 καὶ
380 2517 446 2584 τῇ
468 2514 712 2585 ἀληθείᾳ.
755 2514 1035 2582 Ἀρκετόν
1066 2531 1133 2584 τε
1168 2513 1249 2577 τῷ
1272 2516 1518 2583 τοιούτῳ
1540 2517 1576 2583 ἡ
1601 2517 1731 2570 ἐπι·

151 2604 322 2671 τιμία
342 2604 492 2670 αὕτη
529 2604 565 2670 ἡ
597 2605 712 2658 ὑπὸ
741 2603 859 2657 τῶν
886 2605 1202 2672 πλειόνων,
1223 2605 1296 2668 ὥς
1318 2623 1484 2676 φησιν
1508 2609 1535 2660 ό
1569 2608 1731 2661 Ἀπό-

156 2697 345 2758 στολος
365 2737 379 2758 ,
401 2697 481 2758 ὡς
515 2695 589 2748 ἂν
601 2695 686 2764 μὴ
707 2694 779 2764 τῇ
801 2697 1197 2764 περισσοτέρᾳ
1217 2698 1386 2765 λύπῃ
1420 2700 1731 2770 καταποθῇ

156 2789 190 2838 o'
216 2785 506 2850 τοιοῦτος.
536 2785 608 2837 υύ
651 2786 757 2853 μὴν
785 2786 1086 2855 προακτέον
1107 2788 1186 2849 εἰς
1209 2786 1299 2839 τὸν
1326 2788 1419 2856 ἀφ’
1445 2782 1506 2842 οῦ
1538 2791 1728 2860 εἵρχθη

153 2878 247 2929 διὰ
278 2877 374 2947 τὴν
420 2877 732 2946 παράϐασιν
766 2875 992 2946 βαθμὸν,
1048 2876 1153 2939 ἓως
1207 2877 1300 2930 τοῦ
1348 2879 1561 2942 δέοντος
1606 2896 1729 2933 και-

152 2969 288 3041 ροῦ·
329 2971 414 3024 ἴνα
451 2969 544 3023 καὶ
572 2968 632 3021 τὸ
653 2969 746 3022 τοῦ
780 2969 886 3037 πλη
898 2969 1263 3039 μμεληθέντος
1290 2966 1427 3034 εἶδος
1460 2971 1541 3025 ἔτι
1570 2972 1731 3026 κολά-

151 3063 306 3126 ζοιτο
329 3061 946 3132 παραπληκτικώτερον,
977 3061 1069 3114 καὶ
1099 3063 1127 3113 ὁ
1154 3063 1253 3132 τῆς
1291 3063 1568 3131 ύγιώσεως
1606 3066 1731 3136 τρό-

1827 1964 1976 2018 runt,
2011 1965 2062 2008 et
2093 1969 2280 2008 eorum
2313 1954 2406 2023 qui
2445 1971 2554 2010 non
2610 1957 3018 2024 prodiderunt?
3067 1972 3255 2010 eorum
3300 1955 3396 2025 qui

1828 2057 2100 2102 certamen
2135 2055 2354 2101 strenue
2407 2047 2800 2112 sustinuerunt,
2854 2058 2905 2102 et
2935 2064 3124 2101 eorum
3174 2049 3266 2117 qui
3299 2064 3399 2103 nec

1828 2139 1955 2194 boni
1982 2139 2304 2205 honestique
2344 2140 2523 2193 studio
2551 2140 2683 2194 dura
2724 2142 2926 2210 perpeti
2962 2141 3295 2195 voluerunt?
3326 2140 3395 2195 Et

1830 2233 2048 2286 ubinam
2083 2232 2336 2287 Christus
2368 2242 2420 2287 et
2465 2231 2651 2296 Belial,
2695 2233 2786 2286 lux
2827 2241 2881 2286 et
2910 2234 3162 2295 tenebrae,
3194 2235 3237 2287 si
3261 2251 3396 2288 con-

1829 2323 1950 2378 fusa
1968 2329 2095 2378 sunt
2119 2322 2337 2379 omnia:
2366 2331 2420 2378 et
2445 2333 2570 2377 ante
2599 2324 2923 2392 synodicum
2971 2324 3269 2392 judicium,
3308 2324 3399 2393 ju-

1829 2417 2072 2481 dicium;
2123 2425 2176 2470 et
2203 2423 2330 2469 ante
2362 2431 2574 2486 pacem,
2614 2415 2760 2485 pax?
2799 2414 3095 2470 Vitandom
3145 2419 3268 2480 hoc,
3297 2419 3400 2471 Pa-

1828 2517 1972 2563 trum
2020 2508 2244 2576 optime,
2290 2517 2350 2562 ut
2401 2508 2559 2560 nobis
2602 2507 2823 2577 quidem
2878 2509 3112 2574 videtur,
3164 2510 3397 2564 dixerim

1829 2615 2032 2664 autem,
2092 2603 2255 2656 etiam
2313 2601 2574 2655 veritati:
2638 2599 2836 2669 Sufﬁcit
2877 2602 2958 2654 illi
2995 2603 3084 2672 qui
3131 2603 3399 2671 ejusmodi

1828 2704 1926 2758 est,
1958 2693 2256 2763 objurgatio
2281 2695 2391 2747 hau:
2410 2709 2528 2762 qua:
2555 2693 2612 2761 fit
2643 2710 2673 2745 a
2697 2692 2960 2761 pluribus,
2981 2705 3032 2747 ut
3064 2695 3140 2748 ait
3168 2696 3401 2760 Aposto-

1828 2787 1949 2852 lus,
1985 2804 2046 2840 ne
2083 2789 2216 2855 forte
2253 2786 2632 2839 abundantiori
2668 2787 2888 2839 tristitia
2931 2787 3274 2840 absorbeatur
3310 2788 3398 2857 qui

1828 2878 2089 2943 eiusmodi
2119 2888 2194 2930 est
2226 2877 2293 2930 ³³.
2331 2874 2436 2930 Sed
2492 2877 2547 2929 in
2577 2892 2701 2931 eum
2755 2878 3009 2946 gradum,
3071 2896 3100 2932 a
3149 2894 3258 2948 quo
3304 2895 3400 2948 per

1830 2968 2332 3040 praevaricationem
2364 2967 2582 3029 decidit,
2624 2968 2992 3023 restituendus
3023 2985 3128 3022 non
3157 2980 3240 3023 est
3271 2978 3400 3022 ante

1830 3059 2085 3114 idoaeum
2115 3068 2327 3126 tempus
2358 3075 2373 3123 ;
2399 3067 2455 3110 ut
2478 3067 2530 3111 et
2551 3057 2645 3126 qui
2674 3059 2920 3127 deliquit,
2953 3061 3196 3114 severius
3223 3063 3401 3113 adhuc

150 3170 261 3212 πος
288 3153 634 3219 ὑποφαίνοιτο
662 3153 749 3205 διὰ
787 3153 884 3222 τῆς
910 3152 1233 3222 προλήψεως
1267 3155 1329 3207 τὸ
1361 3157 1541 3208 ἱκανὸν
1568 3155 1724 3226 ἔχων.

1832 3152 2128 3221 puniatur;
2169 3159 2223 3205 et
2250 3150 2553 3205 sanationis
2601 3151 2796 3204 modus
2829 3152 2879 3204 id
2938 3152 3080 3220 quod
3136 3153 3268 3205 satis
3306 3152 3396 3216 sit,

150 3245 220 3296 Ei
259 3244 355 3296 καὶ.
385 3245 466 3296 ὃτι
494 3242 748 3313 ὲξαίρετά
773 3261 891 3298 τινα
926 3250 1048 3299 κατ’
1077 3246 1335 3315 ἀπορίαν,
1357 3248 1430 3317 μὴ
1463 3249 1727 3318 παρόντος

153 3334 525 3404 σεσωσμένου,
579 3334 995 3405 συγκεχώρηται
1045 3335 1176 3406 δρᾷν
1228 3337 1539 3406 ίερατικῶς,
1570 3337 1606 3390 ἃ
1635 3339 1729 3391 καὶ

154 3427 553 3480 συνεπίσταται
585 3428 618 3496 ἡ
652 3426 928 3496 τελειότης
961 3443 1074 3491 σου,
1102 3429 1128 3480 ό
1154 3427 1254 3498 ἢδη
1288 3430 1576 3498 εἱργμένος
1597 3429 1728 3482 ταύ-

150 3531 246 3587 τῃ.
292 3516 431 3569 Ἀλλ’
459 3513 568 3569 οἷον
600 3517 684 3569 ὅδε
736 3520 763 3570 ὁ
797 3517 1164 3588 πρεσϐύτερος
1188 3521 1279 3571 καὶ
1303 3520 1407 3590 πρὸ
1429 3519 1537 3572 τῶν
1570 3519 1728 3591 [Cod.

154 3607 444 3680 Βεεπῆς]
499 3609 795 3679 Βαρϐάρων
849 3611 1214 3680 πεπραγμένα
1262 3613 1410 3682 αύτῷ
1465 3614 1725 3678 συννοῶν,

157 3701 256 3753 καὶ
289 3702 364 3764 ὡς
404 3702 633 3764 πολλοὺς
673 3702 797 3773 τῇδε
862 3703 1115 3772 ἐφώτισε,
1149 3703 1244 3757 καὶ
1277 3705 1407 3770 δεῖν,
1446 3705 1600 3773 φασὶ,
1639 3705 1728 3759 διὰ

156 3793 344 3844 πάντα
378 3793 551 3846 ταῦτα
585 3793 875 3863 λελυμένον
909 3791 1068 3861 εἶναι,
1123 3797 1223 3848 οὐκ
1273 3798 1529 3866 ἠνέσχετο
1563 3797 1728 3850 ὑπελ-

155 3882 277 3934 θεῖν
306 3883 652 3950 ὀμοιοπαθῶς
688 3887 798 3948 τοῖς
824 3885 1057 3938 ἐνταῦθα
1097 3887 1360 3957 εἱρχθεῖσι
1385 3904 1399 3919 ⁶
1441 3889 1524 3942 διὸ
1557 3905 1732 3960 παρα-

157 3976 563 4044 κεχωρήκαμεν
586 3976 733 4047 αὐτῷ
763 3977 831 4030 τά
859 3978 980 4031 κατ’
1005 3978 1185 4042 αὑτὸν,
1209 3979 1282 4043 ὡς
1308 3981 1372 4034 ἂν
1404 3981 1732 4051 διακρίνοιτο

160 4065 371 4134 πρᾶξαι
392 4081 405 4095 ·
435 4065 558 4118 οὔτε
589 4067 868 4135 λύσαντες,
901 4069 1023 4122 οὒτε
1053 4070 1350 4142 εἴρξαντες.
1391 4074 1638 4145 Ἔρῤωσο
1670 4074 1729 4126 ὲν

161 4157 375 4226 Κυρίῳ,
426 4155 801 4228 ύπερεύφημε,
857 4163 1015 4231 ἡμεῖς
1062 4179 1120 4214 τε
1181 4165 1276 4217 καὶ
1320 4165 1370 4218 οἱ
1423 4164 1543 4236 μεθ’
1575 4163 1732 4234 ἡμῶν

160 4247 384 4314 ἀδελφοὶ
420 4250 646 4302 πλεῖστα
676 4253 1178 4322 προσαγορεύομεν.

301 4359 439 4415 ΣΙΒ⁹.
475 4360 552 4431 (7)
592 4391 661 4402 —
706 4362 953 4432 Ἰωάννῃ
1007 4365 1418 4435 Γραμματικῷ.
1471 4367 1626 4433 ωλςν.

1830 3259 1925 3314 per
1967 3241 2410 3311 anticipationem
2451 3242 2708 3296 habuisse
2766 3242 3034 3297 videatur.
3076 3241 3396 3312 Quanquam

1830 3335 2126 3406 peculiaria
2147 3335 2392 3403 quazdam
2408 3334 2478 3388 ob
2502 3334 2762 3403 inopiam,
2789 3335 2916 3404 quia
2945 3335 3196 3389 innoxius
3215 3336 3401 3390 aderat

1831 3426 2014 3481 nullus
2040 3466 2056 3490 ,
2111 3425 2412 3480 sacerdotis
2445 3424 2552 3478 ritu
2602 3424 2753 3478 obire
2780 3426 3082 3494 permissus
3117 3436 3197 3479 est
3235 3428 3399 3495 (quod

1828 3526 1882 3572 et
1911 3517 2230 3587 perfectioni
2259 3525 2366 3571 tua:
2398 3526 2587 3571 notum
2615 3529 2742 3584 est),
2765 3518 2810 3571 is
2838 3519 2951 3587 ipse
2981 3517 3072 3587 qui
3103 3535 3248 3572 nunc
3273 3534 3401 3588 pro-

1832 3609 2068 3664 hibetur.
2103 3608 2328 3675 Verum,
2357 3611 2485 3678 quia
2517 3610 2605 3663 hic
2634 3611 2932 3680 presbyter,
2958 3610 3262 3680 intelligens
3282 3627 3404 3679 quae

1829 3702 1972 3772 apud
2012 3702 2282 3758 Barbaros
2324 3712 2531 3772 egerat,
2563 3717 2617 3760 et
2647 3705 2790 3774 quod
2839 3705 3039 3757 multos
3090 3704 3161 3757 ibi
3220 3705 3401 3773 hapti-

1830 3802 2030 3857 zasset,
2059 3794 2313 3863 quodque
2349 3805 2562 3864 propter
2591 3797 2704 3849 ha2c
2730 3795 2914 3848 omnia
2945 3794 3285 3848 absolutione
3317 3796 3402 3848 in-

1829 3885 2058 3956 digeret,
2110 3887 2382 3940 recusavit
2412 3887 2599 3941 eadem
2633 3888 2821 3942 subire
2870 3903 2992 3956 igua).
3035 3886 3130 3957 qui
3186 3886 3272 3940 hic
3304 3887 3402 3940 ah-

1832 3979 1995 4034 stenli
2019 3987 2145 4034 sunt
2173 3993 2189 4032 :
2216 3979 2422 4034 idcirco
2455 3979 2802 4047 permisimus
2845 3980 2920 4034 illi
2951 3987 3012 4034 ut
3035 3994 3123 4033 res
3154 3994 3283 4032 suas
3303 3995 3402 4049 pro

1835 4070 2060 4124 arbitrio
2087 4084 2189 4125 suo
2249 4081 2462 4139 ageret,
2515 4085 2612 4123 nec
2643 4071 2912 4126 solventes
2945 4071 3120 4132 illum,
3154 4087 3252 4123 nec
3279 4086 3403 4138 pro-

1836 4161 2106 4218 hibentes.
2155 4159 2279 4215 Vale
2306 4163 2361 4216 in
2407 4162 2663 4228 Domino,
2706 4164 2787 4217 vir
2843 4162 3238 4216 laudatissime.
3271 4160 3402 4225 Nos,

1837 4264 1892 4310 et
1916 4256 2007 4326 qui
2038 4256 2319 4310 nobiscum
2348 4264 2476 4310 sunt
2503 4255 2722 4316 fratres,
2754 4254 3053 4325 plurimum
3081 4255 3401 4308 salutamus.

2115 4368 2297 4424 CCXI.
2326 4397 2396 4412 --
2417 4367 2616 4421 Joanni
2646 4367 3008 4422 Grammatice
3036 4371 3125 4439 (').

486 4476 622 4536 Quod
646 4476 834 4528 adorari
875 4479 1053 4529 debeat
1087 4481 1245 4545 imago
1268 4482 1464 4543 Christi,
1501 4496 1598 4532 non
1622 4482 1765 4532 latria
1792 4485 1907 4545 coli,
1931 4485 2020 4533 sed
2048 4484 2288 4544 Christus,
2312 4483 2398 4545 qui
2429 4485 2481 4533 in
2516 4496 2574 4533 ea
2609 4485 2815 4533 relative
2839 4485 3084 4533 adorator.

236 4576 416 4648 Χάριν
443 4577 690 4649 ὁμολογῶ
723 4583 801 4654 τῷ
832 4583 972 4654 ἁγίῳ
997 4585 1136 4656 Θεῷ,
1172 4587 1253 4638 δτι
1288 4605 1381 4640 σου
1398 4584 1726 4658 ὴκουτίσθην

1909 4587 2145 4643 Gratiam
2193 4588 2363 4641 habeo
2398 4587 2507 4640 Deo
2563 4598 2775 4652 sancto,
2801 4589 2948 4656 quod
2981 4586 3062 4639 vel
3117 4599 3243 4640 sero
3281 4592 3402 4639 tan-

163 4672 218 4722 εί
246 4670 340 4723 καὶ
373 4671 466 4740 ὀψὲ
501 4675 592 4726 τοῦ
632 4676 826 4745 καιροῦ
860 4676 958 4741 τὴν
989 4678 1149 4748 φίλην
1176 4681 1389 4748 φωνήν*
1425 4681 1484 4734 ού
1524 4681 1634 4748 γὰρ
1667 4677 1734 4732 ἂν

163 4762 385 4829 εἴποιμι
415 4764 574 4832 χάριν
592 4766 771 4831 εὑρεῖν
793 4766 869 4837 τῷ
891 4767 1094 4836 ταύτην
1126 4769 1400 4838 ἀσυφὶλως
1429 4769 1575 4840 [cod.
1597 4769 1730 4837 Reg.

164 4853 420 4924 ἁσυφίλῳ
465 4858 761 4929 προπετείᾳ
814 4858 1153 4931 διακόψαντι]
1212 4861 1476 4931 πρότερον
1541 4860 1728 4913 διακό-

163 4946 354 5012 ψαντι.
404 4945 543 4998 Ἀλλ’
574 4948 759 5018 ἐπειδὴ
785 4949 919 5018 ὁμοῦ
951 4953 1018 5020 τῇ
1045 4952 1326 5022 ἀποσκευῇ
1359 4955 1454 5022 τῆς
1484 4952 1664 5022 λύπης
1695 4954 1727 5022 ἡ

168 5036 309 5103 σοφή
344 5053 436 5089 σου
471 5039 743 5108 τιμιότης,
775 5041 868 5093 καὶ
897 5042 989 5094 τὸν
1010 5043 1141 5111 περὶ
1166 5042 1268 5112 τῆς
1298 5046 1500 5114 σεπτῆς
1523 5044 1730 5105 εἰκόνος

165 5125 267 5180 τοῦ
301 5127 536 5197 Χριστοῦ
575 5130 731 5198 λόγον
755 5132 1144 5204 άντεξήγαγεν,
1182 5135 1356 5186 ἐκεῖνο
1393 5135 1499 5204 ἔχω
1536 5133 1738 5200 λέγειν,

165 5214 214 5275 ὧ
240 5222 561 5293 τριπόθητε,
595 5224 678 5277 ὃτι
733 5227 1154 5298 συνηγοροῦσαν,
1193 5227 1311 5281 ἀλλ’
1356 5229 1454 5280 οὐκ
1511 5228 1740 5294 άντηγο-

172 5312 380 5383 ροῦσαν
416 5320 528 5380 τοῖς
579 5318 716 5387 πρὸς
757 5318 892 5388 ἐμοῦ
956 5319 1392 5390 ἀπεσταλμένοις
1434 5320 1601 5373 πάλαι
1637 5319 1737 5388 τὴν

170 5401 403 5474 ἑναγχός
431 5423 526 5460 σου
549 5409 840 5478 επιστολὴν
857 5410 1262 5480 συμϐαίνουσαν
1287 5402 1467 5481 εὗρον.
1509 5409 1735 5480 Ὁμολο-

249 5542 297 5575 ⁹⁸
329 5543 371 5598 ll
401 5545 530 5602 Cor.
567 5563 623 5611 ιι,
646 5545 701 5609 6,
734 5546 788 5601 7.

1833 4677 1954 4732 dem
1993 4677 2216 4730 amicam
2275 4691 2461 4730 vocem
2515 4683 2666 4729 tuam
2726 4677 3040 4731 audierim:
3099 4690 3199 4729 nec
3257 4675 3400 4729 enim

1833 4769 2060 4824 dixerim
2089 4768 2313 4836 gratiam
2344 4769 2539 4822 habere
2566 4784 2652 4821 me
2703 4769 2772 4831 ei,
2807 4769 2897 4837 qui
2930 4768 3067 4821 hanc
3105 4775 3263 4821 antea
3291 4777 3404 4819 tur-

1831 4864 1971 4933 piter
2019 4860 2258 4916 discidit.
2314 4861 2382 4913 At
2429 4860 2685 4930 quoniam
2744 4860 2926 4924 simul,
2980 4875 3101 4913 cum
3157 4858 3400 4911 dolorem

1833 4955 2124 5021 deponeret
2185 4951 2399 5020 sapiens
2456 4955 2757 5005 reverentia
2805 4962 2918 5014 tua,
2973 4951 3040 5004 de
3097 4953 3402 5002 veneranda

1831 5045 1994 5099 etiam
2049 5044 2280 5112 imagine
2326 5042 2526 5096 Christi
2587 5059 2894 5097 sermonem
2977 5041 3220 5111 injecit,
3298 5043 3402 5093 hoc

1837 5138 2006 5190 habeo
2029 5137 2226 5199 dicere,
2271 5137 2353 5189 vir
2381 5136 2862 5199 desideratissime,
2905 5133 3254 5204 patrocinari,
3292 5147 3401 5185 non

1835 5229 2223 5291 contradicere,
2271 5240 2325 5282 et
2363 5228 2430 5282 iis
2458 5243 2578 5296 qua:
2612 5243 2642 5282 a
2680 5243 2766 5281 me
2820 5227 3023 5280 dudum
3076 5227 3238 5279 missa
3276 5231 3403 5277 sunt

1837 5321 2108 5374 cohaerere
2158 5319 2334 5373 visam
2393 5333 2515 5373 esse
2563 5321 2866 5388 proximam
2901 5317 3180 5387 epistolam
3228 5325 3399 5368 tuam.

1839 5409 2128 5464 Conﬂteris
2163 5409 2335 5479 enim,
2371 5408 2526 5481 juxta
2551 5410 2883 5480 praestituta:
2912 5408 3007 5464 tibi
3035 5403 3403 5478 proposition-

1705 5655 1937 5715 NOTAE.

251 5814 328 5884 (7)
350 5815 407 5872 in
428 5815 551 5873 cod.
596 5815 727 5885 Reg.
756 5822 873 5870 «ιε’.

1872 5817 1947 5888 (³⁸)
1976 5814 2311 5882 Dogmatiea.
