3976 6322
588 342 726 403 1639

1772 344 1834 402 S.
1863 340 2259 402 TIIEODORI
2292 340 2650 401 STUDlTi’E

3715 328 3853 389 1640

584 456 758 518 cnlas,
792 468 1012 508 omnem
1054 453 1343 524 imaginem
1391 468 1512 510 esse
1556 454 2042 509 demonstrativam
2074 452 2155 506 al-

2260 452 2537 521 γουμένως
2571 452 2678 520 γὰρ
2702 448 2844 501 κατά
2871 446 2941 499 τὰ
2986 440 3468 514 προσκευασθέντα
3504 455 3590 490 σοι
3620 438 3853 507 λημμά-

589 547 779 611 terius,
823 546 1081 600 nimirum
1131 548 1401 618 prototypi
1449 566 1462 601 :
1513 563 1597 613 ac,
1634 548 1678 603 si
1706 564 1771 602 ex
1809 556 1925 601 arte
1969 561 2152 617 gram-

590 640 787 694 matica
832 638 1160 709 loquendum
1216 651 1318 703 est,
1355 640 1457 695 hoc
1507 641 1789 695 relativum
1824 640 1948 703 erit,
2007 637 2153 709 quod

587 734 964 790 similitudinis
996 732 1440 804 signiticativum,
1472 742 1526 787 et
1554 733 2065 796 demonstrativum,
2098 739 2153 786 et

587 825 1085 894 repraesentativum
1110 825 1432 893 appellatur.
1461 824 1768 889 Quinetiam
1804 838 1910 877 non
1950 832 2010 877 ut
2040 838 2155 875 ma-

589 918 737 971 teria:
765 916 1105 971 tribuendam
1133 931 1253 971 esse
1275 915 1647 971 adorationem
1674 915 1895 984 imagini
1925 913 2152 975 Christi,

586 1009 680 1063 sed
734 1018 794 1063 ut
849 1005 1069 1063 Christo
1121 1008 1272 1076 ipsi:
1338 1005 1611 1075 siquidem
1676 1009 1849 1060 honor
1903 1006 2154 1074 imaginis

587 1099 830 1153 ascendit
857 1100 921 1152 ad
955 1108 1326 1168 prototyputn,
1405 1099 1696 1161 subducta,
1752 1113 1845 1167 per
1883 1099 2152 1152 actionem

587 1192 805 1255 mentis,
842 1192 1067 1244 materia
1101 1206 1165 1243 ex
1194 1191 1507 1245 charactere
1538 1190 1626 1257 qni
1665 1190 1716 1243 in
1756 1205 1818 1243 ea
1863 1188 2150 1243 formatur.

586 1281 652 1337 Et
675 1284 841 1337 latria:
871 1284 1017 1336 cultu
1051 1283 1336 1337 deferenda
1385 1292 1487 1347 est,
1522 1294 1579 1338 ut
1611 1284 1714 1345 ais,
1746 1284 1998 1337 adoratio
2024 1281 2154 1337 Ser-

586 1377 755 1431 vatori
809 1379 1045 1441 Christo,
1100 1387 1153 1431 et
1197 1389 1321 1432 ante
1348 1393 1587 1441 carnem,
1628 1387 1681 1432 et
1730 1388 1850 1445 post
1901 1378 2156 1431 incarna-

588 1468 789 1522 tionem
822 1485 835 1534 ;
869 1478 922 1522 et
950 1479 1074 1523 ante
1106 1470 1421 1538 imaginem,
1458 1479 1511 1523 et
1545 1484 1638 1538 per
1663 1468 1808 1521 illam
1846 1485 1859 1521 :
1891 1484 1989 1522 nec
2022 1482 2154 1523 sana

587 1571 769 1616 mente
818 1563 1109 1631 quisquam
1150 1573 1253 1625 est,
1302 1562 1513 1631 opinor,
1549 1561 1639 1629 qui
1676 1560 1801 1615 huic
1836 1572 1981 1615 recte
2020 1576 2154 1615 con-

587 1658 791 1709 stituta:
840 1656 1100 1709 doctrinae
1136 1670 1193 1709 se
1228 1663 1484 1723 opponat.
1533 1652 1637 1707 Sed
1674 1661 1728 1707 et
1757 1655 2041 1722 exemplis,
2070 1653 2154 1709 vel

587 1749 716 1802 solis
755 1748 821 1801 ad
849 1763 1043 1816 aquam
1075 1749 1155 1802 vel
1192 1748 1444 1816 trianguli
1494 1747 1887 1811 itumaterialis,
1920 1748 2021 1803 hoc
2047 1756 2151 1812 est,

586 1838 973 1901 mathematici,
1006 1839 1071 1893 ad
1116 1838 1473 1901 materialem,
1506 1853 1610 1892 non
1638 1837 1853 1893 videtur
1895 1838 2153 1894 insisten-

585 1933 737 1985 dum.
775 1930 1044 1997 Quoniam
1083 1947 1177 2002 per
1216 1931 1559 2001 hypothesim
1594 1932 1641 1986 si
1677 1943 1946 1996 sumatur,
1998 1932 2158 1987 latria

584 2025 868 2078 colendum
926 2039 1047 2079 esse
1107 2024 1297 2090 Solem,
1349 2034 1404 2078 et
1459 2024 1686 2094 ﬁguram
1744 2024 2155 2093 triangularem,

583 2117 905 2186 priusquam
938 2118 1021 2171 vel
1055 2116 1143 2171 ille
1187 2116 1239 2170 in
1274 2117 1431 2185 aquis
1469 2116 1652 2181 micet,
1686 2116 1768 2170 vel
1807 2117 1919 2171 haec
1952 2116 2005 2169 in
2044 2131 2159 2170 ma-

584 2210 719 2264 teria
766 2221 1061 2265 cernatur:
1106 2210 1454 2265 manifestum
1508 2219 1613 2272 est,
1658 2209 1821 2265 etiam
1868 2221 2157 2280 postquam

585 2300 698 2353 haec
744 2301 1063 2365 acciderint,
1098 2301 1178 2355 vel
1234 2301 1397 2355 simul
1432 2300 1573 2356 facta
1610 2299 1832 2367 fuerint,
1871 2302 2027 2355 latria
2062 2315 2159 2357 co-

582 2389 801 2444 lendum
836 2402 1129 2461 utrumque
1161 2408 1304 2447 esse.
1340 2392 1431 2447 Sic
1475 2393 1621 2447 enim
1657 2400 1713 2448 et
1742 2392 2030 2447 Dominum
2058 2409 2159 2448 no-

584 2492 757 2539 strum
793 2480 976 2540 Jesnm
1004 2484 1279 2540 Christum
1309 2488 1551 2556 apposite
1582 2486 1890 2551 ostendisti,
1922 2496 1980 2540 ut
2010 2496 2157 2553 ante,

586 2577 666 2630 sic
713 2586 766 2630 et
806 2585 925 2646 post
970 2578 1425 2644 incarnationem,
1473 2580 1630 2633 latria
1695 2580 1800 2633 coli
1858 2580 2057 2634 debere
2105 2590 2161 2635 et

585 2669 823 2723 adorari.
877 2669 1055 2724 Latria
1101 2687 1231 2741 ergo
1277 2672 1564 2725 colendum
1605 2687 1727 2727 esse
1772 2671 2074 2737 Christum,
2126 2688 2160 2727 ο

586 2763 778 2826 amice,
803 2763 856 2815 in
890 2761 1143 2817 confesso
1194 2774 1277 2816 est
1309 2780 1321 2815 :
1356 2771 1410 2816 at
1437 2777 1543 2817 non
1574 2764 1645 2817 ita
1701 2766 2009 2819 veneranda
2041 2764 2159 2831 ejus

586 2853 765 2923 imago
793 2851 950 2905 latria
992 2851 1367 2922 prosequenda
1398 2860 1501 2919 est,
1526 2854 1669 2907 sicut
1715 2853 1871 2923 juxta
1898 2855 2159 2927 hypothe—

588 2944 716 3007 sim,
763 2943 844 2997 sol
892 2959 1045 3013 aqua:
1080 2943 1384 3009 immixtus,
1414 2954 1472 2998 at
1510 2960 1617 2999 non
1656 2945 1837 3017 imago
1884 2947 2014 3001 solis
2053 2965 2065 3001 :
2106 2955 2160 3001 et

588 3035 896 3105 triangulus
925 3036 1167 3090 materia:
1208 3035 1418 3100 allixus,
1462 3046 1516 3090 at
1546 3052 1650 3091 non
1674 3037 1855 3107 imago
1880 3038 2157 3109 trianguli.

587 3126 819 3181 Attende
867 3128 1033 3190 enim,
1084 3126 1224 3197 apud
1256 3142 1356 3181 nos
1395 3128 1738 3183 Christianos
1787 3129 2002 3184 unicam
2042 3145 2159 3184 esse
2186 3145 2229 3202 ο

586 3216 825 3281 latriam,
872 3233 1035 3286 quam
1072 3218 1171 3273 soli
1218 3228 1420 3273 sanctae
1447 3228 1502 3274 et
1548 3220 1994 3274 consubstantiali
2041 3220 2160 3274 'I‘ri-

589 3310 746 3365 nitati
768 3312 985 3366 exhibet
1010 3313 1265 3367 universa
1288 3323 1479 3367 natura
1500 3314 1733 3368 visibilis
1757 3323 1811 3367 et
1841 3315 2157 3371 invisibilis.

587 3401 700 3458 Nec
735 3402 820 3459 fas
861 3412 944 3459 est
990 3405 1352 3459 venerandam
1408 3405 1695 3475 imaginem
1737 3405 1961 3472 Christi,
2005 3408 2159 3462 latria

589 3495 871 3551 colendam
915 3497 1112 3552 dicere.
1169 3495 1412 3551 Duorum
1465 3499 1608 3551 enim
1662 3499 1938 3553 alterum:
1979 3507 2070 3554 aut
2108 3499 2159 3553 id

590 3586 738 3656 quod
794 3587 974 3653 latria,
1034 3589 1178 3644 sicut
1229 3588 1341 3651 illa,
1394 3588 1678 3644 colendum
1730 3590 1819 3653 sit,
1877 3587 2159 3643 Trinitatis

594 3680 765 3734 latria:
788 3681 976 3742 inseri,
1001 3682 1146 3748 quod
1179 3680 1515 3749 impossibile
1551 3698 1564 3747 ;
1592 3681 1721 3749 quia
1762 3681 2013 3735 Trinitati
2060 3680 2160 3735 ad-

590 3770 723 3825 ditio
756 3768 944 3824 inferri
975 3770 1121 3824 nulla
1161 3780 1359 3840 potest,
1391 3771 1503 3839 jam
1529 3772 1674 3825 enim
1715 3770 2049 3841 quaternitas
2076 3770 2160 3826 fo-

591 3874 672 3916 ret
699 3880 713 3917 :
754 3871 848 3916 aut
877 3862 923 3917 si
955 3876 1063 3915 non
1096 3862 1395 3928 inseratur,
1431 3862 1524 3918 sed
1564 3863 1742 3931 ipsum
1770 3876 1864 3932 per
1893 3878 1952 3918 se
1972 3864 2154 3917 colen-

588 3957 719 4009 dum
750 3953 840 4018 sit,
870 3955 1007 4009 duas
1032 3954 1172 4023 apud
1201 3968 1301 4009 nos
1346 3954 1533 4009 latrias
1558 3954 1743 4009 doceri
1774 3971 1787 4007 :
1836 3970 1945 4025 quo
1976 3956 2103 4025 quid
2129 3970 2158 4009 a

593 4048 749 4103 nobis
768 4055 1082 4117 expeterent
1120 4048 1470 4117 grtecizantes
1518 4045 1858 4101 lconomachi
1881 4088 1895 4113 ,
1920 4062 2081 4116 quam
2103 4056 2160 4100 ut

592 4140 718 4194 inde
749 4140 1117 4205 ostenderent,
1156 4154 1278 4204 nos.
1306 4140 1544 4195 admissa
1576 4141 1778 4211 duplici
1804 4141 1981 4203 latria,
2005 4155 2157 4193 crea-

593 4242 771 4285 turam
840 4243 1033 4301 prieter
1076 4231 1393 4286 Creatorem
1456 4232 1654 4299 colere,
1724 4232 2159 4301 Arianorumque

594 4321 859 4390 impietati
906 4320 1044 4374 nihil
1089 4320 1390 4376 concedere
1432 4321 1455 4374 ἲ
1509 4321 1797 4375 Adoranda
1858 4321 2023 4389 igitur
2074 4329 2158 4375 est

2254 559 2365 608 τια,
2401 542 2485 595 ὅτι
2518 542 2671 593 πᾶσα
2698 539 2862 592 εἰκὼν
2896 536 3058 591 ἄλλου
3099 535 3215 587 ἐστὶ
3254 531 3557 602 δηλωτικὴ,
3597 529 3853 609 δηλονότι

2254 632 2351 685 τοῦ
2388 630 2750 702 πρωτοτύπου
2770 644 2784 658 ’
2819 627 2915 681 καὶ
2949 628 2997 680 εί
3031 627 3134 696 χρὴ
3158 626 3327 693 φάναι
3355 622 3503 676 κατὰ
3531 620 3636 691 τὴν
3667 637 3853 691 γραμο

2258 724 2496 794 ματικὴν
2556 720 2928 791 τεχνολογίαν,
2990 716 3134 770 τοῦτ’
3164 717 3229 771 ἂν
3284 714 3370 783 εῐη
3417 714 3792 783 ἀναφορικὸν,
3826 711 3853 763 ὃ

2255 815 2348 868 καὶ
2371 813 2776 885 ὁμοιωματικὸν
2816 812 2911 865 καὶ
2944 809 3215 864 δεικτικὸν
3260 809 3354 861 καὶ
3408 804 3852 859 ἀνταποδοτικδν

2254 907 2523 959 καλεῖται.
2554 906 2665 958 Καὶ
2709 903 2814 974 μὴν
2855 902 2953 972 οὐχ
2990 902 3066 964 ὡς
3116 900 3217 970 ὖλη
3264 901 3375 953 δεῖν
3419 900 3741 969 προσάγειν
3784 900 3849 964 τῇ

2254 995 2491 1066 Χριστοῦ
2522 995 2690 1049 εἰκόνι
2718 995 2815 1064 τὴν
2844 991 3245 1063 προσκύνησιν’
3281 990 3397 1043 ἀλλ’
3429 989 3508 1051 ὡς
3534 988 3694 1058 αὑτῴ
3714 990 3849 1057 Χρι-

2258 1088 2368 1161 στῷ
2394 1104 2406 1117 ο
2444 1088 2603 1156 εἴπερ
2629 1088 2663 1156 ἡ
2690 1087 2790 1154 τῆς
2823 1085 3030 1147 εἰκόνος
3060 1083 3192 1154 τιμὴ
3233 1082 3328 1135 ἐπὶ
3364 1082 3427 1134 τὸ
3471 1083 3849 1151 πρωτότυπον

2254 1179 2560 1245 ἀναϐαίνει,
2612 1177 3085 1247 ὑπεξαιρουμένης
3121 1175 3219 1244 τῆς
3266 1174 3398 1243 ὕλης
3448 1172 3531 1242 τῷ
3577 1174 3687 1241 τῆς
3728 1174 3849 1224 ἐπι-

2256 1273 2403 1335 νοίας
2426 1271 2571 1340 λόγῳ
2599 1272 2663 1323 ὲκ
2686 1268 2781 1323 τοῦ
2807 1271 2866 1322 ὲν
2901 1268 3037 1337 αὐτῇ
3060 1264 3534 1336 σχηματιζομένου
3557 1266 3848 1333 χαρακτῆ-

2260 1381 2371 1434 ρος.
2413 1361 2525 1415 Καὶ
2552 1359 2886 1429 λατρευτῶς,
2916 1358 2991 1421 ὡς
3014 1359 3139 1427 φὴς,
3169 1354 3514 1424 προσακτέον
3541 1354 3647 1423 τὴν
3679 1370 3851 1424 προ-σ-

2255 1458 2485 1527 κύνησιν
2510 1454 2588 1524 τῷ
2624 1453 2841 1523 Σωτῆρι
2894 1451 3139 1521 Χριστῷ,
3174 1450 3268 1502 καὶ
3306 1448 3413 1519 πρὸ
3467 1447 3703 1516 σαρκὸς,
3753 1448 3851 1498 καὶ

2259 1550 2398 1622 μετὰ
2434 1548 2747 1619 σάρκωσιν·
2776 1546 2871 1599 καὶ
2901 1543 3006 1615 πρὸ
3034 1547 3133 1613 τῆς
3161 1541 3391 1607 εἰκόνος,
3420 1542 3519 1594 καὶ
3533 1539 3603 1592 δι’
3632 1541 3812 1606 αὐτῆς
3833 1555 3847 1569 ·

2256 1644 2350 1697 καὶ
2380 1640 2553 1703 οὐδεὶς
2582 1638 2690 1694 τῶν
2729 1637 2791 1693 εὖ
2824 1635 3183 1708 φρονούντων,
3226 1629 3401 1702 οἶμαι,
3445 1630 3847 1701 ἀντιφέρεσθαι

2256 1736 2370 1797 τοῖς
2426 1731 2601 1803 ὀρθῶς
2644 1728 3183 1801 δεδογματισμένοις.
3213 1726 3377 1779 Ἀλλὰ
3429 1726 3541 1795 γὰρ
3584 1725 3688 1777 καὶ
3727 1727 3845 1785 τοῖς

2259 1828 2623 1897 ὑποδείγμασι
2672 1824 2766 1881 τοῦ
2830 1840 2889 1876 τε
2949 1821 3102 1893 ἡλίου
3151 1820 3290 1893 πρὸς
3312 1819 3374 1873 τὸ
3412 1818 3588 1889 ὕδωρ,
3626 1820 3725 1871 καὶ
3751 1816 3846 1869 τοῦ

2259 1919 2426 1973 ἀΰλου
2455 1915 2743 1987 τριγώνου,
2780 1915 2899 1985 ἦτοι
2933 1909 3345 1984 μαθηματικοῦ,
3378 1909 3519 1979 πρὸς
3533 1908 3600 1960 τὸ
3634 1907 3845 1969 ἐνυλον,

2259 2012 2358 2065 οὐκ
2414 2011 2759 2079 ἁπεμφαῖνον
2796 2004 3047 2059 ἔπεσθαι.
3108 2004 3264 2057 Ἐπεὶ
3313 2000 3432 2055 καθ’
3466 1999 3739 2054 ὑπόθεσιν
3798 2000 3846 2050 εἰ

2257 2102 2492 2174 ληφθείη
2519 2100 2814 2172 λατρευτὺς
2856 2101 2884 2151 ὁ
2923 2098 3095 2169 ἥλιος,
3127 2096 3161 2167 ἦ
3197 2096 3259 2150 τὸ
3304 2095 3571 2167 τρίγωνον
3628 2091 3843 2160 σχῆμα,

2260 2192 2369 2262 πρὸ
2404 2191 2497 2245 τοῦ
2525 2191 2618 2244 τὸν
2655 2189 2753 2259 μὲν
2782 2191 2840 2243 ὲν
2870 2186 3025 2241 ὕδασι
3058 2185 3305 2252 πάλλειν,
3335 2186 3398 2237 τὸ
3427 2184 3485 2236 δὲ
3520 2182 3633 2252 πρὸ
3664 2182 3767 2235 τοῦ
3786 2184 3844 2235 ὲν

2262 2285 2366 2359 ὕλῃ
2396 2282 2776 2353 ὑποφανθῆναι
2803 2298 2819 2313 ⁸
2856 2280 3118 2353 δηλονότι,
3174 2280 3271 2333 καὶ
3325 2276 3465 2347 μετὰ
3504 2275 3609 2345 τὴν
3663 2275 3845 2327 ἐκεῖσε

2261 2377 2565 2448 ἔμπτωσιν,
2596 2375 2716 2446 ἦτοι
2748 2374 3048 2444 συμφυΐαν,
3091 2368 3385 2440 λατρευτὺν
3412 2366 3706 2437 ἑκάτερον.
3738 2364 3843 2418 0-3-

2260 2485 2339 2523 τω
2375 2467 2487 2538 γὰρ
2513 2467 2607 2520 καὶ
2630 2467 2726 2520 τὸν
2753 2467 2959 2537 Κύριον
2996 2464 3158 2535 ἡμῶν
3209 2460 3417 2531 Ἰησοῦν
3431 2460 3680 2529 Χριστὸν
3706 2460 3843 2527 ἀρα-

2262 2559 2432 2631 ρότως
2459 2558 2767 2623 ὑπέδειξας,
2790 2558 2887 2611 καὶ⁵
2922 2559 3061 2627 μετὰ
3084 2557 3356 2625 σάρκωσιν
3386 2552 3462 2615 ὼς
3491 2552 3601 2621 πρὸ
3621 2549 3842 2620 σαρκώ-

2260 2669 2399 2715 σεως
2419 2652 2713 2721 λατρευτὸν
2746 2646 2885 2704 εἷναί
2912 2666 2973 2702 τε
2996 2649 3091 2702 καὶ
3112 2645 3559 2719 προσκυνεῖσθαι.
3590 2646 3844 2713 Λατρευ-

2259 2744 2352 2809 τὸς
2375 2737 2489 2807 οὖν,
2523 2735 2568 2795 ὦ
2594 2743 2715 2805 τᾶν,
2746 2744 2774 2794 ὁ
2803 2740 3036 2809 Χριστὸς
3069 2736 3519 2808 ὁμολογουμένως
3538 2750 3551 2765 '
3574 2733 3696 2785 ἀλλ’
3724 2733 3843 2803 οὐχὶ

2261 2838 2294 2905 ἡ
2325 2834 2498 2906 σεπτὴ
2522 2833 2684 2887 αὐτοῦ
2712 2832 2875 2886 εἰκὼν
2921 2831 3208 2900 λατρευτή,
3244 2826 3433 2895 ὥσπερ
3473 2825 3571 2878 καὶ
3618 2825 3649 2877 δ
3681 2826 3837 2895 ἥλιος

2261 2928 2387 2981 καθ’
2416 2925 2671 2980 ὑπόθεσιν
2704 2922 2986 2994 συμμιγὴς
3018 2920 3095 2991 τῷ
3118 2920 3295 2983 ὕδατι,
3328 2917 3447 2971 ἀλλ’
3473 2917 3601 2987 οὐχὶ
3618 2920 3654 2989 ἡ
3678 2916 3844 2970 εἰκὼν

2260 3020 2354 3073 τοῦ
2383 3020 2534 3091 ἡλίου
2558 3036 2572 3050 ο
2604 3020 2697 3071 καὶ
2727 3017 2789 3069 τὸ
2822 3014 3088 3085 τρίγωνον
3123 3011 3331 3066 ὑλωθὲν
3355 3051 3370 3075 ,
3400 3009 3518 3065 ἀλλ’
3543 3012 3673 3081 οὐχὶ
3706 3013 3743 3081 ή
3765 3012 3841 3063 sic

2262 3113 2374 3165 κὼν
2404 3110 2498 3163 τοῦ
2518 3108 2959 3180 τριγώνου.”ορα
2990 3106 3096 3176 γὰρ
3113 3106 3195 3157 ὅτι
3224 3104 3321 3175 μία
3351 3105 3386 3174 ἡ
3413 3104 3652 3174 λατρεία
3678 3102 3841 3173 ἡμῶν

2260 3204 2368 3259 τῶν
2389 3201 2730 3274 Χριστιανῶν
2755 3201 2891 3271 μόνῃ
2922 3201 2987 3271 τῇ
3021 3198 3155 3270 ἁγίᾳ
3188 3198 3282 3253 καὶ
3316 3196 3596 3266 ὁμοουσίῳ
3630 3194 3831 3265 Τριάδι

2263 3293 2743 3366 προσενηνεγμένη
2773 3292 2877 3347 ὑπό
2918 3308 2978 3345 τε
3021 3292 3200 3361 πάσης
3250 3290 3451 3361 ὁρατῆς
3496 3286 3719 3356 φύσεως
3749 3287 3841 3341 καὶ

2261 3387 2513 3457 ἀοράτου.
2546 3386 2655 3438 Καὶ
2680 3386 2781 3437 οὐκ
2818 3384 3054 3455 ἐγχωρεῖ
3084 3382 3184 3451 τὴν
3230 3379 3436 3450 σεπτὴν
3483 3379 3676 3431 είκόνα
3708 3379 3841 3449 Χρι·

2261 3477 2390 3533 στοῦ
2424 3476 2730 3550 λατρευτὴν
2758 3477 2944 3545 φάναι.
2976 3475 3135 3530 Δυοῖν
3148 3472 3257 3543 γὰρ
3283 3472 3513 3542 θάτερον
3535 3487 3550 3500 ·
3573 3471 3610 3542 ἢ
3637 3472 3701 3523 τὸ
3722 3473 3840 3525 κατ’

2260 3572 2431 3642 αὐτὴν
2462 3570 2754 3642 λατρευτὸν
2786 3570 2851 3638 τῇ
2884 3566 3134 3636 τριαδικῇ
3162 3564 3389 3635 λατρεία
3410 3566 3836 3634 συνεισκρίνειν.

2260 3665 2397 3736 ὅπερ
2422 3663 2684 3718 ἀδύνατον
2706 3675 2721 3691 ’
2756 3658 2990 3727 ἐπείπερ
3039 3657 3140 3711 οὐκ
3189 3655 3467 3725 ἐνδέχεται
3509 3654 3839 3726 προσθήκην

2259 3756 2380 3813 τινὰ
2423 3752 2774 3807 συνεισοίσειν
2819 3753 2886 3821 τῇ
2920 3749 3150 3821 Τριάδι·
3181 3746 3537 3818 εὑρεθήσεται
3585 3746 3701 3818 γὰρ
3752 3763 3838 3799 τεο

2260 3850 2394 3918 τράς
2419 3846 2555 3902 οὖσα
2576 3862 2590 3875 ·
2626 3845 2660 3916 ἢ
2699 3844 2774 3915 μὴ
2797 3841 3305 3913 συνεισκρινομένου
3328 3841 3533 3903 ἐκεῖσε,
3557 3840 3686 3893 καθ’
3709 3842 3837 3893 ἑαυ-

2260 3941 2320 3993 τδ
2349 3939 2407 3993 δὲ
2438 3939 2607 4003 ὅντως
2645 3936 2961 4007 λατρευτοῦ,
2994 3937 3088 3989 δύο
3110 3936 3210 3999 τὰς
3228 3935 3485 4007 λατρείας
3516 3935 3683 4005 ἡμῶν
3716 3936 3837 4001 δογ-

2263 4033 2511 4103 ματίζειν
2529 4048 2542 4061 ·
2575 4032 2670 4084 καὶ
2695 4028 2824 4083 τίειν
2836 4028 2964 4083 ἄλλο
2985 4029 3197 4100 ζητοῖεν
3223 4028 3488 4097 Ἐλλήνιοι
3527 4029 3677 4098 (cod.
3706 4028 3835 4095 Reg.

2259 4122 2425 4196 ἑλεῖν]
2459 4122 2814 4192 Είκονομάχοι
2868 4121 3004 4191 πρὸς
3036 4119 3214 4192 ἡμῶν,
3248 4119 3283 4190 ἢ
3307 4120 3367 4173 τὸ
3400 4119 3657 4174 ἐντεῦθεν
3700 4122 3836 4173 ἀπο-

2256 4216 2426 4281 δεῖξαι
2455 4216 2604 4286 ἡμᾶς
2633 4216 2700 4284 τῇ
2728 4213 2887 4284 δυῖκῇ
2918 4212 3143 4285 λατρείᾳ
3166 4210 3532 4281 λατρεύοντας
3564 4214 3636 4281 τῇ
3658 4213 3835 4264 κτξσει

2259 4307 2412 4375 παρὰ
2437 4307 2527 4359 τὸν
2560 4303 2856 4371 κτίσαντα,
2882 4305 2978 4358 καὶ
3029 4305 3184 4359 οὐδὲν
3204 4303 3311 4358 τῶν
3353 4300 3655 4373 ’Δρειανῶν
3685 4302 3838 4354 ἐλάτ-

593 4387 770 4487 imago
812 4414 1037 4477 Christi,
1088 4422 1145 4468 at
1186 4428 1293 4468 non
1334 4412 1625 4467 deferenda
1684 4413 1761 4467 illi
1819 4387 2011 4477 latria,
2061 4414 2152 4467 sed

2260 4414 2382 4461 τους
2412 4395 2553 4450 κατά
2587 4393 2878 4456 ἀσέϐειανς
2910 4393 3320 4463 Προσκυνητέον
3389 4387 3487 4443 οὖν
3532 4392 3603 4460 τῇ
3667 4390 3837 4441 εἰκόνι

591 4477 829 4568 Christo.
881 4506 974 4575 qui
1009 4508 1060 4559 in
1100 4520 1163 4559 ea
1216 4507 1494 4570 adorator,
1540 4505 1699 4574 juxta
1746 4505 2153 4574 consequentiae

2260 4486 2515 4558 Χριστοῦ,
2544 4486 2607 4539 οὐ
2640 4484 2997 4556 λατρευτέον’
3029 4484 3165 4539 ἀλλὰ
3208 4482 3286 4553 τῷ
3315 4482 3374 4534 ὲν
3417 4480 3559 4549 αὐτῇ
3605 4496 3838 4549 προσκυ-

591 4600 857 4662 rationem
887 4616 900 4653 :
936 4597 1198 4667 quoniam
1231 4598 1345 4653 haec
1387 4598 1496 4651 duo
1530 4606 1678 4661 sunt,
1713 4599 1892 4667 imago
1941 4608 1994 4653 et
2031 4614 2156 4667 pro-

594 4700 834 4759 totypum
862 4703 878 4752 ;
903 4697 958 4742 et
979 4687 1275 4742 discrimen
1297 4696 1399 4752 est,
1428 4702 1533 4742 non
1558 4688 1611 4741 in
1636 4688 1936 4758 hypostasi,
1974 4689 2066 4743 sed
2100 4690 2154 4743 in

595 4791 855 4837 essentia.

699 4979 919 5038 CCXIII.
949 5010 1022 5020 —
1046 4977 1293 5040 illichaeli
1326 4976 1568 5048 Syncello
1615 4976 2048 5049 Hagiopolitano.

2254 4578 2499 4650 νουμένῳ
2555 4577 2797 4648 Χριστῷ,
2825 4578 2967 4630 κατὰ
3016 4576 3108 4631 τὸν
3152 4575 3253 4644 τῆς
3315 4572 3653 4635 ἀκολουθίας
3696 4570 3836 4643 [οοιι.

2254 4673 2389 4743 Reg.
2416 4669 2698 4743 ἀληθείας]
2731 4670 2892 4740 λόγον
2916 4687 2931 4702 ·
2969 4668 3156 4738 ἐπειδὴ
3186 4666 3361 4721 ταῦτα
3410 4665 3529 4730 δύο,
3585 4664 3758 4718 εἰκών
3778 4680 3834 4717 τε

2256 4768 2353 4821 καὶ⁵
2380 4765 2759 4838 πρωτότυπον,
2786 4761 2882 4816 καὶ
2908 4762 2941 4832 ἠ
2971 4759 3297 4830 διαφορότης
3320 4758 3424 4811 οὐκ
3460 4757 3557 4810 ἐπὶ
3588 4756 3694 4827 τῆς
3718 4758 3840 4811 ὑπο-

2260 4857 2524 4921 στάσεως,
2549 4853 2685 4910 ἀλλὰ
2713 4852 2851 4906 κατὰ
2886 4851 2977 4905 τὸν
3005 4850 3105 4919 τῆς
3131 4849 3321 4912 οὐσίας
3361 4847 3553 4916 λόγον.

2336 4969 2478 5024 XII".
2524 4966 2599 5039 (8)
2630 4997 2698 5010 -
2724 4963 3332 5106 Mtzahfmﬁuﬁ-xém
3382 4964 3773 5034 Ἀγιοπολίτῃ

590 5178 780 5231 Laudat
797 5178 939 5227 illum
964 5176 1026 5225 ob
1056 5190 1115 5227 ea
1138 5190 1250 5239 quae
1270 5176 1629 5238 Hierosolymis
1657 5190 1745 5240 pro
1766 5180 1989 5227 veritatis
2010 5178 2323 5228 confessione
2353 5179 2648 5240 pertulerat,
2682 5179 2787 5225 tum
2820 5172 3016 5225 nuntiat
3048 5173 3459 5236 persecutionem
3495 5173 3834 5226 Constantino-

1595 5238 1698 5301 poli
1726 5252 1967 5290 cessasse.
2005 5243 2204 5299 (llaron.
2242 5254 2324 5290 an.
2354 5238 2466 5300 845,
2492 5252 2543 5286 n.
2568 5238 2671 5299 42.)

663 5352 857 5408 Scribe
889 5368 1032 5407 nunc
1064 5351 1129 5406 ad
1162 5352 1517 5407 reverentiam
1554 5362 1726 5419 tuam,
1757 5353 1977 5422 quando
2017 5352 2150 5406 mihi

592 5443 685 5499 Dei
705 5454 833 5498 nutu
861 5443 1053 5513 obtigit
1074 5453 1135 5497 ut
1154 5444 1401 5513 epistola:
1422 5445 1736 5500 ministrum
1759 5445 2103 5500 naneiscerer
2130 5460 2144 5497 :

2336 5352 2496 5420 ’Δρτι
2527 5349 2826 5403 ἐπιστέλλω
2862 5347 3218 5419 τῇτιμιότητί
3250 5362 3371 5411 σου,
3405 5348 3660 5417 ὁπηνίκα
3706 5348 3829 5400 εὐω-

2260 5441 2405 5515 meq
2445 5460 2534 5513 μοι
2563 5444 2622 5498 ὲν
2652 5440 2731 5516 τῷ
2756 5440 3021 5511 θελήματι
3048 5438 3142 5491 τοῦ
3188 5436 3325 5491 Θεοῦ
3374 5439 3575 5511 εὑρεῖν
3601 5440 3827 5497 διάκονον

2114 5622 2343 5683 ΝΟΤΕ.

656 5786 734 5857 (8)
769 5787 825 5845 In
857 5786 954 5844 cod
1013 5782 1141 5853 Reg.
1175 5801 1265 5853 at;
1290 5827 1305 5840 .
