3976 6322
126 374 242 439 1641

1285 391 1813 452 EPiSTOLARUM
1868 391 2012 448 LIB.
2075 391 2156 451 ῐῘ.

3211 391 3343 456 1642

119 492 204 544 τοῦ
233 491 547 562 γράμματος
568 509 580 524 ·
619 494 742 546 ἐπεὶ
781 493 1007 563 ἔμελλον
1033 497 1099 550 ἂν
1123 499 1182 562 ἐξ
1209 503 1377 570 αὐτῆς
1403 503 1502 569 τῆς
1534 504 1670 556 καθ-

1775 503 2016 572 alioquin
2057 519 2123 556 ex
2165 503 2279 571 ipsa
2312 501 2559 557 cusuulia
2593 513 2774 557 nostra
2810 502 3044 572 idipsnm
3098 502 3343 559 facturus

119 587 328 656 είρξεως
357 586 513 655 ἡμῶν
537 587 670 640 αὐτὸ
697 588 856 640 τοῦτο
879 594 1076 655 ποιεῖν,
1098 595 1190 644 καὶ
1212 595 1309 663 οὐχ
1335 594 1504 660 ἅπαξ,
1534 597 1668 650 ἀλλὰ

122 678 209 732 καὶ
239 677 316 741 δὶς
341 679 434 730 καὶ
455 679 716 743 πολλάκις
746 682 909 745 ίσως’
945 683 1064 736 οὐδὲ
1115 687 1221 753 γὰρ
1262 687 1346 739 ὅτι
1383 689 1540 758 ὑμεῖς
1581 691 1670 742 άλο

118 770 375 834 λοδαπετς,
403 772 562 840 ἡμεῖς
593 772 746 841 ὑμῶν
775 774 1114 844 ὲτεροειδεῖς.
1158 777 1296 830 Ἀλλ’
1320 779 1402 831 ὃτι
1443 782 1508 833 ἐκ
1540 784 1668 848 μιᾶς

119 863 309 933 μητρὸς
338 862 438 931 τῆς
490 863 764 927 υἱοθεσίας
817 869 1230 937 γεγεννημένοι,
1268 871 1362 923 καὶ
1406 870 1484 941 τῷ
1521 873 1670 941 αὐτῷ

113 953 411 1024 χαρακτῆρι
448 955 546 1024 τῆς
578 955 904 1025 εἰλικρινοῦς
933 959 1167 1022 πίστεως
1227 963 1666 1032 μεμορφωμένοι,

112 1047 200 1095 καὶ
224 1044 454 1113 ἀδελφοὶ,
511 1047 607 1099 καὶ
641 1049 990 1118 συμπολῐται,
1039 1051 1284 1122 κεφαλὴν
1324 1053 1541 1122 ἔχοντες
1577 1056 1669 1106 τὸν

110 1136 334 1206 Χριστόν
357 1155 372 1168 ³
404 1133 574 1210 οὗπερ
623 1141 698 1204 ὡς
749 1142 908 1212 σῶμα
941 1145 1243 1209 τελοῦντες,
1289 1147 1388 1199 καὶ
1419 1147 1574 1215 μέλη
1600 1147 1668 1200 ὲκ

104 1227 316 1295 μέρους
347 1228 623 1298 ὀφειλέται
660 1231 830 1300 ἐσμὲν
863 1234 956 1286 καὶ
986 1236 1304 1306 συγχαίρειν
1333 1236 1581 1304 ἀλλήλοις
1611 1238 1668 1288 ἐν

107 1323 213 1383 τοῖς
231 1322 445 1388 δεξιοῖς,
465 1325 557 1377 καὶ
577 1325 832 1379 ἀνιᾶσθαι
855 1324 922 1381 αὖ
946 1328 1038 1381 ἐπὶ
1061 1333 1173 1392 τοῖς
1209 1330 1349 1402 λυπη
1360 1333 1491 1401 ροῖς.
1528 1331 1668 1384 Ἀλλ’

106 1411 149 1464 ὢ
176 1413 308 1477 πῶς,
345 1415 550 1486 ἀλλαχῇ
591 1416 958 1487 ὡρμημένους
1003 1422 1148 1490 ὑμᾶς
1195 1424 1543 1493 πορεύεσθαι,
1568 1426 1667 1494 ἠν-

105 1504 386 1575 άγκασενὴ
409 1508 551 1575 φορὰ
575 1507 668 1560 τοῦ
694 1509 889 1579 καιροῦ
915 1512 972 1562 ὲν
1009 1513 1240 1578 ἄρκυσιν
1275 1514 1538 1581 ἐμπεσεῖν
1559 1513 1667 1565 τῶν

104 1597 636 1668 τῇδε,κρατοῦντων;
669 1601 736 1652 Τί
761 1598 856 1653 οὖν
885 1601 1030 1655 ἔστιν
1065 1605 1244 1656 εἰπεῖν
1274 1604 1413 1676 πρὸς
1455 1605 1664 1670 ταῦτα;

104 1687 135 1754 ἦ
166 1690 298 1758 ὅπερ
327 1693 461 1760 φησὶ
490 1692 551 1744 τὸ
578 1693 722 1761 ἱερὸν
753 1694 988 1764 γράμμα
1009 1712 1024 1725 ·
1062 1696 1172 1750 Καὶ
1195 1699 1226 1750 d
1254 1697 1416 1765 ἀγὼν
1439 1697 1545 1767 ἦγε
1560 1699 1668 1751 τὸν

115 1777 263 1840 Ἠοὺ,
299 1782 412 1832 ἀλλ’
443 1783 558 1836 ἐκεῖ
591 1784 688 1852 μὲν
725 1785 806 1846 εἰς
835 1786 894 1836 τὸ
921 1784 1238 1853 βασιλεῦσαι
1264 1787 1356 1839 τοῦ
1408 1788 1624 1860 Ἰσραήλ
1650 1805 1663 1818 ·

103 1872 328 1926 ἐνταῦθα
360 1874 437 1938 δὲ,
469 1876 548 1934 είς
578 1877 636 1927 τὸ
687 1878 1033 1947 μαρτυρῆσαι
1069 1881 1152 1948 στῇ
1188 1878 1419 1951 ἀληθείᾳ⁴
1448 1896 1461 1908 ·
1498 1881 1571 1943 ὡς
1602 1883 1668 1934 ἂν

103 1966 356 2037 πληρωθῇ
387 1967 450 2019 τὸ
483 1969 772 2038 εἰρημένον
824 1971 920 2023 καὶ
962 1971 1167 2023 τανῦν·
1215 1973 1317 2025 Ἐκ
1373 1975 1525 2026 Σιὼν
1565 1975 1663 2036 ἐξ·

100 2058 406 2111 ελεύσεται
441 2059 642 2128 λόγος,
678 2061 775 2113 καὶ
792 2063 976 2130 νόμος
1012 2063 1232 2132 Κυρίου
1268 2065 1336 2128 ἐξ
1378 2065 1669 2133 Ἰερουσα-

97 2152 238 2220 λήμ.
265 2149 437 2207 Ὧδεὸ
466 2153 609 2218 νοῦς,
632 2149 677 2207 ῶ
695 2156 1009 2227 πάμμακαρ
1043 2151 1203 2226 [Cod.
1227 2156 1361 2227 Reg.
1398 2157 1628 2232 μάκαρ.]
1653 2176 1666 2188 ·

99 2246 260 2316 Στῆθι
290 2247 579 2315 γενναίως,
611 2249 1104 2320 ὑπομιμνήσκομεν
1130 2266 1143 2278 ·
1180 2251 1544 2316 Δόξασονδὴ
1565 2254 1669 2304 τὸν

100 2341 234 2392 Θεὸν
269 2339 338 2393 ἐν
366 2342 448 2406 τῷ
481 2342 711 2410 σώματί
738 2360 854 2395 σου
878 2345 972 2395 καί
1007 2342 1171 2408 ἐντῷ
1195 2346 1512 2412 Πνεύματι.
1537 2346 1668 2398 Εἰπὲ

97 2432 186 2484 καὶ
233 2433 396 2496 αὐτὸς
446 2435 584 2503 μετά
622 2434 717 2486 τοῦ
773 2434 1065 2488 Θεσπεσίου
1106 2436 1352 2489 Παύλου·
1394 2434 1536 2490 Οἶδα
1579 2436 1668 2490 ὅτι

96 2523 270 2577 τοῦτό
295 2543 397 2594 μοι
418 2525 790 2594 ἀποϐήσεται
816 2529 904 2592 εἰς
919 2529 1223 2594 σωτηρίαν
1248 2528 1345 2581 διὰ
1376 2527 1483 2595 τῆς
1503 2528 1668 2595 ὑμῶν

94 2613 356 2681 δεήσεως
381 2615 484 2669 καὶ
517 2618 906 2685 ἐπιχορηγίας
935 2618 1042 2672 τοῦ
1074 2621 1421 2688 [Iret-paroc-
1463 2620 1668 2684 Ἰησοῦ

92 2708 370 2775 Χριστοῦ,
419 2711 572 2762 κατὰ
626 2711 742 2776 τὴν
780 2712 1272 2779 ἀποκαραδοκίαν
1313 2713 1412 2765 καὶ
1451 2713 1670 2765 ἐλπίδα

87 2816 202 2868 μου
223 2815 237 2830 ·
269 2799 360 2852 ὅτι
387 2799 456 2853 ὲν
481 2799 682 2853 οὐδενὶ
705 2802 1194 2870 αὶσχυνθησομαι
1217 2798 1399 2855 ’ἀλλ’
1417 2801 1486 2853 ἐν
1500 2801 1667 2868 πάσῃ

93 2893 398 2961 παρῤησίᾳ
431 2893 511 2958 ὡς
543 2893 801 2947 πάντοτε
845 2893 943 2946 καὶ
989 2894 1105 2946 νῦν
1149 2893 1667 2963 μεγαλυνθήσεται

91 2985 160 3037 ἐν
185 2984 266 3050 τῷ
298 2985 532 3055 σώματί
563 3004 706 3054 μου,
737 2988 857 3039 εἶτε
886 2987 981 3040 διὰ
1007 2984 1174 3054 ζωῆς,
1200 2987 1320 3040 εἴτε
1361 2984 1459 3040 διὰ
1485 2985 1667 3040 θανά-

91 3092 214 3132 του,
253 3079 418 3150 Ἐμοὶ
451 3081 562 3148 γὰρ
591 3081 655 3133 τὸ
682 3079 788 3148 ζῇν
817 3082 1092 3148 Χριστὸς,
1125 3082 1223 3134 καὶ
1250 3082 1315 3135 τὸ
1341 3079 1668 3137 ἀποθανεῖν
1696 3108 1738 3163 C

91 3167 317 3235 κέρδος.
360 3169 468 3223 Ἴδε
500 3173 527 3221 ὁ
558 3171 760 3238 γλυκὺς
809 3169 979 3238 ἁγὼν,
1016 3171 1089 3223 ίδε
1137 3173 1164 3222 ό
1224 3171 1492 3240 μακάριος
1541 3186 1668 3221 συν·

89 3246 392 3330 αλλαγμὺς,
442 3261 724 3332 βραχείαις
753 3262 967 3331 θλίψεσί
1015 3281 1077 3315 τε
1122 3261 1218 3316 καὶ
1261 3264 1671 3333 περιστάσεσιν,

89 3352 185 3406 εἶτ’
218 3350 313 3406 οὖν
351 3355 591 3421 πληγαῖς
619 3371 676 3406 τε
711 3356 804 3407 καὶ
850 3354 1063 3425 ῥανίσιν
1095 3354 1327 3422 αἵματος
1356 3353 1488 3406 Θεὸν
1519 3352 1674 3420 γενέ-

91 3446 234 3508 σθαι,
267 3448 363 3499 καὶ
387 3446 525 3499 Θεοῦ
554 3447 649 3498 τοῦ
687 3448 857 3511 ὅντως
906 3447 1060 3510 ὄντος
1099 3447 1396 3516 ἐπιτυχεῖν.
1435 3443 1674 3514 Ἐμονώ-

87 3536 187 3608 θης
210 3537 533 3608 τοιγαροῦν,
575 3535 651 3601 ῶς
694 3538 1036 3608 ἀκηκόαμεν,
1076 3539 1307 3608 τμηθεὶς
1352 3538 1430 3608 τῷ
1473 3537 1673 3606 φρονή-

91 3645 220 3698 ματι
265 3629 379 3683 ἀπὸ
424 3627 536 3680 τῶν
576 3629 983 3699 ἀγαπησάντων
1022 3629 1112 3682 τὸν
1153 3629 1249 3682 νῦν
1289 3628 1463 3681 αἰῶνα
1488 3645 1502 3658 ·
1537 3625 1674 3680 ἀλλὰ

90 3719 400 3789 συηιὼθης
433 3719 570 3770 πᾶσι
603 3721 714 3780 τοῖς
745 3720 1126 3789 ἀντεχομένοις
1156 3719 1251 3771 τοῦ
1281 3719 1379 3787 τῆς
1413 3718 1672 3787 ἀληθείας

87 3811 268 3878 λόγου.
308 3808 595 3866 Ἐντεῦθεν
640 3826 699 3863 σε
735 3813 762 3864 ό
790 3814 948 3882 χορὸς
990 3812 1098 3864 τῶν
1170 3831 1464 3883 μαρτυρῶν
1525 3811 1814 3864 ὑπολαϐεῖν
1848 3812 2096 3881 βούλεται
2143 3814 2476 3884 ὁλόκληρον·

86 3907 147 3959 τὸ
177 3907 370 3975 στίφος
402 3911 563 3980 χεῖρα
596 3907 869 3978 προτείνει
898 3908 1038 3958 ἑλεῖν
1068 3907 1325 3976 όμόχρον.

155 3999 246 4071 Μὴ
277 4001 344 4071 δὴ
377 4001 804 4070 ἀπολειφθῶμεν
830 4003 926 4068 τῆς
956 4000 1126 4069 καλῆς
1149 3999 1393 4068 χορείας,
1429 3993 1473 4050 ὧ
1503 3999 1668 4050 σεϐά-

87 4107 211 4162 σμιε
240 4108 254 4121 ·
295 4092 425 4163 μηδ’
464 4086 531 4145 αὗ
558 4090 1016 4162 καταισχύνωμεν
1055 4095 1154 4154 τάς
1183 4094 1400 4143 πάντων
1426 4090 1668 4154 ἐλπίδας,

83 4177 478 4255 ὼτριπόθητε.
510 4185 656 4236 Πόσα
703 4185 768 4237 ἂν
810 4184 1036 4254 ἔκαμες.
1087 4183 1227 4236 ὥστε
1269 4201 1360 4235 σου
1406 4185 1466 4235 τὸ
1502 4183 1670 4252 ὄνομα

86 4275 353 4329 ἀκουστὸν
379 4277 440 4329 ὲν
471 4275 639 4345 ἀρετῇ
676 4275 925 4343 γενέσθαι
967 4277 1079 4337 τοῖς
1134 4270 1234 4326 ὧδε
1270 4276 1528 4339 κὰκεῖσε;
1555 4273 1670 4326 Νῦν

1771 607 1944 658 eram,
1995 608 2095 646 nec
2142 592 2310 645 semel
2345 591 2527 661 modo,
2577 593 2668 646 sed
2718 593 2799 646 bis
2849 593 3009 647 etiam
3041 608 3104 647 ac
3145 593 3344 662 smpius

1771 683 2003 739 fortasse
2030 701 2042 737 :
2074 698 2248 752 neque
2270 683 2438 746 enim,
2468 684 2598 753 quia
2639 683 2812 736 exteri
2839 698 2931 737 vos
2954 683 3108 750 estis,
3139 683 3345 737 idcirco

1771 792 1800 830 a
1835 777 1989 830 vobis
2027 778 2208 845 specie
2243 776 2638 844 discrepamus.
2683 775 2787 829 Sed
2819 791 2942 830 eum
2974 791 3039 830 ex
3076 791 3184 831 una
3213 775 3344 829 ado-

1772 867 1974 937 ptionis
2015 878 2190 920 matre
2222 869 2386 935 geniti
2418 868 2614 931 simus,
2647 880 2699 922 ct
2728 868 2917 922 eodem
2961 869 3190 923 sincerae
3219 865 3344 922 ﬁdei

1771 962 2082 1014 charactere
2125 960 2392 1029 insigniti,
2431 970 2485 1014 ct
2523 960 2738 1025 fratres,
2773 970 2826 1015 et
2868 961 3140 1026 concives,
3181 967 3345 1029 caput

1773 1054 2036 1107 habentes
2078 1051 2380 1116 Christum,
2432 1061 2493 1105 ut
2523 1053 2616 1122 qui
2652 1053 2826 1122 ipsius
2875 1068 3076 1122 corpus
3130 1067 3342 1114 sumus.

1772 1154 1820 1197 et
1875 1143 2107 1197 membra
2155 1144 2218 1196 de
2267 1143 2499 1195 membro
2521 1144 2612 1194 9*:
2673 1143 3013 1211 congaudere
3049 1143 3188 1196 inter
3245 1157 3348 1197 nos

1771 1237 2032 1291 debemus
2061 1237 2114 1289 in
2141 1236 2439 1304 prosperis,
2479 1235 2712 1303 angique
2745 1236 2945 1302 pariter
2976 1235 3030 1287 in
3078 1234 3344 1288 adversis.

1772 1327 1970 1380 Verum
2020 1327 2294 1396 quomodo
2349 1341 2464 1390 vos,
2521 1341 2644 1379 cum
2696 1326 2803 1378 alio
2853 1324 3080 1394 profecti
3129 1325 3345 1387 essetis,

1773 1420 1986 1489 impulit
2011 1429 2318 1486 temporum
2349 1419 2630 1482 violentia,
2657 1429 2715 1471 ut
2744 1420 2797 1471 in
2824 1432 3014 1471 eorum
3038 1417 3130 1485 qui
3166 1432 3348 1470 rerum

1773 1514 1862 1569 hic
1889 1513 2189 1582 potiuntur,
2221 1513 2358 1567 relia
2392 1513 2696 1567 incideritis
2721 1512 2744 1566 ?
2789 1512 2929 1579 Quid
2970 1512 3037 1566 ad
3065 1513 3178 1565 haec
3199 1512 3348 1565 dice-

1774 1603 1944 1656 mus?
1977 1602 2078 1655 nisi
2113 1603 2162 1654 id
2193 1601 2338 1671 quod
2374 1616 2530 1656 sacra
2573 1601 2852 1671 Scriptura
2886 1603 2962 1655 ait
2995 1619 3008 1655 :
3068 1599 3136 1653 Et
3169 1600 3352 1653 multi-

1775 1693 1901 1746 tudo
1956 1694 2108 1747 duxit
2150 1692 2288 1747 Jehu
2316 1694 2386 1754 θ’,
2428 1695 2522 1749 sed
2568 1693 2678 1748 illic
2726 1693 2948 1762 quidem
3007 1692 3073 1746 ad
3121 1707 3350 1762 regnum

1702 1768 1741 1821 Β
1775 1785 1942 1837 Israel
1974 1803 1988 1850 ς
2024 1783 2110 1839 hic
2137 1801 2264 1839 vero
2290 1785 2357 1840 ad
2390 1787 2766 1840 testimonium
2798 1784 3067 1850 veritatis,
3101 1791 3163 1837 ut
3207 1798 3352 1837 nunc

1722 1915 1723 1918 η
1769 1883 1931 1935 etiam
1990 1882 2279 1950 impleatur
2304 1881 2450 1951 quod
2498 1881 2704 1935 dictum
2730 1888 2855 1936 est:
2901 1878 2979 1931 De
3020 1877 3152 1932 Sion
3187 1876 3353 1930 exibit

1770 1991 1962 2037 sermo,
1986 1983 2036 2026 et
2062 1974 2148 2027 lea:
2170 1974 2384 2028 Domini
2414 1975 2478 2026 de
2512 1973 2810 2026 Jerusalem
2843 1972 2908 2024 ’⁸.
2949 1970 3065 2025 Huc
3110 1986 3351 2024 animum

1770 2064 2010 2128 adverte,
2072 2081 2104 2119 ο
2151 2066 2464 2120 beatissime
2512 2082 2524 2118 :
2577 2076 2660 2118 sta
2718 2063 2956 2128 fortiter,
3025 2076 3353 2116 monemus:

1771 2157 2013 2226 gloriﬁca
2044 2158 2214 2210 Deum
2244 2159 2296 2210 in
2343 2172 2559 2226 corpore
2601 2165 2710 2216 tuo,
2752 2164 2800 2208 et
2847 2155 2900 2207 in
2944 2154 3136 2222 spiritu
3159 2152 3224 2207 ³⁷.
3259 2151 3357 2205 Dic

1770 2257 1825 2302 et
1856 2249 1972 2318 ipsc
2013 2265 2136 2302 cum
2166 2249 2354 2302 divino
2388 2248 2554 2301 Paulo
2584 2266 2596 2299 :
2634 2245 2755 2301 Scio
2779 2247 2906 2315 quia
2935 2245 3030 2298 hoc
3070 2244 3198 2298 mihi
3229 2260 3354 2314 pro-

1772 2341 1936 2394 veniet
1990 2340 2058 2392 ad
2111 2339 2360 2404 salutem,
2408 2357 2500 2407 per
2543 2351 2768 2392 vestram
2820 2338 3112 2400 orationem
3144 2345 3193 2389 et
3235 2335 3357 2389 sub-

1772 2435 2213 2488 ministrationem
2240 2433 2474 2502 Spiritus
2497 2432 2624 2485 Jestt
2661 2427 2882 2493 Christi,
2931 2431 3215 2484 secundum
3261 2445 3356 2484 ex-

1770 2527 2143 2595 spectationem
2196 2537 2245 2580 et
2276 2543 2419 2593 spem
2458 2543 2647 2589 meam,
2686 2527 2810 2596 quia
2853 2527 2910 2578 in
2941 2525 3090 2578 nullo
3139 2526 3358 2595 confun-

1769 2623 1913 2674 dar:
1964 2621 2052 2674 sed
2103 2622 2155 2674 in
2193 2622 2336 2673 omni
2393 2621 2592 2688 ﬁducia
2648 2621 2784 2672 sicut
2840 2635 3060 2687 semper,
3121 2627 3172 2670 et
3219 2633 3356 2670 nunc

1773 2713 2208 2784 magniﬁcabitur
2258 2711 2504 2765 Christus
2550 2711 2603 2764 in
2655 2728 2872 2778 corpore
2926 2727 3059 2773 meo,
3106 2712 3210 2762 sive
3266 2725 3359 2777 per

1771 2805 1956 2868 vitam,
1989 2804 2092 2856 sive
2136 2818 2227 2869 per
2256 2812 2497 2855 mortem.
2535 2801 2668 2853 Mihi
2721 2801 2860 2854 enim
2905 2802 3068 2854 virere
3113 2798 3356 2854 Christus

1769 2905 1868 2957 est,
1888 2905 1934 2948 et
1956 2897 2089 2947 mori
2113 2902 2316 2947 lucrum
2335 2896 2378 2924 ⁸⁷
2400 2901 2438 2947 '.
2463 2894 2540 2947 En
2559 2894 2716 2948 dulce
2738 2903 3036 2957 certamen,
3058 2908 3124 2946 en
3146 2891 3356 2946 felicem

1770 2989 2277 3051 commutationem,
2309 3001 2404 3056 per
2434 2986 2625 3040 breves
2666 2985 3050 3040 tribulationes
3083 2992 3138 3039 et
3187 3000 3358 3054 angu-

1771 3081 1928 3143 stias,
1974 3095 2069 3134 seu
2118 3081 2310 3149 plagas
2343 3087 2398 3133 et
2441 3077 2726 3148 sanguinis
2769 3086 2972 3147 guttas,
3009 3075 3180 3130 Deum
3217 3075 3354 3140 ﬁeri,

1771 3180 1824 3225 et
1853 3171 1986 3234 Deo,
2021 3171 2114 3240 qui
2147 3186 2270 3225 vere
2319 3179 2423 3235 est,
2457 3170 2646 3241 potiri.
2697 3168 2860 3223 Solus
2903 3183 3032 3238 ergo
3069 3167 3245 3224 factus
3273 3183 3355 3235 es,

1772 3272 1832 3316 ut
1872 3265 2204 3333 accepimus,
2244 3263 2311 3316 ah
2341 3263 2408 3317 iis
2440 3278 2605 3318 sensu
2657 3262 2891 3322 divisus,
2953 3263 3043 3332 qui
3089 3260 3351 3316 szeculum

1772 3354 1876 3408 hoc
1905 3366 2159 3410 amarunt
2211 3375 2225 3410 :
2264 3357 2359 3411 sed
2412 3371 2536 3412 cum
2591 3356 2658 3410 iis
2703 3355 2960 3409 omnibus
3003 3355 3353 3421 coniunctus,

1773 3448 1867 3516 qui
1902 3448 2147 3502 veritatis
2180 3449 2459 3505 sustinent
2489 3446 2889 3504 defensionem.
2936 3446 3073 3502 Hinc
3123 3455 3172 3502 te
3204 3462 3356 3500 mar-

1778 3544 1956 3607 tyrum
1989 3539 2193 3594 chorus
2227 3539 2500 3610 integrum
2549 3541 2830 3607 suscipere
2865 3539 3143 3593 desiderat
3179 3557 3192 3592 :
3230 3538 3358 3592 hinc

1780 3627 2157 3683 confessorum
2207 3645 2416 3685 cuneus
2451 3646 2676 3684 manum
2714 3632 2967 3702 porrigit,
3003 3639 3063 3683 ut
3093 3631 3144 3684 in
3176 3630 3355 3684 locum

1777 3734 1937 3773 suum
1978 3721 2222 3788 recipiat.

2560 3814 2770 3868 ἐκεῖθεν
2814 3815 2925 3866 τῶν
3008 3814 3359 3885 ὁμολογητῶν

1841 3996 2275 4066 Haudquaquam
2312 3999 2380 4051 ab
2410 3999 2510 4051 hac
2546 3998 2802 4066 prmclara
2844 3997 3048 4050 chorea
3081 3996 3352 4050 descisca-

1770 4109 1914 4154 mus,
1952 4092 2035 4143 vir
2064 4093 2394 4158 venerande,
2423 4107 2598 4160 neque
2620 4107 2743 4160 spes
2771 4090 3016 4143 omnium
3049 4088 3352 4144 confunda-

1769 4201 1911 4249 mus,
1947 4186 2026 4238 vir
2054 4184 2532 4238 desideratissime.
2566 4181 2776 4250 Quanta
2810 4182 3115 4250 pertulisti?
3137 4183 3270 4235 adeo
3299 4189 3353 4233 ut

1767 4294 1964 4332 nomen
1993 4291 2143 4332 tuum
2171 4279 2375 4346 passim
2395 4279 2462 4332 ab
2491 4278 2575 4331 his
2602 4286 2653 4330 et
2672 4276 2777 4329 illis
2805 4275 3052 4328 auditum
3074 4276 3162 4328 sit.
3200 4271 3354 4327 Nunc

83 4368 138 4421 δὲ
163 4368 240 4432 ὡς
271 4369 360 4422 ἐπ’
393 4367 558 4438 ὅρους
589 4367 798 4437 ἀρετῶν
824 4368 913 4420 διὰ
946 4368 1043 4435 τῆς
1077 4366 1366 4436 ὁμολογίας
1398 4365 1666 4434 ἀναϐεϐη-

1776 4380 1982 4430 autem,
2006 4377 2263 4438 tanquam
2290 4369 2343 4422 in
2365 4370 2623 4421 virtutum
2660 4375 2897 4419 montem
2946 4379 3040 4434 per
3063 4362 3358 4418 confessio-

84 4459 216 4524 κὼς,
250 4458 509 4531 ἐμφανὴς
548 4458 736 4526 ἐγένου
785 4458 862 4530 τῷ
911 4459 1120 4528 κόσμῳ,
1161 4459 1253 4510 καὶ
1295 4457 1668 4526 λαμποφορεῖς

83 4550 234 4620 ἡλίου
267 4548 668 4618 φωτεινότερον
719 4549 814 4601 σὺν
853 4547 930 4617 τῷ
981 4549 1122 4618 λόγῳ
1150 4550 1243 4601 καὶ
1291 4548 1382 4600 τὸν
1425 4549 1557 4618 βίον,
1590 4548 1670 4609 είς

81 4634 241 4699 δόξαν
282 4635 398 4690 Τοῦ
434 4635 665 4702 Πατρός
694 4633 863 4703 ἡμῶν
883 4637 988 4690 τοῦ
1007 4638 1075 4688 ἐν
1102 4637 1225 4702 τοῖς
1247 4638 1527 4706 οὐρανοῖς
1551 4654 1563 4666 ο
1590 4639 1670 4699 είς

83 4729 248 4781 τόπον
280 4729 501 4800 ἦρχθης
550 4728 1026 4799 ὑπεραίνοντα,είς
1069 4730 1320 4796 γλῶσσαν
1364 4732 1670 4802 παρεδόθης

85 4821 412 4891 βλάσφημον
441 4835 455 4847 ·
498 4819 636 4872 πόσα
663 4821 760 4888 μὲν
794 4817 885 4874 οῦν
919 4822 978 4874 οὐ
1013 4823 1343 4889 σαίνουσαν;
1379 4824 1517 4876 πόσα
1539 4825 1593 4875 δὲ
1608 4825 1669 4875 οῦ

82 4910 528 4979 ψευδολογοῦσαν
573 4911 667 4963 καὶ
695 4913 1049 4984 πειρωμένην
1088 4916 1399 4969 ὑποκλίνειν
1431 4918 1538 4969 ἀπὸ
1576 4918 1668 4969 τοῦ

85 5002 294 5073 ὑψηλοῦ
331 5004 432 5056 καὶ
468 5001 619 5055 θείου
650 5007 1030 5074 φρονήματοςς
1057 5008 1170 5060 ἀλλ’
1200 5007 1357 5078 ἴσμεν
1381 5008 1440 5074 ἐξ
1479 5012 1668 5080 ἀκοῆς,

81 5096 205 5160 ὅσος
227 5099 322 5150 καὶ
345 5095 516 5158 αὐτὸς
540 5090 590 5147 εἴ
610 5096 791 5166 χάριτι
813 5100 1073 5168 Χριστοῦ,
1097 5100 1253 5167 λόγον
1271 5101 1484 5172 ἐπέχων
1505 5104 1668 5172 ζωῆς,

86 5189 278 5253 σοφίας
296 5189 519 5263 ῥεῖθρον
543 5189 649 5239 ἀπὸ
675 5190 938 5258 στόματος
968 5193 1430 5263 προϐαλλόμενος,
1467 5198 1671 5249 ἀντεπ-

89 5283 308 5350 εξάγειν
370 5286 446 5332 τὰ
476 5280 791 5344 εἰκόταταῖς
812 5283 1068 5350 ματαίαις
1089 5289 1438 5354 προτάσεσιν.
1477 5289 1670 5358 Ἡμεῖς

85 5373 144 5426 δὲ
178 5375 229 5427 oi
253 5371 512 5426 ταπεινοὶ
545 5373 718 5424 ἐκεῖνο
750 5372 980 5442 λέγομεν
1031 5378 1122 5428 καί
1164 5377 1555 5451 διασαφοῦμεν,
1589 5383 1671 5435 ὅτι

86 5466 313 5533 λογάδες
339 5463 520 5518 πάλαι
543 5480 605 5515 τε
642 5469 734 5516 καὶ
763 5465 858 5518 νῦν
889 5468 1231 5538 προέστησαν
1273 5472 1430 5525 τοῦδε
1465 5473 1558 5525 τοῦ
1595 5475 1673 5525 is-

91 5557 363 5630 ραρχικοῦ
412 5555 626 5628 θρόνου,
671 5558 919 5628 εὐτεχνίᾳ
960 5559 1246 5629 δογμάτων
1282 5564 1340 5616 τὸ
1382 5566 1511 5634 περὶ
1562 5565 1671 5617 τῶν

91 5653 253 5724 ιερῶν
276 5652 510 5706 εἰκόνων
537 5649 798 5721 θεώρημά
842 5667 901 5701 τε
945 5653 1038 5704 καὶ
1093 5653 1344 5725 σύνθημα
1393 5658 1668 5712 διατυπῶ-

186 5770 231 5802 9‘
262 5769 280 5823 l
311 5769 443 5842 Cor.
500 5783 597 5842 xtl,
632 5768 720 5823 27.
835 5772 878 5803 ”
912 5771 980 5826 IV
1016 5771 1146 5842 Reg.
1201 5790 1274 5837 Ix,
1316 5775 1400 5829 i5.

86 5843 134 5874 ’⁸
196 5841 392 5894 Matth.
427 5856 501 5904 γι,
522 5841 577 5895 9.

391 5935 660 5994 Ρλτιιοι..
695 5937 804 5995 Gn.
858 5933 1068 5996 XCIX.

1509 5777 1551 5807 ⁵⁸
1593 5778 1692 5831 lsa.
1725 5792 1804 5843 ιι,
1845 5780 1896 5834 5.
2000 5780 2042 5812 ντ
2077 5778 2238 5834 lCor.
2296 5793 2382 5842 vi,
2423 5775 2511 5830 90.

1774 4476 1897 4514 nem
1918 4461 2235 4526 subvectus,
2256 4463 2588 4530 conspicuus
2605 4458 2807 4512 mundo
2826 4456 3002 4511 factus
3018 4472 3099 4520 es,
3119 4467 3167 4508 ct
3184 4454 3355 4509 facem

1773 4553 1916 4621 geris
1952 4553 2066 4607 sole
2116 4552 2462 4617 lucidiorem,
2504 4552 2669 4604 vitam
2718 4548 2878 4604 simul
2909 4563 3030 4602 cum
3081 4561 3353 4609 sermone,

1771 4647 1836 4698 ad
1879 4646 2104 4714 gloriam
2137 4643 2321 4699 Patris
2350 4647 2541 4709 nostri,
2579 4643 2669 4711 qui
2698 4644 2751 4694 in
2779 4640 2919 4694 caelis
2963 4650 3039 4692 est
3059 4641 3122 4694 ’⁸.
3163 4637 3350 4692 Excel-

1774 4755 1894 4792 sum
1935 4740 1985 4792 iu
2013 4738 2194 4791 locum
2222 4750 2441 4792 evectus
2478 4754 2557 4800 es,
2597 4737 2793 4804 linguzc
2823 4733 3072 4802 ohjcctus
3098 4748 3156 4787 es
3187 4731 3356 4784 male-

1774 4833 1925 4895 dicae,
1963 4831 2092 4899 quid
2133 4845 2241 4884 nou
2279 4831 2550 4886 vellicanti
2585 4830 2606 4881 ?
2639 4827 2768 4899 quid
2823 4842 2929 4880 non
2983 4825 3274 4879 mentienti
3329 4819 3355 4874 ?

1774 4929 1899 4976 dum
1935 4934 1984 4977 te
2014 4924 2081 4974 ah
2111 4924 2330 4978 excelso
2361 4934 2415 4977 et
2443 4923 2628 4978 divino
2673 4935 2836 4977 sensu
2871 4918 3155 4973 dellectere
3184 4929 3354 4971 conaa

1776 5028 1879 5069 tur.
1917 5015 2020 5069 Sed
2060 5015 2340 5069 auditione
2385 5017 2699 5084 accepimus
2743 5020 2984 5081 quantus
3029 5021 3083 5065 et
3131 5011 3246 5079 ipse
3275 5007 3353 5061 sis

1774 5111 1946 5176 gratia
1985 5108 2212 5170 Christi,
2245 5110 2369 5161 vit-.e
2404 5122 2710 5162 sermonem
2745 5103 3032 5163 adhibens,
3074 5099 3352 5170 sapientiae

1774 5203 1973 5255 flumen
2032 5216 2096 5253 ex
2139 5215 2235 5253 ore
2281 5199 2637 5267 profundens,
2668 5197 2823 5249 vanis
2881 5191 3348 5263 propositionibus

1774 5293 2129 5362 congruentia
2165 5307 2467 5361 opponens.
2493 5288 2602 5344 Nos
2638 5303 2766 5343 vero
2803 5286 3034 5341 humiles
3052 5285 3183 5340 illud
3215 5282 3352 5336 dici-

1777 5401 1899 5439 mus
1928 5392 1980 5437 et
2028 5391 2314 5445 testamur,
2375 5385 2520 5437 viros
2580 5381 2812 5434 eximios
2843 5388 2897 5432 et
2925 5377 3053 5431 olim
3107 5385 3161 5429 et
3205 5387 3352 5426 nunc

1777 5476 2130 5530 hicrarchicae
2183 5475 2309 5530 huic
2363 5475 2478 5531 sedi
2518 5474 2826 5543 prmfuisse,
2877 5469 2994 5539 qui,
3036 5471 3348 5539 dogmatum

1775 5570 1988 5637 peritia,
2024 5578 2187 5622 totam
2222 5568 2290 5622 de
2345 5568 2518 5624 sacris
2558 5565 2888 5635 imaginibus
2923 5561 3348 5630 speculationem

1774 5671 1828 5715 et
1865 5661 2167 5715 doctrinam
2217 5660 2626 5730 descripserunt
2664 5655 3137 5722 tradideruntquc.
3183 5648 3269 5712 Et,
3302 5648 3348 5699 si

2619 5772 2953 5840 ’“Philipp.
3001 5787 3038 5835 I,
3081 5766 3145 5822 l9
3195 5775 3348 5826 sead-

2877 5924 2954 5985 5‘2
