  <div class='ocr_page' id='page_1' title='image "/cluster/home/n/w/nwhite01/storage/ocr_20150623/99/pst.000005714063/883.png"; bbox 0 0 3976 6322; ppageno 0'>
   <div class='ocr_carea' id='block_1_1' title="bbox 600 332 730 395">
    <p class='ocr_par' dir='ltr' id='par_1_1' title="bbox 600 332 730 395">
     <span class='ocr_line' id='line_1_1' title="bbox 600 332 730 395; baseline 0.015 -2"><span class='ocrx_word' id='word_1_1' title='bbox 600 332 730 395; x_wconf 73' lang='grc'><strong>1643</strong></span> 
     </span>
    </p>
   </div>
   <div class='ocr_carea' id='block_1_2' title="bbox 591 448 1650 522">
    <p class='ocr_par' dir='ltr' id='par_1_2' title="bbox 591 448 1650 522">
     <span class='ocr_line' id='line_1_2' title="bbox 591 448 1650 522; baseline 0.005 -17"><span class='ocrx_word' id='word_1_2' title='bbox 591 448 908 519; x_wconf 79' lang='lat' dir='ltr'><strong>apostolicis</strong></span> <span class='ocrx_word' id='word_1_3' title='bbox 954 449 1136 508; x_wconf 87' lang='lat' dir='ltr'><strong>verbis</strong></span> <span class='ocrx_word' id='word_1_4' title='bbox 1188 451 1482 508; x_wconf 88' lang='lat' dir='ltr'><strong>dicendum</strong></span> <span class='ocrx_word' id='word_1_5' title='bbox 1544 462 1650 522; x_wconf 88' lang='lat' dir='ltr'><strong>est,</strong></span> 
     </span>
    </p>
   </div>
   <div class='ocr_carea' id='block_1_3' title="bbox 591 542 2178 616">
    <p class='ocr_par' dir='ltr' id='par_1_3' title="bbox 591 542 2178 616">
     <span class='ocr_line' id='line_1_3' title="bbox 591 542 2178 616; baseline 0.002 -18"><span class='ocrx_word' id='word_1_6' title='bbox 591 553 892 614; x_wconf 78' lang='lat' dir='ltr'><strong>peccatum,</strong></span> <span class='ocrx_word' id='word_1_7' title='bbox 942 542 1392 611; x_wconf 73' lang='lat' dir='ltr'><strong>superabundavit</strong></span> <span class='ocrx_word' id='word_1_8' title='bbox 1433 556 1483 600; x_wconf 88' lang='lat' dir='ltr'><strong>et</strong></span> <span class='ocrx_word' id='word_1_9' title='bbox 1522 549 1701 616; x_wconf 87' lang='lat' dir='ltr'><strong>gratia</strong></span> <span class='ocrx_word' id='word_1_10' title='bbox 1729 549 1797 603; x_wconf 83' lang='lat'><strong>”.</strong></span> <span class='ocrx_word' id='word_1_11' title='bbox 1845 545 1986 603; x_wconf 81' lang='lat' dir='ltr'><strong>Hinc</strong></span> <span class='ocrx_word' id='word_1_12' title='bbox 2030 550 2178 603; x_wconf 89' lang='lat' dir='ltr'><strong>enim</strong></span> 
     </span>
    </p>
   </div>
   <div class='ocr_carea' id='block_1_4' title="bbox 595 639 2182 709">
    <p class='ocr_par' dir='ltr' id='par_1_4' title="bbox 595 639 2182 709">
     <span class='ocr_line' id='line_1_4' title="bbox 595 639 2182 709; baseline 0.003 -20"><span class='ocrx_word' id='word_1_13' title='bbox 595 650 905 707; x_wconf 85' lang='lat' dir='ltr'><strong>progressa,</strong></span> <span class='ocrx_word' id='word_1_14' title='bbox 962 646 1221 707; x_wconf 88' lang='lat' dir='ltr'><strong>tanquam</strong></span> <span class='ocrx_word' id='word_1_15' title='bbox 1275 654 1343 693; x_wconf 73' lang='lat' dir='ltr'><strong>et</strong></span> <span class='ocrx_word' id='word_1_16' title='bbox 1382 639 1556 709; x_wconf 90' lang='lat' dir='ltr'><strong>portis</strong></span> <span class='ocrx_word' id='word_1_17' title='bbox 1591 639 1772 705; x_wconf 89' lang='lat' dir='ltr'><strong>inferi,</strong></span> <span class='ocrx_word' id='word_1_18' title='bbox 1807 639 2032 697; x_wconf 68' lang='lat' dir='ltr'><strong>haeresis</strong></span> <span class='ocrx_word' id='word_1_19' title='bbox 2064 641 2182 697; x_wconf 87' lang='lat' dir='ltr'><strong>lco-</strong></span> 
     </span>
    </p>
   </div>
   <div class='ocr_carea' id='block_1_5' title="bbox 597 729 2183 805">
    <p class='ocr_par' dir='ltr' id='par_1_5' title="bbox 597 729 2183 805">
     <span class='ocr_line' id='line_1_5' title="bbox 597 729 2183 805; baseline 0.004 -22"><span class='ocrx_word' id='word_1_20' title='bbox 597 729 943 785; x_wconf 87' lang='lat' dir='ltr'><strong>nomachica.</strong></span> <span class='ocrx_word' id='word_1_21' title='bbox 998 731 1088 785; x_wconf 90' lang='lat' dir='ltr'><strong>hic</strong></span> <span class='ocrx_word' id='word_1_22' title='bbox 1122 746 1343 801; x_wconf 91' lang='lat' dir='ltr'><strong>quoque</strong></span> <span class='ocrx_word' id='word_1_23' title='bbox 1375 748 1627 803; x_wconf 88' lang='lat' dir='ltr'><strong>repressa</strong></span> <span class='ocrx_word' id='word_1_24' title='bbox 1674 743 1760 789; x_wconf 89' lang='lat' dir='ltr'><strong>est</strong></span> <span class='ocrx_word' id='word_1_25' title='bbox 1797 753 1811 788; x_wconf 84' lang='lat'>:</span> <span class='ocrx_word' id='word_1_26' title='bbox 1853 736 1981 805; x_wconf 91' lang='lat' dir='ltr'><strong>quin</strong></span> <span class='ocrx_word' id='word_1_27' title='bbox 2015 744 2068 789; x_wconf 90' lang='lat' dir='ltr'><strong>et</strong></span> <span class='ocrx_word' id='word_1_28' title='bbox 2096 750 2183 790; x_wconf 84' lang='lat' dir='ltr'><strong>re-</strong></span> 
     </span>
    </p>
   </div>
   <div class='ocr_carea' id='block_1_6' title="bbox 597 820 2182 892">
    <p class='ocr_par' dir='ltr' id='par_1_6' title="bbox 597 820 2182 892">
     <span class='ocr_line' id='line_1_6' title="bbox 597 820 2182 892; baseline 0.003 -19"><span class='ocrx_word' id='word_1_29' title='bbox 597 820 868 890; x_wconf 87' lang='lat' dir='ltr'><strong>primetur</strong></span> <span class='ocrx_word' id='word_1_30' title='bbox 916 820 1179 890; x_wconf 78' lang='lat' dir='ltr'><strong>deinceps</strong></span> <span class='ocrx_word' id='word_1_31' title='bbox 1220 822 1394 892; x_wconf 83' lang='lat' dir='ltr'><strong>magis</strong></span> <span class='ocrx_word' id='word_1_32' title='bbox 1457 820 1694 891; x_wconf 80' lang='lat' dir='ltr'><strong>Spiritus</strong></span> <span class='ocrx_word' id='word_1_33' title='bbox 1756 824 1930 877; x_wconf 85' lang='lat' dir='ltr'><strong>sancti</strong></span> <span class='ocrx_word' id='word_1_34' title='bbox 1977 823 2182 888; x_wconf 81' lang='lat' dir='ltr'><strong>atllatu,</strong></span> 
     </span>
    </p>
   </div>
   <div class='ocr_carea' id='block_1_7' title="bbox 596 913 2185 985">
    <p class='ocr_par' dir='ltr' id='par_1_7' title="bbox 596 913 2185 985">
     <span class='ocr_line' id='line_1_7' title="bbox 596 913 2185 985; baseline 0.002 -16"><span class='ocrx_word' id='word_1_35' title='bbox 596 913 818 985; x_wconf 84' lang='lat' dir='ltr'><strong>quando</strong></span> <span class='ocrx_word' id='word_1_36' title='bbox 849 914 1155 984; x_wconf 75' lang='lat' dir='ltr'><strong>increpabit</strong></span> <span class='ocrx_word' id='word_1_37' title='bbox 1192 914 1449 969; x_wconf 78' lang='lat' dir='ltr'><strong>Christus</strong></span> <span class='ocrx_word' id='word_1_38' title='bbox 1509 931 1830 985; x_wconf 85' lang='lat' dir='ltr'><strong>perversum</strong></span> <span class='ocrx_word' id='word_1_39' title='bbox 1864 916 1967 971; x_wconf 91' lang='lat' dir='ltr'><strong>hoc</strong></span> <span class='ocrx_word' id='word_1_40' title='bbox 1996 932 2185 972; x_wconf 85' lang='lat' dir='ltr'><strong>revera</strong></span> 
     </span>
    </p>
   </div>
   <div class='ocr_carea' id='block_1_8' title="bbox 596 1008 2185 1081">
    <p class='ocr_par' dir='ltr' id='par_1_8' title="bbox 596 1008 2185 1081">
     <span class='ocr_line' id='line_1_8' title="bbox 596 1008 2185 1081; baseline 0.002 -21"><span class='ocrx_word' id='word_1_41' title='bbox 596 1022 771 1072; x_wconf 89' lang='lat' dir='ltr'><strong>mare,</strong></span> <span class='ocrx_word' id='word_1_42' title='bbox 819 1011 876 1062; x_wconf 87' lang='lat' dir='ltr'><strong>in</strong></span> <span class='ocrx_word' id='word_1_43' title='bbox 907 1024 1017 1077; x_wconf 89' lang='lat' dir='ltr'><strong>quo</strong></span> <span class='ocrx_word' id='word_1_44' title='bbox 1066 1008 1240 1062; x_wconf 90' lang='lat' dir='ltr'><strong>multa</strong></span> <span class='ocrx_word' id='word_1_45' title='bbox 1295 1008 1441 1061; x_wconf 82' lang='lat' dir='ltr'><strong>circa</strong></span> <span class='ocrx_word' id='word_1_46' title='bbox 1483 1009 1642 1063; x_wconf 81' lang='lat' dir='ltr'><strong>fidem</strong></span> <span class='ocrx_word' id='word_1_47' title='bbox 1699 1009 1986 1081; x_wconf 83' lang='lat' dir='ltr'><strong>naufragia</strong></span> <span class='ocrx_word' id='word_1_48' title='bbox 2028 1010 2185 1075; x_wconf 85' lang='lat' dir='ltr'><strong>ﬁunt,</strong></span> 
     </span>
    </p>
   </div>
   <div class='ocr_carea' id='block_1_9' title="bbox 592 1100 2187 1170">
    <p class='ocr_par' dir='ltr' id='par_1_9' title="bbox 592 1100 2187 1170">
     <span class='ocr_line' id='line_1_9' title="bbox 592 1100 2187 1170; baseline 0.002 -18"><span class='ocrx_word' id='word_1_49' title='bbox 592 1115 708 1153; x_wconf 83' lang='lat' dir='ltr'><strong>non</strong></span> <span class='ocrx_word' id='word_1_50' title='bbox 761 1108 872 1154; x_wconf 85' lang='lat' dir='ltr'><strong>tam</strong></span> <span class='ocrx_word' id='word_1_51' title='bbox 916 1100 1113 1154; x_wconf 89' lang='lat' dir='ltr'><strong>mentis</strong></span> <span class='ocrx_word' id='word_1_52' title='bbox 1169 1101 1546 1168; x_wconf 75' lang='lat' dir='ltr'><strong>perversitate,</strong></span> <span class='ocrx_word' id='word_1_53' title='bbox 1598 1117 1763 1169; x_wconf 87' lang='lat' dir='ltr'><strong>quam</strong></span> <span class='ocrx_word' id='word_1_54' title='bbox 1804 1101 2187 1170; x_wconf 76' lang='lat' dir='ltr'><strong>imperantium</strong></span> 
     </span>
    </p>
   </div>
   <div class='ocr_carea' id='block_1_10' title="bbox 599 1192 2191 1263">
    <p class='ocr_par' dir='ltr' id='par_1_10' title="bbox 599 1192 2191 1263">
     <span class='ocr_line' id='line_1_10' title="bbox 599 1192 2191 1263; baseline 0.003 -18"><span class='ocrx_word' id='word_1_55' title='bbox 599 1200 769 1246; x_wconf 87' lang='lat' dir='ltr'><strong>metu.</strong></span> <span class='ocrx_word' id='word_1_56' title='bbox 793 1192 1048 1248; x_wconf 81' lang='lat' dir='ltr'><strong>Attamen</strong></span> <span class='ocrx_word' id='word_1_57' title='bbox 1088 1193 1244 1247; x_wconf 90' lang='lat' dir='ltr'><strong>multi</strong></span> <span class='ocrx_word' id='word_1_58' title='bbox 1286 1208 1316 1247; x_wconf 90' lang='lat' dir='ltr'><strong>e</strong></span> <span class='ocrx_word' id='word_1_59' title='bbox 1348 1194 1589 1262; x_wconf 83' lang='lat' dir='ltr'><strong>procella</strong></span> <span class='ocrx_word' id='word_1_60' title='bbox 1616 1203 1980 1260; x_wconf 84' lang='lat' dir='ltr'><strong>emerserunt,</strong></span> <span class='ocrx_word' id='word_1_61' title='bbox 2017 1193 2191 1263; x_wconf 89' lang='lat' dir='ltr'><strong>Spiri-</strong></span> 
     </span>
    </p>
   </div>
   <div class='ocr_carea' id='block_1_11' title="bbox 602 1282 2189 1357">
    <p class='ocr_par' dir='ltr' id='par_1_11' title="bbox 602 1282 2189 1357">
     <span class='ocr_line' id='line_1_11' title="bbox 602 1282 2189 1357; baseline 0.001 -20"><span class='ocrx_word' id='word_1_62' title='bbox 602 1295 692 1339; x_wconf 84' lang='lat' dir='ltr'><strong>tus</strong></span> <span class='ocrx_word' id='word_1_63' title='bbox 719 1283 893 1339; x_wconf 90' lang='lat' dir='ltr'><strong>sancti</strong></span> <span class='ocrx_word' id='word_1_64' title='bbox 933 1284 1089 1337; x_wconf 87' lang='lat' dir='ltr'><strong>clavo</strong></span> <span class='ocrx_word' id='word_1_65' title='bbox 1128 1282 1243 1337; x_wconf 75' lang='lat' dir='ltr'><strong>nixi</strong></span> <span class='ocrx_word' id='word_1_66' title='bbox 1286 1303 1297 1337; x_wconf 94' lang='lat'>:</span> <span class='ocrx_word' id='word_1_67' title='bbox 1327 1295 1380 1339; x_wconf 91' lang='lat' dir='ltr'><strong>et</strong></span> <span class='ocrx_word' id='word_1_68' title='bbox 1410 1285 1581 1339; x_wconf 88' lang='lat' dir='ltr'><strong>multa</strong></span> <span class='ocrx_word' id='word_1_69' title='bbox 1610 1286 1870 1340; x_wconf 83' lang='lat' dir='ltr'><strong>exstitere</strong></span> <span class='ocrx_word' id='word_1_70' title='bbox 1906 1286 2189 1357; x_wconf 81' lang='lat' dir='ltr'><strong>martyria,</strong></span> 
     </span>
    </p>
   </div>
   <div class='ocr_carea' id='block_1_12' title="bbox 600 1377 2188 1447">
    <p class='ocr_par' dir='ltr' id='par_1_12' title="bbox 600 1377 2188 1447">
     <span class='ocr_line' id='line_1_12' title="bbox 600 1377 2188 1447; baseline 0.001 -17"><span class='ocrx_word' id='word_1_71' title='bbox 600 1388 655 1431; x_wconf 86' lang='lat' dir='ltr'><strong>et</strong></span> <span class='ocrx_word' id='word_1_72' title='bbox 684 1377 907 1444; x_wconf 84' lang='lat' dir='ltr'><strong>pietatis</strong></span> <span class='ocrx_word' id='word_1_73' title='bbox 938 1378 1141 1447; x_wconf 86' lang='lat' dir='ltr'><strong>scripta</strong></span> <span class='ocrx_word' id='word_1_74' title='bbox 1177 1387 1555 1442; x_wconf 86' lang='lat' dir='ltr'><strong>monumenta,</strong></span> <span class='ocrx_word' id='word_1_75' title='bbox 1600 1380 1914 1433; x_wconf 81' lang='lat' dir='ltr'><strong>universum</strong></span> <span class='ocrx_word' id='word_1_76' title='bbox 1942 1394 2188 1434; x_wconf 82' lang='lat' dir='ltr'><strong>errorem</strong></span> 
     </span>
    </p>
   </div>
   <div class='ocr_carea' id='block_1_13' title="bbox 603 1466 2195 1539">
    <p class='ocr_par' dir='ltr' id='par_1_13' title="bbox 603 1466 2195 1539">
     <span class='ocr_line' id='line_1_13' title="bbox 603 1466 2195 1539; baseline 0.003 -18"><span class='ocrx_word' id='word_1_77' title='bbox 603 1466 931 1534; x_wconf 77' lang='lat' dir='ltr'><strong>refellentis,</strong></span> <span class='ocrx_word' id='word_1_78' title='bbox 951 1476 1005 1522; x_wconf 92' lang='lat' dir='ltr'><strong>et</strong></span> <span class='ocrx_word' id='word_1_79' title='bbox 1024 1469 1271 1523; x_wconf 70' lang='lat' dir='ltr'><strong>reritatis</strong></span> <span class='ocrx_word' id='word_1_80' title='bbox 1290 1469 1753 1539; x_wconf 87' lang='lat' dir='ltr'><strong>pulchritudinem</strong></span> <span class='ocrx_word' id='word_1_81' title='bbox 1786 1472 1999 1526; x_wconf 89' lang='lat' dir='ltr'><strong>cunctis</strong></span> <span class='ocrx_word' id='word_1_82' title='bbox 2022 1471 2195 1526; x_wconf 79' lang='lat' dir='ltr'><strong>fideli-</strong></span> 
     </span>
    </p>
   </div>
   <div class='ocr_carea' id='block_1_14' title="bbox 602 1559 2193 1633">
    <p class='ocr_par' dir='ltr' id='par_1_14' title="bbox 602 1559 2193 1633">
     <span class='ocr_line' id='line_1_14' title="bbox 602 1559 2193 1633; baseline 0.003 -19"><span class='ocrx_word' id='word_1_83' title='bbox 602 1559 707 1615; x_wconf 90' lang='lat' dir='ltr'><strong>bus</strong></span> <span class='ocrx_word' id='word_1_84' title='bbox 754 1560 1031 1614; x_wconf 87' lang='lat' dir='ltr'><strong>mentibus</strong></span> <span class='ocrx_word' id='word_1_85' title='bbox 1058 1559 1493 1616; x_wconf 86' lang='lat' dir='ltr'><strong>demonstrantia</strong></span> <span class='ocrx_word' id='word_1_86' title='bbox 1522 1581 1537 1616; x_wconf 88' lang='lat'><strong>:</strong></span> <span class='ocrx_word' id='word_1_87' title='bbox 1568 1562 1897 1633; x_wconf 85' lang='lat' dir='ltr'><strong>quibuscum</strong></span> <span class='ocrx_word' id='word_1_88' title='bbox 1943 1575 2193 1631; x_wconf 73' lang='lat' dir='ltr'><strong>servetur</strong></span> 
     </span>
    </p>
   </div>
   <div class='ocr_carea' id='block_1_15' title="bbox 601 1651 2198 1721">
    <p class='ocr_par' dir='ltr' id='par_1_15' title="bbox 601 1651 2198 1721">
     <span class='ocr_line' id='line_1_15' title="bbox 601 1651 2198 1721; baseline 0.003 -15"><span class='ocrx_word' id='word_1_89' title='bbox 601 1661 656 1706; x_wconf 88' lang='lat' dir='ltr'><strong>et</strong></span> <span class='ocrx_word' id='word_1_90' title='bbox 712 1651 993 1707; x_wconf 85' lang='lat' dir='ltr'><strong>beatitudo</strong></span> <span class='ocrx_word' id='word_1_91' title='bbox 1042 1661 1157 1717; x_wconf 86' lang='lat' dir='ltr'><strong>tua,</strong></span> <span class='ocrx_word' id='word_1_92' title='bbox 1204 1651 1396 1708; x_wconf 83' lang='lat' dir='ltr'><strong>bonum</strong></span> <span class='ocrx_word' id='word_1_93' title='bbox 1424 1664 1684 1709; x_wconf 84' lang='lat' dir='ltr'><strong>certamen</strong></span> <span class='ocrx_word' id='word_1_94' title='bbox 1719 1666 1945 1721; x_wconf 77' lang='lat' dir='ltr'><strong>certans,</strong></span> <span class='ocrx_word' id='word_1_95' title='bbox 1985 1674 2198 1710; x_wconf 80' lang='lat' dir='ltr'><strong>cursum</strong></span> 
     </span>
    </p>
   </div>
   <div class='ocr_carea' id='block_1_16' title="bbox 603 1745 2192 1815">
    <p class='ocr_par' dir='ltr' id='par_1_16' title="bbox 603 1745 2192 1815">
     <span class='ocr_line' id='line_1_16' title="bbox 603 1745 2192 1815; baseline 0.005 -19"><span class='ocrx_word' id='word_1_96' title='bbox 603 1759 999 1807; x_wconf 68' lang='lat' dir='ltr'><strong>consummatis,</strong></span> <span class='ocrx_word' id='word_1_97' title='bbox 1052 1745 1211 1813; x_wconf 79' lang='lat' dir='ltr'><strong>ﬁdem</strong></span> <span class='ocrx_word' id='word_1_98' title='bbox 1265 1762 1529 1809; x_wconf 77' lang='lat' dir='ltr'><strong>servans;</strong></span> <span class='ocrx_word' id='word_1_99' title='bbox 1572 1756 1632 1800; x_wconf 90' lang='lat' dir='ltr'><strong>ut</strong></span> <span class='ocrx_word' id='word_1_100' title='bbox 1674 1748 1905 1815; x_wconf 70' lang='lat' dir='ltr'><strong>iustitia?</strong></span> <span class='ocrx_word' id='word_1_101' title='bbox 1942 1766 2192 1804; x_wconf 85' lang='lat' dir='ltr'><strong>coronam</strong></span> 
     </span>
    </p>
   </div>
   <div class='ocr_carea' id='block_1_17' title="bbox 603 1837 1167 1907">
    <p class='ocr_par' dir='ltr' id='par_1_17' title="bbox 603 1837 1167 1907">
     <span class='ocr_line' id='line_1_17' title="bbox 603 1837 1167 1907; baseline 0.002 -18"><span class='ocrx_word' id='word_1_102' title='bbox 603 1837 837 1907; x_wconf 85' lang='lat' dir='ltr'><strong>accipiat</strong></span> <span class='ocrx_word' id='word_1_103' title='bbox 870 1838 907 1890; x_wconf 88' lang='grc'><strong>¹.</strong></span> <span class='ocrx_word' id='word_1_104' title='bbox 952 1838 1031 1892; x_wconf 90' lang='lat' dir='ltr'><strong>Ita</strong></span> <span class='ocrx_word' id='word_1_105' title='bbox 1078 1839 1167 1893; x_wconf 90' lang='lat' dir='ltr'><strong>sit.</strong></span> 
     </span>
    </p>
   </div>
   <div class='ocr_carea' id='block_1_18' title="bbox 956 2036 1831 2111">
    <p class='ocr_par' dir='ltr' id='par_1_18' title="bbox 956 2036 1831 2111">
     <span class='ocr_line' id='line_1_18' title="bbox 956 2036 1831 2111; baseline 0.008 -20"><span class='ocrx_word' id='word_1_106' title='bbox 956 2036 1185 2092; x_wconf 81' lang='lat' dir='ltr'><strong>CCXIV.</strong></span> <span class='ocrx_word' id='word_1_107' title='bbox 1214 2068 1281 2080; x_wconf 89' lang='lat'>—</span> <span class='ocrx_word' id='word_1_108' title='bbox 1306 2038 1557 2111; x_wconf 76' lang='lat' dir='ltr'><strong>Hypacoe</strong></span> <span class='ocrx_word' id='word_1_109' title='bbox 1584 2044 1831 2098; x_wconf 83' lang='lat' dir='ltr'><strong>moniali.</strong></span> 
     </span>
    </p>
   </div>
   <div class='ocr_carea' id='block_1_19' title="bbox 1796 336 2671 399">
    <p class='ocr_par' dir='ltr' id='par_1_19' title="bbox 1796 336 2671 399">
     <span class='ocr_line' id='line_1_19' title="bbox 1796 336 2671 399; baseline 0.001 -3"><span class='ocrx_word' id='word_1_110' title='bbox 1890 336 2283 399; x_wconf 82' lang='lat' dir='ltr'><strong>THEODOBI</strong></span> <span class='ocrx_word' id='word_1_111' title='bbox 2324 337 2671 398; x_wconf 61' lang='lat' dir='ltr'><strong>STUDITAE</strong></span> 
     </span>
    </p>
   </div>
   <div class='ocr_carea' id='block_1_20' title="bbox 1729 450 2194 519">
    <p class='ocr_par' dir='ltr' id='par_1_20' title="bbox 1729 452 2191 508">
     <span class='ocr_line' id='line_1_20' title="bbox 1729 452 2191 508; baseline -0.006 0"><span class='ocrx_word' id='word_1_112' title='bbox 1729 452 1829 508; x_wconf 87' lang='lat' dir='ltr'><strong>Ubi</strong></span> <span class='ocrx_word' id='word_1_113' title='bbox 1899 453 2191 508; x_wconf 79' lang='lat' dir='ltr'><strong>abundavit</strong></span> 
     </span>
    </p>
   </div>
   <div class='ocr_carea' id='block_1_21' title="bbox 2299 450 3897 519">
    <p class='ocr_par' dir='ltr' id='par_1_21' title="bbox 2299 450 3897 519">
     <span class='ocr_line' id='line_1_21' title="bbox 2299 450 3897 519; baseline 0 -15"><span class='ocrx_word' id='word_1_114' title='bbox 2299 451 2491 516; x_wconf 84' lang='grc' dir='ltr'>σαντές</span> <span class='ocrx_word' id='word_1_115' title='bbox 2520 470 2581 506; x_wconf 83' lang='grc' dir='ltr'><strong>τε</strong></span> <span class='ocrx_word' id='word_1_116' title='bbox 2612 454 2706 506; x_wconf 75' lang='grc' dir='ltr'><strong>καὶ</strong></span> <span class='ocrx_word' id='word_1_117' title='bbox 2729 453 3084 515; x_wconf 78' lang='grc' dir='ltr'>ἐκδὼσαντες.</span> <span class='ocrx_word' id='word_1_118' title='bbox 3127 453 3256 519; x_wconf 68' lang='grc' dir='ltr'>Καὶ,</span> <span class='ocrx_word' id='word_1_119' title='bbox 3281 451 3332 505; x_wconf 87' lang='grc' dir='ltr'><strong>εί</strong></span> <span class='ocrx_word' id='word_1_120' title='bbox 3367 452 3456 505; x_wconf 70' lang='grc' dir='ltr'>δεῖ</span> <span class='ocrx_word' id='word_1_121' title='bbox 3506 450 3897 512; x_wconf 50' lang='lat' dir='ltr'><strong>ams-tonui;</strong></span> 
     </span>
    </p>
   </div>
   <div class='ocr_carea' id='block_1_22' title="bbox 3772 336 3897 399">
    <p class='ocr_par' dir='ltr' id='par_1_22' title="bbox 3772 336 3897 399">
     <span class='ocr_line' id='line_1_22' title="bbox 3772 336 3897 399; baseline -0.016 0"><span class='ocrx_word' id='word_1_122' title='bbox 3772 336 3897 399; x_wconf 66' lang='grc'>1644</span> 
     </span>
    </p>
   </div>
   <div class='ocr_carea' id='block_1_23' title="bbox 2281 545 3895 614">
    <p class='ocr_par' dir='ltr' id='par_1_23' title="bbox 2281 545 3895 614">
     <span class='ocr_line' id='line_1_23' title="bbox 2281 545 3895 614; baseline 0 -17"><span class='ocrx_word' id='word_1_123' title='bbox 2281 547 2478 611; x_wconf 84' lang='grc' dir='ltr'>είπεῖν,</span> <span class='ocrx_word' id='word_1_124' title='bbox 2512 546 2705 600; x_wconf 86' lang='grc' dir='ltr'><strong>Ὅπου</strong></span> <span class='ocrx_word' id='word_1_125' title='bbox 2763 545 3137 599; x_wconf 69' lang='grc' dir='ltr'><strong>ἐπλεόνασεν</strong></span> <span class='ocrx_word' id='word_1_126' title='bbox 3185 547 3225 612; x_wconf 81' lang='grc' dir='ltr'><em>ἠ</em></span> <span class='ocrx_word' id='word_1_127' title='bbox 3276 545 3564 614; x_wconf 76' lang='grc' dir='ltr'>ἁμαρτία,</span> <span class='ocrx_word' id='word_1_128' title='bbox 3601 547 3895 611; x_wconf 70' lang='grc' dir='ltr'>ὑπερεπε-</span> 
     </span>
    </p>
   </div>
   <div class='ocr_carea' id='block_1_24' title="bbox 2276 632 3895 707">
    <p class='ocr_par' dir='ltr' id='par_1_24' title="bbox 2276 632 3895 707">
     <span class='ocr_line' id='line_1_24' title="bbox 2276 632 3895 707; baseline 0 -18"><span class='ocrx_word' id='word_1_129' title='bbox 2276 640 2620 706; x_wconf 74' lang='grc' dir='ltr'>ρίσσευσεν</span> <span class='ocrx_word' id='word_1_130' title='bbox 2653 640 2691 705; x_wconf 73' lang='grc' dir='ltr'>ἡ</span> <span class='ocrx_word' id='word_1_131' title='bbox 2739 636 2934 706; x_wconf 75' lang='grc' dir='ltr'>χάρις.</span> <span class='ocrx_word' id='word_1_132' title='bbox 2969 632 3098 691; x_wconf 81' lang='grc' dir='ltr'>Ὧδε</span> <span class='ocrx_word' id='word_1_133' title='bbox 3158 638 3267 707; x_wconf 73' lang='grc' dir='ltr'>γὰρ</span> <span class='ocrx_word' id='word_1_134' title='bbox 3316 636 3684 707; x_wconf 71' lang='grc' dir='ltr'>προελθοῦσα</span> <span class='ocrx_word' id='word_1_135' title='bbox 3736 639 3815 698; x_wconf 83' lang='grc' dir='ltr'>ὡς</span> <span class='ocrx_word' id='word_1_136' title='bbox 3848 638 3895 702; x_wconf 77' lang='grc' dir='ltr'><strong>ἐξ</strong></span> 
     </span>
    </p>
   </div>
   <div class='ocr_carea' id='block_1_25' title="bbox 2287 722 3894 801">
    <p class='ocr_par' dir='ltr' id='par_1_25' title="bbox 2287 722 3894 801">
     <span class='ocr_line' id='line_1_25' title="bbox 2287 722 3894 801; baseline 0 -20"><span class='ocrx_word' id='word_1_137' title='bbox 2287 729 2415 800; x_wconf 78' lang='grc' dir='ltr'>ᾅδου</span> <span class='ocrx_word' id='word_1_138' title='bbox 2450 730 2640 783; x_wconf 74' lang='grc' dir='ltr'>πυλῶν</span> <span class='ocrx_word' id='word_1_139' title='bbox 2670 731 2701 800; x_wconf 78' lang='grc' dir='ltr'><strong>ἡ</strong></span> <span class='ocrx_word' id='word_1_140' title='bbox 2735 730 3145 801; x_wconf 74' lang='grc' dir='ltr'>Εἰκονομαχικὴ</span> <span class='ocrx_word' id='word_1_141' title='bbox 3182 732 3419 800; x_wconf 68' lang='grc' dir='ltr'>αἵρεσις,</span> <span class='ocrx_word' id='word_1_142' title='bbox 3470 722 3583 783; x_wconf 77' lang='grc' dir='ltr'>ὧδε</span> <span class='ocrx_word' id='word_1_143' title='bbox 3636 732 3743 783; x_wconf 74' lang='grc' dir='ltr'><strong>καὶ</strong></span> <span class='ocrx_word' id='word_1_144' title='bbox 3772 747 3894 783; x_wconf 77' lang='grc' dir='ltr'>κατ-</span> 
     </span>
    </p>
   </div>
   <div class='ocr_carea' id='block_1_26' title="bbox 2287 820 3895 892">
    <p class='ocr_par' dir='ltr' id='par_1_26' title="bbox 2287 820 3895 892">
     <span class='ocr_line' id='line_1_26' title="bbox 2287 820 3895 892; baseline 0.001 -21"><span class='ocrx_word' id='word_1_145' title='bbox 2287 822 2544 889; x_wconf 82' lang='grc' dir='ltr'>ήργηται,</span> <span class='ocrx_word' id='word_1_146' title='bbox 2574 820 2711 873; x_wconf 82' lang='grc' dir='ltr'><strong>ἀλλά</strong></span> <span class='ocrx_word' id='word_1_147' title='bbox 2747 821 2842 873; x_wconf 70' lang='grc' dir='ltr'><strong>καὶ</strong></span> <span class='ocrx_word' id='word_1_148' title='bbox 2871 821 2951 873; x_wconf 79' lang='grc' dir='ltr'>ἔτι</span> <span class='ocrx_word' id='word_1_149' title='bbox 2994 821 3486 891; x_wconf 67' lang='grc' dir='ltr'><strong>καταργηθήσεται</strong></span> <span class='ocrx_word' id='word_1_150' title='bbox 3526 825 3654 884; x_wconf 69' lang='grc' dir='ltr'>ταῖς</span> <span class='ocrx_word' id='word_1_151' title='bbox 3710 822 3895 892; x_wconf 60' lang='lat' dir='ltr'><strong>stipat;</strong></span> 
     </span>
    </p>
   </div>
   <div class='ocr_carea' id='block_1_27' title="bbox 2286 894 3896 985">
    <p class='ocr_par' dir='ltr' id='par_1_27' title="bbox 2286 912 3896 985">
     <span class='ocr_line' id='line_1_27' title="bbox 2286 912 3896 985; baseline 0.001 -21"><span class='ocrx_word' id='word_1_152' title='bbox 2286 913 2381 965; x_wconf 78' lang='grc' dir='ltr'>τοῦ</span> <span class='ocrx_word' id='word_1_153' title='bbox 2413 914 2570 980; x_wconf 85' lang='grc' dir='ltr'>ἁγίου</span> <span class='ocrx_word' id='word_1_154' title='bbox 2606 912 2922 983; x_wconf 84' lang='grc' dir='ltr'>Πνεύματος</span> <span class='ocrx_word' id='word_1_155' title='bbox 2943 931 2957 944; x_wconf 77' lang='grc'><strong>⁸</strong></span> <span class='ocrx_word' id='word_1_156' title='bbox 2990 915 3227 984; x_wconf 81' lang='grc' dir='ltr'>ὁπηνίκα</span> <span class='ocrx_word' id='word_1_157' title='bbox 3270 917 3607 985; x_wconf 76' lang='grc' dir='ltr'>ἐπιτιμήσει</span> <span class='ocrx_word' id='word_1_158' title='bbox 3660 916 3896 982; x_wconf 67' lang='grc' dir='ltr'>Χριστὸς</span> 
     </span>
    </p>
   </div>
   <div class='ocr_carea' id='block_1_28' title="bbox 2288 1006 3897 1081">
    <p class='ocr_par' dir='ltr' id='par_1_28' title="bbox 2288 1006 3897 1081">
     <span class='ocr_line' id='line_1_28' title="bbox 2288 1006 3897 1081; baseline 0.001 -24"><span class='ocrx_word' id='word_1_159' title='bbox 2288 1009 2353 1076; x_wconf 84' lang='grc' dir='ltr'>τῇ</span> <span class='ocrx_word' id='word_1_160' title='bbox 2377 1007 2595 1076; x_wconf 83' lang='grc' dir='ltr'>πονηρᾷ</span> <span class='ocrx_word' id='word_1_161' title='bbox 2623 1006 2795 1077; x_wconf 75' lang='grc' dir='ltr'>ταύτῃ</span> <span class='ocrx_word' id='word_1_162' title='bbox 2828 1006 2904 1068; x_wconf 83' lang='grc' dir='ltr'><strong>ως</strong></span> <span class='ocrx_word' id='word_1_163' title='bbox 2928 1006 3144 1077; x_wconf 81' lang='grc' dir='ltr'>ἀληθῶς</span> <span class='ocrx_word' id='word_1_164' title='bbox 3179 1006 3458 1081; x_wconf 77' lang='grc' dir='ltr'>θαλάσσῃ,</span> <span class='ocrx_word' id='word_1_165' title='bbox 3500 1026 3569 1059; x_wconf 80' lang='grc' dir='ltr'><strong>πε</strong></span> <span class='ocrx_word' id='word_1_166' title='bbox 3584 1011 3642 1076; x_wconf 65' lang='lat' dir='ltr'><strong>pl.</strong></span> <span class='ocrx_word' id='word_1_167' title='bbox 3676 1010 3750 1079; x_wconf 74' lang='grc' dir='ltr'><strong>ἦν</strong></span> <span class='ocrx_word' id='word_1_168' title='bbox 3792 1008 3897 1059; x_wconf 72' lang='grc' dir='ltr'>πολ·</span> 
     </span>
    </p>
   </div>
   <div class='ocr_carea' id='block_1_29' title="bbox 2290 1098 3895 1170">
    <p class='ocr_par' dir='ltr' id='par_1_29' title="bbox 2290 1098 3895 1170">
     <span class='ocr_line' id='line_1_29' title="bbox 2290 1098 3895 1170; baseline 0.002 -20"><span class='ocrx_word' id='word_1_169' title='bbox 2290 1098 2359 1149; x_wconf 81' lang='grc' dir='ltr'>λὰ</span> <span class='ocrx_word' id='word_1_170' title='bbox 2389 1099 2456 1151; x_wconf 85' lang='grc' dir='ltr'>τὰ</span> <span class='ocrx_word' id='word_1_171' title='bbox 2492 1102 2617 1170; x_wconf 64' lang='grc' dir='ltr'>περὶ</span> <span class='ocrx_word' id='word_1_172' title='bbox 2646 1099 2745 1169; x_wconf 73' lang='grc' dir='ltr'><strong>τὴν</strong></span> <span class='ocrx_word' id='word_1_173' title='bbox 2802 1101 2985 1152; x_wconf 78' lang='grc' dir='ltr'>πίστιν</span> <span class='ocrx_word' id='word_1_174' title='bbox 3043 1101 3304 1167; x_wconf 82' lang='grc' dir='ltr'>ναυάγια,</span> <span class='ocrx_word' id='word_1_175' title='bbox 3355 1101 3420 1153; x_wconf 82' lang='grc' dir='ltr'>οὐ</span> <span class='ocrx_word' id='word_1_176' title='bbox 3472 1102 3753 1155; x_wconf 70' lang='grc' dir='ltr'>τοσοῦτον</span> <span class='ocrx_word' id='word_1_177' title='bbox 3792 1101 3895 1153; x_wconf 73' lang='grc' dir='ltr'>διι-</span> 
     </span>
    </p>
   </div>
   <div class='ocr_carea' id='block_1_30' title="bbox 2294 1191 3896 1262">
    <p class='ocr_par' dir='ltr' id='par_1_30' title="bbox 2294 1191 3896 1262">
     <span class='ocr_line' id='line_1_30' title="bbox 2294 1191 3896 1262; baseline 0.002 -21"><span class='ocrx_word' id='word_1_178' title='bbox 2294 1193 2498 1260; x_wconf 76' lang='grc' dir='ltr'>στροφῇ</span> <span class='ocrx_word' id='word_1_179' title='bbox 2534 1191 2671 1256; x_wconf 81' lang='grc' dir='ltr'>νοὸς,</span> <span class='ocrx_word' id='word_1_180' title='bbox 2711 1194 2833 1244; x_wconf 80' lang='grc' dir='ltr'>ὅσον</span> <span class='ocrx_word' id='word_1_181' title='bbox 2881 1192 2991 1244; x_wconf 79' lang='grc' dir='ltr'>δέει</span> <span class='ocrx_word' id='word_1_182' title='bbox 3038 1191 3145 1243; x_wconf 82' lang='grc' dir='ltr'><strong>τῶν</strong></span> <span class='ocrx_word' id='word_1_183' title='bbox 3192 1192 3574 1262; x_wconf 75' lang='grc' dir='ltr'>κρατούντων,</span> <span class='ocrx_word' id='word_1_184' title='bbox 3633 1192 3795 1261; x_wconf 75' lang='grc' dir='ltr'>Πλὴν</span> <span class='ocrx_word' id='word_1_185' title='bbox 3823 1193 3896 1244; x_wconf 79' lang='grc' dir='ltr'>ὅτι</span> 
     </span>
    </p>
   </div>
   <div class='ocr_carea' id='block_1_31' title="bbox 2293 1282 3895 1353">
    <p class='ocr_par' dir='ltr' id='par_1_31' title="bbox 2293 1282 3895 1353">
     <span class='ocr_line' id='line_1_31' title="bbox 2293 1282 3895 1353; baseline -0.001 -20"><span class='ocrx_word' id='word_1_186' title='bbox 2293 1282 2634 1351; x_wconf 75' lang='grc' dir='ltr'>περιείλοντο</span> <span class='ocrx_word' id='word_1_187' title='bbox 2666 1283 2858 1335; x_wconf 73' lang='grc' dir='ltr'>πολλοὶ</span> <span class='ocrx_word' id='word_1_188' title='bbox 2886 1283 2982 1335; x_wconf 76' lang='grc' dir='ltr'>τοῦ</span> <span class='ocrx_word' id='word_1_189' title='bbox 3036 1284 3309 1347; x_wconf 76' lang='grc' dir='ltr'><strong>κλύδωνος</strong></span> <span class='ocrx_word' id='word_1_190' title='bbox 3354 1283 3895 1353; x_wconf 71' lang='grc' dir='ltr'>πηδα).ιουχούμενοι</span> 
     </span>
    </p>
   </div>
   <div class='ocr_carea' id='block_1_32' title="bbox 2295 1374 3895 1446">
    <p class='ocr_par' dir='ltr' id='par_1_32' title="bbox 2295 1374 3895 1446">
     <span class='ocr_line' id='line_1_32' title="bbox 2295 1374 3895 1446; baseline 0.001 -19"><span class='ocrx_word' id='word_1_191' title='bbox 2295 1374 2579 1443; x_wconf 81' lang='grc' dir='ltr'>Πνεύματι</span> <span class='ocrx_word' id='word_1_192' title='bbox 2611 1375 2753 1446; x_wconf 75' lang='grc' dir='ltr'>ἀγξῳ</span> <span class='ocrx_word' id='word_1_193' title='bbox 2775 1393 2789 1407; x_wconf 88' lang='grc'><strong>·</strong></span> <span class='ocrx_word' id='word_1_194' title='bbox 2821 1377 2913 1429; x_wconf 71' lang='grc' dir='ltr'><strong>καὶ</strong></span> <span class='ocrx_word' id='word_1_195' title='bbox 2940 1376 3113 1429; x_wconf 62' lang='grc' dir='ltr'>πολλὰ</span> <span class='ocrx_word' id='word_1_196' title='bbox 3137 1378 3205 1429; x_wconf 85' lang='grc' dir='ltr'><strong>τὰ</strong></span> <span class='ocrx_word' id='word_1_197' title='bbox 3239 1377 3551 1446; x_wconf 81' lang='grc' dir='ltr'>μαρτύρια,</span> <span class='ocrx_word' id='word_1_198' title='bbox 3587 1378 3687 1429; x_wconf 73' lang='grc' dir='ltr'><strong>καὶ</strong></span> <span class='ocrx_word' id='word_1_199' title='bbox 3719 1379 3788 1428; x_wconf 76' lang='grc' dir='ltr'>τὰ</span> <span class='ocrx_word' id='word_1_200' title='bbox 3808 1377 3895 1443; x_wconf 66' lang='grc' dir='ltr'><strong>τῆς</strong></span> 
     </span>
    </p>
   </div>
   <div class='ocr_carea' id='block_1_33' title="bbox 2296 1466 3894 1539">
    <p class='ocr_par' dir='ltr' id='par_1_33' title="bbox 2296 1466 3894 1539">
     <span class='ocr_line' id='line_1_33' title="bbox 2296 1466 3894 1539; baseline 0.004 -22"><span class='ocrx_word' id='word_1_201' title='bbox 2296 1466 2580 1531; x_wconf 75' lang='grc' dir='ltr'>εὐσεϐείας</span> <span class='ocrx_word' id='word_1_202' title='bbox 2614 1469 3025 1539; x_wconf 77' lang='grc' dir='ltr'>συγγράμματα</span> <span class='ocrx_word' id='word_1_203' title='bbox 3055 1470 3236 1521; x_wconf 76' lang='grc' dir='ltr'>πᾶσαν</span> <span class='ocrx_word' id='word_1_204' title='bbox 3269 1469 3551 1537; x_wconf 77' lang='grc' dir='ltr'><strong>πλάνησιν</strong></span> <span class='ocrx_word' id='word_1_205' title='bbox 3580 1468 3894 1537; x_wconf 65' lang='grc' dir='ltr'>διελέγχω*-</span> 
     </span>
    </p>
   </div>
   <div class='ocr_carea' id='block_1_34' title="bbox 2296 1560 3895 1632">
    <p class='ocr_par' dir='ltr' id='par_1_34' title="bbox 2296 1560 3895 1632">
     <span class='ocr_line' id='line_1_34' title="bbox 2296 1560 3895 1632; baseline 0.001 -22"><span class='ocrx_word' id='word_1_206' title='bbox 2296 1575 2389 1623; x_wconf 82' lang='grc' dir='ltr'><strong>τα,</strong></span> <span class='ocrx_word' id='word_1_207' title='bbox 2422 1560 2515 1611; x_wconf 80' lang='grc' dir='ltr'>καὶ</span> <span class='ocrx_word' id='word_1_208' title='bbox 2541 1560 2639 1629; x_wconf 81' lang='grc' dir='ltr'><strong>τὴν</strong></span> <span class='ocrx_word' id='word_1_209' title='bbox 2665 1562 2764 1627; x_wconf 86' lang='grc' dir='ltr'><strong>τῆς</strong></span> <span class='ocrx_word' id='word_1_210' title='bbox 2801 1560 3058 1629; x_wconf 76' lang='grc' dir='ltr'>ἀληθείας</span> <span class='ocrx_word' id='word_1_211' title='bbox 3087 1562 3406 1632; x_wconf 80' lang='grc' dir='ltr'>ὡραιότητα</span> <span class='ocrx_word' id='word_1_212' title='bbox 3433 1561 3647 1623; x_wconf 82' lang='grc' dir='ltr'>πάσαις</span> <span class='ocrx_word' id='word_1_213' title='bbox 3674 1562 3895 1621; x_wconf 61' lang='lat' dir='ltr'><strong>ataui;</strong></span> 
     </span>
    </p>
   </div>
   <div class='ocr_carea' id='block_1_35' title="bbox 2299 1649 3895 1726">
    <p class='ocr_par' dir='ltr' id='par_1_35' title="bbox 2299 1649 3895 1726">
     <span class='ocr_line' id='line_1_35' title="bbox 2299 1649 3895 1726; baseline 0.001 -21"><span class='ocrx_word' id='word_1_214' title='bbox 2299 1652 2561 1717; x_wconf 81' lang='grc' dir='ltr'><strong>διανοίαις</strong></span> <span class='ocrx_word' id='word_1_215' title='bbox 2596 1656 2983 1722; x_wconf 76' lang='grc' dir='ltr'>ὑποφαίνοντα.</span> <span class='ocrx_word' id='word_1_216' title='bbox 3015 1655 3147 1709; x_wconf 79' lang='grc' dir='ltr'>Μεθ’</span> <span class='ocrx_word' id='word_1_217' title='bbox 3183 1649 3259 1709; x_wconf 78' lang='grc' dir='ltr'>ὧν</span> <span class='ocrx_word' id='word_1_218' title='bbox 3282 1655 3600 1726; x_wconf 76' lang='grc' dir='ltr'>φυλαχθείη</span> <span class='ocrx_word' id='word_1_219' title='bbox 3636 1658 3741 1708; x_wconf 75' lang='grc' dir='ltr'><strong>καὶ</strong></span> <span class='ocrx_word' id='word_1_220' title='bbox 3769 1659 3803 1723; x_wconf 79' lang='grc' dir='ltr'><strong>ἡ</strong></span> <span class='ocrx_word' id='word_1_221' title='bbox 3834 1655 3895 1724; x_wconf 70' lang='grc' dir='ltr'>σὴ</span> 
     </span>
    </p>
   </div>
   <div class='ocr_carea' id='block_1_36' title="bbox 2305 1747 3893 1817">
    <p class='ocr_par' dir='ltr' id='par_1_36' title="bbox 2305 1747 3893 1817">
     <span class='ocr_line' id='line_1_36' title="bbox 2305 1747 3893 1817; baseline 0.002 -18"><span class='ocrx_word' id='word_1_222' title='bbox 2305 1747 2664 1817; x_wconf 76' lang='grc' dir='ltr'>μακαριότης,</span> <span class='ocrx_word' id='word_1_223' title='bbox 2699 1749 2793 1801; x_wconf 75' lang='grc' dir='ltr'><strong>τὸν</strong></span> <span class='ocrx_word' id='word_1_224' title='bbox 2841 1750 3026 1817; x_wconf 79' lang='grc' dir='ltr'>ἀγῶνα</span> <span class='ocrx_word' id='word_1_225' title='bbox 3078 1749 3187 1802; x_wconf 83' lang='grc' dir='ltr'><strong>τὸν</strong></span> <span class='ocrx_word' id='word_1_226' title='bbox 3224 1748 3422 1803; x_wconf 77' lang='grc' dir='ltr'>καλὸν</span> <span class='ocrx_word' id='word_1_227' title='bbox 3461 1747 3893 1817; x_wconf 64' lang='grc' dir='ltr'>ἀγωνιζομένη,</span> 
     </span>
    </p>
   </div>
   <div class='ocr_carea' id='block_1_37' title="bbox 2222 1826 3895 1909">
    <p class='ocr_par' dir='ltr' id='par_1_37' title="bbox 2222 1826 3895 1909">
     <span class='ocr_line' id='line_1_37' title="bbox 2222 1826 3895 1909; baseline 0.002 -18"><span class='ocrx_word' id='word_1_228' title='bbox 2222 1826 2265 1878; x_wconf 71' lang='grc' dir='ltr'>Β</span> <span class='ocrx_word' id='word_1_229' title='bbox 2294 1838 2400 1892; x_wconf 81' lang='grc' dir='ltr'><strong>τὸν</strong></span> <span class='ocrx_word' id='word_1_230' title='bbox 2420 1838 2644 1909; x_wconf 78' lang='grc' dir='ltr'><em>δρόμον</em></span> <span class='ocrx_word' id='word_1_231' title='bbox 2665 1841 2949 1905; x_wconf 80' lang='grc' dir='ltr'><strong>τελοῦσα,</strong></span> <span class='ocrx_word' id='word_1_232' title='bbox 2975 1842 3088 1909; x_wconf 77' lang='grc' dir='ltr'><strong>τὴν</strong></span> <span class='ocrx_word' id='word_1_233' title='bbox 3112 1842 3328 1895; x_wconf 75' lang='grc' dir='ltr'>πίστιν</span> <span class='ocrx_word' id='word_1_234' title='bbox 3352 1842 3656 1909; x_wconf 73' lang='grc' dir='ltr'>τηροῦσα,</span> <span class='ocrx_word' id='word_1_235' title='bbox 3677 1845 3734 1895; x_wconf 69' lang='grc' dir='ltr'>εἰ</span> <span class='ocrx_word' id='word_1_236' title='bbox 3754 1842 3871 1895; x_wconf 72' lang='grc' dir='ltr'><strong>ἀπό</strong></span> <span class='ocrx_word' id='word_1_237' title='bbox 3884 1870 3895 1878; x_wconf 85' lang='lat'><strong>-</strong></span> 
     </span>
    </p>
   </div>
   <div class='ocr_carea' id='block_1_38' title="bbox 2297 1931 3756 2004">
    <p class='ocr_par' dir='ltr' id='par_1_38' title="bbox 2297 1931 3756 2004">
     <span class='ocr_line' id='line_1_38' title="bbox 2297 1931 3756 2004; baseline 0.001 -20"><span class='ocrx_word' id='word_1_238' title='bbox 2297 1933 2492 1999; x_wconf 73' lang='lat' dir='ltr'><strong>.lm&#39;rtr</strong></span> <span class='ocrx_word' id='word_1_239' title='bbox 2520 1933 2626 1985; x_wconf 89' lang='grc' dir='ltr'>τοῦ</span> <span class='ocrx_word' id='word_1_240' title='bbox 2654 1932 2766 2002; x_wconf 82' lang='grc' dir='ltr'><strong>τῆς</strong></span> <span class='ocrx_word' id='word_1_241' title='bbox 2788 1933 3181 2002; x_wconf 63' lang='grc' dir='ltr'>δικαιοσύνης</span> <span class='ocrx_word' id='word_1_242' title='bbox 3208 1935 3548 2004; x_wconf 70' lang='grc' dir='ltr'>στεφάνου.</span> <span class='ocrx_word' id='word_1_243' title='bbox 3584 1931 3756 1987; x_wconf 80' lang='grc' dir='ltr'>Εἶεν.</span> 
     </span>
    </p>
   </div>
   <div class='ocr_carea' id='block_1_39' title="bbox 2463 2048 3735 2123">
    <p class='ocr_par' dir='ltr' id='par_1_39' title="bbox 2463 2048 3735 2123">
     <span class='ocr_line' id='line_1_39' title="bbox 2463 2048 3735 2123; baseline 0.006 -27"><span class='ocrx_word' id='word_1_244' title='bbox 2463 2048 2604 2107; x_wconf 86' lang='grc' dir='ltr'><strong>Σ1Δ⁹,</strong></span> <span class='ocrx_word' id='word_1_245' title='bbox 2635 2049 2711 2121; x_wconf 89' lang='lat'><strong>(9)</strong></span> <span class='ocrx_word' id='word_1_246' title='bbox 2744 2083 2811 2092; x_wconf 95' lang='lat'><strong><em>—</em></strong></span> <span class='ocrx_word' id='word_1_247' title='bbox 2846 2049 3102 2119; x_wconf 81' lang='grc' dir='ltr'>Ὑπακοῇ</span> <span class='ocrx_word' id='word_1_248' title='bbox 3125 2048 3499 2121; x_wconf 73' lang='grc' dir='ltr'>μοναζούσιι.</span> <span class='ocrx_word' id='word_1_249' title='bbox 3545 2048 3735 2123; x_wconf 52' lang='lat' dir='ltr'><strong>[cuiq]</strong></span> 
     </span>
    </p>
   </div>
   <div class='ocr_carea' id='block_1_40' title="bbox 1904 2135 2652 2217">
    <p class='ocr_par' dir='ltr' id='par_1_40' title="bbox 1904 2135 2652 2217">
     <span class='ocr_line' id='line_1_40' title="bbox 1904 2135 2652 2217; baseline 0.007 -5"><span class='ocrx_word' id='word_1_250' title='bbox 1904 2160 2197 2213; x_wconf 87' lang='lat' dir='ltr'><strong>Consolatur</strong></span> <span class='ocrx_word' id='word_1_251' title='bbox 2216 2165 2278 2215; x_wconf 92' lang='lat' dir='ltr'><strong>de</strong></span> <span class='ocrx_word' id='word_1_252' title='bbox 2291 2135 2452 2217; x_wconf 83' lang='lat' dir='ltr'><strong>morte</strong></span> <span class='ocrx_word' id='word_1_253' title='bbox 2470 2166 2652 2217; x_wconf 79' lang='lat' dir='ltr'><strong>fratris.</strong></span> 
     </span>
    </p>
   </div>
   <div class='ocr_carea' id='block_1_41' title="bbox 676 2235 2192 2319">
    <p class='ocr_par' dir='ltr' id='par_1_41' title="bbox 676 2235 2192 2319">
     <span class='ocr_line' id='line_1_41' title="bbox 676 2235 2192 2319; baseline 0.009 -30"><span class='ocrx_word' id='word_1_254' title='bbox 676 2235 789 2290; x_wconf 86' lang='lat' dir='ltr'><strong>Etsi</strong></span> <span class='ocrx_word' id='word_1_255' title='bbox 840 2237 1030 2293; x_wconf 87' lang='lat' dir='ltr'><strong>timide</strong></span> <span class='ocrx_word' id='word_1_256' title='bbox 1074 2240 1279 2307; x_wconf 85' lang='lat' dir='ltr'><strong>scribo,</strong></span> <span class='ocrx_word' id='word_1_257' title='bbox 1329 2240 1511 2298; x_wconf 88' lang='lat' dir='ltr'><strong>facere</strong></span> <span class='ocrx_word' id='word_1_258' title='bbox 1553 2254 1736 2302; x_wconf 89' lang='lat' dir='ltr'><strong>tamen</strong></span> <span class='ocrx_word' id='word_1_259' title='bbox 1784 2261 1892 2302; x_wconf 91' lang='lat' dir='ltr'><strong>non</strong></span> <span class='ocrx_word' id='word_1_260' title='bbox 1944 2263 2192 2319; x_wconf 89' lang='lat' dir='ltr'><strong>possum,</strong></span> 
     </span>
    </p>
   </div>
   <div class='ocr_carea' id='block_1_42' title="bbox 605 2328 2199 2409">
    <p class='ocr_par' dir='ltr' id='par_1_42' title="bbox 605 2328 2199 2409">
     <span class='ocr_line' id='line_1_42' title="bbox 605 2328 2199 2409; baseline 0.008 -26"><span class='ocrx_word' id='word_1_261' title='bbox 605 2328 740 2398; x_wconf 88' lang='lat' dir='ltr'><strong>quin</strong></span> <span class='ocrx_word' id='word_1_262' title='bbox 762 2329 829 2384; x_wconf 87' lang='lat' dir='ltr'><strong>ad</strong></span> <span class='ocrx_word' id='word_1_263' title='bbox 852 2332 1057 2400; x_wconf 79' lang='lat' dir='ltr'><strong>gratias</strong></span> <span class='ocrx_word' id='word_1_264' title='bbox 1085 2342 1139 2387; x_wconf 90' lang='lat' dir='ltr'><strong>et</strong></span> <span class='ocrx_word' id='word_1_265' title='bbox 1168 2334 1381 2390; x_wconf 86' lang='lat' dir='ltr'><strong>laudem</strong></span> <span class='ocrx_word' id='word_1_266' title='bbox 1416 2353 1479 2391; x_wconf 92' lang='lat' dir='ltr'><strong>os</strong></span> <span class='ocrx_word' id='word_1_267' title='bbox 1505 2354 1685 2393; x_wconf 92' lang='lat' dir='ltr'><strong>meum</strong></span> <span class='ocrx_word' id='word_1_268' title='bbox 1708 2341 1945 2409; x_wconf 86' lang='lat' dir='ltr'><strong>aperiam</strong></span> <span class='ocrx_word' id='word_1_269' title='bbox 1982 2342 2199 2397; x_wconf 85' lang='lat' dir='ltr'><strong>honori-</strong></span> 
     </span>
    </p>
   </div>
   <div class='ocr_carea' id='block_1_43' title="bbox 607 2419 2195 2502">
    <p class='ocr_par' dir='ltr' id='par_1_43' title="bbox 607 2419 2195 2502">
     <span class='ocr_line' id='line_1_43' title="bbox 607 2419 2195 2502; baseline 0.008 -27"><span class='ocrx_word' id='word_1_270' title='bbox 607 2419 838 2477; x_wconf 64' lang='lat' dir='ltr'><strong>licentiae</strong></span> <span class='ocrx_word' id='word_1_271' title='bbox 862 2422 1303 2495; x_wconf 67' lang='lat' dir='ltr'><strong>tuteQuousque</strong></span> <span class='ocrx_word' id='word_1_272' title='bbox 1330 2428 1491 2499; x_wconf 81' lang='lat' dir='ltr'><strong>igitur</strong></span> <span class='ocrx_word' id='word_1_273' title='bbox 1520 2445 1625 2484; x_wconf 90' lang='lat' dir='ltr'><strong>non</strong></span> <span class='ocrx_word' id='word_1_274' title='bbox 1659 2432 1899 2496; x_wconf 91' lang='lat' dir='ltr'><strong>desines,</strong></span> <span class='ocrx_word' id='word_1_275' title='bbox 1934 2434 2195 2502; x_wconf 74' lang='lat' dir='ltr'><strong>pra-clara</strong></span> 
     </span>
    </p>
   </div>
   <div class='ocr_carea' id='block_1_44' title="bbox 606 2516 2193 2596">
    <p class='ocr_par' dir='ltr' id='par_1_44' title="bbox 606 2516 2193 2596">
     <span class='ocr_line' id='line_1_44' title="bbox 606 2516 2193 2596; baseline 0.007 -26"><span class='ocrx_word' id='word_1_276' title='bbox 606 2523 805 2581; x_wconf 87' lang='lat' dir='ltr'><strong>mater,</strong></span> <span class='ocrx_word' id='word_1_277' title='bbox 846 2516 1074 2587; x_wconf 88' lang='lat' dir='ltr'><strong>teipsam</strong></span> <span class='ocrx_word' id='word_1_278' title='bbox 1128 2519 1286 2575; x_wconf 90' lang='lat' dir='ltr'><strong>nobis</strong></span> <span class='ocrx_word' id='word_1_279' title='bbox 1319 2522 1687 2592; x_wconf 83' lang='lat' dir='ltr'><strong>impendere?</strong></span> <span class='ocrx_word' id='word_1_280' title='bbox 1734 2524 2033 2596; x_wconf 86' lang='lat' dir='ltr'><strong>Quousque</strong></span> <span class='ocrx_word' id='word_1_281' title='bbox 2074 2544 2193 2582; x_wconf 80' lang='lat' dir='ltr'><strong>mu-</strong></span> 
     </span>
    </p>
   </div>
   <div class='ocr_carea' id='block_1_45' title="bbox 608 2607 2196 2671">
    <p class='ocr_par' dir='ltr' id='par_1_45' title="bbox 608 2607 2196 2671">
     <span class='ocr_line' id='line_1_45' title="bbox 608 2607 2196 2671; baseline 0.004 -8"><span class='ocrx_word' id='word_1_282' title='bbox 608 2622 742 2663; x_wconf 87' lang='lat' dir='ltr'><strong>nera</strong></span> <span class='ocrx_word' id='word_1_283' title='bbox 793 2607 924 2662; x_wconf 86' lang='lat' dir='ltr'><strong>hinc</strong></span> <span class='ocrx_word' id='word_1_284' title='bbox 974 2617 1030 2663; x_wconf 85' lang='lat' dir='ltr'><strong>et</strong></span> <span class='ocrx_word' id='word_1_285' title='bbox 1071 2610 1194 2665; x_wconf 91' lang='lat' dir='ltr'><strong>inde</strong></span> <span class='ocrx_word' id='word_1_286' title='bbox 1244 2614 1565 2668; x_wconf 87' lang='lat' dir='ltr'><strong>transmissa</strong></span> <span class='ocrx_word' id='word_1_287' title='bbox 1619 2628 1726 2669; x_wconf 92' lang='lat' dir='ltr'><strong>non</strong></span> <span class='ocrx_word' id='word_1_288' title='bbox 1754 2616 2048 2670; x_wconf 86' lang='lat' dir='ltr'><strong>cessabunt</strong></span> <span class='ocrx_word' id='word_1_289' title='bbox 2079 2618 2102 2670; x_wconf 72' lang='grc' dir='ltr'><strong><em>Ἰ</em></strong></span> <span class='ocrx_word' id='word_1_290' title='bbox 2134 2633 2196 2671; x_wconf 84' lang='lat' dir='ltr'><strong>ac</strong></span> 
     </span>
    </p>
   </div>
   <div class='ocr_carea' id='block_1_46' title="bbox 608 2703 2194 2767">
    <p class='ocr_par' dir='ltr' id='par_1_46' title="bbox 608 2703 2194 2767">
     <span class='ocr_line' id='line_1_46' title="bbox 608 2703 2194 2767; baseline 0.006 -12"><span class='ocrx_word' id='word_1_291' title='bbox 608 2715 756 2757; x_wconf 86' lang='lat' dir='ltr'><strong>nunc</strong></span> <span class='ocrx_word' id='word_1_292' title='bbox 787 2703 1047 2766; x_wconf 81' lang='lat' dir='ltr'><strong>maxime,</strong></span> <span class='ocrx_word' id='word_1_293' title='bbox 1079 2703 1299 2767; x_wconf 82' lang='lat' dir='ltr'><strong>quando</strong></span> <span class='ocrx_word' id='word_1_294' title='bbox 1328 2706 1498 2759; x_wconf 86' lang='lat' dir='ltr'><strong>multa</strong></span> <span class='ocrx_word' id='word_1_295' title='bbox 1533 2714 1584 2761; x_wconf 91' lang='lat' dir='ltr'><strong>te</strong></span> <span class='ocrx_word' id='word_1_296' title='bbox 1616 2706 1790 2761; x_wconf 88' lang='lat' dir='ltr'><strong>tristia</strong></span> <span class='ocrx_word' id='word_1_297' title='bbox 1820 2708 2152 2763; x_wconf 87' lang='lat' dir='ltr'><strong>obsederunt</strong></span> <span class='ocrx_word' id='word_1_298' title='bbox 2181 2728 2194 2764; x_wconf 95' lang='lat'><strong>:</strong></span> 
     </span>
    </p>
   </div>
   <div class='ocr_carea' id='block_1_47' title="bbox 609 2795 2193 2871">
    <p class='ocr_par' dir='ltr' id='par_1_47' title="bbox 609 2795 2193 2871">
     <span class='ocr_line' id='line_1_47' title="bbox 609 2795 2193 2871; baseline 0.006 -22"><span class='ocrx_word' id='word_1_299' title='bbox 609 2804 830 2865; x_wconf 83' lang='lat' dir='ltr'><strong>propter</strong></span> <span class='ocrx_word' id='word_1_300' title='bbox 865 2811 989 2866; x_wconf 60' lang='lat' dir='ltr'><strong>quae</strong></span> <span class='ocrx_word' id='word_1_301' title='bbox 1028 2795 1251 2865; x_wconf 80' lang='lat' dir='ltr'><strong>impulsi</strong></span> <span class='ocrx_word' id='word_1_302' title='bbox 1297 2796 1362 2852; x_wconf 85' lang='lat' dir='ltr'><strong>ad</strong></span> <span class='ocrx_word' id='word_1_303' title='bbox 1406 2800 1751 2854; x_wconf 81' lang='lat' dir='ltr'><strong>seribendum</strong></span> <span class='ocrx_word' id='word_1_304' title='bbox 1793 2803 2065 2871; x_wconf 72' lang='lat' dir='ltr'><strong>prmcipue</strong></span> <span class='ocrx_word' id='word_1_305' title='bbox 2106 2818 2193 2857; x_wconf 84' lang='lat' dir='ltr'><strong>su-</strong></span> 
     </span>
    </p>
   </div>
   <div class='ocr_carea' id='block_1_48' title="bbox 609 2889 2197 2957">
    <p class='ocr_par' dir='ltr' id='par_1_48' title="bbox 609 2889 2197 2957">
     <span class='ocr_line' id='line_1_48' title="bbox 609 2889 2197 2957; baseline 0.005 -15"><span class='ocrx_word' id='word_1_306' title='bbox 609 2904 756 2955; x_wconf 85' lang='lat' dir='ltr'><strong>mus,</strong></span> <span class='ocrx_word' id='word_1_307' title='bbox 806 2903 930 2943; x_wconf 84' lang='lat' dir='ltr'><strong>cum</strong></span> <span class='ocrx_word' id='word_1_308' title='bbox 984 2889 1372 2945; x_wconf 83' lang='lat' dir='ltr'><strong>didicissemus</strong></span> <span class='ocrx_word' id='word_1_309' title='bbox 1422 2902 1494 2957; x_wconf 90' lang='lat' dir='ltr'><strong>te,</strong></span> <span class='ocrx_word' id='word_1_310' title='bbox 1530 2892 1673 2947; x_wconf 91' lang='lat' dir='ltr'><strong>circa</strong></span> <span class='ocrx_word' id='word_1_311' title='bbox 1720 2894 1860 2947; x_wconf 85' lang='lat' dir='ltr'><strong>beati</strong></span> <span class='ocrx_word' id='word_1_312' title='bbox 1900 2893 2086 2950; x_wconf 81' lang='lat' dir='ltr'><strong>fratris</strong></span> <span class='ocrx_word' id='word_1_313' title='bbox 2117 2896 2197 2950; x_wconf 89' lang='lat' dir='ltr'><strong>tui</strong></span> 
     </span>
    </p>
   </div>
   <div class='ocr_carea' id='block_1_49' title="bbox 609 2980 2191 3056">
    <p class='ocr_par' dir='ltr' id='par_1_49' title="bbox 609 2980 2191 3056">
     <span class='ocr_line' id='line_1_49' title="bbox 609 2980 2191 3056; baseline 0.004 -21"><span class='ocrx_word' id='word_1_314' title='bbox 609 2980 896 3051; x_wconf 85' lang='lat' dir='ltr'><strong>reliquias,</strong></span> <span class='ocrx_word' id='word_1_315' title='bbox 935 2982 1046 3036; x_wconf 72' lang='lat' dir='ltr'><strong>ha-c</strong></span> <span class='ocrx_word' id='word_1_316' title='bbox 1068 2989 1121 3039; x_wconf 85' lang='lat' dir='ltr'><strong>et</strong></span> <span class='ocrx_word' id='word_1_317' title='bbox 1144 2981 1234 3036; x_wconf 90' lang='lat' dir='ltr'><strong>illa</strong></span> <span class='ocrx_word' id='word_1_318' title='bbox 1269 2984 1467 3053; x_wconf 79' lang='lat' dir='ltr'><strong>egisse.</strong></span> <span class='ocrx_word' id='word_1_319' title='bbox 1501 2984 1669 3038; x_wconf 77' lang='lat' dir='ltr'><strong>Aiunt</strong></span> <span class='ocrx_word' id='word_1_320' title='bbox 1697 2987 1841 3039; x_wconf 88' lang='lat' dir='ltr'><strong>enim</strong></span> <span class='ocrx_word' id='word_1_321' title='bbox 1871 2995 1920 3040; x_wconf 92' lang='lat' dir='ltr'><strong>te</strong></span> <span class='ocrx_word' id='word_1_322' title='bbox 1947 3002 2191 3056; x_wconf 86' lang='lat' dir='ltr'><strong>eapsam.</strong></span> 
     </span>
    </p>
   </div>
   <div class='ocr_carea' id='block_1_50' title="bbox 612 3074 2195 3146">
    <p class='ocr_par' dir='ltr' id='par_1_50' title="bbox 612 3074 2195 3146">
     <span class='ocr_line' id='line_1_50' title="bbox 612 3074 2195 3146; baseline 0.004 -19"><span class='ocrx_word' id='word_1_323' title='bbox 612 3088 741 3127; x_wconf 89' lang='lat' dir='ltr'><strong>cum</strong></span> <span class='ocrx_word' id='word_1_324' title='bbox 772 3074 879 3128; x_wconf 87' lang='lat' dir='ltr'><strong>alia</strong></span> <span class='ocrx_word' id='word_1_325' title='bbox 910 3090 976 3130; x_wconf 81' lang='lat' dir='ltr'><strong>ex</strong></span> <span class='ocrx_word' id='word_1_326' title='bbox 1006 3076 1229 3146; x_wconf 75' lang='lat' dir='ltr'><strong>regione</strong></span> <span class='ocrx_word' id='word_1_327' title='bbox 1269 3076 1464 3131; x_wconf 88' lang='lat' dir='ltr'><strong>fuisset</strong></span> <span class='ocrx_word' id='word_1_328' title='bbox 1497 3076 1684 3137; x_wconf 88' lang='lat' dir='ltr'><strong>allata,</strong></span> <span class='ocrx_word' id='word_1_329' title='bbox 1717 3092 1995 3133; x_wconf 88' lang='lat' dir='ltr'><strong>reserasse</strong></span> <span class='ocrx_word' id='word_1_330' title='bbox 2022 3096 2037 3144; x_wconf 88' lang='lat'><strong>;</strong></span> <span class='ocrx_word' id='word_1_331' title='bbox 2080 3088 2195 3133; x_wconf 89' lang='lat' dir='ltr'><strong>tum</strong></span> 
     </span>
    </p>
   </div>
   <div class='ocr_carea' id='block_1_51' title="bbox 612 3166 2197 3239">
    <p class='ocr_par' dir='ltr' id='par_1_51' title="bbox 612 3166 2197 3239">
     <span class='ocr_line' id='line_1_51' title="bbox 612 3166 2197 3239; baseline 0.001 -16"><span class='ocrx_word' id='word_1_332' title='bbox 612 3166 861 3238; x_wconf 81' lang='lat' dir='ltr'><strong>reliquiis</strong></span> <span class='ocrx_word' id='word_1_333' title='bbox 911 3167 1164 3235; x_wconf 77' lang='lat' dir='ltr'><strong>aﬂnsam,</strong></span> <span class='ocrx_word' id='word_1_334' title='bbox 1225 3169 1278 3223; x_wconf 91' lang='lat' dir='ltr'><strong>in</strong></span> <span class='ocrx_word' id='word_1_335' title='bbox 1332 3170 1493 3224; x_wconf 88' lang='lat' dir='ltr'><strong>ulnas</strong></span> <span class='ocrx_word' id='word_1_336' title='bbox 1548 3170 1875 3238; x_wconf 87' lang='lat' dir='ltr'><strong>sumpsisse,</strong></span> <span class='ocrx_word' id='word_1_337' title='bbox 1930 3172 2197 3239; x_wconf 84' lang='lat' dir='ltr'><strong>novisque</strong></span> 
     </span>
    </p>
   </div>
   <div class='ocr_carea' id='block_1_52' title="bbox 612 3257 2196 3327">
    <p class='ocr_par' dir='ltr' id='par_1_52' title="bbox 612 3257 2196 3327">
     <span class='ocr_line' id='line_1_52' title="bbox 612 3257 2196 3327; baseline 0.003 -14"><span class='ocrx_word' id='word_1_338' title='bbox 612 3257 758 3320; x_wconf 86' lang='lat' dir='ltr'><strong>illas,</strong></span> <span class='ocrx_word' id='word_1_339' title='bbox 788 3257 935 3313; x_wconf 90' lang='lat' dir='ltr'><strong>velut</strong></span> <span class='ocrx_word' id='word_1_340' title='bbox 972 3258 1146 3327; x_wconf 86' lang='lat' dir='ltr'><strong>ipsum</strong></span> <span class='ocrx_word' id='word_1_341' title='bbox 1196 3272 1497 3324; x_wconf 86' lang='lat' dir='ltr'><strong>mortuum,</strong></span> <span class='ocrx_word' id='word_1_342' title='bbox 1542 3260 1721 3314; x_wconf 90' lang='lat' dir='ltr'><strong>linteis</strong></span> <span class='ocrx_word' id='word_1_343' title='bbox 1758 3261 1881 3316; x_wconf 90' lang='lat' dir='ltr'><strong>aliis</strong></span> <span class='ocrx_word' id='word_1_344' title='bbox 1931 3262 2196 3318; x_wconf 88' lang='lat' dir='ltr'><strong>induisse.</strong></span> 
     </span>
    </p>
   </div>
   <div class='ocr_carea' id='block_1_53' title="bbox 612 3346 2200 3415">
    <p class='ocr_par' dir='ltr' id='par_1_53' title="bbox 612 3346 2200 3415">
     <span class='ocr_line' id='line_1_53' title="bbox 612 3346 2200 3415; baseline 0.001 -13"><span class='ocrx_word' id='word_1_345' title='bbox 612 3346 749 3415; x_wconf 84' lang='lat' dir='ltr'><strong>Quis</strong></span> <span class='ocrx_word' id='word_1_346' title='bbox 780 3349 867 3403; x_wconf 83' lang='lat' dir='ltr'><strong>hic</strong></span> <span class='ocrx_word' id='word_1_347' title='bbox 893 3348 1195 3403; x_wconf 85' lang='lat' dir='ltr'><strong>fraternum</strong></span> <span class='ocrx_word' id='word_1_348' title='bbox 1228 3364 1473 3405; x_wconf 86' lang='lat' dir='ltr'><strong>amorem</strong></span> <span class='ocrx_word' id='word_1_349' title='bbox 1512 3361 1666 3407; x_wconf 90' lang='lat' dir='ltr'><strong>tuum</strong></span> <span class='ocrx_word' id='word_1_350' title='bbox 1706 3367 1816 3406; x_wconf 90' lang='lat' dir='ltr'><strong>non</strong></span> <span class='ocrx_word' id='word_1_351' title='bbox 1842 3350 2146 3406; x_wconf 87' lang='lat' dir='ltr'><strong>admiretur</strong></span> <span class='ocrx_word' id='word_1_352' title='bbox 2176 3352 2200 3404; x_wconf 70' lang='grc' dir='ltr'><strong>’ἶ</strong></span> 
     </span>
    </p>
   </div>
   <div class='ocr_carea' id='block_1_54' title="bbox 610 3441 2197 3513">
    <p class='ocr_par' dir='ltr' id='par_1_54' title="bbox 610 3441 2197 3513">
     <span class='ocr_line' id='line_1_54' title="bbox 610 3441 2197 3513; baseline 0.003 -19"><span class='ocrx_word' id='word_1_353' title='bbox 610 3447 710 3494; x_wconf 78' lang='lat' dir='ltr'><strong>aut</strong></span> <span class='ocrx_word' id='word_1_354' title='bbox 740 3441 865 3511; x_wconf 88' lang='lat' dir='ltr'><strong>quis</strong></span> <span class='ocrx_word' id='word_1_355' title='bbox 901 3449 1014 3495; x_wconf 91' lang='lat' dir='ltr'><strong>tum</strong></span> <span class='ocrx_word' id='word_1_356' title='bbox 1060 3455 1297 3510; x_wconf 69' lang='lat' dir='ltr'><strong>praasens</strong></span> <span class='ocrx_word' id='word_1_357' title='bbox 1345 3442 1611 3513; x_wconf 83' lang='lat' dir='ltr'><strong>lacrymas</strong></span> <span class='ocrx_word' id='word_1_358' title='bbox 1659 3460 1767 3497; x_wconf 87' lang='lat' dir='ltr'><strong>non</strong></span> <span class='ocrx_word' id='word_1_359' title='bbox 1814 3442 2047 3498; x_wconf 79' lang='lat' dir='ltr'><strong>eﬂ&#39;ndit?</strong></span> <span class='ocrx_word' id='word_1_360' title='bbox 2088 3458 2197 3498; x_wconf 92' lang='lat' dir='ltr'><strong>non</strong></span> 
     </span>
    </p>
   </div>
   <div class='ocr_carea' id='block_1_55' title="bbox 2368 2253 3893 2326">
    <p class='ocr_par' dir='ltr' id='par_1_55' title="bbox 2368 2253 3893 2326">
     <span class='ocr_line' id='line_1_55' title="bbox 2368 2253 3893 2326; baseline 0.001 -21"><span class='ocrx_word' id='word_1_361' title='bbox 2368 2253 2478 2306; x_wconf 78' lang='grc' dir='ltr'><strong>Καὶ</strong></span> <span class='ocrx_word' id='word_1_362' title='bbox 2506 2253 2897 2324; x_wconf 77' lang='grc' dir='ltr'>εὐλαϐούμενοι</span> <span class='ocrx_word' id='word_1_363' title='bbox 2958 2255 3213 2325; x_wconf 79' lang='grc' dir='ltr'><strong>γράφειν,</strong></span> <span class='ocrx_word' id='word_1_364' title='bbox 3254 2255 3405 2325; x_wconf 78' lang='grc' dir='ltr'>ὅμως</span> <span class='ocrx_word' id='word_1_365' title='bbox 3457 2254 3893 2326; x_wconf 69' lang='grc' dir='ltr'>ἀναγκαζόμεθα</span> 
     </span>
    </p>
   </div>
   <div class='ocr_carea' id='block_1_56' title="bbox 2297 2343 3893 2415">
    <p class='ocr_par' dir='ltr' id='par_1_56' title="bbox 2297 2343 3893 2415">
     <span class='ocr_line' id='line_1_56' title="bbox 2297 2343 3893 2415; baseline -0.001 -19"><span class='ocrx_word' id='word_1_366' title='bbox 2297 2343 2474 2413; x_wconf 86' lang='grc' dir='ltr'>στόμα</span> <span class='ocrx_word' id='word_1_367' title='bbox 2505 2344 2831 2415; x_wconf 78' lang='grc' dir='ltr'>εὐχάριστον</span> <span class='ocrx_word' id='word_1_368' title='bbox 2878 2344 2974 2398; x_wconf 76' lang='grc' dir='ltr'>καὶ</span> <span class='ocrx_word' id='word_1_369' title='bbox 3014 2345 3298 2415; x_wconf 84' lang='grc' dir='ltr'>αίνέσιμον</span> <span class='ocrx_word' id='word_1_370' title='bbox 3344 2344 3684 2413; x_wconf 71' lang='grc' dir='ltr'>ἀνοίγειν-τῇ</span> <span class='ocrx_word' id='word_1_371' title='bbox 3723 2346 3893 2414; x_wconf 78' lang='grc' dir='ltr'>τιμιό-</span> 
     </span>
    </p>
   </div>
   <div class='ocr_carea' id='block_1_57' title="bbox 2296 2432 3889 2506">
    <p class='ocr_par' dir='ltr' id='par_1_57' title="bbox 2296 2432 3889 2506">
     <span class='ocr_line' id='line_1_57' title="bbox 2296 2432 3889 2506; baseline 0.006 -19"><span class='ocrx_word' id='word_1_372' title='bbox 2296 2436 2418 2504; x_wconf 86' lang='grc' dir='ltr'>τητί</span> <span class='ocrx_word' id='word_1_373' title='bbox 2452 2453 2568 2489; x_wconf 88' lang='grc' dir='ltr'>σου.</span> <span class='ocrx_word' id='word_1_374' title='bbox 2602 2437 2749 2500; x_wconf 86' lang='grc' dir='ltr'>Ἕως</span> <span class='ocrx_word' id='word_1_375' title='bbox 2775 2437 2905 2490; x_wconf 87' lang='grc' dir='ltr'>πότε</span> <span class='ocrx_word' id='word_1_376' title='bbox 2960 2432 3052 2490; x_wconf 79' lang='grc' dir='ltr'><strong>οὖν</strong></span> <span class='ocrx_word' id='word_1_377' title='bbox 3098 2437 3199 2491; x_wconf 84' lang='grc' dir='ltr'>οὐκ</span> <span class='ocrx_word' id='word_1_378' title='bbox 3264 2437 3465 2506; x_wconf 80' lang='grc' dir='ltr'>ἀνὴσῃ,</span> <span class='ocrx_word' id='word_1_379' title='bbox 3516 2435 3889 2505; x_wconf 65' lang='grc' dir='ltr'>καλλιμῆτορ.</span> 
     </span>
    </p>
   </div>
   <div class='ocr_carea' id='block_1_58' title="bbox 2297 2529 3875 2603">
    <p class='ocr_par' dir='ltr' id='par_1_58' title="bbox 2297 2529 3875 2603">
     <span class='ocr_line' id='line_1_58' title="bbox 2297 2529 3875 2603; baseline -0.001 -21"><span class='ocrx_word' id='word_1_380' title='bbox 2297 2533 2494 2601; x_wconf 74' lang='grc' dir='ltr'>κιχρᾷν</span> <span class='ocrx_word' id='word_1_381' title='bbox 2526 2533 2657 2602; x_wconf 80' lang='grc' dir='ltr'>ἡμῖν</span> <span class='ocrx_word' id='word_1_382' title='bbox 2689 2534 2925 2603; x_wconf 85' lang='grc' dir='ltr'>σεαυτήν</span> <span class='ocrx_word' id='word_1_383' title='bbox 2951 2549 2966 2598; x_wconf 91' lang='grc'><strong>;</strong></span> <span class='ocrx_word' id='word_1_384' title='bbox 2999 2532 3141 2595; x_wconf 84' lang='grc' dir='ltr'>Ἕως</span> <span class='ocrx_word' id='word_1_385' title='bbox 3167 2533 3313 2593; x_wconf 85' lang='grc' dir='ltr'>τίνος</span> <span class='ocrx_word' id='word_1_386' title='bbox 3343 2530 3413 2583; x_wconf 74' lang='grc' dir='ltr'>τὰ</span> <span class='ocrx_word' id='word_1_387' title='bbox 3458 2529 3777 2601; x_wconf 78' lang='grc' dir='ltr'>δωρήματά</span> <span class='ocrx_word' id='word_1_388' title='bbox 3804 2545 3875 2580; x_wconf 58' lang='grc' dir='ltr'><strong>σα</strong></span> 
     </span>
    </p>
   </div>
   <div class='ocr_carea' id='block_1_59' title="bbox 2295 2622 3890 2693">
    <p class='ocr_par' dir='ltr' id='par_1_59' title="bbox 2295 2622 3890 2693">
     <span class='ocr_line' id='line_1_59' title="bbox 2295 2622 3890 2693; baseline -0.001 -19"><span class='ocrx_word' id='word_1_389' title='bbox 2295 2622 2395 2675; x_wconf 81' lang='grc' dir='ltr'><strong>οὐκ</strong></span> <span class='ocrx_word' id='word_1_390' title='bbox 2426 2622 2786 2693; x_wconf 81' lang='grc' dir='ltr'>ἀπολήξουσιν</span> <span class='ocrx_word' id='word_1_391' title='bbox 2816 2624 3065 2679; x_wconf 79' lang='grc' dir='ltr'>ἐντεῦθεν</span> <span class='ocrx_word' id='word_1_392' title='bbox 3096 2626 3189 2677; x_wconf 81' lang='grc' dir='ltr'><strong>καὶ</strong></span> <span class='ocrx_word' id='word_1_393' title='bbox 3219 2623 3477 2677; x_wconf 79' lang='grc' dir='ltr'>ἐντεῦθεν</span> <span class='ocrx_word' id='word_1_394' title='bbox 3509 2624 3890 2693; x_wconf 51' lang='lat' dir='ltr'><strong>uaga-nepte.</strong></span> 
     </span>
    </p>
   </div>
   <div class='ocr_carea' id='block_1_60' title="bbox 2298 2711 3891 2786">
    <p class='ocr_par' dir='ltr' id='par_1_60' title="bbox 2298 2711 3891 2786">
     <span class='ocr_line' id='line_1_60' title="bbox 2298 2711 3891 2786; baseline 0.003 -22"><span class='ocrx_word' id='word_1_395' title='bbox 2298 2731 2436 2783; x_wconf 89' lang='grc' dir='ltr'>μενα</span> <span class='ocrx_word' id='word_1_396' title='bbox 2461 2730 2477 2779; x_wconf 89' lang='grc'><strong>;</strong></span> <span class='ocrx_word' id='word_1_397' title='bbox 2503 2714 2600 2767; x_wconf 73' lang='grc' dir='ltr'>καὶ</span> <span class='ocrx_word' id='word_1_398' title='bbox 2639 2714 2881 2786; x_wconf 87' lang='grc' dir='ltr'>μάλιστά</span> <span class='ocrx_word' id='word_1_399' title='bbox 2914 2734 2977 2785; x_wconf 89' lang='grc' dir='ltr'><strong>γε</strong></span> <span class='ocrx_word' id='word_1_400' title='bbox 3005 2717 3100 2769; x_wconf 80' lang='grc' dir='ltr'>νῦν</span> <span class='ocrx_word' id='word_1_401' title='bbox 3122 2732 3136 2747; x_wconf 92' lang='grc'><strong>·</strong></span> <span class='ocrx_word' id='word_1_402' title='bbox 3163 2711 3259 2769; x_wconf 79' lang='grc' dir='ltr'>ὅτε</span> <span class='ocrx_word' id='word_1_403' title='bbox 3280 2715 3455 2769; x_wconf 84' lang='grc' dir='ltr'>πολλά</span> <span class='ocrx_word' id='word_1_404' title='bbox 3484 2732 3546 2768; x_wconf 85' lang='grc' dir='ltr'><strong>σε</strong></span> <span class='ocrx_word' id='word_1_405' title='bbox 3574 2714 3649 2767; x_wconf 78' lang='grc' dir='ltr'>τὰ</span> <span class='ocrx_word' id='word_1_406' title='bbox 3675 2715 3891 2782; x_wconf 65' lang='grc' dir='ltr'>λυπηςὰ</span> 
     </span>
    </p>
   </div>
   <div class='ocr_carea' id='block_1_61' title="bbox 2296 2804 3890 2879">
    <p class='ocr_par' dir='ltr' id='par_1_61' title="bbox 2296 2804 3890 2879">
     <span class='ocr_line' id='line_1_61' title="bbox 2296 2804 3890 2879; baseline -0.001 -22"><span class='ocrx_word' id='word_1_407' title='bbox 2296 2805 2737 2877; x_wconf 82' lang='grc' dir='ltr'>περιεστοίχισαν</span> <span class='ocrx_word' id='word_1_408' title='bbox 2764 2825 2777 2839; x_wconf 83' lang='lat'>&#39;</span> <span class='ocrx_word' id='word_1_409' title='bbox 2811 2810 2895 2879; x_wconf 75' lang='grc' dir='ltr'><strong>ἐφ’</strong></span> <span class='ocrx_word' id='word_1_410' title='bbox 2927 2804 3009 2872; x_wconf 75' lang='grc' dir='ltr'>οἷς</span> <span class='ocrx_word' id='word_1_411' title='bbox 3051 2808 3147 2862; x_wconf 74' lang='grc' dir='ltr'>καὶ</span> <span class='ocrx_word' id='word_1_412' title='bbox 3177 2808 3520 2878; x_wconf 80' lang='grc' dir='ltr'>ὲκινήθημεν</span> <span class='ocrx_word' id='word_1_413' title='bbox 3545 2808 3761 2876; x_wconf 69' lang='grc' dir='ltr'>μᾶλλον</span> <span class='ocrx_word' id='word_1_414' title='bbox 3779 2808 3890 2858; x_wconf 66' lang='lat' dir='ltr'><strong>Et:—</strong></span> 
     </span>
    </p>
   </div>
   <div class='ocr_carea' id='block_1_62' title="bbox 2298 2898 3889 2972">
    <p class='ocr_par' dir='ltr' id='par_1_62' title="bbox 2298 2898 3889 2972">
     <span class='ocr_line' id='line_1_62' title="bbox 2298 2898 3889 2972; baseline 0 -20"><span class='ocrx_word' id='word_1_415' title='bbox 2298 2904 2504 2954; x_wconf 84' lang='grc' dir='ltr'>στεῖλαι</span> <span class='ocrx_word' id='word_1_416' title='bbox 2524 2917 2537 2931; x_wconf 66' lang='grc'>⁸</span> <span class='ocrx_word' id='word_1_417' title='bbox 2573 2903 2838 2972; x_wconf 64' lang='grc' dir='ltr'>μαθόντες</span> <span class='ocrx_word' id='word_1_418' title='bbox 2868 2901 3039 2964; x_wconf 81' lang='grc' dir='ltr'>οὕτως</span> <span class='ocrx_word' id='word_1_419' title='bbox 3069 2901 3161 2953; x_wconf 78' lang='grc' dir='ltr'><strong>καὶ</strong></span> <span class='ocrx_word' id='word_1_420' title='bbox 3186 2901 3389 2965; x_wconf 75' lang='grc' dir='ltr'>οὕτως,</span> <span class='ocrx_word' id='word_1_421' title='bbox 3415 2902 3511 2952; x_wconf 72' lang='grc' dir='ltr'><strong>ἐπὶ</strong></span> <span class='ocrx_word' id='word_1_422' title='bbox 3546 2898 3629 2968; x_wconf 77' lang='grc' dir='ltr'>τῷ</span> <span class='ocrx_word' id='word_1_423' title='bbox 3650 2899 3889 2968; x_wconf 68' lang='grc' dir='ltr'>λειψάνῳ</span> 
     </span>
    </p>
   </div>
   <div class='ocr_carea' id='block_1_63' title="bbox 2295 2992 3890 3066">
    <p class='ocr_par' dir='ltr' id='par_1_63' title="bbox 2295 2992 3890 3066">
     <span class='ocr_line' id='line_1_63' title="bbox 2295 2992 3890 3066; baseline -0.004 -18"><span class='ocrx_word' id='word_1_424' title='bbox 2295 2995 2390 3047; x_wconf 83' lang='grc' dir='ltr'>τοῦ</span> <span class='ocrx_word' id='word_1_425' title='bbox 2428 2996 2701 3066; x_wconf 85' lang='grc' dir='ltr'>μακαρίου</span> <span class='ocrx_word' id='word_1_426' title='bbox 2736 2993 2969 3062; x_wconf 77' lang='grc' dir='ltr'>ἀδελφοῦ</span> <span class='ocrx_word' id='word_1_427' title='bbox 3001 3010 3097 3046; x_wconf 87' lang='grc' dir='ltr'><strong>σου</strong></span> <span class='ocrx_word' id='word_1_428' title='bbox 3132 2992 3613 3063; x_wconf 80' lang='grc' dir='ltr'>καταπράξασθαί</span> <span class='ocrx_word' id='word_1_429' title='bbox 3651 3009 3741 3045; x_wconf 88' lang='grc' dir='ltr'><strong>σε.</strong></span> <span class='ocrx_word' id='word_1_430' title='bbox 3767 2992 3890 3044; x_wconf 71' lang='grc' dir='ltr'>Φασὶ</span> 
     </span>
    </p>
   </div>
   <div class='ocr_carea' id='block_1_64' title="bbox 2296 3084 3889 3159">
    <p class='ocr_par' dir='ltr' id='par_1_64' title="bbox 2296 3084 3889 3159">
     <span class='ocr_line' id='line_1_64' title="bbox 2296 3084 3889 3159; baseline -0.001 -19"><span class='ocrx_word' id='word_1_431' title='bbox 2296 3088 2406 3158; x_wconf 88' lang='grc' dir='ltr'>γὰρ</span> <span class='ocrx_word' id='word_1_432' title='bbox 2436 3090 2735 3159; x_wconf 83' lang='grc' dir='ltr'>ἀνεῳγέναι</span> <span class='ocrx_word' id='word_1_433' title='bbox 2768 3106 2827 3141; x_wconf 88' lang='grc' dir='ltr'><strong>σε</strong></span> <span class='ocrx_word' id='word_1_434' title='bbox 2852 3088 2954 3156; x_wconf 78' lang='grc' dir='ltr'><strong>τὴν</strong></span> <span class='ocrx_word' id='word_1_435' title='bbox 2987 3086 3161 3157; x_wconf 84' lang='grc' dir='ltr'>θήκην</span> <span class='ocrx_word' id='word_1_436' title='bbox 3184 3086 3663 3157; x_wconf 78' lang='grc' dir='ltr'>παραγενομένην</span> <span class='ocrx_word' id='word_1_437' title='bbox 3708 3088 3778 3139; x_wconf 80' lang='grc' dir='ltr'>ὲκ</span> <span class='ocrx_word' id='word_1_438' title='bbox 3803 3084 3889 3152; x_wconf 71' lang='grc' dir='ltr'><strong>τῆς</strong></span> 
     </span>
    </p>
   </div>
   <div class='ocr_carea' id='block_1_65' title="bbox 2297 3171 3890 3251">
    <p class='ocr_par' dir='ltr' id='par_1_65' title="bbox 2297 3171 3890 3251">
     <span class='ocr_line' id='line_1_65' title="bbox 2297 3171 3890 3251; baseline -0.001 -21"><span class='ocrx_word' id='word_1_439' title='bbox 2297 3179 2624 3251; x_wconf 80' lang='grc' dir='ltr'>ἀλλοδαπῆς,</span> <span class='ocrx_word' id='word_1_440' title='bbox 2653 3177 2771 3234; x_wconf 80' lang='grc' dir='ltr'>εἶτα</span> <span class='ocrx_word' id='word_1_441' title='bbox 2814 3178 3236 3249; x_wconf 78' lang='grc' dir='ltr'>περιπλακῆναι</span> <span class='ocrx_word' id='word_1_442' title='bbox 3256 3178 3337 3249; x_wconf 78' lang='grc' dir='ltr'><strong>τῷ</strong></span> <span class='ocrx_word' id='word_1_443' title='bbox 3382 3171 3659 3246; x_wconf 68' lang='grc' dir='ltr'>λειψάνῴ,</span> <span class='ocrx_word' id='word_1_444' title='bbox 3692 3177 3793 3231; x_wconf 74' lang='grc' dir='ltr'><strong>καὶ</strong></span> <span class='ocrx_word' id='word_1_445' title='bbox 3823 3178 3890 3236; x_wconf 79' lang='grc' dir='ltr'>εἰς</span> 
     </span>
    </p>
   </div>
   <div class='ocr_carea' id='block_1_66' title="bbox 2296 3268 3893 3344">
    <p class='ocr_par' dir='ltr' id='par_1_66' title="bbox 2296 3268 3893 3344">
     <span class='ocr_line' id='line_1_66' title="bbox 2296 3268 3893 3344; baseline -0.006 -17"><span class='ocrx_word' id='word_1_446' title='bbox 2296 3272 2546 3342; x_wconf 72' lang='grc' dir='ltr'>ἀγκάλας</span> <span class='ocrx_word' id='word_1_447' title='bbox 2580 3273 2725 3327; x_wconf 80' lang='grc' dir='ltr'>ἑλεῖν</span> <span class='ocrx_word' id='word_1_448' title='bbox 2776 3272 3316 3344; x_wconf 78' lang='grc' dir='ltr'>μετενταφιάζουσαν</span> <span class='ocrx_word' id='word_1_449' title='bbox 3364 3268 3433 3340; x_wconf 73' lang='grc' dir='ltr'><strong>[Γ.</strong></span> <span class='ocrx_word' id='word_1_450' title='bbox 3479 3268 3893 3339; x_wconf 64' lang='grc' dir='ltr'>μεταμφιάζςςυ-</span> 
     </span>
    </p>
   </div>
   <div class='ocr_carea' id='block_1_67' title="bbox 2300 3356 3892 3434">
    <p class='ocr_par' dir='ltr' id='par_1_67' title="bbox 2300 3356 3892 3434">
     <span class='ocr_line' id='line_1_67' title="bbox 2300 3356 3892 3434; baseline -0.003 -20"><span class='ocrx_word' id='word_1_451' title='bbox 2300 3361 2424 3434; x_wconf 78' lang='grc' dir='ltr'>σαν]</span> <span class='ocrx_word' id='word_1_452' title='bbox 2480 3362 2643 3415; x_wconf 71' lang='grc' dir='ltr'>οἱονεὶ</span> <span class='ocrx_word' id='word_1_453' title='bbox 2676 3362 2769 3416; x_wconf 86' lang='grc' dir='ltr'><strong>τὸν</strong></span> <span class='ocrx_word' id='word_1_454' title='bbox 2802 3362 2996 3434; x_wconf 78' lang='grc' dir='ltr'>νεκρὸν</span> <span class='ocrx_word' id='word_1_455' title='bbox 3047 3362 3229 3423; x_wconf 82' lang='grc' dir='ltr'>ἄλλοις</span> <span class='ocrx_word' id='word_1_456' title='bbox 3270 3361 3485 3422; x_wconf 75' lang='grc' dir='ltr'>καινοῖς</span> <span class='ocrx_word' id='word_1_457' title='bbox 3505 3359 3774 3421; x_wconf 76' lang='grc' dir='ltr'>ὀθονίοις.</span> <span class='ocrx_word' id='word_1_458' title='bbox 3808 3356 3892 3417; x_wconf 79' lang='grc' dir='ltr'><strong>Τίς</strong></span> 
     </span>
    </p>
   </div>
   <div class='ocr_carea' id='block_1_68' title="bbox 2298 3446 3890 3525">
    <p class='ocr_par' dir='ltr' id='par_1_68' title="bbox 2298 3446 3890 3525">
     <span class='ocr_line' id='line_1_68' title="bbox 2298 3446 3890 3525; baseline -0.006 -19"><span class='ocrx_word' id='word_1_459' title='bbox 2298 3448 2393 3506; x_wconf 78' lang='grc' dir='ltr'><strong>οὖν</strong></span> <span class='ocrx_word' id='word_1_460' title='bbox 2423 3453 2522 3506; x_wconf 84' lang='grc' dir='ltr'><strong>οὐκ</strong></span> <span class='ocrx_word' id='word_1_461' title='bbox 2578 3454 2806 3507; x_wconf 88' lang='grc' dir='ltr'>αίάσατο</span> <span class='ocrx_word' id='word_1_462' title='bbox 2854 3450 3012 3525; x_wconf 84' lang='lat' dir='ltr'><strong>[Cod.</strong></span> <span class='ocrx_word' id='word_1_463' title='bbox 3046 3450 3178 3520; x_wconf 78' lang='lat' dir='ltr'><strong>Reg.</strong></span> <span class='ocrx_word' id='word_1_464' title='bbox 3210 3446 3505 3519; x_wconf 81' lang='grc' dir='ltr'>ἀγάσαιτο]</span> <span class='ocrx_word' id='word_1_465' title='bbox 3540 3449 3607 3501; x_wconf 83' lang='grc' dir='ltr'><strong>τὸ</strong></span> <span class='ocrx_word' id='word_1_466' title='bbox 3646 3446 3890 3517; x_wconf 78' lang='grc' dir='ltr'>φιλάδελ-</span> 
     </span>
    </p>
   </div>
   <div class='ocr_carea' id='block_1_69' title="bbox 612 3528 2194 3616">
    <p class='ocr_par' dir='ltr' id='par_1_69' title="bbox 612 3528 2194 3606">
     <span class='ocr_line' id='line_1_69' title="bbox 612 3528 2194 3606; baseline 0.003 -21"><span class='ocrx_word' id='word_1_467' title='bbox 612 3532 788 3587; x_wconf 89' lang='lat' dir='ltr'><strong>doluit</strong></span> <span class='ocrx_word' id='word_1_468' title='bbox 812 3533 1212 3589; x_wconf 84' lang='lat' dir='ltr'><strong>vehementer?</strong></span> <span class='ocrx_word' id='word_1_469' title='bbox 1240 3534 1459 3603; x_wconf 89' lang='lat' dir='ltr'><strong>quando</strong></span> <span class='ocrx_word' id='word_1_470' title='bbox 1494 3550 1595 3590; x_wconf 90' lang='lat' dir='ltr'><strong>nos</strong></span> <span class='ocrx_word' id='word_1_471' title='bbox 1628 3536 1793 3590; x_wconf 88' lang='lat' dir='ltr'><strong>etiam</strong></span> <span class='ocrx_word' id='word_1_472' title='bbox 1822 3536 1982 3606; x_wconf 88' lang='lat' dir='ltr'><strong>longe</strong></span> <span class='ocrx_word' id='word_1_473' title='bbox 2015 3528 2194 3590; x_wconf 71' lang='lat' dir='ltr'><strong>remo-</strong></span> 
     </span>
    </p>
   </div>
   <div class='ocr_carea' id='block_1_70' title="bbox 2299 3528 3889 3616">
    <p class='ocr_par' dir='ltr' id='par_1_70' title="bbox 2302 3541 3889 3616">
     <span class='ocr_line' id='line_1_70' title="bbox 2302 3541 3889 3616; baseline -0.004 -17"><span class='ocrx_word' id='word_1_474' title='bbox 2302 3546 2401 3615; x_wconf 85' lang='grc' dir='ltr'>φόν</span> <span class='ocrx_word' id='word_1_475' title='bbox 2430 3563 2524 3598; x_wconf 91' lang='grc' dir='ltr'><strong>σου</strong></span> <span class='ocrx_word' id='word_1_476' title='bbox 2553 3564 2566 3611; x_wconf 90' lang='grc'>;</span> <span class='ocrx_word' id='word_1_477' title='bbox 2601 3546 2685 3609; x_wconf 84' lang='grc' dir='ltr'><strong>τίς</strong></span> <span class='ocrx_word' id='word_1_478' title='bbox 2708 3546 2764 3599; x_wconf 83' lang='grc' dir='ltr'>δὲ</span> <span class='ocrx_word' id='word_1_479' title='bbox 2790 3543 3094 3616; x_wconf 80' lang='grc' dir='ltr'>τηνικαῦτα</span> <span class='ocrx_word' id='word_1_480' title='bbox 3120 3542 3311 3613; x_wconf 86' lang='grc' dir='ltr'>παρὼν</span> <span class='ocrx_word' id='word_1_481' title='bbox 3340 3543 3443 3595; x_wconf 75' lang='grc' dir='ltr'><strong>οὐκ</strong></span> <span class='ocrx_word' id='word_1_482' title='bbox 3488 3541 3560 3595; x_wconf 83' lang='grc' dir='ltr'>ἂν</span> <span class='ocrx_word' id='word_1_483' title='bbox 3595 3542 3786 3611; x_wconf 73' lang='grc' dir='ltr'>ἐξέχεε</span> <span class='ocrx_word' id='word_1_484' title='bbox 3808 3541 3889 3593; x_wconf 61' lang='grc' dir='ltr'><strong>δὲ·</strong></span> 
     </span>
    </p>
   </div>
   <div class='ocr_carea' id='block_1_71' title="bbox 614 3626 2199 3706">
    <p class='ocr_par' dir='ltr' id='par_1_71' title="bbox 614 3626 2199 3706">
     <span class='ocr_line' id='line_1_71' title="bbox 614 3626 2199 3706; baseline 0.004 -27"><span class='ocrx_word' id='word_1_485' title='bbox 614 3633 723 3690; x_wconf 89' lang='lat' dir='ltr'><strong>tos,</strong></span> <span class='ocrx_word' id='word_1_486' title='bbox 752 3640 817 3680; x_wconf 81' lang='lat' dir='ltr'><strong>ex</strong></span> <span class='ocrx_word' id='word_1_487' title='bbox 858 3626 1053 3706; x_wconf 39' lang='lat' dir='ltr'><strong>.auditn</strong></span> <span class='ocrx_word' id='word_1_488' title='bbox 1106 3626 1225 3681; x_wconf 87' lang='lat' dir='ltr'><strong>solo</strong></span> <span class='ocrx_word' id='word_1_489' title='bbox 1256 3628 1431 3697; x_wconf 79' lang='lat' dir='ltr'><strong>tetigit</strong></span> <span class='ocrx_word' id='word_1_490' title='bbox 1474 3628 1651 3693; x_wconf 90' lang='lat' dir='ltr'><strong>dolor,</strong></span> <span class='ocrx_word' id='word_1_491' title='bbox 1685 3630 1946 3701; x_wconf 80' lang='lat' dir='ltr'><strong>gravique</strong></span> <span class='ocrx_word' id='word_1_492' title='bbox 1978 3629 2199 3686; x_wconf 89' lang='lat' dir='ltr'><strong>tristitia</strong></span> 
     </span>
    </p>
   </div>
   <div class='ocr_carea' id='block_1_72' title="bbox 614 3714 2195 3775">
    <p class='ocr_par' dir='ltr' id='par_1_72' title="bbox 614 3714 2195 3775">
     <span class='ocr_line' id='line_1_72' title="bbox 614 3714 2195 3775; baseline 0.003 -7"><span class='ocrx_word' id='word_1_493' title='bbox 614 3729 711 3769; x_wconf 90' lang='lat' dir='ltr'><strong>cor</strong></span> <span class='ocrx_word' id='word_1_494' title='bbox 753 3714 954 3771; x_wconf 83' lang='lat' dir='ltr'><strong>affecit.</strong></span> <span class='ocrx_word' id='word_1_495' title='bbox 1007 3715 1052 3769; x_wconf 92' lang='lat'><strong>0</strong></span> <span class='ocrx_word' id='word_1_496' title='bbox 1100 3716 1360 3771; x_wconf 85' lang='lat' dir='ltr'><strong>acerbum</strong></span> <span class='ocrx_word' id='word_1_497' title='bbox 1402 3719 1659 3772; x_wconf 87' lang='lat' dir='ltr'><strong>nuntium</strong></span> <span class='ocrx_word' id='word_1_498' title='bbox 1697 3720 1710 3772; x_wconf 88' lang='lat'><strong>!</strong></span> <span class='ocrx_word' id='word_1_499' title='bbox 1745 3734 1778 3774; x_wconf 92' lang='grc' dir='ltr'><strong>ο</strong></span> <span class='ocrx_word' id='word_1_500' title='bbox 1822 3720 2134 3775; x_wconf 86' lang='lat' dir='ltr'><strong>luctuosum</strong></span> <span class='ocrx_word' id='word_1_501' title='bbox 2182 3721 2195 3773; x_wconf 73' lang='grc' dir='ltr'><strong>ί</strong></span> 
     </span>
    </p>
   </div>
   <div class='ocr_carea' id='block_1_73' title="bbox 612 3808 2198 3881">
    <p class='ocr_par' dir='ltr' id='par_1_73' title="bbox 612 3808 2198 3881">
     <span class='ocr_line' id='line_1_73' title="bbox 612 3808 2198 3881; baseline 0.003 -20"><span class='ocrx_word' id='word_1_502' title='bbox 612 3808 747 3877; x_wconf 91' lang='lat' dir='ltr'><strong>quid</strong></span> <span class='ocrx_word' id='word_1_503' title='bbox 786 3808 990 3863; x_wconf 83' lang='lat' dir='ltr'><strong>fuimus</strong></span> <span class='ocrx_word' id='word_1_504' title='bbox 1017 3808 1040 3860; x_wconf 85' lang='lat'><strong>?</strong></span> <span class='ocrx_word' id='word_1_505' title='bbox 1071 3818 1125 3862; x_wconf 91' lang='lat' dir='ltr'><strong>et</strong></span> <span class='ocrx_word' id='word_1_506' title='bbox 1156 3808 1439 3878; x_wconf 15' lang='lat' dir='ltr'><strong>quid‘facti</strong></span> <span class='ocrx_word' id='word_1_507' title='bbox 1478 3826 1674 3866; x_wconf 89' lang='lat' dir='ltr'><strong>sumus</strong></span> <span class='ocrx_word' id='word_1_508' title='bbox 1704 3812 1970 3881; x_wconf 84' lang='lat' dir='ltr'><strong>?repente</strong></span> <span class='ocrx_word' id='word_1_509' title='bbox 1994 3813 2198 3881; x_wconf 87' lang='lat' dir='ltr'><strong>orpha-</strong></span> 
     </span>
    </p>
   </div>
   <div class='ocr_carea' id='block_1_74' title="bbox 614 3898 2197 3974">
    <p class='ocr_par' dir='ltr' id='par_1_74' title="bbox 614 3898 2197 3974">
     <span class='ocr_line' id='line_1_74' title="bbox 614 3898 2197 3974; baseline 0.002 -20"><span class='ocrx_word' id='word_1_510' title='bbox 614 3900 692 3965; x_wconf 90' lang='lat' dir='ltr'><strong>ni,</strong></span> <span class='ocrx_word' id='word_1_511' title='bbox 722 3908 777 3955; x_wconf 89' lang='lat' dir='ltr'><strong>et</strong></span> <span class='ocrx_word' id='word_1_512' title='bbox 810 3899 982 3954; x_wconf 83' lang='lat' dir='ltr'><strong>fratre</strong></span> <span class='ocrx_word' id='word_1_513' title='bbox 1007 3900 1275 3955; x_wconf 85' lang='lat' dir='ltr'><strong>destituti.</strong></span> <span class='ocrx_word' id='word_1_514' title='bbox 1308 3898 1577 3970; x_wconf 80' lang='lat' dir='ltr'><strong>ingemuit</strong></span> <span class='ocrx_word' id='word_1_515' title='bbox 1607 3904 1836 3958; x_wconf 78' lang='lat' dir='ltr'><strong>fortasse</strong></span> <span class='ocrx_word' id='word_1_516' title='bbox 1868 3904 1950 3958; x_wconf 86' lang='lat' dir='ltr'><strong>sol</strong></span> <span class='ocrx_word' id='word_1_517' title='bbox 1976 3914 2031 3958; x_wconf 93' lang='lat' dir='ltr'><strong>et</strong></span> <span class='ocrx_word' id='word_1_518' title='bbox 2062 3905 2197 3974; x_wconf 82' lang='lat' dir='ltr'><strong>ipse,</strong></span> 
     </span>
    </p>
   </div>
   <div class='ocr_carea' id='block_1_75' title="bbox 614 3988 2202 4049">
    <p class='ocr_par' dir='ltr' id='par_1_75' title="bbox 614 3988 2202 4049">
     <span class='ocr_line' id='line_1_75' title="bbox 614 3988 2202 4049; baseline 0.003 -4"><span class='ocrx_word' id='word_1_519' title='bbox 614 3989 719 4045; x_wconf 83' lang='lat' dir='ltr'><strong>hoc</strong></span> <span class='ocrx_word' id='word_1_520' title='bbox 765 4004 1046 4046; x_wconf 88' lang='lat' dir='ltr'><strong>cernens:</strong></span> <span class='ocrx_word' id='word_1_521' title='bbox 1094 3988 1243 4044; x_wconf 80' lang='lat' dir='ltr'><strong>flevit</strong></span> <span class='ocrx_word' id='word_1_522' title='bbox 1266 3989 1397 4044; x_wconf 91' lang='lat' dir='ltr'><strong>luna</strong></span> <span class='ocrx_word' id='word_1_523' title='bbox 1419 4000 1677 4045; x_wconf 86' lang='lat' dir='ltr'><strong>eventum</strong></span> <span class='ocrx_word' id='word_1_524' title='bbox 1714 4013 1725 4047; x_wconf 90' lang='lat'><strong>:</strong></span> <span class='ocrx_word' id='word_1_525' title='bbox 1780 3993 2053 4049; x_wconf 87' lang='lat' dir='ltr'><strong>tristiores</strong></span> <span class='ocrx_word' id='word_1_526' title='bbox 2079 3993 2202 4049; x_wconf 79' lang='lat' dir='ltr'><strong>fue-</strong></span> 
     </span>
    </p>
   </div>
   <div class='ocr_carea' id='block_1_76' title="bbox 611 4083 2196 4155">
    <p class='ocr_par' dir='ltr' id='par_1_76' title="bbox 611 4083 2196 4155">
     <span class='ocr_line' id='line_1_76' title="bbox 611 4083 2196 4155; baseline 0.002 -16"><span class='ocrx_word' id='word_1_527' title='bbox 611 4092 746 4140; x_wconf 86' lang='lat' dir='ltr'><strong>runt</strong></span> <span class='ocrx_word' id='word_1_528' title='bbox 794 4083 1192 4147; x_wconf 44' lang='lat' dir='ltr'><strong>stellazyvelut</strong></span> <span class='ocrx_word' id='word_1_529' title='bbox 1239 4092 1583 4140; x_wconf 64' lang='lat' dir='ltr'><strong>maerentes:</strong></span> <span class='ocrx_word' id='word_1_530' title='bbox 1636 4083 1912 4155; x_wconf 86' lang='lat' dir='ltr'><strong>similique</strong></span> <span class='ocrx_word' id='word_1_531' title='bbox 1951 4088 2004 4141; x_wconf 89' lang='lat' dir='ltr'><strong>in</strong></span> <span class='ocrx_word' id='word_1_532' title='bbox 2049 4087 2196 4143; x_wconf 91' lang='lat' dir='ltr'><strong>luctu</strong></span> 
     </span>
    </p>
   </div>
   <div class='ocr_carea' id='block_1_77' title="bbox 614 4172 2196 4248">
    <p class='ocr_par' dir='ltr' id='par_1_77' title="bbox 614 4172 2196 4248">
     <span class='ocr_line' id='line_1_77' title="bbox 614 4172 2196 4248; baseline 0.003 -19"><span class='ocrx_word' id='word_1_533' title='bbox 614 4172 790 4230; x_wconf 86' lang='lat' dir='ltr'><strong>fuisse</strong></span> <span class='ocrx_word' id='word_1_534' title='bbox 838 4174 1072 4229; x_wconf 80' lang='lat' dir='ltr'><strong>dixerim</strong></span> <span class='ocrx_word' id='word_1_535' title='bbox 1106 4175 1319 4243; x_wconf 87' lang='lat' dir='ltr'><strong>singula</strong></span> <span class='ocrx_word' id='word_1_536' title='bbox 1367 4176 1658 4230; x_wconf 85' lang='lat' dir='ltr'><strong>elementa.</strong></span> <span class='ocrx_word' id='word_1_537' title='bbox 1691 4175 1837 4242; x_wconf 86' lang='lat' dir='ltr'><strong>Quid</strong></span> <span class='ocrx_word' id='word_1_538' title='bbox 1876 4179 2032 4248; x_wconf 83' lang='lat' dir='ltr'><strong>ergo?</strong></span> <span class='ocrx_word' id='word_1_539' title='bbox 2068 4196 2196 4235; x_wconf 89' lang='lat' dir='ltr'><strong>num</strong></span> 
     </span>
    </p>
   </div>
   <div class='ocr_carea' id='block_1_78' title="bbox 615 4265 2199 4337">
    <p class='ocr_par' dir='ltr' id='par_1_78' title="bbox 615 4265 2199 4337">
     <span class='ocr_line' id='line_1_78' title="bbox 615 4265 2199 4337; baseline 0.004 -17"><span class='ocrx_word' id='word_1_540' title='bbox 615 4270 671 4321; x_wconf 89' lang='lat' dir='ltr'><strong>in</strong></span> <span class='ocrx_word' id='word_1_541' title='bbox 707 4265 932 4321; x_wconf 86' lang='lat' dir='ltr'><strong>tristitia</strong></span> <span class='ocrx_word' id='word_1_542' title='bbox 975 4267 1704 4337; x_wconf 85' lang='lat' dir='ltr'><strong>persistemus,dolorisque</strong></span> <span class='ocrx_word' id='word_1_543' title='bbox 1748 4275 1893 4324; x_wconf 87' lang='lat' dir='ltr'><strong>nube</strong></span> <span class='ocrx_word' id='word_1_544' title='bbox 1939 4279 2199 4327; x_wconf 88' lang='lat' dir='ltr'><strong>contene-</strong></span> 
     </span>
    </p>
   </div>
   <div class='ocr_carea' id='block_1_79' title="bbox 613 4358 2197 4431">
    <p class='ocr_par' dir='ltr' id='par_1_79' title="bbox 613 4358 2197 4431">
     <span class='ocr_line' id='line_1_79' title="bbox 613 4358 2197 4431; baseline 0.005 -19"><span class='ocrx_word' id='word_1_545' title='bbox 613 4358 957 4424; x_wconf 86' lang='lat' dir='ltr'><strong>brescemus,</strong></span> <span class='ocrx_word' id='word_1_546' title='bbox 1005 4359 1147 4415; x_wconf 88' lang='lat' dir='ltr'><strong>sicut</strong></span> <span class='ocrx_word' id='word_1_547' title='bbox 1187 4361 1223 4414; x_wconf 90' lang='lat' dir='ltr'><strong>ii</strong></span> <span class='ocrx_word' id='word_1_548' title='bbox 1266 4362 1363 4431; x_wconf 92' lang='lat' dir='ltr'><strong>qui</strong></span> <span class='ocrx_word' id='word_1_549' title='bbox 1405 4360 1732 4431; x_wconf 83' lang='lat' dir='ltr'><strong>perierunt?</strong></span> <span class='ocrx_word' id='word_1_550' title='bbox 1774 4359 2000 4419; x_wconf 81' lang='lat' dir='ltr'><strong>Minime</strong></span> <span class='ocrx_word' id='word_1_551' title='bbox 2047 4380 2197 4431; x_wconf 82' lang='lat' dir='ltr'><strong>vero,</strong></span> 
     </span>
    </p>
   </div>
   <div class='ocr_carea' id='block_1_80' title="bbox 614 4454 2201 4527">
    <p class='ocr_par' dir='ltr' id='par_1_80' title="bbox 614 4454 2201 4527">
     <span class='ocr_line' id='line_1_80' title="bbox 614 4454 2201 4527; baseline 0.006 -21"><span class='ocrx_word' id='word_1_552' title='bbox 614 4466 773 4508; x_wconf 85' lang='lat' dir='ltr'><strong>soror</strong></span> <span class='ocrx_word' id='word_1_553' title='bbox 808 4454 862 4507; x_wconf 91' lang='lat' dir='ltr'><strong>in</strong></span> <span class='ocrx_word' id='word_1_554' title='bbox 896 4455 1151 4509; x_wconf 90' lang='lat' dir='ltr'><strong>Domino.</strong></span> <span class='ocrx_word' id='word_1_555' title='bbox 1184 4454 1292 4511; x_wconf 84' lang='lat' dir='ltr'><strong>Nec</strong></span> <span class='ocrx_word' id='word_1_556' title='bbox 1336 4456 1481 4511; x_wconf 88' lang='lat' dir='ltr'><strong>enim</strong></span> <span class='ocrx_word' id='word_1_557' title='bbox 1533 4458 1654 4511; x_wconf 85' lang='lat' dir='ltr'><strong>sine</strong></span> <span class='ocrx_word' id='word_1_558' title='bbox 1696 4457 2040 4527; x_wconf 89' lang='lat' dir='ltr'><strong>providentia</strong></span> <span class='ocrx_word' id='word_1_559' title='bbox 2072 4471 2201 4516; x_wconf 90' lang='lat' dir='ltr'><strong>sunt</strong></span> 
     </span>
    </p>
   </div>
   <div class='ocr_carea' id='block_1_81' title="bbox 615 4548 2197 4622">
    <p class='ocr_par' dir='ltr' id='par_1_81' title="bbox 615 4548 2197 4622">
     <span class='ocr_line' id='line_1_81' title="bbox 615 4548 2197 4622; baseline 0.005 -23"><span class='ocrx_word' id='word_1_560' title='bbox 615 4559 704 4600; x_wconf 86' lang='lat' dir='ltr'><strong>res</strong></span> <span class='ocrx_word' id='word_1_561' title='bbox 755 4558 976 4607; x_wconf 70' lang='lat' dir='ltr'><strong>nostrae.</strong></span> <span class='ocrx_word' id='word_1_562' title='bbox 1048 4562 1150 4601; x_wconf 89' lang='lat' dir='ltr'><strong>nec</strong></span> <span class='ocrx_word' id='word_1_563' title='bbox 1196 4548 1316 4603; x_wconf 88' lang='lat' dir='ltr'><strong>sine</strong></span> <span class='ocrx_word' id='word_1_564' title='bbox 1377 4564 1494 4619; x_wconf 90' lang='lat' dir='ltr'><strong>spe,</strong></span> <span class='ocrx_word' id='word_1_565' title='bbox 1550 4549 2010 4618; x_wconf 89' lang='lat' dir='ltr'><strong>quemadmodum</strong></span> <span class='ocrx_word' id='word_1_566' title='bbox 2056 4555 2197 4622; x_wconf 89' lang='lat' dir='ltr'><strong>apud</strong></span> 
     </span>
    </p>
   </div>
   <div class='ocr_carea' id='block_1_82' title="bbox 615 4639 2195 4711">
    <p class='ocr_par' dir='ltr' id='par_1_82' title="bbox 615 4639 2195 4711">
     <span class='ocr_line' id='line_1_82' title="bbox 615 4639 2195 4711; baseline 0.003 -18"><span class='ocrx_word' id='word_1_567' title='bbox 615 4648 804 4711; x_wconf 81' lang='lat' dir='ltr'><strong>gentes</strong></span> <span class='ocrx_word' id='word_1_568' title='bbox 852 4639 1126 4710; x_wconf 86' lang='lat' dir='ltr'><strong>mysteriis</strong></span> <span class='ocrx_word' id='word_1_569' title='bbox 1166 4655 1278 4693; x_wconf 90' lang='lat' dir='ltr'><strong>non</strong></span> <span class='ocrx_word' id='word_1_570' title='bbox 1333 4640 1618 4695; x_wconf 77' lang='lat' dir='ltr'><strong>initiatus:</strong></span> <span class='ocrx_word' id='word_1_571' title='bbox 1656 4641 1749 4695; x_wconf 89' lang='lat' dir='ltr'><strong>sed</strong></span> <span class='ocrx_word' id='word_1_572' title='bbox 1786 4650 1917 4696; x_wconf 89' lang='lat' dir='ltr'><strong>sunt</strong></span> <span class='ocrx_word' id='word_1_573' title='bbox 1943 4642 1997 4696; x_wconf 93' lang='lat' dir='ltr'><strong>in</strong></span> <span class='ocrx_word' id='word_1_574' title='bbox 2030 4659 2195 4699; x_wconf 88' lang='lat' dir='ltr'><strong>manu</strong></span> 
     </span>
    </p>
   </div>
   <div class='ocr_carea' id='block_1_83' title="bbox 617 4729 2198 4801">
    <p class='ocr_par' dir='ltr' id='par_1_83' title="bbox 617 4729 2198 4801">
     <span class='ocr_line' id='line_1_83' title="bbox 617 4729 2198 4801; baseline 0.004 -17"><span class='ocrx_word' id='word_1_575' title='bbox 617 4729 735 4795; x_wconf 84' lang='lat' dir='ltr'><strong>Dei,</strong></span> <span class='ocrx_word' id='word_1_576' title='bbox 779 4731 872 4801; x_wconf 88' lang='lat' dir='ltr'><strong>qui</strong></span> <span class='ocrx_word' id='word_1_577' title='bbox 922 4732 1106 4785; x_wconf 87' lang='lat' dir='ltr'><strong>omnia</strong></span> <span class='ocrx_word' id='word_1_578' title='bbox 1142 4732 1431 4796; x_wconf 75' lang='lat' dir='ltr'><strong>continet;</strong></span> <span class='ocrx_word' id='word_1_579' title='bbox 1466 4747 1499 4785; x_wconf 91' lang='lat' dir='ltr'><strong>a</strong></span> <span class='ocrx_word' id='word_1_580' title='bbox 1549 4746 1659 4801; x_wconf 92' lang='lat' dir='ltr'><strong>quo</strong></span> <span class='ocrx_word' id='word_1_581' title='bbox 1706 4732 1831 4787; x_wconf 88' lang='lat' dir='ltr'><strong>facti</strong></span> <span class='ocrx_word' id='word_1_582' title='bbox 1885 4749 2099 4801; x_wconf 89' lang='lat' dir='ltr'><strong>sumus,</strong></span> <span class='ocrx_word' id='word_1_583' title='bbox 2145 4747 2198 4791; x_wconf 89' lang='lat' dir='ltr'><strong>et</strong></span> 
     </span>
    </p>
   </div>
   <div class='ocr_carea' id='block_1_84' title="bbox 2304 3628 3887 3705">
    <p class='ocr_par' dir='ltr' id='par_1_84' title="bbox 2304 3628 3887 3705">
     <span class='ocr_line' id='line_1_84' title="bbox 2304 3628 3887 3705; baseline -0.005 -16"><span class='ocrx_word' id='word_1_584' title='bbox 2304 3651 2486 3705; x_wconf 81' lang='grc' dir='ltr'>κρυα;</span> <span class='ocrx_word' id='word_1_585' title='bbox 2514 3637 2615 3688; x_wconf 87' lang='grc' dir='ltr'><strong>οὐκ</strong></span> <span class='ocrx_word' id='word_1_586' title='bbox 2645 3636 2709 3689; x_wconf 86' lang='grc' dir='ltr'><strong>ἂν</strong></span> <span class='ocrx_word' id='word_1_587' title='bbox 2726 3635 3042 3705; x_wconf 65' lang='grc' dir='ltr'>ὠλοφύρατο</span> <span class='ocrx_word' id='word_1_588' title='bbox 3064 3632 3282 3703; x_wconf 81' lang='grc' dir='ltr'>θερμῶς</span> <span class='ocrx_word' id='word_1_589' title='bbox 3302 3628 3481 3695; x_wconf 72' lang='grc' dir='ltr'>ξὸπου</span> <span class='ocrx_word' id='word_1_590' title='bbox 3508 3647 3579 3698; x_wconf 84' lang='grc' dir='ltr'><strong>γε</strong></span> <span class='ocrx_word' id='word_1_591' title='bbox 3620 3630 3723 3684; x_wconf 75' lang='grc' dir='ltr'><strong>καὶ</strong></span> <span class='ocrx_word' id='word_1_592' title='bbox 3746 3630 3887 3701; x_wconf 72' lang='grc' dir='ltr'>ἡμῶν</span> 
     </span>
    </p>
   </div>
   <div class='ocr_carea' id='block_1_85' title="bbox 2302 3722 3884 3798">
    <p class='ocr_par' dir='ltr' id='par_1_85' title="bbox 2302 3722 3884 3798">
     <span class='ocr_line' id='line_1_85' title="bbox 2302 3722 3884 3798; baseline -0.004 -18"><span class='ocrx_word' id='word_1_593' title='bbox 2302 3727 2635 3798; x_wconf 66' lang='grc' dir='ltr'>πορρωτέρω</span> <span class='ocrx_word' id='word_1_594' title='bbox 2676 3726 3039 3795; x_wconf 83' lang='grc' dir='ltr'>διακειμένων</span> <span class='ocrx_word' id='word_1_595' title='bbox 3085 3724 3144 3789; x_wconf 76' lang='grc' dir='ltr'><strong>ἐξ</strong></span> <span class='ocrx_word' id='word_1_596' title='bbox 3196 3724 3369 3795; x_wconf 80' lang='grc' dir='ltr'>ἀκοῆς</span> <span class='ocrx_word' id='word_1_597' title='bbox 3421 3722 3595 3791; x_wconf 86' lang='grc' dir='ltr'>μόνον</span> <span class='ocrx_word' id='word_1_598' title='bbox 3629 3724 3809 3795; x_wconf 60' lang='grc' dir='ltr'>ἥψατο</span> <span class='ocrx_word' id='word_1_599' title='bbox 3836 3724 3884 3774; x_wconf 74' lang='grc' dir='ltr'>τὸ</span> 
     </span>
    </p>
   </div>
   <div class='ocr_carea' id='block_1_86' title="bbox 2302 3814 3883 3891">
    <p class='ocr_par' dir='ltr' id='par_1_86' title="bbox 2302 3814 3883 3891">
     <span class='ocr_line' id='line_1_86' title="bbox 2302 3814 3883 3891; baseline -0.003 -18"><span class='ocrx_word' id='word_1_600' title='bbox 2302 3815 2494 3883; x_wconf 81' lang='grc' dir='ltr'>πάθος,</span> <span class='ocrx_word' id='word_1_601' title='bbox 2546 3821 2638 3873; x_wconf 80' lang='grc' dir='ltr'><strong>καὶ</strong></span> <span class='ocrx_word' id='word_1_602' title='bbox 2691 3821 3067 3891; x_wconf 81' lang='grc' dir='ltr'>περιωδύνησε</span> <span class='ocrx_word' id='word_1_603' title='bbox 3125 3817 3225 3889; x_wconf 84' lang='grc' dir='ltr'>τὴν</span> <span class='ocrx_word' id='word_1_604' title='bbox 3276 3816 3512 3888; x_wconf 84' lang='grc' dir='ltr'>καρδίαν</span> <span class='ocrx_word' id='word_1_605' title='bbox 3560 3814 3883 3888; x_wconf 60' lang='grc' dir='ltr'>σφόδριὊ</span> 
     </span>
    </p>
   </div>
   <div class='ocr_carea' id='block_1_87' title="bbox 2301 3908 3883 3984">
    <p class='ocr_par' dir='ltr' id='par_1_87' title="bbox 2301 3908 3883 3984">
     <span class='ocr_line' id='line_1_87' title="bbox 2301 3908 3883 3984; baseline -0.005 -19"><span class='ocrx_word' id='word_1_606' title='bbox 2301 3911 2563 3981; x_wconf 80' lang='grc' dir='ltr'>ἀγγελίας</span> <span class='ocrx_word' id='word_1_607' title='bbox 2614 3912 2822 3984; x_wconf 80' lang='grc' dir='ltr'>πικρᾶς</span> <span class='ocrx_word' id='word_1_608' title='bbox 2849 3912 2861 3964; x_wconf 90' lang='lat'>!</span> <span class='ocrx_word' id='word_1_609' title='bbox 2890 3910 2937 3965; x_wconf 84' lang='grc' dir='ltr'>ὢ</span> <span class='ocrx_word' id='word_1_610' title='bbox 2991 3908 3410 3980; x_wconf 84' lang='grc' dir='ltr'>συναντήματος</span> <span class='ocrx_word' id='word_1_611' title='bbox 3450 3909 3796 3982; x_wconf 74' lang='grc' dir='ltr'>όδυρτικοῦί</span> <span class='ocrx_word' id='word_1_612' title='bbox 3841 3908 3883 3959; x_wconf 79' lang='grc' dir='ltr'><strong>τί</strong></span> 
     </span>
    </p>
   </div>
   <div class='ocr_carea' id='block_1_88' title="bbox 2300 4000 3882 4077">
    <p class='ocr_par' dir='ltr' id='par_1_88' title="bbox 2300 4000 3882 4077">
     <span class='ocr_line' id='line_1_88' title="bbox 2300 4000 3882 4077; baseline -0.004 -17"><span class='ocrx_word' id='word_1_613' title='bbox 2300 4002 2465 4077; x_wconf 77' lang='grc' dir='ltr'>ἦμεν,</span> <span class='ocrx_word' id='word_1_614' title='bbox 2495 4004 2589 4058; x_wconf 73' lang='grc' dir='ltr'><strong>καὶ</strong></span> <span class='ocrx_word' id='word_1_615' title='bbox 2613 4004 2666 4058; x_wconf 88' lang='grc' dir='ltr'><strong>τί</strong></span> <span class='ocrx_word' id='word_1_616' title='bbox 2710 4002 3055 4074; x_wconf 76' lang='grc' dir='ltr'>ὲγενόμεθας</span> <span class='ocrx_word' id='word_1_617' title='bbox 3088 4000 3355 4072; x_wconf 76' lang='grc' dir='ltr'>ἐξαπίνης</span> <span class='ocrx_word' id='word_1_618' title='bbox 3403 4002 3670 4072; x_wconf 77' lang='grc' dir='ltr'>ὀρφανοὶ,</span> <span class='ocrx_word' id='word_1_619' title='bbox 3729 4004 3882 4072; x_wconf 80' lang='grc' dir='ltr'>ὲρημ·</span> 
     </span>
    </p>
   </div>
   <div class='ocr_carea' id='block_1_89' title="bbox 2302 4094 3880 4169">
    <p class='ocr_par' dir='ltr' id='par_1_89' title="bbox 2302 4094 3880 4169">
     <span class='ocr_line' id='line_1_89' title="bbox 2302 4094 3880 4169; baseline -0.007 -16"><span class='ocrx_word' id='word_1_620' title='bbox 2302 4099 2545 4169; x_wconf 82' lang='grc' dir='ltr'>άδελφοι.</span> <span class='ocrx_word' id='word_1_621' title='bbox 2582 4094 2735 4167; x_wconf 76' lang='grc' dir='ltr'>Τάχα</span> <span class='ocrx_word' id='word_1_622' title='bbox 2776 4094 3062 4162; x_wconf 71' lang='grc' dir='ltr'>ἐστέναξεν</span> <span class='ocrx_word' id='word_1_623' title='bbox 3085 4095 3227 4167; x_wconf 83' lang='grc' dir='ltr'>ὁρῶν</span> <span class='ocrx_word' id='word_1_624' title='bbox 3256 4096 3353 4149; x_wconf 78' lang='grc' dir='ltr'><strong>καὶ</strong></span> <span class='ocrx_word' id='word_1_625' title='bbox 3378 4096 3406 4148; x_wconf 81' lang='grc' dir='ltr'>ὁ</span> <span class='ocrx_word' id='word_1_626' title='bbox 3435 4095 3599 4164; x_wconf 82' lang='grc' dir='ltr'>ἥλιος</span> <span class='ocrx_word' id='word_1_627' title='bbox 3650 4094 3714 4147; x_wconf 77' lang='grc' dir='ltr'>τὸ</span> <span class='ocrx_word' id='word_1_628' title='bbox 3744 4095 3880 4161; x_wconf 65' lang='grc' dir='ltr'>γει-ὁ-</span> 
     </span>
    </p>
   </div>
   <div class='ocr_carea' id='block_1_90' title="bbox 2304 4185 3881 4265">
    <p class='ocr_par' dir='ltr' id='par_1_90' title="bbox 2304 4185 3881 4265">
     <span class='ocr_line' id='line_1_90' title="bbox 2304 4185 3881 4265; baseline -0.005 -20"><span class='ocrx_word' id='word_1_629' title='bbox 2304 4210 2464 4265; x_wconf 89' lang='grc' dir='ltr'>μενον</span> <span class='ocrx_word' id='word_1_630' title='bbox 2491 4209 2504 4223; x_wconf 91' lang='grc'><strong>·</strong></span> <span class='ocrx_word' id='word_1_631' title='bbox 2538 4192 2807 4263; x_wconf 74' lang='grc' dir='ltr'>ἐδάκρυσε</span> <span class='ocrx_word' id='word_1_632' title='bbox 2832 4190 2889 4245; x_wconf 84' lang='grc' dir='ltr'>δὲ</span> <span class='ocrx_word' id='word_1_633' title='bbox 2932 4191 3130 4260; x_wconf 77' lang='grc' dir='ltr'>σελήνη</span> <span class='ocrx_word' id='word_1_634' title='bbox 3159 4187 3230 4240; x_wconf 83' lang='grc' dir='ltr'>τὰ</span> <span class='ocrx_word' id='word_1_635' title='bbox 3269 4186 3571 4256; x_wconf 80' lang='grc' dir='ltr'>φθάσαντα</span> <span class='ocrx_word' id='word_1_636' title='bbox 3592 4202 3607 4215; x_wconf 74' lang='grc'><strong>⁸</strong></span> <span class='ocrx_word' id='word_1_637' title='bbox 3633 4185 3881 4252; x_wconf 80' lang='grc' dir='ltr'>ὲστύγνα·</span> 
     </span>
    </p>
   </div>
   <div class='ocr_carea' id='block_1_91' title="bbox 2303 4274 3880 4356">
    <p class='ocr_par' dir='ltr' id='par_1_91' title="bbox 2303 4274 3880 4356">
     <span class='ocr_line' id='line_1_91' title="bbox 2303 4274 3880 4356; baseline -0.006 -18"><span class='ocrx_word' id='word_1_638' title='bbox 2303 4302 2404 4339; x_wconf 90' lang='grc' dir='ltr'><strong>σαν</strong></span> <span class='ocrx_word' id='word_1_639' title='bbox 2433 4285 2489 4338; x_wconf 85' lang='grc' dir='ltr'>δὲ</span> <span class='ocrx_word' id='word_1_640' title='bbox 2524 4286 2773 4356; x_wconf 86' lang='grc' dir='ltr'>ἀστέρες,</span> <span class='ocrx_word' id='word_1_641' title='bbox 2804 4284 2879 4347; x_wconf 86' lang='grc' dir='ltr'>ὡς</span> <span class='ocrx_word' id='word_1_642' title='bbox 2912 4280 3268 4351; x_wconf 82' lang='grc' dir='ltr'>λυπούμενοι,</span> <span class='ocrx_word' id='word_1_643' title='bbox 3301 4279 3386 4331; x_wconf 84' lang='grc' dir='ltr'><strong>ὅτι</strong></span> <span class='ocrx_word' id='word_1_644' title='bbox 3419 4274 3515 4331; x_wconf 74' lang='grc' dir='ltr'><strong>οὖν</strong></span> <span class='ocrx_word' id='word_1_645' title='bbox 3556 4278 3740 4331; x_wconf 78' lang='grc' dir='ltr'>εἰπεῖν</span> <span class='ocrx_word' id='word_1_646' title='bbox 3772 4276 3880 4331; x_wconf 65' lang='lat'><strong>63.10</strong></span> 
     </span>
    </p>
   </div>
   <div class='ocr_carea' id='block_1_92' title="bbox 2301 4365 3880 4448">
    <p class='ocr_par' dir='ltr' id='par_1_92' title="bbox 2301 4365 3880 4448">
     <span class='ocr_line' id='line_1_92' title="bbox 2301 4365 3880 4448; baseline -0.006 -17"><span class='ocrx_word' id='word_1_647' title='bbox 2301 4378 2408 4431; x_wconf 82' lang='grc' dir='ltr'>τῶν</span> <span class='ocrx_word' id='word_1_648' title='bbox 2439 4377 2715 4448; x_wconf 84' lang='grc' dir='ltr'>στοιχείων</span> <span class='ocrx_word' id='word_1_649' title='bbox 2752 4375 3019 4437; x_wconf 86' lang='grc' dir='ltr'>πεπονθὸς</span> <span class='ocrx_word' id='word_1_650' title='bbox 3046 4372 3115 4425; x_wconf 82' lang='grc' dir='ltr'><strong>τά</strong></span> <span class='ocrx_word' id='word_1_651' title='bbox 3143 4372 3330 4441; x_wconf 78' lang='grc' dir='ltr'>ὅμοια.</span> <span class='ocrx_word' id='word_1_652' title='bbox 3368 4370 3437 4421; x_wconf 89' lang='grc' dir='ltr'><strong>Τί</strong></span> <span class='ocrx_word' id='word_1_653' title='bbox 3471 4365 3571 4423; x_wconf 78' lang='grc' dir='ltr'><strong>οὖν</strong></span> <span class='ocrx_word' id='word_1_654' title='bbox 3605 4371 3880 4440; x_wconf 80' lang='grc' dir='ltr'>ὲπιμείνω-</span> 
     </span>
    </p>
   </div>
   <div class='ocr_carea' id='block_1_93' title="bbox 2305 4458 3879 4539">
    <p class='ocr_par' dir='ltr' id='par_1_93' title="bbox 2305 4458 3879 4539">
     <span class='ocr_line' id='line_1_93' title="bbox 2305 4458 3879 4539; baseline -0.008 -16"><span class='ocrx_word' id='word_1_655' title='bbox 2305 4487 2403 4539; x_wconf 91' lang='grc' dir='ltr'><strong>μεν</strong></span> <span class='ocrx_word' id='word_1_656' title='bbox 2436 4458 2546 4533; x_wconf 84' lang='grc' dir='ltr'>τοῖς</span> <span class='ocrx_word' id='word_1_657' title='bbox 2579 4469 2843 4538; x_wconf 86' lang='grc' dir='ltr'>λυπηροῖς</span> <span class='ocrx_word' id='word_1_658' title='bbox 2870 4482 2883 4530; x_wconf 89' lang='lat'>;</span> <span class='ocrx_word' id='word_1_659' title='bbox 2918 4462 3351 4531; x_wconf 80' lang='grc' dir='ltr'>συσκοτάσωμεν</span> <span class='ocrx_word' id='word_1_660' title='bbox 3382 4460 3467 4532; x_wconf 83' lang='grc' dir='ltr'>τῷ</span> <span class='ocrx_word' id='word_1_661' title='bbox 3485 4462 3646 4531; x_wconf 76' lang='grc' dir='ltr'>νέφει</span> <span class='ocrx_word' id='word_1_662' title='bbox 3686 4463 3784 4533; x_wconf 82' lang='grc' dir='ltr'><strong>τῆς</strong></span> <span class='ocrx_word' id='word_1_663' title='bbox 3806 4461 3879 4512; x_wconf 62' lang='grc' dir='ltr'>λύε</span> 
     </span>
    </p>
   </div>
   <div class='ocr_carea' id='block_1_94' title="bbox 2301 4552 3878 4631">
    <p class='ocr_par' dir='ltr' id='par_1_94' title="bbox 2301 4552 3878 4631">
     <span class='ocr_line' id='line_1_94' title="bbox 2301 4552 3878 4631; baseline -0.005 -17"><span class='ocrx_word' id='word_1_664' title='bbox 2301 4579 2430 4631; x_wconf 89' lang='grc' dir='ltr'>πης,</span> <span class='ocrx_word' id='word_1_665' title='bbox 2458 4562 2549 4614; x_wconf 73' lang='grc' dir='ltr'>καὶ</span> <span class='ocrx_word' id='word_1_666' title='bbox 2570 4558 2859 4629; x_wconf 85' lang='grc' dir='ltr'>γενώμεθα</span> <span class='ocrx_word' id='word_1_667' title='bbox 2891 4558 2966 4618; x_wconf 87' lang='grc' dir='ltr'>ὼς</span> <span class='ocrx_word' id='word_1_668' title='bbox 2998 4557 3046 4609; x_wconf 74' lang='lat' dir='ltr'><strong>oi</strong></span> <span class='ocrx_word' id='word_1_669' title='bbox 3086 4552 3507 4617; x_wconf 79' lang='grc' dir='ltr'>ἀπολωλεκότες</span> <span class='ocrx_word' id='word_1_670' title='bbox 3544 4572 3563 4621; x_wconf 86' lang='grc'>;</span> <span class='ocrx_word' id='word_1_671' title='bbox 3598 4556 3878 4624; x_wconf 74' lang='grc' dir='ltr'>Οὖμενουν,</span> 
     </span>
    </p>
   </div>
   <div class='ocr_carea' id='block_1_95' title="bbox 2299 4646 3876 4723">
    <p class='ocr_par' dir='ltr' id='par_1_95' title="bbox 2299 4646 3876 4723">
     <span class='ocr_line' id='line_1_95' title="bbox 2299 4646 3876 4723; baseline -0.006 -16"><span class='ocrx_word' id='word_1_672' title='bbox 2299 4652 2505 4723; x_wconf 83' lang='grc' dir='ltr'>ἀδελφὴ</span> <span class='ocrx_word' id='word_1_673' title='bbox 2535 4655 2589 4704; x_wconf 78' lang='grc' dir='ltr'>ὲν</span> <span class='ocrx_word' id='word_1_674' title='bbox 2615 4652 2823 4721; x_wconf 86' lang='grc' dir='ltr'>Κυρίῳ.</span> <span class='ocrx_word' id='word_1_675' title='bbox 2861 4651 2935 4703; x_wconf 84' lang='grc' dir='ltr'><strong>Οὐ</strong></span> <span class='ocrx_word' id='word_1_676' title='bbox 2988 4647 3097 4717; x_wconf 85' lang='grc' dir='ltr'>γὰρ</span> <span class='ocrx_word' id='word_1_677' title='bbox 3127 4646 3450 4717; x_wconf 81' lang='grc' dir='ltr'>ἀπρονόητα</span> <span class='ocrx_word' id='word_1_678' title='bbox 3484 4646 3555 4699; x_wconf 70' lang='grc' dir='ltr'>τὰ</span> <span class='ocrx_word' id='word_1_679' title='bbox 3604 4646 3842 4716; x_wconf 76' lang='grc' dir='ltr'>ἡμέτερα</span> <span class='ocrx_word' id='word_1_680' title='bbox 3864 4658 3876 4673; x_wconf 79' lang='grc'><strong>⁸</strong></span> 
     </span>
    </p>
   </div>
   <div class='ocr_carea' id='block_1_96' title="bbox 2298 4737 3880 4815">
    <p class='ocr_par' dir='ltr' id='par_1_96' title="bbox 2298 4737 3880 4815">
     <span class='ocr_line' id='line_1_96' title="bbox 2298 4737 3880 4815; baseline -0.008 -17"><span class='ocrx_word' id='word_1_681' title='bbox 2298 4746 2421 4798; x_wconf 79' lang='grc' dir='ltr'>οὐδὲ</span> <span class='ocrx_word' id='word_1_682' title='bbox 2450 4744 2767 4805; x_wconf 81' lang='grc' dir='ltr'>ἀνέλπιστα,</span> <span class='ocrx_word' id='word_1_683' title='bbox 2800 4740 2942 4795; x_wconf 85' lang='grc' dir='ltr'><strong>κατά</strong></span> <span class='ocrx_word' id='word_1_684' title='bbox 2974 4740 3041 4792; x_wconf 88' lang='grc' dir='ltr'>τὰ</span> <span class='ocrx_word' id='word_1_685' title='bbox 3087 4737 3216 4807; x_wconf 75' lang='grc' dir='ltr'>ἔθνη</span> <span class='ocrx_word' id='word_1_686' title='bbox 3263 4737 3335 4790; x_wconf 82' lang='grc' dir='ltr'>τὰ</span> <span class='ocrx_word' id='word_1_687' title='bbox 3383 4737 3621 4815; x_wconf 18' lang='grc' dir='ltr'>ἀίμύητα</span> <span class='ocrx_word' id='word_1_688' title='bbox 3648 4754 3662 4768; x_wconf 90' lang='grc'><strong>·</strong></span> <span class='ocrx_word' id='word_1_689' title='bbox 3697 4738 3809 4791; x_wconf 70' lang='grc' dir='ltr'>ἀλλ’</span> <span class='ocrx_word' id='word_1_690' title='bbox 3833 4738 3880 4787; x_wconf 79' lang='grc' dir='ltr'>ἐν</span> 
     </span>
    </p>
   </div>
   <div class='ocr_carea' id='block_1_97' title="bbox 618 4820 2194 4929">
    <p class='ocr_par' dir='ltr' id='par_1_97' title="bbox 618 4823 2193 4895">
     <span class='ocr_line' id='line_1_97' title="bbox 618 4823 2193 4895; baseline 0.003 -19"><span class='ocrx_word' id='word_1_691' title='bbox 618 4836 743 4884; x_wconf 88' lang='lat' dir='ltr'><strong>nos,</strong></span> <span class='ocrx_word' id='word_1_692' title='bbox 777 4834 831 4876; x_wconf 86' lang='lat' dir='ltr'><strong>et</strong></span> <span class='ocrx_word' id='word_1_693' title='bbox 860 4823 952 4891; x_wconf 90' lang='lat' dir='ltr'><strong>qui</strong></span> <span class='ocrx_word' id='word_1_694' title='bbox 982 4836 1083 4876; x_wconf 91' lang='lat' dir='ltr'><strong>nos</strong></span> <span class='ocrx_word' id='word_1_695' title='bbox 1106 4832 1412 4892; x_wconf 85' lang='lat' dir='ltr'><strong>genuerunt</strong></span> <span class='ocrx_word' id='word_1_696' title='bbox 1444 4823 1647 4893; x_wconf 30' lang='lat' dir='ltr'><strong>;.cujus</strong></span> <span class='ocrx_word' id='word_1_697' title='bbox 1680 4837 1904 4879; x_wconf 90' lang='lat' dir='ltr'><strong>munere</strong></span> <span class='ocrx_word' id='word_1_698' title='bbox 1926 4836 1980 4880; x_wconf 89' lang='lat' dir='ltr'><strong>et</strong></span> <span class='ocrx_word' id='word_1_699' title='bbox 2011 4827 2193 4895; x_wconf 83' lang='lat' dir='ltr'><strong>spira-</strong></span> 
     </span>
    </p>
   </div>
   <div class='ocr_carea' id='block_1_98' title="bbox 2299 4820 3881 4929">
    <p class='ocr_par' dir='ltr' id='par_1_98' title="bbox 2301 4820 3881 4907">
     <span class='ocr_line' id='line_1_98' title="bbox 2301 4820 3881 4907; baseline -0.007 -18"><span class='ocrx_word' id='word_1_700' title='bbox 2301 4833 2627 4907; x_wconf 64' lang='lat' dir='ltr'><strong>xspclﬂaoﬁ</strong></span> <span class='ocrx_word' id='word_1_701' title='bbox 2669 4832 2762 4886; x_wconf 82' lang='grc' dir='ltr'>τοῦ</span> <span class='ocrx_word' id='word_1_702' title='bbox 2804 4832 2874 4885; x_wconf 79' lang='grc' dir='ltr'><strong>τὰ</strong></span> <span class='ocrx_word' id='word_1_703' title='bbox 2921 4830 3098 4883; x_wconf 83' lang='grc' dir='ltr'>πάντα</span> <span class='ocrx_word' id='word_1_704' title='bbox 3150 4827 3512 4898; x_wconf 81' lang='grc' dir='ltr'>συνέχοντος·</span> <span class='ocrx_word' id='word_1_705' title='bbox 3542 4828 3681 4899; x_wconf 76' lang='grc' dir='ltr'>παρ’</span> <span class='ocrx_word' id='word_1_706' title='bbox 3721 4820 3781 4881; x_wconf 72' lang='grc' dir='ltr'>οὗ</span> <span class='ocrx_word' id='word_1_707' title='bbox 3804 4826 3881 4880; x_wconf 69' lang='grc' dir='ltr'>καὶ</span> 
     </span>
    </p>
   </div>
   <div class='ocr_carea' id='block_1_99' title="bbox 620 4906 2196 4987">
    <p class='ocr_par' dir='ltr' id='par_1_99' title="bbox 620 4906 2196 4987">
     <span class='ocr_line' id='line_1_99' title="bbox 620 4906 2196 4987; baseline 0.005 -20"><span class='ocrx_word' id='word_1_708' title='bbox 620 4929 744 4969; x_wconf 89' lang='lat' dir='ltr'><strong>mus</strong></span> <span class='ocrx_word' id='word_1_709' title='bbox 771 4924 826 4967; x_wconf 92' lang='lat' dir='ltr'><strong>et</strong></span> <span class='ocrx_word' id='word_1_710' title='bbox 862 4915 1097 4969; x_wconf 86' lang='lat' dir='ltr'><strong>vivimus</strong></span> <span class='ocrx_word' id='word_1_711' title='bbox 1123 4932 1138 4981; x_wconf 92' lang='lat'><strong>;</strong></span> <span class='ocrx_word' id='word_1_712' title='bbox 1164 4906 1321 4984; x_wconf 86' lang='lat' dir='ltr'><strong>aquo</strong></span> <span class='ocrx_word' id='word_1_713' title='bbox 1344 4915 1470 4969; x_wconf 88' lang='lat' dir='ltr'><strong>item</strong></span> <span class='ocrx_word' id='word_1_714' title='bbox 1505 4916 1569 4969; x_wconf 82' lang='lat' dir='ltr'><strong>ad</strong></span> <span class='ocrx_word' id='word_1_715' title='bbox 1603 4915 1766 4980; x_wconf 84' lang='lat' dir='ltr'><strong>hanc,</strong></span> <span class='ocrx_word' id='word_1_716' title='bbox 1794 4933 1916 4987; x_wconf 62' lang='lat' dir='ltr'><strong>qum</strong></span> <span class='ocrx_word' id='word_1_717' title='bbox 1947 4921 2196 4976; x_wconf 83' lang='lat' dir='ltr'><strong>onmium</strong></span> 
     </span>
    </p>
   </div>
   <div class='ocr_carea' id='block_1_100' title="bbox 621 4997 2195 5078">
    <p class='ocr_par' dir='ltr' id='par_1_100' title="bbox 621 4997 2195 5078">
     <span class='ocr_line' id='line_1_100' title="bbox 621 4997 2195 5078; baseline 0.005 -18"><span class='ocrx_word' id='word_1_718' title='bbox 621 5006 859 5061; x_wconf 75' lang='lat' dir='ltr'><strong>maxima</strong></span> <span class='ocrx_word' id='word_1_719' title='bbox 910 5016 994 5062; x_wconf 88' lang='lat' dir='ltr'><strong>est</strong></span> <span class='ocrx_word' id='word_1_720' title='bbox 1043 5006 1304 5077; x_wconf 87' lang='lat' dir='ltr'><strong>dignitas,</strong></span> <span class='ocrx_word' id='word_1_721' title='bbox 1390 4997 1755 5077; x_wconf 52' lang='lat' dir='ltr'><strong>virginitatis&#39;</strong></span> <span class='ocrx_word' id='word_1_722' title='bbox 1798 5009 2195 5078; x_wconf 90' lang='lat' dir='ltr'><strong>professionem</strong></span> 
     </span>
    </p>
   </div>
   <div class='ocr_carea' id='block_1_101' title="bbox 620 5098 2195 5168">
    <p class='ocr_par' dir='ltr' id='par_1_101' title="bbox 620 5098 2195 5168">
     <span class='ocr_line' id='line_1_101' title="bbox 620 5098 2195 5168; baseline 0.006 -15"><span class='ocrx_word' id='word_1_723' title='bbox 620 5108 804 5154; x_wconf 74' lang='lat' dir='ltr'><strong>evecta</strong></span> <span class='ocrx_word' id='word_1_724' title='bbox 840 5115 921 5159; x_wconf 85' lang='lat' dir='ltr'><strong>es.</strong></span> <span class='ocrx_word' id='word_1_725' title='bbox 976 5098 1296 5154; x_wconf 79' lang='lat' dir='ltr'><strong>Planximns</strong></span> <span class='ocrx_word' id='word_1_726' title='bbox 1338 5110 1605 5168; x_wconf 90' lang='lat' dir='ltr'><strong>quantum</strong></span> <span class='ocrx_word' id='word_1_727' title='bbox 1655 5102 1789 5155; x_wconf 90' lang='lat' dir='ltr'><strong>satis</strong></span> <span class='ocrx_word' id='word_1_728' title='bbox 1840 5114 1959 5157; x_wconf 88' lang='lat' dir='ltr'><strong>erat</strong></span> <span class='ocrx_word' id='word_1_729' title='bbox 2010 5104 2195 5163; x_wconf 81' lang='lat' dir='ltr'><strong>fratris</strong></span> 
     </span>
    </p>
   </div>
   <div class='ocr_carea' id='block_1_102' title="bbox 621 5191 2198 5263">
    <p class='ocr_par' dir='ltr' id='par_1_102' title="bbox 621 5191 2198 5263">
     <span class='ocr_line' id='line_1_102' title="bbox 621 5191 2198 5263; baseline 0.006 -18"><span class='ocrx_word' id='word_1_730' title='bbox 621 5207 831 5247; x_wconf 85' lang='lat' dir='ltr'><strong>necem.</strong></span> <span class='ocrx_word' id='word_1_731' title='bbox 873 5191 1030 5247; x_wconf 82' lang='lat' dir='ltr'><strong>Nunc</strong></span> <span class='ocrx_word' id='word_1_732' title='bbox 1063 5202 1275 5263; x_wconf 91' lang='lat' dir='ltr'><strong>tempus</strong></span> <span class='ocrx_word' id='word_1_733' title='bbox 1304 5201 1387 5246; x_wconf 88' lang='lat' dir='ltr'><strong>est</strong></span> <span class='ocrx_word' id='word_1_734' title='bbox 1425 5192 1845 5260; x_wconf 84' lang='lat' dir='ltr'><strong>consolationis,</strong></span> <span class='ocrx_word' id='word_1_735' title='bbox 1884 5212 2032 5251; x_wconf 90' lang='lat' dir='ltr'><strong>nunc</strong></span> <span class='ocrx_word' id='word_1_736' title='bbox 2081 5197 2198 5255; x_wconf 91' lang='lat' dir='ltr'><strong>dies</strong></span> 
     </span>
    </p>
   </div>
   <div class='ocr_carea' id='block_1_103' title="bbox 622 5284 2194 5358">
    <p class='ocr_par' dir='ltr' id='par_1_103' title="bbox 622 5284 2194 5358">
     <span class='ocr_line' id='line_1_103' title="bbox 622 5284 2194 5358; baseline 0.004 -20"><span class='ocrx_word' id='word_1_737' title='bbox 622 5287 919 5355; x_wconf 76' lang='lat' dir='ltr'><strong>gratiarum</strong></span> <span class='ocrx_word' id='word_1_738' title='bbox 976 5286 1234 5341; x_wconf 85' lang='lat' dir='ltr'><strong>actionis.</strong></span> <span class='ocrx_word' id='word_1_739' title='bbox 1302 5284 1644 5354; x_wconf 82' lang='lat' dir='ltr'><strong>Depnnamus</strong></span> <span class='ocrx_word' id='word_1_740' title='bbox 1716 5300 1846 5357; x_wconf 87' lang='lat' dir='ltr'><strong>ergo</strong></span> <span class='ocrx_word' id='word_1_741' title='bbox 1908 5288 2194 5358; x_wconf 81' lang='lat' dir='ltr'><strong>lngubrem</strong></span> 
     </span>
    </p>
   </div>
   <div class='ocr_carea' id='block_1_104' title="bbox 598 5378 2203 5448">
    <p class='ocr_par' dir='ltr' id='par_1_104' title="bbox 598 5378 2203 5448">
     <span class='ocr_line' id='line_1_104' title="bbox 598 5378 2203 5448; baseline 0.002 -16"><span class='ocrx_word' id='word_1_742' title='bbox 598 5378 892 5441; x_wconf 35' lang='lat' dir='ltr'><strong>‘habitum,</strong></span> <span class='ocrx_word' id='word_1_743' title='bbox 922 5378 1171 5448; x_wconf 81' lang='lat' dir='ltr'><strong>etmagni</strong></span> <span class='ocrx_word' id='word_1_744' title='bbox 1204 5379 1373 5431; x_wconf 90' lang='lat' dir='ltr'><strong>animi</strong></span> <span class='ocrx_word' id='word_1_745' title='bbox 1398 5393 1547 5431; x_wconf 85' lang='lat' dir='ltr'><strong>arma</strong></span> <span class='ocrx_word' id='word_1_746' title='bbox 1579 5379 1894 5433; x_wconf 88' lang='lat' dir='ltr'><strong>induamus.</strong></span> <span class='ocrx_word' id='word_1_747' title='bbox 1929 5378 2203 5436; x_wconf 70' lang='lat' dir='ltr'><strong>Praemisi-</strong></span> 
     </span>
    </p>
   </div>
   <div class='ocr_carea' id='block_1_105' title="bbox 622 5455 2200 5546">
    <p class='ocr_par' dir='ltr' id='par_1_105' title="bbox 622 5455 2200 5546">
     <span class='ocr_line' id='line_1_105' title="bbox 622 5455 2200 5546; baseline 0.006 -22"><span class='ocrx_word' id='word_1_748' title='bbox 622 5486 747 5525; x_wconf 87' lang='lat' dir='ltr'><strong>mus</strong></span> <span class='ocrx_word' id='word_1_749' title='bbox 776 5455 1030 5538; x_wconf 74' lang='lat' dir='ltr'><strong>fratrem,</strong></span> <span class='ocrx_word' id='word_1_750' title='bbox 1058 5472 1113 5527; x_wconf 85' lang='lat' dir='ltr'><strong>et</strong></span> <span class='ocrx_word' id='word_1_751' title='bbox 1155 5470 1350 5537; x_wconf 87' lang='lat' dir='ltr'><strong>forma,</strong></span> <span class='ocrx_word' id='word_1_752' title='bbox 1379 5481 1433 5525; x_wconf 90' lang='lat' dir='ltr'><strong>et</strong></span> <span class='ocrx_word' id='word_1_753' title='bbox 1465 5483 1663 5539; x_wconf 86' lang='lat' dir='ltr'><strong>mente,</strong></span> <span class='ocrx_word' id='word_1_754' title='bbox 1701 5481 1754 5526; x_wconf 90' lang='lat' dir='ltr'><strong>et</strong></span> <span class='ocrx_word' id='word_1_755' title='bbox 1798 5473 1902 5530; x_wconf 66' lang='lat' dir='ltr'><strong>title</strong></span> <span class='ocrx_word' id='word_1_756' title='bbox 1940 5485 2200 5546; x_wconf 68' lang='lat' dir='ltr'><strong>prazstan-</strong></span> 
     </span>
    </p>
   </div>
   <div class='ocr_carea' id='block_1_106' title="bbox 689 5583 1725 5651">
    <p class='ocr_par' dir='ltr' id='par_1_106' title="bbox 689 5583 1725 5651">
     <span class='ocr_line' id='line_1_106' title="bbox 689 5583 1725 5651; baseline 0 -13"><span class='ocrx_word' id='word_1_757' title='bbox 689 5586 735 5620; x_wconf 75' lang='grc' dir='ltr'>θ’</span> <span class='ocrx_word' id='word_1_758' title='bbox 767 5585 925 5642; x_wconf 72' lang='lat' dir='ltr'><strong>Ruit).</strong></span> <span class='ocrx_word' id='word_1_759' title='bbox 971 5583 1147 5650; x_wconf 62' lang='lat' dir='ltr'><strong>v.20.</strong></span> <span class='ocrx_word' id='word_1_760' title='bbox 1226 5585 1241 5615; x_wconf 72' lang='grc' dir='ltr'><strong>ί</strong></span> <span class='ocrx_word' id='word_1_761' title='bbox 1273 5583 1318 5637; x_wconf 87' lang='grc' dir='ltr'><strong>ΙΙ</strong></span> <span class='ocrx_word' id='word_1_762' title='bbox 1370 5583 1511 5639; x_wconf 87' lang='lat' dir='ltr'><strong>Tim.</strong></span> <span class='ocrx_word' id='word_1_763' title='bbox 1558 5601 1631 5651; x_wconf 81' lang='lat' dir='ltr'><strong>tv,</strong></span> <span class='ocrx_word' id='word_1_764' title='bbox 1672 5586 1725 5638; x_wconf 89' lang='lat'><strong>7.</strong></span> 
     </span>
    </p>
   </div>
   <div class='ocr_carea' id='block_1_107' title="bbox 2307 4919 3881 4996">
    <p class='ocr_par' dir='ltr' id='par_1_107' title="bbox 2307 4919 3881 4996">
     <span class='ocr_line' id='line_1_107' title="bbox 2307 4919 3881 4996; baseline -0.022 -15"><span class='ocrx_word' id='word_1_765' title='bbox 2307 4927 2610 4996; x_wconf 84' lang='grc' dir='ltr'>γεγόναμεν</span> <span class='ocrx_word' id='word_1_766' title='bbox 2638 4925 2733 4978; x_wconf 74' lang='grc' dir='ltr'><strong>καὶ</strong></span> <span class='ocrx_word' id='word_1_767' title='bbox 2757 4925 2944 4995; x_wconf 79' lang='grc' dir='ltr'>ἡμεῖς,</span> <span class='ocrx_word' id='word_1_768' title='bbox 2981 4922 3076 4974; x_wconf 68' lang='grc' dir='ltr'><strong>καὶ</strong></span> <span class='ocrx_word' id='word_1_769' title='bbox 3106 4921 3156 4973; x_wconf 81' lang='grc' dir='ltr'><strong>οἱ</strong></span> <span class='ocrx_word' id='word_1_770' title='bbox 3203 4920 3585 4990; x_wconf 85' lang='grc' dir='ltr'>γεγενηκότες</span> <span class='ocrx_word' id='word_1_771' title='bbox 3619 4923 3768 4991; x_wconf 63' lang='grc' dir='ltr'><strong>ἡμᾶς</strong></span> <span class='ocrx_word' id='word_1_772' title='bbox 3790 4936 3804 4950; x_wconf 92' lang='grc'><strong>.</strong></span> <span class='ocrx_word' id='word_1_773' title='bbox 3832 4919 3881 4981; x_wconf 51' lang='grc' dir='ltr'>ἐξ</span> 
     </span>
    </p>
   </div>
   <div class='ocr_carea' id='block_1_108' title="bbox 2306 5012 3880 5083">
    <p class='ocr_par' dir='ltr' id='par_1_108' title="bbox 2306 5012 3880 5083">
     <span class='ocr_line' id='line_1_108' title="bbox 2306 5012 3880 5083; baseline -0.006 -10"><span class='ocrx_word' id='word_1_774' title='bbox 2306 5015 2367 5074; x_wconf 75' lang='grc' dir='ltr'><strong>οὗ</strong></span> <span class='ocrx_word' id='word_1_775' title='bbox 2406 5020 2498 5072; x_wconf 77' lang='grc' dir='ltr'><strong>καὶ</strong></span> <span class='ocrx_word' id='word_1_776' title='bbox 2526 5019 2587 5071; x_wconf 84' lang='grc' dir='ltr'><strong>τὸ</strong></span> <span class='ocrx_word' id='word_1_777' title='bbox 2612 5017 2871 5070; x_wconf 76' lang='grc' dir='ltr'>ἀναπνεῖν</span> <span class='ocrx_word' id='word_1_778' title='bbox 2897 5014 2991 5067; x_wconf 76' lang='grc' dir='ltr'>καὶ</span> <span class='ocrx_word' id='word_1_779' title='bbox 3034 5014 3130 5083; x_wconf 79' lang='grc' dir='ltr'><strong>ζῇν</strong></span> <span class='ocrx_word' id='word_1_780' title='bbox 3166 5012 3504 5083; x_wconf 83' lang='grc' dir='ltr'>κεκτήμεθα</span> <span class='ocrx_word' id='word_1_781' title='bbox 3529 5031 3546 5042; x_wconf 71' lang='grc'>³</span> <span class='ocrx_word' id='word_1_782' title='bbox 3578 5015 3677 5067; x_wconf 80' lang='grc' dir='ltr'><strong>καὶ</strong></span> <span class='ocrx_word' id='word_1_783' title='bbox 3718 5014 3775 5067; x_wconf 75' lang='grc' dir='ltr'><strong>τδ</strong></span> <span class='ocrx_word' id='word_1_784' title='bbox 3815 5014 3880 5073; x_wconf 79' lang='grc' dir='ltr'>εἰς</span> 
     </span>
    </p>
   </div>
   <div class='ocr_carea' id='block_1_109' title="bbox 2305 5105 3877 5187">
    <p class='ocr_par' dir='ltr' id='par_1_109' title="bbox 2305 5105 3877 5187">
     <span class='ocr_line' id='line_1_109' title="bbox 2305 5105 3877 5187; baseline -0.004 -20"><span class='ocrx_word' id='word_1_785' title='bbox 2305 5113 2424 5167; x_wconf 83' lang='grc' dir='ltr'>τόδε</span> <span class='ocrx_word' id='word_1_786' title='bbox 2454 5110 2791 5187; x_wconf 84' lang='grc' dir='ltr'>προαχθῆναι</span> <span class='ocrx_word' id='word_1_787' title='bbox 2817 5107 2910 5161; x_wconf 82' lang='grc' dir='ltr'>τοῦ</span> <span class='ocrx_word' id='word_1_788' title='bbox 2941 5106 3197 5174; x_wconf 81' lang='grc' dir='ltr'>μεγίστου</span> <span class='ocrx_word' id='word_1_789' title='bbox 3236 5105 3351 5159; x_wconf 84' lang='grc' dir='ltr'><strong>τῶν</strong></span> <span class='ocrx_word' id='word_1_790' title='bbox 3386 5106 3727 5178; x_wconf 78' lang='grc' dir='ltr'>ἀξιωμάτων</span> <span class='ocrx_word' id='word_1_791' title='bbox 3756 5123 3877 5175; x_wconf 79' lang='grc' dir='ltr'>παρ-</span> 
     </span>
    </p>
   </div>
   <div class='ocr_carea' id='block_1_110' title="bbox 2308 5197 3877 5270">
    <p class='ocr_par' dir='ltr' id='par_1_110' title="bbox 2308 5197 3877 5270">
     <span class='ocr_line' id='line_1_110' title="bbox 2308 5197 3877 5270; baseline -0.007 -14"><span class='ocrx_word' id='word_1_792' title='bbox 2308 5204 2517 5256; x_wconf 82' lang='grc' dir='ltr'>θενικὸν</span> <span class='ocrx_word' id='word_1_793' title='bbox 2540 5200 2884 5270; x_wconf 84' lang='grc' dir='ltr'>ἐπάγγελμα.</span> <span class='ocrx_word' id='word_1_794' title='bbox 2926 5197 3312 5268; x_wconf 78' lang='grc' dir='ltr'>Ἐκλαύσαμεν</span> <span class='ocrx_word' id='word_1_795' title='bbox 3338 5197 3441 5252; x_wconf 72' lang='grc' dir='ltr'><strong>οὖν</strong></span> <span class='ocrx_word' id='word_1_796' title='bbox 3494 5198 3570 5253; x_wconf 78' lang='grc' dir='ltr'>τὰ</span> <span class='ocrx_word' id='word_1_797' title='bbox 3602 5199 3783 5253; x_wconf 76' lang='grc' dir='ltr'>εἰκότα</span> <span class='ocrx_word' id='word_1_798' title='bbox 3805 5198 3877 5248; x_wconf 73' lang='grc' dir='ltr'>ἐπὶ</span> 
     </span>
    </p>
   </div>
   <div class='ocr_carea' id='block_1_111' title="bbox 2305 5280 3875 5372">
    <p class='ocr_par' dir='ltr' id='par_1_111' title="bbox 2305 5280 3875 5372">
     <span class='ocr_line' id='line_1_111' title="bbox 2305 5280 3875 5372; baseline -0.003 -25"><span class='ocrx_word' id='word_1_799' title='bbox 2305 5295 2382 5365; x_wconf 81' lang='grc' dir='ltr'><strong>τῷ</strong></span> <span class='ocrx_word' id='word_1_800' title='bbox 2411 5293 2644 5365; x_wconf 77' lang='grc' dir='ltr'>ἀδελφῷ.</span> <span class='ocrx_word' id='word_1_801' title='bbox 2690 5291 2804 5346; x_wconf 82' lang='grc' dir='ltr'><strong>Νῦν</strong></span> <span class='ocrx_word' id='word_1_802' title='bbox 2849 5280 3035 5361; x_wconf 72' lang='grc' dir='ltr'>καιρὸς</span> <span class='ocrx_word' id='word_1_803' title='bbox 3087 5290 3539 5372; x_wconf 70' lang='grc' dir='ltr'>παρακλήσεωῆ</span> <span class='ocrx_word' id='word_1_804' title='bbox 3587 5292 3687 5346; x_wconf 81' lang='grc' dir='ltr'>νῦν</span> <span class='ocrx_word' id='word_1_805' title='bbox 3726 5289 3875 5362; x_wconf 73' lang='grc' dir='ltr'>ἡμέρα</span> 
     </span>
    </p>
   </div>
   <div class='ocr_carea' id='block_1_112' title="bbox 2311 5376 3874 5459">
    <p class='ocr_par' dir='ltr' id='par_1_112' title="bbox 2311 5376 3874 5459">
     <span class='ocr_line' id='line_1_112' title="bbox 2311 5376 3874 5459; baseline -0.001 -21"><span class='ocrx_word' id='word_1_806' title='bbox 2311 5385 2689 5459; x_wconf 68' lang='grc' dir='ltr'>εὐχαριστίας.</span> <span class='ocrx_word' id='word_1_807' title='bbox 2739 5381 3099 5451; x_wconf 70' lang='grc' dir='ltr'>’Λποθὼμεθα</span> <span class='ocrx_word' id='word_1_808' title='bbox 3150 5376 3248 5434; x_wconf 77' lang='grc' dir='ltr'><strong>οὖν</strong></span> <span class='ocrx_word' id='word_1_809' title='bbox 3294 5382 3361 5435; x_wconf 82' lang='grc' dir='ltr'><strong>τὸ</strong></span> <span class='ocrx_word' id='word_1_810' title='bbox 3416 5383 3692 5438; x_wconf 79' lang='grc' dir='ltr'>πενθικὸν</span> <span class='ocrx_word' id='word_1_811' title='bbox 3766 5380 3874 5449; x_wconf 75' lang='grc' dir='ltr'>σχῆ-</span> 
     </span>
    </p>
   </div>
   <div class='ocr_carea' id='block_1_113' title="bbox 2312 5473 3872 5549">
    <p class='ocr_par' dir='ltr' id='par_1_113' title="bbox 2312 5473 3872 5549">
     <span class='ocr_line' id='line_1_113' title="bbox 2312 5473 3872 5549; baseline -0.004 -18"><span class='ocrx_word' id='word_1_812' title='bbox 2312 5496 2409 5549; x_wconf 87' lang='grc' dir='ltr'><strong>μα,</strong></span> <span class='ocrx_word' id='word_1_813' title='bbox 2462 5478 2554 5531; x_wconf 80' lang='grc' dir='ltr'>καὶ</span> <span class='ocrx_word' id='word_1_814' title='bbox 2612 5473 2955 5546; x_wconf 75' lang='grc' dir='ltr'>ἐνδυσώμεθα</span> <span class='ocrx_word' id='word_1_815' title='bbox 3006 5474 3074 5527; x_wconf 79' lang='grc' dir='ltr'>τὰ</span> <span class='ocrx_word' id='word_1_816' title='bbox 3119 5474 3267 5528; x_wconf 78' lang='grc' dir='ltr'>ὅπλα</span> <span class='ocrx_word' id='word_1_817' title='bbox 3313 5475 3419 5545; x_wconf 82' lang='grc' dir='ltr'><strong>τῆς</strong></span> <span class='ocrx_word' id='word_1_818' title='bbox 3477 5475 3872 5547; x_wconf 63' lang='grc' dir='ltr'>μεγαλοψυχίας.</span> 
     </span>
    </p>
   </div>
   <div class='ocr_carea' id='block_1_114' title="bbox 2142 5692 2372 5750">
    <p class='ocr_par' dir='ltr' id='par_1_114' title="bbox 2142 5692 2372 5750">
     <span class='ocr_line' id='line_1_114' title="bbox 2142 5692 2372 5750; baseline -0.013 0"><span class='ocrx_word' id='word_1_819' title='bbox 2142 5692 2372 5750; x_wconf 63' lang='grc' dir='ltr'><strong>ΝΟΤΛΕ.</strong></span> 
     </span>
    </p>
   </div>
   <div class='ocr_carea' id='block_1_115' title="bbox 691 5796 1346 5881">
    <p class='ocr_par' dir='ltr' id='par_1_115' title="bbox 691 5796 1346 5881">
     <span class='ocr_line' id='line_1_115' title="bbox 691 5796 1346 5881; baseline -0.003 -29"><span class='ocrx_word' id='word_1_820' title='bbox 691 5798 767 5869; x_wconf 84' lang='lat'><strong>(9)</strong></span> <span class='ocrx_word' id='word_1_821' title='bbox 806 5798 860 5853; x_wconf 79' lang='grc' dir='ltr'>ιιι</span> <span class='ocrx_word' id='word_1_822' title='bbox 894 5798 1018 5854; x_wconf 86' lang='lat' dir='ltr'><strong>cod.</strong></span> <span class='ocrx_word' id='word_1_823' title='bbox 1058 5796 1193 5881; x_wconf 80' lang='lat' dir='ltr'><strong>Reg.</strong></span> <span class='ocrx_word' id='word_1_824' title='bbox 1227 5796 1346 5864; x_wconf 51' lang='grc' dir='ltr'>σίζ’.</span> 
     </span>
    </p>
   </div>
  </div>
