3976 6322
171 379 316 444 1645

1355 387 1902 448 .EPISTOLAKUM
1948 387 2090 445 LIB.
2153 387 2232 448 Il.

3282 383 3422 448 1646

166 495 636 567 Προύπέμψαμεν
662 495 890 566 ἀδελφὺν
912 497 1115 566 ἀγαθὸν
1156 498 1232 570 τῷ
1260 516 1320 552 τε
1360 501 1512 563 εῖδει,
1541 501 1634 552 καὶ
1682 501 1740 569 τῇ

1853 510 1981 563 tem,
2025 501 2168 552 sicut
2214 507 2271 553 et
2326 506 2483 550 antea
2534 495 2972 564 consanguineos
3016 502 3069 548 et
3119 505 3416 564 parentes:

161 589 389 660 γνώμῃ,
421 590 516 641 καὶ
557 591 622 659 τῇ
671 589 870 649 πίστει,
921 589 1109 660 ῶσπερ
1159 593 1251 642 καὶ
1297 592 1561 661 πρότερον
1616 590 1744 652 τοὺς

161 684 500 752 ὁμαίμονας,
535 686 627 736 καὶ
679 686 805 747 τοὺς
864 686 1231 754 γεννήτορας·
1280 686 1474 756 μικρὸν
1515 685 1743 754 ὕστερον

162 775 520 844 συνεψόμεθα
548 776 643 828 καὶ
670 778 848 846 ἡμεῖς.
882 776 1069 837 Οὐδεὶς
1092 777 1119 826 6
1157 777 1357 845 ζήσων,
1383 777 1478 830 καὶ
1511 777 1584 846 μὴ
1613 777 1743 845 θνη-

159 867 400 937 ξὸμενος
419 884 433 899 ο
465 867 642 930 οὐδεὶς
667 869 694 920 6
717 866 1016 936 γεννηθεὶς,
1045 866 1138 918 καὶ
1175 867 1248 936 μὴ
1285 867 1498 936 ταφείς.
1560 868 1744 936 Παρα-

162 958 576 1030 σκευασώμεθα
601 960 720 1013 λίαν
735 958 892 1030 [Ουσὶ.
919 961 1049 1027 lieg.
1070 957 1279 1030 λοιπόν]
1317 962 1409 1013 καὶ
1425 961 1585 1031 ἡμεῖς
1607 960 1744 1030 πρὸς

157 1052 271 1118 τὴν
304 1049 508 1116 ἔξοδονο
558 1051 937 1121 ἑτοιμάσωμεν
982 1054 1050 1104 τὰ
1097 1052 1285 1120 ἐφόδια
1326 1052 1425 1121 τῆς
1479 1051 1745 1121 μεταστά-

162 1159 314 1204 σεως
339 1158 352 1172 ·
384 1141 728 1212 τυπώσωμεν
755 1142 854 1204 τὰς
885 1143 1117 1211 ἀδελφὰς
1147 1143 1223 1213 τῷ
1257 1145 1443 1212 οἰκείῳ
1474 1145 1745 1213 καταστή-

161 1252 330 1302 ματι,
368 1237 461 1286 καὶ
493 1233 708 1288 πενθεῖν
748 1235 1044 1306 εὐκαίρως,
1081 1237 1174 1288 καὶ
1207 1235 1551 1307 εὐχαριστεῖν
1581 1237 1745 1306 ἁρμο-

156 1324 317 1387 δίως.
352 1324 628 1395 Δείξωμεν
656 1328 766 1388 τοῖς
794 1325 1021 1395 ὁρῶσιν,
1052 1327 1132 1379 ὅτι
1166 1326 1194 1377 6
1225 1326 1355 1389 Θεὸς
1383 1328 1441 1379 ἐν
1467 1327 1600 1397 ἡμῖν
1629 1329 1744 1380 ἐστι

157 1415 551 1484 δοξαζόμενος,
595 1416 1092 1486 εὐχαριστούμενος
1135 1417 1219 1485 ἐφ’
1246 1412 1328 1480 οἷς
1358 1418 1592 1474 κελεύει.
1625 1421 1744 1474 Αὐ-

157 1506 268 1572 τὸς
323 1506 566 1571 ἔδωκεν,
608 1508 790 1572 αὐτὸς
840 1509 939 1561 καὶ
993 1508 1273 1576 ἀφείλετο
1296 1522 1308 1536 ·
1339 1509 1419 1575 ὡς
1447 1508 1528 1574 τῷ
1553 1511 1746 1578 Κυρίῳ

157 1599 407 1663 ἔδοξεν,
439 1599 626 1664 οὕτως
651 1599 748 1652 καὶ
792 1600 1010 1655 ὲπίετο.
1047 1601 1154 1653 Ναὶ
1200 1601 1503 1671 παρακαλῶ
1534 1603 1633 1670 τὴν
1662 1620 1744 1655 τι-

162 1688 405 1757 μιότητά
441 1704 534 1740 σου
562 1687 650 1740 ῐσα
677 1689 771 1742 καὶ
795 1690 960 1758 μητρὶ
983 1691 1080 1741 καὶ
1105 1691 1412 1762 γεννησάσῃ
1447 1693 1563 1762 ἦτοι
1588 1692 1744 1745 ἀδελ-

159 1783 244 1848 φῇ
289 1781 352 1848 τῇ
404 1777 638 1849 φιλτάτῃ
697 1796 823 1848 μοι’
864 1781 1166 1848 ἁφήσωμεν
1219 1781 1399 1850 φωνὴν
1439 1782 1700 1844 αῖνέσεως
1727 1798 1739 1811 ’

1843 592 2006 660 paulo
2035 600 2154 660 post
2172 599 2221 644 et
2237 604 2335 644 nos
2356 589 2771 658 subsequemur.
2804 586 2994 642 Nullus
3018 587 3177 651 vivet,
3199 589 3290 657 qui
3311 603 3418 642 non

1846 681 1916 736 sit
1943 681 2240 736 moriturus
2265 699 2279 734 :
2304 693 2465 734 nemo
2487 687 2648 732 natus
2668 687 2721 732 et
2738 692 2845 731 non
2867 676 3132 745 sepultus.
3153 676 3418 745 Accinga-

1844 781 1966 826 rnur
1995 782 2046 825 et
2067 787 2166 825 nos
2193 771 2448 838 deinceps
2479 770 2546 824 ad
2575 770 2778 823 exitum
2814 786 2827 822 :
2855 768 3194 838 migrationis
3220 768 3421 822 viatica

1844 878 2220 933 comparemus
2253 881 2267 917 :
2304 877 2521 917 sorores
2561 863 2808 931 exetnplo
2827 872 3013 915 nostro
3042 860 3418 922 informemus,

1845 968 1902 1010 ιιι
1933 966 1986 1012 et
2011 955 2332 1026 tempestive
2360 956 2604 1024 lugeant,
2628 964 2681 1009 et
2711 963 2771 1008 ut
2806 954 2980 1017 decet,
3006 954 3206 1023 gratias
3237 964 3419 1023 agant.

1846 1048 2216 1103 Ostendamus
2249 1049 2316 1102 iis
2343 1047 2434 1115 qui
2470 1060 2573 1101 nos
2599 1046 2804 1110 vident,
2841 1043 3008 1099 Deum
3045 1060 3075 1098 a
3106 1044 3264 1098 nobis
3305 1046 3423 1114 glo-

1846 1139 2068 1204 rilicari,
2119 1139 2278 1209 eique
2311 1139 2513 1209 gratias
2557 1137 2641 1206 agi
2679 1137 2749 1192 ob
2784 1151 2848 1192 ea
2878 1150 3000 1205 qua:
3050 1135 3248 1206 jubet:
3297 1133 3421 1205 Ipse

1847 1233 2015 1297 dedit,
2048 1232 2156 1300 ipse
2174 1231 2430 1284 abstulit:
2450 1233 2586 1284 sicut
2609 1229 2833 1282 Domino
2857 1229 3080 1297 placuit,
3115 1230 3190 1282 ita
3221 1229 3422 1298 factum

1844 1333 1922 1375 est
1947 1323 1986 1375 ³.
2011 1320 2204 1391 Utique
2231 1321 2473 1374 obtestor
2499 1319 2969 1373 honorificentiam
2998 1328 3166 1383 tuam,
3199 1320 3423 1388 perinde

1847 1429 1912 1467 ac
1958 1422 2190 1468 matrem
2221 1428 2344 1482 qua:
2393 1427 2480 1467 me
2526 1412 2944 1482 genuerit,_aut
2991 1427 3236 1465 sororem
3284 1412 3422 1466 mihi

1847 1505 2224 1559 charissimam
2252 1522 2264 1557 :
2293 1520 2610 1573 premamus
2641 1517 2830 1559 vocem
2863 1503 3195 1558 laudationis
3228 1521 3240 1556 :
3271 1505 3422 1558 exhi-

1845 1599 2071 1652 beamus
2120 1597 2332 1650 vultum
2384 1596 2679 1650 hilaritatis
2735 1615 2748 1650 :
2799 1598 3094 1651 doceamus
3142 1597 3420 1666 Operibus,

1846 1707 1948 1746 nos
2003 1706 2220 1746 crucem
2272 1689 2517 1744 humeris
2560 1698 2795 1758 gestare,
2828 1699 2881 1743 et
2916 1690 3192 1743 voluntate
3234 1698 3423 1744 nostra

1847 1794 2093 1839 mortuos
2121 1799 2264 1848 esse,
2298 1792 2353 1838 et
2381 1784 2584 1838 divinis
2622 1782 2895 1836 mandatis
2936 1780 2990 1834 in
3038 1780 3293 1834 omnibus
3322 1781 3422 1834 ob-

159 1869 541 1939 ὐποδείξωμεν
579 1870 870 1940 πρόσωπον
915 1871 1265 1940 φαιδρότητος
1285 1889 1300 1902 ο
1327 1872 1622 1942 διδάξωμεν
1652 1873 1740 1943 ἔρ-

1849 1888 2170 1945 temperare.
2205 1873 2319 1929 Hoc
2356 1874 2519 1930 modo
2555 1873 2599 1928 si
2633 1884 2682 1927 te
2715 1873 2973 1944 gesseris,
3005 1882 3167 1940 prout
3206 1882 3418 1926 rectum

157 1977 311 2027 γοις,
361 1961 443 2012 ὅτι
499 1959 589 2012 τὸν
650 1959 880 2030 σταυρὸν
924 1959 1201 2030 ἐπ’ῶμων
1251 1965 1523 2035 φέρομεν“
1558 1965 1654 2018 καὶ
1672 1969 1737 2036 τῇ

158 2052 489 2124 προαιρέσει
518 2051 884 2119 ἀπεθάνομεν,
935 2053 1029 2104 καὶ
1084 2055 1306 2124 εἴχομεν
1361 2058 1531 2110 κατὰ⁵
1561 2058 1740 2111 πάντα

156 2146 284 2206 τοῖς
325 2141 490 2206 Θείοις
523 2142 967 2212 προστάγμασιν.
1014 2145 1137 2197 Ἐὲιν
1175 2145 1316 2200 οὕτω
1344 2149 1589 2219 πράξοις,
1619 2153 1741 2204 ὅσον
1775 2188 1778 2192 ι

157 2235 441 2297 τδ’κα).ὸν,
473 2236 762 2306 εὐφρανεῖς
786 2236 1040 2304 Χριστὸν,
1067 2239 1158 2291 τὸν
1189 2240 1453 2294 ἀθάνατόν
1489 2260 1580 2295 σου
1606 2263 1739 2313 νυμ-

161 2329 316 2396 φίον.
363 2327 516 2380 Ἐπεὶ
575 2327 669 2379 ἐάν
712 2327 876 2396 λυπῇ,
927 2327 1119 2393 λυπεῖς
1163 2331 1322 2384 αὐτὸν
1360 2334 1434 2396 ὡς
1460 2335 1520 2388 τὸ
1569 2336 1736 2398 εἰκὸς,

156 2421 246 2482 ὡς
269 2419 424 2472 ἄλλον
472 2417 858 2488 περισσότερον
902 2419 1111 2474 ἐκείνου
1154 2423 1417 2490 φιλοῦσα-
1442 2426 1603 2498 Ὁρᾷς
1633 2429 1737 2481 ποῦ

157 2529 228 2564 σε
265 2514 292 2564 6
322 2511 476 2578 λόγος
526 2510 770 2579 ἧγαγεν;
809 2511 884 2574 ὡς
933 2513 1054 2565 οὐδὲ
1106 2515 1345 2586 ὀρφανὴν
1390 2517 1590 2583 οὖσαν,
1617 2521 1738 2573 οὐδὲ

154 2603 558 2667 ἁνεπίσκοπον,
588 2602 708 2654 οὐδὲ
760 2603 1325 2671 ἀπροστάτευτον·τΕι
1371 2609 1480 2677 γὰρ
1520 2613 1553 2663 ό
1597 2613 1738 2678 Θεὸς

148 2695 293 2764 μεθ’
314 2695 503 2763 ἡμῶν,
533 2693 625 2759 τίς
644 2694 772 2748 καθ’
793 2694 963 2763 ἡμῶν
985 2711 1005 2760 ;
1024 2699 1071 2748 εἰ
1102 2699 1262 2762 αὐτὸς
1281 2700 1307 2750 ὁ
1341 2703 1638 2772 περιέπων,
1659 2707 1743 2768 τίς

153 2791 184 2840 6
217 2785 558 2840 άντιπίπτων
586 2802 600 2853 ;
628 2785 814 2850 Οὕτως
847 2788 940 2840 καὶ
966 2788 1129 2842 τανῦν
1175 2792 1479 2863 προήχθην,
1511 2796 1739 2868 ἀδελφὴ,

1845 1976 1928 2021 est
1953 1982 2016 2021 ac
2057 1966 2397 2034 praeclarum,
2442 1964 2723 2019 Christum
2754 1963 3087 2018 exhilarabis
3124 1963 3414 2017 immorta-

1845 2061 1950 2114 lem
1993 2061 2268 2130 Sponsum
2320 2069 2525 2124 tuum;
2572 2059 2853 2127 quoniam,
2887 2057 2931 2110 si
2985 2057 3239 2121 tristaris,
3287 2072 3420 2111 con-

1847 2153 2029 2206 tristas
2078 2150 2253 2214 illum,
2300 2160 2353 2202 ut
2395 2165 2492 2218 par
2519 2159 2607 2203 est
2657 2149 2900 2212 credere,
2938 2157 3197 2216 tanquam
3249 2147 3417 2201 alium

1845 2259 1954 2313 prae
1980 2244 2072 2298 illo
2106 2257 2298 2296 amans
2338 2242 2661 2311 impensius.
2701 2240 2856 2296 Vides
2887 2256 2996 2310 quo
3039 2250 3090 2295 te
3122 2239 3212 2293 hic
3239 2253 3418 2294 sermo

1847 2334 2096 2405 perduxit
2142 2335 2338 2405 :quod
2381 2349 2557 2404 neque
2606 2334 2740 2388 orba
2791 2335 2888 2399 sis,
2957 2348 3058 2388 nec
3111 2334 3420 2402 inspectore

1845 2443 2057 2494 careas,
2109 2443 2209 2482 nec
2266 2436 2464 2481 tutore.
2500 2425 2560 2481 Si
2611 2428 2749 2480 enim
2784 2425 2920 2480 Deus
2964 2443 3060 2494 pro
3092 2428 3268 2491 nobis,
3300 2430 3417 2498 quis

1847 2532 2032 2575 contra
2063 2537 2157 2575 nos
2192 2521 2212 2552 ³
2242 2521 2264 2574 ?
2291 2521 2334 2576 si
2367 2521 2481 2590 ipse
2507 2535 2693 2574 curam
2735 2522 2892 2590 gerit,
2941 2521 3063 2590 quis
3102 2520 3420 2575 adversab'i-

1848 2625 1937 2668 tur
1969 2616 1991 2667 ?
2027 2614 2115 2667 Sic
2151 2624 2204 2668 et
2236 2629 2399 2676 nunc,
2433 2628 2610 2676 soror,
2648 2613 2917 2668 add-nctus
2950 2629 3071 2668 sum
3118 2622 3177 2667 ut
3201 2623 3254 2668 te
3285 2617 3418 2668 hor-

1847 2717 2008 2760 larer.
2038 2706 2118 2759 Tu
2165 2720 2292 2759 vero
2321 2715 2467 2759 recte
2511 2703 2706 2759 feceris
2736 2705 2779 2758 si
2823 2704 3016 2759 credas
3063 2704 3281 2761 indocto
3301 2709 3414 2761 seni

1843 2799 2171 2860 consulenti,
2203 2807 2258 2852 et
2283 2797 2376 2867 qui
2402 2797 2567 2851 rebus
2607 2796 2737 2863 tuis,
2774 2806 2936 2866 prout
2970 2799 3150 2861 debet,
3185 2800 3264 2855 sic
3306 2798 3416 2852 atii-

155 2878 543 2948 παρακαλέσαι
595 2894 676 2930 σε.
731 2879 879 2948 Αὐτὴ
932 2880 989 2932 δὲ
1041 2877 1100 2933 εὖ
1173 2884 1484 2954 πράττουσα
1535 2889 1740 2945 πείθοιο

1847 2893 1986 2946 citur
2016 2900 2274 2959 tanquam
2296 2889 2553 2958 propriis.

155 2969 353 3039 ἀσόφῳ
385 2969 620 3039 γέροντι,
653 2965 712 3023 εὖ
761 2971 1243 3039 συμϐουλεύσαντι,
1288 2978 1380 3028 καὶ
1414 2979 1491 3047 τῷ
1515 2980 1627 3036 ὄντι
1681 2983 2109 3040 οίκειοπαθούντι
2152 2981 2542 3049 ὀφειλομένως,
2573 2982 2648 3045 ὡς
2695 2984 2890 3045 οἰκεῖα,
2917 2983 2986 3035 τὰ
3021 2985 3108 3038 σά.

271 3107 390 3159 Σ1Ε’
423 3106 546 3178 (9‘).
566 3137 638 3148 —-
661 3106 925 3173 Μεθοδίῳ
953 3107 1062 3178 (10)
1082 3108 1419 3176 μονάζοντι.
1463 3114 1633 3190 [mut]

2100 3120 2321 3185 CCXV.
2365 3150 2429 3161 —
2465 3119 2732 3174 Met/tudio
2762 3121 3013 3174 monac/to
3049 3121 3132 3190 (').

1444 3235 1516 3283 De
1552 3235 1766 3289 diversis
1798 3240 2123 3302 argumentis.

264 3339 412 3408 Οσην
442 3336 554 3406 ἔχει
582 3333 875 3388 έπιποθίαν
905 3337 938 3405 ἠ
968 3336 1219 3406 τιμιότης
1242 3354 1334 3389 σου
1365 3337 1492 3390 ἰδεῖν
1523 3340 1622 3411 τὴν
1647 3359 1742 3394 ταο

157 3431 426 3487 πείνωσιν
456 3429 636 3500 ἡμῶν,
661 3427 931 3497 τοσαύτην
974 3429 1170 3480 οἰέσθω
1207 3430 1303 3482 κει)⁵
1334 3431 1432 3501 τὴν
1466 3432 1742 3504 ἡμετέραν

156 3522 304 3578 εἶναι
332 3522 468 3592 πρὸς
495 3520 593 3590 τὴν
618 3519 736 3573 κατ’
762 3518 1074 3587 ὀφθαλμοὺς
1106 3518 1342 3587 ὁμιλίαν.
1383 3521 1521 3572 Ἀλλ’
1553 3522 1740 3593 ἐπειδὴ

158 3617 478 3685 γέγραπται
503 3627 515 3640 ·
548 3613 630 3664 Οὐ
659 3610 765 3662 τοῦ
792 3610 1074 3675 θέλοντος
1100 3610 1241 3663 οὐδὲ
1267 3611 1373 3664 τοῦ
1401 3611 1738 3681 τρέχοντος,

158 3707 329 3762 ἀλλὰ
351 3703 459 3758 τοῦ
482 3701 800 3767 ἐλεοῦντος
818 3701 968 3754 Θεοῦ
986 3718 1000 3732 ·
1032 3701 1179 3773 αὐτῷ
1205 3703 1494 3758 ἀναθετέον
1523 3706 1611 3758 τὸν
1647 3707 1742 3759 πό-

160 3800 278 3863 θον,
293 3798 387 3850 καὶ
409 3793 761 3865 ὲπιρῤιπτέον
780 3792 880 3862 τὴν
903 3791 1193 3862 μέριμναν,
1217 3795 1311 3847 καὶ
1327 3795 1486 3857 αὐτὸς
1502 3797 1736 3866 ποιήσει,

159 3891 406 3962 ὁπηνίκα
435 3889 501 3942 ἃν
530 3890 624 3941 καὶ
654 3885 930 3957 βούληται,
963 3886 1192 3955 θέλημα
1219 3888 1337 3942 τῶν
1357 3889 1740 3958 φοϐουμένων

158 3985 374 4038 αὐτόν.
399 3981 472 4033 Τὸ
492 3979 549 4032 δὲ
571 3979 663 4032 νῦν
689 3977 833 4048 ἕχον,
856 3979 1149 4044 ἀναγκαῖον
1174 3997 1238 4031 πε
1248 3981 1301 4050 pi.
1323 3982 1430 4033 τῶν
1449 3982 1740 4051 προταθὲν..

156 4094 268 4129 των
295 4073 612 4142 κεφαλαίων
635 4071 738 4123 ὐπὸ
769 4070 876 4122 τῶν
899 4069 1288 4138 πνευματικῶν
1316 4071 1471 4142 ἡμῶν
1497 4072 1740 4140 ἀδελφῶν

168 4167 484 4238 Ἰλαρίωνός
508 4182 568 4217 τε
597 4164 690 4216 καὶ
709 4161 1064 4230 Εὐστρατίου,
1088 4160 1492 4232 μεσολαϐούσης
1515 4163 1613 4233 τῆς
1639 4163 1738 4234 σῆς

158 4259 473 4323 εὐλαϐείας,
488 4256 849 4325 ἀποκριθῆναι
867 4253 932 4306 τά
951 4253 1151 4306 εἰκότα.
1179 4253 1265 4317 Ὠς
1284 4255 1348 4308 ἂν
1363 4255 1418 4306 δὲ
1435 4255 1739 4310 εὐσύνοπτα

157 4353 389 4422 γένηται
413 4350 482 4402 τὰ
519 4347 810 4416 λεγόμενα,
843 4346 960 4409 ένὸς
991 4345 1221 4397 ἑκάστου
1258 4345 1617 4416 προταθὲντος
1647 4363 1738 4400 κει

159 4444 394 4512 φαλαίου
432 4440 572 4493 κατὰ
604 4437 908 4507 συνέχειαν,
937 4437 1032 4488 καὶ
1061 4438 1405 4508 ήάπόκρισις
1430 4433 1560 4492 εἷεν.

245 4531 558 4601 Ἐρώτησις
592 4528 670 4594 Α’ν.
699 4558 770 4568 -
800 4527 936 4595 Περὶ
964 4526 1071 4578 τῶν
1100 4529 1584 4597 χειροτονηθέντων
1606 4548 1738 4600 πρε-

1912 3344 2130 3409 Quanto
2156 3341 2349 3412 ﬂagrat
2377 3341 2696 3396 excellentia
2753 3350 2845 3395 tua
2877 3341 3149 3395 desiderio
3197 3341 3412 3399 videndi

1842 3436 2165 3490 tenuitatem
2190 3445 2431 3490 nostram
2462 3453 2475 3488 :
2507 3442 2717 3487 tantum
2745 3444 2798 3486 et
2827 3442 2979 3503 putet
3002 3450 3123 3489 esse
3141 3443 3410 3503 nostrum,

1841 3539 1901 3583 ut
1931 3538 2110 3584 tecum
2146 3543 2330 3583 coram
2365 3525 2807 3596 congrediamur.
2842 3525 2946 3579 Sed
2979 3527 3105 3595 quia
3145 3527 3411 3596 scriptum

1842 3630 1926 3676 est
1952 3639 1964 3673 :
1996 3619 2118 3674 Non
2142 3621 2357 3674 volentis
2389 3635 2550 3689 neque
2583 3619 2864 3685 currentis,
2905 3621 2994 3673 sed
3023 3620 3313 3675 miserentt’s
3334 3635 3411 3676 est

1840 3710 2010 3780 Dei‘;
2047 3713 2114 3768 ad
2155 3714 2333 3783 ipsum
2368 3710 2686 3766 referendus
2717 3721 2800 3765 est
2832 3712 3058 3765 allectus
3087 3751 3102 3777 ,
3142 3728 3204 3767 ac
3241 3713 3414 3782 proji-

1839 3805 2032 3859 cienda
2084 3804 2137 3858 in
2179 3819 2302 3858 eum
2365 3818 2497 3858 cura
2533 3820 2547 3858 :
2581 3812 2743 3872 atque
2779 3802 2913 3871 ipse,
2950 3818 3076 3857 cum
3128 3805 3360 3859 voluerit
3393 3847 3408 3872 ,

1853 3897 2187 3953 Voluntatem
2210 3899 2504 3953 timentium
2529 3915 2583 3952 se
2607 3899 2769 3966 faciet
2792 3899 2833 3950 '.
2872 3896 3025 3963 Quod
3051 3913 3179 3953 vero
3209 3901 3273 3953 ad
3306 3901 3411 3953 hoc.

1843 4002 2055 4060 tempus
2081 3992 2298 4058 attinet,
2330 3993 2398 4047 de
2427 3992 2698 4060 capitibus
2729 3991 3021 4060 propositis
3049 4006 3079 4043 a
3107 3992 3410 4059 spirituali-

1839 4084 1942 4138 hus
1970 4083 2237 4137 fratribus
2266 4085 2473 4138 nostris
2507 4081 2788 4137 Hilarione
2826 4093 2880 4136 et
2904 4081 3206 4147 Eustratio,
3241 4083 3410 4138 inter—

1838 4177 2094 4231 veniente
2124 4178 2430 4231 reverentia
2465 4188 2579 4241 tua,
2627 4175 2994 4231 necessarium
3022 4185 3106 4230 est
3135 4192 3256 4246 quae
3285 4191 3411 4232 con-

1836 4271 2108 4324 venientia
2135 4270 2463 4324 videbuntur
2493 4271 2842 4338 respondere.
2874 4266 3075 4323 Verum
3109 4279 3170 4324 ut
3195 4270 3409 4326 facilius

1837 4362 2040 4432 percipi
2078 4363 2291 4430 possint
2321 4378 2440 4430 qua:
2471 4363 2744 4426 dicentur,
2795 4361 3091 4430 unicuique
3121 4363 3408 4432 propositae

1836 4455 2125 4524 quaestioni
2145 4454 2475 4521 conjunctim
2501 4455 2862 4524 subjungctur
2884 4455 3074 4509 ordine
3101 4457 3404 4525 responsio.

1907 4544 2267 4617 Interrogatio
2299 4547 2339 4600 I.
2364 4575 2436 4587 —
2462 4547 2538 4601 De
2573 4546 2940 4616 presbyteris,
2971 4548 3065 4617 qui
3091 4547 3276 4602 Romae
3313 4556 3408 4601 aut

163 4624 442 4693 σϐυτέρων
471 4623 528 4674 έν
557 4619 761 4691 Ῥώμῃ,
791 4620 848 4671 ὲν
874 4617 1164 4679 Νεαπόλει,
1199 4619 1290 4671 καὶ
1327 4621 1384 4671 ὲν
1423 4620 1733 4691 Λογγιϐαρ-

1847 4637 2082 4708 Neapoli,
2118 4648 2172 4693 et
2215 4639 2270 4692 in
2301 4638 2678 4709 Longobardia
2715 4637 2951 4693 ordinati
2981 4637 3188 4710 absque
3229 4639 3404 4696 accla-

157 4718 275 4786 δίᾳ,
325 4712 675 4784 άκηρύκτων,
708 4706 1301 4778 καῖ’άπολελυμένων·
1352 4714 1401 4765 εἰ
1457 4713 1562 4784 χρὴ
1612 4714 1738 4778 τοὺς

157 4807 439 4867 τοιούτους
481 4803 751 4874 δέχεσθαι,
782 4804 876 4856 καὶ
917 4804 1192 4855 κοινωνεῖν
1236 4803 1439 4871 αὐτοῖς,
1477 4807 1570 4857 καὶ
1610 4821 1736 4858 συν·-

159 4901 390 4963 εσθίειν,
418 4897 515 4949 καὶ
538 4895 912 4964 συνεύχεσθαι.

249 5011 606 5078 Ἀπόκρισις.
631 5035 700 5047 --
742 5005 830 5059 Ἐν
879 5005 1055 5075 καιρῷ
1104 5007 1365 5076 αἱρέσεως
1402 5007 1463 5060 οὐ
1496 5007 1635 5060 κατὰ
1667 5006 1734 5059 τὰ

162 5107 224 5157 ὲν
253 5104 445 5173 εἰρήνῃ
473 5097 791 5153 τυπωθέντα
822 5097 1038 5159 πάντως
1064 5097 1486 5167 ἀπαραλείπτως
1508 5100 1736 5165 γίνεται,

163 5197 255 5249 διὰ
303 5196 400 5265 τὴν
434 5192 848 5260 ἁναγκάζουσαν
891 5189 1098 5259 χρείαν.
1131 5193 1303 5261 Ὅπερ
1339 5191 1587 5258 φαίνεται
1633 5208 1731 5243 πε-

164 5285 412 5357 ποιηκὼς
441 5287 468 5337 ὃ
490 5301 547 5337 τε
572 5280 986 5354 μακαριώτατος
1023 5280 1356 5344 Ἀθανάσιος,
1382 5282 1474 5332 καὶ
1503 5283 1530 5333 ὁ
1562 5280 1731 5346 ἁγιώ-

235 5401 257 5432 ²
279 5398 382 5454 Job
409 5415 447 5462 ι,
478 5399 565 5451 21.
642 5395 661 5426 ³
685 5394 840 5448 Rom.
865 5409 976 5459 vni,
1013 5393 1101 5446 5i.

1836 4732 2076 4784 matione
2105 4738 2254 4795 sunt,
2279 4729 2560 4786 etdimissi
2591 4748 2604 4783 :
2635 4741 2817 4786 utrum
2843 4745 2937 4786 eos
2967 4732 3208 4801 recipere
3242 4746 3404 4801 opor-

1835 4833 1963 4887 teat,
2000 4839 2122 4878 cum
2159 4823 2350 4894 eisque
2383 4825 2794 4879 communicare
2816 4865 2833 4892 ,
2863 4832 2919 4879 et
2949 4824 3133 4879 cibum
3164 4839 3401 4888 sumere,

1832 4925 1887 4970 et
1930 4931 2105 4972 orare.

1903 5008 2184 5075 Responso.
2220 5037 2290 5048 —
2318 5007 2600 5063 Haereseos
2653 5018 2911 5076 tempore,
2959 5018 3176 5077 propter
3206 5024 3404 5079 cogen—

1836 5109 1943 5152 tem
1978 5101 2382 5165 necessitatem,
2420 5117 2527 5153 non
2570 5100 2729 5168 plane
2768 5100 2916 5153 omni
2953 5114 3020 5153 ex
3066 5109 3217 5170 parte
3270 5103 3405 5154 tiunt

1841 5211 1961 5261 quae
1985 5195 2036 5246 in
2059 5210 2188 5262 pace
2216 5194 2425 5249 sancita
2457 5204 2604 5248 sunt.
2634 5193 2688 5246 ld
2719 5193 2863 5261 quod
2899 5191 3098 5248 fecisse
3127 5195 3402 5248 cernimus

1845 5293 1954 5337 tum
1997 5286 2374 5339 beatissimum
2409 5284 2765 5339 Athanasium
2795 5324 2810 5350 ,
2845 5293 2959 5339 tum
2996 5283 3400 5340 sanctissimum

1179 5391 1200 5422 ⁸
1229 5391 1387 5444 Rom.
1418 5408 1491 5453 ιιι,
1536 5391 1620 5445 16.
1699 5395 1719 5423 ⁸
1750 5396 1890 5449 Psal.
1927 5414 2103 5458 cxuv,
2138 5398 2220 5452 l9.

1653 5512 1885 5571 ΝΟΤΛΞ.

240 5634 422 5706 (9⁸)ῙΠ
456 5631 576 5687 ουδ’
611 5625 907 5706 Βεὲ·.σιη”
940 5694 970 5706 ..
999 5694 1030 5706 ..
1094 5693 1128 5706 ,.
1178 5703 1185 5706 _
1229 5695 1238 5706 .
1309 5692 1321 5702 .

241 5693 351 5774 (to)
381 5704 531 5757 lianc
569 5693 869 5774 epistolam
889 5694 1057 5774 edidit
1090 5693 1573 5774 gote'lerins,_t_._lAll
1608 5694 1724 5774 Mo-

168 5763 312 5834 num.
336 5763 554 5826 'Eccles.
602 5763 817 5831 Crwcae,
856 5783 920 5819 ex
956 5770 1074 5818 cod.
1105 5765 1291 5832 Hegio,
1330 5781 1383 5815 ιι.
1415 5763 1569 5827 i770,
1626 5767 1727 5817 sub

172 5844 388 5896 nurnine
417 5839 704 5906 Nicephori
723 5837 851 5899 Cl’.;
882 5845 935 5887 at
952 5834 1232 5888 Theodoro
1253 5845 1438 5886 nostro
1458 5835 1729 5888 vindicant

1831 5633 1950 5686 cod.
1988 5635 2100 5702 Reg

2107 5674 2119 5685 .
2155 5651 2209 5687 η.
2244 5634 2403 5696 1987,
2446 5650 2555 5704 quo
2585 5636 2667 5690 usi
2705 5645 2918 5688 sumus.
2944 5639 2996 5686 ct
3025 5630 3224 5701 duplex
3254 5644 3400 5701 apo—

1836 5705 2096 5769 graphum
2139 5704 2438 5758 Sirmondi.

1907 5774 1981 5843 (Ἷ
2015 5773 2346 5844 Dogmatica.
