3976 6322
571 361 704 428 164⁵1

1755 364 1815 424 S.
1853 361 2244 424 THEODORI
2283 361 2422 422 5Το
2432 362 2628 422 DITIE

3707 362 3841 424 tots

568 481 869 540 Eusebium
911 498 925 534 :
968 480 1065 551 qui
1101 479 1265 535 ambo
1313 489 1624 535 exterorum
1662 481 2036 536 ordinationes
2076 480 2146 534 fe-

2257 496 2408 543 τατος
2453 478 2732 540 Εὐσέϐιος,
2781 477 3104 548 ὑπερορίους
3146 473 3484 547 χειροτονίας
3528 479 3840 548 ἀμφότεροι

565 591 713 631 cere.
747 575 1002 643 Idemque
1048 589 1196 628 nunc
1246 574 1298 628 in
1343 575 1597 643 praesenti
1633 573 1827 628 haeresi
1860 575 1973 628 ﬁeri
2014 589 2145 628 con-

564 668 818 739 spicitur.
882 664 1074 737 Itaque
1138 666 1445 737 presbyteri
1503 666 1813 731 memorati,
1863 666 1909 720 si
1964 666 2143 736 palam

563 757 807 815 damnati
843 773 948 812 non
975 757 1110 821 sint,
1139 772 1489 827 nequaquam
1519 757 1591 812 ob
1621 757 1890 826 ejusmodi
1922 757 2147 810 ordina-

577 850 784 906 tionem
814 850 1098 905 aversandi
1133 860 1282 914 sunt,
1336 852 1428 905 sed
1475 850 1798 905 admittendi
1844 850 2145 906 secundum

566 955 806 1016 quatuor
840 943 1270 1014 propositiones.

640 1037 1001 1108 Interrogatio
1036 1035 1102 1092 11.
1132 1064 1206 1077 ——
1246 1035 1319 1090 De
1347 1037 1684 1106 presbyteris
1709 1045 1866 1092 extra
1923 1037 2148 1106 provin-

567 1131 705 1186 ciam
743 1132 794 1184 in
843 1129 1031 1187 Sicilia
1088 1131 1359 1184 ordinatis
1389 1149 1402 1185 :
1435 1140 1618 1185 utrum
1646 1131 1862 1185 admitti
1895 1131 2144 1184 debeant.

637 1308 946 1378 Responsio.
974 1341 1042 1351 —
1080 1309 1203 1365 Haec
1229 1311 1588 1381 interrogatio
1618 1311 1816 1366 similis
1849 1320 1932 1365 est
1982 1327 2148 1381 supe-

569 1401 724 1468 riori,
765 1403 891 1456 licet
932 1403 1141 1458 ratione
1191 1404 1298 1457 loci
1329 1403 1649 1473 discrepet:
1699 1404 1932 1458 similem
1962 1405 2148 1474 itaque

570 1493 988 1562 responsionem
1020 1495 1273 1563 accipiet.

643 1584 1003 1656 Interrogatio
1041 1585 1128 1640 III.
1179 1618 1250 1626 —
1307 1587 1383 1641 De
1416 1586 1677 1643 Ecclesiis
1708 1588 2009 1658 inquinatis
2052 1604 2147 1658 per

571 1680 883 1734 sacerdotes
913 1681 1006 1749 qui
1063 1679 1257 1734 haeresi
1299 1682 1777 1735 communicarunt
1804 1720 1820 1744 ,
1863 1696 1892 1733 a
1948 1682 2146 1749 quibus

570 1770 888 1826 detinentur
920 1788 935 1824 :
971 1779 1151 1824 utrum
1206 1772 1256 1823 in
1286 1786 1379 1826 eas
1414 1771 1679 1826 orationis
1711 1771 1796 1827 vel
1824 1772 2142 1842 psalmodiae

569 1879 732 1917 causa
757 1863 964 1931 ingredi
992 1873 1260 1932 Oporteat.

639 1950 948 2020 Responsio.
978 1983 1048 1994 —-
1073 1951 1397 2006 Nullatenus
1445 1952 1496 2006 in
1529 1954 1845 2022 hujusmodi
1880 1954 2144 2009 ecclesias

571 2042 987 2112 ingrediendum
1027 2050 1131 2105 est,
1161 2043 1319 2111 juxta
1349 2043 1542 2097 modos
1571 2053 1899 2098 memoratos
1926 2060 1940 2097 :
1972 2059 2145 2112 quan-

568 2133 860 2202 doquidem
924 2133 1186 2201 scriptum
1218 2140 1303 2186 est
1346 2149 1360 2186 :
1406 2130 1540 2185 Ecce
1589 2133 1912 2203 relinquetur
1959 2135 2144 2186 domus

568 2232 741 2276 uestra
773 2224 982 2276 deserta
1005 2225 1044 2277 ⁸.
1078 2222 1253 2277 Simul
1303 2222 1449 2276 enim
1505 2232 1665 2293 atque
1703 2223 2014 2280 introducta
2063 2233 2148 2277 est

571 2313 814 2376 haeresis,
846 2315 1114 2370 abscessit
1139 2316 1366 2386 angelus
1387 2317 1493 2370 loci
1528 2332 1750 2386 praeses,
1780 2316 1934 2385 juxta
1964 2319 2146 2387 magni

569 2404 759 2460 Basilii
791 2420 980 2460 vocem
1007 2406 1026 2436 ⁷
1059 2423 1073 2458 :
1107 2421 1170 2460 ac
1207 2407 1463 2476 templum
1496 2408 1803 2477 ejusmodi,
1837 2409 2146 2465 communis

570 2505 626 2552 et
663 2496 889 2567 profana
936 2499 1134 2553 domus
1192 2499 1394 2554 factum
1457 2510 1588 2555 est:
1627 2500 1696 2554 Et
1745 2518 1847 2554 non
1893 2504 2144 2566 introibo,

570 2589 788 2659 inquit,
819 2591 874 2642 in
906 2589 1183 2644 ecclesiam
1213 2591 1624 2660 malignantium
1642 2593 1686 2647 ⁸.
1718 2591 1782 2647 Ει
1811 2594 2144 2664 Apostolus:

573 2681 678 2748 Qui
711 2697 999 2736 consensus
1034 2682 1226 2752 templo
1259 2680 1356 2737 Dei
1385 2701 1504 2737 cum
1533 2684 1692 2738 idolis
1715 2687 1735 2716 ’
1759 2684 1782 2740 1

643 2862 998 2933 Interrogatio
1026 2861 1114 2916 IV.
1147 2892 1204 2902 —
1254 2863 1329 2916 De
1382 2864 1629 2918 ecclesiis
1676 2878 1772 2932 per
1809 2863 2027 2918 eosdem
2058 2879 2148 2918 sa-

573 2957 826 3011 cerdotes
859 2955 1102 3023 pollutis,
1138 2954 1231 3010 sed
1254 2971 1375 3024 qua:
1403 2955 1471 3008 ab
1498 2954 1628 3024 ipsis
1660 2970 1766 3009 non
1800 2953 2146 3008 detinentur:

575 3064 706 3103 num
743 3048 796 3101 in
829 3046 938 3102 illis
968 3048 1204 3117 psallere
1240 3058 1292 3102 et
1333 3062 1495 3102 orare
1523 3055 1792 3116 oporteat.

646 3223 954 3295 Responsio.
972 3223 1283 3292 —0portet
1314 3237 1445 3276 sane
1473 3221 1526 3274 in
1550 3236 1643 3275 eas
1663 3219 1920 3274 ecclesias
1946 3219 2148 3272 intrare

573 3319 640 3373 ad
670 3317 1009 3389 psallendum
1037 3325 1093 3370 et
1137 3315 1426 3377 orandum,
1467 3314 1512 3368 si
1551 3313 1713 3366 modo
1744 3312 1848 3366 illa:
1892 3327 2001 3364 non
2032 3326 2148 3363 am-

574 3414 720 3482 plius
754 3410 1074 3481 polluuntur
1105 3409 1174 3462 ab
1212 3407 1500 3472 haereticis,
1525 3406 1618 3461 sed
1650 3406 1719 3460 ab
1750 3404 2069 3460 orthodoxis
2093 3405 2145 3457 in

575 3511 893 3576 perpetuum
958 3502 1294 3556 detinentur.
1375 3498 1748 3554 Constitutum
1810 3507 1993 3552 autem
2057 3495 2146 3550 hic

575 3605 682 3662 est,
710 3605 773 3651 ut
803 3596 872 3649 ab
899 3594 1159 3663 episcopo
1191 3591 1274 3646 vel
1294 3591 1574 3646 sacerdote
1589 3605 1736 3645 sanae
1758 3588 1906 3652 ﬁdei,
1940 3589 2144 3644 solem-

575 3689 661 3744 nis
693 3687 902 3757 apertio
932 3685 1214 3746 ecclesiae,
1254 3682 1496 3738 exhibita
1545 3696 1738 3751 prece,
1795 3682 1911 3736 ﬁat.
1960 3679 2146 3750 Itaque

575 3781 624 3836 si
663 3779 769 3834 hoc
798 3779 908 3844 ﬁat,
940 3787 995 3832 et
1018 3792 1239 3831 sacrum
1281 3774 1356 3829 ibi
1403 3773 1668 3830 celebrari
1719 3789 1826 3829 non
1850 3773 1955 3828 erit
1981 3773 2144 3828 abso-

577 3888 728 3927 num.
767 3869 1026 3938 Exemplo
1058 3867 1131 3921 sit
1171 3876 1391 3921 sanctus
1418 3866 1752 3920 Athanasius
1777 3907 1793 3931 ,
1829 3865 1958 3936 qui,
2019 3881 2142 3920 cum

576 3966 873 4033 imperator
925 3960 1276 4015 Constantius
1324 3959 1499 4028 ipsum
1547 3959 1855 4012 hortaretur
1911 3964 1973 4012 ut.
2005 3957 2146 4013 hanc

576 4071 740 4110 unam
775 4053 1005 4124 gratiam
1035 4050 1379 4113 concederet,
1420 4049 1663 4103 tradendi
1699 4050 1907 4104 scilicet
1928 4049 2145 4102 Arianis

575 4145 717 4215 apud
737 4141 1120 4198 Alexandriam
1152 4139 1415 4210 templum
1439 4154 1603 4194 unum
1635 4139 1727 4194 ubi
1756 4140 2140 4197 convenirent;

576 4237 793 4297 annuit,
839 4234 1002 4288 modo
1037 4233 1151 4302 ipse
1200 4245 1419 4301 quoque
1454 4231 1682 4299 gratiam
1717 4230 1962 4284 eamdem
2000 4230 2146 4284 Con-

577 4328 930 4397 stantinopoli
965 4335 1433 4395 consequeretur,
1497 4333 1557 4377 ut
1612 4338 1806 4392 nempe
1857 4321 2142 4376 orthodoxi

575 4421 933 4476 convenirent
960 4419 1014 4472 in
1053 4419 1315 4488 templum
1361 4430 1552 4476 unum,
1586 4414 1653 4470 ab
1700 4415 1916 4469 Arianis
1952 4414 2137 4467 deten-

576 4525 713 4567 tum.

649 4603 1004 4674 Interrogatio
1035 4602 1100 4657 V.
1153 4633 1222 4642 —
1258 4603 1332 4656 De
1370 4600 1572 4655 sanctis
1618 4597 1712 4668 qui
1765 4598 1818 4652 in
1867 4610 2092 4666 corpore
2131 4612 2144 4646 :

578 4704 761 4752 utrum
816 4694 1024 4765 ingredi
1056 4701 1301 4762 oporteat
1326 4692 1380 4745 in
1411 4706 1600 4746 eorum
1633 4691 1945 4745 cmmeteria
1973 4731 1989 4754 ,
2046 4687 2148 4741 ibi-

578 4797 687 4853 que
715 4795 874 4835 orare
912 4792 967 4836 et
1005 4781 1260 4846 adorare,
1285 4781 1415 4834 dum
1446 4796 1507 4834 ea
1539 4796 1570 4834 a
1609 4780 1830 4849 pollutis
1853 4779 2147 4834 sacerdoti-

578 4873 683 4928 bus
717 4880 990 4926 tenentur.

649 5045 955 5114 Responsio.
986 5074 1057 5086 ——
1080 5044 1200 5099 Non
1227 5046 1492 5115 permittit
1517 5061 1714 5111 canon,
1748 5046 2048 5100 secundum
2080 5062 2142 5100 ea

579 5153 701 5208 quae
729 5140 879 5208 prius
907 5136 1181 5190 declarata
1208 5145 1359 5198 sunt,
1398 5137 1451 5189 in
1482 5152 1672 5190 eorum
1706 5139 2017 5192 cmmeteria
2059 5138 2141 5190 in-

580 5230 768 5284 troire.
817 5228 1090 5297 Scriptum
1122 5238 1205 5281 est
1235 5228 1380 5281 enim
1418 5246 1430 5280 :
1475 5226 1542 5279 Ut
1587 5229 1712 5296 quid
1767 5229 1982 5282 libertas
2027 5245 2141 5282 mea

573 5318 848 5386 judicatur
880 5317 943 5369 ab
972 5317 1145 5370 aliena
1171 5317 1493 5369 conscientia
1523 5316 1606 5369 ’°?
1639 5317 1742 5371 nisi
1782 5317 1917 5373 forte
1945 5335 2006 5372 ex
2044 5335 2141 5374 ne-

581 5409 836 5463 cessitate
859 5448 875 5470 ,
928 5408 1302 5462 tantummodo
1334 5409 1400 5461 ad
1449 5409 1783 5464 venerandus
1819 5410 1990 5463 sancti
2018 5411 2144 5464 reli-

581 5501 757 5570 quias,
794 5498 885 5551 ﬁat
913 5498 1210 5567 ingressus.

652 5589 1007 5661 Interrogatio
1049 5590 1132 5644 Vl.
1171 5624 1231 5633 —
1272 5593 1345 5646 De
1398 5592 1466 5648 iis
1511 5594 1606 5664 qui
1653 5593 1900 5650 habitum
1942 5609 2142 5648 mona-

653 5789 676 5822 ⁸
705 5788 893 5843 Matth.
924 5805 1082 5853 mn,
1119 5791 1209 5844 '58.
1287 5792 1305 5823 ⁷
1345 5790 1517 5860 Epist.
1554 5791 1675 5847 I9I.
1752 5792 1773 5824 ⁸
1814 5791 1958 5848 Psal.
1995 5807 2120 5856 xxv,
2158 5793 2208 5846 5.

2174 1832 2213 1886 Β

2179 4508 2222 4563 D

2248 574 2633 642 ποιησάμενοι.
2663 569 2771 624 Καὶ
2792 569 2887 622 νῦν
2910 569 2966 622 δὲ
2992 569 3053 622 τὸ
3085 569 3214 622 αὐτὸ
3234 570 3429 638 ὁρᾶται
3451 571 3841 640 πραττόμενον

2244 666 2304 716 έν
2345 666 2410 733 τῇ
2451 660 2701 732 παρούσῃ
2732 660 2963 730 αἰρέσει.
2994 659 3158 710 Ὥστε
3185 659 3236 710 οἰ
3277 658 3758 726 ὑποδηλωθέντες,
3796 661 3840 711 εἰ

2244 754 2306 810 οὐ
2343 751 2624 824 προδήλως
2665 750 2770 804 εἰσὶ
2810 749 3268 820 κατεγνωσμένοι,
3313 748 3576 818 οὐδαμῶς
3630 752 3703 802 ὲκ
3750 750 3839 801 τοῦ

2246 845 2420 908 οὕτως
2446 843 2888 916 χειροτονηθῆναι
2911 841 3292 912 ἀποτρόπαιοι,
3315 840 3456 892 ἀλλὰ
3477 840 3839 908 προσδεκτέοι

2246 937 2390 992 κατὰ
2419 937 2692 1004 τέσσαρας
2721 934 3037 1006 προτάσεις.

2329 1028 2646 1097 Ἐρώτησις
2673 1027 2747 1079 B'.
2771 1055 2841 1065 -—-
2868 1027 3008 1095 Περὶ
3039 1025 3144 1078 τῶν
3173 1023 3678 1094 χειροτονηθέντων
3710 1038 3837 1090 πρε-

2249 1121 2524 1190 σϐυτέρων
2558 1119 2823 1190 ὑπερόρια
2859 1120 2917 1171 ὲν
2947 1117 3195 1188 Σικελίᾳο
3245 1117 3294 1167 εἰ
3328 1118 3438 1185 χρὴ
3474 1115 3713 1176 τούτους
3758 1114 3841 1165 δέ-

2246 1229 2305 1282 χε
2315 1211 2456 1264 σθαι.

2327 1302 2680 1370 Ἀπόκρισις.
2697 1299 2952 1352 -Τοῦτο
2979 1298 3040 1351 τὸ
3067 1297 3326 1368 ἐρώτημα
3354 1298 3549 1366 ὅμοιον
3573 1296 3675 1348 τοῦ
3705 1313 3837 1366 προ-

2244 1393 2512 1456 τεθέντος,
2566 1396 2615 1445 εἰ
2678 1395 2772 1446 καί
2840 1392 2961 1445 καθ’
3051 1392 3241 1460 ὕφεσιν
3310 1391 3481 1442 τόπου
3553 1389 3837 1460 ἀνόμοιον.

2259 1484 2481 1553 ὀμοίαν
2506 1483 2747 1554 δηλονότι
2768 1482 2879 1546 ἔξει
2909 1483 3005 1535 καὶ
3026 1482 3123 1552 τὴν
3149 1483 3466 1552 ἀπόκρισιν.

2327 1573 2643 1641 Ἐρώτησις
2672 1572 2748 1627 Γ’.
2782 1603 2849 1612 -
2879 1574 3014 1642 Περί
3057 1572 3166 1625 τῶν
3207 1574 3585 1628 κοινωθέντων
3630 1573 3838 1642 ἔκκλη-

2245 1665 2376 1718 σιῶν
2411 1667 2475 1718 ἐκ
2502 1666 2610 1717 τῶν
2645 1665 2839 1734 ἱερέων
2864 1666 2972 1716 τῶν
3004 1666 3452 1735 κοινωνησάντων
3485 1669 3553 1734 τῇ
3588 1667 3836 1734 αἰρὲσει,

2245 1757 2339 1809 καὶ
2364 1755 2742 1824 κατεχομένων
2765 1757 2852 1807 ὑπ’
2872 1756 3049 1808 αὐτῶν
3070 1773 3084 1786 ·
3113 1757 3162 1808 εἰ
3185 1757 3288 1827 χρὴ
3311 1759 3366 1809 ὲν
3388 1758 3588 1820 αὑταῖς
3605 1758 3838 1810 εἰσιέναι

2245 1849 2404 1918 χάριν
2427 1846 2594 1918 εὐχῆς
2620 1848 2714 1901 καὶ
2739 1847 3077 1916 ψαλμῳδίας.

2327 1943 2684 2008 Ἀπόκρισις.
2713 1972 2779 1982 -
2804 1941 2880 1993 Οὐ
2912 1941 3018 2010 χρὴ
3050 1939 3111 1992 τὸ
3141 1939 3370 1994 καθόλου
3399 1942 3482 2005 εἰς
3503 1942 3612 2004 τὰς
3641 1944 3837 1995 τοιαύ-

2243 2050 2343 2097 τας
2371 2033 2667 2103 ἐκκλησίας
2701 2032 2947 2095 εἰσιέναι,
2990 2032 3132 2085 κατὰ
3171 2033 3298 2095 τοὺς
3337 2035 3678 2104 εἰρημένους
3711 2037 3838 2106 τρό-

2247 2140 2413 2187 πους·
2473 2125 2660 2194 ἐπειδὴ
2697 2125 3027 2193 γέγραπταιο
3096 2122 3240 2178 Ἰδοὺ
3298 2125 3538 2193 ἀφίεται
3591 2129 3628 2180 ὁ
3672 2124 3840 2193 οἶκος

2245 2216 2412 2286 ὑμῶν
2437 2217 2676 2284 ἕρημος.
2700 2217 2854 2286 "Atta
2878 2218 2986 2289 γὰρ
3016 2217 3093 2286 τῷ
3119 2217 3442 2286 εἰσαχθῆναι
3462 2218 3567 2287 τὴν
3594 2220 3836 2289 αἵρεσιν,

2246 2306 2465 2375 άπέπτη
2492 2307 2519 2357 ὁ
2549 2304 2742 2375 ἔφορος
2773 2305 2882 2358 τῶν
2908 2307 3088 2360 ἐκεῖσε
3121 2306 3372 2374 ἄγγελος,
3411 2309 3560 2360 κατὰ
3593 2310 3701 2378 τὴν
3729 2329 3840 2378 σω·

2246 2397 2344 2467 νὴν
2398 2397 2495 2450 τοῦ
2551 2396 2786 2466 μεγάλου
2837 2397 3153 2450 Βασιλείοιν
3206 2399 3302 2452 καὶ
3345 2401 3528 2462 κοινὸς
3597 2397 3753 2466 οἰκος
3809 2403 3838 2454 ὁ

2245 2488 2451 2543 τοιόσδε
2486 2485 2814 2558 χρηματίζει
2847 2489 2993 2550 ναός.
3038 2490 3147 2543 Καὶ
3185 2493 3258 2542 οὐ
3296 2491 3381 2558 μὴ
3420 2492 3712 2556 εἰσέλθω,
3740 2511 3839 2562 φη-

2248 2580 2352 2641 σὶν,
2382 2581 2468 2643 εἰς
2504 2579 2873 2646 Ἐκκλησίαν
2907 2579 3420 2647 πονηρευομένων.
3455 2583 3574 2634 Καὶ
3604 2584 3634 2634 ὁ
3679 2583 3840 2635 Ἀπό-

2250 2669 2465 2732 στολος·
2502 2672 2596 2738 Τίς
2638 2670 3083 2741 συγκατάθεσις
3117 2671 3241 2736 ναῷ
3282 2672 3432 2726 Θεοῦ
3478 2674 3639 2742 μετὰ
3680 2677 3839 2728 εἰδώ-

2253 2764 2379 2814 λων
2404 2777 2424 2824 ,-

2332 2852 2654 2920 Ἐρώτησις
2682 2857 2757 2908 Δθ.
2783 2884 2851 2895 --
2874 2856 3010 2926 Περί
3036 2855 3144 2907 τῶν
3171 2853 3281 2907 τῶν
3304 2855 3693 2910 κοινωθέντων
3751 2860 3839 2912 ὲκ-

2249 2945 2488 3015 κλησιῶν
2513 2946 2616 2999 ὑπὸ
2642 2947 2750 3000 τῶν
2779 2946 2958 3001 αὐτῶν
2981 2948 3190 3017 ἱερέων,
3215 2947 3309 3000 καί
3338 2948 3411 3018 μὴ
3441 2950 3838 3019 κατεχομένων

2250 3036 2341 3088 ὑπ’
2379 3037 2586 3091 αὐτῶν·
2612 3040 2660 3090 εἰ
2690 3037 2794 3109 χρὴ
2824 3040 2883 3092 έν
2910 3041 3028 3102 ταῖς
3050 3038 3325 3103 τοιαύταις
3353 3038 3590 3108 ψάλλειν
3621 3042 3723 3095 καὶ
3752 3040 3839 3095 εὕ-

2251 3127 2462 3199 χεσθαι.

2335 3218 2687 3286 Ἀπόκρισις.
2723 3251 2792 3262 --
2833 3221 2953 3293 Χρὴ
3017 3222 3115 3291 μὲν
3163 3221 3256 3276 οὖν
3310 3223 3542 3276 εἰσιέναι
3607 3224 3670 3276 ἐν
3723 3227 3839 3286 ταῖς

2246 3311 2524 3374 τοιαύταις
2556 3311 2875 3381 ἐκκλησίαις
2921 3316 3002 3376 εἰς
3035 3314 3095 3366 τὸ
3123 3313 3343 3382 ψάλλειν
3393 3316 3486 3366 καὶ
3536 3315 3831 3385 εὔχεσθαι·

2247 3401 2362 3454 ἀλλ’
2408 3403 2567 3472 εἰπερ
2625 3402 2881 3470 ἀσφαλῶς
2930 3403 3130 3474 μηκέτι
3185 3403 3505 3474 χραίνονται
3570 3409 3682 3459 ὑπὸ
3729 3409 3834 3460 τῶν

2245 3496 2544 3568 ὀρθοδόξων
2594 3497 2675 3559 εἰς
2720 3496 2782 3550 τὸ
2811 3497 2918 3550 ἀεί.
2952 3497 3269 3552 Τετύπωται
3317 3498 3372 3550 δὲ
3424 3499 3698 3563 ἐνταῦθα,
3733 3501 3832 3553 ὑπὸ

2248 3587 2592 3658 σεσωσμένοι)
2623 3585 2946 3654 ἐπισκόπου,
2976 3590 3007 3661 ἢ
3038 3589 3225 3660 ἱερέως
3255 3590 3322 3642 τὰ
3346 3590 3562 3654 άνοίξια
3608 3593 3714 3661 τῆς
3737 3594 3827 3643 ἐκ-

2247 3680 2477 3749 κλησίας
2509 3680 2780 3748 γίνεσθαι,
2824 3683 3283 3752 ὑποφωνουμένης
3329 3684 3522 3753 εὐχῆς.
3566 3685 3736 3736 Ὥστε
3783 3686 3827 3736 εἰ

2244 3772 2401 3826 τοῦτο
2430 3773 2660 3840 γένοιτο,
2685 3773 2781 3825 καὶ
2809 3772 2870 3825 τὸ
2898 3773 3230 3842 λειτουργεῖν
3259 3777 3438 3826 ἐκεῖσε
3466 3777 3571 3828 οὐκ
3598 3777 3822 3846 ἀπᾷδον.

2244 3865 2622 3935 Παράδειγμα,
2650 3865 2710 3917 τὸ
2737 3865 2828 3918 τὸν
2859 3863 3013 3933 ἆγιον
3049 3865 3362 3918 Ἀθανάσιον
3389 3866 3497 3918 ὑπὸ
3528 3868 3823 3920 Κωνστανο

2243 3959 2358 4011 τίου
2392 3957 2482 4012 τοῦ
2520 3958 2780 4028 βασιλέως
2801 3955 3286 4027 παρακαλούμενον
3320 3957 3454 4024 μίαν
3486 3957 3700 4028 ταύτην
3731 3959 3823 4027 χά-

2249 4066 2332 4119 ριν
2390 4049 2786 4119 παρασχέσθαι,
2839 4048 2935 4101 τοῦ
2985 4049 3042 4099 ὲν
3101 4046 3482 4116 ’Δλεξανδρεὶα
3538 4049 3638 4101 ἕνα
3702 4051 3822 4102 ναὸν

2244 4141 2578 4211 παραδοῦναι
2603 4143 2708 4203 τοῖς
2740 4141 3036 4210 Ἀρειανοῖς
3060 4140 3139 4202 εἰς
3169 4137 3229 4190 τὸ
3265 4139 3624 4204 συνάγεσθαι,
3655 4158 3818 4193 κατα·

2244 4231 2452 4293 νεῦσαι,
2477 4231 2649 4299 ἄνπερ
2680 4230 2737 4282 ἐν
2768 4227 3334 4282 Κωνσταντινουπόλει
3365 4227 3598 4296 λήψοιτο
3629 4229 3820 4291 καύτὸς

2244 4322 2342 4392 τὴν
2371 4320 2540 4389 αὐτὴν
2570 4321 2746 4390 χάριν,
2781 4319 2874 4371 τοῦ
2907 4318 3232 4386 συνάγεσθαι
3266 4319 3392 4381 τοὺς
3414 4319 3738 4389 όρθοδόξους
3766 4322 3820 4371 ἐν

2246 4412 2327 4465 ὲνί
2347 4411 2459 4480 ναῷ
2492 4408 2838 4480 κατεχομένῳ
2865 4409 2969 4462 ὑπὸ
3007 4409 3318 4481 ’Δρειανῶν.

2330 4589 2643 4657 Ἐρώτησις
2683 4586 2760 4641 Ε’.
2792 4617 2862 4627 ——
2899 4589 3031 4658 Περί
3061 4588 3167 4641 τῶν
3197 4589 3252 4639 ὲν
3291 4587 3505 4657 σώματι
3537 4592 3744 4658 ἁγίων·
3772 4593 3818 4644 ei

2247 4675 2352 4745 χρὴ
2379 4676 2601 4729 εἰσιέναι
2631 4676 2710 4739 εἰς
2733 4675 2799 4727 τὰ
2826 4677 3157 4746 κοιμητήρια
3190 4675 3392 4737 αὐτῶν,
3417 4679 3514 4730 καὶ
3539 4679 3815 4747 εὔχεσθαι,

2247 4770 2342 4823 καί
2372 4771 2696 4840 προσκυνεῖν
2726 4768 2909 4831 αὐτοῖς
2941 4770 3316 4838 κατεχομένων
3363 4766 3464 4838 [ιιι.
3514 4775 3818 4842 κατεχομέ-

2246 4880 2394 4929 νοις,
2438 4862 2511 4917 al.
2569 4859 3021 4932 καταδεχόμενον]
3058 4861 3161 4913 ὑπὸ
3199 4859 3305 4912 τῶν
3355 4861 3700 4930 μιανθέντων
3751 4867 3817 4918 ἰε-

2251 4956 2407 5027 ρέων.

2331 5045 2684 5112 Ἀπόκρισις.
2715 5072 2785 5083 -—
2818 5044 2892 5096 Οὐ
2939 5044 3260 5112 παραχωρεῖ
3308 5043 3512 5111 κανὼν,
3567 5047 3714 5101 κατὰ
3755 5049 3816 5099 τά

2248 5135 2677 5203 προδηλωθέντα,
2722 5135 2945 5188 εἰσιέναι
2991 5135 3072 5196 εἰς
3109 5135 3177 5187 τὰ
3202 5134 3431 5190 τοιαῦτα
3461 5142 3813 5212 κοιμητήρια.

2247 5229 2560 5296 Γέγραπται
2583 5227 2690 5297 γάρ
2715 5243 2728 5256 ⁸
2767 5227 2890 5279 Ἵνα
2917 5224 2975 5277 τί
2998 5223 3036 5290 ή
3067 5223 3378 5293 ἐλευθερία
3402 5245 3528 5297 μου
3560 5233 3814 5298 κρίνεται

2247 5318 2368 5373 ὑπὸ
2398 5317 2592 5384 ἄλλης
2616 5315 3062 5382 συνειδήσεως;
3096 5316 3144 5366 εἰ
3171 5316 3244 5386 μή
3283 5335 3337 5370 τι
3369 5319 3437 5372 ἂν
3469 5320 3529 5386 ἐξ
3556 5323 3811 5391 ἀνάγκης.

2251 5410 2391 5461 κατὰ
2421 5409 2576 5476 μόνον
2608 5407 2668 5461 τὸ
2706 5406 3052 5461 ἀσπάσασθαι
3087 5406 3147 5458 τὸ
3175 5407 3270 5459 τοῦ
3293 5410 3457 5477 ἁγίου
3481 5412 3756 5484 λείψανον,
3785 5418 3811 5485 ἡ

2249 5502 2451 5562 εἴσοδος
2478 5502 2702 5567 γένοιτο.

2335 5593 2652 5660 Ἐρώτησις
2687 5596 2775 5660 ς’.
2807 5623 2872 5632 -
2896 5595 3028 5665 Περὶ
3058 5595 3166 5646 τῶν
3189 5593 3473 5650 λαϐόντων
3501 5597 3565 5652 τὸ
3603 5617 3814 5671 μοναχι-

2288 5793 2306 5824 ⁹
2355 5791 2398 5844 II
2427 5791 2549 5845 Cor.
2593 5807 2664 5855 ιιι,
2696 5791 2779 5844 16.
2857 5792 2898 5822 ¹⁰
2934 5789 2951 5842 1
2982 5791 3105 5846 Cor.
3143 5809 3196 5859 κ,
3229 5793 3322 5850 9-9.
