3976 6322
177 419 328 484 1649

1379 409 1917 471 EPISTOLARUM
1979 409 2123 469 LIB.
2194 409 2276 468 ΙΙ.

3301 415 3439 480 1650

175 532 286 586 κδν
339 529 524 599 σχῆμα
577 529 642 581 ἐκ
681 526 792 582 τῶν
831 526 1196 581 κοινωθέντων
1233 523 1422 596 ἱερέων
1446 541 1460 555 ·
1493 521 1612 586 πῶς
1651 521 1753 593 χρὴ

1873 522 2057 576 sticum
2108 538 2137 575 a
2196 521 2594 579 contaminatis
2632 525 3009 582 sacerdotibus
3065 537 3436 598 acceperunt:

171 622 412 684 τούτους
437 621 707 690 δέχεσθαι.

270 712 632 780 Ἀπόκρισις.
660 743 729 752 -
765 709 1197 782 Ὀμολογοῦντας
1235 703 1631 778 ἧμαρτηκέναι,
1661 708 1758 761 καὶ

171 804 620 875 ἐπιτιμηθέντας
671 803 848 875 χρόνῳ
901 805 1030 868 τινὶ,
1091 797 1193 855 εἷθ’
1248 799 1422 864 οὕτως
1483 799 1758 870 σφραγῖδα

170 898 510 967 δεχομένους
551 896 1050 968 παρασεσωσμένου
1089 893 1485 966 πρεσϐυτέρου,
1525 893 1747 963 προσδε-

169 988 366 1041 κτέον.

271 1077 592 1146 Ἐρώτησις
622 1078 696 1133 Z'.
723 1108 796 1119 —
838 1079 978 1150 IIte
1018 1079 1128 1133 τῶν
1168 1078 1618 1151 ’ὑπογραψάντων
1664 1076 1757 1129 καὶ

169 1172 630 1240 κοινωνησάντων
684 1170 934 1240 μοναχῶν
987 1171 1080 1224 καὶ
1127 1172 1402 1243 κληρικῶν
1442 1173 1498 1222 έν
1539 1172 1604 1239 τῇ
1663 1157 1758 1220 ab?

169 1265 250 1332 τῇ
288 1262 496 1331 αἱρέσει
521 1278 536 1292 ·
588 1262 705 1326 πῶς
739 1263 845 1334 χρὴ
871 1259 1092 1326 τούτους
1120 1264 1366 1334 δέχεσθαι
1389 1279 1402 1293 ·
1444 1262 1612 1334 χωρὶς
1639 1261 1758 1313 ὲπι-

170 1354 392 1424 τιμίου,
456 1353 489 1424 ἢ
528 1354 667 1424 μετά
702 1354 1020 1425 ἐπιτιμίου·
1064 1355 1158 1409 ἐὰν
1207 1354 1509 1426 ὁμολογῶσι
1561 1352 1758 1423 μηκέτι

170 1446 432 1516 ἐνεργεῖν
465 1446 523 1498 ὲν
550 1448 618 1516 τῇ
643 1447 887 1520 ἱερατείᾳ
906 1463 920 1478 ⁸
953 1449 1048 1501 καὶ
1071 1450 1119 1502 εἱ
1145 1447 1357 1515 ἔξεστιν
1382 1448 1534 1518 ἡμῖν,
1559 1445 1758 1500 διδόναι

172 1536 443 1606 ἐπιτίμια
467 1538 579 1600 τοῖς
605 1539 890 1600 τοιούτοις.

272 1628 628 1696 Ἀπόκρισις.
663 1659 732 1669 -
761 1629 934 1698 Άῆλον
960 1628 1041 1681 ὅτι
1079 1628 1217 1699 μετὰ
1236 1629 1347 1681 τῶν
1374 1629 1758 1700 προσηκόντων

168 1721 495 1791 ἐπιτιμίων.
531 1721 655 1786 [Ιῶς
689 1721 798 1792 γὰρ
826 1721 891 1774 ἂν
920 1723 993 1792 μὴ
1021 1721 1147 1785 τοὺς
1180 1722 1425 1792 καρποὺς
1457 1720 1557 1792 τῆς
1590 1738 1756 1792 μετα-

169 1813 330 1876 νοίας
356 1813 814 1884 ἐπιδεικνύμενοι,
842 1808 950 1865 εἷεν
976 1811 1114 1877 ἄξιοι
1141 1812 1484 1883 συναφθῆναῐ
1505 1813 1582 1883 τῷ
1603 1814 1760 1883 ὀρθο-

1862 614 2140 682 quomodo
2173 614 2342 682 recipi
2369 612 2622 668 debeant.

1934 704 2246 774 Responsio.
2289 735 2357 747 ——
2395 705 2454 761 Si
2488 706 2854 762 confiteantur
2884 723 2943 762 se
2979 724 3257 777 peccasse.
3293 721 3349 765 et
3373 713 3441 766 ad

1862 797 2085 867 aliquod
2120 806 2331 867 tempus
2352 799 2739 868 paenitentiam
2759 800 2988 870 egerint,
3017 809 3184 870 atque
3205 803 3278 857 ita
3307 817 3441 858 con-

1861 889 2230 959 signationem
2259 888 2457 944 deinde
2483 892 2553 945 ab
2584 899 2747 946 recta:
2775 890 2899 945 lidei
2929 890 3249 962 presbytero
3287 907 3443 949 acce-

1860 980 2060 1049 perint,
2098 980 2420 1034 admiltendi
2446 990 2594 1035 sunt.

1931 1069 2290 1141 Interrogatio
2317 1070 2429 1126 VII.
2460 1099 2530 1110 —
2571 1068 2648 1125 De
2688 1069 2976 1124 monachis
3012 1078 3067 1124 et
3095 1070 3313 1126 clericis
3346 1073 3442 1142 qui

1859 1162 2040 1218 eidem
2082 1163 2279 1218 haeresi
2318 1163 2767 1232 subscripserunt
2815 1162 3439 1234 communicaruntque:

1861 1253 2141 1322 quomodo
2177 1253 2475 1322 recipiendi
2508 1254 2618 1307 sint
2649 1269 2664 1306 :
2698 1254 2816 1306 sine
2845 1253 3187 1322 paenitentia,
3218 1268 3287 1307 an
3316 1268 3442 1310 cum

1859 1346 2184 1416 poenitentia
2223 1364 2237 1400 :
2281 1347 2327 1401 si
2386 1343 2621 1416 professi
2674 1344 2881 1398 fuerint
2934 1359 2994 1398 se
3040 1360 3150 1399 non
3206 1346 3443 1416 amplius

1860 1453 2016 1492 sacra
2047 1440 2235 1494 munia
2282 1439 2534 1493 obituros
2565 1457 2577 1492 :
2608 1444 2663 1492 et
2697 1452 2830 1492 num
2871 1437 3034 1493 liceat
3069 1439 3230 1493 nobis
3263 1440 3441 1509 paeni-

1861 1534 2061 1586 tentias
2095 1532 2297 1587 talibus
2332 1532 2632 1603 imponere.

1932 1621 2246 1694 Responsio.
2279 1654 2350 1664 —
2377 1625 2577 1697 Utique
2598 1644 2724 1684 cum
2749 1628 3085 1700 pmnitentiis
3110 1627 3443 1684 convenien-

1860 1715 2043 1783 tibus;
2077 1731 2187 1786 quo
2231 1717 2376 1770 enim
2413 1719 2579 1774 modo
2601 1763 2616 1788 ,
2661 1723 2767 1776 nisi
2799 1721 3060 1776 exhibitis
3093 1718 3444 1791 (poenitentiae

1861 1808 2151 1873 fructibus,
2169 1808 2316 1879 digni
2340 1811 2447 1865 sint
2467 1813 2559 1881 qui
2583 1813 2891 1869 orthodoxo
2912 1814 3128 1884 corpori
3144 1811 3444 1867 uniantur?

165 1874 324 1973 665m
371 1874 868 1976 σώματα-διδόναι
915 1902 970 1954 δὲ
1021 1874 1114 1956 καὶ
1157 1874 1302 1972 ἡμᾶς
1349 1874 1604 1972 ἐπιτίμια
1636 1874 1753 1965 ’τοῖς

1873 1899 1961 1954 llis
1997 1913 2179 1955 autem
2219 1911 2276 1970 et
2305 1918 2332 1956 a
2366 1903 2527 1957 nobis
2562 1906 2915 1974 poenitentias
2945 1874 3179 1977 iniungi,
3213 1920 3321 1959 non
3359 1913 3443 1959 est

167 1997 468 2062 τοιούτοις,
506 1997 609 2048 ούκ
645 1995 991 2064 ἀποκριτέον.
1021 1994 1337 2064 Γέγραπται
1367 1995 1496 2066 γὰρ,
1537 1993 1755 2062 Ἀλλή-

167 2094 308 2144 λων
328 2088 398 2142 τὰ
412 2086 576 2156 ,ϐάρη
593 2084 938 2150 βαστάζετε,
955 2087 1053 2139 καὶ
1078 2086 1265 2153 οὕτως
1286 2085 1758 2153 ἀναπληρώσατε

168 2182 291 2237 τὸν
321 2183 510 2251 νόμον
534 2181 643 2234 τοῦ
677 2180 957 2248 Χριστοῦ.

268 2272 585 2341 Ἐρώτησις
615 2274 695 2327 Η’.
727 2303 795 2314 -
821 2273 954 2342 Περὶ
982 2271 1091 2325 τῶν
1120 2270 1368 2341 μοναχῶν
1395 2270 1505 2323 τῶν
1534 2269 1758 2338 ἀδιαφό-

177 2375 297 2429 ρως
326 2358 783 2430 παραϐαλλὸντων
811 2362 924 2422 τοῖς
948 2359 1192 2430 τυχοῦσι,
1218 2361 1311 2413 καὶ
1343 2359 1756 2430 συνευχομένοις

174 2453 281 2503 καὶ
310 2451 681 2506 συνεσθίουσιν
707 2452 925 2516 αὐτοῖς’
955 2455 1003 2505 εἱ
1036 2451 1139 2523 χρὴ
1169 2452 1414 2522 δέχεσθαι
1435 2453 1561 2515 τοὺς
1576 2448 1757 2504 τοιού-

173 2558 312 2604 τους
335 2542 416 2603 εἰς
448 2542 798 2594 συνεστίασιν
835 2542 928 2596 καὶ
957 2543 1294 2612 ψαλμῳδίαν.

267 2631 634 2701 Ἀπόκρισις.
662 2663 730 2672 -
760 2633 865 2687 Τοῦ
902 2634 1222 2688 Ἀποστόλου
1258 2633 1505 2701 λέγοντος
1527 2650 1542 2664 °
1575 2633 1754 2689 Στέλ-

171 2727 394 2780 λεσθαι
421 2723 578 2793 ὑμᾶς
605 2724 728 2779 ἀπὸ
753 2726 981 2791 παντὸς
1005 2725 1272 2793 ἀδελφοῦ
1305 2725 1572 2790 ἀτάκτως
1596 2741 1755 2791 περι-

171 2818 541 2884 πατοῦντος,
570 2819 667 2872 καὶ
691 2818 778 2888 μὴ
817 2820 969 2874 κατὰ
995 2818 1112 2886 τὴν
1138 2818 1475 2887 παράδοσιν
1501 2817 1582 2885 ἢν
1607 2832 1755 2886 παρ-

167 2911 401 2966 έλαϐον
433 2912 570 2979 παρ’
600 2913 798 2982 τίὀιιιιῖιν⁸
829 2913 946 2976 πῶς
1005 2914 1126 2984 ούχὶ
1169 2913 1266 2967 καὶ
1313 2914 1404 2982 ἀφ’
1441 2914 1648 2967 ἑαυτῶν
1692 2913 1754 2965 τὸ

170 3004 346 3058 καλὸν
384 3005 635 3076 κρίνετε;
666 3008 715 3059 εἱ
748 3006 848 3076 μὲν
887 3003 978 3061 οὖν
1008 3007 1331 3077 ἀπόσχοιντο
1363 3008 1459 3078 τῆς
1499 3007 1752 3078 ὲφαμάρ-

169 3115 274 3152 του
311 3098 622 3169 συνηθείας,
657 3099 1076 3168 καταδεχόμενοέ
1106 3118 1165 3152 τε
1196 3103 1292 3154 καὶ
1333 3103 1613 3169 ἐπιτιμίαν
1653 3101 1752 3170 τὴν

173 3191 588 3261 προσήκουσαν,
617 3191 845 3243 δεκτέοι.
885 3190 1272 3262 Ἐπιτηρητέον
1320 3192 1374 3247 δὲ
1423 3193 1565 3256 τίνες
1611 3191 1749 3246 εἱσὶν

171 3282 271 3346 οὓς
325 3283 463 3351 φῆτε
522 3282 852 3349 τυχόντας·
908 3279 1018 3354 ἆρα
1066 3284 1352 3354 αἱρετικοὶ,
1392 3285 1426 3353 ἢ
1469 3285 1750 3355 προδήλως

173 3376 624 3444 κατεγνωσμένοι
651 3375 742 3427 ἐπὶ
770 3375 847 3445 τῷ
876 3376 974 3445 βίῳ
1001 3393 1016 3439 ;
1053 3378 1178 3446 περὶ
1207 3377 1314 3428 τῶν
1339 3377 1593 3430 τοιούτων
1622 3378 1752 3447 γὰρ,

172 3469 345 3538 φησὶν
379 3470 407 3520 ὁ
446 3466 789 3532 Ἀπὸστολοςο
833 3469 973 3522 Ἐάν
994 3486 1082 3534 τις
1112 3469 1373 3538 ἀδελφὸς
1400 3471 1752 3540 ὀνομαζόμε-

170 3579 286 3624 νος
324 3562 568 3628 πόρνος,
597 3560 634 3627 ἢ
670 3561 1062 3628 πλεονέκτης,
1093 3561 1128 3629 ἣ
1165 3562 1638 3630 εἰδωλολάτρης,
1660 3564 1754 3616 καὶ

170 3651 243 3704 τὰ
271 3650 398 3719 ἑξῆς
422 3665 437 3680 ’
474 3649 554 3714 τῷ
578 3651 825 3714 τοιούτῳ
843 3650 998 3719 μηδὲ
1018 3655 1386 3706 συνεσθίειν.

263 3741 580 3812 Ἐρώτησις
627 3741 702 3796 Θ’.
739 3772 806 3781 -—-
851 3744 985 3812 Περὶ
1033 3745 1140 3796 τῶν
1191 3745 1595 3816 πρεσϐυτέρων,
1646 3747 1753 3798 τῶν

175 3834 539 3912 βέὅρωκότων
587 3834 726 3905 μετὰ
765 3834 873 3888 τῶν
907 3836 1194 3906 αἱρετικῶν
1223 3838 1368 3902 ἅπαξ
1397 3839 1491 3892 καὶ
1524 3839 1624 3902 δὶς,
1660 3839 1753 3890 καὶ

177 3926 258 3998 μὴ
287 3926 755 3996 κοινωνησάντων,
791 3927 823 3995 ἢ
859 3928 1374 3998 ὑπογραψάνςιων,ἢ
1412 3930 1753 3998 συλλειτουρ-

173 4019 465 4087 γησὰντων
488 4033 502 4047 ⁸
535 4019 584 4070 εί
623 4016 728 4090 χρὴ
767 4019 891 4081 τοὺς
925 4019 1198 4082 τοιούτους
1225 4021 1473 4089 δέχεσθαι
1514 4023 1592 4082 εἰς
1623 4038 1750 4071 συν-

174 4109 442 4175 εστίασιν,
487 4109 582 4163 κα)⁸
608 4109 947 4181 ψαλμῳδίαν,
990 4112 1155 4180 χωρὶς
1199 4112 1488 4180 σφραγῖδος
1534 4111 1566 4182 ἢ
1614 4109 1752 4180 μετὰ

175 4201 498 4269 σφραγῖδος.

262 4293 614 4361 Ἀπόκρισις.
639 4322 710 4333 -—
743 4294 868 4348 Ἑπὶ
892 4293 999 4346 τῶν
1025 4292 1280 4348 τοιούτων
1310 4293 1592 4363 τηρητέον,
1627 4295 1672 4345 εξ
1700 4295 1749 4346 οἱ

177 4384 523 4456 βεϐρωκότες
559 4387 725 4456 ἱερεῖς
768 4385 908 4455 μετὰ
938 4387 1128 4454 ἱερέων
1168 4387 1461 4456 αἱρετικῶν
1490 4387 1522 4457 ἢ
1551 4387 1751 4440 λαῖκῶν

174 4476 403 4544 ἔφαγον,
441 4489 538 4530 και
561 4477 1006 4547 ὁμολογουμένων
1048 4477 1080 4545 ἢ
1115 4477 1583 4548 ὀρθοφρονούντων
1629 4480 1748 4547 μὲν,

1779 3233 1826 3296 C

1866 1992 2311 2062 improbandum.
2357 1992 2632 2064 Scriptum
2680 1998 2823 2050 enim
2874 2007 2958 2051 est
2991 2015 3004 2050 :
3035 1996 3182 2051 Alter
3220 1997 3441 2050 alterius

1865 2101 2025 2138 onera
2064 2094 2292 2153 portate,
2334 2096 2384 2138 et
2413 2087 2492 2138 sic
2523 2086 2808 2154 adimplete
2851 2087 3018 2156 legem
3051 2085 3247 2141 Christi
3277 2088 3340 2139 “.

1935 2269 2292 2340 Interrogatio
2323 2270 2459 2325 Vlll.
2497 2299 2567 2311 —
2600 2271 2676 2327 De
2700 2272 2983 2327 monachis
3014 2272 3107 2343 qui
3134 2270 3443 2342 promiscue

1863 2375 1989 2416 cum
2028 2361 2204 2416 obviis
2239 2361 2577 2430 quibuslibet
2619 2362 2991 2426 conveniunt,
3030 2377 3248 2432 unaque
3284 2372 3444 2417 orant

1863 2466 1929 2507 ac
1952 2453 2135 2508 cibum
2169 2461 2396 2508 sumunt
2425 2469 2440 2505 :
2468 2461 2655 2506 utrum
2687 2451 2756 2506 ad
2789 2465 3134 2506 communem
3169 2452 3348 2508 cibum
3385 2462 3443 2508 et

1863 2544 2222 2615 psalmodiam
2261 2543 2472 2598 admitti
2503 2543 2759 2598 debeant.

1937 2633 2249 2703 Responsio.
2275 2662 2346 2672 —
2375 2632 2511 2686 Cum
2555 2633 2853 2704 Apostolus
2896 2631 3042 2687 dicat
3074 2650 3092 2689 ι,
3126 2630 3194 2687 Ut
3223 2635 3440 2688 subtra-

1860 2728 2000 2779 hatis
2033 2743 2116 2780 vos
2149 2726 2212 2779 ab
2243 2726 2387 2778 omni
2416 2725 2585 2796 fratre
2611 2725 2918 2781 ambulante
2946 2726 3246 2781 inordinate
3266 2735 3441 2780 etnon

1860 2818 2144 2872 secundum
2175 2817 2515 2873 traditionem
2549 2835 2707 2889 quam
2754 2828 3067 2888 acceperunt
3106 2836 3138 2873 a
3175 2817 3324 2873 nobis
3350 2819 3436 2884 ";

1860 2912 2136 2979 quomodo
2181 2927 2288 2965 non
2317 2927 2385 2966 ex
2414 2912 2570 2966 vobis
2601 2912 2736 2980 ipsis
2765 2913 2910 2980 quod
2946 2912 3149 2966 bonum
3178 2921 3262 2966 est
3293 2911 3440 2981 judio

1861 3002 2034 3056 catis?
2071 3003 2276 3072 Itaque,
2307 3004 2351 3056 si
2380 3018 2410 3056 a
2451 3018 2621 3073 prava
2669 3002 3070 3058 consuetudine
3103 3002 3436 3068 destiterint,

1859 3099 2283 3166 acceperintque
2309 3096 2722 3151 convenientem
2779 3097 3156 3166 paenitentiam
3183 3135 3199 3161 ,
3236 3095 3437 3152 admit-

1861 3189 2007 3242 tendi
2037 3198 2187 3242 sunt.
2216 3188 2628 3243 Observandum
2657 3199 2841 3244 autem
2875 3197 2960 3244 est
2993 3189 3217 3260 quinam
3258 3190 3367 3244 sint
3399 3190 3436 3246 ii

1856 3298 1996 3353 quos
2027 3283 2232 3337 vocatis
2274 3282 2447 3335 obvios
2492 3283 2750 3353 quoslibet
2781 3299 2800 3337 :
2828 3299 2958 3337 num
3009 3283 3288 3349 hmretici,
3341 3293 3438 3338 aut

1857 3376 2033 3444 palam
2080 3375 2311 3443 culpata:
2353 3375 2516 3428 vitae?
2564 3373 2638 3429 De
2670 3376 2871 3431 talibus
2902 3376 3102 3446 quippe
3141 3375 3436 3446 Apostolus

1856 3468 1932 3520 ait
1962 3487 1973 3519 :
2009 3464 2066 3520 Si
2097 3466 2142 3518 is
2167 3467 2257 3534 qui
2285 3467 2453 3534 frater
2483 3468 2809 3530 nominatur,
2864 3477 2939 3522 est
2972 3468 3284 3536 fornicator,
3339 3477 3434 3522 aut

1856 3574 2069 3618 avarus,
2107 3565 2201 3609 aut
2236 3556 2399 3608 idolis
2431 3559 2681 3624 serviens,
2716 3569 2772 3612 et
2808 3573 2930 3627 quae
2952 3567 3290 3629 sequuntur;
3314 3575 3435 3614 cum

1855 3650 2118 3704 eiusmodi
2142 3667 2234 3703 nec
2263 3651 2433 3702 cibum
2464 3667 2668 3704 sumere
2691 3650 2756 3706 ¹³.

1926 3741 2288 3812 Interrogatio
2317 3741 2409 3795 1x.
2446 3772 2516 3782 —
2548 3742 2624 3796 De
2646 3742 2981 3813 presbyteris
3015 3744 3109 3814 qui
3146 3746 3313 3800 semel
3340 3756 3435 3801 aut

1854 3833 2053 3888 iterum
2080 3851 2206 3889 cum
2239 3835 2511 3890 lizereticis
2545 3835 2732 3890 cibum
2761 3848 3137 3906 sumpserunt,
3189 3852 3298 3892 non
3348 3848 3432 3894 ta-

1856 3942 1979 3980 men
2009 3927 2558 3981 communicaverunt
2585 3927 2671 3981 vel
2703 3929 3170 3998 subscripserunt,
3205 3941 3297 3984 aut
3325 3948 3431 3986 una

1855 4019 2027 4074 sacris
2059 4021 2268 4089 operati
2301 4033 2470 4075 sunt:
2501 4020 2684 4074 sintne
2746 4022 2810 4074 ad
2859 4037 3204 4077 communem
3249 4025 3432 4080 cibum

1853 4126 1908 4169 et
1949 4116 2314 4185 psalmodiam
2352 4116 2712 4183 admittendi,
2757 4117 2964 4186 absque
2999 4119 3433 4189 consignatione,

1854 4210 1938 4264 vel
1961 4225 2087 4264 cum
2117 4209 2561 4280 consignatione.

1925 4303 2240 4370 Responsio.
2267 4331 2334 4343 -——
2374 4303 2433 4356 ln
2471 4304 2592 4358 istis
2623 4304 3024 4360 observandum
3056 4317 3178 4370 est,
3231 4322 3300 4360 an
3341 4322 3434 4361 su-

1853 4395 2102 4449 cerdotes
2167 4394 2259 4462 qui
2325 4394 2507 4448 cibum
2553 4405 2938 4465 sumpserunt,
2988 4411 3110 4450 cum
3168 4395 3436 4453 haereticis

1856 4486 2266 4550 sacerdotibus,
2327 4500 2394 4538 an
2443 4503 2566 4542 cum
2623 4486 2775 4564 laicis
2826 4489 3176 4556 sumpserint,
3210 4500 3264 4544 et
3301 4506 3433 4545 num

175 4568 580 4623 κοινωνούντων
601 4569 658 4622 δὲ
677 4573 789 4631 τοῖς
811 4571 1122 4638 αἱρετικοῖς.
1149 4571 1346 4634 Μεῖζον
1365 4570 1471 4639 γὰρ
1495 4571 1554 4621 τὸ
1577 4574 1752 4639 κρῖμα

1873 4594 1982 4634 :um
2021 4578 2090 4633 iis
2121 4579 2216 4648 qui
2271 4588 2416 4633 recte
2467 4578 2688 4648 quidem
2750 4580 3048 4646 sentirent,
3121 4582 3216 4636 sed
3280 4597 3436 4637 com-

176 4660 273 4712 ὲπὶ
317 4658 425 4712 τῶν
471 4657 806 4728 ἱερωμένων.
847 4657 1122 4727 Μετανοίᾳ
1162 4659 1216 4711 δὲ
1248 4659 1511 4729 ἀξιολόγῳ
1557 4659 1752 4712 ἑκατέ-

179 4768 309 4822 ρους
346 4751 706 4822 προσδεκτέον
757 4751 1082 4820 κοινωνῆσαι
1130 4752 1312 4815 αὐτοῖς
1355 4751 1500 4806 ἁλῶν
1536 4769 1625 4814 τε,
1658 4751 1752 4804 καὶ

175 4844 497 4914 προσευχῶν
545 4843 642 4915 [ιιι.
685 4844 859 4898 ἄλὶων
915 4860 972 4896 τε
1020 4844 1360 4917 προσευχῶν]
1440 4846 1532 4897 καὶ
1580 4861 1751 4912 σφρα-

175 4935 344 5004 γῖδος.

265 5030 583 5097 Ἐρώτησις
634 5027 688 5082 Ι’.
722 5059 792 5069 --
835 5029 968 5100 Περὶ
1007 5029 1117 5080 τῶν
1166 5025 1599 5096 ύπογραψάντων
1655 5044 1749 5078 κο-

180 5122 393 5192 σμικῶν
448 5125 508 5175 έν
551 5124 616 5192 τῇ
659 5121 869 5192 αἱρέσει
921 5121 1015 5175 καὶ
1065 5123 1498 5173 κοινωνούντων⁸
1553 5121 1600 5170 εἱ
1649 5119 1753 5189 χρὴ

176 5216 290 5276 τοῖς
319 5215 585 5274 τοιούτοις
615 5215 899 5280 κοσμικοῖς
940 5211 1255 5283 ὀρθοδόξους
1290 5211 1588 5280 κοσμικοὺς
1624 5226 1750 5262 συν-

177 5305 402 5361 εσθέειν.

261 5399 625 5468 Ἀπόκρισις.
650 5427 717 5438 --
761 5397 827 5450 Ἦ
854 5397 1164 5468 ἀδιαφορία,
1193 5397 1300 5449 τῶν
1343 5395 1530 5449 κακῶν
1570 5395 1630 5447 τὸ
1663 5396 1749 5446 αῖ-

177 5506 310 5542 τιον.
354 5489 680 5558 Ἁναμέσον
709 5487 839 5557 γὰρ,
873 5490 1025 5558 φησὶ,
1049 5489 1306 5556 καθαροῦ
1346 5487 1443 5540 καὶ
1475 5487 1748 5551 βεϐήλου

179 5585 249 5635 οὐ
267 5581 646 5636 διέστελλον.
683 5581 800 5650 Χρὴ
830 5576 944 5642 οὖν,
979 5583 1134 5648 εἰπερ
1159 5579 1394 5650 ζηλωταί
1420 5580 1558 5630 εἱσιν
1587 5578 1635 5629 οἱ
1660 5575 1750 5646 ὀρ-

181 5674 537 5741 θοδοξούντες,
575 5673 652 5744 μὴ
685 5673 1001 5743 προσίεσθαι
1046 5674 1173 5736 τοὺς
1205 5672 1479 5736 τοιούτους
1510 5673 1591 5731 εἰς
1619 5687 1748 5722 συν-

249 5853 286 5880 ιι
324 5851 503 5904 Galat.
546 5863 618 5913 ιν,
656 5851 712 5902 2.

793 5854 830 5882 ”
863 5850 900 5904 ll
929 5850 1118 5906 Thess.
1160 5868 1236 5917 ιιι,
1274 5853 1325 5905 6.
1406 5855 1447 5886 ⁸³
1477 5853 1496 5905 Ι
1523 5853 1647 5906 Cor.
1687 5869 1733 5914 ν,
1776 5853 1856 5904 ll.

1859 4670 2202 4724 municarent
2257 4684 2382 4724 cum
2447 4669 2742 4724 hazreticis.
2794 4670 2968 4740 Majus
3020 4672 3168 4726 enim
3222 4675 3432 4729 crimen

1856 4771 1940 4814 est
1973 4761 2028 4814 in
2073 4761 2304 4815 sacratis
2350 4760 2688 4818 hominibus.
2727 4760 2957 4831 Utrique
2983 4777 3146 4831 porro
3169 4779 3292 4817 cum
3318 4780 3434 4835 pa:-

1856 4850 2089 4905 nitentia
2141 4851 2408 4920 condigna
2469 4853 2674 4921 suscipi
2720 4852 2952 4917 debent,
2997 4863 3052 4906 ct
3107 4854 3318 4909 admitti
3363 4856 3433 4911 ad

1855 4943 2304 4997 communionem
2337 4945 2491 5010 salis,
2529 4953 2584 4998 et
2614 4960 2864 5014 precum,
2894 4954 2949 4998 et
2980 4948 3430 5016 consignationis.

1934 5031 2290 5103 Interrogatio
2325 5033 2396 5088 Χ.
2426 5064 2494 5072 —
2537 5036 2611 5090 De
2642 5035 2998 5090 saecularibus
3023 5039 3114 5103 qui
3154 5038 3207 5091 in
3240 5040 3434 5095 haeresi

1854 5123 2301 5191 subscripserunt
2325 5125 2909 5194 communicaruntque
2931 5145 2941 5177 :
2965 5137 3145 5180 utrum
3173 5143 3298 5182 cum
3327 5131 3435 5185 illis

1855 5215 2210 5270 saecularibus
2249 5216 2544 5272 saeculares
2595 5219 2933 5272 orthodoxos
2987 5219 3165 5272 cibum
3216 5237 3433 5277 sumere

1855 5308 2165 5359 c0nveniat.

1934 5397 2242 5465 Responsio.
2274 5429 2343 5438 -—
2384 5398 2526 5452 Usus
2550 5401 2898 5469 promiscuus
2936 5416 3099 5457 causa
3147 5413 3230 5457 est
3257 5403 3430 5457 malo-

1860 5507 2003 5544 rum.
2041 5492 2132 5544 Ait
2164 5492 2310 5546 enim
2350 5509 2364 5545 :
2401 5490 2549 5546 Inter
2596 5495 2848 5548 mundum
2891 5504 2940 5547 et
2983 5495 3269 5565 profanum
3326 5515 3430 5551 non

1860 5583 2156 5635 [rubuerunt
2198 5583 2507 5637 distantiam
2540 5586 2604 5648 ν’,
2649 5587 2835 5657 Itaque
2869 5587 3156 5642 orthodoxi
3209 5589 3428 5654 debent,

1860 5675 1904 5727 si
1936 5674 2051 5727 zelo
2075 5671 2326 5743 ﬂagrant,
2355 5676 2489 5730 tales
2526 5678 2591 5731 ad
2621 5688 2961 5733 communem
2995 5679 3174 5733 cibum
3203 5697 3308 5734 non
3330 5682 3428 5736 ad-

1940 5857 1978 5886 ”
2012 5852 2208 5908 Ezech.
2244 5872 2378 5919 nu,
2414 5857 2502 5909 ‘26.
