3976 6322
572 385 702 450 1651

1775 383 1832 442 S.
1865 383 2070 442 ΤΗΕο
2081 381 2263 442 DORI
2312 383 2653 443 STUDIT/E

3694 377 3830 441 1652

568 507 804 569 mittere,
828 503 932 558 nisi
955 502 1104 573 prius
1128 515 1318 571 poenas
1337 514 1433 566 pro
1460 497 1707 568 improba
1739 498 2141 567 subscriptione

2258 500 2506 562 εστίασιν,
2544 501 2591 550 sl
2649 499 2723 568 μὴ
2766 499 3031 568 πρότερον
3075 497 3216 567 ὑπὲρ
3264 494 3364 563 τῆς
3396 495 3650 565 πονηρᾶς
3699 494 3833 546 ὕπο-

565 597 818 652 dederint
839 635 852 655 .
886 608 1053 664 seque
1107 593 1174 646 ab
1215 591 1469 645 heretica
1502 589 1891 644 communione
1924 590 2140 644 abstra-

567 687 767 742 xerint.
802 685 905 740 Sed
943 684 1202 754 quoniam
1236 681 1404 751 aliqui
1440 680 1510 734 ob
1540 681 1847 750 angustias,
1881 679 2010 733 dum
2041 695 2138 750 pe-

568 778 742 832 ricula
789 777 1029 847 fugiunt,
1064 774 1317 830 haeretica
1349 771 1735 826 communione
1774 770 2136 839 polluuntur:

570 871 692 934 bos,
729 885 859 924 casu
913 867 1115 921 factum
1176 865 1228 918 id
1275 878 1394 917 esse
1437 861 1764 916 conﬁtentes
1789 902 1804 925 ,
1835 871 2043 929 Oportet
2073 861 2140 914 ad

568 961 881 1015 convictum
905 959 1193 1013 admittere
1229 975 1242 1010 :
1277 971 1386 1010 non
1421 963 1598 1008 tamen
1641 954 2140 1016 indiscriminatim,

569 1053 663 1106 sed
696 1052 1033 1123 indulgentia
1065 1049 1301 1120 quadam
1339 1047 1568 1115 tempori
1615 1048 2045 1108 accommodata,
2089 1053 2140 1100 et

568 1159 690 1213 qua:
715 1146 998 1213 utriusque
1014 1142 1200 1196 aﬂerat
1218 1139 1672 1201 emolumentum,
1694 1153 1799 1192 non
1822 1145 2002 1191 autem
2028 1138 2147 1192 ani-

570 1248 673 1288 ma
702 1235 1108 1287 detrimentum.

651 1326 1000 1396 Interrogatio
1027 1324 1121 1380 Xl.
1173 1355 1244 1364 —
1288 1325 1363 1380 De
1399 1324 1465 1379 iis
1493 1321 1586 1391 qui
1621 1320 1887 1389 baptizari
1933 1321 2144 1384 volunt,

571 1416 616 1468 si
650 1429 760 1468 non
797 1417 1104 1484 reperiatur
1158 1416 1415 1470 sacerdos
1459 1412 1799 1468 orthodoxus
1848 1422 1943 1465 aut
1974 1412 2147 1466 incul-

572 1517 732 1570 palus
769 1520 782 1554 :
819 1519 886 1557 an
919 1505 1182 1572 baptizari
1211 1513 1460 1573 oporteat
1505 1517 1534 1554 a
1573 1502 1945 1556 sacerdotibus
1975 1503 2148 1572 pollu-

572 1595 643 1645 tis
687 1592 1018 1661 minimeque
1045 1593 1425 1661 proclamatis,
1466 1588 1739 1657 praecipue
1769 1589 1812 1640 si
1856 1604 2005 1643 mors
2046 1589 2149 1640 im-

571 1684 797 1738 mineat.

643 1775 954 1845 Responsio.
994 1808 1063 1817 —
1100 1776 1424 1846 llujusmodi
1456 1779 1690 1832 formula
1721 1778 1843 1832 istic
1874 1792 1902 1830 a
1935 1775 2151 1830 confes-

573 1843 817 1927 soribus,
853 1868 1147 1935 episcopis,
1186 1843 1242 1920 et
1291 1869 1595 1936 praepositis
1625 1867 1960 1936 promulgata
2011 1873 2094 1918 est
2126 1882 2139 1916 :
2180 1843 2220 1897 Β

573 1955 642 2010 iis
694 1957 1027 2026 presbyteris
1057 1995 1073 2020 ,
1132 1957 1225 2026 qui
1280 1968 1500 2027 propter
1547 1958 1985 2012 communionem
2016 1970 2140 2010 cum

574 2047 867 2114 haereticis,
907 2063 937 2101 a
976 2049 1149 2102 sacris
1183 2048 1374 2104 olIieiis
1418 2050 1625 2104 exclusi
1678 2059 1845 2114 sunt,
1901 2047 2139 2116 permitti

575 2147 654 2200 ut,
701 2137 746 2190 si
776 2153 882 2191 non
920 2138 1230 2192 inveniatur
1269 2141 1526 2194 sacerdos
1576 2140 1863 2207 inculpata:
1897 2139 2041 2202 ﬁdei,
2089 2146 2143 2192 et

574 2227 873 2297 baptizent,
907 2237 960 2282 et
987 2240 1327 2282 sacramenta
1356 2231 1575 2282 tradant
1605 2247 1618 2282 :
1653 2244 1774 2297 quae
1816 2243 1912 2296 per
1959 2241 2144 2281 sacer-

574 2321 755 2373 dotem
809 2320 1031 2374 minime
1081 2322 1252 2389 culpae
1309 2321 1520 2375 allinem
1559 2329 1872 2374 consecrata
1917 2318 2139 2373 fuerint.

580 2412 833 2464 Habitum
865 2427 1088 2481 quoque
1124 2414 1492 2466 monasticum
1529 2413 1678 2476 dent,
1727 2427 1790 2465 ac
1833 2426 2020 2480 preces
2065 2411 2144 2464 fa-

575 2501 724 2555 ciant
763 2501 816 2552 in
846 2502 1141 2568 exsequiis,
1166 2511 1218 2554 et
1245 2501 1595 2568 Evangelium
1633 2503 1685 2553 iu
1711 2501 1989 2554 matutinis
2015 2514 2143 2568 pro-

580 2592 850 2654 nuntient,
879 2599 933 2644 et
967 2605 1163 2657 aquam
1194 2588 1672 2657 Theoplianiorum
1709 2589 2048 2651 benedicant,
2085 2597 2144 2640 ut

577 2679 782 2732 dictum
813 2688 917 2742 est,
946 2693 1072 2732 cum
1101 2694 1283 2732 rerum
1315 2679 1577 2747 angustiae
1618 2688 1812 2746 urgent
1847 2695 1860 2729 :
1897 2692 2005 2744 quo
2046 2691 2142 2745 po-

579 2772 692 2840 puli
720 2787 824 2824 non
866 2781 1218 2840 permaneant
1253 2785 1477 2838 prorsus
1504 2771 1709 2837 absque
1741 2769 2012 2837 Evangelii
2048 2785 2144 2821 au-

578 2857 806 2918 ditione,
848 2858 1180 2923 minimeque
1216 2857 1496 2925 baptizati.
1538 2855 1596 2910 Si
1641 2871 1771 2925 ergo
1802 2858 1954 2911 vobis
1978 2857 2142 2910 etiam

579 2950 749 3017 placet
782 2949 898 3002 haec
949 2947 1207 3011 formula,
1268 2949 1373 3001 illis
1405 2964 1623 3016 quoque
1683 2949 1735 3000 in
1778 2948 1912 3001 locis
1959 2947 2137 3001 obser.

583 3049 755 3094 vetur.

653 3127 1004 3198 Interrogatio
1052 3128 1164 3181 XII.
1197 3160 1264 3168 —
1302 3129 1372 3183 De
1415 3130 1483 3182 iis
1524 3129 1616 3198 qui
1659 3145 1752 3198 per
1780 3128 2022 3183 scbisma
2056 3144 2143 3183 se-

575 3233 885 3286 cesserunt,
914 3231 968 3276 et
999 3222 1323 3292 poenitentia
1374 3219 1518 3275 ducti
1575 3231 1875 3274 accurrunt
1914 3239 1928 3274 :
1965 3231 2148 3276 utrum

577 3314 735 3368 nobis
769 3314 929 3367 liceat
953 3314 1307 3382 ptenitentias
1340 3312 1538 3366 talibus
1565 3312 1866 3382 injungere,
1892 3324 1985 3366 aut
2004 3315 2152 3382 ipsos

577 3406 876 3474 suscipere.

647 3497 955 3565 Responsio.
989 3527 1060 3537 —
1098 3495 1218 3551 Jam
1278 3496 1331 3549 in
1394 3497 1770 3565 superioribus
1815 3497 2150 3550 declaratum

575 3599 681 3651 est,
743 3590 951 3659 iniungi
1009 3589 1254 3644 debere:
1307 3605 1368 3644 ac
1414 3588 1749 3658 superﬂuum
1781 3599 1884 3650 est,
1919 3591 2150 3657 itlipsum

577 3681 661 3735 bis
688 3691 950 3734 retexere.

648 3769 1004 3842 Interrogatio
1061 3771 1204 3826 Xlll.
1253 3801 1322 3811 —
1369 3771 1426 3824 Si
1489 3770 1778 3841 episcopus
1841 3773 1897 3825 in
1945 3772 2149 3826 crimen

578 3863 793 3931 lapsus,
842 3877 870 3916 a
930 3863 1139 3932 synodo
1185 3863 1469 3931 depositus
1518 3862 1701 3924 fuerit,
1752 3873 1938 3932 postea
1971 3872 2151 3916 tamen

579 3957 952 4024 presbyterum
1013 3955 1391 4018 ordinaverit;
1451 3955 1551 4008 iste
1611 3965 1791 4007 autem
1847 3954 2150 4023 presbyter,

577 4055 868 4114 postquam
901 4045 956 4098 in
989 4046 1379 4100 monasterium
1427 4045 1656 4109 venerit,
1706 4046 2078 4113 paenitentiam
2120 4060 2151 4098 a

578 4151 681 4190 suo
711 4137 1003 4206 prteposito
1045 4137 1317 4206 acceperit
1350 4137 1416 4190 ad
1458 4147 1692 4205 tempus,
1738 4147 1791 4190 ct
1838 4149 2022 4204 postea
2062 4152 2154 4190 sae

577 4228 820 4281 cerdotio
876 4227 1096 4282 functus
1158 4230 1275 4281 sit:
1325 4229 1508 4282 doceri
1559 4227 1862 4295 expetimus
1898 4243 1965 4279 an
2001 4227 2150 4296 ejus-

577 4318 724 4370 modi
754 4318 1115 4381 sacerdotem,
1145 4320 1191 4372 si
1227 4319 1534 4387 inculpatus
1562 4329 1666 4382 est,
1695 4319 1968 4387 suscipere
1992 4332 2151 4387 opor-

578 4417 716 4464 teat.

651 4585 954 4654 Responsio.
987 4615 1056 4627 —
1083 4587 1218 4641 Cum
1274 4587 1564 4641 manifesta
1601 4587 1673 4641 sit
1703 4587 2012 4640 absurditas
2033 4627 2047 4650 ,
2078 4596 2146 4640 ne

580 4680 1059 4749 interrOgalionem
1118 4681 1338 4748 quidem
1393 4696 1422 4733 a
1470 4681 1621 4734 vobis
1680 4683 1746 4734 de
1780 4682 1883 4734 hoc
1927 4681 2154 4734 crimine

580 4770 695 4824 ﬁeri
756 4771 1013 4840 oportuit.
1073 4770 1218 4824 Dixit
1249 4772 1450 4841 quippe
1495 4772 1748 4826 Christus
1786 4790 1798 4824 :
1832 4771 1954 4824 Non
1983 4780 2151 4840 potest

580 4860 741 4912 arbor
804 4859 950 4910 mala
1004 4858 1208 4926 fructus
1256 4861 1416 4913 bonos
1477 4860 1732 4928 facere".
1805 4857 2011 4928 Itaque,
2044 4875 2152 4913 non

578 4949 706 5017 quia
741 4962 770 5000 a
805 4948 1026 5016 proprio
1073 4951 1389 5018 praeposito,
1423 4950 1515 5002 sed
1551 4964 1725 5018 neque
1763 4949 1808 5003 si
1843 4965 1872 5003 a
1900 4951 2152 5019 quopiam

579 5050 791 5101 sancto,
823 5041 1200 5106 penitentiam
1241 5043 1532 5112 acceperit,
1580 5044 1702 5096 ideo
1733 5045 1942 5098 solutus
1975 5052 2058 5097 est
2097 5051 2158 5096 ut

580 5145 796 5183 sacrum
851 5129 1030 5185 facere
1073 5133 1262 5200 possit.
1317 5132 1502 5203 Neque
1531 5135 1674 5188 enim
1722 5134 1838 5204 ipse
1865 5135 2144 5200 sacerdos,

579 5237 756 5290 neque
787 5222 879 5290 qui
903 5223 1086 5285 solvit,
1125 5234 1350 5279 sanctus
1387 5245 1400 5278 :
1448 5229 1702 5295 quoniam
1735 5228 1814 5282 sic
1837 5243 2026 5283 omnes
2055 5245 2147 5283 ca-

579 5312 787 5366 nonicat
864 5315 1283 5371 constitutiones
1349 5318 1730 5374 subvertentur
1799 5335 1864 5374 ac
1914 5319 2146 5391 disperi-

579 5407 734 5462 bunt.

658 5529 701 5559 "
727 5526 914 5581 Matth.
941 5543 1040 5590 vn,
1079 5528 1168 5582 l7.

2239 592 2453 660 γραφῆς
2494 590 2868 660 ἐπιτιμηθείεν
2889 607 2902 619 ·
2938 587 3057 642 εἶτα
3086 589 3177 642 καὶ
3207 589 3538 656 ἀπόσχοιντο
3554 589 3658 656 τῆς
3677 589 3831 657 αἱρε-

2237 685 2397 750 τικῆς
2415 682 2718 743 κοινωνίας.
2747 682 2964 749 Ἐπειδὴ
2985 681 3040 732 δὲ
3070 679 3211 732 κατὰ
3236 680 3564 749 περίστασιν
3587 678 3830 746 φεύγονκ

2241 791 2330 837 τες
2362 775 2486 835 τοὺς
2518 773 2814 836 κινδύνους,
2843 774 3152 842 χραίνονται
3186 775 3250 841 τῇ
3281 773 3534 842 αίρετικῇ
3563 773 3832 839 κοινωνία

2240 865 2422 926 τινές·
2477 863 2870 933 ὁμολογοῦντας
2929 864 3026 934 τὴν
3090 865 3440 933 περιπέτειαν
3493 865 3593 914 καὶ
3660 881 3832 931 μετα-

2242 956 2496 1017 νοοῦντας
2517 955 2874 1024 προσδεκτέον
2902 958 2979 1016 είς
3001 956 3341 1008 συνεστίασιν
3361 971 3375 985 ο
3402 956 3498 1006 καὶ
3532 953 3702 1006 τοῦτο
3733 955 3830 1005 eis:

2245 1048 2569 1116 ἀδιαφόρως,
2594 1048 2730 1102 ἀλλὰ
2751 1049 2892 1100 κατά
2912 1064 3032 1099 τινα
3085 1047 3353 1116 σύμϐασιν
3396 1048 3829 1116 περιστατικήπη

2245 1141 2337 1190 καί
2384 1141 2653 1207 φέρουσαν
2697 1138 2950 1191 ἐντεῦθεν
2990 1138 3179 1208 κέρδος
3211 1139 3548 1208 ἀμφοτέροις
3570 1180 3585 1204 ,
3615 1141 3736 1192 alii
3771 1142 3830 1191 οὐ

2246 1229 2449 1299 ζημίαν
2475 1230 2740 1300 ψυχικήν.

2334 1320 2653 1387 Ἐρώτησις
2684 1320 2784 1373 ΙΑ¹.
2813 1350 2882 1363 -—
2904 1324 3041 1390 Περὶ
3071 1322 3176 1373 τῶν
3209 1321 3471 1374 θελόντων
3511 1321 3832 1391 βαπτισῦῆ-

2247 1429 2356 1476 ναι,
2389 1413 2482 1464 ἐὰν
2516 1414 2590 1483 μὴ
2621 1414 2815 1484 εὑρεθῇ
2851 1413 3128 1481 ὀρθόδοξος
3172 1415 3371 1481 ἱερεὺς,
3419 1416 3451 1483 ἦ
3495 1416 3830 1483 ἂμεμπος·

2249 1503 2296 1552 εί
2327 1501 2431 1570 χρὴ
2467 1501 2827 1571 βαπτισθῆναι
2861 1502 2967 1554 ὑπὸ
2996 1503 3102 1554 τῶν
3142 1503 3510 1554 κοινωθέντων
3543 1505 3763 1573 ἱερέων,
3800 1505 3831 1570 ἧ

2247 1592 2603 1664 ἀκηρύκτων·
2635 1593 2866 1662 μάλιστα
2889 1593 2984 1645 ἐὰν
3016 1593 3243 1655 θάνατος
3269 1594 3606 1663 κατεπείγῃ.
3633 1627 3644 1640 ι

2333 1772 2685 1837 Ἀπόκρισις.
2707 1799 2775 1811 -
2791 1770 2972 1833 Τύπος
2992 1771 3226 1835 τοιοῦτος
3248 1772 3571 1842 ὲξεφωνήθη
3593 1775 3833 1828 ἐνταίθα

2249 1861 2400 1930 παρά
2431 1877 2488 1912 τε
2518 1861 2886 1930 ὁμολογητῶν,
2925 1862 3194 1931 ίεραρχῶν
3230 1881 3286 1915 τε
3332 1867 3426 1918 καὶ
3467 1867 3831 1938 καθηγουμὲο

2248 1968 2352 2002 νων
2380 1967 2393 1978 ·
2419 1952 2543 2012 τοὺς
2569 1953 2886 2021 εἰρημένους
2923 1953 3329 2024 πρεσϐυτέρους
3353 1956 3456 2024 τῆς
3478 1957 3834 2030 λειτουργίας

2249 2041 2336 2092 διὰ
2377 2043 2476 2108 τὴν
2511 2043 2792 2112 αἱρετικὴν
2823 2044 3129 2106 κοινωνίαν,
3161 2050 3595 2126 συγχωρεῖσθαι,
3634 2053 3714 2120 μὴ
3745 2055 3832 2104 εὖ-

2252 2133 2576 2201 ρισκομένου
2622 2136 2966 2204 σεσωσμένον
3004 2137 3212 2207 ἱερέως,
3242 2141 3333 2190 καὶ
3374 2140 3702 2208 βαπτίζειν,
3740 2147 3831 2196 καὶ

2252 2225 2590 2293 μεταδιδόναι
2634 2225 2739 2277 τῶν
2772 2228 3126 2297 ἁγιασμάτων
3165 2231 3694 2301 προτετελεσμένων
3741 2238 3831 2287 καὶ

2249 2315 2308 2378 ἐξ
2332 2316 2638 2385 ἀκρατήτου
2679 2314 2739 2386 [1⁵.
2777 2319 3066 2391 ἀχράντου]
3113 2322 3321 2390 ἱερέως.
3591 2342 3653 2376 τε
3691 2326 3827 2378 διδό-

2250 2424 2337 2458 ναι
2383 2407 2637 2476 μοναχοῦ,
2684 2409 2851 2477 εὐχήν
2895 2427 2952 2461 τε
3010 2413 3282 2465 ποιεῖσθαι
3340 2415 3436 2466 ἐπὶ
3501 2418 3826 2486 ἐκκομιδῆς,

2250 2499 2579 2565 Εὖαγγέλιόν
2605 2516 2666 2551 τε
2697 2502 2959 2568 ὲκφωνεῖν
2991 2503 3084 2554 ἐπὶ
3107 2503 3324 2572 δρθρου,
3352 2507 3450 2558 καὶ
3479 2508 3542 2557 to
3574 2509 3688 2560 τῶν
3707 2511 3829 2562 Θεο-

2251 2593 2454 2657 φανίων
2487 2593 2623 2662 ὕδωρ
2653 2594 2911 2661 εὐλογεῖν,
2937 2595 3012 2658 ὡς
3036 2597 3269 2666 εἴρηται,
3297 2599 3440 2650 κατὰ
3466 2602 3824 2669 περίστασιν·

2249 2684 2335 2736 διὰ
2395 2685 2454 2736 τὸ
2507 2685 2580 2754 μὴ
2639 2686 2992 2754 ἐναπομένειν
3055 2690 3178 2750 τοὺς
3246 2687 3408 2750 λαοὺς
3473 2692 3830 2745 παντάπασιν

2250 2777 2513 2844 ἀνηκόους
2545 2775 2637 2827 τοῦ
2681 2777 3034 2844 Εὐαγγελίου,
3065 2775 3162 2831 καὶ
3204 2781 3576 2845 ἀςωτίστους.
3626 2783 3692 2834 ΕΞ
3743 2782 3831 2836 οὖν

2253 2866 2573 2934 συναρέσκει
2614 2866 2762 2934 ὑμῖν,
2796 2870 3067 2937 κρατείτω
3099 2872 3126 2921 ὁ
3156 2871 3394 2934 τοιοῦτος
3420 2872 3597 2936 τύπος
3647 2877 3747 2928 καὶ
3774 2878 3828 2928 ἐν

2249 2960 2360 3018 τοῖς
2400 2959 2604 3010 αὐτόθι.

2334 3149 2651 3218 Ἐρώτησις
2677 3151 2776 3205 ΙΒ’.
2809 3183 2877 3191 -
2904 3154 3036 3222 Περὶ
3083 3155 3191 3208 τῶν
3244 3156 3674 3237 ἀποσχισάντων
3737 3163 3830 3216 καὶ

2251 3242 2316 3308 τῇ
2361 3243 2619 3310 μετανοίᾳ
2675 3245 3118 3311 προπρεχόντων
3145 3262 3158 3275 ·
3192 3249 3240 3298 εἰ
3285 3247 3494 3310 ἔξεστιν
3543 3253 3682 3319 ἡμῖν
3722 3257 3829 3316 τοῖς

2252 3328 2511 3390 τοιούτοις
2544 3331 2794 3398 ἐπιτίμια
2824 3331 3044 3397 διδόναι,
3073 3334 3105 3404 ἢ
3148 3335 3399 3405 δέχεσθαι
3425 3341 3652 3404 αὐτούς.

2335 3504 2694 3572 Ἀπόκρισις.
2722 3536 2791 3546 —
2820 3509 2956 3579 Ἤδη
3013 3511 3070 3562 ὲν
3119 3514 3230 3576 τοῖς
3296 3514 3560 3583 ἀνωτέρω
3591 3519 3827 3589 δεδήλω-

2253 3615 2365 3660 ται,
2393 3599 2474 3650 ὅτι
2500 3600 2603 3669 χρὴ
2631 3600 2828 3652 διδόναι
2855 3617 2868 3630 ·
2895 3603 2988 3654 καὶ
3008 3605 3299 3674 παρέλκον,
3331 3608 3412 3671 δὶς
3441 3609 3504 3662 τὸ
3542 3612 3680 3665 αὐτὸ
3711 3615 3828 3667 ἐπι·

2254 3689 2506 3742 κυκλοῦν.

2337 3781 2656 3848 Ἐρώτησις
2691 3784 2782 3836 ΙΓ’.
2821 3814 2891 3823 -
2925 3786 3042 3838 Κᾶν
3081 3787 3377 3852 ἐπίσκοπος
3439 3793 3522 3854 είς
3572 3793 3826 3864 ἔγκλημα

2255 3871 2588 3940 περιπεσὼν,
2621 3874 2724 3926 ὑπὸ
2751 3876 2968 3928 συνόδου
2999 3879 3322 3950 καθαιρεθῇ,
3345 3877 3466 3935 εἷτα
3495 3886 3665 3939 πάλιν
3692 3892 3826 3957 μετὰ

2254 3962 2574 4029 καθαίρεσιν
2639 3971 2987 4040 χειροτονήσῃ
3050 3972 3456 4042 πρεσϐύτερον’
3495 3979 3525 4028 ὁ
3561 3978 3618 4029 δὲ
3671 3983 3826 4042 αὐτὸς

2256 4056 2523 4123 πρεσϐύτε
2537 4074 2622 4126 ρος
2656 4060 2712 4108 ἐν
2746 4061 3093 4130 μοναστηρίῳ
3123 4065 3592 4133 παραγενόμενος,
3613 4068 3821 4123 ὑπὸτοῦ

2258 4146 2387 4197 ίδίου
2417 4149 2722 4216 ἡγουμένου
2764 4150 2982 4221 δέξηται
3024 4154 3297 4222 ἐπιτίμιον
3329 4157 3466 4226 πρὸς
3496 4161 3694 4227 χρόνον
3729 4161 3820 4233 [αι.

2255 4238 2359 4304 πρὴ
2390 4239 2618 4306 χρόνων,
2654 4239 2770 4305 jam
2804 4240 3062 4312 pridem},
3103 4245 3196 4294 καὶ
3254 4248 3391 4312 μετὰ
3433 4247 3612 4301 ταῦτα
3682 4255 3823 4323 ἐνερ-

2252 4331 2322 4398 γῇ
2382 4331 2438 4380 ὲν
2486 4333 2550 4398 τῇ
2597 4331 2899 4400 ἱερωσύνῃ·
2958 4335 3005 4384 εί
3052 4335 3156 4404 χρὴ
3196 4336 3443 4406 δέχεσθαι
3510 4344 3600 4394 τὸν
3646 4345 3822 4397 τοιού-

2255 4437 2346 4472 τον
2412 4423 2579 4491 ἱερέα,
2641 4425 2688 4475 εἰ
2747 4424 3079 4496 ἀνέγκλητός
3129 4429 3282 4492 ἐστι,
3334 4430 3659 4504 διδαχθῆναι
3718 4439 3824 4489 δεό-

2173 4525 2220 4584 D
2251 4513 2407 4583 μεθα.

2335 4603 2783 4671 Ἀπόκρισις.--
2808 4606 3128 4676 βροφανοῦς
3177 4608 3344 4681 οὕσης
3413 4613 3514 4682 τῆς
3552 4617 3820 4684 ἀτοπίας,

2253 4693 2371 4745 οὐδὲ
2402 4697 2746 4766 ἐπερωτῆσαι
2774 4697 2917 4766 ὑμᾶς
2954 4699 3120 4770 ἐχρῆν
3167 4703 3294 4772 περὶ
3332 4703 3426 4756 τοῦ
3457 4708 3709 4763 τοιούτου
3739 4715 3822 4778 ἐγ-

2254 4784 2552 4854 κλήματος.
2588 4788 2787 4857 Εἴρηκε
2824 4791 2932 4858 γὰρ
2959 4794 2986 4843 ὁ
3021 4791 3272 4861 Χριστός·
3311 4799 3393 4848 Οὺ
3425 4797 3684 4854 δύναται
3720 4822 3823 4856 σα-

2253 4878 2408 4942 πρὸν
2443 4875 2694 4942 δένδρω-
2740 4880 3006 4945 καρποὺς
3043 4883 3267 4948 καλοὺς
3297 4887 3512 4939 ποιεῖν.
3551 4890 3714 4943 Ὥστε
3736 4895 3822 4962 οὐχ

2255 4966 2334 5017 ὅτι
2366 4966 2469 5016 ὑπὸ
2495 4965 2586 5017 τοῦ
2623 4965 2752 5018 ἰδίου
2820 4970 3146 5036 ἡγουμένου,
3177 4971 3313 5025 ἀλλά
3359 4975 3461 5026 κᾶν
3515 4977 3625 5029 ὑπὸ
3676 4982 3821 5047 ἁγίου

2255 5052 2418 5116 τινὸς,
2463 5052 2807 5122 ἐπιτιμηθεὶς
2848 5057 2875 5106 ό
2928 5057 3166 5121 τοιοῦτος
3199 5061 3534 5116 ἀπολέλυται
3577 5069 3671 5120 τοῦ
3724 5071 3817 5122 λεί-

2256 5147 2524 5212 τουργεῑν.
2571 5145 2682 5212 Οὐχ
2730 5146 2940 5214 ἱερεύς,
2981 5149 3098 5202 οὐδὲ
3145 5151 3172 5202 ὁ
3209 5152 3410 5216 λύσας,
3456 5157 3654 5224 ἅγιος·
3710 5163 3818 5213 ἐπεὶ

2254 5235 2394 5288 οὕτω
2412 5254 2477 5287 πε
2489 5253 2569 5305 ριτ
2577 5239 2721 5308 ραπὴ
2733 5256 2881 5291 σεται
2897 5241 3075 5295 πάντα
3092 5247 3347 5298 κανονικά
3363 5253 3814 5321 παραγγέλματα,

2255 5332 2350 5384 καὶ
2377 5332 2658 5400 οἰχήσεται
2689 5332 2821 5400 (Η).

2118 5620 2345 5678 NOTAE.

655 5711 764 5780 (ll)
798 5708 932 5783 Qua:
969 5721 1273 5779 sequuntur
1313 5713 1477 5782 hujus
1506 5712 1771 5783 epistolae,
1806 5731 1912 5768 non
1947 5726 2163 5770 exstant

586 5780 641 5833 in
680 5783 868 5836 codice
902 5781 1070 5851 Regio
1110 5799 1163 5835 n.
1198 5783 1353 5847 1987,
1379 5780 1475 5838 sed
1493 5780 1710 5837 exstant
1742 5788 1794 5838 in
1829 5789 2161 5854 apographis

2269 5718 2546 5842 (siit-tmlomli
2591 5731 2643 5775 et
2674 5719 2964 5778 Frontonis
3005 5723 3206 5792 Ducaei,
3247 5737 3362 5783 tum
3403 5741 3460 5788 et
3506 5736 3561 5789 in
3595 5736 3812 5792 editione

2313 5805 2343 5842 ο
2371 5805 2398 5842 e
2424 5805 2546 5842 eru.

2313 5805 2546 5843 Olelel'll.
