  <div class='ocr_page' id='page_1' title='image "/cluster/home/n/w/nwhite01/storage/ocr_20150623/99/pst.000005714063/888.png"; bbox 0 0 3976 6322; ppageno 0'>
   <div class='ocr_carea' id='block_1_1' title="bbox 154 387 290 453">
    <p class='ocr_par' dir='ltr' id='par_1_1' title="bbox 154 387 290 453">
     <span class='ocr_line' id='line_1_1' title="bbox 154 387 290 453; baseline -0.015 0"><span class='ocrx_word' id='word_1_1' title='bbox 154 387 290 453; x_wconf 85' lang='grc'><strong>1653</strong></span> 
     </span>
    </p>
   </div>
   <div class='ocr_carea' id='block_1_2' title="bbox 1343 338 2206 442">
    <p class='ocr_par' dir='ltr' id='par_1_2' title="bbox 1343 338 2206 442">
     <span class='ocr_line' id='line_1_2' title="bbox 1343 338 2206 442; baseline -0.005 -1"><span class='ocrx_word' id='word_1_2' title='bbox 1343 379 1873 442; x_wconf 80' lang='lat' dir='ltr'><strong>EPISTOLARUM</strong></span> <span class='ocrx_word' id='word_1_3' title='bbox 1917 379 2065 439; x_wconf 82' lang='lat' dir='ltr'><strong>LIB.</strong></span> <span class='ocrx_word' id='word_1_4' title='bbox 2107 338 2206 439; x_wconf 21' lang='lat'><strong>11..</strong></span> 
     </span>
    </p>
   </div>
   <div class='ocr_carea' id='block_1_3' title="bbox 3244 371 3376 438">
    <p class='ocr_par' dir='ltr' id='par_1_3' title="bbox 3244 371 3376 438">
     <span class='ocr_line' id='line_1_3' title="bbox 3244 371 3376 438; baseline 0 -2"><span class='ocrx_word' id='word_1_5' title='bbox 3244 371 3376 438; x_wconf 76' lang='grc'><strong>1654</strong></span> 
     </span>
    </p>
   </div>
   <div class='ocr_carea' id='block_1_4' title="bbox 229 484 1732 568">
    <p class='ocr_par' dir='ltr' id='par_1_4' title="bbox 229 490 1712 568">
     <span class='ocr_line' id='line_1_4' title="bbox 229 490 1712 568; baseline -0.008 -14"><span class='ocrx_word' id='word_1_6' title='bbox 229 498 548 568; x_wconf 80' lang='grc' dir='ltr'><strong>Ἐρώτησις</strong></span> <span class='ocrx_word' id='word_1_7' title='bbox 580 493 676 549; x_wconf 77' lang='lat' dir='ltr'><strong>IA&#39;.</strong></span> <span class='ocrx_word' id='word_1_8' title='bbox 713 525 780 536; x_wconf 88' lang='lat'><strong>—-</strong></span> <span class='ocrx_word' id='word_1_9' title='bbox 815 494 952 565; x_wconf 74' lang='grc' dir='ltr'>Περὶ</span> <span class='ocrx_word' id='word_1_10' title='bbox 1002 493 1112 546; x_wconf 85' lang='grc' dir='ltr'>τῶν</span> <span class='ocrx_word' id='word_1_11' title='bbox 1169 491 1556 564; x_wconf 83' lang='grc' dir='ltr'>πρεσϐυτέρων</span> <span class='ocrx_word' id='word_1_12' title='bbox 1603 490 1712 544; x_wconf 83' lang='grc' dir='ltr'>τῶν</span> 
     </span>
    </p>
   </div>
   <div class='ocr_carea' id='block_1_5' title="bbox 1841 484 3378 568">
    <p class='ocr_par' dir='ltr' id='par_1_5' title="bbox 1885 484 3378 558">
     <span class='ocr_line' id='line_1_5' title="bbox 1885 484 3378 558; baseline -0.001 -17"><span class='ocrx_word' id='word_1_13' title='bbox 1885 487 2238 558; x_wconf 70' lang='lat' dir='ltr'><strong>Interrogatio</strong></span> <span class='ocrx_word' id='word_1_14' title='bbox 2271 485 2405 540; x_wconf 78' lang='lat' dir='ltr'><strong>XIV.</strong></span> <span class='ocrx_word' id='word_1_15' title='bbox 2425 516 2491 526; x_wconf 95' lang='lat'><strong><em>—</em></strong></span> <span class='ocrx_word' id='word_1_16' title='bbox 2511 485 2587 541; x_wconf 93' lang='lat' dir='ltr'><strong>De</strong></span> <span class='ocrx_word' id='word_1_17' title='bbox 2616 484 2942 558; x_wconf 78' lang='lat' dir='ltr'><strong>presbyteris</strong></span> <span class='ocrx_word' id='word_1_18' title='bbox 2998 485 3092 555; x_wconf 87' lang='lat' dir='ltr'><strong>qui</strong></span> <span class='ocrx_word' id='word_1_19' title='bbox 3127 485 3378 542; x_wconf 71' lang='lat' dir='ltr'><strong>similiter</strong></span> 
     </span>
    </p>
   </div>
   <div class='ocr_carea' id='block_1_6' title="bbox 149 583 1710 660">
    <p class='ocr_par' dir='ltr' id='par_1_6' title="bbox 149 583 1710 660">
     <span class='ocr_line' id='line_1_6' title="bbox 149 583 1710 660; baseline -0.006 -15"><span class='ocrx_word' id='word_1_20' title='bbox 149 592 254 644; x_wconf 81' lang='grc' dir='ltr'>ὑπὸ</span> <span class='ocrx_word' id='word_1_21' title='bbox 289 587 589 660; x_wconf 76' lang='grc' dir='ltr'>όρθοδόξων</span> <span class='ocrx_word' id='word_1_22' title='bbox 627 585 1130 656; x_wconf 87' lang='grc' dir='ltr'>χειροτονηθέντων,</span> <span class='ocrx_word' id='word_1_23' title='bbox 1178 584 1251 655; x_wconf 83' lang='grc' dir='ltr'>μὴ</span> <span class='ocrx_word' id='word_1_24' title='bbox 1277 583 1710 654; x_wconf 83' lang='grc' dir='ltr'>ὑπογραψὰντων</span> 
     </span>
    </p>
   </div>
   <div class='ocr_carea' id='block_1_7' title="bbox 148 673 1711 750">
    <p class='ocr_par' dir='ltr' id='par_1_7' title="bbox 148 673 1711 750">
     <span class='ocr_line' id='line_1_7' title="bbox 148 673 1711 750; baseline -0.007 -15"><span class='ocrx_word' id='word_1_25' title='bbox 148 683 225 740; x_wconf 86' lang='grc' dir='ltr'><strong>δὲ.</strong></span> <span class='ocrx_word' id='word_1_26' title='bbox 282 679 420 750; x_wconf 82' lang='grc' dir='ltr'>μηδὲ</span> <span class='ocrx_word' id='word_1_27' title='bbox 476 677 938 747; x_wconf 83' lang='grc' dir='ltr'><strong>κοινωνησάντων,</strong></span> <span class='ocrx_word' id='word_1_28' title='bbox 993 676 1384 744; x_wconf 84' lang='grc' dir='ltr'>συμφαγόντων</span> <span class='ocrx_word' id='word_1_29' title='bbox 1442 673 1498 724; x_wconf 83' lang='grc' dir='ltr'>δὲ</span> <span class='ocrx_word' id='word_1_30' title='bbox 1552 675 1711 742; x_wconf 88' lang='grc' dir='ltr'>μόνον</span> 
     </span>
    </p>
   </div>
   <div class='ocr_carea' id='block_1_8' title="bbox 152 767 1204 843">
    <p class='ocr_par' dir='ltr' id='par_1_8' title="bbox 152 767 1204 843">
     <span class='ocr_line' id='line_1_8' title="bbox 152 767 1204 843; baseline -0.005 -19"><span class='ocrx_word' id='word_1_31' title='bbox 152 773 288 843; x_wconf 86' lang='grc' dir='ltr'>μετὰ</span> <span class='ocrx_word' id='word_1_32' title='bbox 323 770 628 840; x_wconf 86' lang='grc' dir='ltr'>Γρηγορίου</span> <span class='ocrx_word' id='word_1_33' title='bbox 658 768 751 821; x_wconf 78' lang='grc' dir='ltr'><strong>τοῦ</strong></span> <span class='ocrx_word' id='word_1_34' title='bbox 786 767 1204 838; x_wconf 77' lang='grc' dir='ltr'>μητροπολξτου.</span> 
     </span>
    </p>
   </div>
   <div class='ocr_carea' id='block_1_9' title="bbox 233 854 1713 929">
    <p class='ocr_par' dir='ltr' id='par_1_9' title="bbox 233 854 1713 929">
     <span class='ocr_line' id='line_1_9' title="bbox 233 854 1713 929; baseline -0.005 -14"><span class='ocrx_word' id='word_1_35' title='bbox 233 863 603 929; x_wconf 82' lang='grc' dir='ltr'>Ἀπόκρισις.</span> <span class='ocrx_word' id='word_1_36' title='bbox 638 888 707 897; x_wconf 89' lang='lat'><strong>—-</strong></span> <span class='ocrx_word' id='word_1_37' title='bbox 749 858 836 910; x_wconf 83' lang='lat' dir='ltr'><strong>’Ev</strong></span> <span class='ocrx_word' id='word_1_38' title='bbox 855 860 968 919; x_wconf 84' lang='grc' dir='ltr'>τοῖς</span> <span class='ocrx_word' id='word_1_39' title='bbox 991 857 1248 927; x_wconf 84' lang='grc' dir='ltr'><strong>ἀνωτέρω</strong></span> <span class='ocrx_word' id='word_1_40' title='bbox 1262 854 1660 927; x_wconf 81' lang='grc' dir='ltr'>πρ[ο]απεδόθη</span> <span class='ocrx_word' id='word_1_41' title='bbox 1685 857 1713 908; x_wconf 86' lang='grc' dir='ltr'>ὁ</span> 
     </span>
    </p>
   </div>
   <div class='ocr_carea' id='block_1_10' title="bbox 151 946 1713 1022">
    <p class='ocr_par' dir='ltr' id='par_1_10' title="bbox 151 946 1713 1022">
     <span class='ocr_line' id='line_1_10' title="bbox 151 946 1713 1022; baseline -0.004 -17"><span class='ocrx_word' id='word_1_42' title='bbox 151 955 278 1022; x_wconf 75' lang='grc' dir='ltr'>περὶ</span> <span class='ocrx_word' id='word_1_43' title='bbox 307 951 504 1005; x_wconf 83' lang='grc' dir='ltr'>τούτου</span> <span class='ocrx_word' id='word_1_44' title='bbox 541 950 717 1016; x_wconf 83' lang='grc' dir='ltr'>λόγος.</span> <span class='ocrx_word' id='word_1_45' title='bbox 772 950 896 1001; x_wconf 83' lang='grc' dir='ltr'>Εῐτε</span> <span class='ocrx_word' id='word_1_46' title='bbox 945 948 1037 1000; x_wconf 78' lang='grc' dir='ltr'><strong>οὖν</strong></span> <span class='ocrx_word' id='word_1_47' title='bbox 1065 949 1200 1016; x_wconf 84' lang='grc' dir='ltr'><strong>μετά</strong></span> <span class='ocrx_word' id='word_1_48' title='bbox 1242 948 1570 1018; x_wconf 87' lang='grc' dir='ltr'>Γρηγορίου,</span> <span class='ocrx_word' id='word_1_49' title='bbox 1603 946 1713 999; x_wconf 76' lang='grc' dir='ltr'>εἴτε</span> 
     </span>
    </p>
   </div>
   <div class='ocr_carea' id='block_1_11' title="bbox 152 1035 1711 1110">
    <p class='ocr_par' dir='ltr' id='par_1_11' title="bbox 152 1035 1711 1110">
     <span class='ocr_line' id='line_1_11' title="bbox 152 1035 1711 1110; baseline -0.002 -19"><span class='ocrx_word' id='word_1_50' title='bbox 152 1040 268 1108; x_wconf 84' lang='grc' dir='ltr'>μεθ’</span> <span class='ocrx_word' id='word_1_51' title='bbox 298 1039 414 1092; x_wconf 86' lang='grc' dir='ltr'>οἴου</span> <span class='ocrx_word' id='word_1_52' title='bbox 436 1040 635 1110; x_wconf 85' lang='grc' dir='ltr'>δήποτε</span> <span class='ocrx_word' id='word_1_53' title='bbox 665 1035 775 1089; x_wconf 84' lang='grc' dir='ltr'><strong>τῶν</strong></span> <span class='ocrx_word' id='word_1_54' title='bbox 799 1036 1143 1107; x_wconf 76' lang='grc' dir='ltr'>ἑτεροδόξων,</span> <span class='ocrx_word' id='word_1_55' title='bbox 1171 1038 1202 1106; x_wconf 86' lang='grc' dir='ltr'><strong>ὴ</strong></span> <span class='ocrx_word' id='word_1_56' title='bbox 1249 1037 1588 1099; x_wconf 89' lang='grc' dir='ltr'>συνεστίασις</span> <span class='ocrx_word' id='word_1_57' title='bbox 1617 1035 1711 1102; x_wconf 83' lang='grc' dir='ltr'><strong>γέ-</strong></span> 
     </span>
    </p>
   </div>
   <div class='ocr_carea' id='block_1_12' title="bbox 149 1125 1713 1198">
    <p class='ocr_par' dir='ltr' id='par_1_12' title="bbox 149 1125 1713 1198">
     <span class='ocr_line' id='line_1_12' title="bbox 149 1125 1713 1198; baseline -0.004 -16"><span class='ocrx_word' id='word_1_58' title='bbox 149 1146 312 1196; x_wconf 77' lang='grc' dir='ltr'>γονεο</span> <span class='ocrx_word' id='word_1_59' title='bbox 349 1127 608 1198; x_wconf 80' lang='grc' dir='ltr'>μετανοίᾳ</span> <span class='ocrx_word' id='word_1_60' title='bbox 665 1126 927 1196; x_wconf 79' lang='grc' dir='ltr'><strong>ἀξιολόγῳ</strong></span> <span class='ocrx_word' id='word_1_61' title='bbox 981 1127 1008 1177; x_wconf 83' lang='grc' dir='ltr'>ὁ</span> <span class='ocrx_word' id='word_1_62' title='bbox 1050 1125 1419 1187; x_wconf 73' lang='grc' dir='ltr'>συνεστιαθεὶς</span> <span class='ocrx_word' id='word_1_63' title='bbox 1472 1125 1567 1177; x_wconf 77' lang='grc' dir='ltr'>τοῦ</span> <span class='ocrx_word' id='word_1_64' title='bbox 1619 1127 1713 1192; x_wconf 81' lang='grc' dir='ltr'><strong>ἐγ-</strong></span> 
     </span>
    </p>
   </div>
   <div class='ocr_carea' id='block_1_13' title="bbox 149 1215 1716 1290">
    <p class='ocr_par' dir='ltr' id='par_1_13' title="bbox 149 1215 1716 1290">
     <span class='ocr_line' id='line_1_13' title="bbox 149 1215 1716 1290; baseline -0.003 -20"><span class='ocrx_word' id='word_1_65' title='bbox 149 1220 430 1290; x_wconf 80' lang='grc' dir='ltr'>κλήματος</span> <span class='ocrx_word' id='word_1_66' title='bbox 473 1215 823 1279; x_wconf 86' lang='grc' dir='ltr'>ἀπολέλυται,</span> <span class='ocrx_word' id='word_1_67' title='bbox 867 1215 926 1267; x_wconf 87' lang='grc' dir='ltr'><strong>οὐ</strong></span> <span class='ocrx_word' id='word_1_68' title='bbox 982 1215 1140 1284; x_wconf 87' lang='grc' dir='ltr'>μόνον</span> <span class='ocrx_word' id='word_1_69' title='bbox 1189 1216 1324 1285; x_wconf 81' lang='grc' dir='ltr'>πρὸς</span> <span class='ocrx_word' id='word_1_70' title='bbox 1375 1215 1716 1268; x_wconf 88' lang='grc' dir='ltr'>συνεστίασιν</span> 
     </span>
    </p>
   </div>
   <div class='ocr_carea' id='block_1_14' title="bbox 148 1304 1716 1376">
    <p class='ocr_par' dir='ltr' id='par_1_14' title="bbox 148 1304 1716 1376">
     <span class='ocr_line' id='line_1_14' title="bbox 148 1304 1716 1376; baseline -0.003 -15"><span class='ocrx_word' id='word_1_71' title='bbox 148 1309 256 1361; x_wconf 81' lang='grc' dir='ltr'>τῶν</span> <span class='ocrx_word' id='word_1_72' title='bbox 309 1306 767 1376; x_wconf 84' lang='grc' dir='ltr'>πεφυλαγμένων,</span> <span class='ocrx_word' id='word_1_73' title='bbox 810 1304 944 1358; x_wconf 81' lang='grc' dir='ltr'>ἀλλὰ</span> <span class='ocrx_word' id='word_1_74' title='bbox 988 1307 1082 1357; x_wconf 74' lang='grc' dir='ltr'>καὶ</span> <span class='ocrx_word' id='word_1_75' title='bbox 1129 1306 1265 1376; x_wconf 76' lang='grc' dir='ltr'>πρὸς</span> <span class='ocrx_word' id='word_1_76' title='bbox 1306 1307 1371 1376; x_wconf 79' lang='grc' dir='ltr'>ἢν</span> <span class='ocrx_word' id='word_1_77' title='bbox 1407 1306 1716 1376; x_wconf 77' lang='grc' dir='ltr'><strong>ἠξιώθησαν</strong></span> 
     </span>
    </p>
   </div>
   <div class='ocr_carea' id='block_1_15' title="bbox 151 1394 1717 1470">
    <p class='ocr_par' dir='ltr' id='par_1_15' title="bbox 151 1394 1717 1470">
     <span class='ocr_line' id='line_1_15' title="bbox 151 1394 1717 1470; baseline -0.003 -18"><span class='ocrx_word' id='word_1_78' title='bbox 151 1400 474 1470; x_wconf 81' lang='grc' dir='ltr'>ἱερωσύνην.</span> <span class='ocrx_word' id='word_1_79' title='bbox 510 1397 583 1448; x_wconf 88' lang='grc' dir='ltr'><strong>Τὸ</strong></span> <span class='ocrx_word' id='word_1_80' title='bbox 605 1396 661 1449; x_wconf 81' lang='grc' dir='ltr'>δὲ</span> <span class='ocrx_word' id='word_1_81' title='bbox 691 1394 887 1465; x_wconf 81' lang='grc' dir='ltr'>μέτρον</span> <span class='ocrx_word' id='word_1_82' title='bbox 908 1395 1002 1448; x_wconf 82' lang='grc' dir='ltr'><strong>τοῦ</strong></span> <span class='ocrx_word' id='word_1_83' title='bbox 1046 1396 1322 1465; x_wconf 79' lang='grc' dir='ltr'>ἐπιτιμίου</span> <span class='ocrx_word' id='word_1_84' title='bbox 1383 1398 1442 1450; x_wconf 86' lang='grc' dir='ltr'><strong>ού</strong></span> <span class='ocrx_word' id='word_1_85' title='bbox 1494 1397 1717 1449; x_wconf 73' lang='grc' dir='ltr'>δυνατὸν</span> 
     </span>
    </p>
   </div>
   <div class='ocr_carea' id='block_1_16' title="bbox 151 1478 1716 1560">
    <p class='ocr_par' dir='ltr' id='par_1_16' title="bbox 151 1478 1716 1560">
     <span class='ocr_line' id='line_1_16' title="bbox 151 1478 1716 1560; baseline -0.001 -17"><span class='ocrx_word' id='word_1_86' title='bbox 151 1491 480 1560; x_wconf 82' lang='grc' dir='ltr'>ὡρισμένως</span> <span class='ocrx_word' id='word_1_87' title='bbox 513 1487 858 1550; x_wconf 82' lang='grc' dir='ltr'>ὑποϐάλλειν,</span> <span class='ocrx_word' id='word_1_88' title='bbox 887 1486 974 1539; x_wconf 84' lang='grc' dir='ltr'><strong>διὰ</strong></span> <span class='ocrx_word' id='word_1_89' title='bbox 1023 1488 1281 1556; x_wconf 87' lang='grc' dir='ltr'>ποιότητα</span> <span class='ocrx_word' id='word_1_90' title='bbox 1307 1488 1401 1540; x_wconf 78' lang='grc' dir='ltr'>καὶ</span> <span class='ocrx_word' id='word_1_91' title='bbox 1424 1478 1716 1559; x_wconf 64' lang='grc' dir='ltr'>προσώπου</span> 
     </span>
    </p>
   </div>
   <div class='ocr_carea' id='block_1_17' title="bbox 151 1577 1718 1651">
    <p class='ocr_par' dir='ltr' id='par_1_17' title="bbox 151 1577 1718 1651">
     <span class='ocr_line' id='line_1_17' title="bbox 151 1577 1718 1651; baseline -0.003 -17"><span class='ocrx_word' id='word_1_92' title='bbox 151 1583 246 1635; x_wconf 75' lang='grc' dir='ltr'>καὶ</span> <span class='ocrx_word' id='word_1_93' title='bbox 272 1583 477 1651; x_wconf 88' lang='grc' dir='ltr'>τρόπου</span> <span class='ocrx_word' id='word_1_94' title='bbox 505 1596 519 1610; x_wconf 88' lang='grc'>·</span> <span class='ocrx_word' id='word_1_95' title='bbox 552 1578 693 1631; x_wconf 82' lang='grc' dir='ltr'>ὥστε</span> <span class='ocrx_word' id='word_1_96' title='bbox 722 1580 779 1632; x_wconf 80' lang='grc' dir='ltr'>ὲν</span> <span class='ocrx_word' id='word_1_97' title='bbox 822 1577 972 1629; x_wconf 75' lang='grc' dir='ltr'>δυσὶν</span> <span class='ocrx_word' id='word_1_98' title='bbox 1002 1577 1037 1647; x_wconf 83' lang='grc' dir='ltr'><strong>ἢ</strong></span> <span class='ocrx_word' id='word_1_99' title='bbox 1072 1578 1221 1648; x_wconf 72' lang='grc' dir='ltr'>τρισὶ</span> <span class='ocrx_word' id='word_1_100' title='bbox 1257 1579 1718 1647; x_wconf 83' lang='grc' dir='ltr'>τεσσαρακοσταῖς</span> 
     </span>
    </p>
   </div>
   <div class='ocr_carea' id='block_1_18' title="bbox 149 1669 1000 1744">
    <p class='ocr_par' dir='ltr' id='par_1_18' title="bbox 149 1669 1000 1744">
     <span class='ocr_line' id='line_1_18' title="bbox 149 1669 1000 1744; baseline -0.007 -17"><span class='ocrx_word' id='word_1_101' title='bbox 149 1673 443 1744; x_wconf 85' lang='grc' dir='ltr'>ἀρκεῖσθαι</span> <span class='ocrx_word' id='word_1_102' title='bbox 471 1671 562 1724; x_wconf 78' lang='grc' dir='ltr'><strong>τὸν</strong></span> <span class='ocrx_word' id='word_1_103' title='bbox 588 1669 1000 1740; x_wconf 78' lang='grc' dir='ltr'>ἐπιτιμηθέντα.</span> 
     </span>
    </p>
   </div>
   <div class='ocr_carea' id='block_1_19' title="bbox 1813 574 3377 644">
    <p class='ocr_par' dir='ltr' id='par_1_19' title="bbox 1813 574 3377 644">
     <span class='ocr_line' id='line_1_19' title="bbox 1813 574 3377 644; baseline -0.002 -12"><span class='ocrx_word' id='word_1_104' title='bbox 1813 578 1882 632; x_wconf 89' lang='lat' dir='ltr'><strong>ab</strong></span> <span class='ocrx_word' id='word_1_105' title='bbox 1900 578 2220 632; x_wconf 82' lang='lat' dir='ltr'><strong>orthodoxis</strong></span> <span class='ocrx_word' id='word_1_106' title='bbox 2241 576 2474 632; x_wconf 90' lang='lat' dir='ltr'><strong>ordinati</strong></span> <span class='ocrx_word' id='word_1_107' title='bbox 2492 585 2640 639; x_wconf 87' lang='lat' dir='ltr'><strong>sunt,</strong></span> <span class='ocrx_word' id='word_1_108' title='bbox 2658 583 2712 628; x_wconf 89' lang='lat' dir='ltr'><strong>et</strong></span> <span class='ocrx_word' id='word_1_109' title='bbox 2728 589 2902 644; x_wconf 86' lang='lat' dir='ltr'><strong>neque</strong></span> <span class='ocrx_word' id='word_1_110' title='bbox 2915 574 3377 643; x_wconf 84' lang='lat' dir='ltr'><strong>subscripserunt,</strong></span> 
     </span>
    </p>
   </div>
   <div class='ocr_carea' id='block_1_20' title="bbox 1812 667 3380 738">
    <p class='ocr_par' dir='ltr' id='par_1_20' title="bbox 1812 667 3380 738">
     <span class='ocr_line' id='line_1_20' title="bbox 1812 667 3380 738; baseline -0.001 -15"><span class='ocrx_word' id='word_1_111' title='bbox 1812 685 1988 738; x_wconf 88' lang='lat' dir='ltr'><strong>neque</strong></span> <span class='ocrx_word' id='word_1_112' title='bbox 2006 670 2502 730; x_wconf 85' lang='lat' dir='ltr'><strong>communicarunt,</strong></span> <span class='ocrx_word' id='word_1_113' title='bbox 2529 667 2622 722; x_wconf 90' lang='lat' dir='ltr'><strong>sed</strong></span> <span class='ocrx_word' id='word_1_114' title='bbox 2645 668 2908 721; x_wconf 84' lang='lat' dir='ltr'><strong>duntaxat</strong></span> <span class='ocrx_word' id='word_1_115' title='bbox 2930 667 3112 722; x_wconf 88' lang='lat' dir='ltr'><strong>cibum</strong></span> <span class='ocrx_word' id='word_1_116' title='bbox 3137 682 3380 737; x_wconf 88' lang='lat' dir='ltr'><strong>sumpse-</strong></span> 
     </span>
    </p>
   </div>
   <div class='ocr_carea' id='block_1_21' title="bbox 1815 759 2781 830">
    <p class='ocr_par' dir='ltr' id='par_1_21' title="bbox 1815 759 2781 830">
     <span class='ocr_line' id='line_1_21' title="bbox 1815 759 2781 830; baseline -0.002 -16"><span class='ocrx_word' id='word_1_117' title='bbox 1815 771 1943 814; x_wconf 89' lang='lat' dir='ltr'><strong>runt</strong></span> <span class='ocrx_word' id='word_1_118' title='bbox 1971 777 2092 814; x_wconf 90' lang='lat' dir='ltr'><strong>cum</strong></span> <span class='ocrx_word' id='word_1_119' title='bbox 2131 760 2391 830; x_wconf 79' lang='lat' dir='ltr'><strong>Gregorio</strong></span> <span class='ocrx_word' id='word_1_120' title='bbox 2417 759 2781 827; x_wconf 88' lang='lat' dir='ltr'><strong>metropolita.</strong></span> 
     </span>
    </p>
   </div>
   <div class='ocr_carea' id='block_1_22' title="bbox 1882 844 3380 916">
    <p class='ocr_par' dir='ltr' id='par_1_22' title="bbox 1882 844 3380 916">
     <span class='ocr_line' id='line_1_22' title="bbox 1882 844 3380 916; baseline -0.001 -16"><span class='ocrx_word' id='word_1_121' title='bbox 1882 847 2182 916; x_wconf 82' lang='lat' dir='ltr'><strong>Responsio.</strong></span> <span class='ocrx_word' id='word_1_122' title='bbox 2211 877 2281 887; x_wconf 91' lang='lat'>—</span> <span class='ocrx_word' id='word_1_123' title='bbox 2320 846 2439 901; x_wconf 83' lang='lat' dir='ltr'><strong>Jam</strong></span> <span class='ocrx_word' id='word_1_124' title='bbox 2476 847 2528 900; x_wconf 90' lang='lat' dir='ltr'><strong>in</strong></span> <span class='ocrx_word' id='word_1_125' title='bbox 2563 845 2939 914; x_wconf 86' lang='lat' dir='ltr'><strong>superioribus</strong></span> <span class='ocrx_word' id='word_1_126' title='bbox 2980 845 3050 900; x_wconf 90' lang='lat' dir='ltr'><strong>de</strong></span> <span class='ocrx_word' id='word_1_127' title='bbox 3081 846 3180 900; x_wconf 88' lang='lat' dir='ltr'><strong>ista</strong></span> <span class='ocrx_word' id='word_1_128' title='bbox 3210 861 3266 900; x_wconf 90' lang='lat' dir='ltr'><strong>re</strong></span> <span class='ocrx_word' id='word_1_129' title='bbox 3299 844 3380 899; x_wconf 83' lang='lat' dir='ltr'><strong>lex</strong></span> 
     </span>
    </p>
   </div>
   <div class='ocr_carea' id='block_1_23' title="bbox 1812 935 3383 1008">
    <p class='ocr_par' dir='ltr' id='par_1_23' title="bbox 1812 935 3383 1008">
     <span class='ocr_line' id='line_1_23' title="bbox 1812 935 3383 1008; baseline -0.003 -15"><span class='ocrx_word' id='word_1_130' title='bbox 1812 949 1896 993; x_wconf 90' lang='lat' dir='ltr'><strong>est</strong></span> <span class='ocrx_word' id='word_1_131' title='bbox 1947 940 2167 993; x_wconf 90' lang='lat' dir='ltr'><strong>tradita.</strong></span> <span class='ocrx_word' id='word_1_132' title='bbox 2228 940 2358 993; x_wconf 89' lang='lat' dir='ltr'><strong>Sive</strong></span> <span class='ocrx_word' id='word_1_133' title='bbox 2411 939 2573 1008; x_wconf 80' lang='lat' dir='ltr'><strong>igitur</strong></span> <span class='ocrx_word' id='word_1_134' title='bbox 2616 951 2740 991; x_wconf 89' lang='lat' dir='ltr'><strong>cum</strong></span> <span class='ocrx_word' id='word_1_135' title='bbox 2799 935 3085 1007; x_wconf 81' lang='lat' dir='ltr'><strong>Gregorio,</strong></span> <span class='ocrx_word' id='word_1_136' title='bbox 3122 941 3236 991; x_wconf 88' lang='lat' dir='ltr'><strong>sive</strong></span> <span class='ocrx_word' id='word_1_137' title='bbox 3261 952 3383 991; x_wconf 86' lang='lat' dir='ltr'><strong>cum</strong></span> 
     </span>
    </p>
   </div>
   <div class='ocr_carea' id='block_1_24' title="bbox 1814 1028 3384 1101">
    <p class='ocr_par' dir='ltr' id='par_1_24' title="bbox 1814 1028 3384 1101">
     <span class='ocr_line' id='line_1_24' title="bbox 1814 1028 3384 1101; baseline -0.001 -17"><span class='ocrx_word' id='word_1_138' title='bbox 1814 1032 2057 1101; x_wconf 85' lang='lat' dir='ltr'><strong>quolibet</strong></span> <span class='ocrx_word' id='word_1_139' title='bbox 2101 1046 2171 1085; x_wconf 80' lang='lat' dir='ltr'><strong>ex</strong></span> <span class='ocrx_word' id='word_1_140' title='bbox 2220 1029 2567 1084; x_wconf 81' lang='lat' dir='ltr'><strong>heterodoxis</strong></span> <span class='ocrx_word' id='word_1_141' title='bbox 2610 1030 2767 1084; x_wconf 86' lang='lat' dir='ltr'><strong>cibus</strong></span> <span class='ocrx_word' id='word_1_142' title='bbox 2817 1040 3067 1097; x_wconf 91' lang='lat' dir='ltr'><strong>sumptus</strong></span> <span class='ocrx_word' id='word_1_143' title='bbox 3117 1029 3229 1093; x_wconf 91' lang='lat' dir='ltr'><strong>sit;</strong></span> <span class='ocrx_word' id='word_1_144' title='bbox 3291 1028 3384 1097; x_wconf 87' lang='lat' dir='ltr'><strong>qui</strong></span> 
     </span>
    </p>
   </div>
   <div class='ocr_carea' id='block_1_25' title="bbox 1815 1121 3384 1211">
    <p class='ocr_par' dir='ltr' id='par_1_25' title="bbox 1815 1121 3384 1211">
     <span class='ocr_line' id='line_1_25' title="bbox 1815 1121 3384 1211; baseline -0.004 -32"><span class='ocrx_word' id='word_1_145' title='bbox 1815 1124 2131 1194; x_wconf 85' lang='lat' dir='ltr'><strong>sumpserit,</strong></span> <span class='ocrx_word' id='word_1_146' title='bbox 2161 1139 2191 1177; x_wconf 93' lang='lat' dir='ltr'><strong>a</strong></span> <span class='ocrx_word' id='word_1_147' title='bbox 2219 1123 2448 1178; x_wconf 86' lang='lat' dir='ltr'><strong>crimine</strong></span> <span class='ocrx_word' id='word_1_148' title='bbox 2512 1138 2605 1190; x_wconf 88' lang='lat' dir='ltr'><strong>per</strong></span> <span class='ocrx_word' id='word_1_149' title='bbox 2651 1121 3027 1211; x_wconf 59' lang='lat' dir='ltr'><strong>paenitentiam</strong></span> <span class='ocrx_word' id='word_1_150' title='bbox 3088 1135 3384 1190; x_wconf 80' lang='lat' dir='ltr'><strong>congruam</strong></span> 
     </span>
    </p>
   </div>
   <div class='ocr_carea' id='block_1_26' title="bbox 1817 1212 3378 1282">
    <p class='ocr_par' dir='ltr' id='par_1_26' title="bbox 1817 1212 3378 1282">
     <span class='ocr_line' id='line_1_26' title="bbox 1817 1212 3378 1282; baseline -0.003 -10"><span class='ocrx_word' id='word_1_151' title='bbox 1817 1217 2064 1282; x_wconf 82' lang='lat' dir='ltr'><strong>solvitur,</strong></span> <span class='ocrx_word' id='word_1_152' title='bbox 2116 1229 2224 1268; x_wconf 92' lang='lat' dir='ltr'><strong>non</strong></span> <span class='ocrx_word' id='word_1_153' title='bbox 2279 1215 2442 1268; x_wconf 88' lang='lat' dir='ltr'><strong>modo</strong></span> <span class='ocrx_word' id='word_1_154' title='bbox 2499 1224 2557 1268; x_wconf 88' lang='lat' dir='ltr'><strong>ut</strong></span> <span class='ocrx_word' id='word_1_155' title='bbox 2615 1229 2738 1268; x_wconf 88' lang='lat' dir='ltr'><strong>cum</strong></span> <span class='ocrx_word' id='word_1_156' title='bbox 2789 1213 2853 1266; x_wconf 89' lang='lat' dir='ltr'><strong>iis</strong></span> <span class='ocrx_word' id='word_1_157' title='bbox 2891 1213 2981 1282; x_wconf 86' lang='lat' dir='ltr'><strong>qui</strong></span> <span class='ocrx_word' id='word_1_158' title='bbox 3015 1226 3072 1266; x_wconf 89' lang='lat' dir='ltr'><strong>se</strong></span> <span class='ocrx_word' id='word_1_159' title='bbox 3101 1212 3378 1266; x_wconf 84' lang='lat' dir='ltr'><strong>immunes</strong></span> 
     </span>
    </p>
   </div>
   <div class='ocr_carea' id='block_1_27' title="bbox 1817 1305 3388 1379">
    <p class='ocr_par' dir='ltr' id='par_1_27' title="bbox 1817 1305 3388 1379">
     <span class='ocr_line' id='line_1_27' title="bbox 1817 1305 3388 1379; baseline -0.005 -17"><span class='ocrx_word' id='word_1_160' title='bbox 1817 1309 1988 1379; x_wconf 75' lang='lat' dir='ltr'><strong>culpae</strong></span> <span class='ocrx_word' id='word_1_161' title='bbox 2021 1315 2330 1373; x_wconf 79' lang='lat' dir='ltr'><strong>servarunt,</strong></span> <span class='ocrx_word' id='word_1_162' title='bbox 2359 1307 2538 1360; x_wconf 91' lang='lat' dir='ltr'><strong>cibum</strong></span> <span class='ocrx_word' id='word_1_163' title='bbox 2581 1314 2778 1367; x_wconf 87' lang='lat' dir='ltr'><strong>sumat,</strong></span> <span class='ocrx_word' id='word_1_164' title='bbox 2809 1306 2900 1360; x_wconf 91' lang='lat' dir='ltr'><strong>sed</strong></span> <span class='ocrx_word' id='word_1_165' title='bbox 2925 1305 3086 1358; x_wconf 86' lang='lat' dir='ltr'><strong>etiam</strong></span> <span class='ocrx_word' id='word_1_166' title='bbox 3119 1311 3177 1356; x_wconf 91' lang='lat' dir='ltr'><strong>ut</strong></span> <span class='ocrx_word' id='word_1_167' title='bbox 3205 1317 3388 1357; x_wconf 87' lang='lat' dir='ltr'><strong>sacer-</strong></span> 
     </span>
    </p>
   </div>
   <div class='ocr_carea' id='block_1_28' title="bbox 1819 1395 3388 1470">
    <p class='ocr_par' dir='ltr' id='par_1_28' title="bbox 1819 1395 3388 1470">
     <span class='ocr_line' id='line_1_28' title="bbox 1819 1395 3388 1470; baseline -0.006 -15"><span class='ocrx_word' id='word_1_168' title='bbox 1819 1400 1969 1455; x_wconf 93' lang='lat' dir='ltr'><strong>dotio</strong></span> <span class='ocrx_word' id='word_1_169' title='bbox 1995 1414 2104 1470; x_wconf 93' lang='lat' dir='ltr'><strong>quo</strong></span> <span class='ocrx_word' id='word_1_170' title='bbox 2131 1399 2422 1467; x_wconf 84' lang='lat' dir='ltr'><strong>insignitus</strong></span> <span class='ocrx_word' id='word_1_171' title='bbox 2445 1407 2526 1455; x_wconf 90' lang='lat' dir='ltr'><strong>est</strong></span> <span class='ocrx_word' id='word_1_172' title='bbox 2549 1397 2824 1464; x_wconf 81' lang='lat' dir='ltr'><strong>fungatur.</strong></span> <span class='ocrx_word' id='word_1_173' title='bbox 2848 1395 3186 1450; x_wconf 69' lang='lat' dir='ltr'><strong>Pmnitentiae</strong></span> <span class='ocrx_word' id='word_1_174' title='bbox 3208 1401 3388 1448; x_wconf 84' lang='lat' dir='ltr'><strong>autem</strong></span> 
     </span>
    </p>
   </div>
   <div class='ocr_carea' id='block_1_29' title="bbox 1819 1484 3391 1558">
    <p class='ocr_par' dir='ltr' id='par_1_29' title="bbox 1819 1484 3391 1558">
     <span class='ocr_line' id='line_1_29' title="bbox 1819 1484 3391 1558; baseline -0.004 -14"><span class='ocrx_word' id='word_1_175' title='bbox 1819 1492 2041 1545; x_wconf 91' lang='lat' dir='ltr'><strong>modum</strong></span> <span class='ocrx_word' id='word_1_176' title='bbox 2102 1491 2319 1544; x_wconf 90' lang='lat' dir='ltr'><strong>delinite</strong></span> <span class='ocrx_word' id='word_1_177' title='bbox 2378 1490 2669 1558; x_wconf 84' lang='lat' dir='ltr'><strong>subjicere,</strong></span> <span class='ocrx_word' id='word_1_178' title='bbox 2727 1503 2835 1542; x_wconf 89' lang='lat' dir='ltr'><strong>non</strong></span> <span class='ocrx_word' id='word_1_179' title='bbox 2895 1497 2979 1541; x_wconf 91' lang='lat' dir='ltr'><strong>est</strong></span> <span class='ocrx_word' id='word_1_180' title='bbox 3026 1486 3287 1556; x_wconf 83' lang='lat' dir='ltr'><strong>possibile</strong></span> <span class='ocrx_word' id='word_1_181' title='bbox 3322 1484 3391 1538; x_wconf 87' lang='lat' dir='ltr'><strong>ob</strong></span> 
     </span>
    </p>
   </div>
   <div class='ocr_carea' id='block_1_30' title="bbox 1819 1577 3391 1650">
    <p class='ocr_par' dir='ltr' id='par_1_30' title="bbox 1819 1577 3391 1650">
     <span class='ocr_line' id='line_1_30' title="bbox 1819 1577 3391 1650; baseline -0.004 -15"><span class='ocrx_word' id='word_1_182' title='bbox 1819 1582 2136 1650; x_wconf 83' lang='lat' dir='ltr'><strong>qualitatem</strong></span> <span class='ocrx_word' id='word_1_183' title='bbox 2177 1595 2424 1650; x_wconf 65' lang='lat' dir='ltr'><strong>personae</strong></span> <span class='ocrx_word' id='word_1_184' title='bbox 2464 1588 2518 1634; x_wconf 90' lang='lat' dir='ltr'><strong>et</strong></span> <span class='ocrx_word' id='word_1_185' title='bbox 2543 1595 2756 1634; x_wconf 91' lang='lat' dir='ltr'><strong>morum</strong></span> <span class='ocrx_word' id='word_1_186' title='bbox 2789 1597 2802 1633; x_wconf 89' lang='lat'><strong>:</strong></span> <span class='ocrx_word' id='word_1_187' title='bbox 2847 1579 2920 1633; x_wconf 90' lang='lat' dir='ltr'><strong>ita</strong></span> <span class='ocrx_word' id='word_1_188' title='bbox 2953 1586 3012 1632; x_wconf 88' lang='lat' dir='ltr'><strong>ut</strong></span> <span class='ocrx_word' id='word_1_189' title='bbox 3040 1577 3252 1631; x_wconf 87' lang='lat' dir='ltr'><strong>duabus</strong></span> <span class='ocrx_word' id='word_1_190' title='bbox 3288 1577 3391 1629; x_wconf 82' lang='lat' dir='ltr'><strong>tri-</strong></span> 
     </span>
    </p>
   </div>
   <div class='ocr_carea' id='block_1_31' title="bbox 1821 1670 3391 1744">
    <p class='ocr_par' dir='ltr' id='par_1_31' title="bbox 1821 1670 3391 1744">
     <span class='ocr_line' id='line_1_31' title="bbox 1821 1670 3391 1744; baseline -0.003 -15"><span class='ocrx_word' id='word_1_191' title='bbox 1821 1674 1992 1729; x_wconf 81' lang='lat' dir='ltr'><strong>busve</strong></span> <span class='ocrx_word' id='word_1_192' title='bbox 2086 1673 2518 1744; x_wconf 86' lang='lat' dir='ltr'><strong>quadragesimis</strong></span> <span class='ocrx_word' id='word_1_193' title='bbox 2605 1673 2888 1728; x_wconf 87' lang='lat' dir='ltr'><strong>multatum</strong></span> <span class='ocrx_word' id='word_1_194' title='bbox 2983 1670 3157 1726; x_wconf 82' lang='lat' dir='ltr'><strong>fuisse</strong></span> <span class='ocrx_word' id='word_1_195' title='bbox 3241 1670 3391 1726; x_wconf 76' lang='lat' dir='ltr'><strong>sum-</strong></span> 
     </span>
    </p>
   </div>
   <div class='ocr_carea' id='block_1_32' title="bbox 1820 1766 1948 1820">
    <p class='ocr_par' dir='ltr' id='par_1_32' title="bbox 1820 1766 1948 1820">
     <span class='ocr_line' id='line_1_32' title="bbox 1820 1766 1948 1820; baseline 0 0"><span class='ocrx_word' id='word_1_196' title='bbox 1820 1766 1948 1820; x_wconf 90' lang='lat' dir='ltr'><strong>ciat.</strong></span> 
     </span>
    </p>
   </div>
   <div class='ocr_carea' id='block_1_33' title="bbox 237 1830 1732 1925">
    <p class='ocr_par' dir='ltr' id='par_1_33' title="bbox 237 1846 1719 1920">
     <span class='ocr_line' id='line_1_33' title="bbox 237 1846 1719 1920; baseline -0.003 -15"><span class='ocrx_word' id='word_1_197' title='bbox 237 1849 567 1920; x_wconf 80' lang='grc' dir='ltr'>Ἐρώτησις</span> <span class='ocrx_word' id='word_1_198' title='bbox 596 1848 695 1902; x_wconf 83' lang='grc' dir='ltr'><strong>1Ε’.</strong></span> <span class='ocrx_word' id='word_1_199' title='bbox 728 1876 782 1888; x_wconf 89' lang='grc'><strong><em>-</em></strong></span> <span class='ocrx_word' id='word_1_200' title='bbox 802 1846 938 1919; x_wconf 62' lang='grc' dir='ltr'>Περῒ</span> <span class='ocrx_word' id='word_1_201' title='bbox 962 1846 1350 1918; x_wconf 85' lang='grc' dir='ltr'>πρεσϐυτέρων</span> <span class='ocrx_word' id='word_1_202' title='bbox 1394 1847 1593 1918; x_wconf 83' lang='grc' dir='ltr'>ὁμοίως</span> <span class='ocrx_word' id='word_1_203' title='bbox 1615 1846 1719 1901; x_wconf 76' lang='grc' dir='ltr'><strong>ὑπὸ</strong></span> 
     </span>
    </p>
   </div>
   <div class='ocr_carea' id='block_1_34' title="bbox 1841 1830 3396 1925">
    <p class='ocr_par' dir='ltr' id='par_1_34' title="bbox 1891 1846 3396 1925">
     <span class='ocr_line' id='line_1_34' title="bbox 1891 1846 3396 1925; baseline -0.002 -16"><span class='ocrx_word' id='word_1_204' title='bbox 1891 1853 2246 1925; x_wconf 76' lang='lat' dir='ltr'><strong>Interrogatio</strong></span> <span class='ocrx_word' id='word_1_205' title='bbox 2278 1846 2394 1908; x_wconf 83' lang='lat' dir='ltr'><strong>XV.</strong></span> <span class='ocrx_word' id='word_1_206' title='bbox 2426 1885 2497 1895; x_wconf 93' lang='lat'><strong>—-</strong></span> <span class='ocrx_word' id='word_1_207' title='bbox 2527 1852 2601 1908; x_wconf 90' lang='lat' dir='ltr'><strong>De</strong></span> <span class='ocrx_word' id='word_1_208' title='bbox 2628 1853 2961 1925; x_wconf 85' lang='lat' dir='ltr'><strong>presbyteris</strong></span> <span class='ocrx_word' id='word_1_209' title='bbox 3001 1853 3090 1923; x_wconf 92' lang='lat' dir='ltr'><strong>qui</strong></span> <span class='ocrx_word' id='word_1_210' title='bbox 3146 1853 3396 1908; x_wconf 88' lang='lat' dir='ltr'><strong>similiter</strong></span> 
     </span>
    </p>
   </div>
   <div class='ocr_carea' id='block_1_35' title="bbox 150 1940 1720 2015">
    <p class='ocr_par' dir='ltr' id='par_1_35' title="bbox 150 1940 1720 2015">
     <span class='ocr_line' id='line_1_35' title="bbox 150 1940 1720 2015; baseline -0.006 -15"><span class='ocrx_word' id='word_1_211' title='bbox 150 1943 455 2015; x_wconf 84' lang='grc' dir='ltr'>ὀρθοδόξων</span> <span class='ocrx_word' id='word_1_212' title='bbox 493 1940 998 2012; x_wconf 86' lang='grc' dir='ltr'>χειροτονηθέντων,</span> <span class='ocrx_word' id='word_1_213' title='bbox 1024 1940 1117 1993; x_wconf 75' lang='grc' dir='ltr'><strong>καὶ</strong></span> <span class='ocrx_word' id='word_1_214' title='bbox 1155 1940 1295 1994; x_wconf 84' lang='grc' dir='ltr'>κατὰ</span> <span class='ocrx_word' id='word_1_215' title='bbox 1326 1941 1549 2008; x_wconf 78' lang='grc' dir='ltr'>ἄγνοιαν</span> <span class='ocrx_word' id='word_1_216' title='bbox 1583 1957 1720 2008; x_wconf 82' lang='grc' dir='ltr'>συμ-</span> 
     </span>
    </p>
   </div>
   <div class='ocr_carea' id='block_1_36' title="bbox 152 2030 1718 2106">
    <p class='ocr_par' dir='ltr' id='par_1_36' title="bbox 152 2030 1718 2106">
     <span class='ocr_line' id='line_1_36' title="bbox 152 2030 1718 2106; baseline -0.006 -16"><span class='ocrx_word' id='word_1_217' title='bbox 152 2037 440 2106; x_wconf 81' lang='grc' dir='ltr'>φαγόντων</span> <span class='ocrx_word' id='word_1_218' title='bbox 500 2033 638 2103; x_wconf 87' lang='grc' dir='ltr'><strong>μετά</strong></span> <span class='ocrx_word' id='word_1_219' title='bbox 667 2032 1053 2104; x_wconf 83' lang='grc' dir='ltr'>πρεσϐυτέρων</span> <span class='ocrx_word' id='word_1_220' title='bbox 1088 2032 1441 2103; x_wconf 86' lang='grc' dir='ltr'>βεϐρωκότων</span> <span class='ocrx_word' id='word_1_221' title='bbox 1463 2032 1598 2102; x_wconf 85' lang='grc' dir='ltr'><strong>μετά</strong></span> <span class='ocrx_word' id='word_1_222' title='bbox 1624 2030 1718 2084; x_wconf 81' lang='grc' dir='ltr'>τοῦ</span> 
     </span>
    </p>
   </div>
   <div class='ocr_carea' id='block_1_37' title="bbox 151 2121 784 2194">
    <p class='ocr_par' dir='ltr' id='par_1_37' title="bbox 151 2121 784 2194">
     <span class='ocr_line' id='line_1_37' title="bbox 151 2121 784 2194; baseline -0.006 -14"><span class='ocrx_word' id='word_1_223' title='bbox 151 2125 320 2180; x_wconf 83' lang='grc' dir='ltr'>αὐτοῦ</span> <span class='ocrx_word' id='word_1_224' title='bbox 370 2121 784 2194; x_wconf 87' lang='grc' dir='ltr'>μητροπολίτου.</span> 
     </span>
    </p>
   </div>
   <div class='ocr_carea' id='block_1_38' title="bbox 239 2213 1719 2284">
    <p class='ocr_par' dir='ltr' id='par_1_38' title="bbox 239 2213 1719 2284">
     <span class='ocr_line' id='line_1_38' title="bbox 239 2213 1719 2284; baseline -0.004 -12"><span class='ocrx_word' id='word_1_225' title='bbox 239 2218 610 2284; x_wconf 79' lang='grc' dir='ltr'>Ἀπόκρισις.</span> <span class='ocrx_word' id='word_1_226' title='bbox 641 2243 713 2255; x_wconf 90' lang='grc'><strong>-</strong></span> <span class='ocrx_word' id='word_1_227' title='bbox 742 2213 1054 2284; x_wconf 82' lang='grc' dir='ltr'>Γέγραπται</span> <span class='ocrx_word' id='word_1_228' title='bbox 1081 2232 1094 2244; x_wconf 91' lang='grc'><strong>·</strong></span> <span class='ocrx_word' id='word_1_229' title='bbox 1122 2213 1253 2270; x_wconf 80' lang='grc' dir='ltr'><strong>Πᾶν</strong></span> <span class='ocrx_word' id='word_1_230' title='bbox 1288 2215 1356 2268; x_wconf 85' lang='grc' dir='ltr'>τὸ</span> <span class='ocrx_word' id='word_1_231' title='bbox 1395 2215 1466 2268; x_wconf 83' lang='grc' dir='ltr'><strong>ἐν</strong></span> <span class='ocrx_word' id='word_1_232' title='bbox 1492 2215 1719 2284; x_wconf 77' lang='grc' dir='ltr'>ἀγνοίᾳ,</span> 
     </span>
    </p>
   </div>
   <div class='ocr_carea' id='block_1_39' title="bbox 154 2307 1722 2379">
    <p class='ocr_par' dir='ltr' id='par_1_39' title="bbox 154 2307 1722 2379">
     <span class='ocr_line' id='line_1_39' title="bbox 154 2307 1722 2379; baseline -0.004 -15"><span class='ocrx_word' id='word_1_233' title='bbox 154 2308 691 2378; x_wconf 82' lang='grc' dir='ltr'>καθαρισθήσεται.</span> <span class='ocrx_word' id='word_1_234' title='bbox 719 2307 881 2359; x_wconf 83' lang='grc' dir='ltr'>Ὥστε</span> <span class='ocrx_word' id='word_1_235' title='bbox 905 2307 1148 2379; x_wconf 88' lang='grc' dir='ltr'>ἀνένοχοί</span> <span class='ocrx_word' id='word_1_236' title='bbox 1179 2311 1284 2361; x_wconf 81' lang='grc' dir='ltr'>εἰσι</span> <span class='ocrx_word' id='word_1_237' title='bbox 1310 2308 1511 2370; x_wconf 86' lang='grc' dir='ltr'>παντὸς</span> <span class='ocrx_word' id='word_1_238' title='bbox 1543 2309 1722 2360; x_wconf 83' lang='grc' dir='ltr'>ὲπιτι-</span> 
     </span>
    </p>
   </div>
   <div class='ocr_carea' id='block_1_40' title="bbox 158 2400 309 2470">
    <p class='ocr_par' dir='ltr' id='par_1_40' title="bbox 158 2400 309 2470">
     <span class='ocr_line' id='line_1_40' title="bbox 158 2400 309 2470; baseline 0.013 -18"><span class='ocrx_word' id='word_1_239' title='bbox 158 2400 309 2470; x_wconf 87' lang='grc' dir='ltr'>μίου.</span> 
     </span>
    </p>
   </div>
   <div class='ocr_carea' id='block_1_41' title="bbox 241 2487 1722 2561">
    <p class='ocr_par' dir='ltr' id='par_1_41' title="bbox 241 2487 1722 2561">
     <span class='ocr_line' id='line_1_41' title="bbox 241 2487 1722 2561; baseline -0.005 -15"><span class='ocrx_word' id='word_1_240' title='bbox 241 2493 572 2561; x_wconf 83' lang='grc' dir='ltr'>Ἐρώτησις</span> <span class='ocrx_word' id='word_1_241' title='bbox 602 2491 722 2557; x_wconf 71' lang='grc' dir='ltr'>ις’.</span> <span class='ocrx_word' id='word_1_242' title='bbox 754 2519 823 2531; x_wconf 88' lang='lat'>-</span> <span class='ocrx_word' id='word_1_243' title='bbox 844 2489 979 2559; x_wconf 75' lang='grc' dir='ltr'>Περὶ</span> <span class='ocrx_word' id='word_1_244' title='bbox 997 2488 1386 2558; x_wconf 86' lang='grc' dir='ltr'>πρεσϐυτέρων</span> <span class='ocrx_word' id='word_1_245' title='bbox 1408 2487 1722 2558; x_wconf 85' lang='grc' dir='ltr'>ὀρθοδόξων,</span> 
     </span>
    </p>
   </div>
   <div class='ocr_carea' id='block_1_42' title="bbox 153 2577 1728 2655">
    <p class='ocr_par' dir='ltr' id='par_1_42' title="bbox 153 2577 1728 2655">
     <span class='ocr_line' id='line_1_42' title="bbox 153 2577 1728 2655; baseline -0.003 -19"><span class='ocrx_word' id='word_1_246' title='bbox 153 2583 332 2655; x_wconf 71' lang='grc' dir='ltr'>ἤγουν</span> <span class='ocrx_word' id='word_1_247' title='bbox 366 2582 687 2651; x_wconf 83' lang='grc' dir='ltr'>Ἰλαρίωνος,</span> <span class='ocrx_word' id='word_1_248' title='bbox 717 2581 808 2632; x_wconf 79' lang='grc' dir='ltr'><strong>καὶ</strong></span> <span class='ocrx_word' id='word_1_249' title='bbox 837 2581 908 2632; x_wconf 89' lang='grc' dir='ltr'><strong>Ε“.</strong></span> <span class='ocrx_word' id='word_1_250' title='bbox 920 2579 1172 2649; x_wconf 76' lang='grc' dir='ltr'>στρατίου</span> <span class='ocrx_word' id='word_1_251' title='bbox 1210 2579 1443 2650; x_wconf 89' lang='grc' dir='ltr'>μοναχοῦ</span> <span class='ocrx_word' id='word_1_252' title='bbox 1463 2596 1477 2610; x_wconf 76' lang='grc'><strong>⁸</strong></span> <span class='ocrx_word' id='word_1_253' title='bbox 1497 2577 1563 2634; x_wconf 85' lang='grc' dir='ltr'>ἂν</span> <span class='ocrx_word' id='word_1_254' title='bbox 1595 2579 1728 2649; x_wconf 79' lang='grc' dir='ltr'>έχω-</span> 
     </span>
    </p>
   </div>
   <div class='ocr_carea' id='block_1_43' title="bbox 159 2655 1168 2739">
    <p class='ocr_par' dir='ltr' id='par_1_43' title="bbox 159 2670 1168 2739">
     <span class='ocr_line' id='line_1_43' title="bbox 159 2670 1168 2739; baseline -0.004 -12"><span class='ocrx_word' id='word_1_255' title='bbox 159 2692 246 2729; x_wconf 84' lang='grc' dir='ltr'><strong>σιν</strong></span> <span class='ocrx_word' id='word_1_256' title='bbox 282 2673 534 2738; x_wconf 78' lang='grc' dir='ltr'>ἐξουσίαν</span> <span class='ocrx_word' id='word_1_257' title='bbox 559 2671 654 2724; x_wconf 80' lang='grc' dir='ltr'>τοῦ</span> <span class='ocrx_word' id='word_1_258' title='bbox 679 2671 878 2726; x_wconf 78' lang='grc' dir='ltr'>διδόναι</span> <span class='ocrx_word' id='word_1_259' title='bbox 902 2670 1168 2739; x_wconf 78' lang='grc' dir='ltr'>ἐπιτίμια.</span> 
     </span>
    </p>
   </div>
   <div class='ocr_carea' id='block_1_44' title="bbox 243 2763 1724 2835">
    <p class='ocr_par' dir='ltr' id='par_1_44' title="bbox 243 2763 1724 2835">
     <span class='ocr_line' id='line_1_44' title="bbox 243 2763 1724 2835; baseline -0.003 -14"><span class='ocrx_word' id='word_1_260' title='bbox 243 2767 614 2833; x_wconf 80' lang='grc' dir='ltr'>Ἀπόκρισις.</span> <span class='ocrx_word' id='word_1_261' title='bbox 649 2765 1078 2834; x_wconf 82' lang='grc' dir='ltr'>-Προείρηται</span> <span class='ocrx_word' id='word_1_262' title='bbox 1131 2766 1233 2820; x_wconf 84' lang='grc' dir='ltr'><strong>κάν</strong></span> <span class='ocrx_word' id='word_1_263' title='bbox 1289 2767 1399 2828; x_wconf 85' lang='grc' dir='ltr'>τοῖς</span> <span class='ocrx_word' id='word_1_264' title='bbox 1452 2763 1724 2835; x_wconf 85' lang='grc' dir='ltr'>ἀνωτέρω,</span> 
     </span>
    </p>
   </div>
   <div class='ocr_carea' id='block_1_45' title="bbox 158 2853 1729 2932">
    <p class='ocr_par' dir='ltr' id='par_1_45' title="bbox 158 2853 1729 2932">
     <span class='ocr_line' id='line_1_45' title="bbox 158 2853 1729 2932; baseline -0.006 -18"><span class='ocrx_word' id='word_1_265' title='bbox 158 2861 243 2914; x_wconf 84' lang='grc' dir='ltr'><strong>ὅτι</strong></span> <span class='ocrx_word' id='word_1_266' title='bbox 274 2858 385 2932; x_wconf 81' lang='grc' dir='ltr'><strong>χρὴ</strong></span> <span class='ocrx_word' id='word_1_267' title='bbox 413 2856 636 2911; x_wconf 84' lang='grc' dir='ltr'>διδόναι.</span> <span class='ocrx_word' id='word_1_268' title='bbox 671 2853 892 2925; x_wconf 82' lang='grc' dir='ltr'>Ἐπειδὴ</span> <span class='ocrx_word' id='word_1_269' title='bbox 924 2855 979 2907; x_wconf 83' lang='grc' dir='ltr'>δὲ</span> <span class='ocrx_word' id='word_1_270' title='bbox 1003 2856 1259 2925; x_wconf 73' lang='grc' dir='ltr'>ἐμφαίνει</span> <span class='ocrx_word' id='word_1_271' title='bbox 1294 2857 1327 2925; x_wconf 86' lang='grc' dir='ltr'><strong>ἡ</strong></span> <span class='ocrx_word' id='word_1_272' title='bbox 1358 2854 1641 2925; x_wconf 80' lang='grc' dir='ltr'>ἐρώτησις,</span> <span class='ocrx_word' id='word_1_273' title='bbox 1681 2854 1729 2905; x_wconf 72' lang='grc' dir='ltr'><strong>εἰ</strong></span> 
     </span>
    </p>
   </div>
   <div class='ocr_carea' id='block_1_46' title="bbox 160 2944 1730 3017">
    <p class='ocr_par' dir='ltr' id='par_1_46' title="bbox 160 2944 1730 3017">
     <span class='ocr_line' id='line_1_46' title="bbox 160 2944 1730 3017; baseline -0.006 -13"><span class='ocrx_word' id='word_1_274' title='bbox 160 2953 241 3004; x_wconf 84' lang='grc' dir='ltr'><strong>δεῖ</strong></span> <span class='ocrx_word' id='word_1_275' title='bbox 271 2951 367 3002; x_wconf 74' lang='grc' dir='ltr'>καὶ</span> <span class='ocrx_word' id='word_1_276' title='bbox 394 2950 484 3002; x_wconf 85' lang='grc' dir='ltr'><strong>τὸν</strong></span> <span class='ocrx_word' id='word_1_277' title='bbox 511 2947 584 3017; x_wconf 86' lang='grc' dir='ltr'>μὴ</span> <span class='ocrx_word' id='word_1_278' title='bbox 611 2947 804 3017; x_wconf 76' lang='grc' dir='ltr'>ἔχοντα</span> <span class='ocrx_word' id='word_1_279' title='bbox 833 2945 1155 3017; x_wconf 76' lang='grc' dir='ltr'>ἱερωσύνην,</span> <span class='ocrx_word' id='word_1_280' title='bbox 1188 2946 1386 2998; x_wconf 82' lang='grc' dir='ltr'>διδόναι</span> <span class='ocrx_word' id='word_1_281' title='bbox 1427 2944 1568 2997; x_wconf 85' lang='grc' dir='ltr'>κατὰ</span> <span class='ocrx_word' id='word_1_282' title='bbox 1593 2945 1730 2996; x_wconf 73' lang='grc' dir='ltr'>ἀπο-ο</span> 
     </span>
    </p>
   </div>
   <div class='ocr_carea' id='block_1_47' title="bbox 167 3034 1732 3113">
    <p class='ocr_par' dir='ltr' id='par_1_47' title="bbox 167 3034 1732 3113">
     <span class='ocr_line' id='line_1_47' title="bbox 167 3034 1732 3113; baseline -0.006 -20"><span class='ocrx_word' id='word_1_283' title='bbox 167 3043 291 3113; x_wconf 89' lang='grc' dir='ltr'>ρίαν</span> <span class='ocrx_word' id='word_1_284' title='bbox 317 3039 722 3110; x_wconf 86' lang='grc' dir='ltr'>πρεσϐυτέρων,</span> <span class='ocrx_word' id='word_1_285' title='bbox 763 3038 858 3091; x_wconf 80' lang='grc' dir='ltr'><strong>καὶ</strong></span> <span class='ocrx_word' id='word_1_286' title='bbox 897 3037 1080 3091; x_wconf 88' lang='grc' dir='ltr'>πίστιν</span> <span class='ocrx_word' id='word_1_287' title='bbox 1124 3036 1218 3089; x_wconf 81' lang='grc' dir='ltr'>τοῦ</span> <span class='ocrx_word' id='word_1_288' title='bbox 1250 3035 1561 3106; x_wconf 84' lang='grc' dir='ltr'>προσιόντος</span> <span class='ocrx_word' id='word_1_289' title='bbox 1582 3050 1600 3067; x_wconf 76' lang='grc' dir='ltr'><strong>ο</strong></span> <span class='ocrx_word' id='word_1_290' title='bbox 1632 3034 1732 3085; x_wconf 86' lang='grc' dir='ltr'><strong>οὐκ</strong></span> 
     </span>
    </p>
   </div>
   <div class='ocr_carea' id='block_1_48' title="bbox 1822 1945 3389 2017">
    <p class='ocr_par' dir='ltr' id='par_1_48' title="bbox 1822 1945 3389 2017">
     <span class='ocr_line' id='line_1_48' title="bbox 1822 1945 3389 2017; baseline -0.002 -17"><span class='ocrx_word' id='word_1_291' title='bbox 1822 1947 1890 2000; x_wconf 92' lang='lat' dir='ltr'><strong>ab</strong></span> <span class='ocrx_word' id='word_1_292' title='bbox 1950 1946 2266 2000; x_wconf 83' lang='lat' dir='ltr'><strong>orthodoxis</strong></span> <span class='ocrx_word' id='word_1_293' title='bbox 2319 1945 2557 1999; x_wconf 88' lang='lat' dir='ltr'><strong>ordinati</strong></span> <span class='ocrx_word' id='word_1_294' title='bbox 2606 1955 2754 2009; x_wconf 89' lang='lat' dir='ltr'><strong>sunt,</strong></span> <span class='ocrx_word' id='word_1_295' title='bbox 2801 1959 2867 1997; x_wconf 91' lang='lat' dir='ltr'><strong>ac</strong></span> <span class='ocrx_word' id='word_1_296' title='bbox 2895 1959 2988 2013; x_wconf 89' lang='lat' dir='ltr'><strong>per</strong></span> <span class='ocrx_word' id='word_1_297' title='bbox 3025 1945 3389 2017; x_wconf 81' lang='lat' dir='ltr'><strong>ignorantiam</strong></span> 
     </span>
    </p>
   </div>
   <div class='ocr_carea' id='block_1_49' title="bbox 1821 2034 3394 2106">
    <p class='ocr_par' dir='ltr' id='par_1_49' title="bbox 1821 2034 3394 2106">
     <span class='ocr_line' id='line_1_49' title="bbox 1821 2034 3394 2106; baseline -0.003 -15"><span class='ocrx_word' id='word_1_298' title='bbox 1821 2040 2002 2092; x_wconf 91' lang='lat' dir='ltr'><strong>cibum</strong></span> <span class='ocrx_word' id='word_1_299' title='bbox 2028 2045 2382 2106; x_wconf 89' lang='lat' dir='ltr'><strong>sumpserunt</strong></span> <span class='ocrx_word' id='word_1_300' title='bbox 2402 2050 2527 2090; x_wconf 91' lang='lat' dir='ltr'><strong>cum</strong></span> <span class='ocrx_word' id='word_1_301' title='bbox 2555 2035 2886 2106; x_wconf 86' lang='lat' dir='ltr'><strong>presbyteris</strong></span> <span class='ocrx_word' id='word_1_302' title='bbox 2927 2035 3018 2104; x_wconf 85' lang='lat' dir='ltr'><strong>qui</strong></span> <span class='ocrx_word' id='word_1_303' title='bbox 3059 2049 3181 2087; x_wconf 92' lang='lat' dir='ltr'><strong>cum</strong></span> <span class='ocrx_word' id='word_1_304' title='bbox 3204 2034 3394 2088; x_wconf 90' lang='lat' dir='ltr'><strong>eodem</strong></span> 
     </span>
    </p>
   </div>
   <div class='ocr_carea' id='block_1_50' title="bbox 1821 2127 2776 2196">
    <p class='ocr_par' dir='ltr' id='par_1_50' title="bbox 1821 2127 2776 2196">
     <span class='ocr_line' id='line_1_50' title="bbox 1821 2127 2776 2196; baseline 0 -15"><span class='ocrx_word' id='word_1_305' title='bbox 1821 2127 2162 2196; x_wconf 88' lang='lat' dir='ltr'><strong>metropolita</strong></span> <span class='ocrx_word' id='word_1_306' title='bbox 2188 2128 2370 2182; x_wconf 88' lang='lat' dir='ltr'><strong>cibum</strong></span> <span class='ocrx_word' id='word_1_307' title='bbox 2406 2135 2776 2196; x_wconf 86' lang='lat' dir='ltr'><strong>sumpserant.</strong></span> 
     </span>
    </p>
   </div>
   <div class='ocr_carea' id='block_1_51' title="bbox 1893 2217 3401 2288">
    <p class='ocr_par' dir='ltr' id='par_1_51' title="bbox 1893 2217 3401 2288">
     <span class='ocr_line' id='line_1_51' title="bbox 1893 2217 3401 2288; baseline -0.002 -16"><span class='ocrx_word' id='word_1_308' title='bbox 1893 2219 2199 2288; x_wconf 76' lang='lat' dir='ltr'><strong>Responsio.</strong></span> <span class='ocrx_word' id='word_1_309' title='bbox 2229 2249 2301 2259; x_wconf 89' lang='lat'><strong>—</strong></span> <span class='ocrx_word' id='word_1_310' title='bbox 2327 2217 2600 2288; x_wconf 88' lang='lat' dir='ltr'><strong>Scriptum</strong></span> <span class='ocrx_word' id='word_1_311' title='bbox 2643 2228 2762 2273; x_wconf 86' lang='lat' dir='ltr'><strong>est:</strong></span> <span class='ocrx_word' id='word_1_312' title='bbox 2803 2217 2967 2273; x_wconf 85' lang='lat' dir='ltr'><strong>Omne</strong></span> <span class='ocrx_word' id='word_1_313' title='bbox 3008 2217 3144 2287; x_wconf 85' lang='lat' dir='ltr'><strong>quod</strong></span> <span class='ocrx_word' id='word_1_314' title='bbox 3170 2217 3224 2270; x_wconf 90' lang='lat' dir='ltr'><strong>in</strong></span> <span class='ocrx_word' id='word_1_315' title='bbox 3254 2218 3401 2287; x_wconf 89' lang='lat' dir='ltr'><strong>igno-</strong></span> 
     </span>
    </p>
   </div>
   <div class='ocr_carea' id='block_1_52' title="bbox 1823 2309 3402 2377">
    <p class='ocr_par' dir='ltr' id='par_1_52' title="bbox 1823 2309 3402 2377">
     <span class='ocr_line' id='line_1_52' title="bbox 1823 2309 3402 2377; baseline 0.001 -16"><span class='ocrx_word' id='word_1_316' title='bbox 1823 2310 2021 2374; x_wconf 86' lang='lat' dir='ltr'><strong>rantia,</strong></span> <span class='ocrx_word' id='word_1_317' title='bbox 2076 2311 2498 2364; x_wconf 72' lang='lat' dir='ltr'><strong>inundabitur”.</strong></span> <span class='ocrx_word' id='word_1_318' title='bbox 2563 2309 2833 2376; x_wconf 84' lang='lat' dir='ltr'><strong>Quocirca</strong></span> <span class='ocrx_word' id='word_1_319' title='bbox 2891 2309 3026 2362; x_wconf 90' lang='lat' dir='ltr'><strong>nulli</strong></span> <span class='ocrx_word' id='word_1_320' title='bbox 3061 2323 3232 2377; x_wconf 67' lang='lat' dir='ltr'><strong>pinnae</strong></span> <span class='ocrx_word' id='word_1_321' title='bbox 3275 2317 3402 2363; x_wconf 89' lang='lat' dir='ltr'><strong>sunt</strong></span> 
     </span>
    </p>
   </div>
   <div class='ocr_carea' id='block_1_53' title="bbox 1825 2399 2069 2453">
    <p class='ocr_par' dir='ltr' id='par_1_53' title="bbox 1825 2399 2069 2453">
     <span class='ocr_line' id='line_1_53' title="bbox 1825 2399 2069 2453; baseline -0.008 0"><span class='ocrx_word' id='word_1_322' title='bbox 1825 2399 2069 2453; x_wconf 72' lang='lat' dir='ltr'><strong>obnoxﬁ.</strong></span> 
     </span>
    </p>
   </div>
   <div class='ocr_carea' id='block_1_54' title="bbox 1895 2488 3411 2563">
    <p class='ocr_par' dir='ltr' id='par_1_54' title="bbox 1895 2488 3411 2563">
     <span class='ocr_line' id='line_1_54' title="bbox 1895 2488 3411 2563; baseline 0.003 -21"><span class='ocrx_word' id='word_1_323' title='bbox 1895 2488 2250 2559; x_wconf 74' lang='lat' dir='ltr'><strong>Interrogatio</strong></span> <span class='ocrx_word' id='word_1_324' title='bbox 2288 2488 2426 2543; x_wconf 83' lang='lat' dir='ltr'><strong>XVI.</strong></span> <span class='ocrx_word' id='word_1_325' title='bbox 2458 2521 2530 2530; x_wconf 93' lang='lat'><strong><em>—</em></strong></span> <span class='ocrx_word' id='word_1_326' title='bbox 2563 2491 2633 2544; x_wconf 90' lang='lat' dir='ltr'><strong>De</strong></span> <span class='ocrx_word' id='word_1_327' title='bbox 2689 2492 3019 2563; x_wconf 79' lang='lat' dir='ltr'><strong>presbyteris</strong></span> <span class='ocrx_word' id='word_1_328' title='bbox 3050 2492 3411 2556; x_wconf 76' lang='lat' dir='ltr'><strong>orthodoxis,</strong></span> 
     </span>
    </p>
   </div>
   <div class='ocr_carea' id='block_1_55' title="bbox 1825 2568 3395 2648">
    <p class='ocr_par' dir='ltr' id='par_1_55' title="bbox 1825 2568 3395 2648">
     <span class='ocr_line' id='line_1_55' title="bbox 1825 2568 3395 2648; baseline 0.002 -15"><span class='ocrx_word' id='word_1_329' title='bbox 1825 2589 1954 2648; x_wconf 86' lang='lat' dir='ltr'><strong>puta</strong></span> <span class='ocrx_word' id='word_1_330' title='bbox 1991 2578 2287 2645; x_wconf 85' lang='lat' dir='ltr'><strong>Hilarione,</strong></span> <span class='ocrx_word' id='word_1_331' title='bbox 2322 2592 2374 2636; x_wconf 90' lang='lat' dir='ltr'><strong>et</strong></span> <span class='ocrx_word' id='word_1_332' title='bbox 2425 2580 2700 2635; x_wconf 88' lang='lat' dir='ltr'><strong>Eustratio</strong></span> <span class='ocrx_word' id='word_1_333' title='bbox 2736 2585 3006 2637; x_wconf 89' lang='lat' dir='ltr'><strong>monacho</strong></span> <span class='ocrx_word' id='word_1_334' title='bbox 3041 2568 3053 2638; x_wconf 69' lang='grc' dir='ltr'><strong>ι</strong></span> <span class='ocrx_word' id='word_1_335' title='bbox 3089 2583 3395 2638; x_wconf 87' lang='lat' dir='ltr'><strong>habeantne</strong></span> 
     </span>
    </p>
   </div>
   <div class='ocr_carea' id='block_1_56' title="bbox 1827 2669 2902 2740">
    <p class='ocr_par' dir='ltr' id='par_1_56' title="bbox 1827 2669 2902 2740">
     <span class='ocr_line' id='line_1_56' title="bbox 1827 2669 2902 2740; baseline 0.005 -20"><span class='ocrx_word' id='word_1_336' title='bbox 1827 2677 2147 2736; x_wconf 88' lang='lat' dir='ltr'><strong>potestatem</strong></span> <span class='ocrx_word' id='word_1_337' title='bbox 2179 2669 2497 2739; x_wconf 87' lang='lat' dir='ltr'><strong>injungendi</strong></span> <span class='ocrx_word' id='word_1_338' title='bbox 2536 2671 2902 2740; x_wconf 85' lang='lat' dir='ltr'><strong>poenitentias.</strong></span> 
     </span>
    </p>
   </div>
   <div class='ocr_carea' id='block_1_57' title="bbox 1899 2758 3400 2832">
    <p class='ocr_par' dir='ltr' id='par_1_57' title="bbox 1899 2758 3400 2832">
     <span class='ocr_line' id='line_1_57' title="bbox 1899 2758 3400 2832; baseline 0.004 -21"><span class='ocrx_word' id='word_1_339' title='bbox 1899 2758 2201 2827; x_wconf 82' lang='lat' dir='ltr'><strong>Responsio.</strong></span> <span class='ocrx_word' id='word_1_340' title='bbox 2233 2792 2302 2803; x_wconf 90' lang='lat'><strong><em>—</em></strong></span> <span class='ocrx_word' id='word_1_341' title='bbox 2324 2760 2441 2814; x_wconf 89' lang='lat' dir='ltr'><strong>Jam</strong></span> <span class='ocrx_word' id='word_1_342' title='bbox 2481 2762 2683 2816; x_wconf 80' lang='lat' dir='ltr'><strong>dictum</strong></span> <span class='ocrx_word' id='word_1_343' title='bbox 2713 2771 2798 2816; x_wconf 90' lang='lat' dir='ltr'><strong>est</strong></span> <span class='ocrx_word' id='word_1_344' title='bbox 2828 2772 2881 2816; x_wconf 89' lang='lat' dir='ltr'><strong>et</strong></span> <span class='ocrx_word' id='word_1_345' title='bbox 2916 2763 2972 2816; x_wconf 91' lang='lat' dir='ltr'><strong>in</strong></span> <span class='ocrx_word' id='word_1_346' title='bbox 2998 2763 3400 2832; x_wconf 85' lang='lat' dir='ltr'><strong>superioribus,</strong></span> 
     </span>
    </p>
   </div>
   <div class='ocr_carea' id='block_1_58' title="bbox 1829 2848 3392 2923">
    <p class='ocr_par' dir='ltr' id='par_1_58' title="bbox 1829 2848 3392 2923">
     <span class='ocr_line' id='line_1_58' title="bbox 1829 2848 3392 2923; baseline 0.003 -21"><span class='ocrx_word' id='word_1_347' title='bbox 1829 2848 2038 2918; x_wconf 73' lang='lat' dir='ltr'><strong>iniungi</strong></span> <span class='ocrx_word' id='word_1_348' title='bbox 2073 2857 2345 2918; x_wconf 86' lang='lat' dir='ltr'><strong>oportere.</strong></span> <span class='ocrx_word' id='word_1_349' title='bbox 2380 2849 2520 2916; x_wconf 83' lang='lat' dir='ltr'><strong>Quia</strong></span> <span class='ocrx_word' id='word_1_350' title='bbox 2553 2866 2683 2906; x_wconf 75' lang='lat' dir='ltr'><strong>vero</strong></span> <span class='ocrx_word' id='word_1_351' title='bbox 2716 2853 2892 2907; x_wconf 90' lang='lat' dir='ltr'><strong>innuit</strong></span> <span class='ocrx_word' id='word_1_352' title='bbox 2919 2853 3294 2923; x_wconf 76' lang='lat' dir='ltr'><strong>interrogatio,</strong></span> <span class='ocrx_word' id='word_1_353' title='bbox 3324 2869 3392 2906; x_wconf 90' lang='lat' dir='ltr'><strong>an</strong></span> 
     </span>
    </p>
   </div>
   <div class='ocr_carea' id='block_1_59' title="bbox 1829 2942 3396 3016">
    <p class='ocr_par' dir='ltr' id='par_1_59' title="bbox 1829 2942 3396 3016">
     <span class='ocr_line' id='line_1_59' title="bbox 1829 2942 3396 3016; baseline 0.002 -22"><span class='ocrx_word' id='word_1_354' title='bbox 1829 2942 1923 3009; x_wconf 89' lang='lat' dir='ltr'><strong>qui</strong></span> <span class='ocrx_word' id='word_1_355' title='bbox 1977 2942 2231 2997; x_wconf 87' lang='lat' dir='ltr'><strong>sacerdos</strong></span> <span class='ocrx_word' id='word_1_356' title='bbox 2277 2958 2385 2997; x_wconf 89' lang='lat' dir='ltr'><strong>non</strong></span> <span class='ocrx_word' id='word_1_357' title='bbox 2431 2953 2534 3007; x_wconf 88' lang='lat' dir='ltr'><strong>est,</strong></span> <span class='ocrx_word' id='word_1_358' title='bbox 2575 2945 2786 3010; x_wconf 89' lang='lat' dir='ltr'><strong>debeat,</strong></span> <span class='ocrx_word' id='word_1_359' title='bbox 2819 2946 2911 3000; x_wconf 88' lang='lat' dir='ltr'><strong>ubi</strong></span> <span class='ocrx_word' id='word_1_360' title='bbox 2959 2946 3258 3016; x_wconf 82' lang='lat' dir='ltr'><strong>presbyteri</strong></span> <span class='ocrx_word' id='word_1_361' title='bbox 3289 2961 3396 2998; x_wconf 93' lang='lat' dir='ltr'><strong>non</strong></span> 
     </span>
    </p>
   </div>
   <div class='ocr_carea' id='block_1_60' title="bbox 1832 3032 3401 3105">
    <p class='ocr_par' dir='ltr' id='par_1_60' title="bbox 1832 3032 3401 3105">
     <span class='ocr_line' id='line_1_60' title="bbox 1832 3032 3401 3105; baseline 0.001 -20"><span class='ocrx_word' id='word_1_362' title='bbox 1832 3039 1979 3092; x_wconf 84' lang='lat' dir='ltr'><strong>sunt,</strong></span> <span class='ocrx_word' id='word_1_363' title='bbox 2030 3032 2313 3102; x_wconf 88' lang='lat' dir='ltr'><strong>iujungcre</strong></span> <span class='ocrx_word' id='word_1_364' title='bbox 2355 3043 2574 3103; x_wconf 90' lang='lat' dir='ltr'><strong>propter</strong></span> <span class='ocrx_word' id='word_1_365' title='bbox 2614 3034 2772 3088; x_wconf 84' lang='lat' dir='ltr'><strong>ﬁdem</strong></span> <span class='ocrx_word' id='word_1_366' title='bbox 2817 3036 3168 3090; x_wconf 82' lang='lat' dir='ltr'><strong>accedentis:</strong></span> <span class='ocrx_word' id='word_1_367' title='bbox 3203 3043 3401 3105; x_wconf 71' lang='lat' dir='ltr'><strong>praeter</strong></span> 
     </span>
    </p>
   </div>
   <div class='ocr_carea' id='block_1_61' title="bbox 163 3122 1732 3220">
    <p class='ocr_par' dir='ltr' id='par_1_61' title="bbox 163 3123 1730 3196">
     <span class='ocr_line' id='line_1_61' title="bbox 163 3123 1730 3196; baseline -0.007 -11"><span class='ocrx_word' id='word_1_368' title='bbox 163 3132 271 3195; x_wconf 84' lang='grc' dir='ltr'>ἔξω</span> <span class='ocrx_word' id='word_1_369' title='bbox 303 3130 396 3183; x_wconf 80' lang='grc' dir='ltr'><strong>τοῦ</strong></span> <span class='ocrx_word' id='word_1_370' title='bbox 426 3129 657 3194; x_wconf 74' lang='grc' dir='ltr'>εἰκότος,</span> <span class='ocrx_word' id='word_1_371' title='bbox 695 3131 790 3181; x_wconf 73' lang='grc' dir='ltr'>καὶ</span> <span class='ocrx_word' id='word_1_372' title='bbox 837 3126 929 3180; x_wconf 81' lang='grc' dir='ltr'><strong>τὸν</strong></span> <span class='ocrx_word' id='word_1_373' title='bbox 964 3126 1150 3190; x_wconf 83' lang='grc' dir='ltr'>ἁπλῶς</span> <span class='ocrx_word' id='word_1_374' title='bbox 1203 3125 1435 3196; x_wconf 79' lang='grc' dir='ltr'>μοναχὸν</span> <span class='ocrx_word' id='word_1_375' title='bbox 1479 3123 1730 3191; x_wconf 79' lang='grc' dir='ltr'>ἐπιτίμια</span> 
     </span>
    </p>
   </div>
   <div class='ocr_carea' id='block_1_62' title="bbox 1841 3122 3404 3220">
    <p class='ocr_par' dir='ltr' id='par_1_62' title="bbox 1841 3122 3404 3198">
     <span class='ocr_line' id='line_1_62' title="bbox 1841 3122 3404 3198; baseline 0.004 -23"><span class='ocrx_word' id='word_1_376' title='bbox 1841 3122 1915 3176; x_wconf 87' lang='lat' dir='ltr'><strong>l‘as</strong></span> <span class='ocrx_word' id='word_1_377' title='bbox 1949 3137 2059 3176; x_wconf 87' lang='lat' dir='ltr'><strong>non</strong></span> <span class='ocrx_word' id='word_1_378' title='bbox 2102 3133 2186 3177; x_wconf 86' lang='lat' dir='ltr'><strong>est</strong></span> <span class='ocrx_word' id='word_1_379' title='bbox 2219 3133 2278 3177; x_wconf 89' lang='lat' dir='ltr'><strong>ut</strong></span> <span class='ocrx_word' id='word_1_380' title='bbox 2303 3126 2387 3180; x_wconf 83' lang='lat' dir='ltr'><strong>vel</strong></span> <span class='ocrx_word' id='word_1_381' title='bbox 2435 3127 2666 3196; x_wconf 79' lang='lat' dir='ltr'><strong>simplex</strong></span> <span class='ocrx_word' id='word_1_382' title='bbox 2704 3129 3006 3182; x_wconf 90' lang='lat' dir='ltr'><strong>monachus</strong></span> <span class='ocrx_word' id='word_1_383' title='bbox 3055 3127 3404 3198; x_wconf 75' lang='lat' dir='ltr'><strong>pmnitentias</strong></span> 
     </span>
    </p>
   </div>
   <div class='ocr_carea' id='block_1_63' title="bbox 163 3220 387 3274">
    <p class='ocr_par' dir='ltr' id='par_1_63' title="bbox 163 3220 387 3274">
     <span class='ocr_line' id='line_1_63' title="bbox 163 3220 387 3274; baseline -0.009 -1"><span class='ocrx_word' id='word_1_384' title='bbox 163 3220 387 3274; x_wconf 86' lang='grc' dir='ltr'>διδόναι.</span> 
     </span>
    </p>
   </div>
   <div class='ocr_carea' id='block_1_64' title="bbox 249 3304 1729 3380">
    <p class='ocr_par' dir='ltr' id='par_1_64' title="bbox 249 3304 1729 3380">
     <span class='ocr_line' id='line_1_64' title="bbox 249 3304 1729 3380; baseline -0.006 -17"><span class='ocrx_word' id='word_1_385' title='bbox 249 3311 569 3380; x_wconf 84' lang='grc' dir='ltr'>Ἐρώτησις</span> <span class='ocrx_word' id='word_1_386' title='bbox 605 3307 703 3363; x_wconf 83' lang='grc' dir='ltr'><strong>1Ζ’.</strong></span> <span class='ocrx_word' id='word_1_387' title='bbox 731 3339 799 3351; x_wconf 91' lang='lat'><strong>-—</strong></span> <span class='ocrx_word' id='word_1_388' title='bbox 830 3308 967 3379; x_wconf 75' lang='grc' dir='ltr'>Περὶ</span> <span class='ocrx_word' id='word_1_389' title='bbox 996 3307 1318 3378; x_wconf 80' lang='grc' dir='ltr'>μονάζοντος</span> <span class='ocrx_word' id='word_1_390' title='bbox 1353 3304 1443 3359; x_wconf 82' lang='grc' dir='ltr'><strong>τοῦ</strong></span> <span class='ocrx_word' id='word_1_391' title='bbox 1476 3304 1729 3365; x_wconf 87' lang='grc' dir='ltr'>λαϐόντος</span> 
     </span>
    </p>
   </div>
   <div class='ocr_carea' id='block_1_65' title="bbox 165 3397 1732 3474">
    <p class='ocr_par' dir='ltr' id='par_1_65' title="bbox 165 3397 1732 3474">
     <span class='ocr_line' id='line_1_65' title="bbox 165 3397 1732 3474; baseline -0.006 -17"><span class='ocrx_word' id='word_1_392' title='bbox 165 3404 227 3458; x_wconf 78' lang='grc' dir='ltr'>ἰδ</span> <span class='ocrx_word' id='word_1_393' title='bbox 256 3403 404 3474; x_wconf 81' lang='grc' dir='ltr'>ἱερὸν</span> <span class='ocrx_word' id='word_1_394' title='bbox 436 3401 623 3471; x_wconf 85' lang='grc' dir='ltr'>σχῆμα</span> <span class='ocrx_word' id='word_1_395' title='bbox 654 3401 794 3452; x_wconf 81' lang='grc' dir='ltr'>κατὰ</span> <span class='ocrx_word' id='word_1_396' title='bbox 838 3399 1058 3468; x_wconf 80' lang='grc' dir='ltr'>ἄγνοιαν</span> <span class='ocrx_word' id='word_1_397' title='bbox 1084 3399 1191 3452; x_wconf 84' lang='grc' dir='ltr'><strong>ἀπὸ</strong></span> <span class='ocrx_word' id='word_1_398' title='bbox 1215 3397 1584 3470; x_wconf 87' lang='grc' dir='ltr'>πρεσϐυτέρου</span> <span class='ocrx_word' id='word_1_399' title='bbox 1617 3413 1732 3465; x_wconf 83' lang='grc' dir='ltr'>χει-</span> 
     </span>
    </p>
   </div>
   <div class='ocr_carea' id='block_1_66' title="bbox 169 3489 1125 3567">
    <p class='ocr_par' dir='ltr' id='par_1_66' title="bbox 169 3489 1125 3567">
     <span class='ocr_line' id='line_1_66' title="bbox 169 3489 1125 3567; baseline -0.006 -19"><span class='ocrx_word' id='word_1_400' title='bbox 169 3492 554 3567; x_wconf 87' lang='grc' dir='ltr'>ροτονηθέντος</span> <span class='ocrx_word' id='word_1_401' title='bbox 580 3489 684 3542; x_wconf 83' lang='grc' dir='ltr'><strong>ὑπὸ</strong></span> <span class='ocrx_word' id='word_1_402' title='bbox 715 3490 1125 3560; x_wconf 79' lang='grc' dir='ltr'>καθῃρημένου.</span> 
     </span>
    </p>
   </div>
   <div class='ocr_carea' id='block_1_67' title="bbox 252 3576 1733 3649">
    <p class='ocr_par' dir='ltr' id='par_1_67' title="bbox 252 3576 1733 3649">
     <span class='ocr_line' id='line_1_67' title="bbox 252 3576 1733 3649; baseline -0.007 -11"><span class='ocrx_word' id='word_1_403' title='bbox 252 3583 622 3649; x_wconf 85' lang='grc' dir='ltr'>Ἀπόκρισις.</span> <span class='ocrx_word' id='word_1_404' title='bbox 658 3608 731 3619; x_wconf 92' lang='lat'><strong>—-</strong></span> <span class='ocrx_word' id='word_1_405' title='bbox 758 3579 985 3649; x_wconf 80' lang='grc' dir='ltr'>Εἴρηται</span> <span class='ocrx_word' id='word_1_406' title='bbox 1017 3579 1074 3630; x_wconf 80' lang='grc' dir='ltr'>ὲν</span> <span class='ocrx_word' id='word_1_407' title='bbox 1104 3578 1275 3648; x_wconf 75' lang='grc' dir='ltr'>ἑτέρῳ</span> <span class='ocrx_word' id='word_1_408' title='bbox 1312 3576 1614 3646; x_wconf 79' lang='grc' dir='ltr'>κεφαλαίῳ,</span> <span class='ocrx_word' id='word_1_409' title='bbox 1650 3576 1733 3628; x_wconf 83' lang='grc' dir='ltr'><strong>ὅτι</strong></span> 
     </span>
    </p>
   </div>
   <div class='ocr_carea' id='block_1_68' title="bbox 169 3665 1734 3739">
    <p class='ocr_par' dir='ltr' id='par_1_68' title="bbox 169 3665 1734 3739">
     <span class='ocr_line' id='line_1_68' title="bbox 169 3665 1734 3739; baseline -0.012 -6"><span class='ocrx_word' id='word_1_410' title='bbox 169 3675 304 3732; x_wconf 86' lang='grc' dir='ltr'><strong>Πᾶν</strong></span> <span class='ocrx_word' id='word_1_411' title='bbox 332 3673 398 3728; x_wconf 88' lang='grc' dir='ltr'>τὸ</span> <span class='ocrx_word' id='word_1_412' title='bbox 438 3671 586 3726; x_wconf 86' lang='grc' dir='ltr'>κατὰ</span> <span class='ocrx_word' id='word_1_413' title='bbox 624 3669 893 3739; x_wconf 78' lang='grc' dir='ltr'>ἄγνοιαν,</span> <span class='ocrx_word' id='word_1_414' title='bbox 937 3668 1456 3736; x_wconf 80' lang='grc' dir='ltr'>καθαρισθήσεται.</span> <span class='ocrx_word' id='word_1_415' title='bbox 1504 3667 1614 3719; x_wconf 82' lang='grc' dir='ltr'><strong>Καὶ</strong></span> <span class='ocrx_word' id='word_1_416' title='bbox 1636 3665 1734 3716; x_wconf 87' lang='grc' dir='ltr'><strong>οὐκ</strong></span> 
     </span>
    </p>
   </div>
   <div class='ocr_carea' id='block_1_69' title="bbox 170 3755 1737 3835">
    <p class='ocr_par' dir='ltr' id='par_1_69' title="bbox 170 3755 1737 3835">
     <span class='ocr_line' id='line_1_69' title="bbox 170 3755 1737 3835; baseline -0.009 -15"><span class='ocrx_word' id='word_1_417' title='bbox 170 3770 295 3835; x_wconf 81' lang='grc' dir='ltr'>ἐξὸν</span> <span class='ocrx_word' id='word_1_418' title='bbox 317 3762 759 3835; x_wconf 82' lang='grc' dir='ltr'>ἀποστρέφεσθαι</span> <span class='ocrx_word' id='word_1_419' title='bbox 788 3761 887 3831; x_wconf 84' lang='grc' dir='ltr'><strong>τὴν</strong></span> <span class='ocrx_word' id='word_1_420' title='bbox 908 3761 1047 3831; x_wconf 81' lang='grc' dir='ltr'>μετὰ</span> <span class='ocrx_word' id='word_1_421' title='bbox 1068 3758 1165 3812; x_wconf 82' lang='grc' dir='ltr'>τοῦ</span> <span class='ocrx_word' id='word_1_422' title='bbox 1181 3758 1424 3812; x_wconf 86' lang='grc' dir='ltr'>τοιούτου</span> <span class='ocrx_word' id='word_1_423' title='bbox 1455 3755 1737 3810; x_wconf 83' lang='grc' dir='ltr'>συνεστία-</span> 
     </span>
    </p>
   </div>
   <div class='ocr_carea' id='block_1_70' title="bbox 174 3847 1736 3926">
    <p class='ocr_par' dir='ltr' id='par_1_70' title="bbox 174 3847 1736 3926">
     <span class='ocr_line' id='line_1_70' title="bbox 174 3847 1736 3926; baseline -0.009 -13"><span class='ocrx_word' id='word_1_424' title='bbox 174 3880 284 3926; x_wconf 78' lang='grc' dir='ltr'>σιν,</span> <span class='ocrx_word' id='word_1_425' title='bbox 313 3858 411 3913; x_wconf 74' lang='grc' dir='ltr'><strong>καὶ</strong></span> <span class='ocrx_word' id='word_1_426' title='bbox 437 3858 531 3910; x_wconf 75' lang='grc' dir='ltr'><strong>ἐπὶ</strong></span> <span class='ocrx_word' id='word_1_427' title='bbox 561 3855 735 3911; x_wconf 77' lang='grc' dir='ltr'>ἄλλων</span> <span class='ocrx_word' id='word_1_428' title='bbox 764 3854 861 3925; x_wconf 82' lang='grc' dir='ltr'><strong>τὴν</strong></span> <span class='ocrx_word' id='word_1_429' title='bbox 902 3852 1174 3923; x_wconf 87' lang='grc' dir='ltr'>σύμϐασιν</span> <span class='ocrx_word' id='word_1_430' title='bbox 1204 3852 1503 3905; x_wconf 87' lang='grc' dir='ltr'>ποιούντων</span> <span class='ocrx_word' id='word_1_431' title='bbox 1534 3847 1736 3919; x_wconf 85' lang='grc' dir='ltr'>ὁμοίως</span> 
     </span>
    </p>
   </div>
   <div class='ocr_carea' id='block_1_71' title="bbox 174 3950 506 4019">
    <p class='ocr_par' dir='ltr' id='par_1_71' title="bbox 174 3950 506 4019">
     <span class='ocr_line' id='line_1_71' title="bbox 174 3950 506 4019; baseline -0.015 -12"><span class='ocrx_word' id='word_1_432' title='bbox 174 3954 272 4006; x_wconf 69' lang='grc' dir='ltr'><strong>καὶ</strong></span> <span class='ocrx_word' id='word_1_433' title='bbox 302 3950 506 4019; x_wconf 80' lang='grc' dir='ltr'>φιλίαν.</span> 
     </span>
    </p>
   </div>
   <div class='ocr_carea' id='block_1_72' title="bbox 247 4033 1737 4109">
    <p class='ocr_par' dir='ltr' id='par_1_72' title="bbox 247 4033 1737 4109">
     <span class='ocr_line' id='line_1_72' title="bbox 247 4033 1737 4109; baseline -0.007 -15"><span class='ocrx_word' id='word_1_434' title='bbox 247 4040 438 4095; x_wconf 83' lang='grc' dir='ltr'>Ταῦτά</span> <span class='ocrx_word' id='word_1_435' title='bbox 470 4057 550 4092; x_wconf 90' lang='grc' dir='ltr'><strong>σοι</strong></span> <span class='ocrx_word' id='word_1_436' title='bbox 583 4039 681 4109; x_wconf 87' lang='grc' dir='ltr'>μὲν</span> <span class='ocrx_word' id='word_1_437' title='bbox 726 4037 801 4096; x_wconf 83' lang='grc' dir='ltr'>ὡς</span> <span class='ocrx_word' id='word_1_438' title='bbox 834 4035 1101 4104; x_wconf 72' lang='grc' dir='ltr'>συμψύχῳ</span> <span class='ocrx_word' id='word_1_439' title='bbox 1148 4036 1241 4087; x_wconf 69' lang='grc' dir='ltr'><strong>καὶ</strong></span> <span class='ocrx_word' id='word_1_440' title='bbox 1280 4035 1539 4104; x_wconf 81' lang='grc' dir='ltr'>συμπόνῳ</span> <span class='ocrx_word' id='word_1_441' title='bbox 1576 4033 1737 4102; x_wconf 82' lang='grc' dir='ltr'>ἡμεῖς</span> 
     </span>
    </p>
   </div>
   <div class='ocr_carea' id='block_1_73' title="bbox 175 4125 1738 4201">
    <p class='ocr_par' dir='ltr' id='par_1_73' title="bbox 175 4125 1738 4201">
     <span class='ocr_line' id='line_1_73' title="bbox 175 4125 1738 4201; baseline -0.01 -12"><span class='ocrx_word' id='word_1_442' title='bbox 175 4135 321 4190; x_wconf 80' lang='grc' dir='ltr'><strong>κατά</strong></span> <span class='ocrx_word' id='word_1_443' title='bbox 357 4133 420 4186; x_wconf 85' lang='grc' dir='ltr'>τὸ</span> <span class='ocrx_word' id='word_1_444' title='bbox 453 4132 673 4201; x_wconf 77' lang='grc' dir='ltr'>ἐφικτὸν</span> <span class='ocrx_word' id='word_1_445' title='bbox 723 4128 1122 4196; x_wconf 73' lang='grc' dir='ltr'>ἀνεπτύξαμεν.</span> <span class='ocrx_word' id='word_1_446' title='bbox 1154 4128 1324 4190; x_wconf 81' lang='grc' dir='ltr'>Δύτδς</span> <span class='ocrx_word' id='word_1_447' title='bbox 1359 4127 1416 4179; x_wconf 83' lang='grc' dir='ltr'><strong>δὲ</strong></span> <span class='ocrx_word' id='word_1_448' title='bbox 1453 4125 1738 4197; x_wconf 87' lang='grc' dir='ltr'>μεταδοίης</span> 
     </span>
    </p>
   </div>
   <div class='ocr_carea' id='block_1_74' title="bbox 175 4214 1739 4293">
    <p class='ocr_par' dir='ltr' id='par_1_74' title="bbox 175 4214 1739 4293">
     <span class='ocr_line' id='line_1_74' title="bbox 175 4214 1739 4293; baseline -0.008 -14"><span class='ocrx_word' id='word_1_449' title='bbox 175 4222 438 4293; x_wconf 82' lang='grc' dir='ltr'>ἀσφαλῶς</span> <span class='ocrx_word' id='word_1_450' title='bbox 467 4225 576 4285; x_wconf 87' lang='grc' dir='ltr'>τοῖς</span> <span class='ocrx_word' id='word_1_451' title='bbox 607 4222 1019 4291; x_wconf 82' lang='grc' dir='ltr'>ὲπερωτήσασιν</span> <span class='ocrx_word' id='word_1_452' title='bbox 1056 4217 1321 4288; x_wconf 78' lang='grc' dir='ltr'>ἀδελφοῖς.</span> <span class='ocrx_word' id='word_1_453' title='bbox 1358 4219 1439 4271; x_wconf 87' lang='grc' dir='ltr'><strong>Οὐ</strong></span> <span class='ocrx_word' id='word_1_454' title='bbox 1462 4217 1571 4286; x_wconf 79' lang='grc' dir='ltr'><strong>γὰρ</strong></span> <span class='ocrx_word' id='word_1_455' title='bbox 1593 4214 1739 4268; x_wconf 84' lang='grc' dir='ltr'><strong>πάν-</strong></span> 
     </span>
    </p>
   </div>
   <div class='ocr_carea' id='block_1_75' title="bbox 176 4305 1737 4384">
    <p class='ocr_par' dir='ltr' id='par_1_75' title="bbox 176 4305 1737 4384">
     <span class='ocr_line' id='line_1_75' title="bbox 176 4305 1737 4384; baseline -0.01 -11"><span class='ocrx_word' id='word_1_456' title='bbox 176 4333 298 4373; x_wconf 71' lang='grc' dir='ltr'>των</span> <span class='ocrx_word' id='word_1_457' title='bbox 323 4317 360 4384; x_wconf 78' lang='grc' dir='ltr'><em>ὴ</em></span> <span class='ocrx_word' id='word_1_458' title='bbox 393 4315 595 4378; x_wconf 80' lang='grc' dir='ltr'>πίστις</span> <span class='ocrx_word' id='word_1_459' title='bbox 620 4329 634 4344; x_wconf 76' lang='grc' dir='ltr'><strong>ο</strong></span> <span class='ocrx_word' id='word_1_460' title='bbox 652 4313 770 4365; x_wconf 82' lang='grc' dir='ltr'>οὐδὲ</span> <span class='ocrx_word' id='word_1_461' title='bbox 792 4313 1006 4374; x_wconf 86' lang='grc' dir='ltr'>πολλοῖς</span> <span class='ocrx_word' id='word_1_462' title='bbox 1038 4309 1412 4380; x_wconf 78' lang='grc' dir='ltr'>ἐκπέφρασται</span> <span class='ocrx_word' id='word_1_463' title='bbox 1433 4308 1503 4361; x_wconf 84' lang='grc' dir='ltr'>τὰ</span> <span class='ocrx_word' id='word_1_464' title='bbox 1524 4305 1696 4360; x_wconf 80' lang='grc' dir='ltr'>τοιάδε</span> <span class='ocrx_word' id='word_1_465' title='bbox 1721 4319 1737 4336; x_wconf 89' lang='grc'><strong>·</strong></span> 
     </span>
    </p>
   </div>
   <div class='ocr_carea' id='block_1_76' title="bbox 177 4396 1741 4477">
    <p class='ocr_par' dir='ltr' id='par_1_76' title="bbox 177 4396 1741 4477">
     <span class='ocr_line' id='line_1_76' title="bbox 177 4396 1741 4477; baseline -0.01 -14"><span class='ocrx_word' id='word_1_466' title='bbox 177 4410 242 4463; x_wconf 85' lang='grc' dir='ltr'><strong>ού</strong></span> <span class='ocrx_word' id='word_1_467' title='bbox 284 4408 442 4477; x_wconf 89' lang='grc' dir='ltr'>μόνον</span> <span class='ocrx_word' id='word_1_468' title='bbox 458 4405 547 4458; x_wconf 78' lang='grc' dir='ltr'>διὰ</span> <span class='ocrx_word' id='word_1_469' title='bbox 574 4405 674 4476; x_wconf 83' lang='grc' dir='ltr'><strong>τὴν</strong></span> <span class='ocrx_word' id='word_1_470' title='bbox 699 4404 881 4457; x_wconf 85' lang='grc' dir='ltr'>ἄνοιαν</span> <span class='ocrx_word' id='word_1_471' title='bbox 902 4402 1008 4456; x_wconf 84' lang='grc' dir='ltr'>τῶν</span> <span class='ocrx_word' id='word_1_472' title='bbox 1026 4402 1415 4471; x_wconf 84' lang='grc' dir='ltr'>ἀνομησάντων</span> <span class='ocrx_word' id='word_1_473' title='bbox 1439 4441 1453 4465; x_wconf 96' lang='grc'><strong>,</strong></span> <span class='ocrx_word' id='word_1_474' title='bbox 1482 4398 1616 4451; x_wconf 84' lang='grc' dir='ltr'>ἀλλὰ</span> <span class='ocrx_word' id='word_1_475' title='bbox 1647 4396 1741 4449; x_wconf 71' lang='grc' dir='ltr'>καὶ</span> 
     </span>
    </p>
   </div>
   <div class='ocr_carea' id='block_1_77' title="bbox 1831 3214 2096 3283">
    <p class='ocr_par' dir='ltr' id='par_1_77' title="bbox 1831 3214 2096 3283">
     <span class='ocr_line' id='line_1_77' title="bbox 1831 3214 2096 3283; baseline 0.004 -16"><span class='ocrx_word' id='word_1_476' title='bbox 1831 3214 2096 3283; x_wconf 87' lang='lat' dir='ltr'><strong>imponat.</strong></span> 
     </span>
    </p>
   </div>
   <div class='ocr_carea' id='block_1_78' title="bbox 1901 3304 3405 3382">
    <p class='ocr_par' dir='ltr' id='par_1_78' title="bbox 1901 3304 3405 3382">
     <span class='ocr_line' id='line_1_78' title="bbox 1901 3304 3405 3382; baseline 0.005 -23"><span class='ocrx_word' id='word_1_477' title='bbox 1901 3304 2258 3376; x_wconf 78' lang='lat' dir='ltr'><strong>Interrogatio</strong></span> <span class='ocrx_word' id='word_1_478' title='bbox 2301 3306 2460 3361; x_wconf 76' lang='lat' dir='ltr'><strong>XVII.</strong></span> <span class='ocrx_word' id='word_1_479' title='bbox 2491 3340 2551 3349; x_wconf 92' lang='lat'><strong>-—</strong></span> <span class='ocrx_word' id='word_1_480' title='bbox 2580 3310 2652 3362; x_wconf 87' lang='lat' dir='ltr'><strong>Dc</strong></span> <span class='ocrx_word' id='word_1_481' title='bbox 2681 3313 2943 3365; x_wconf 84' lang='lat' dir='ltr'><strong>monacho</strong></span> <span class='ocrx_word' id='word_1_482' title='bbox 2975 3313 3066 3382; x_wconf 86' lang='lat' dir='ltr'><strong>qui</strong></span> <span class='ocrx_word' id='word_1_483' title='bbox 3121 3327 3218 3381; x_wconf 85' lang='lat' dir='ltr'><strong>per</strong></span> <span class='ocrx_word' id='word_1_484' title='bbox 3256 3313 3405 3382; x_wconf 84' lang='lat' dir='ltr'><strong>igno-</strong></span> 
     </span>
    </p>
   </div>
   <div class='ocr_carea' id='block_1_79' title="bbox 1830 3398 3406 3473">
    <p class='ocr_par' dir='ltr' id='par_1_79' title="bbox 1830 3398 3406 3473">
     <span class='ocr_line' id='line_1_79' title="bbox 1830 3398 3406 3473; baseline 0.003 -21"><span class='ocrx_word' id='word_1_485' title='bbox 1830 3398 2061 3452; x_wconf 86' lang='lat' dir='ltr'><strong>rantiam</strong></span> <span class='ocrx_word' id='word_1_486' title='bbox 2084 3413 2296 3453; x_wconf 88' lang='lat' dir='ltr'><strong>sacrum</strong></span> <span class='ocrx_word' id='word_1_487' title='bbox 2333 3401 2573 3453; x_wconf 89' lang='lat' dir='ltr'><strong>habitum</strong></span> <span class='ocrx_word' id='word_1_488' title='bbox 2605 3404 2814 3471; x_wconf 85' lang='lat' dir='ltr'><strong>accepit</strong></span> <span class='ocrx_word' id='word_1_489' title='bbox 2844 3419 2875 3457; x_wconf 88' lang='lat' dir='ltr'><strong>a</strong></span> <span class='ocrx_word' id='word_1_490' title='bbox 2933 3404 3249 3473; x_wconf 87' lang='lat' dir='ltr'><strong>presbytero</strong></span> <span class='ocrx_word' id='word_1_491' title='bbox 3311 3421 3406 3473; x_wconf 76' lang='lat' dir='ltr'><strong>per</strong></span> 
     </span>
    </p>
   </div>
   <div class='ocr_carea' id='block_1_80' title="bbox 1830 3487 2455 3556">
    <p class='ocr_par' dir='ltr' id='par_1_80' title="bbox 1830 3487 2455 3556">
     <span class='ocr_line' id='line_1_80' title="bbox 1830 3487 2455 3556; baseline 0.002 -15"><span class='ocrx_word' id='word_1_492' title='bbox 1830 3487 2140 3556; x_wconf 86' lang='lat' dir='ltr'><strong>depositum</strong></span> <span class='ocrx_word' id='word_1_493' title='bbox 2182 3489 2455 3542; x_wconf 89' lang='lat' dir='ltr'><strong>ordinato.</strong></span> 
     </span>
    </p>
   </div>
   <div class='ocr_carea' id='block_1_81' title="bbox 1900 3571 3407 3652">
    <p class='ocr_par' dir='ltr' id='par_1_81' title="bbox 1900 3571 3407 3652">
     <span class='ocr_line' id='line_1_81' title="bbox 1900 3571 3407 3652; baseline 0.007 -22"><span class='ocrx_word' id='word_1_494' title='bbox 1900 3578 2202 3645; x_wconf 84' lang='lat' dir='ltr'><strong>Responsio.</strong></span> <span class='ocrx_word' id='word_1_495' title='bbox 2243 3580 2390 3632; x_wconf 92' lang='lat' dir='ltr'><strong>—-In</strong></span> <span class='ocrx_word' id='word_1_496' title='bbox 2442 3581 2548 3634; x_wconf 90' lang='lat' dir='ltr'><strong>alio</strong></span> <span class='ocrx_word' id='word_1_497' title='bbox 2597 3584 2775 3652; x_wconf 87' lang='lat' dir='ltr'><strong>capite</strong></span> <span class='ocrx_word' id='word_1_498' title='bbox 2822 3583 3025 3638; x_wconf 86' lang='lat' dir='ltr'><strong>dictum</strong></span> <span class='ocrx_word' id='word_1_499' title='bbox 3054 3597 3185 3639; x_wconf 87' lang='lat' dir='ltr'><strong>est:</strong></span> <span class='ocrx_word' id='word_1_500' title='bbox 3243 3571 3407 3640; x_wconf 81' lang='lat' dir='ltr'><strong>Omne</strong></span> 
     </span>
    </p>
   </div>
   <div class='ocr_carea' id='block_1_82' title="bbox 1830 3672 3407 3740">
    <p class='ocr_par' dir='ltr' id='par_1_82' title="bbox 1830 3672 3407 3740">
     <span class='ocr_line' id='line_1_82' title="bbox 1830 3672 3407 3740; baseline 0.006 -18"><span class='ocrx_word' id='word_1_501' title='bbox 1830 3673 1967 3740; x_wconf 87' lang='lat' dir='ltr'><strong>quod</strong></span> <span class='ocrx_word' id='word_1_502' title='bbox 1999 3686 2088 3738; x_wconf 84' lang='lat' dir='ltr'><strong>per</strong></span> <span class='ocrx_word' id='word_1_503' title='bbox 2125 3672 2514 3740; x_wconf 79' lang='lat' dir='ltr'><strong>ignorantiam,</strong></span> <span class='ocrx_word' id='word_1_504' title='bbox 2555 3675 2915 3729; x_wconf 80' lang='lat' dir='ltr'><strong>mandabitur.</strong></span> <span class='ocrx_word' id='word_1_505' title='bbox 2943 3674 3053 3731; x_wconf 85' lang='lat' dir='ltr'><strong>Nec</strong></span> <span class='ocrx_word' id='word_1_506' title='bbox 3090 3677 3215 3731; x_wconf 80' lang='lat' dir='ltr'><strong>licet</strong></span> <span class='ocrx_word' id='word_1_507' title='bbox 3250 3692 3407 3731; x_wconf 84' lang='lat' dir='ltr'><strong>aver-</strong></span> 
     </span>
    </p>
   </div>
   <div class='ocr_carea' id='block_1_83' title="bbox 1833 3763 3409 3838">
    <p class='ocr_par' dir='ltr' id='par_1_83' title="bbox 1833 3763 3409 3838">
     <span class='ocr_line' id='line_1_83' title="bbox 1833 3763 3409 3838; baseline 0.004 -21"><span class='ocrx_word' id='word_1_508' title='bbox 1833 3763 1940 3818; x_wconf 87' lang='lat' dir='ltr'><strong>sari</strong></span> <span class='ocrx_word' id='word_1_509' title='bbox 1995 3776 2342 3818; x_wconf 89' lang='lat' dir='ltr'><strong>communem</strong></span> <span class='ocrx_word' id='word_1_510' title='bbox 2425 3781 2548 3819; x_wconf 91' lang='lat' dir='ltr'><strong>cum</strong></span> <span class='ocrx_word' id='word_1_511' title='bbox 2619 3767 2724 3821; x_wconf 88' lang='lat' dir='ltr'><strong>isto</strong></span> <span class='ocrx_word' id='word_1_512' title='bbox 2793 3768 3001 3833; x_wconf 86' lang='lat' dir='ltr'><strong>cibum,</strong></span> <span class='ocrx_word' id='word_1_513' title='bbox 3072 3785 3246 3838; x_wconf 86' lang='lat' dir='ltr'><strong>neque</strong></span> <span class='ocrx_word' id='word_1_514' title='bbox 3305 3770 3409 3824; x_wconf 88' lang='lat' dir='ltr'><strong>alia</strong></span> 
     </span>
    </p>
   </div>
   <div class='ocr_carea' id='block_1_84' title="bbox 1833 3855 3412 3922">
    <p class='ocr_par' dir='ltr' id='par_1_84' title="bbox 1833 3855 3412 3922">
     <span class='ocr_line' id='line_1_84' title="bbox 1833 3855 3412 3922; baseline 0.004 -14"><span class='ocrx_word' id='word_1_515' title='bbox 1833 3855 2085 3909; x_wconf 88' lang='lat' dir='ltr'><strong>similiter</strong></span> <span class='ocrx_word' id='word_1_516' title='bbox 2185 3870 2306 3922; x_wconf 66' lang='lat' dir='ltr'><strong>quae</strong></span> <span class='ocrx_word' id='word_1_517' title='bbox 2391 3856 2740 3910; x_wconf 88' lang='lat' dir='ltr'><strong>concordiam</strong></span> <span class='ocrx_word' id='word_1_518' title='bbox 2812 3866 2867 3911; x_wconf 88' lang='lat' dir='ltr'><strong>et</strong></span> <span class='ocrx_word' id='word_1_519' title='bbox 2938 3859 3238 3913; x_wconf 87' lang='lat' dir='ltr'><strong>amicitiam</strong></span> <span class='ocrx_word' id='word_1_520' title='bbox 3329 3859 3412 3915; x_wconf 78' lang='lat' dir='ltr'><strong>fo-</strong></span> 
     </span>
    </p>
   </div>
   <div class='ocr_carea' id='block_1_85' title="bbox 1837 3959 1980 4002">
    <p class='ocr_par' dir='ltr' id='par_1_85' title="bbox 1837 3959 1980 4002">
     <span class='ocr_line' id='line_1_85' title="bbox 1837 3959 1980 4002; baseline 0.014 -3"><span class='ocrx_word' id='word_1_521' title='bbox 1837 3959 1980 4002; x_wconf 66' lang='lat' dir='ltr'><strong>vent.</strong></span> 
     </span>
    </p>
   </div>
   <div class='ocr_carea' id='block_1_86' title="bbox 1906 4040 3411 4111">
    <p class='ocr_par' dir='ltr' id='par_1_86' title="bbox 1906 4040 3411 4111">
     <span class='ocr_line' id='line_1_86' title="bbox 1906 4040 3411 4111; baseline 0.002 -18"><span class='ocrx_word' id='word_1_522' title='bbox 1906 4042 2082 4110; x_wconf 85' lang='lat' dir='ltr'><strong>Atque</strong></span> <span class='ocrx_word' id='word_1_523' title='bbox 2126 4041 2241 4095; x_wconf 70' lang='lat' dir='ltr'><strong>haec</strong></span> <span class='ocrx_word' id='word_1_524' title='bbox 2289 4040 2509 4109; x_wconf 89' lang='lat' dir='ltr'><strong>quidem</strong></span> <span class='ocrx_word' id='word_1_525' title='bbox 2542 4041 2637 4094; x_wconf 90' lang='lat' dir='ltr'><strong>tibi</strong></span> <span class='ocrx_word' id='word_1_526' title='bbox 2678 4051 2940 4111; x_wconf 88' lang='lat' dir='ltr'><strong>tanquam</strong></span> <span class='ocrx_word' id='word_1_527' title='bbox 2966 4043 3212 4096; x_wconf 89' lang='lat' dir='ltr'><strong>unanimi</strong></span> <span class='ocrx_word' id='word_1_528' title='bbox 3244 4052 3302 4096; x_wconf 92' lang='lat' dir='ltr'><strong>et</strong></span> <span class='ocrx_word' id='word_1_529' title='bbox 3331 4043 3411 4096; x_wconf 86' lang='lat' dir='ltr'><strong>la-</strong></span> 
     </span>
    </p>
   </div>
   <div class='ocr_carea' id='block_1_87' title="bbox 1837 4131 3414 4203">
    <p class='ocr_par' dir='ltr' id='par_1_87' title="bbox 1837 4131 3414 4203">
     <span class='ocr_line' id='line_1_87' title="bbox 1837 4131 3414 4203; baseline 0.002 -19"><span class='ocrx_word' id='word_1_530' title='bbox 1837 4131 2032 4185; x_wconf 91' lang='lat' dir='ltr'><strong>borum</strong></span> <span class='ocrx_word' id='word_1_531' title='bbox 2067 4131 2218 4186; x_wconf 91' lang='lat' dir='ltr'><strong>socio</strong></span> <span class='ocrx_word' id='word_1_532' title='bbox 2255 4147 2359 4185; x_wconf 88' lang='lat' dir='ltr'><strong>nos</strong></span> <span class='ocrx_word' id='word_1_533' title='bbox 2397 4147 2496 4200; x_wconf 87' lang='lat' dir='ltr'><strong>pro</strong></span> <span class='ocrx_word' id='word_1_534' title='bbox 2521 4133 2729 4188; x_wconf 87' lang='lat' dir='ltr'><strong>viribus</strong></span> <span class='ocrx_word' id='word_1_535' title='bbox 2766 4134 3144 4203; x_wconf 81' lang='lat' dir='ltr'><strong>explicuimus.</strong></span> <span class='ocrx_word' id='word_1_536' title='bbox 3177 4133 3255 4187; x_wconf 94' lang='lat' dir='ltr'><strong>Tu</strong></span> <span class='ocrx_word' id='word_1_537' title='bbox 3287 4149 3414 4189; x_wconf 85' lang='lat' dir='ltr'><strong>vero</strong></span> 
     </span>
    </p>
   </div>
   <div class='ocr_carea' id='block_1_88' title="bbox 1840 4224 3413 4295">
    <p class='ocr_par' dir='ltr' id='par_1_88' title="bbox 1840 4224 3413 4295">
     <span class='ocr_line' id='line_1_88' title="bbox 1840 4224 3413 4295; baseline 0.002 -18"><span class='ocrx_word' id='word_1_538' title='bbox 1840 4241 1900 4277; x_wconf 88' lang='lat' dir='ltr'><strong>ea</strong></span> <span class='ocrx_word' id='word_1_539' title='bbox 1957 4233 2118 4279; x_wconf 87' lang='lat' dir='ltr'><strong>caute</strong></span> <span class='ocrx_word' id='word_1_540' title='bbox 2172 4224 2370 4279; x_wconf 91' lang='lat' dir='ltr'><strong>tradito</strong></span> <span class='ocrx_word' id='word_1_541' title='bbox 2431 4224 2696 4279; x_wconf 79' lang='lat' dir='ltr'><strong>fratribus</strong></span> <span class='ocrx_word' id='word_1_542' title='bbox 2757 4225 2848 4295; x_wconf 90' lang='lat' dir='ltr'><strong>qui</strong></span> <span class='ocrx_word' id='word_1_543' title='bbox 2920 4226 3413 4295; x_wconf 80' lang='lat' dir='ltr'><strong>interrogaverunt.</strong></span> 
     </span>
    </p>
   </div>
   <div class='ocr_carea' id='block_1_89' title="bbox 1840 4315 3415 4388">
    <p class='ocr_par' dir='ltr' id='par_1_89' title="bbox 1840 4315 3415 4388">
     <span class='ocr_line' id='line_1_89' title="bbox 1840 4315 3415 4388; baseline 0.002 -19"><span class='ocrx_word' id='word_1_544' title='bbox 1840 4315 1964 4371; x_wconf 89' lang='lat' dir='ltr'><strong>Non</strong></span> <span class='ocrx_word' id='word_1_545' title='bbox 2007 4317 2146 4370; x_wconf 88' lang='lat' dir='ltr'><strong>enim</strong></span> <span class='ocrx_word' id='word_1_546' title='bbox 2175 4317 2409 4370; x_wconf 86' lang='lat' dir='ltr'><strong>omnium</strong></span> <span class='ocrx_word' id='word_1_547' title='bbox 2436 4327 2511 4370; x_wconf 86' lang='lat' dir='ltr'><strong>est</strong></span> <span class='ocrx_word' id='word_1_548' title='bbox 2545 4316 2675 4384; x_wconf 81' lang='lat' dir='ltr'><strong>ﬁdes</strong></span> <span class='ocrx_word' id='word_1_549' title='bbox 2697 4319 2739 4349; x_wconf 85' lang='lat'><strong>&quot;</strong></span> <span class='ocrx_word' id='word_1_550' title='bbox 2761 4334 2780 4372; x_wconf 90' lang='lat'><strong><em>:</em></strong></span> <span class='ocrx_word' id='word_1_551' title='bbox 2830 4333 3002 4388; x_wconf 89' lang='lat' dir='ltr'><strong>neque</strong></span> <span class='ocrx_word' id='word_1_552' title='bbox 3028 4318 3142 4372; x_wconf 69' lang='lat' dir='ltr'><strong>htec</strong></span> <span class='ocrx_word' id='word_1_553' title='bbox 3174 4317 3415 4388; x_wconf 81' lang='lat' dir='ltr'><strong>exposita</strong></span> 
     </span>
    </p>
   </div>
   <div class='ocr_carea' id='block_1_90' title="bbox 1845 4407 3415 4477">
    <p class='ocr_par' dir='ltr' id='par_1_90' title="bbox 1845 4407 3415 4477">
     <span class='ocr_line' id='line_1_90' title="bbox 1845 4407 3415 4477; baseline 0 -16"><span class='ocrx_word' id='word_1_554' title='bbox 1845 4419 1975 4461; x_wconf 89' lang='lat' dir='ltr'><strong>sunt</strong></span> <span class='ocrx_word' id='word_1_555' title='bbox 2003 4407 2187 4462; x_wconf 90' lang='lat' dir='ltr'><strong>multis</strong></span> <span class='ocrx_word' id='word_1_556' title='bbox 2220 4425 2234 4461; x_wconf 88' lang='lat'><strong>:</strong></span> <span class='ocrx_word' id='word_1_557' title='bbox 2262 4423 2372 4460; x_wconf 89' lang='lat' dir='ltr'><strong>nou</strong></span> <span class='ocrx_word' id='word_1_558' title='bbox 2409 4408 2573 4461; x_wconf 86' lang='lat' dir='ltr'><strong>modo</strong></span> <span class='ocrx_word' id='word_1_559' title='bbox 2607 4418 2825 4477; x_wconf 89' lang='lat' dir='ltr'><strong>propter</strong></span> <span class='ocrx_word' id='word_1_560' title='bbox 2870 4411 3193 4464; x_wconf 87' lang='lat' dir='ltr'><strong>dementiam</strong></span> <span class='ocrx_word' id='word_1_561' title='bbox 3225 4423 3415 4464; x_wconf 87' lang='lat' dir='ltr'><strong>eorum</strong></span> 
     </span>
    </p>
   </div>
   <div class='ocr_carea' id='block_1_91' title="bbox 178 4485 1732 4569">
    <p class='ocr_par' dir='ltr' id='par_1_91' title="bbox 178 4485 1732 4565">
     <span class='ocr_line' id='line_1_91' title="bbox 178 4485 1732 4565; baseline -0.008 -14"><span class='ocrx_word' id='word_1_562' title='bbox 178 4499 272 4551; x_wconf 79' lang='grc' dir='ltr'>διὰ</span> <span class='ocrx_word' id='word_1_563' title='bbox 305 4501 432 4560; x_wconf 76' lang='grc' dir='ltr'>τοὺς</span> <span class='ocrx_word' id='word_1_564' title='bbox 457 4495 799 4565; x_wconf 75' lang='grc' dir='ltr'>πειρασμους</span> <span class='ocrx_word' id='word_1_565' title='bbox 825 4496 934 4548; x_wconf 84' lang='grc' dir='ltr'><strong>τῶν</strong></span> <span class='ocrx_word' id='word_1_566' title='bbox 973 4493 1337 4563; x_wconf 88' lang='grc' dir='ltr'>κρατούντων.</span> <span class='ocrx_word' id='word_1_567' title='bbox 1377 4492 1516 4546; x_wconf 79' lang='grc' dir='ltr'>Ἀνθ’</span> <span class='ocrx_word' id='word_1_568' title='bbox 1549 4485 1624 4544; x_wconf 83' lang='grc' dir='ltr'>ὢν</span> <span class='ocrx_word' id='word_1_569' title='bbox 1683 4487 1732 4540; x_wconf 83' lang='grc' dir='ltr'>δέ</span> 
     </span>
    </p>
   </div>
   <div class='ocr_carea' id='block_1_92' title="bbox 1841 4485 3417 4569">
    <p class='ocr_par' dir='ltr' id='par_1_92' title="bbox 1846 4498 3417 4569">
     <span class='ocr_line' id='line_1_92' title="bbox 1846 4498 3417 4569; baseline 0.004 -18"><span class='ocrx_word' id='word_1_570' title='bbox 1846 4500 1938 4568; x_wconf 91' lang='lat' dir='ltr'><strong>qui</strong></span> <span class='ocrx_word' id='word_1_571' title='bbox 1989 4498 2371 4567; x_wconf 85' lang='lat' dir='ltr'><strong>deliquerunt;</strong></span> <span class='ocrx_word' id='word_1_572' title='bbox 2433 4499 2526 4553; x_wconf 87' lang='lat' dir='ltr'><strong>sed</strong></span> <span class='ocrx_word' id='word_1_573' title='bbox 2582 4499 2747 4554; x_wconf 86' lang='lat' dir='ltr'><strong>etiam</strong></span> <span class='ocrx_word' id='word_1_574' title='bbox 2808 4510 3031 4569; x_wconf 89' lang='lat' dir='ltr'><strong>propter</strong></span> <span class='ocrx_word' id='word_1_575' title='bbox 3085 4501 3417 4557; x_wconf 87' lang='lat' dir='ltr'><strong>teutationcs</strong></span> 
     </span>
    </p>
   </div>
   <div class='ocr_carea' id='block_1_93' title="bbox 179 4581 1745 4642">
    <p class='ocr_par' dir='ltr' id='par_1_93' title="bbox 179 4581 1745 4642">
     <span class='ocr_line' id='line_1_93' title="bbox 179 4581 1745 4642; baseline -0.005 -2"><span class='ocrx_word' id='word_1_576' title='bbox 179 4590 231 4642; x_wconf 77' lang='lat' dir='ltr'><strong>ot</strong></span> <span class='ocrx_word' id='word_1_577' title='bbox 256 4587 640 4641; x_wconf 83' lang='grc' dir='ltr'>εύλαϐέστατοι</span> <span class='ocrx_word' id='word_1_578' title='bbox 672 4585 1077 4639; x_wconf 85' lang='grc' dir='ltr'>ἁπεστὰλκασιν</span> <span class='ocrx_word' id='word_1_579' title='bbox 1105 4585 1414 4637; x_wconf 82' lang='grc' dir='ltr'>ἀποστόλων</span> <span class='ocrx_word' id='word_1_580' title='bbox 1448 4581 1656 4635; x_wconf 84' lang='grc' dir='ltr'>πολλῶν</span> <span class='ocrx_word' id='word_1_581' title='bbox 1683 4597 1745 4632; x_wconf 86' lang='grc' dir='ltr'><strong>τε</strong></span> 
     </span>
    </p>
   </div>
   <div class='ocr_carea' id='block_1_94' title="bbox 182 4669 1746 4745">
    <p class='ocr_par' dir='ltr' id='par_1_94' title="bbox 182 4669 1746 4745">
     <span class='ocr_line' id='line_1_94' title="bbox 182 4669 1746 4745; baseline -0.006 -15"><span class='ocrx_word' id='word_1_582' title='bbox 182 4678 281 4730; x_wconf 62' lang='grc' dir='ltr'><strong>καλ⁵</strong></span> <span class='ocrx_word' id='word_1_583' title='bbox 312 4676 515 4740; x_wconf 85' lang='grc' dir='ltr'>καλῶν,</span> <span class='ocrx_word' id='word_1_584' title='bbox 552 4674 869 4745; x_wconf 74' lang='grc' dir='ltr'>ἀμείψοιντο</span> <span class='ocrx_word' id='word_1_585' title='bbox 902 4673 1052 4742; x_wconf 81' lang='grc' dir='ltr'>παρὰ</span> <span class='ocrx_word' id='word_1_586' title='bbox 1082 4673 1215 4725; x_wconf 81' lang='grc' dir='ltr'>Θεοῦ</span> <span class='ocrx_word' id='word_1_587' title='bbox 1242 4672 1340 4743; x_wconf 79' lang='grc' dir='ltr'><strong>τὴν</strong></span> <span class='ocrx_word' id='word_1_588' title='bbox 1382 4672 1539 4735; x_wconf 81' lang='grc' dir='ltr'>ἀξίαν</span> <span class='ocrx_word' id='word_1_589' title='bbox 1590 4669 1746 4740; x_wconf 88' lang='grc' dir='ltr'>μισθ-</span> 
     </span>
    </p>
   </div>
   <div class='ocr_carea' id='block_1_95' title="bbox 182 4763 1748 4833">
    <p class='ocr_par' dir='ltr' id='par_1_95' title="bbox 182 4763 1748 4833">
     <span class='ocr_line' id='line_1_95' title="bbox 182 4763 1748 4833; baseline -0.005 -12"><span class='ocrx_word' id='word_1_590' title='bbox 182 4767 500 4832; x_wconf 80' lang='grc' dir='ltr'>αποδοσίαν,</span> <span class='ocrx_word' id='word_1_591' title='bbox 525 4767 621 4819; x_wconf 76' lang='grc' dir='ltr'>καὶ</span> <span class='ocrx_word' id='word_1_592' title='bbox 648 4767 770 4820; x_wconf 85' lang='grc' dir='ltr'>τάδε</span> <span class='ocrx_word' id='word_1_593' title='bbox 794 4763 885 4817; x_wconf 90' lang='grc' dir='ltr'><strong>δύο</strong></span> <span class='ocrx_word' id='word_1_594' title='bbox 904 4764 1235 4833; x_wconf 86' lang='grc' dir='ltr'>μαλακίσκια</span> <span class='ocrx_word' id='word_1_595' title='bbox 1256 4766 1334 4824; x_wconf 86' lang='grc' dir='ltr'><strong>είς</strong></span> <span class='ocrx_word' id='word_1_596' title='bbox 1354 4764 1651 4833; x_wconf 82' lang='grc' dir='ltr'>ὑπόμνημα</span> <span class='ocrx_word' id='word_1_597' title='bbox 1663 4777 1748 4828; x_wconf 73' lang='grc' dir='ltr'>φιε-</span> 
     </span>
    </p>
   </div>
   <div class='ocr_carea' id='block_1_96' title="bbox 183 4848 1746 4928">
    <p class='ocr_par' dir='ltr' id='par_1_96' title="bbox 183 4848 1746 4928">
     <span class='ocr_line' id='line_1_96' title="bbox 183 4848 1746 4928; baseline -0.006 -19"><span class='ocrx_word' id='word_1_598' title='bbox 183 4858 326 4918; x_wconf 78' lang='grc' dir='ltr'>λεας.</span> <span class='ocrx_word' id='word_1_599' title='bbox 364 4856 651 4928; x_wconf 77' lang='grc' dir='ltr'>Ἔρρωσθε</span> <span class='ocrx_word' id='word_1_600' title='bbox 686 4857 742 4906; x_wconf 80' lang='grc' dir='ltr'><strong>εν</strong></span> <span class='ocrx_word' id='word_1_601' title='bbox 795 4854 1008 4923; x_wconf 83' lang='grc' dir='ltr'>Κυρίῳ,</span> <span class='ocrx_word' id='word_1_602' title='bbox 1061 4853 1398 4920; x_wconf 84' lang='grc' dir='ltr'>τιμιώτατοι,</span> <span class='ocrx_word' id='word_1_603' title='bbox 1449 4848 1746 4919; x_wconf 80' lang='grc' dir='ltr'>προσευχό-</span> 
     </span>
    </p>
   </div>
   <div class='ocr_carea' id='block_1_97' title="bbox 188 4942 1746 5017">
    <p class='ocr_par' dir='ltr' id='par_1_97' title="bbox 188 4942 1746 5017">
     <span class='ocr_line' id='line_1_97' title="bbox 188 4942 1746 5017; baseline -0.005 -19"><span class='ocrx_word' id='word_1_604' title='bbox 188 4963 343 5017; x_wconf 80' lang='grc' dir='ltr'>μενοι</span> <span class='ocrx_word' id='word_1_605' title='bbox 376 4947 519 5017; x_wconf 83' lang='grc' dir='ltr'>ὐπὲρ</span> <span class='ocrx_word' id='word_1_606' title='bbox 566 4947 722 5015; x_wconf 82' lang='grc' dir='ltr'>ἡμῶν</span> <span class='ocrx_word' id='word_1_607' title='bbox 765 4944 874 4998; x_wconf 84' lang='grc' dir='ltr'>τῶν</span> <span class='ocrx_word' id='word_1_608' title='bbox 931 4942 1262 5014; x_wconf 83' lang='grc' dir='ltr'>ἁμαρτωλῶν</span> <span class='ocrx_word' id='word_1_609' title='bbox 1307 4942 1379 4995; x_wconf 83' lang='grc' dir='ltr'>τὰ</span> <span class='ocrx_word' id='word_1_610' title='bbox 1419 4942 1746 5009; x_wconf 76' lang='grc' dir='ltr'>κρείττονα,</span> 
     </span>
    </p>
   </div>
   <div class='ocr_carea' id='block_1_98' title="bbox 187 5036 910 5107">
    <p class='ocr_par' dir='ltr' id='par_1_98' title="bbox 187 5036 910 5107">
     <span class='ocr_line' id='line_1_98' title="bbox 187 5036 910 5107; baseline 0 -16"><span class='ocrx_word' id='word_1_611' title='bbox 187 5036 290 5091; x_wconf 74' lang='grc' dir='ltr'>καὶ</span> <span class='ocrx_word' id='word_1_612' title='bbox 311 5038 566 5107; x_wconf 78' lang='grc' dir='ltr'>ἐχόμενα</span> <span class='ocrx_word' id='word_1_613' title='bbox 596 5037 910 5105; x_wconf 78' lang='grc' dir='ltr'>σωτηρίας.</span> 
     </span>
    </p>
   </div>
   <div class='ocr_carea' id='block_1_99' title="bbox 366 5233 1610 5308">
    <p class='ocr_par' dir='ltr' id='par_1_99' title="bbox 366 5233 1610 5308">
     <span class='ocr_line' id='line_1_99' title="bbox 366 5233 1610 5308; baseline -0.005 -16"><span class='ocrx_word' id='word_1_614' title='bbox 366 5236 502 5306; x_wconf 71' lang='lat' dir='ltr'><strong>21C.&quot;</strong></span> <span class='ocrx_word' id='word_1_615' title='bbox 530 5236 664 5308; x_wconf 70' lang='grc'><strong>(12).</strong></span> <span class='ocrx_word' id='word_1_616' title='bbox 688 5267 755 5277; x_wconf 91' lang='grc'><strong>-</strong></span> <span class='ocrx_word' id='word_1_617' title='bbox 800 5233 1046 5304; x_wconf 78' lang='grc' dir='ltr'><strong>Ἰωάννῃ</strong></span> <span class='ocrx_word' id='word_1_618' title='bbox 1079 5235 1364 5302; x_wconf 77' lang='grc' dir='ltr'>κληρικῷ,</span> <span class='ocrx_word' id='word_1_619' title='bbox 1400 5235 1610 5306; x_wconf 77' lang='grc' dir='ltr'>[ωμγ’.]</span> 
     </span>
    </p>
   </div>
   <div class='ocr_carea' id='block_1_100' title="bbox 1850 4587 3420 4661">
    <p class='ocr_par' dir='ltr' id='par_1_100' title="bbox 1850 4587 3420 4661">
     <span class='ocr_line' id='line_1_100' title="bbox 1850 4587 3420 4661; baseline 0.003 -19"><span class='ocrx_word' id='word_1_620' title='bbox 1850 4603 2039 4642; x_wconf 88' lang='lat' dir='ltr'><strong>eorum</strong></span> <span class='ocrx_word' id='word_1_621' title='bbox 2072 4589 2164 4656; x_wconf 86' lang='lat' dir='ltr'><strong>qui</strong></span> <span class='ocrx_word' id='word_1_622' title='bbox 2205 4588 2580 4643; x_wconf 77' lang='lat' dir='ltr'><strong>dominantur.</strong></span> <span class='ocrx_word' id='word_1_623' title='bbox 2619 4587 2726 4641; x_wconf 84' lang='lat' dir='ltr'><strong>Pro</strong></span> <span class='ocrx_word' id='word_1_624' title='bbox 2757 4588 2824 4642; x_wconf 90' lang='lat' dir='ltr'><strong>iis</strong></span> <span class='ocrx_word' id='word_1_625' title='bbox 2851 4600 3033 4643; x_wconf 89' lang='lat' dir='ltr'><strong>autem</strong></span> <span class='ocrx_word' id='word_1_626' title='bbox 3066 4592 3252 4645; x_wconf 90' lang='lat' dir='ltr'><strong>multis</strong></span> <span class='ocrx_word' id='word_1_627' title='bbox 3283 4607 3420 4661; x_wconf 63' lang='lat' dir='ltr'><strong>pra-</strong></span> 
     </span>
    </p>
   </div>
   <div class='ocr_carea' id='block_1_101' title="bbox 1851 4677 3420 4748">
    <p class='ocr_par' dir='ltr' id='par_1_101' title="bbox 1851 4677 3420 4748">
     <span class='ocr_line' id='line_1_101' title="bbox 1851 4677 3420 4748; baseline 0.003 -17"><span class='ocrx_word' id='word_1_628' title='bbox 1851 4677 2122 4745; x_wconf 89' lang='lat' dir='ltr'><strong>clarisque</strong></span> <span class='ocrx_word' id='word_1_629' title='bbox 2175 4678 2498 4732; x_wconf 82' lang='lat' dir='ltr'><strong>muneribus</strong></span> <span class='ocrx_word' id='word_1_630' title='bbox 2557 4693 2679 4746; x_wconf 69' lang='lat' dir='ltr'><strong>quae</strong></span> <span class='ocrx_word' id='word_1_631' title='bbox 2727 4678 3123 4748; x_wconf 78' lang='lat' dir='ltr'><strong>religiosissimi</strong></span> <span class='ocrx_word' id='word_1_632' title='bbox 3170 4680 3420 4736; x_wconf 88' lang='lat' dir='ltr'><strong>homines</strong></span> 
     </span>
    </p>
   </div>
   <div class='ocr_carea' id='block_1_102' title="bbox 1853 4768 3422 4837">
    <p class='ocr_par' dir='ltr' id='par_1_102' title="bbox 1853 4768 3422 4837">
     <span class='ocr_line' id='line_1_102' title="bbox 1853 4768 3422 4837; baseline 0.003 -16"><span class='ocrx_word' id='word_1_633' title='bbox 1853 4770 2145 4833; x_wconf 87' lang='lat' dir='ltr'><strong>miserunt,</strong></span> <span class='ocrx_word' id='word_1_634' title='bbox 2209 4768 2426 4837; x_wconf 82' lang='lat' dir='ltr'><strong>dignam</strong></span> <span class='ocrx_word' id='word_1_635' title='bbox 2479 4784 2508 4822; x_wconf 91' lang='lat' dir='ltr'><strong>a</strong></span> <span class='ocrx_word' id='word_1_636' title='bbox 2561 4769 2671 4825; x_wconf 90' lang='lat' dir='ltr'><strong>Deo</strong></span> <span class='ocrx_word' id='word_1_637' title='bbox 2727 4774 3219 4828; x_wconf 83' lang='lat' dir='ltr'><strong>remunerationem</strong></span> <span class='ocrx_word' id='word_1_638' title='bbox 3278 4775 3422 4828; x_wconf 89' lang='lat' dir='ltr'><strong>acci-</strong></span> 
     </span>
    </p>
   </div>
   <div class='ocr_carea' id='block_1_103' title="bbox 1852 4860 3421 4930">
    <p class='ocr_par' dir='ltr' id='par_1_103' title="bbox 1852 4860 3421 4930">
     <span class='ocr_line' id='line_1_103' title="bbox 1852 4860 3421 4930; baseline 0.004 -20"><span class='ocrx_word' id='word_1_639' title='bbox 1852 4862 2024 4928; x_wconf 83' lang='lat' dir='ltr'><strong>piant,</strong></span> <span class='ocrx_word' id='word_1_640' title='bbox 2083 4870 2138 4912; x_wconf 89' lang='lat' dir='ltr'><strong>et</strong></span> <span class='ocrx_word' id='word_1_641' title='bbox 2185 4860 2283 4914; x_wconf 88' lang='lat' dir='ltr'><strong>has</strong></span> <span class='ocrx_word' id='word_1_642' title='bbox 2333 4861 2471 4914; x_wconf 85' lang='lat' dir='ltr'><strong>duas</strong></span> <span class='ocrx_word' id='word_1_643' title='bbox 2512 4863 2795 4930; x_wconf 87' lang='lat' dir='ltr'><strong>sportellas</strong></span> <span class='ocrx_word' id='word_1_644' title='bbox 2841 4864 2906 4920; x_wconf 66' lang='lat' dir='ltr'><strong>in.</strong></span> <span class='ocrx_word' id='word_1_645' title='bbox 2935 4864 3188 4919; x_wconf 65' lang='lat' dir='ltr'><strong>amicitiae</strong></span> <span class='ocrx_word' id='word_1_646' title='bbox 3225 4880 3421 4918; x_wconf 87' lang='lat' dir='ltr'><strong>monu-</strong></span> 
     </span>
    </p>
   </div>
   <div class='ocr_carea' id='block_1_104' title="bbox 1854 4950 3422 5025">
    <p class='ocr_par' dir='ltr' id='par_1_104' title="bbox 1854 4950 3422 5025">
     <span class='ocr_line' id='line_1_104' title="bbox 1854 4950 3422 5025; baseline 0.004 -22"><span class='ocrx_word' id='word_1_647' title='bbox 1854 4962 2118 5004; x_wconf 89' lang='lat' dir='ltr'><strong>mentum.</strong></span> <span class='ocrx_word' id='word_1_648' title='bbox 2182 4950 2361 5004; x_wconf 83' lang='lat' dir='ltr'><strong>Valete</strong></span> <span class='ocrx_word' id='word_1_649' title='bbox 2415 4955 2469 5006; x_wconf 92' lang='lat' dir='ltr'><strong>in</strong></span> <span class='ocrx_word' id='word_1_650' title='bbox 2527 4953 2773 5020; x_wconf 89' lang='lat' dir='ltr'><strong>Domino,</strong></span> <span class='ocrx_word' id='word_1_651' title='bbox 2814 4956 3277 5022; x_wconf 85' lang='lat' dir='ltr'><strong>reverendissimi,</strong></span> <span class='ocrx_word' id='word_1_652' title='bbox 3325 4973 3422 5025; x_wconf 88' lang='lat' dir='ltr'><strong>pro</strong></span> 
     </span>
    </p>
   </div>
   <div class='ocr_carea' id='block_1_105' title="bbox 1854 5043 3423 5114">
    <p class='ocr_par' dir='ltr' id='par_1_105' title="bbox 1854 5043 3423 5114">
     <span class='ocr_line' id='line_1_105' title="bbox 1854 5043 3423 5114; baseline 0.003 -20"><span class='ocrx_word' id='word_1_653' title='bbox 1854 5043 2014 5096; x_wconf 89' lang='lat' dir='ltr'><strong>nobis</strong></span> <span class='ocrx_word' id='word_1_654' title='bbox 2068 5044 2446 5110; x_wconf 74' lang='lat' dir='ltr'><strong>peccatoribus</strong></span> <span class='ocrx_word' id='word_1_655' title='bbox 2491 5059 2773 5114; x_wconf 84' lang='lat' dir='ltr'><strong>precantes</strong></span> <span class='ocrx_word' id='word_1_656' title='bbox 2817 5047 3033 5102; x_wconf 79' lang='lat' dir='ltr'><strong>meliora</strong></span> <span class='ocrx_word' id='word_1_657' title='bbox 3085 5058 3132 5102; x_wconf 87' lang='lat' dir='ltr'><strong>et</strong></span> <span class='ocrx_word' id='word_1_658' title='bbox 3171 5049 3423 5103; x_wconf 72' lang='lat' dir='ltr'><strong>viciniora</strong></span> 
     </span>
    </p>
   </div>
   <div class='ocr_carea' id='block_1_106' title="bbox 1850 5131 2094 5186">
    <p class='ocr_par' dir='ltr' id='par_1_106' title="bbox 1850 5131 2094 5186">
     <span class='ocr_line' id='line_1_106' title="bbox 1850 5131 2094 5186; baseline -0.016 -1"><span class='ocrx_word' id='word_1_659' title='bbox 1850 5133 2013 5186; x_wconf 81' lang='lat' dir='ltr'><strong>saluti</strong></span> <span class='ocrx_word' id='word_1_660' title='bbox 2033 5131 2094 5181; x_wconf 74' lang='grc'>¹⁸.</span> 
     </span>
    </p>
   </div>
   <div class='ocr_carea' id='block_1_107' title="bbox 2251 5245 3038 5304">
    <p class='ocr_par' dir='ltr' id='par_1_107' title="bbox 2251 5245 3038 5304">
     <span class='ocr_line' id='line_1_107' title="bbox 2251 5245 3038 5304; baseline 0.004 -4"><span class='ocrx_word' id='word_1_661' title='bbox 2251 5245 2473 5300; x_wconf 69' lang='lat' dir='ltr'><strong>CCXVI.</strong></span> <span class='ocrx_word' id='word_1_662' title='bbox 2511 5278 2577 5287; x_wconf 91' lang='grc'><strong>--</strong></span> <span class='ocrx_word' id='word_1_663' title='bbox 2612 5249 2807 5301; x_wconf 73' lang='grc' dir='ltr'>,ίοιιιιηὶ</span> <span class='ocrx_word' id='word_1_664' title='bbox 2839 5250 3038 5304; x_wconf 83' lang='lat' dir='ltr'><strong>clerico.</strong></span> 
     </span>
    </p>
   </div>
   <div class='ocr_carea' id='block_1_108' title="bbox 838 5346 1732 5414">
    <p class='ocr_par' dir='ltr' id='par_1_108' title="bbox 838 5346 1710 5406">
     <span class='ocr_line' id='line_1_108' title="bbox 838 5346 1710 5406; baseline -0.008 -9"><span class='ocrx_word' id='word_1_665' title='bbox 838 5346 1008 5397; x_wconf 85' lang='lat' dir='ltr'><strong>Potius</strong></span> <span class='ocrx_word' id='word_1_666' title='bbox 1026 5359 1123 5395; x_wconf 90' lang='lat' dir='ltr'><strong>non</strong></span> <span class='ocrx_word' id='word_1_667' title='bbox 1144 5358 1351 5406; x_wconf 83' lang='lat' dir='ltr'><strong>peccare</strong></span> <span class='ocrx_word' id='word_1_668' title='bbox 1374 5350 1533 5404; x_wconf 87' lang='lat' dir='ltr'><strong>curet,</strong></span> <span class='ocrx_word' id='word_1_669' title='bbox 1562 5357 1710 5405; x_wconf 86' lang='lat' dir='ltr'><strong>quam</strong></span> 
     </span>
    </p>
   </div>
   <div class='ocr_carea' id='block_1_109' title="bbox 1841 5346 2722 5414">
    <p class='ocr_par' dir='ltr' id='par_1_109' title="bbox 1848 5349 2722 5414">
     <span class='ocr_line' id='line_1_109' title="bbox 1848 5349 2722 5414; baseline 0.009 -15"><span class='ocrx_word' id='word_1_670' title='bbox 1848 5349 1913 5410; x_wconf 20' lang='lat' dir='ltr'><strong>lis,</strong></span> <span class='ocrx_word' id='word_1_671' title='bbox 1937 5365 2080 5414; x_wconf 65' lang='lat' dir='ltr'><strong>paena</strong></span> <span class='ocrx_word' id='word_1_672' title='bbox 2122 5361 2325 5414; x_wconf 75' lang='lat' dir='ltr'><strong>peccato</strong></span> <span class='ocrx_word' id='word_1_673' title='bbox 2363 5358 2621 5404; x_wconf 80' lang='lat' dir='ltr'><strong>statuenda</strong></span> <span class='ocrx_word' id='word_1_674' title='bbox 2643 5360 2722 5407; x_wconf 85' lang='lat' dir='ltr'><strong>sit.</strong></span> 
     </span>
    </p>
   </div>
   <div class='ocr_carea' id='block_1_110' title="bbox 265 5456 1762 5530">
    <p class='ocr_par' dir='ltr' id='par_1_110' title="bbox 265 5456 1762 5530">
     <span class='ocr_line' id='line_1_110' title="bbox 265 5456 1762 5530; baseline -0.003 -15"><span class='ocrx_word' id='word_1_675' title='bbox 265 5461 338 5514; x_wconf 79' lang='grc' dir='ltr'>Τὸ</span> <span class='ocrx_word' id='word_1_676' title='bbox 369 5460 471 5530; x_wconf 72' lang='grc' dir='ltr'>μὲν</span> <span class='ocrx_word' id='word_1_677' title='bbox 490 5461 590 5530; x_wconf 83' lang='grc' dir='ltr'><strong>τῆς</strong></span> <span class='ocrx_word' id='word_1_678' title='bbox 619 5460 842 5527; x_wconf 84' lang='grc' dir='ltr'>ἀγάπης</span> <span class='ocrx_word' id='word_1_679' title='bbox 875 5475 970 5512; x_wconf 89' lang='grc' dir='ltr'><strong>σου</strong></span> <span class='ocrx_word' id='word_1_680' title='bbox 999 5458 1169 5528; x_wconf 84' lang='grc' dir='ltr'>δῶρον</span> <span class='ocrx_word' id='word_1_681' title='bbox 1199 5456 1606 5528; x_wconf 81' lang='grc' dir='ltr'>ἀπεδεξάμεθα,</span> <span class='ocrx_word' id='word_1_682' title='bbox 1640 5457 1762 5524; x_wconf 75' lang='grc' dir='ltr'>φίλε</span> 
     </span>
    </p>
   </div>
   <div class='ocr_carea' id='block_1_111' title="bbox 1944 5464 3427 5541">
    <p class='ocr_par' dir='ltr' id='par_1_111' title="bbox 1944 5464 3427 5541">
     <span class='ocr_line' id='line_1_111' title="bbox 1944 5464 3427 5541; baseline 0.003 -22"><span class='ocrx_word' id='word_1_683' title='bbox 1944 5464 2262 5523; x_wconf 88' lang='lat' dir='ltr'><strong>Dilectionis</strong></span> <span class='ocrx_word' id='word_1_684' title='bbox 2303 5477 2406 5523; x_wconf 77' lang='lat' dir='ltr'><strong>tua:</strong></span> <span class='ocrx_word' id='word_1_685' title='bbox 2441 5482 2640 5524; x_wconf 81' lang='lat' dir='ltr'><strong>munus</strong></span> <span class='ocrx_word' id='word_1_686' title='bbox 2675 5470 3001 5541; x_wconf 86' lang='lat' dir='ltr'><strong>accepimus,</strong></span> <span class='ocrx_word' id='word_1_687' title='bbox 3042 5469 3214 5525; x_wconf 91' lang='lat' dir='ltr'><strong>amice</strong></span> <span class='ocrx_word' id='word_1_688' title='bbox 3247 5471 3427 5526; x_wconf 84' lang='lat' dir='ltr'><strong>since-</strong></span> 
     </span>
    </p>
   </div>
   <div class='ocr_carea' id='block_1_112' title="bbox 264 5585 1845 5663">
    <p class='ocr_par' dir='ltr' id='par_1_112' title="bbox 264 5585 1845 5663">
     <span class='ocr_line' id='line_1_112' title="bbox 264 5585 1845 5663; baseline -0.004 -13"><span class='ocrx_word' id='word_1_689' title='bbox 264 5596 309 5628; x_wconf 81' lang='lat'><em>“</em></span> <span class='ocrx_word' id='word_1_690' title='bbox 338 5593 512 5663; x_wconf 73' lang='lat' dir='ltr'><strong>Levit.</strong></span> <span class='ocrx_word' id='word_1_691' title='bbox 547 5606 622 5656; x_wconf 83' lang='lat' dir='ltr'><strong>tv,</strong></span> <span class='ocrx_word' id='word_1_692' title='bbox 660 5590 714 5645; x_wconf 76' lang='lat'><strong>2.</strong></span> <span class='ocrx_word' id='word_1_693' title='bbox 794 5592 836 5621; x_wconf 77' lang='grc'><strong>⁸⁷</strong></span> <span class='ocrx_word' id='word_1_694' title='bbox 865 5588 902 5643; x_wconf 97' lang='lat' dir='ltr'><strong>ll</strong></span> <span class='ocrx_word' id='word_1_695' title='bbox 935 5587 1126 5646; x_wconf 89' lang='lat' dir='ltr'><strong>Thess.</strong></span> <span class='ocrx_word' id='word_1_696' title='bbox 1170 5603 1252 5655; x_wconf 81' lang='grc' dir='ltr'>ιιι,</span> <span class='ocrx_word' id='word_1_697' title='bbox 1289 5587 1342 5641; x_wconf 64' lang='lat' dir='ltr'><strong>Q.</strong></span> <span class='ocrx_word' id='word_1_698' title='bbox 1423 5587 1462 5618; x_wconf 73' lang='grc'>⁸⁸</span> <span class='ocrx_word' id='word_1_699' title='bbox 1491 5585 1657 5644; x_wconf 86' lang='lat' dir='ltr'><strong>llebr.</strong></span> <span class='ocrx_word' id='word_1_700' title='bbox 1694 5603 1766 5652; x_wconf 72' lang='grc' dir='ltr'>γι,</span> <span class='ocrx_word' id='word_1_701' title='bbox 1793 5589 1845 5644; x_wconf 88' lang='lat'><strong>9.</strong></span> 
     </span>
    </p>
   </div>
   <div class='ocr_carea' id='block_1_113' title="bbox 1705 5683 1934 5744">
    <p class='ocr_par' dir='ltr' id='par_1_113' title="bbox 1705 5683 1934 5744">
     <span class='ocr_line' id='line_1_113' title="bbox 1705 5683 1934 5744; baseline 0.035 -8"><span class='ocrx_word' id='word_1_702' title='bbox 1705 5683 1934 5744; x_wconf 67' lang='grc' dir='ltr'><strong>ΝΟΤΑΞ.</strong></span> 
     </span>
    </p>
   </div>
   <div class='ocr_carea' id='block_1_114' title="bbox 267 5775 937 5852">
    <p class='ocr_par' dir='ltr' id='par_1_114' title="bbox 267 5775 937 5852">
     <span class='ocr_line' id='line_1_114' title="bbox 267 5775 937 5852; baseline -0.007 -19"><span class='ocrx_word' id='word_1_703' title='bbox 267 5781 377 5852; x_wconf 68' lang='grc' dir='ltr'><strong>ΗΞ)</strong></span> <span class='ocrx_word' id='word_1_704' title='bbox 412 5779 466 5836; x_wconf 86' lang='lat' dir='ltr'><strong>lu</strong></span> <span class='ocrx_word' id='word_1_705' title='bbox 499 5777 618 5836; x_wconf 87' lang='lat' dir='ltr'><strong>cod.</strong></span> <span class='ocrx_word' id='word_1_706' title='bbox 658 5775 785 5846; x_wconf 75' lang='lat' dir='ltr'><strong>Reg.</strong></span> <span class='ocrx_word' id='word_1_707' title='bbox 819 5775 937 5829; x_wconf 64' lang='lat'><strong>620&#39;.</strong></span> 
     </span>
    </p>
   </div>
  </div>
