3976 6322
584 343 717 411 1655

1763 345 1822 404 S.
1843 343 2233 405 THEODORI
2266 345 2609 406 STUDszF

3721 345 3852 411 1656

581 456 820 512 tissime.
855 456 935 510 Ad
974 453 1460 522 interrogationem
1512 469 1643 508 vero
1672 463 1842 521 tuam,
1877 470 1986 525 qua
2015 455 2154 510 scire

2270 457 2606 527 τνησιώτατε.
2656 457 2728 508 Τὸ
2772 456 2828 509 δὲ
2868 454 3073 525 αἴτημα
3127 456 3265 526 ὅπερ
3317 455 3436 524 (l2)
3476 458 3681 526 ᾐτήσω
3720 461 3850 529 πρὶς

582 567 730 616 aves,
765 565 886 620 quae
941 564 1098 618 poma
1147 549 1220 604 sil.
1265 549 1484 613 luenda,
1536 549 1582 603 si
1617 550 1909 620 contigerit
1945 561 1997 605 te
2029 566 2155 606 cum

583 645 854 700 haereticis
911 644 1218 706 convivari;
1269 644 1379 698 hoc
1423 646 1813 712 respondemus
1851 646 1957 698 :in
2008 646 2157 698 omni

583 733 801 802 quidem
835 743 1056 802 peccato
1087 742 1331 801 paratam
1355 749 1477 788 esse
1513 735 1727 788 veniam
1755 735 1960 788 idonea:
1984 735 2160 804 ρωπί-

583 825 766 878 ιεηιὶαι
804 844 818 878 :
859 836 1113 880 caeterum
1162 836 1288 878 ante
1345 838 1627 894 peccatum
1662 842 1878 894 pmnam
1913 837 2160 881 Statuere

585 929 692 969 non
729 915 910 979 licere,
961 916 1279 985 peccatique
1317 915 1542 984 januam
1589 915 1694 969 hoc
1728 917 1888 969 modo
1921 917 2156 984 aperire.

584 1005 769 1075 Neque
818 1007 962 1059 enim
1002 1006 1047 1059 si
1097 1007 1476 1075 perconteris:
1525 1004 1580 1057 Si
1616 1005 1926 1058 mmchatus
1980 1003 2159 1068 fuero,

583 1098 726 1166 quod
758 1097 948 1158 nolim,
981 1112 1230 1165 quaenam
1261 1098 1365 1150 erit
1393 1098 1586 1164 paena?
1608 1099 1674 1150 de
1703 1098 1803 1150 hac
1837 1099 2162 1166 respondere

583 1189 757 1242 debeo
795 1207 808 1243 :
856 1189 1101 1243 incitatio
1132 1190 1275 1242 enim
1311 1199 1395 1242 est
1429 1190 1493 1242 ad
1544 1191 1896 1257 peccandum.
1941 1190 2046 1243 Sed
2087 1191 2161 1245 ita

584 1282 1021 1348 respondendum
1069 1291 1191 1335 est:
1257 1279 1398 1334 Cave
1431 1296 1496 1334 ne
1550 1293 1830 1348 peccatum
1883 1283 2160 1345 admittas,

585 1372 840 1441 pedemve
877 1374 942 1426 ad
990 1374 1222 1442 lapidem
1254 1373 1521 1438 ollendas,
1554 1374 1667 1428 sive
1702 1375 2002 1438 intellectu,
2048 1375 2164 1430 sive

583 1478 770 1518 sensu.
829 1463 925 1518 Ubi
958 1475 1134 1517 autem
1181 1464 1500 1528 olTenderis,
1550 1472 1678 1518 tunc
1722 1467 1965 1521 medicus
2000 1466 2160 1520 obse-

585 1553 756 1608 cranti
797 1563 850 1608 et
883 1555 1166 1623 pmnitcnti
1209 1555 1464 1609 idoneum
1512 1556 1575 1608 ad
1618 1557 1954 1609 sanationem
1986 1572 2164 1610 reme-

583 1647 732 1700 dium
785 1646 1086 1699 adhibebit.
1155 1645 1279 1702 llaec.
1330 1647 1422 1701 tibi
1482 1662 1674 1716 magna
1705 1662 1828 1701 cum
1862 1650 2164 1702 attentione

586 1737 804 1808 scripsi,
854 1753 1040 1803 orans,
1095 1739 1310 1802 dilecte,
1361 1748 1418 1792 ut
1461 1739 1529 1792 ab
1564 1738 1710 1791 omni
1764 1738 1906 1792 malo
1965 1739 2160 1792 libere-

588 1831 681 1884 ris.

904 1939 1157 1996 CCXVII.
1188 1971 1256 1982 ——
1291 1941 1566 1996 Tliomaidi
1601 1945 1789 2012 virgini
1811 1945 1897 2012 (').

2258 551 2339 611 τὸ,
2375 550 2468 600 ἐὰν
2494 549 2672 618 ᾳοάσῃ
2701 547 3115 616 συνεστιαθῆναι
3163 550 3494 617 αἱρετικοῖς,
3534 548 3749 602 εἰδέναι
3793 553 3850 603 τὲ

2260 641 2560 709 ἐπιτίμιον,
2601 642 2778 690 ἐκεῖνο
2808 640 3037 707 λέγομεν
3064 679 3079 702 ,
3107 641 3189 691 ὅτι
3223 639 3319 691 ἐπὶ
3342 640 3556 702 παντῇς
3593 641 3849 710 ἁμαρτή-

2264 745 2430 797 ματος
2460 730 2491 796 ἡ
2522 729 2799 794 ἀξιόλογος
2833 731 3088 794 μετάνοια
3128 729 3226 799 τὴν
3285 730 3656 799 συγχώρησιν
3704 732 3846 802 ἔχει·

2259 821 2320 871 οὐ
2356 820 2464 889 μὴν
2491 821 2596 890 πρὸ
2639 821 2733 872 τοῦ
2781 823 3175 890 ἁμαρτήματος
3215 823 3430 887 ἔξεστιν
3467 825 3741 892 ἐπιτίμια
3779 843 3853 877 τι-

2262 911 2430 971 θέναι,
2468 912 2561 962 καὶ
2587 912 2819 977 ἀνοίγειν
2854 912 3103 964 ἐντεῦθεν
3149 913 3248 981 τὴν
3299 912 3476 981 θύραν
3533 916 3642 979 τῆς
3677 919 3853 985 ἁμαρ-

2260 1000 2397 1061 τίας.
2430 1000 2563 1052 Οὐδὲ
2595 1003 2702 1070 γὰρ
2736 1002 2828 1054 ἐὰν
2851 1005 3147 1074 ἐρωτήσῃς·
3177 1005 3238 1057 Εἰ
3267 1005 3469 1072 φθάσω
3507 1009 3850 1075 πορνεῦσαι,

2260 1091 2336 1155 ὡς
2364 1093 2425 1144 οὐ
2463 1091 2746 1162 βούλομαι,
2777 1094 2829 1144 τί
2853 1097 2912 1146 τὸ
2933 1096 3241 1164 ἐπιτίμιον;
3274 1099 3383 1167 χρή
3433 1115 3504 1165 με
3543 1101 3852 1168 ἀποκριθῆο

2261 1185 2347 1236 ναί
2373 1202 2453 1237 σοι
2477 1185 2627 1237 τόδε·
2665 1189 2944 1256 προτροπὴ
2993 1188 3100 1256 γὰρ
3148 1189 3357 1255 γίνεται
3407 1189 3509 1242 τοῦ
3561 1193 3855 1260 ἁμαρτεῖν.

2273 1277 2432 1330 Ἀλλὰ
2457 1276 2614 1328 τοῦτο
2638 1277 2960 1347 ἀποκριτέον
2979 1295 2994 1310 ο
3025 1279 3112 1348 Μὴ
3139 1281 3364 1348 ποιῆσαι
3403 1281 3509 1351 τὴν
3551 1284 3855 1351 ἁμαρτίαν,

2265 1367 2400 1437 μηδὲ
2433 1369 2738 1436 προσκόψαι
2772 1370 2906 1437 πρὸς
2956 1370 3102 1423 λίθον
3142 1371 3234 1424 τὸν
3279 1357 3581 1437 πῶα,’καὶ
3624 1375 3856 1442 νοητῶς,

2262 1461 2357 1511 καὶ
2393 1461 2685 1523 αἰσθητῶς.
2703 1461 2868 1512 Ὅταν
2884 1461 2938 1513 δὲ
2960 1463 3300 1534 προσκόψῃς,
3324 1465 3453 1516 τότε
3472 1469 3501 1517 ὁ
3539 1467 3737 1536 ἰατρὸς
3759 1483 3860 1517 πα·

2263 1549 2588 1619 ρακαλοῦντι
2643 1551 2738 1602 καὶ
2793 1553 3143 1619 μετανοοῦντι
3175 1554 3465 1607 ὲπιδίόωσι
3496 1555 3565 1606 τὸ
3589 1555 3860 1624 θεραπευ-

2260 1642 2411 1691 τικὸν
2447 1641 2600 1711 ἴαμα.
2632 1640 2815 1694 Ταῦτά
2834 1659 2914 1694 σοι
2948 1646 3204 1714 γέγραφα
3236 1647 3338 1698 σὺν
3368 1646 3552 1716 πολλῇ
3593 1649 3857 1716 προσοχῇ.

2264 1732 2555 1802 εὐχόμενος
2617 1731 2880 1801 ρυσθῆναί
2934 1751 3014 1798 σε,
3069 1737 3428 1806 ὴγαπημένε,
3482 1739 3603 1790 ἀπὸ
3661 1741 3858 1801 παντὸς

2197 1843 2239 1896 Β
2267 1825 2458 1878 κακοῦ.

2342 1939 2459 1992 ΣΙΖ⁹
2486 1941 2621 2006 (l3).
2658 1971 2726 1980 ——
2757 1941 3005 2007 Θωμαΐδι
3045 1945 3536 2014 παρθενευούσῃ.
3577 1945 3790 2018 [ωμζῑ]

1423 2054 1498 2104 De
1532 2067 1594 2102 eo
1620 2055 1751 2116 quod
1778 2068 2088 2118 nequaquam
2130 2054 2270 2104 latria
2289 2052 2469 2100 colitur
2493 2053 2653 2116 imago
2685 2054 2896 2103 Domini.

659 2160 1092 2231 Pr0positionem
1167 2165 1484 2219 reverentia:
1549 2176 1691 2226 tuae,
1744 2181 1810 2218 ex
1868 2166 1987 2217 viva
2036 2179 2166 2218 voce

591 2253 880 2308 admodum
923 2253 1229 2309 honorandi
1261 2255 1470 2309 domini
1510 2256 1770 2309 archiatri
1810 2254 1966 2309 laatus
2017 2270 2165 2309 acce-

588 2344 666 2412 pi,
719 2353 904 2412 utpote
952 2360 980 2397 a
1017 2347 1322 2415 propinquo
1355 2348 1554 2416 Deique
1587 2355 1804 2400 amante
1834 2349 2161 2416 expOsitam.

588 2434 697 2489 Nec
722 2449 916 2490 recuso
943 2435 1025 2489 vel
1061 2451 1091 2488 a
1124 2435 1326 2490 femina
1357 2437 1567 2490 discere
1599 2439 1869 2492 interdum
1899 2438 2044 2505 quod
2080 2452 2166 2491 me

590 2528 737 2581 latet.
774 2530 1024 2582 Attamen
1048 2529 1114 2582 de
1145 2530 1579 2583 venerandarum
1633 2530 1931 2599 imaginum
1967 2529 2167 2583 adora-

589 2622 758 2685 tione,
815 2622 993 2689 qualis
1038 2636 1160 2675 esse
1218 2622 1433 2685 delicat,
1484 2623 1772 2692 ignorasse
1803 2637 1911 2676 non
1957 2622 2162 2676 videor.

591 2709 702 2767 Nos
734 2713 938 2781 itaque,
971 2713 1460 2770 reverendissima.
1497 2725 1555 2765 ut
1587 2713 1652 2766 de
1691 2713 1812 2767 aliis
1843 2714 1895 2766 in
1929 2728 2166 2780 praesens

588 2807 772 2859 dicere
818 2807 1106 2868 omittam,
1164 2805 1453 2874 imaginem
1519 2805 1734 2858 Domini
1810 2805 1981 2859 nostri
2037 2803 2166 2859 Jesu

591 2898 790 2952 Christi
819 2899 898 2951 sic
933 2899 1251 2959 adoramus,
1285 2909 1342 2951 ut
1379 2899 1555 2967 ipsum
1596 2898 1884 2952 Dominum
1922 2908 2165 2953 nostrum

589 2988 775 3044 Jcsum
812 2989 1118 3046 Christum.
1188 2988 1303 3045 Hoc
1335 2999 1538 3053 autem,
1566 2989 1738 3052 Sicut,
1792 2990 2168 3045 similitudinis

589 3089 691 3144 est,
723 3096 829 3134 non
859 3080 1287 3134 confirmationis
1315 3097 1328 3133 :
1363 3081 1626 3147 alioquin,
1659 3095 1766 3133 non
1804 3080 1984 3149 imago
2011 3078 2169 3132 Chri-

591 3172 682 3238 sti,
708 3173 801 3226 sed
825 3171 1078 3225 Christus
1126 3173 1242 3239 ipse
1266 3180 1432 3224 esset.
1479 3173 1548 3222 At
1589 3187 1714 3225 vero
1755 3173 1933 3240 imago
1961 3171 2166 3225 Christi

591 3274 672 3317 est
702 3281 714 3316 :
744 3274 796 3316 et
828 3263 916 3317 ille
941 3263 992 3315 in
1023 3279 1120 3316 sua
1140 3265 1375 3333 imagine
1403 3263 1662 3316 adoratus
1690 3273 1794 3324 est.
1827 3274 1881 3317 et
1911 3270 2167 3336 tananm

593 3355 820 3408 alterum
856 3355 908 3407 in
952 3354 1122 3408 altero
1175 3365 1256 3408 est
1296 3363 1572 3408 ostensus.
1608 3355 1696 3407 Ait
1737 3355 1882 3408 enim
1926 3355 2168 3425 Chryso-

2337 2161 2656 2232 Περιχαρῶς
2681 2163 2948 2233 ἐδεξάμην
2972 2164 3069 2232 τὴν
3100 2166 3367 2234 πρότασιν
3408 2166 3514 2235 τῆς
3539 2169 3855 2239 τιμιότητός

2268 2268 2383 2316 σου,
2420 2251 2507 2303 διὰ
2543 2254 2722 2320 φωνῆς
2756 2253 2935 2322 ζώσης
2964 2253 3058 2306 τοῦ
3093 2255 3400 2325 ὑπερτίμου
3434 2259 3646 2326 κυρίου
3666 2260 3852 2330 appe-

2265 2358 2417 2410 τρου,
2459 2341 2554 2394 an
2580 2343 2731 2411 παρὰ
2762 2344 3058 2411 συγγενοῦς
3105 2347 3194 2397 καὶ
3243 2345 3543 2412 θεοφιλοῦς
3595 2365 3853 2418 προσςω-

2266 2430 2541 2500 νηθείσης.
2571 2432 2680 2482 Καὶ
2713 2433 2812 2484 οὐκ
2838 2434 3207 2504 ἀπαναίνομαι
3253 2437 3349 2488 καὶ
3395 2437 3559 2507 παρὰ
3597 2442 3855 2505 γυναικὸς

2271 2526 2560 2596 μανθάνειν
2589 2525 2700 2578 ἔσθ’
2737 2529 2825 2580 ὅτε
2850 2528 2910 2580 τὸ
2929 2528 3210 2582 λανθάνον.
3241 2530 3317 2581 Οὐ
3351 2530 3464 2600 μὴν
3489 2530 3643 2583 δοκῶ
3663 2535 3855 2604 ἠγνοη-

2267 2617 2421 2668 κέναι
2448 2618 2545 2687 την
2590 2617 2719 2687 περὶ
2768 2618 2876 2670 τῶν
2922 2619 3131 2671 σεπτῶν
3176 2617 3405 2672 είκόνων
3451 2624 3855 2692 προσκύνησιν,

2266 2712 2412 2772 ὅπως
2441 2711 2641 2778 ὀφείλει
2668 2709 2833 2764 εἶναι.
2879 2709 3070 2779 Ἡμεῖς
3102 2711 3420 2782 τοιγαροῦν,
3444 2707 3491 2767 ὦ
3521 2717 3853 2783 τιμιωτάτη.

2269 2802 2353 2854 ἵνα
2382 2802 2512 2873 περὶ
2541 2803 2648 2854 τῶν
2681 2801 2857 2855 ἄλλων
2887 2803 3032 2854 ἐάσω
3068 2804 3128 2855 τὸ
3171 2806 3348 2873 παρὸν
3390 2806 3618 2874 λέγειν,
3655 2809 3756 2876 τὴν
3783 2810 3857 2861 ει-

2270 2896 2400 2947 κόνα
2434 2896 2524 2948 τοῦ
2555 2898 2756 2967 Κυρίου
2789 2897 2947 2966 ἡμῶν
2989 2897 3160 2967 Ἰησοῦ
3197 2899 3443 2968 Χριστοῦ
3479 2902 3664 2965 οὕτως
3695 2921 3856 2974 προσ-

2273 2987 2560 3056 κυνοῦμεν,
2602 2987 2676 3049 ὼς
2708 2989 2870 3040 αὐτὸν
2903 2988 3106 3057 Κύριον
3140 2989 3306 3066 ἡμῶν
3349 2991 3572 3057 Ἰησοῦν
3598 2994 3852 3061 Χριστόν.

2273 3077 2343 3127 Τὸ
2371 3077 2448 3136 δὲ,
2493 3078 2605 3142 Ὡς,
2635 3078 2792 3129 τοῦτο
2823 3079 3131 3145 ὁμοιώσεώς
3169 3081 3338 3142 ἐστιν,
3365 3082 3486 3133 ἀλλ’
3515 3084 3581 3135 οὗ
3626 3085 3854 3153 βεὸαιὼ-

2274 3185 2442 3231 σει,.ς’
2487 3188 2512 3228 η
2576 3183 2680 3237 γορ
2725 3175 2792 3224 αν
2859 3177 2955 3222 ουκ
3020 3172 3180 3223 cum.
3221 3173 3489 3241 Χριστοῦ,
3531 3176 3654 3228 ἀλλ’
3702 3179 3854 3240 αὐτὰ

2277 3258 2503 3331 Χριστος
2530 3265 2700 3314 tam.
2769 3258 2904 3315 Αλλα
2935 3265 3041 3333 μὴν
3073 3266 3235 3316 εἰκὼν
3270 3264 3520 3333 Χριστοῦ
3565 3268 3745 3330 ἐστιν,
3770 3271 3855 3322 καί

2275 3355 2331 3405 εν
2366 3355 2431 3423 τῇ
2456 3353 2621 3407 αὑτοῦ
2644 3355 2812 3408 εἰκόνι
2836 3355 3295 3425 προσκεκὺνηται,
3326 3357 3423 3408 καὶ
3453 3357 3534 3420 ὡς
3578 3358 3771 3428 ἕτερον
3804 3363 3855 3412 ὲν

591 3451 802 3495 stomus
827 3443 910 3495 "z
952 3460 970 3491 ‹
1009 3440 1128 3496 Vidi
1161 3443 1413 3511 angelum
1452 3443 1504 3495 in
1544 3444 1826 3513 imagine:
1871 3463 1890 3494 ι
1943 3459 1996 3499 et
2035 3445 2165 3499 Gre-

2275 3449 2444 3517 ἐτέρῳ
2467 3448 2752 3501 δέδεικται.
2777 3449 2914 3517 Φησὶ
2954 3448 3059 3515 γὰρ
3097 3449 3124 3499 ὁ
3177 3448 3616 3517 Χρυσὸστομος·
3649 3469 3669 3501 ι
3710 3446 3855 3504 Εἶδον

590 3533 777 3604 gorius
815 3532 1125 3600 Theologus
1153 3551 1370 3588 rursum
1392 3536 1436 3566 ¹⁰
1471 3554 1484 3589 :
1532 3555 1551 3586 ι
1581 3533 1731 3590 Hanc
1756 3545 1937 3591 autem
1967 3539 2170 3593 intente

589 3627 957 3697 prospiciebat
982 3627 1238 3682 Polemon
1269 3629 1324 3682 in
1359 3629 1618 3700 imagine.
1670 3651 1686 3681 ›
1730 3631 1896 3700 Igitur
1926 3641 1980 3687 et
2007 3632 2168 3688 Chri-

591 3726 710 3774 stus
742 3717 796 3772 in
831 3732 891 3771 ea
943 3719 1180 3787 imagine
1233 3720 1480 3772 cernitur
1523 3730 1576 3774 et
1611 3722 1869 3774 adoratur
1905 3738 1918 3774 :
1977 3737 2166 3775 verum

590 3806 694 3860 etsi
729 3821 825 3876 per
877 3806 1340 3874 similitudinem;
1384 3823 1490 3860 non
1521 3819 1698 3862 tamen
1737 3809 1875 3874 ideo,
1899 3809 2026 3878 quia
2053 3810 2167 3879 ipse

593 3901 854 3953 adoratur
892 3908 946 3953 et
973 3901 1088 3969 ipse
1112 3901 1269 3954 latria
1296 3902 1513 3963 colitur,
1551 3902 1731 3971 imago
1757 3904 1910 3957 latria
1941 3904 2164 3959 colenda

590 4000 674 4044 est
705 4007 718 4044 :
758 3989 1030 4058 siquidem
1066 3991 1272 4044 nullum
1314 3990 1455 4045 foret
1482 3991 1778 4046 discrimen
1827 3993 2082 4062 imaginis
2114 4006 2167 4050 et

592 4082 885 4153 prototypi.
924 4081 1111 4152 Itaque
1163 4085 1274 4138 hazc
1317 4095 1444 4138 sunt
1475 4085 1603 4148 duo,
1637 4087 1886 4140 essentiae
1910 4086 2166 4141 dill‘eren-

591 4173 687 4238 tia,
733 4175 825 4227 sed
883 4189 990 4227 non
1038 4175 1352 4244 hypostasis
1410 4176 1783 4230 similitudine.
1835 4177 1915 4232 Ad
1951 4180 2085 4240 haec,
2119 4181 2164 4234 si

592 4247 723 4320 sola.
749 4266 989 4322 Trinitas
1018 4269 1176 4322 latria
1202 4270 1422 4335 colitur,
1465 4286 1574 4339 quo
1612 4280 1772 4340 pacto
1799 4279 1964 4341 queat
2001 4272 2164 4326 etiam

592 4359 772 4427 imago
821 4359 976 4413 latria
1021 4360 1162 4414 coli?
1192 4363 1532 4430 quaternitas
1579 4363 1722 4416 enim
1758 4361 1899 4417 facta
1926 4362 2166 4419 Trinitas

590 4449 914 4516 invenietur,
963 4452 1244 4506 additione
1285 4463 1562 4519 suscepta,
1596 4456 1737 4522 quod
1784 4455 2010 4522 impium
2059 4467 2162 4511 est.

595 4544 748 4610 Quod
778 4546 821 4600 si
846 4547 1060 4615 proprio
1087 4562 1151 4601 ac
1183 4548 1531 4615 peculiariter
1562 4548 1721 4600 habet
1749 4548 1930 4618 imago
1960 4550 2161 4604 Christi

591 4647 654 4690 ut
706 4637 863 4690 latria
892 4638 1114 4691 colenda
1151 4638 1252 4704 sit;
1296 4638 1402 4692 hoc
1445 4639 1608 4691 etiam
1644 4639 1804 4692 modo
1844 4640 2014 4693 latria:
2046 4643 2164 4697 duae

591 4729 964 4797 deprehensae,
999 4730 1064 4783 ad
1102 4739 1364 4784 creatura:
1393 4731 1598 4784 cultum
1623 4747 1719 4784 nos
1752 4733 2039 4796 adducent,
2065 4748 2161 4802 pe-

592 4819 745 4873 rinde
791 4834 854 4873 ac
904 4820 1128 4874 haeresis
1179 4820 1504 4874 Arianorum
1585 4819 1688 4874 Sed
1726 4836 1892 4890 apage
1938 4822 2164 4888 impium

592 4925 834 4963 sensum.
867 4910 941 4963 'l‘e
963 4925 1092 4963 vero
1116 4910 1292 4964 bonus
1325 4909 1464 4963 Deus
1492 4921 1677 4964 noster
1706 4920 1884 4963 servet
1916 4911 2159 4978 illaesam,

593 5011 644 5053 et
679 5002 798 5054 sine
839 5002 1160 5063 ollensiOne,
1210 5013 1322 5055 tum
1361 5003 1414 5056 in
1464 5003 1764 5056 orthodoxa
1797 5003 1920 5066 lide,
1961 5013 2071 5056 tum
2108 5005 2162 5056 in

592 5096 823 5150 honesta
884 5097 1004 5150 vita:
1061 5097 1394 5161 conditione,
1451 5113 1612 5167 quam
1662 5113 1757 5170 per
1794 5098 2159 5168 virginitatem

594 5188 826 5257 elegisti,
857 5201 913 5242 ut
944 5190 1156 5258 placeas
1191 5189 1435 5242 Domino.

686 5439 726 5473 "
758 5439 951 5496 Sermo
980 5445 998 5495 ι
1039 5442 1106 5497 de
1128 5442 1360 5498 diversis
1388 5443 1678 5515 utriusque
1735 5445 2069 5502 Testamenti
2102 5444 2257 5500 locis.

2197 4790 2302 4864 De

2275 3539 2505 3606 ἄγγελον
2533 3541 2589 3590 ἐν
2619 3537 2786 3590 εικόνι
2811 3555 2823 3568 ·
2867 3557 2885 3588 ι
2917 3539 3009 3590 καὶ
3039 3541 3065 3590 ὁ
3093 3537 3359 3604 Θεολόγος
3399 3538 3718 3609 Γρηγόριος
3753 3544 3850 3594 πά-

2275 3630 2356 3682 λιν
2389 3644 2400 3657 ·
2440 3647 2458 3677 ι
2495 3628 2572 3696 Τῇ
2599 3627 2642 3679 δ’
2667 3624 2735 3696 ἦν
2767 3628 3129 3697 ὑπερκύπτων
3185 3627 3456 3697 Πολέμων
3509 3631 3573 3684 ὲν
3603 3633 3791 3685 εἰκόνι.
3830 3651 3844 3681 ι

2275 3720 2483 3772 Οὐκοῦν
2514 3722 2607 3776 καὶ
2646 3723 2674 3773 ὁ
2713 3721 2948 3791 Χριστὸς
2998 3723 3054 3774 ὲν
3077 3724 3140 3791 τῇ
3164 3722 3351 3793 ἐκείνη
3385 3721 3491 3793 [αἱ.
3528 3725 3741 3798 οἰκεία]
3778 3727 3848 3778 εί-

2274 3810 2513 3864 κόνι-καὶ
2538 3810 2818 3881 ὁρώμενος
2850 3814 2964 3864 ἐστι
3017 3813 3109 3865 καὶ
3161 3816 3677 3884 προσκυνούμενος.
3720 3816 3848 3870 Ἀλλ’

2273 3904 2320 3953 εἰ
2345 3901 2438 3954 καὶ
2467 3904 2885 3971 ὀμοιωματικώς
2908 3944 2924 3967 ,
2957 3905 3123 3973 ὅμως,
3147 3905 3228 3958 ὅτι
3251 3906 3419 3968 αὐτὸς
3461 3911 3847 3976 προσκυνεῖται

2274 3995 2369 4046 καὶ
2420 3993 2582 4057 αὐτὸς
2633 3994 2974 4064 λατρεύεται,
3017 3997 3074 4047 οὐ
3130 3996 3237 4066 μὴν
3270 3998 3304 4067 ἠ
3337 3996 3508 4050 εἰκὼν
3545 4000 3719 4053 αὐτοῦ
3763 4001 3845 4052 λιι-

2273 4087 2469 4156 τρευτή
2523 4101 2536 4114 ·
2561 4087 2682 4138 ἐπεὶ
2710 4086 2861 4140 οὐδὲν
2890 4088 3145 4157 διάφορον
3190 4089 3401 4152 εἰκόνος
3441 4093 3543 4143 καὶ
3577 4094 3846 4161 πρωτοτὺ-

2274 4193 2398 4228 που.
2429 4176 2686 4244 Καίτοιγε
2713 4177 2885 4230 ταῦτα
2914 4177 3024 4243 δύο,
3049 4182 3112 4248 τῇ
3134 4179 3493 4251 διαφορότητι
3519 4183 3624 4253 τῆς
3648 4185 3842 4246 οὐσίας,

2273 4270 2332 4321 οὐ
2453 4270 2730 4339 ὁμοιότητι
2777 4273 2873 4340 τῆς
2929 4272 3296 4335 ὑποστάσεως.
3339 4274 3603 4335 Ἔπειτα.
3657 4279 3750 4329 καὶ
3801 4278 3844 4329 εί

2275 4362 2443 4429 Τριὰς
2485 4362 2617 4429 μόνη
2653 4361 2769 4413 ἐστὶ
2814 4362 3201 4432 λατρευομένη,
3242 4363 3361 4426 πῶς
3405 4365 3614 4420 δύναιτ’
3650 4369 3715 4420 ἂν
3760 4371 3842 4421 καὶ

2273 4455 2304 4518 ἡ
2338 4451 2498 4503 εἰκὼν
2554 4452 2946 4521 λατρεύεσθαι;
3000 4451 3359 4522 εὑρεθήσεται
3415 4457 3531 4527 γὰρ
3571 4459 3768 4529 τετρὰς
3810 4461 3840 4529 ἡ

2273 4543 2461 4610 Τρώς,
2495 4542 2813 4612 προσθήκην
2871 4543 3136 4612 δεξαμένη
3165 4560 3178 4574 ’
3218 4544 3360 4616 ὅπερ
3416 4547 3576 4600 ἐστὶν
3633 4551 3838 4614 ἀσεϐές.

2272 4634 2332 4686 Εἰ
2357 4635 2411 4686 δὲ
2444 4635 2536 4687 καὶ
2567 4634 2844 4696 tam:de
2903 4635 3015 4704 ἔχει
3038 4634 3096 4686 τὸ
3120 4636 3425 4705 λατρευτδν
3454 4642 3487 4709 ἡ
3525 4640 3694 4694 εἰκὼν
3721 4643 3841 4713 Χρι-

2273 4724 2396 4777 στοῦ
2422 4741 2434 4754 ·
2465 4725 2558 4776 καὶ
2603 4723 2745 4777 οὕτω
2774 4725 2868 4778 δύο
2893 4725 3134 4795 λατρεῖαι
3177 4729 3586 4799 εὑρισκόμεναι
3637 4737 3718 4796 εἰς
3746 4751 3842 4787 κτι-

2308 4814 2672 4884 ματολατρίαν
2701 4817 2844 4883 ἡμᾶς
2864 4817 3141 4882 ἀγάγοιεν,
3162 4817 3360 4886 ἐπίσης
3388 4821 3491 4890 τῆς
3510 4822 3627 4875 τῶν
3643 4825 3839 4894 Ἀρεια-

2269 4905 2370 4957 νῶν
2405 4905 2686 4976 αἱρέσεως.
2733 4907 2870 4958 Ἀλλ’
2889 4907 3068 4976 ἄπαγε
3088 4907 3182 4959 τοῦ
3209 4909 3452 4974 ἀσεϐοῦς
3476 4916 3836 4986 φρονήματος.

2269 4998 2333 5048 Σὲ
2365 4999 2420 5049 δὲ
2457 4999 2484 5049 ὁ
2515 4996 2718 5064 ἀγαθὸς
2750 4999 2880 5062 Θεὸς
2924 4997 3077 5068 ἡμῶν
3101 5001 3538 5070 περιφυλάξειεν
3570 5009 3733 5076 ἀσινῆ
3757 5009 3838 5062 καὶ

2266 5090 2613 5157 ἀπρόσκοπον
2640 5093 2705 5159 τῇ
2733 5108 2790 5141 τε
2841 5090 3104 5160 ὀρθοδόξῳ
3151 5091 3364 5159 πίστει,
3400 5098 3503 5149 καὶ
3560 5102 3630 5170 τῇ
3664 5117 3835 5170 σεμνο-

2269 5184 2468 5249 πρεπεί
2499 5180 2760 5251 πολιτείᾳ.
2791 5182 2854 5250 ἦν
2906 5181 2993 5233 διὰ
3040 5181 3344 5252 παρθενίας
3391 5191 3686 5260 προείλου,
3721 5190 3836 5261 πῴς

2269 5273 2627 5344 εὐαρέστησιν
2657 5273 2881 5343 Κυρίου.

2361 5447 2404 5477 ¹⁰
2441 5446 2611 5500 lamb.
2650 5446 2730 5501 18.

2098 5619 2322 5677 NOTAE.

654 5770 719 5843 (‘)
753 5769 1087 5843 Dogmatica.

2354 5776 2463 5847 (15)
2507 5775 2561 5831 lu
2607 5779 2727 5835 cod.
2761 5779 2887 5847 licg.
2924 5781 3023 5834 0/}.
