3976 6322
1333 367 1862 459 EPISTOLARUM
1904 396 2050 458 LIB.
2079 396 2161 457 ΙΙ.

1773 520 1822 573 Δ

3281 398 3416 463 1658

2125 505 2398 564 CCXVIII.
2426 537 2497 548 —
2527 507 2796 564 Demetrio
2823 509 3024 564 consuli
3047 511 3136 580 (‘).

191 656 564 709 Constantinum
589 657 721 707 Iren.
748 657 816 707 ill.
843 657 905 710 ob
926 660 1124 719 nuptias
1149 655 1452 708 adulterinas
1479 651 1938 776 merltoﬁl-l‘erlpgsest:
1957 652 2169 702 alterum
2201 651 2315 712 dici,
2339 655 2555 703 attamen
2579 651 2736 715 ipsius
2756 654 3065 702 mentionem
3090 654 3140 701 in
3171 665 3226 702 re
3248 651 3412 702 divina

1687 730 1714 763 e
1743 729 1761 762 ι
1937 750 1950 760 .

1687 729 1761 763 ert
1784 729 1950 763 00558.

261 828 477 899 Μικροῦ
505 829 597 882 καὶ
622 843 882 900 προτερον
909 829 996 883 διὰ
1025 828 1117 882 τοῦ
1166 829 1492 900 γράμματος
1546 826 1741 881 ἀπελο-

189 923 501 992 γησάμεθα,
528 924 602 986 ὡς
634 923 799 994 πολλὴ
853 924 944 976 καὶ
993 924 1130 994 ὑπὲρ
1172 925 1270 994 τὴν
1322 923 1478 988 ἀξίαν
1528 923 1682 992 ἡμῶν
1713 924 1747 992 ἡ

188 1014 371 1075 πίστις
408 1031 522 1076 σου,
580 1012 842 1078 Δέσποτα,
874 1013 908 1081 ἦ
953 1029 1009 1065 τε
1052 1012 1184 1082 τιμὴ
1238 1014 1330 1066 καὶ
1371 1015 1403 1082 ἠ
1450 1014 1746 1081 ἀγάπησις.

200 1105 392 1175 Ἡμεῖς
421 1105 479 1158 δὲ
507 1105 605 1174 οὐχ
653 1103 822 1167 οὕτως
879 1104 1045 1174 ἐσμὲν
1097 1103 1241 1157 καθὰ
1301 1104 1745 1172 ὑπολαμϐάνετεο

187 1196 299 1250 ἀλλ’
332 1195 651 1267 ἁμαρτωλοὶ
683 1197 763 1258 εἰς
790 1194 943 1247 οὐδὲν
981 1195 1191 1263 ἐφελος.
1229 1193 1356 1249 οὕτε
1416 1196 1564 1263 ὑμῖν,
1624 1194 1749 1248 οὔτε

187 1285 294 1355 μὴν
333 1284 516 1349 ἄλλοις
550 1286 904 1356 ὑπάρχοντες.
939 1284 1036 1354 Είη
1066 1285 1122 1338 δὲ
1173 1285 1300 1354 ὑμῖν
1347 1286 1486 1337 κατὰ
1522 1285 1621 1355 τὴν
1654 1302 1750 1337 πε-

187 1375 442 1446 ποίθησιν
464 1380 492 1431 6
526 1377 717 1446 μισθὸς
747 1378 838 1429 καὶ
866 1379 895 1431 6
924 1377 1071 1441 ελεος
1097 1378 1250 1449 παρὰ
1283 1379 1516 1449 Κυρίου,
1563 1379 1659 1431 σὺν
1681 1381 1748 1450 τῇ

186 1469 352 1541 κυρίᾳ
381 1470 678 1540 ὐπατίσσῃ,
702 1470 796 1523 καὶ
831 1471 940 1532 τοῖς
990 1471 1266 1539 εὐγενέσιν
1306 1471 1458 1541 ὑμῶν
1498 1470 1747 1534 κλάδοις’

129 1621 139 1631 ι
186 1556 260 1614 ὧν
287 1563 498 1625 καὶτὰς
524 1561 836 1633 προσφορὰς
857 1561 1138 1629 δεξάμενοι
1159 1564 1613 1633 προσηνέγκαμεν
1640 1563 1752 1616 Κυ-

189 1652 287 1722 ρίῳ
306 1655 376 1704 τὰ
407 1653 760 1723 χαριστήρια.
803 1653 940 1706 Ἀλλ’
966 1653 1057 1705 ὲπὶ
1078 1653 1139 1706 τὸ
1169 1655 1493 1722 κατεπεῖγον
1518 1656 1546 1707 6
1571 1654 1747 1722 λόγος.

197 1744 600 1815 Ἐλυπήθησαν,
625 1746 776 1816 φησὶ,
804 1746 944 1808 τινὲς
967 1745 1052 1799 διὰ
1074 1746 1164 1799 τὸν
1196 1746 1447 1818 δεύτερον
1477 1746 1749 1818 Ἡρώδην,

183 1839 264 1892 ὅτι
287 1837 566 1910 όρθόδοξος
599 1833 667 1910 ἦν
693 1839 788 1891 καὶ
820 1841 852 1908 ἡ
895 1839 1187 1908 Ἐκκλησία
1211 1839 1536 1912 μνημονεύει
1562 1839 1750 1894 αὐτοῦ.

185 1929 411 2001 Πρῶτον
445 1931 544 2001 μὲν
583 1929 825 2001 Ἡρώδην
854 1929 1082 2002 σύνηθες
1111 1931 1291 1998 λέγειν
1319 1933 1446 1994 τοὺς
1483 1930 1752 2002 κρατοῦν-

180 2036 315 2082 ταςτ
355 2020 504 2107 καθά
531 2022 738 2091 φησινὸ
772 2021 1030 2090 Θεολόγος
1052 2037 1066 2051 ⁶
1105 2039 1123 2073 ς
1171 2022 1296 2074 Ἐὰν
1334 2023 1546 2095 Ἡρώδῃ
1574 2040 1753 2092 παρα-

1917 823 1982 878 Ει
2022 824 2182 895 paulo
2219 836 2389 880 antea
2435 842 2532 896 per
2571 826 2778 882 litteras
2825 828 3371 882 commemoravimus
3395 869 3412 893 ,

1846 928 2048 987 quanta
2087 928 2233 972 esset
2279 929 2331 973 et
2369 935 2530 988 quam
2571 936 2733 989 supra
2764 920 3017 975 meritum
3069 931 3313 976 nostrum
3350 921 3415 976 ﬂ-

1847 1009 2006 1063 ducia
2056 1019 2168 1075 tua,
2222 1009 2468 1075 Domine,
2521 1011 2864 1066 observantia
2889 1012 3039 1070 item.
3077 1029 3140 1066 ac
3166 1013 3410 1066 dilectio.

1847 1099 1957 1155 Nos
1988 1116 2118 1155 vero
2153 1117 2259 1156 non
2293 1102 2328 1155 ii
2357 1117 2549 1157 sumus
2583 1119 2722 1172 quos
2749 1119 2872 1157 esse
2905 1105 3276 1168 arbitramini,
3319 1104 3413 1159 sed

1848 1201 2184 1260 peccatores.
2243 1206 2476 1261 quorum
2533 1191 2711 1246 inanis
2782 1201 2898 1245 tum
2950 1192 3108 1245 vobis
3146 1201 3259 1245 tum
3292 1192 3416 1247 aliis

1848 1291 2017 1352 opera
2037 1292 2139 1338 est.
2164 1282 2248 1337 Sit
2277 1293 2455 1338 autem
2477 1282 2630 1338 vobis
2653 1281 2953 1337 secundum
2988 1283 3145 1337 {idem
3177 1292 3413 1336 vestram

1850 1391 2057 1430 merces
2112 1384 2167 1430 et
2215 1375 2590 1429 misericordia
2647 1391 2678 1430 a
2726 1377 2978 1439 Domino,
3033 1391 3156 1430 cum
3194 1375 3413 1430 domina

1849 1468 2176 1531 consulissa,
2205 1467 2483 1538 nobilique
2522 1469 2707 1524 sobole
2745 1479 2924 1524 vestra
2953 1488 2966 1524 :
2996 1485 3230 1539 quorum
3263 1470 3415 1523 obla-

1852 1562 2091 1616 tionibus
2125 1561 2360 1630 acceptis
2401 1561 2700 1618 obtulimus
2741 1562 2972 1617 Domino
3015 1578 3263 1617 munera.
3302 1561 3408 1616 Sed

1851 1651 1917 1706 ad
1953 1653 2224 1722 negotium
2267 1668 2464 1722 urgens
2490 1667 2553 1707 ac
2581 1655 2948 1709 necessarium
2980 1655 3154 1709 oratio
3183 1670 3415 1708 conver-

1854 1751 2017 1798 tatur.
2049 1742 2212 1814 IEgre
2238 1742 2341 1798 fuit
2376 1745 2671 1811 nonnullis,
2705 1745 2899 1814 inquit,
2946 1745 3015 1799 ob
3044 1744 3306 1798 Herodem
3341 1745 3420 1798 al-

1853 1845 2053 1899 terum,
2099 1837 2244 1906 quod
2272 1837 2607 1893 orthodoxus
2643 1837 2826 1905 fuerit,
2864 1847 2918 1892 et
2945 1837 3186 1893 Ecclesia
3235 1837 3418 1908 ipsum

1853 1937 2258 1982 commemoret.
2288 1925 2530 1982 Primum
2562 1927 2801 1997 quidem,
2832 1927 3054 1984 solenne
3076 1937 3162 1982 est
3185 1927 3417 1982 Herodis

1854 2018 2210 2087 appellatione
2254 2018 2526 2088 principes
2575 2019 2834 2073 indicare.
2877 2017 2958 2072 Ad
2999 2035 3163 2088 quem
3199 2018 3416 2073 modum

185 2115 336 2184 στῇς,
364 2092 664 2183 σιῖὓπησον.
695 2134 714 2167 ι
744 2115 973 2168 Ἔπειτα
1017 2114 1390 2168 σκοπείτωσαν
1438 2117 1487 2168 οί
1517 2115 1750 2185 ἐπισκή-

1858 2109 2160 2181 Tbeologus
2189 2110 2306 2165 ait:
2343 2130 2360 2162 ι
2400 2110 2456 2163 Si
2505 2125 2689 2164 coram
2722 2111 2931 2164 Herode
2966 2112 3202 2176 steteris,
3236 2110 3357 2164 sile.
3391 2129 3412 2162 ι

183 2220 432 2267 πτοντες.
475 2205 526 2257 εἰ
587 2203 660 2276 μὴ
703 2205 926 2268 εἰκότως
972 2206 1006 2276 ή
1035 2206 1388 2277 ἀφομοίωσις.
1435 2206 1493 2260 '0
1535 2205 1752 2275 πρῶτος

197 2294 446 2366 Ἡρώδης
475 2296 708 2362 γυναῖκα
731 2293 868 2365 ἔχων
891 2295 990 2368 τὴν
1009 2294 1288 2366 θυγατέρα
1320 2294 1512 2366 Ἀρέτα
1532 2293 1626 2348 τοῦ
1653 2293 1752 2364 βα-

187 2386 399 2451 σιλέως,
433 2387 531 2438 καὶ
583 2385 788 2456 ταύτην
839 2385 1104 2450 ἐκϐαλὼν,
1145 2387 1332 2458 εἴληφε
1382 2387 1479 2458 τὴν
1515 2388 1752 2456 γυναῖκα

182 2477 452 2530 Φιλίππου
480 2475 577 2528 τοῦ
615 2474 847 2545 ἀδελφοῦ
876 2476 1040 2532 αὐτοῦ
1095 2479 1174 2541 είς
1211 2479 1464 2549 δεύτερον
1510 2481 1753 2532 συνοικέ-

187 2585 334 2620 σιον·
370 2569 472 2622 καὶ
503 2567 689 2637 ἐπειδὴ
729 2567 880 2638 παρὰ
946 2568 1036 2621 τὸν
1075 2568 1238 2639 νόμον
1266 2570 1444 2632 τοῦτο,
1469 2570 1750 2642 ἐλέγχεται

186 2658 290 2710 ὑπὸ
319 2657 414 2710 τοῦ
445 2656 759 2728 Προδρόμου
782 2672 796 2688 ·
826 2661 918 2711 καὶ
944 2658 1018 2727 μὴ
1045 2658 1222 2728 φέρων
1243 2660 1332 2713 τὸν
1350 2660 1590 2732 ἔλεγχον,
1612 2662 1753 2715 κτεί-

185 2766 263 2803 νει
291 2751 384 2803 τὸν
409 2750 718 2821 προφήτην.
753 2745 884 2803 Εἶτα
930 2749 1065 2818 μετὰ
1115 2751 1309 2819 μικρὸν
1345 2752 1447 2804 ὑπὸ
1475 2751 1568 2806 τοῦ
1621 2752 1751 2805 ίδίου

182 2840 310 2894 λαοῦ
340 2838 730 2903 ἀνασοόευθεὶς
759 2838 1040 2907 φονεύεται
1069 2857 1082 2870 ’
1116 2840 1207 2892 τοῦ
1232 2842 1594 2908 δικαιοκρίτου
1618 2841 1751 2894 Θεοῦ

183 2933 342 2997 ἀξίαν
376 2931 753 3001 ἐπαγαγόντος
787 2931 943 3001 δίκην
986 2931 1063 3000 τῷ
1096 2917 1349 3002 φονευτῇ,
1374 2933 1493 2985 ἀντὶ
1524 2932 1751 2986 θανάτου

184 3023 331 3078 ὁσίου
367 3023 601 3077 θάνατον
632 3023 921 3078 οἴκτιστον.
957 3020 1239 3093 Ἐλθωμεν
1275 3021 1489 3076 ἐπὶητὸν
1529 3023 1658 3094 περὶ
1691 3017 1753 3076 οὗ

184 3117 211 3169 6
232 3115 410 3185 λόγος.

252 3209 503 3263 Γυναῖκα
534 3205 734 3269 καύτὸς
765 3205 902 3276 ἔχων
928 3205 1148 3275 Μαρίαν
1190 3205 1290 3276 τὴν
1335 3206 1581 3277 νομίμως
1625 3224 1754 3260 συν-

184 3302 452 3369 αφθεῖσαν
490 3297 639 3368 αύτῷ
667 3299 730 3350 ὲκ
774 3297 1044 3367 νεότητος,
1084 3296 1329 3350 ἐκϐαλὼν
1381 3298 1602 3369 ταύτην.
1638 3316 1756 3369 μοιο

184 3392 376 3464 χικῶς,
417 3388 564 3444 κατὰ
592 3388 684 3440 τὸν
710 3388 863 3455 λόγον
899 3386 990 3439 τοῦ
1017 3387 1244 3457 Κυρίου,
1290 3389 1478 3457 εἴληφε
1525 3391 1755 3456 γυναῖκα

184 3480 449 3550 Θεοδότην
506 3477 955 3548 κουόικουλαρίαν
985 3479 1062 3540 εἰς
1103 3479 1355 3548 δεύτερον
1387 3481 1717 3533 συνοικέσιον
1738 3497 1752 3512 ο

186 3574 279 3625 καὶ
300 3569 501 3640 ,ἐπειδὴ
540 3568 690 3640 παρὰ
719 3568 787 3620 τὰ
809 3568 1109 3637 Εὑαγγέλια
1142 3569 1315 3634 τοῦτο,
1349 3569 1624 3641 ἐλέγχεται
1654 3571 1756 3626 ὑπὸ

189 3665 481 3727 Πλάτωνος
518 3661 661 3714 κατὰ
689 3660 979 3730 πρόσωπον
1004 3673 1018 3687 ·
1059 3660 1153 3711 καὶ
1182 3660 1255 3731 μὴ
1285 3661 1463 3731 φέρων
1486 3663 1578 3714 τὸν
1601 3661 1756 3730 ἔλεγ-

187 3774 300 3825 χον,
333 3755 510 3808 κλείει
539 3752 632 3806 τὸν
659 3752 804 3805 ὅσιον
829 3750 904 3814 ὡς
934 3749 1273 3820 τεθαμμένον
1297 3769 1312 3782 ο
1345 3747 1465 3804 εἶτα
1495 3752 1632 3822 μετά
1668 3770 1758 3822 μι-

187 3849 320 3919 κρὸν
353 3847 463 3900 ὑπὸ
489 3844 587 3899 τοῦ
626 3845 864 3915 ὑπηκόου
907 3843 1286 3906 ανασοὸευθεὶς
1323 3843 1636 3912 τυφλοῦται,
1661 3844 1757 3897 τοῦ

187 3937 522 3992 δικαιοδότου
583 3935 716 3988 Θεοῦ
774 3936 1151 4005 προσήκουσαν
1187 3937 1557 4003 ἐπαγαγόντος
1604 3937 1758 4008 δίκην

189 4030 265 4100 τῷ
296 4029 629 4101 φρουριστῇ,
662 4029 780 4079 ἀντὶ
815 4026 1062 4095 φυλακῆς
1089 4025 1241 4088 ὁσίας
1269 4028 1518 4098 πήρωσιν
1558 4027 1759 4097 ὀφθαλ-

191 4121 329 4198 μῶν.
373 4116 760 4174 Ἑνωτισάσϐω
788 4112 882 4170 οὖν
920 4117 1027 4178 πᾶς
1059 4113 1196 4185 έχων
1218 4115 1363 4183 νοῦν,
1409 4116 1484 4178 ὡς
1536 4115 1641 4186 ἄρα
1684 4117 1760 4170 δι-

189 4216 361 4276 καίως
392 4209 650 4280 δεύτερος
682 4208 927 4278 Ἡρώδης
973 4209 1398 4274 Κωνσταντῖνος,
1431 4208 1518 4263 ἐπ’
1549 4208 1616 4262 ἂν
1658 4209 1758 4261 οὐκ

189 4305 316 4359 ἄλλο
343 4306 536 4357 ἔκτοτε
571 4300 731 4370 μέχρι
758 4298 851 4352 τοῦ
879 4299 1036 4371 δεῦρο
1065 4300 1315 4371 πέπραχε
1343 4299 1605 4365 τοιοῦτον,
1641 4299 1760 4352 ὀνο-

192 4396 462 4472 μάζοιτο·
509 4393 673 4456 αὐτὸς
725 4391 902 4464 ἐαυτῷ
964 4393 1299 4464 προξενήσας
1345 4392 1663 4463 πρακτικῶς
1699 4392 1760 4446 τὸ

189 4489 382 4558 ὖνομα.
419 4487 535 4542 Καὶ
562 4502 629 4538 πε
641 4487 692 4556 pl.
719 4484 909 4537 τούτου
945 4485 1245 4554 πράγματα
1278 4485 1350 4556 μὴ
1372 4486 1759 4556 παρεχέτωσαν

193 4582 344 4650 ημῖν.
373 4579 448 4634 Οὐ
481 4577 707 4631 δύναται
738 4575 971 4645 Χριστὸς
993 4578 1026 4644 ἡ
1062 4577 1287 4646 ἀλήθεια
1303 4576 1606 4647 ψεύσασθαι
1634 4592 1647 4607 ⁸
1679 4576 1760 4628 ὅτι

195 4664 382 4744 μοιχός
409 4675 587 4732 ἐστιν,
619 4667 738 4720 οὐδὲ
762 4669 790 4718 6
823 4665 1184 4731 ἁντιπίπτων,
1218 4667 1298 4720 ὅτι
1328 4668 1400 4737 μὴ
1423 4667 1542 4738 οὐχὶ
1567 4665 1761 4737 θεομα-

192 4765 298 4834 χεῖ.
322 4764 434 4817 Καὶ
455 4760 521 4816 οὐ
544 4759 694 4828 λήξοι
728 4757 1054 4827 λαλούμενον
1069 4758 1096 4810 ὂ
1116 4759 1367 4827 ἐποίησεν
1392 4761 1419 4810 6
1444 4758 1759 4831 μοιχεύσας,

193 4855 298 4919 ἕως
336 4851 658 4914 συντελείας
706 4851 797 4904 τοῦ
849 4851 1063 4914 αἰῶνος.
1107 4851 1244 4903 Ἀλλ’
1270 4852 1456 4921 ἐπειδὴ
1482 4852 1530 4904 οί
1562 4851 1759 4904 λυπού-

196 4962 349 5016 μενοι
402 4943 835 5012 συναπήχθησαν
877 4945 944 5013 τῇ
1001 4941 1245 5012 μοιχείᾳ,
1276 4943 1532 4998 ἀνιῶνται
1579 4944 1764 5007 κακῶς

191 5038 257 5106 τῇ
298 5036 611 5107 ὑπομνήσει
639 5051 652 5065 °
683 5034 797 5087 δέον
819 5034 1016 5097 αὐτοὺς
1044 5034 1322 5102 ὁμολογεῖν
1348 5036 1406 5088 τὸ
1424 5035 1641 5106 ἀληθὲς,
1672 5037 1764 5090 καὶ

193 5127 566 5196 προσπίπτειν
600 5125 693 5178 καὶ
720 5125 1066 5196 προσκλαίειν
1097 5125 1174 5194 τῷ
1211 5125 1329 5197 Θεῴ
1369 5126 1508 5197 ὑπὲρ
1536 5127 1634 5194 τῆς
1659 5128 1762 5179 ἁπ-

194 5218 419 5289 αγωγῆς
455 5217 544 5286 ἐφ’
576 5210 609 5288 ᾖ
641 5215 734 5268 καὶ
758 5214 984 5269 δώσουσι
1033 5215 1187 5284 λόγον
1220 5218 1277 5269 ὲν
1323 5217 1500 5287 ἡμέρᾳ
1530 5218 1764 5286 κρίσεως

198 5311 273 5382 μὴ
300 5308 719 5382 μετανοοῦντες.
738 5309 796 5360 Ol
831 5308 886 5360 δὲ
916 5308 1049 5377 πρὸς
1074 5310 1132 5362 τὸ
1159 5307 1479 5379 παροξύνειν
1496 5309 1586 5360 τὸν
1604 5308 1756 5373 Θεὸν,

197 5400 275 5461 ὅτι
308 5401 588 5474 ἁμαρτίας
641 5399 726 5468 ἐφ’
758 5398 1000 5470 ἁμαρτίᾳ
1047 5399 1381 5453 ἐπισπῶνται
1411 5415 1423 5429 ·
1457 5398 1489 5467 ἢ
1537 5398 1756 5470 λέληθεν

1852 2198 2195 2269 Perpendant
2223 2198 2417 2254 deinde
2452 2199 2543 2269 qui
2574 2209 2854 2262 accusant,
2882 2215 3062 2253 annon
3089 2201 3420 2255 conveniens

1852 2292 2188 2362 comparatio
2241 2291 2331 2348 sit.
2374 2291 2588 2346 Primus
2634 2290 2874 2347 Herodes
2938 2308 3161 2346 uxorem
3212 2291 3421 2346 habens

1852 2386 2015 2440 tiliam
2046 2385 2223 2439 Aretze
2260 2383 2422 2453 regis,
2457 2400 2519 2438 ea
2556 2385 2802 2446 dimissa,
2843 2383 3129 2454 conjugem
3182 2383 3414 2454 Philippi

1851 2472 2036 2526 fratris
2062 2471 2143 2525 sui
2175 2475 2380 2541 accepit
2410 2473 2462 2525 in
2494 2473 2720 2527 alterum
2773 2475 3105 2527 connubium
3139 2491 3151 2526 :
3199 2483 3254 2528 et
3282 2489 3422 2544 quo-

1853 2565 1999 2618 niam
2036 2565 2086 2619 id
2119 2574 2311 2634 praater
2358 2567 2550 2634 legem,
2593 2566 2838 2635 arguitur
2863 2582 2894 2620 a
2927 2566 3314 2633 Praecursore;
3357 2582 3423 2622 ac

1853 2657 2324 2725 reprehensionem
2380 2672 2488 2711 non
2533 2655 2735 2723 ferens,
2801 2658 3121 2727 prophetam
3171 2658 3419 2713 occidit:

1852 2748 2044 2804 deinde
2081 2748 2222 2802 haud
2267 2748 2439 2802 multo
2479 2757 2601 2819 post
2637 2764 2665 2803 a
2695 2750 2915 2819 proprio
2964 2751 3162 2819 populo
3212 2750 3422 2820 eiectus

1853 2840 2155 2895 occiditur:
2208 2841 2358 2910 justo
2403 2839 2513 2895 Deo
2559 2842 2774 2895 vindice
2818 2842 3055 2896 debitam
3093 2843 3423 2913 rependente

1854 2931 2134 2985 homicidae
2173 2933 2457 2998 ultionem,
2505 2948 2603 3002 pro
2649 2933 2748 2987 viri
2781 2934 2952 2988 sancti
2988 2949 3116 2989 nece
3140 2935 3425 2989 miserabi-

1855 3023 1958 3077 lem
1997 3025 2292 3078 interitum.
2331 3025 2410 3080 Ad
2442 3043 2567 3082 eum
2625 3045 2787 3099 porro
2835 3029 3138 3096 veniamus,
3196 3029 3262 3085 de
3311 3045 3421 3100 quo

1855 3129 2038 3169 sermo
2061 3125 2140 3169 est
2184 3116 2486 3173 institutus.

1929 3205 2162 3263 Uxorem
2215 3217 2269 3265 et
2315 3212 2400 3266 hic
2459 3227 2582 3267 cum
2643 3213 2865 3268 haberet
2924 3214 3147 3268 Mariam
3188 3215 3425 3286 legitime

1856 3297 1958 3352 sibi
2006 3298 2074 3352 ab
2124 3299 2485 3356 adolescentia
2536 3305 2894 3372 copulatam;
2943 3304 3043 3359 bac
3088 3307 3281 3372 ejecta,
3327 3321 3425 3375 per

1857 3389 2204 3455 adulterium,
2251 3393 2406 3461 juxta
2444 3395 2667 3448 verbum
2725 3395 2960 3461 Domini,
3001 3397 3207 3465 accepit
3233 3397 3426 3466 conju-

1862 3499 1980 3554 gem
2033 3483 2350 3540 Theodoten
2393 3487 2782 3540 cubiculariam
2836 3488 3076 3542 secundo
3107 3488 3420 3546 connubio:

1861 3579 2192 3646 etquoniam
2225 3579 2278 3632 id
2332 3589 2524 3633 contra
2572 3579 2923 3650 Evangelium
2971 3591 3074 3648 est,
3119 3597 3150 3636 a
3195 3581 3424 3638 Platone

1862 3684 2044 3724 coram
2070 3671 2513 3738 reprehenditur;
2547 3688 2778 3742 cumque
2810 3689 2914 3727 non
2943 3673 3105 3730 ferret
3133 3677 3425 3745 reprehen-

1863 3761 2093 3825 sionem,
2126 3763 2303 3817 virum
2336 3774 2608 3831 sanctum,
2634 3774 2891 3834 tanquam
2924 3768 3214 3836 sepultum,
3242 3767 3420 3823 inclu-

1863 3851 1942 3905 dit
1965 3869 1977 3904 :
2014 3852 2205 3908 deinde
2230 3856 2390 3924 paulo
2420 3864 2545 3924 post
2570 3871 2599 3908 a
2621 3857 2840 3912 subdito
2859 3859 3061 3927 «pulsus
3087 3871 3419 3916 excaecatur:

1860 3943 2008 4013 justo
2026 3945 2210 4015 judice
2243 3949 2349 4003 Deo
2379 3964 2651 4018 congruas
2679 3961 2925 4005 sumente
2969 3966 3156 4020 pamas
3179 3967 3208 4006 a
3239 3966 3424 4006 carce-

1865 4038 2030 4100 rario,
2059 4052 2158 4106 pro
2209 4039 2310 4091 viri
2348 4041 2525 4092 sancti
2578 4054 2794 4095 carcere
2839 4043 3128 4097 orbitatem
3179 4043 3422 4098 luminis.

1864 4127 2063 4181 Audiat
2089 4127 2269 4198 itaque
2296 4130 2546 4198 quisquis
2572 4141 2653 4186 est
2679 4133 2875 4187 mentis
2905 4149 3018 4188 suae
3045 4148 3290 4203 compos,
3322 4149 3424 4188 an-

1865 4233 1970 4272 non
2012 4229 2267 4289 tanquam
2321 4220 2458 4275 alter
2522 4220 2765 4278 Herodes
2825 4222 3241 4291 Constantinus,
3299 4241 3422 4281 cum

1865 4311 1999 4364 nihil
2047 4313 2190 4366 aliud
2215 4328 2278 4367 ex
2311 4328 2374 4366 eo
2405 4322 2644 4379 tempore
2678 4331 2855 4385 usque
2879 4317 2930 4370 in
2968 4318 3112 4371 hunc
3134 4318 3277 4371 diem
3299 4333 3423 4388 ege-

1864 4402 1953 4465 rit,
1999 4403 2190 4456 merito
2223 4405 2303 4457 sic
2350 4403 2678 4469 nominetur,
2729 4406 2869 4460 hanc
2921 4407 3034 4476 ipse
3075 4408 3177 4462 sibi
3234 4423 3426 4477 reapse

1865 4495 2274 4564 appellationem
2307 4495 2591 4563 adoptans.
2631 4497 2710 4551 Ac
2732 4497 2799 4550 de
2833 4513 2893 4553 re
2923 4499 3025 4552 ista
3075 4515 3142 4554 ne
3168 4500 3324 4554 nobis
3349 4500 3428 4555 illi

1867 4586 2140 4641 lacessant
2191 4585 2487 4655 negotium.
2543 4589 2657 4640 Non
2691 4597 2868 4657 potest
2897 4588 3168 4657 Christus,
3205 4591 3298 4657 qui
3330 4607 3426 4644 ve-

1867 4679 2002 4732 ritas
2043 4689 2146 4742 est,
2181 4678 2398 4732 mentiri
2429 4697 2442 4732 :
2487 4679 2741 4747 quoniam
2785 4681 3030 4735 mtechus
3059 4689 3142 4735 est
3179 4681 3270 4748 qui
3317 4695 3424 4733 non

1793 4791 1840 4850 ο
1867 4768 2081 4821 obsistit
2112 4785 2124 4821 :
2157 4767 2455 4836 quinetiam
2492 4767 2587 4822 Dei
2623 4769 2792 4823 hostis
2827 4779 2926 4823 est.
2968 4768 3076 4825 Nec
3107 4771 3212 4824 ulla
3247 4770 3429 4825 silebit

1865 4866 1994 4912 aetas
2023 4858 2074 4912 id
2105 4859 2247 4928 quod
2272 4860 2518 4915 moechus
2543 4861 2670 4930 egit,
2705 4877 2874 4930 usque
2898 4862 2964 4916 ad
2995 4863 3425 4916 consummatio-

1867 4965 1986 5002 nem
2055 4951 2257 5005 saeculi.
2329 4950 2433 5005 Sed
2486 4954 2742 5020 quoniam
2785 4953 2821 5006 ii
2861 4955 2951 5022 qui
2997 4967 3423 5022 conquerunlur,

1866 5042 2112 5097 inachiae
2134 5044 2593 5108 obsecundarunt;
2614 5044 2775 5113 hujus
2787 5045 2863 5098 rei
2884 5045 3210 5099 mentionem
3232 5045 3427 5098 acerbe

1867 5132 2066 5188 ferunt.
2098 5132 2300 5188 Debent
2333 5133 2369 5187 ii
2395 5150 2582 5189 verum
2617 5136 2885 5199 confiteri,
2919 5144 3259 5204 prosternere
3283 5151 3341 5190 se
3372 5144 3427 5190 et

1868 5238 2050 5278 coram
2088 5224 2197 5278 Deo
2256 5223 2440 5292 lugere
2468 5225 2538 5279 ob
2577 5235 2894 5283 sanctorum
2942 5226 3328 5293 captivitatem,
3359 5224 3428 5280 de

1865 5327 1969 5380 qua
1999 5323 2054 5367 et
2078 5312 2338 5366 reddituri
2366 5325 2492 5369 sunt
2549 5317 2811 5370 rationem
2867 5317 2919 5370 in
2963 5315 3279 5384 diejudicii,
3307 5314 3416 5371 nisi

1865 5405 2011 5473 ipsos
2032 5404 2308 5474 poeniteat.
2341 5403 2400 5460 Si
2441 5421 2564 5463 vero
2589 5408 2654 5464 ad
2683 5408 3003 5464 irritandum
3035 5407 3202 5462 Deum
3231 5421 3422 5475 pecca-

1649 5637 1874 5697 NOTIE.

261 5781 375 5848 (14)
416 5782 472 5837 (ιι
506 5777 631 5836 cod.
667 5773 798 5840 Reg.
843 5770 941 5846 (26'.

1938 5780 1998 5850 (')
2031 5779 2357 5850 Dogmatica.
