  <div class='ocr_page' id='page_1' title='image "/cluster/home/n/w/nwhite01/storage/ocr_20150623/99/pst.000005714063/891.png"; bbox 0 0 3976 6322; ppageno 0'>
   <div class='ocr_carea' id='block_1_1' title="bbox 574 375 707 440">
    <p class='ocr_par' dir='ltr' id='par_1_1' title="bbox 574 375 707 440">
     <span class='ocr_line' id='line_1_1' title="bbox 574 375 707 440; baseline 0.023 -2"><span class='ocrx_word' id='word_1_1' title='bbox 574 375 707 440; x_wconf 82' lang='grc'><strong>1659</strong></span> 
     </span>
    </p>
   </div>
   <div class='ocr_carea' id='block_1_2' title="bbox 1756 390 2617 455">
    <p class='ocr_par' dir='ltr' id='par_1_2' title="bbox 1756 390 2617 455">
     <span class='ocr_line' id='line_1_2' title="bbox 1756 390 2617 455; baseline -0.001 -3"><span class='ocrx_word' id='word_1_2' title='bbox 1756 390 1818 455; x_wconf 92' lang='lat' dir='ltr'><strong>S.</strong></span> <span class='ocrx_word' id='word_1_3' title='bbox 1855 390 2245 454; x_wconf 82' lang='lat' dir='ltr'><strong>THEODORI</strong></span> <span class='ocrx_word' id='word_1_4' title='bbox 2274 392 2617 455; x_wconf 63' lang='lat' dir='ltr'><strong>STUDITA’.</strong></span> 
     </span>
    </p>
   </div>
   <div class='ocr_carea' id='block_1_3' title="bbox 3703 381 3846 451">
    <p class='ocr_par' dir='ltr' id='par_1_3' title="bbox 3703 381 3846 451">
     <span class='ocr_line' id='line_1_3' title="bbox 3703 381 3846 451; baseline 0.028 -4"><span class='ocrx_word' id='word_1_5' title='bbox 3703 381 3846 451; x_wconf 76' lang='lat'><strong>1650</strong></span> 
     </span>
    </p>
   </div>
   <div class='ocr_carea' id='block_1_4' title="bbox 572 490 2139 575">
    <p class='ocr_par' dir='ltr' id='par_1_4' title="bbox 572 490 2136 575">
     <span class='ocr_line' id='line_1_4' title="bbox 572 490 2136 575; baseline 0.018 -40"><span class='ocrx_word' id='word_1_6' title='bbox 572 496 622 539; x_wconf 83' lang='lat' dir='ltr'><strong>ta</strong></span> <span class='ocrx_word' id='word_1_7' title='bbox 660 498 881 557; x_wconf 85' lang='lat' dir='ltr'><strong>peccato</strong></span> <span class='ocrx_word' id='word_1_8' title='bbox 906 490 1165 561; x_wconf 89' lang='lat' dir='ltr'><strong>adjiciant</strong></span> <span class='ocrx_word' id='word_1_9' title='bbox 1189 511 1203 560; x_wconf 90' lang='lat'><strong>;</strong></span> <span class='ocrx_word' id='word_1_10' title='bbox 1230 510 1296 549; x_wconf 90' lang='lat' dir='ltr'><strong>an</strong></span> <span class='ocrx_word' id='word_1_11' title='bbox 1334 495 1468 552; x_wconf 88' lang='lat' dir='ltr'><strong>latet</strong></span> <span class='ocrx_word' id='word_1_12' title='bbox 1504 497 1672 569; x_wconf 88' lang='lat' dir='ltr'><strong>ipsios</strong></span> <span class='ocrx_word' id='word_1_13' title='bbox 1712 513 1914 572; x_wconf 89' lang='lat' dir='ltr'><strong>quanta</strong></span> <span class='ocrx_word' id='word_1_14' title='bbox 1952 522 2136 575; x_wconf 87' lang='lat' dir='ltr'><strong>perse-</strong></span> 
     </span>
    </p>
   </div>
   <div class='ocr_carea' id='block_1_5' title="bbox 2240 490 3841 575">
    <p class='ocr_par' dir='ltr' id='par_1_5' title="bbox 2241 494 3841 571">
     <span class='ocr_line' id='line_1_5' title="bbox 2241 494 3841 571; baseline -0.006 -12"><span class='ocrx_word' id='word_1_15' title='bbox 2241 506 2437 569; x_wconf 79' lang='grc' dir='ltr'>αὑτοὺς</span> <span class='ocrx_word' id='word_1_16' title='bbox 2455 498 2565 568; x_wconf 75' lang='grc' dir='ltr'>οἷος</span> <span class='ocrx_word' id='word_1_17' title='bbox 2591 500 2832 571; x_wconf 74' lang='grc' dir='ltr'>διωγμὸς</span> <span class='ocrx_word' id='word_1_18' title='bbox 2856 498 3107 554; x_wconf 67' lang='grc' dir='ltr'>ἐντεῦθεν</span> <span class='ocrx_word' id='word_1_19' title='bbox 3129 496 3347 568; x_wconf 66' lang='grc' dir='ltr'>ἀνήφθη</span> <span class='ocrx_word' id='word_1_20' title='bbox 3383 494 3715 566; x_wconf 46' lang='grc' dir='ltr'>πανταχοῦ</span> <span class='ocrx_word' id='word_1_21' title='bbox 3739 500 3841 550; x_wconf 77' lang='grc' dir='ltr'>καὶ</span> 
     </span>
    </p>
   </div>
   <div class='ocr_carea' id='block_1_6' title="bbox 567 579 2136 664">
    <p class='ocr_par' dir='ltr' id='par_1_6' title="bbox 567 579 2136 664">
     <span class='ocr_line' id='line_1_6' title="bbox 567 579 2136 664; baseline 0.015 -34"><span class='ocrx_word' id='word_1_22' title='bbox 567 579 714 632; x_wconf 85' lang='lat' dir='ltr'><strong>cutio</strong></span> <span class='ocrx_word' id='word_1_23' title='bbox 765 581 889 635; x_wconf 90' lang='lat' dir='ltr'><strong>hinc</strong></span> <span class='ocrx_word' id='word_1_24' title='bbox 941 583 1143 652; x_wconf 87' lang='lat' dir='ltr'><strong>ubique</strong></span> <span class='ocrx_word' id='word_1_25' title='bbox 1200 587 1635 657; x_wconf 80' lang='lat' dir='ltr'><strong>conﬂagraverit,</strong></span> <span class='ocrx_word' id='word_1_26' title='bbox 1685 603 1739 648; x_wconf 92' lang='lat' dir='ltr'><strong>et</strong></span> <span class='ocrx_word' id='word_1_27' title='bbox 1787 611 1951 664; x_wconf 92' lang='lat' dir='ltr'><strong>quam</strong></span> <span class='ocrx_word' id='word_1_28' title='bbox 1981 599 2136 652; x_wconf 92' lang='lat' dir='ltr'><strong>multi</strong></span> 
     </span>
    </p>
   </div>
   <div class='ocr_carea' id='block_1_7' title="bbox 571 668 2137 756">
    <p class='ocr_par' dir='ltr' id='par_1_7' title="bbox 571 668 2137 756">
     <span class='ocr_line' id='line_1_7' title="bbox 571 668 2137 756; baseline 0.016 -37"><span class='ocrx_word' id='word_1_29' title='bbox 571 668 824 722; x_wconf 65' lang='lat' dir='ltr'><strong>moechati</strong></span> <span class='ocrx_word' id='word_1_30' title='bbox 856 671 965 725; x_wconf 91' lang='lat' dir='ltr'><strong>sint</strong></span> <span class='ocrx_word' id='word_1_31' title='bbox 998 683 1214 742; x_wconf 90' lang='lat' dir='ltr'><strong>propter</strong></span> <span class='ocrx_word' id='word_1_32' title='bbox 1253 678 1465 747; x_wconf 83' lang='lat' dir='ltr'><strong>insigne</strong></span> <span class='ocrx_word' id='word_1_33' title='bbox 1516 683 1617 737; x_wconf 84' lang='lat' dir='ltr'><strong>hoc</strong></span> <span class='ocrx_word' id='word_1_34' title='bbox 1643 687 1996 756; x_wconf 79' lang='lat' dir='ltr'><strong>exemplum?</strong></span> <span class='ocrx_word' id='word_1_35' title='bbox 2032 688 2137 744; x_wconf 87' lang='lat' dir='ltr'><strong>Sed</strong></span> 
     </span>
    </p>
   </div>
   <div class='ocr_carea' id='block_1_8' title="bbox 570 759 2135 834">
    <p class='ocr_par' dir='ltr' id='par_1_8' title="bbox 570 759 2135 834">
     <span class='ocr_line' id='line_1_8' title="bbox 570 759 2135 834; baseline 0.016 -24"><span class='ocrx_word' id='word_1_36' title='bbox 570 759 674 813; x_wconf 82' lang='lat' dir='ltr'><strong>alia</strong></span> <span class='ocrx_word' id='word_1_37' title='bbox 707 762 859 815; x_wconf 90' lang='lat' dir='ltr'><strong>mitto</strong></span> <span class='ocrx_word' id='word_1_38' title='bbox 887 762 1085 827; x_wconf 86' lang='lat' dir='ltr'><strong>dicere,</strong></span> <span class='ocrx_word' id='word_1_39' title='bbox 1119 771 1508 825; x_wconf 81' lang='lat' dir='ltr'><strong>nOnnullorum</strong></span> <span class='ocrx_word' id='word_1_40' title='bbox 1542 776 1825 831; x_wconf 87' lang='lat' dir='ltr'><strong>hominum</strong></span> <span class='ocrx_word' id='word_1_41' title='bbox 1883 796 2135 834; x_wconf 79' lang='lat' dir='ltr'><strong>reveren-</strong></span> 
     </span>
    </p>
   </div>
   <div class='ocr_carea' id='block_1_9' title="bbox 570 848 2137 939">
    <p class='ocr_par' dir='ltr' id='par_1_9' title="bbox 570 848 2137 939">
     <span class='ocr_line' id='line_1_9' title="bbox 570 848 2137 939; baseline 0.016 -37"><span class='ocrx_word' id='word_1_42' title='bbox 570 851 663 903; x_wconf 90' lang='lat' dir='ltr'><strong>tia.</strong></span> <span class='ocrx_word' id='word_1_43' title='bbox 696 848 978 919; x_wconf 85' lang='lat' dir='ltr'><strong>Desinant,</strong></span> <span class='ocrx_word' id='word_1_44' title='bbox 1004 858 1322 929; x_wconf 89' lang='lat' dir='ltr'><strong>quicunque</strong></span> <span class='ocrx_word' id='word_1_45' title='bbox 1355 862 1436 915; x_wconf 89' lang='lat' dir='ltr'><strong>illi</strong></span> <span class='ocrx_word' id='word_1_46' title='bbox 1487 876 1635 928; x_wconf 92' lang='lat' dir='ltr'><strong>sunt,</strong></span> <span class='ocrx_word' id='word_1_47' title='bbox 1666 867 1909 923; x_wconf 86' lang='lat' dir='ltr'><strong>dolorem</strong></span> <span class='ocrx_word' id='word_1_48' title='bbox 1941 887 2049 939; x_wconf 77' lang='lat' dir='ltr'><strong>pra:</strong></span> <span class='ocrx_word' id='word_1_49' title='bbox 2080 888 2137 926; x_wconf 88' lang='lat' dir='ltr'><strong>se</strong></span> 
     </span>
    </p>
   </div>
   <div class='ocr_carea' id='block_1_10' title="bbox 568 939 2138 1025">
    <p class='ocr_par' dir='ltr' id='par_1_10' title="bbox 568 939 2138 1025">
     <span class='ocr_line' id='line_1_10' title="bbox 568 939 2138 1025; baseline 0.015 -32"><span class='ocrx_word' id='word_1_50' title='bbox 568 939 712 997; x_wconf 79' lang='lat' dir='ltr'><strong>ferre</strong></span> <span class='ocrx_word' id='word_1_51' title='bbox 740 946 829 1014; x_wconf 85' lang='lat' dir='ltr'><strong>qui</strong></span> <span class='ocrx_word' id='word_1_52' title='bbox 864 943 972 999; x_wconf 86' lang='lat' dir='ltr'><strong>Deo</strong></span> <span class='ocrx_word' id='word_1_53' title='bbox 1011 946 1212 1005; x_wconf 82' lang='lat' dir='ltr'><strong>exosus</strong></span> <span class='ocrx_word' id='word_1_54' title='bbox 1265 962 1367 1006; x_wconf 92' lang='lat' dir='ltr'><strong>est.</strong></span> <span class='ocrx_word' id='word_1_55' title='bbox 1395 954 1531 1008; x_wconf 86' lang='lat' dir='ltr'><strong>Deus</strong></span> <span class='ocrx_word' id='word_1_56' title='bbox 1555 958 1691 1010; x_wconf 86' lang='lat' dir='ltr'><strong>enim</strong></span> <span class='ocrx_word' id='word_1_57' title='bbox 1732 974 2010 1025; x_wconf 84' lang='lat' dir='ltr'><strong>personam</strong></span> <span class='ocrx_word' id='word_1_58' title='bbox 2042 963 2138 1017; x_wconf 82' lang='lat' dir='ltr'><strong>Ito-</strong></span> 
     </span>
    </p>
   </div>
   <div class='ocr_carea' id='block_1_11' title="bbox 570 1032 2139 1125">
    <p class='ocr_par' dir='ltr' id='par_1_11' title="bbox 570 1032 2139 1125">
     <span class='ocr_line' id='line_1_11' title="bbox 570 1032 2139 1125; baseline 0.017 -42"><span class='ocrx_word' id='word_1_59' title='bbox 570 1032 726 1086; x_wconf 82' lang='lat' dir='ltr'><strong>mim‘s</strong></span> <span class='ocrx_word' id='word_1_60' title='bbox 753 1051 855 1089; x_wconf 85' lang='lat' dir='ltr'><strong>non</strong></span> <span class='ocrx_word' id='word_1_61' title='bbox 887 1039 1078 1106; x_wconf 87' lang='lat' dir='ltr'><strong>accipit</strong></span> <span class='ocrx_word' id='word_1_62' title='bbox 1101 1043 1166 1093; x_wconf 84' lang='grc'><strong>²¹.</strong></span> <span class='ocrx_word' id='word_1_63' title='bbox 1200 1042 1297 1108; x_wconf 76' lang='lat' dir='ltr'><strong>Ac,</strong></span> <span class='ocrx_word' id='word_1_64' title='bbox 1331 1056 1527 1113; x_wconf 71' lang='lat' dir='ltr'><strong>praeter</strong></span> <span class='ocrx_word' id='word_1_65' title='bbox 1554 1047 1605 1101; x_wconf 87' lang='lat' dir='ltr'><strong>id</strong></span> <span class='ocrx_word' id='word_1_66' title='bbox 1636 1051 1781 1118; x_wconf 93' lang='lat' dir='ltr'><strong>quod</strong></span> <span class='ocrx_word' id='word_1_67' title='bbox 1804 1066 1869 1106; x_wconf 78' lang='lat' dir='ltr'><strong>ex</strong></span> <span class='ocrx_word' id='word_1_68' title='bbox 1898 1050 2139 1125; x_wconf 81' lang='lat' dir='ltr'><strong>Evange-</strong></span> 
     </span>
    </p>
   </div>
   <div class='ocr_carea' id='block_1_12' title="bbox 568 1123 2138 1210">
    <p class='ocr_par' dir='ltr' id='par_1_12' title="bbox 568 1123 2138 1210">
     <span class='ocr_line' id='line_1_12' title="bbox 568 1123 2138 1210; baseline 0.016 -34"><span class='ocrx_word' id='word_1_69' title='bbox 568 1123 643 1177; x_wconf 92' lang='lat' dir='ltr'><strong>lio</strong></span> <span class='ocrx_word' id='word_1_70' title='bbox 685 1128 1011 1195; x_wconf 89' lang='lat' dir='ltr'><strong>accepimus,</strong></span> <span class='ocrx_word' id='word_1_71' title='bbox 1072 1131 1116 1185; x_wconf 89' lang='lat' dir='ltr'><strong>si</strong></span> <span class='ocrx_word' id='word_1_72' title='bbox 1170 1136 1293 1202; x_wconf 86' lang='lat' dir='ltr'><strong>quis</strong></span> <span class='ocrx_word' id='word_1_73' title='bbox 1343 1136 1882 1210; x_wconf 82' lang='lat' dir='ltr'><strong>aliud,’evangelizet,</strong></span> <span class='ocrx_word' id='word_1_74' title='bbox 1958 1146 2043 1199; x_wconf 91' lang='lat' dir='ltr'><strong>vel</strong></span> <span class='ocrx_word' id='word_1_75' title='bbox 2092 1145 2138 1201; x_wconf 90' lang='lat' dir='ltr'><strong>si</strong></span> 
     </span>
    </p>
   </div>
   <div class='ocr_carea' id='block_1_13' title="bbox 569 1218 2138 1302">
    <p class='ocr_par' dir='ltr' id='par_1_13' title="bbox 569 1218 2138 1302">
     <span class='ocr_line' id='line_1_13' title="bbox 569 1218 2138 1302; baseline 0.015 -34"><span class='ocrx_word' id='word_1_76' title='bbox 569 1218 793 1284; x_wconf 73' lang='lat' dir='ltr'><strong>angelus</strong></span> <span class='ocrx_word' id='word_1_77' title='bbox 827 1220 916 1283; x_wconf 88' lang='lat' dir='ltr'><strong>sit,</strong></span> <span class='ocrx_word' id='word_1_78' title='bbox 952 1223 1279 1279; x_wconf 83' lang='lat' dir='ltr'><strong>anathemati</strong></span> <span class='ocrx_word' id='word_1_79' title='bbox 1322 1229 1609 1297; x_wconf 83' lang='lat' dir='ltr'><strong>subjicitur</strong></span> <span class='ocrx_word' id='word_1_80' title='bbox 1631 1272 1645 1294; x_wconf 91' lang='lat'><strong>,</strong></span> <span class='ocrx_word' id='word_1_81' title='bbox 1680 1236 2138 1302; x_wconf 86' lang='lat' dir='ltr'><strong>quemadmodum</strong></span> 
     </span>
    </p>
   </div>
   <div class='ocr_carea' id='block_1_14' title="bbox 571 1308 2138 1393">
    <p class='ocr_par' dir='ltr' id='par_1_14' title="bbox 571 1308 2138 1393">
     <span class='ocr_line' id='line_1_14' title="bbox 571 1308 2138 1393; baseline 0.013 -32"><span class='ocrx_word' id='word_1_82' title='bbox 571 1308 761 1364; x_wconf 78' lang='lat' dir='ltr'><strong>beatus</strong></span> <span class='ocrx_word' id='word_1_83' title='bbox 804 1311 1097 1381; x_wconf 79' lang='lat' dir='ltr'><strong>Apostolus</strong></span> <span class='ocrx_word' id='word_1_84' title='bbox 1143 1317 1422 1373; x_wconf 82' lang='lat' dir='ltr'><strong>clamat“.</strong></span> <span class='ocrx_word' id='word_1_85' title='bbox 1461 1319 1585 1377; x_wconf 72' lang='lat' dir='ltr'><strong>Haec</strong></span> <span class='ocrx_word' id='word_1_86' title='bbox 1624 1340 1744 1379; x_wconf 89' lang='lat' dir='ltr'><strong>cum</strong></span> <span class='ocrx_word' id='word_1_87' title='bbox 1792 1328 2138 1393; x_wconf 71' lang='lat' dir='ltr'><strong>religiosissi-</strong></span> 
     </span>
    </p>
   </div>
   <div class='ocr_carea' id='block_1_15' title="bbox 572 1407 2139 1490">
    <p class='ocr_par' dir='ltr' id='par_1_15' title="bbox 572 1407 2139 1490">
     <span class='ocr_line' id='line_1_15' title="bbox 572 1407 2139 1490; baseline 0.013 -37"><span class='ocrx_word' id='word_1_88' title='bbox 572 1416 693 1456; x_wconf 89' lang='lat' dir='ltr'><strong>mus</strong></span> <span class='ocrx_word' id='word_1_89' title='bbox 726 1407 1046 1471; x_wconf 75' lang='lat' dir='ltr'><strong>praepositus</strong></span> <span class='ocrx_word' id='word_1_90' title='bbox 1074 1411 1246 1478; x_wconf 88' lang='lat' dir='ltr'><strong>probe</strong></span> <span class='ocrx_word' id='word_1_91' title='bbox 1281 1413 1465 1481; x_wconf 89' lang='lat' dir='ltr'><strong>norit;</strong></span> <span class='ocrx_word' id='word_1_92' title='bbox 1494 1431 1561 1470; x_wconf 92' lang='lat' dir='ltr'><strong>ne</strong></span> <span class='ocrx_word' id='word_1_93' title='bbox 1583 1428 1966 1487; x_wconf 88' lang='lat' dir='ltr'><strong>conqueratur,</strong></span> <span class='ocrx_word' id='word_1_94' title='bbox 1994 1420 2139 1490; x_wconf 85' lang='lat' dir='ltr'><strong>quod</strong></span> 
     </span>
    </p>
   </div>
   <div class='ocr_carea' id='block_1_16' title="bbox 572 1496 2138 1579">
    <p class='ocr_par' dir='ltr' id='par_1_16' title="bbox 572 1496 2138 1579">
     <span class='ocr_line' id='line_1_16' title="bbox 572 1496 2138 1579; baseline 0.014 -33"><span class='ocrx_word' id='word_1_95' title='bbox 572 1506 795 1550; x_wconf 82' lang='lat' dir='ltr'><strong>sanctus</strong></span> <span class='ocrx_word' id='word_1_96' title='bbox 839 1496 1196 1569; x_wconf 82' lang='lat' dir='ltr'><strong>TheOphanes</strong></span> <span class='ocrx_word' id='word_1_97' title='bbox 1241 1505 1294 1558; x_wconf 93' lang='lat' dir='ltr'><strong>in</strong></span> <span class='ocrx_word' id='word_1_98' title='bbox 1343 1505 1445 1560; x_wconf 92' lang='lat' dir='ltr'><strong>hoc</strong></span> <span class='ocrx_word' id='word_1_99' title='bbox 1475 1510 1692 1579; x_wconf 77' lang='lat' dir='ltr'><strong>negotio</strong></span> <span class='ocrx_word' id='word_1_100' title='bbox 1726 1513 2138 1568; x_wconf 87' lang='lat' dir='ltr'><strong>accusationem</strong></span> 
     </span>
    </p>
   </div>
   <div class='ocr_carea' id='block_1_17' title="bbox 571 1587 2136 1670">
    <p class='ocr_par' dir='ltr' id='par_1_17' title="bbox 571 1587 2136 1670">
     <span class='ocr_line' id='line_1_17' title="bbox 571 1587 2136 1670; baseline 0.013 -33"><span class='ocrx_word' id='word_1_101' title='bbox 571 1599 678 1639; x_wconf 89' lang='lat' dir='ltr'><strong>non</strong></span> <span class='ocrx_word' id='word_1_102' title='bbox 710 1587 975 1658; x_wconf 79' lang='lat' dir='ltr'><strong>eﬂ&#39;ugerit.</strong></span> <span class='ocrx_word' id='word_1_103' title='bbox 1010 1591 1234 1649; x_wconf 83' lang='lat' dir='ltr'><strong>Veritati</strong></span> <span class='ocrx_word' id='word_1_104' title='bbox 1292 1598 1436 1651; x_wconf 91' lang='lat' dir='ltr'><strong>enim</strong></span> <span class='ocrx_word' id='word_1_105' title='bbox 1486 1599 1621 1654; x_wconf 88' lang='lat' dir='ltr'><strong>nihil</strong></span> <span class='ocrx_word' id='word_1_106' title='bbox 1676 1603 2136 1670; x_wconf 90' lang='lat' dir='ltr'><strong>anteponendum.</strong></span> 
     </span>
    </p>
   </div>
   <div class='ocr_carea' id='block_1_18' title="bbox 569 1674 2139 1767">
    <p class='ocr_par' dir='ltr' id='par_1_18' title="bbox 569 1674 2139 1767">
     <span class='ocr_line' id='line_1_18' title="bbox 569 1674 2139 1767; baseline 0.015 -39"><span class='ocrx_word' id='word_1_107' title='bbox 569 1674 681 1730; x_wconf 79' lang='lat' dir='ltr'><strong>Nec</strong></span> <span class='ocrx_word' id='word_1_108' title='bbox 734 1678 849 1746; x_wconf 89' lang='lat' dir='ltr'><strong>ipse</strong></span> <span class='ocrx_word' id='word_1_109' title='bbox 880 1692 1059 1750; x_wconf 82' lang='lat' dir='ltr'><strong>negat,</strong></span> <span class='ocrx_word' id='word_1_110' title='bbox 1094 1700 1214 1738; x_wconf 89' lang='lat' dir='ltr'><strong>cum</strong></span> <span class='ocrx_word' id='word_1_111' title='bbox 1252 1689 1402 1741; x_wconf 87' lang='lat' dir='ltr'><strong>audit</strong></span> <span class='ocrx_word' id='word_1_112' title='bbox 1435 1708 1449 1742; x_wconf 88' lang='lat'>:</span> <span class='ocrx_word' id='word_1_113' title='bbox 1498 1692 1641 1745; x_wconf 89' lang='lat' dir='ltr'><strong>sicut</strong></span> <span class='ocrx_word' id='word_1_114' title='bbox 1695 1709 1870 1763; x_wconf 90' lang='lat' dir='ltr'><strong>neque</strong></span> <span class='ocrx_word' id='word_1_115' title='bbox 1911 1711 2139 1767; x_wconf 78' lang='lat' dir='ltr'><strong>magnus</strong></span> 
     </span>
    </p>
   </div>
   <div class='ocr_carea' id='block_1_19' title="bbox 570 1769 2139 1848">
    <p class='ocr_par' dir='ltr' id='par_1_19' title="bbox 570 1769 2139 1848">
     <span class='ocr_line' id='line_1_19' title="bbox 570 1769 2139 1848; baseline 0.015 -30"><span class='ocrx_word' id='word_1_116' title='bbox 570 1769 847 1835; x_wconf 88' lang='lat' dir='ltr'><strong>apostolus</strong></span> <span class='ocrx_word' id='word_1_117' title='bbox 905 1772 1093 1829; x_wconf 86' lang='lat' dir='ltr'><strong>Petrus</strong></span> <span class='ocrx_word' id='word_1_118' title='bbox 1152 1780 1495 1847; x_wconf 77' lang='lat' dir='ltr'><strong>negationem</strong></span> <span class='ocrx_word' id='word_1_119' title='bbox 1550 1798 1727 1848; x_wconf 92' lang='lat' dir='ltr'><strong>suam,</strong></span> <span class='ocrx_word' id='word_1_120' title='bbox 1772 1800 1869 1839; x_wconf 88' lang='lat' dir='ltr'><strong>nec</strong></span> <span class='ocrx_word' id='word_1_121' title='bbox 1916 1797 2139 1843; x_wconf 88' lang='lat' dir='ltr'><strong>sanctus</strong></span> 
     </span>
    </p>
   </div>
   <div class='ocr_carea' id='block_1_20' title="bbox 570 1856 2140 1946">
    <p class='ocr_par' dir='ltr' id='par_1_20' title="bbox 570 1856 2140 1946">
     <span class='ocr_line' id='line_1_20' title="bbox 570 1856 2140 1946; baseline 0.017 -37"><span class='ocrx_word' id='word_1_122' title='bbox 570 1856 738 1911; x_wconf 78' lang='lat' dir='ltr'><strong>David</strong></span> <span class='ocrx_word' id='word_1_123' title='bbox 785 1862 1098 1929; x_wconf 72' lang='lat' dir='ltr'><strong>mmchiam,</strong></span> <span class='ocrx_word' id='word_1_124' title='bbox 1128 1883 1226 1922; x_wconf 90' lang='lat' dir='ltr'><strong>nec</strong></span> <span class='ocrx_word' id='word_1_125' title='bbox 1276 1884 1429 1924; x_wconf 89' lang='lat' dir='ltr'><strong>sacer</strong></span> <span class='ocrx_word' id='word_1_126' title='bbox 1455 1884 1659 1945; x_wconf 86' lang='lat' dir='ltr'><strong>martyr</strong></span> <span class='ocrx_word' id='word_1_127' title='bbox 1686 1876 1988 1946; x_wconf 87' lang='lat' dir='ltr'><strong>Cyprianus</strong></span> <span class='ocrx_word' id='word_1_128' title='bbox 2024 1896 2140 1934; x_wconf 81' lang='lat' dir='ltr'><strong>ma—</strong></span> 
     </span>
    </p>
   </div>
   <div class='ocr_carea' id='block_1_21' title="bbox 569 1950 2140 2029">
    <p class='ocr_par' dir='ltr' id='par_1_21' title="bbox 569 1950 2140 2029">
     <span class='ocr_line' id='line_1_21' title="bbox 569 1950 2140 2029; baseline 0.017 -28"><span class='ocrx_word' id='word_1_129' title='bbox 569 1950 731 2018; x_wconf 80' lang='lat' dir='ltr'><strong>giam.</strong></span> <span class='ocrx_word' id='word_1_130' title='bbox 768 1950 918 2016; x_wconf 82' lang='lat' dir='ltr'><strong>Quod</strong></span> <span class='ocrx_word' id='word_1_131' title='bbox 941 1965 1120 2010; x_wconf 86' lang='lat' dir='ltr'><strong>autem</strong></span> <span class='ocrx_word' id='word_1_132' title='bbox 1151 1966 1411 2029; x_wconf 88' lang='lat' dir='ltr'><strong>tanquam</strong></span> <span class='ocrx_word' id='word_1_133' title='bbox 1447 1965 1781 2022; x_wconf 73' lang='lat' dir='ltr'><strong>orthodoxus</strong></span> <span class='ocrx_word' id='word_1_134' title='bbox 1816 1968 1868 2022; x_wconf 90' lang='lat' dir='ltr'><strong>in</strong></span> <span class='ocrx_word' id='word_1_135' title='bbox 1902 1971 2140 2027; x_wconf 88' lang='lat' dir='ltr'><strong>Ecclesia</strong></span> 
     </span>
    </p>
   </div>
   <div class='ocr_carea' id='block_1_22' title="bbox 569 2053 2139 2127">
    <p class='ocr_par' dir='ltr' id='par_1_22' title="bbox 569 2053 2139 2127">
     <span class='ocr_line' id='line_1_22' title="bbox 569 2053 2139 2127; baseline 0.018 -36"><span class='ocrx_word' id='word_1_136' title='bbox 569 2053 1051 2112; x_wconf 89' lang='lat' dir='ltr'><strong>commemoratur;</strong></span> <span class='ocrx_word' id='word_1_137' title='bbox 1088 2063 1429 2119; x_wconf 88' lang='lat' dir='ltr'><strong>nequaquam</strong></span> <span class='ocrx_word' id='word_1_138' title='bbox 1459 2053 1511 2107; x_wconf 92' lang='lat' dir='ltr'><strong>id</strong></span> <span class='ocrx_word' id='word_1_139' title='bbox 1544 2056 1836 2127; x_wconf 83' lang='lat' dir='ltr'><strong>Evangelio</strong></span> <span class='ocrx_word' id='word_1_140' title='bbox 1881 2062 2139 2118; x_wconf 87' lang='lat' dir='ltr'><strong>adversa-</strong></span> 
     </span>
    </p>
   </div>
   <div class='ocr_carea' id='block_1_23' title="bbox 569 2138 2138 2211">
    <p class='ocr_par' dir='ltr' id='par_1_23' title="bbox 569 2138 2138 2211">
     <span class='ocr_line' id='line_1_23' title="bbox 569 2138 2138 2211; baseline 0.017 -26"><span class='ocrx_word' id='word_1_141' title='bbox 569 2141 659 2185; x_wconf 90' lang='lat' dir='ltr'><strong>tur</strong></span> <span class='ocrx_word' id='word_1_142' title='bbox 692 2156 704 2187; x_wconf 89' lang='lat'><strong>:</strong></span> <span class='ocrx_word' id='word_1_143' title='bbox 738 2138 1170 2208; x_wconf 84' lang='lat' dir='ltr'><strong>quandoquidem</strong></span> <span class='ocrx_word' id='word_1_144' title='bbox 1215 2158 1673 2202; x_wconf 88' lang='lat' dir='ltr'><strong>commemoratur</strong></span> <span class='ocrx_word' id='word_1_145' title='bbox 1713 2160 1765 2206; x_wconf 89' lang='lat' dir='ltr'><strong>et</strong></span> <span class='ocrx_word' id='word_1_146' title='bbox 1798 2150 2138 2211; x_wconf 82' lang='lat' dir='ltr'><strong>Valentinia-</strong></span> 
     </span>
    </p>
   </div>
   <div class='ocr_carea' id='block_1_24' title="bbox 570 2233 2141 2302">
    <p class='ocr_par' dir='ltr' id='par_1_24' title="bbox 570 2233 2141 2302">
     <span class='ocr_line' id='line_1_24' title="bbox 570 2233 2141 2302; baseline 0.017 -27"><span class='ocrx_word' id='word_1_147' title='bbox 570 2238 671 2277; x_wconf 86' lang='lat' dir='ltr'><strong>nus</strong></span> <span class='ocrx_word' id='word_1_148' title='bbox 702 2243 715 2277; x_wconf 90' lang='lat'><strong>:</strong></span> <span class='ocrx_word' id='word_1_149' title='bbox 757 2233 812 2278; x_wconf 92' lang='lat' dir='ltr'><strong>at</strong></span> <span class='ocrx_word' id='word_1_150' title='bbox 846 2244 950 2282; x_wconf 93' lang='lat' dir='ltr'><strong>non</strong></span> <span class='ocrx_word' id='word_1_151' title='bbox 997 2246 1063 2283; x_wconf 94' lang='lat' dir='ltr'><strong>eo</strong></span> <span class='ocrx_word' id='word_1_152' title='bbox 1098 2234 1244 2301; x_wconf 91' lang='lat' dir='ltr'><strong>quod</strong></span> <span class='ocrx_word' id='word_1_153' title='bbox 1277 2235 1414 2290; x_wconf 90' lang='lat' dir='ltr'><strong>duas</strong></span> <span class='ocrx_word' id='word_1_154' title='bbox 1456 2237 1621 2293; x_wconf 88' lang='lat' dir='ltr'><strong>simul</strong></span> <span class='ocrx_word' id='word_1_155' title='bbox 1659 2257 1858 2299; x_wconf 80' lang='lat' dir='ltr'><strong>uxores</strong></span> <span class='ocrx_word' id='word_1_156' title='bbox 1889 2245 2141 2302; x_wconf 84' lang='lat' dir='ltr'><strong>habuerit</strong></span> 
     </span>
    </p>
   </div>
   <div class='ocr_carea' id='block_1_25' title="bbox 567 2317 2139 2395">
    <p class='ocr_par' dir='ltr' id='par_1_25' title="bbox 567 2317 2139 2395">
     <span class='ocr_line' id='line_1_25' title="bbox 567 2317 2139 2395; baseline 0.017 -30"><span class='ocrx_word' id='word_1_157' title='bbox 567 2324 762 2381; x_wconf 72' lang='lat' dir='ltr'><strong>praeter</strong></span> <span class='ocrx_word' id='word_1_158' title='bbox 801 2317 994 2388; x_wconf 75' lang='lat' dir='ltr'><strong>legem,</strong></span> <span class='ocrx_word' id='word_1_159' title='bbox 1031 2322 1125 2375; x_wconf 91' lang='lat' dir='ltr'><strong>sed</strong></span> <span class='ocrx_word' id='word_1_160' title='bbox 1160 2335 1379 2395; x_wconf 87' lang='lat' dir='ltr'><strong>propter</strong></span> <span class='ocrx_word' id='word_1_161' title='bbox 1404 2338 1605 2384; x_wconf 89' lang='lat' dir='ltr'><strong>rectam</strong></span> <span class='ocrx_word' id='word_1_162' title='bbox 1634 2330 1789 2386; x_wconf 83' lang='lat' dir='ltr'><strong>ﬁdem</strong></span> <span class='ocrx_word' id='word_1_163' title='bbox 1830 2353 1843 2388; x_wconf 87' lang='lat'><strong>:</strong></span> <span class='ocrx_word' id='word_1_164' title='bbox 1881 2345 1935 2389; x_wconf 93' lang='lat' dir='ltr'><strong>et</strong></span> <span class='ocrx_word' id='word_1_165' title='bbox 1956 2334 2139 2392; x_wconf 82' lang='lat' dir='ltr'><strong>Jovia-</strong></span> 
     </span>
    </p>
   </div>
   <div class='ocr_carea' id='block_1_26' title="bbox 570 2414 2137 2493">
    <p class='ocr_par' dir='ltr' id='par_1_26' title="bbox 570 2414 2137 2493">
     <span class='ocr_line' id='line_1_26' title="bbox 570 2414 2137 2493; baseline 0.016 -36"><span class='ocrx_word' id='word_1_166' title='bbox 570 2420 693 2468; x_wconf 89' lang='lat' dir='ltr'><strong>nus,</strong></span> <span class='ocrx_word' id='word_1_167' title='bbox 758 2418 812 2461; x_wconf 90' lang='lat' dir='ltr'><strong>at</strong></span> <span class='ocrx_word' id='word_1_168' title='bbox 843 2425 951 2463; x_wconf 89' lang='lat' dir='ltr'><strong>non</strong></span> <span class='ocrx_word' id='word_1_169' title='bbox 997 2414 1140 2481; x_wconf 91' lang='lat' dir='ltr'><strong>quod</strong></span> <span class='ocrx_word' id='word_1_170' title='bbox 1191 2418 1561 2474; x_wconf 91' lang='lat' dir='ltr'><strong>masculorum</strong></span> <span class='ocrx_word' id='word_1_171' title='bbox 1619 2437 1908 2493; x_wconf 89' lang='lat' dir='ltr'><strong>corruptor</strong></span> <span class='ocrx_word' id='word_1_172' title='bbox 1953 2426 2137 2493; x_wconf 80' lang='lat' dir='ltr'><strong>fuerit,</strong></span> 
     </span>
    </p>
   </div>
   <div class='ocr_carea' id='block_1_27' title="bbox 569 2501 2143 2581">
    <p class='ocr_par' dir='ltr' id='par_1_27' title="bbox 569 2501 2143 2581">
     <span class='ocr_line' id='line_1_27' title="bbox 569 2501 2143 2581; baseline 0.014 -31"><span class='ocrx_word' id='word_1_173' title='bbox 569 2501 1024 2567; x_wconf 87' lang='lat' dir='ltr'><strong>quemadmodum</strong></span> <span class='ocrx_word' id='word_1_174' title='bbox 1060 2518 1281 2561; x_wconf 88' lang='lat' dir='ltr'><strong>narrant</strong></span> <span class='ocrx_word' id='word_1_175' title='bbox 1310 2527 1322 2561; x_wconf 92' lang='lat'><strong>:</strong></span> <span class='ocrx_word' id='word_1_176' title='bbox 1358 2519 1411 2563; x_wconf 80' lang='lat' dir='ltr'><strong>et</strong></span> <span class='ocrx_word' id='word_1_177' title='bbox 1445 2509 1807 2581; x_wconf 82' lang='lat' dir='ltr'><strong>Nicephorus,</strong></span> <span class='ocrx_word' id='word_1_178' title='bbox 1842 2525 1898 2569; x_wconf 88' lang='lat' dir='ltr'><strong>at</strong></span> <span class='ocrx_word' id='word_1_179' title='bbox 1942 2532 2047 2571; x_wconf 93' lang='lat' dir='ltr'><strong>non</strong></span> <span class='ocrx_word' id='word_1_180' title='bbox 2078 2534 2143 2573; x_wconf 93' lang='lat' dir='ltr'><strong>eo</strong></span> 
     </span>
    </p>
   </div>
   <div class='ocr_carea' id='block_1_28' title="bbox 570 2592 2145 2678">
    <p class='ocr_par' dir='ltr' id='par_1_28' title="bbox 570 2592 2145 2678">
     <span class='ocr_line' id='line_1_28' title="bbox 570 2592 2145 2678; baseline 0.015 -37"><span class='ocrx_word' id='word_1_181' title='bbox 570 2592 713 2658; x_wconf 86' lang='lat' dir='ltr'><strong>quod</strong></span> <span class='ocrx_word' id='word_1_182' title='bbox 780 2609 977 2651; x_wconf 85' lang='lat' dir='ltr'><strong>avarus</strong></span> <span class='ocrx_word' id='word_1_183' title='bbox 1016 2597 1196 2652; x_wconf 79' lang='lat' dir='ltr'><strong>fuerit.</strong></span> <span class='ocrx_word' id='word_1_184' title='bbox 1233 2600 1390 2655; x_wconf 87' lang='lat' dir='ltr'><strong>Plura</strong></span> <span class='ocrx_word' id='word_1_185' title='bbox 1429 2604 1533 2657; x_wconf 88' lang='lat' dir='ltr'><strong>dici</strong></span> <span class='ocrx_word' id='word_1_186' title='bbox 1562 2613 1614 2657; x_wconf 90' lang='lat' dir='ltr'><strong>et</strong></span> <span class='ocrx_word' id='word_1_187' title='bbox 1638 2605 1703 2658; x_wconf 87' lang='lat' dir='ltr'><strong>de</strong></span> <span class='ocrx_word' id='word_1_188' title='bbox 1751 2607 1872 2662; x_wconf 88' lang='lat' dir='ltr'><strong>aliis</strong></span> <span class='ocrx_word' id='word_1_189' title='bbox 1898 2618 2145 2678; x_wconf 87' lang='lat' dir='ltr'><strong>possunt,</strong></span> 
     </span>
    </p>
   </div>
   <div class='ocr_carea' id='block_1_29' title="bbox 572 2682 2147 2761">
    <p class='ocr_par' dir='ltr' id='par_1_29' title="bbox 572 2682 2147 2761">
     <span class='ocr_line' id='line_1_29' title="bbox 572 2682 2147 2761; baseline 0.013 -26"><span class='ocrx_word' id='word_1_190' title='bbox 572 2682 665 2751; x_wconf 90' lang='lat' dir='ltr'><strong>qui</strong></span> <span class='ocrx_word' id='word_1_191' title='bbox 700 2698 1009 2756; x_wconf 85' lang='lat' dir='ltr'><strong>quanquam</strong></span> <span class='ocrx_word' id='word_1_192' title='bbox 1056 2690 1177 2745; x_wconf 91' lang='lat' dir='ltr'><strong>aliis</strong></span> <span class='ocrx_word' id='word_1_193' title='bbox 1214 2693 1538 2749; x_wconf 89' lang='lat' dir='ltr'><strong>criminibus</strong></span> <span class='ocrx_word' id='word_1_194' title='bbox 1572 2699 1833 2761; x_wconf 88' lang='lat' dir='ltr'><strong>accusati,</strong></span> <span class='ocrx_word' id='word_1_195' title='bbox 1872 2709 2050 2754; x_wconf 90' lang='lat' dir='ltr'><strong>tamen</strong></span> <span class='ocrx_word' id='word_1_196' title='bbox 2076 2702 2147 2755; x_wconf 93' lang='lat' dir='ltr'><strong>ob</strong></span> 
     </span>
    </p>
   </div>
   <div class='ocr_carea' id='block_1_30' title="bbox 572 2780 2139 2860">
    <p class='ocr_par' dir='ltr' id='par_1_30' title="bbox 572 2780 2139 2860">
     <span class='ocr_line' id='line_1_30' title="bbox 572 2780 2139 2860; baseline 0.01 -31"><span class='ocrx_word' id='word_1_197' title='bbox 572 2784 773 2832; x_wconf 83' lang='lat' dir='ltr'><strong>rectam</strong></span> <span class='ocrx_word' id='word_1_198' title='bbox 806 2780 961 2833; x_wconf 83' lang='lat' dir='ltr'><strong>tidem</strong></span> <span class='ocrx_word' id='word_1_199' title='bbox 995 2781 1283 2846; x_wconf 78' lang='lat' dir='ltr'><strong>duntaxat,</strong></span> <span class='ocrx_word' id='word_1_200' title='bbox 1320 2787 1586 2840; x_wconf 90' lang='lat' dir='ltr'><strong>memoria</strong></span> <span class='ocrx_word' id='word_1_201' title='bbox 1616 2788 1993 2845; x_wconf 85' lang='lat' dir='ltr'><strong>ecclesiastica</strong></span> <span class='ocrx_word' id='word_1_202' title='bbox 2028 2807 2139 2860; x_wconf 86' lang='lat' dir='ltr'><strong>per-</strong></span> 
     </span>
    </p>
   </div>
   <div class='ocr_carea' id='block_1_31' title="bbox 574 2864 2140 2947">
    <p class='ocr_par' dir='ltr' id='par_1_31' title="bbox 574 2864 2140 2947">
     <span class='ocr_line' id='line_1_31' title="bbox 574 2864 2140 2947; baseline 0.011 -28"><span class='ocrx_word' id='word_1_203' title='bbox 574 2864 848 2922; x_wconf 80' lang='lat' dir='ltr'><strong>fruuntur.</strong></span> <span class='ocrx_word' id='word_1_204' title='bbox 902 2870 1006 2925; x_wconf 90' lang='lat' dir='ltr'><strong>Sed</strong></span> <span class='ocrx_word' id='word_1_205' title='bbox 1040 2873 1105 2927; x_wconf 91' lang='lat' dir='ltr'><strong>de</strong></span> <span class='ocrx_word' id='word_1_206' title='bbox 1140 2875 1223 2929; x_wconf 90' lang='lat' dir='ltr'><strong>his</strong></span> <span class='ocrx_word' id='word_1_207' title='bbox 1252 2876 1537 2931; x_wconf 80' lang='lat' dir='ltr'><strong>hactenus.</strong></span> <span class='ocrx_word' id='word_1_208' title='bbox 1575 2877 1654 2931; x_wconf 88' lang='lat' dir='ltr'><strong>Tu</strong></span> <span class='ocrx_word' id='word_1_209' title='bbox 1691 2895 1838 2941; x_wconf 87' lang='lat' dir='ltr'><strong>vero,</strong></span> <span class='ocrx_word' id='word_1_210' title='bbox 1892 2880 2140 2947; x_wconf 90' lang='lat' dir='ltr'><strong>Domine,</strong></span> 
     </span>
    </p>
   </div>
   <div class='ocr_carea' id='block_1_32' title="bbox 2238 590 3839 669">
    <p class='ocr_par' dir='ltr' id='par_1_32' title="bbox 2238 590 3839 669">
     <span class='ocr_line' id='line_1_32' title="bbox 2238 590 3839 669; baseline -0.006 -17"><span class='ocrx_word' id='word_1_211' title='bbox 2238 601 2351 652; x_wconf 80' lang='grc' dir='ltr'>ὅσοι</span> <span class='ocrx_word' id='word_1_212' title='bbox 2382 600 2713 669; x_wconf 79' lang='grc' dir='ltr'>ἐμοίχευσαν</span> <span class='ocrx_word' id='word_1_213' title='bbox 2745 597 2809 648; x_wconf 81' lang='grc' dir='ltr'>ὲκ</span> <span class='ocrx_word' id='word_1_214' title='bbox 2830 592 2924 647; x_wconf 77' lang='grc' dir='ltr'>τοῦ</span> <span class='ocrx_word' id='word_1_215' title='bbox 2960 592 3295 661; x_wconf 71' lang='grc' dir='ltr'>προῦχοντος</span> <span class='ocrx_word' id='word_1_216' title='bbox 3318 590 3795 660; x_wconf 68' lang='grc' dir='ltr'><strong>παραδείγματος</strong></span> <span class='ocrx_word' id='word_1_217' title='bbox 3820 607 3839 654; x_wconf 84' lang='grc'><strong>;</strong></span> 
     </span>
    </p>
   </div>
   <div class='ocr_carea' id='block_1_33' title="bbox 2238 682 3839 754">
    <p class='ocr_par' dir='ltr' id='par_1_33' title="bbox 2238 682 3839 754">
     <span class='ocr_line' id='line_1_33' title="bbox 2238 682 3839 754; baseline -0.007 -10"><span class='ocrx_word' id='word_1_218' title='bbox 2238 691 2333 743; x_wconf 74' lang='grc' dir='ltr'><strong>καὶ</strong></span> <span class='ocrx_word' id='word_1_219' title='bbox 2348 686 2513 742; x_wconf 73' lang='grc' dir='ltr'>τᾶλλα</span> <span class='ocrx_word' id='word_1_220' title='bbox 2535 688 2724 742; x_wconf 81' lang='grc' dir='ltr'>σιωπῶ</span> <span class='ocrx_word' id='word_1_221' title='bbox 2744 688 2943 754; x_wconf 78' lang='grc' dir='ltr'>λέγειν,</span> <span class='ocrx_word' id='word_1_222' title='bbox 2965 686 3101 738; x_wconf 69' lang='grc' dir='ltr'>αἰδοῖ</span> <span class='ocrx_word' id='word_1_223' title='bbox 3119 702 3280 737; x_wconf 88' lang='grc' dir='ltr'>τινων</span> <span class='ocrx_word' id='word_1_224' title='bbox 3685 683 3839 734; x_wconf 67' lang='grc' dir='ltr'><strong>Παν-</strong></span> 
     </span>
    </p>
   </div>
   <div class='ocr_carea' id='block_1_34' title="bbox 2240 772 3833 848">
    <p class='ocr_par' dir='ltr' id='par_1_34' title="bbox 2240 772 3833 848">
     <span class='ocr_line' id='line_1_34' title="bbox 2240 772 3833 848; baseline -0.004 -14"><span class='ocrx_word' id='word_1_225' title='bbox 2240 783 2522 836; x_wconf 80' lang='grc' dir='ltr'>σάσθωσαν</span> <span class='ocrx_word' id='word_1_226' title='bbox 2546 780 2831 833; x_wconf 82' lang='grc' dir='ltr'>λυπεῖσθαι</span> <span class='ocrx_word' id='word_1_227' title='bbox 2850 779 3024 848; x_wconf 68' lang='grc' dir='ltr'>λύπην</span> <span class='ocrx_word' id='word_1_228' title='bbox 3050 778 3336 846; x_wconf 79' lang='grc' dir='ltr'>θεοστυγῆ,</span> <span class='ocrx_word' id='word_1_229' title='bbox 3355 778 3562 838; x_wconf 80' lang='grc' dir='ltr'>οἵτινες</span> <span class='ocrx_word' id='word_1_230' title='bbox 3586 776 3661 829; x_wconf 71' lang='grc' dir='ltr'>ἂν</span> <span class='ocrx_word' id='word_1_231' title='bbox 3698 772 3833 828; x_wconf 70' lang='grc' dir='ltr'>εἶεν.</span> 
     </span>
    </p>
   </div>
   <div class='ocr_carea' id='block_1_35' title="bbox 2237 867 3834 940">
    <p class='ocr_par' dir='ltr' id='par_1_35' title="bbox 2237 867 3834 940">
     <span class='ocr_line' id='line_1_35' title="bbox 2237 867 3834 940; baseline -0.004 -14"><span class='ocrx_word' id='word_1_232' title='bbox 2237 875 2568 940; x_wconf 81' lang='grc' dir='ltr'>Πρόσωπον</span> <span class='ocrx_word' id='word_1_233' title='bbox 2595 873 2705 940; x_wconf 76' lang='grc' dir='ltr'>γὰρ</span> <span class='ocrx_word' id='word_1_234' title='bbox 2733 872 2874 937; x_wconf 84' lang='grc' dir='ltr'><strong>Θεὸς</strong></span> <span class='ocrx_word' id='word_1_235' title='bbox 2890 868 3202 939; x_wconf 76' lang='grc' dir='ltr'>ἀνθρώπου</span> <span class='ocrx_word' id='word_1_236' title='bbox 3224 872 3298 922; x_wconf 76' lang='grc' dir='ltr'>οὐ</span> <span class='ocrx_word' id='word_1_237' title='bbox 3318 868 3655 937; x_wconf 71' lang='grc' dir='ltr'><strong>λαμὸἀνει.</strong></span> <span class='ocrx_word' id='word_1_238' title='bbox 3696 867 3834 931; x_wconf 77' lang='grc' dir='ltr'><strong>Καὶ,</strong></span> 
     </span>
    </p>
   </div>
   <div class='ocr_carea' id='block_1_36' title="bbox 2239 958 3838 1033">
    <p class='ocr_par' dir='ltr' id='par_1_36' title="bbox 2239 958 3838 1033">
     <span class='ocr_line' id='line_1_36' title="bbox 2239 958 3838 1033; baseline -0.001 -20"><span class='ocrx_word' id='word_1_239' title='bbox 2239 962 2368 1033; x_wconf 82' lang='grc' dir='ltr'>παρ’</span> <span class='ocrx_word' id='word_1_240' title='bbox 2396 961 2424 1013; x_wconf 83' lang='grc' dir='ltr'><strong>ὃ</strong></span> <span class='ocrx_word' id='word_1_241' title='bbox 2450 964 2514 1013; x_wconf 81' lang='grc' dir='ltr'>ὲκ</span> <span class='ocrx_word' id='word_1_242' title='bbox 2537 961 2633 1013; x_wconf 84' lang='grc' dir='ltr'>τοῦ</span> <span class='ocrx_word' id='word_1_243' title='bbox 2666 961 3000 1029; x_wconf 80' lang='grc' dir='ltr'>Εὐαγγε).ίου</span> <span class='ocrx_word' id='word_1_244' title='bbox 3039 958 3446 1030; x_wconf 78' lang='grc' dir='ltr'>παρελάϐομεν,</span> <span class='ocrx_word' id='word_1_245' title='bbox 3480 959 3584 1010; x_wconf 67' lang='grc' dir='ltr'><strong>ἐὰν</strong></span> <span class='ocrx_word' id='word_1_246' title='bbox 3615 977 3707 1022; x_wconf 78' lang='grc' dir='ltr'><strong>τις</strong></span> <span class='ocrx_word' id='word_1_247' title='bbox 3738 961 3838 1013; x_wconf 67' lang='grc' dir='ltr'><strong>εὖ·</strong></span> 
     </span>
    </p>
   </div>
   <div class='ocr_carea' id='block_1_37' title="bbox 2237 1050 3835 1124">
    <p class='ocr_par' dir='ltr' id='par_1_37' title="bbox 2237 1050 3835 1124">
     <span class='ocr_line' id='line_1_37' title="bbox 2237 1050 3835 1124; baseline -0.002 -17"><span class='ocrx_word' id='word_1_248' title='bbox 2237 1052 2592 1123; x_wconf 74' lang='grc' dir='ltr'>αγγελίζηται</span> <span class='ocrx_word' id='word_1_249' title='bbox 2617 1054 2826 1124; x_wconf 79' lang='grc' dir='ltr'>ἕτερον,</span> <span class='ocrx_word' id='word_1_250' title='bbox 2863 1052 3025 1123; x_wconf 83' lang='grc' dir='ltr'>μέχρι</span> <span class='ocrx_word' id='word_1_251' title='bbox 3076 1050 3172 1104; x_wconf 73' lang='grc' dir='ltr'>καὶ</span> <span class='ocrx_word' id='word_1_252' title='bbox 3207 1051 3474 1118; x_wconf 80' lang='grc' dir='ltr'>ἀγγέλου,</span> <span class='ocrx_word' id='word_1_253' title='bbox 3511 1051 3835 1120; x_wconf 71' lang='grc' dir='ltr'>ἀναθεματι</span> 
     </span>
    </p>
   </div>
   <div class='ocr_carea' id='block_1_38' title="bbox 2239 1142 3835 1214">
    <p class='ocr_par' dir='ltr' id='par_1_38' title="bbox 2239 1142 3835 1214">
     <span class='ocr_line' id='line_1_38' title="bbox 2239 1142 3835 1214; baseline -0.004 -15"><span class='ocrx_word' id='word_1_254' title='bbox 2239 1145 2620 1209; x_wconf 69' lang='grc' dir='ltr'>ὑποϐάλλεται,</span> <span class='ocrx_word' id='word_1_255' title='bbox 2644 1144 2786 1197; x_wconf 82' lang='grc' dir='ltr'>καθὰ</span> <span class='ocrx_word' id='word_1_256' title='bbox 2801 1145 2943 1214; x_wconf 81' lang='grc' dir='ltr'><strong>βοᾷό</strong></span> <span class='ocrx_word' id='word_1_257' title='bbox 2961 1143 3227 1213; x_wconf 80' lang='grc' dir='ltr'>μακάριος</span> <span class='ocrx_word' id='word_1_258' title='bbox 3258 1142 3615 1203; x_wconf 75' lang='grc' dir='ltr'>’Δπὸστολο;.</span> <span class='ocrx_word' id='word_1_259' title='bbox 3642 1142 3835 1195; x_wconf 66' lang='grc' dir='ltr'>Ταῦτα</span> 
     </span>
    </p>
   </div>
   <div class='ocr_carea' id='block_1_39' title="bbox 2240 1234 3834 1305">
    <p class='ocr_par' dir='ltr' id='par_1_39' title="bbox 2240 1234 3834 1305">
     <span class='ocr_line' id='line_1_39' title="bbox 2240 1234 3834 1305; baseline -0.003 -14"><span class='ocrx_word' id='word_1_260' title='bbox 2240 1238 2394 1301; x_wconf 75' lang='grc' dir='ltr'>εἰδὼς</span> <span class='ocrx_word' id='word_1_261' title='bbox 2418 1239 2511 1291; x_wconf 74' lang='grc' dir='ltr'>καὶ</span> <span class='ocrx_word' id='word_1_262' title='bbox 2540 1240 2567 1291; x_wconf 90' lang='lat'><strong>6</strong></span> <span class='ocrx_word' id='word_1_263' title='bbox 2597 1237 2992 1300; x_wconf 81' lang='grc' dir='ltr'>εὐλαὸἐστατος</span> <span class='ocrx_word' id='word_1_264' title='bbox 3043 1234 3368 1305; x_wconf 77' lang='grc' dir='ltr'>ἡγούμενος,</span> <span class='ocrx_word' id='word_1_265' title='bbox 3402 1234 3482 1305; x_wconf 76' lang='grc' dir='ltr'>μὴ</span> <span class='ocrx_word' id='word_1_266' title='bbox 3512 1234 3834 1301; x_wconf 76' lang='grc' dir='ltr'>ἐγκαλεὶτω</span> 
     </span>
    </p>
   </div>
   <div class='ocr_carea' id='block_1_40' title="bbox 2239 1325 3833 1401">
    <p class='ocr_par' dir='ltr' id='par_1_40' title="bbox 2239 1325 3833 1401">
     <span class='ocr_line' id='line_1_40' title="bbox 2239 1325 3833 1401; baseline -0.013 -13"><span class='ocrx_word' id='word_1_267' title='bbox 2239 1332 2367 1401; x_wconf 77' lang='grc' dir='ltr'>περὶ</span> <span class='ocrx_word' id='word_1_268' title='bbox 2398 1329 2490 1383; x_wconf 78' lang='grc' dir='ltr'>τοῦ</span> <span class='ocrx_word' id='word_1_269' title='bbox 2521 1330 2675 1397; x_wconf 76' lang='grc' dir='ltr'>ἁγίου</span> <span class='ocrx_word' id='word_1_270' title='bbox 2716 1329 3038 1397; x_wconf 79' lang='grc' dir='ltr'><strong>Θεοφάνους,</strong></span> <span class='ocrx_word' id='word_1_271' title='bbox 3078 1328 3161 1380; x_wconf 80' lang='grc' dir='ltr'>ὅτι</span> <span class='ocrx_word' id='word_1_272' title='bbox 3192 1325 3392 1398; x_wconf 70' lang='grc' dir='ltr'>ᾐτιάθη</span> <span class='ocrx_word' id='word_1_273' title='bbox 3435 1327 3499 1379; x_wconf 81' lang='grc' dir='ltr'><strong>ὲν</strong></span> <span class='ocrx_word' id='word_1_274' title='bbox 3540 1325 3625 1395; x_wconf 75' lang='grc' dir='ltr'>τῷ</span> <span class='ocrx_word' id='word_1_275' title='bbox 3652 1328 3833 1396; x_wconf 41' lang='lat' dir='ltr'><strong>agit-</strong></span> 
     </span>
    </p>
   </div>
   <div class='ocr_carea' id='block_1_41' title="bbox 2242 1419 3835 1491">
    <p class='ocr_par' dir='ltr' id='par_1_41' title="bbox 2242 1419 3835 1491">
     <span class='ocr_line' id='line_1_41' title="bbox 2242 1419 3835 1491; baseline -0.003 -18"><span class='ocrx_word' id='word_1_276' title='bbox 2242 1439 2391 1491; x_wconf 86' lang='grc' dir='ltr'>ματι.</span> <span class='ocrx_word' id='word_1_277' title='bbox 2447 1420 2726 1491; x_wconf 79' lang='grc' dir='ltr'><strong>Ἀληθείας</strong></span> <span class='ocrx_word' id='word_1_278' title='bbox 2755 1420 2861 1490; x_wconf 78' lang='grc' dir='ltr'>γὰρ</span> <span class='ocrx_word' id='word_1_279' title='bbox 2913 1420 3067 1474; x_wconf 80' lang='grc' dir='ltr'>οὐδὲν</span> <span class='ocrx_word' id='word_1_280' title='bbox 3098 1419 3525 1489; x_wconf 82' lang='grc' dir='ltr'><strong>προτιμότερον.</strong></span> <span class='ocrx_word' id='word_1_281' title='bbox 3552 1419 3676 1470; x_wconf 69' lang='grc' dir='ltr'><strong>Καὶ</strong></span> <span class='ocrx_word' id='word_1_282' title='bbox 3731 1419 3835 1469; x_wconf 71' lang='grc' dir='ltr'>οὐκ</span> 
     </span>
    </p>
   </div>
   <div class='ocr_carea' id='block_1_42' title="bbox 2239 1508 3837 1580">
    <p class='ocr_par' dir='ltr' id='par_1_42' title="bbox 2239 1508 3837 1580">
     <span class='ocr_line' id='line_1_42' title="bbox 2239 1508 3837 1580; baseline -0.004 -15"><span class='ocrx_word' id='word_1_283' title='bbox 2239 1513 2591 1565; x_wconf 79' lang='grc' dir='ltr'>ἀπαναίνεται</span> <span class='ocrx_word' id='word_1_284' title='bbox 2624 1511 2857 1575; x_wconf 78' lang='grc' dir='ltr'>ἀκούων,</span> <span class='ocrx_word' id='word_1_285' title='bbox 2894 1511 2970 1573; x_wconf 85' lang='grc' dir='ltr'>ὡς</span> <span class='ocrx_word' id='word_1_286' title='bbox 2996 1510 3117 1564; x_wconf 77' lang='grc' dir='ltr'><strong>οὐδὲ</strong></span> <span class='ocrx_word' id='word_1_287' title='bbox 3164 1510 3369 1580; x_wconf 80' lang='grc' dir='ltr'>Πέτρος</span> <span class='ocrx_word' id='word_1_288' title='bbox 3396 1509 3427 1560; x_wconf 97' lang='lat'><strong>6</strong></span> <span class='ocrx_word' id='word_1_289' title='bbox 3458 1508 3653 1577; x_wconf 81' lang='grc' dir='ltr'>μέγας</span> <span class='ocrx_word' id='word_1_290' title='bbox 3692 1510 3837 1561; x_wconf 67' lang='grc' dir='ltr'><strong>ἀπό-</strong></span> 
     </span>
    </p>
   </div>
   <div class='ocr_carea' id='block_1_43' title="bbox 2240 1600 3834 1675">
    <p class='ocr_par' dir='ltr' id='par_1_43' title="bbox 2240 1600 3834 1675">
     <span class='ocr_line' id='line_1_43' title="bbox 2240 1600 3834 1675; baseline -0.003 -18"><span class='ocrx_word' id='word_1_291' title='bbox 2240 1605 2424 1668; x_wconf 84' lang='grc' dir='ltr'>στολος</span> <span class='ocrx_word' id='word_1_292' title='bbox 2448 1605 2545 1675; x_wconf 85' lang='grc' dir='ltr'>τὴν</span> <span class='ocrx_word' id='word_1_293' title='bbox 2570 1604 2815 1675; x_wconf 80' lang='grc' dir='ltr'>ἄρνησιν,</span> <span class='ocrx_word' id='word_1_294' title='bbox 2835 1604 2956 1655; x_wconf 72' lang='grc' dir='ltr'>οὐδὲ</span> <span class='ocrx_word' id='word_1_295' title='bbox 2991 1602 3150 1655; x_wconf 75' lang='grc' dir='ltr'><strong>Δαὸὶδ</strong></span> <span class='ocrx_word' id='word_1_296' title='bbox 3173 1603 3203 1654; x_wconf 88' lang='lat'><strong>6</strong></span> <span class='ocrx_word' id='word_1_297' title='bbox 3229 1600 3384 1669; x_wconf 80' lang='grc' dir='ltr'>ἆγιος</span> <span class='ocrx_word' id='word_1_298' title='bbox 3414 1600 3519 1672; x_wconf 74' lang='grc' dir='ltr'><strong>τὴν</strong></span> <span class='ocrx_word' id='word_1_299' title='bbox 3550 1602 3834 1670; x_wconf 80' lang='grc' dir='ltr'>μοιχείαν,</span> 
     </span>
    </p>
   </div>
   <div class='ocr_carea' id='block_1_44' title="bbox 2239 1690 3833 1763">
    <p class='ocr_par' dir='ltr' id='par_1_44' title="bbox 2239 1690 3833 1763">
     <span class='ocr_line' id='line_1_44' title="bbox 2239 1690 3833 1763; baseline -0.004 -17"><span class='ocrx_word' id='word_1_300' title='bbox 2239 1694 2360 1746; x_wconf 74' lang='grc' dir='ltr'>οὐδὲ</span> <span class='ocrx_word' id='word_1_301' title='bbox 2390 1693 2700 1763; x_wconf 81' lang='grc' dir='ltr'>Κυπριανὸς</span> <span class='ocrx_word' id='word_1_302' title='bbox 2732 1694 2759 1744; x_wconf 90' lang='lat'><strong>6</strong></span> <span class='ocrx_word' id='word_1_303' title='bbox 2794 1693 3117 1762; x_wconf 75' lang='grc' dir='ltr'>ἱερόμαρτυς</span> <span class='ocrx_word' id='word_1_304' title='bbox 3140 1692 3238 1760; x_wconf 79' lang='grc' dir='ltr'>τὴν</span> <span class='ocrx_word' id='word_1_305' title='bbox 3262 1690 3549 1759; x_wconf 83' lang='grc' dir='ltr'>γοητείαν.</span> <span class='ocrx_word' id='word_1_306' title='bbox 3594 1690 3739 1759; x_wconf 68' lang='grc' dir='ltr'>Περὶ</span> <span class='ocrx_word' id='word_1_307' title='bbox 3777 1690 3833 1741; x_wconf 78' lang='grc' dir='ltr'>δὲ</span> 
     </span>
    </p>
   </div>
   <div class='ocr_carea' id='block_1_45' title="bbox 2242 1779 3831 1855">
    <p class='ocr_par' dir='ltr' id='par_1_45' title="bbox 2242 1779 3831 1855">
     <span class='ocr_line' id='line_1_45' title="bbox 2242 1779 3831 1855; baseline -0.003 -19"><span class='ocrx_word' id='word_1_308' title='bbox 2242 1784 2334 1838; x_wconf 75' lang='grc' dir='ltr'>τοῦ</span> <span class='ocrx_word' id='word_1_309' title='bbox 2371 1786 2450 1838; x_wconf 84' lang='grc' dir='ltr'>ὅτι</span> <span class='ocrx_word' id='word_1_310' title='bbox 2481 1785 2554 1847; x_wconf 81' lang='grc' dir='ltr'>ὡς</span> <span class='ocrx_word' id='word_1_311' title='bbox 2576 1784 2851 1855; x_wconf 79' lang='grc' dir='ltr'>ὀρθόδοξος</span> <span class='ocrx_word' id='word_1_312' title='bbox 2886 1780 3282 1852; x_wconf 74' lang='grc' dir='ltr'><strong>μνημονεύεται</strong></span> <span class='ocrx_word' id='word_1_313' title='bbox 3307 1785 3366 1834; x_wconf 83' lang='grc' dir='ltr'>ὲν</span> <span class='ocrx_word' id='word_1_314' title='bbox 3384 1784 3453 1852; x_wconf 65' lang='grc' dir='ltr'>τῇ</span> <span class='ocrx_word' id='word_1_315' title='bbox 3492 1779 3831 1851; x_wconf 70' lang='grc' dir='ltr'>Ἐκκλησία,</span> 
     </span>
    </p>
   </div>
   <div class='ocr_carea' id='block_1_46' title="bbox 2243 1874 3835 1947">
    <p class='ocr_par' dir='ltr' id='par_1_46' title="bbox 2243 1874 3835 1947">
     <span class='ocr_line' id='line_1_46' title="bbox 2243 1874 3835 1947; baseline -0.001 -17"><span class='ocrx_word' id='word_1_316' title='bbox 2243 1877 2395 1931; x_wconf 75' lang='grc' dir='ltr'>οὐδὲν</span> <span class='ocrx_word' id='word_1_317' title='bbox 2426 1877 2748 1947; x_wconf 70' lang='grc' dir='ltr'><strong>προΐσταται</strong></span> <span class='ocrx_word' id='word_1_318' title='bbox 2774 1875 2851 1945; x_wconf 87' lang='grc' dir='ltr'>τῷ</span> <span class='ocrx_word' id='word_1_319' title='bbox 2876 1874 3191 1946; x_wconf 75' lang='grc' dir='ltr'>Εὖαγγελίῳ</span> <span class='ocrx_word' id='word_1_320' title='bbox 3210 1892 3224 1905; x_wconf 90' lang='grc'><strong>·</strong></span> <span class='ocrx_word' id='word_1_321' title='bbox 3255 1874 3384 1928; x_wconf 70' lang='grc' dir='ltr'>ἐπεὶ</span> <span class='ocrx_word' id='word_1_322' title='bbox 3410 1875 3835 1945; x_wconf 69' lang='grc' dir='ltr'><strong>μνημονεύεται</strong></span> 
     </span>
    </p>
   </div>
   <div class='ocr_carea' id='block_1_47' title="bbox 2245 1967 3834 2037">
    <p class='ocr_par' dir='ltr' id='par_1_47' title="bbox 2245 1967 3834 2037">
     <span class='ocr_line' id='line_1_47' title="bbox 2245 1967 3834 2037; baseline -0.003 -13"><span class='ocrx_word' id='word_1_323' title='bbox 2245 1972 2339 2024; x_wconf 74' lang='grc' dir='ltr'><strong>καὶ</strong></span> <span class='ocrx_word' id='word_1_324' title='bbox 2364 1968 2833 2028; x_wconf 72' lang='grc' dir='ltr'>Οὐαλεντινιανό;’</span> <span class='ocrx_word' id='word_1_325' title='bbox 2867 1967 2981 2021; x_wconf 83' lang='grc' dir='ltr'>ἀλλ’</span> <span class='ocrx_word' id='word_1_326' title='bbox 3010 1969 3072 2020; x_wconf 75' lang='grc' dir='ltr'><strong>οὐ</strong></span> <span class='ocrx_word' id='word_1_327' title='bbox 3118 1967 3261 2021; x_wconf 83' lang='grc' dir='ltr'><strong>κατὰ</strong></span> <span class='ocrx_word' id='word_1_328' title='bbox 3313 1967 3377 2020; x_wconf 82' lang='grc' dir='ltr'><strong>τὸ</strong></span> <span class='ocrx_word' id='word_1_329' title='bbox 3419 1967 3520 2020; x_wconf 86' lang='grc' dir='ltr'><strong>δύο</strong></span> <span class='ocrx_word' id='word_1_330' title='bbox 3548 1967 3695 2037; x_wconf 77' lang='grc' dir='ltr'>ὁμοῦ</span> <span class='ocrx_word' id='word_1_331' title='bbox 3729 1986 3834 2036; x_wconf 85' lang='grc' dir='ltr'>γυ-</span> 
     </span>
    </p>
   </div>
   <div class='ocr_carea' id='block_1_48' title="bbox 2245 2056 3831 2131">
    <p class='ocr_par' dir='ltr' id='par_1_48' title="bbox 2245 2056 3831 2131">
     <span class='ocr_line' id='line_1_48' title="bbox 2245 2056 3831 2131; baseline 0 -18"><span class='ocrx_word' id='word_1_332' title='bbox 2245 2062 2433 2122; x_wconf 83' lang='grc' dir='ltr'>ναῖκας</span> <span class='ocrx_word' id='word_1_333' title='bbox 2466 2061 2608 2129; x_wconf 77' lang='grc' dir='ltr'>ἔχειν</span> <span class='ocrx_word' id='word_1_334' title='bbox 2637 2060 2987 2131; x_wconf 78' lang='grc' dir='ltr'><strong>παρανόμως,</strong></span> <span class='ocrx_word' id='word_1_335' title='bbox 3028 2058 3161 2112; x_wconf 77' lang='grc' dir='ltr'>ἀλλὰ</span> <span class='ocrx_word' id='word_1_336' title='bbox 3205 2056 3347 2111; x_wconf 77' lang='grc' dir='ltr'>κατὰ</span> <span class='ocrx_word' id='word_1_337' title='bbox 3398 2057 3506 2129; x_wconf 76' lang='grc' dir='ltr'><strong>τὴν</strong></span> <span class='ocrx_word' id='word_1_338' title='bbox 3531 2059 3708 2129; x_wconf 77' lang='grc' dir='ltr'>ὀρθὴν</span> <span class='ocrx_word' id='word_1_339' title='bbox 3736 2059 3831 2112; x_wconf 76' lang='grc' dir='ltr'>πί·</span> 
     </span>
    </p>
   </div>
   <div class='ocr_carea' id='block_1_49' title="bbox 2247 2148 3832 2220">
    <p class='ocr_par' dir='ltr' id='par_1_49' title="bbox 2247 2148 3832 2220">
     <span class='ocr_line' id='line_1_49' title="bbox 2247 2148 3832 2220; baseline -0.003 -16"><span class='ocrx_word' id='word_1_340' title='bbox 2247 2169 2401 2204; x_wconf 87' lang='grc' dir='ltr'>στιν·</span> <span class='ocrx_word' id='word_1_341' title='bbox 2431 2154 2525 2205; x_wconf 78' lang='grc' dir='ltr'>καὶ</span> <span class='ocrx_word' id='word_1_342' title='bbox 2566 2151 2846 2220; x_wconf 74' lang='grc' dir='ltr'>Ἰοϐιανὸς,</span> <span class='ocrx_word' id='word_1_343' title='bbox 2895 2150 3009 2203; x_wconf 82' lang='grc' dir='ltr'>ἀλλ’</span> <span class='ocrx_word' id='word_1_344' title='bbox 3042 2151 3101 2202; x_wconf 81' lang='grc' dir='ltr'><strong>οὐ</strong></span> <span class='ocrx_word' id='word_1_345' title='bbox 3150 2148 3333 2213; x_wconf 87' lang='grc' dir='ltr'>καθὼς</span> <span class='ocrx_word' id='word_1_346' title='bbox 3387 2150 3697 2220; x_wconf 76' lang='grc' dir='ltr'>ἱστορεῖται</span> <span class='ocrx_word' id='word_1_347' title='bbox 3747 2150 3832 2202; x_wconf 81' lang='grc' dir='ltr'>ὅτι</span> 
     </span>
    </p>
   </div>
   <div class='ocr_carea' id='block_1_50' title="bbox 2244 2218 3832 2313">
    <p class='ocr_par' dir='ltr' id='par_1_50' title="bbox 2244 2218 3832 2313">
     <span class='ocr_line' id='line_1_50' title="bbox 2244 2218 3832 2313; baseline -0.003 -18"><span class='ocrx_word' id='word_1_348' title='bbox 2244 2241 2638 2313; x_wconf 73' lang='grc' dir='ltr'>ἀρῤενοςρθόρος</span> <span class='ocrx_word' id='word_1_349' title='bbox 2658 2236 2725 2310; x_wconf 77' lang='grc' dir='ltr'><strong>ἦν</strong></span> <span class='ocrx_word' id='word_1_350' title='bbox 2743 2257 2754 2267; x_wconf 90' lang='grc'><strong>·</strong></span> <span class='ocrx_word' id='word_1_351' title='bbox 2782 2218 2874 2293; x_wconf 58' lang='grc' dir='ltr'><strong>καὶ</strong></span> <span class='ocrx_word' id='word_1_352' title='bbox 2897 2239 3228 2310; x_wconf 71' lang='grc' dir='ltr'>Νικηφόρος,</span> <span class='ocrx_word' id='word_1_353' title='bbox 3248 2237 3366 2292; x_wconf 80' lang='grc' dir='ltr'>ἀλλ’</span> <span class='ocrx_word' id='word_1_354' title='bbox 3388 2238 3449 2291; x_wconf 78' lang='grc' dir='ltr'>οὗ</span> <span class='ocrx_word' id='word_1_355' title='bbox 3465 2218 3611 2292; x_wconf 76' lang='grc' dir='ltr'>καθὸ</span> <span class='ocrx_word' id='word_1_356' title='bbox 3636 2238 3832 2291; x_wconf 81' lang='grc' dir='ltr'>πλεον-</span> 
     </span>
    </p>
   </div>
   <div class='ocr_carea' id='block_1_51' title="bbox 2241 2330 3830 2403">
    <p class='ocr_par' dir='ltr' id='par_1_51' title="bbox 2241 2330 3830 2403">
     <span class='ocr_line' id='line_1_51' title="bbox 2241 2330 3830 2403; baseline -0.002 -17"><span class='ocrx_word' id='word_1_357' title='bbox 2241 2334 2424 2403; x_wconf 81' lang='grc' dir='ltr'>έκτης.</span> <span class='ocrx_word' id='word_1_358' title='bbox 2464 2333 2571 2386; x_wconf 81' lang='grc' dir='ltr'><strong>Καὶ</strong></span> <span class='ocrx_word' id='word_1_359' title='bbox 2601 2331 2791 2384; x_wconf 81' lang='grc' dir='ltr'>πολλοῦ</span> <span class='ocrx_word' id='word_1_360' title='bbox 2826 2333 2940 2383; x_wconf 78' lang='grc' dir='ltr'>ἐστι</span> <span class='ocrx_word' id='word_1_361' title='bbox 2968 2330 3145 2400; x_wconf 84' lang='grc' dir='ltr'>λέγειν</span> <span class='ocrx_word' id='word_1_362' title='bbox 3194 2331 3322 2401; x_wconf 80' lang='grc' dir='ltr'>περὶ</span> <span class='ocrx_word' id='word_1_363' title='bbox 3361 2330 3475 2383; x_wconf 85' lang='grc' dir='ltr'><strong>τῶν</strong></span> <span class='ocrx_word' id='word_1_364' title='bbox 3507 2331 3716 2395; x_wconf 77' lang='grc' dir='ltr'>ἄλλων,</span> <span class='ocrx_word' id='word_1_365' title='bbox 3742 2331 3830 2399; x_wconf 74' lang='grc' dir='ltr'>οἳ,</span> 
     </span>
    </p>
   </div>
   <div class='ocr_carea' id='block_1_52' title="bbox 2243 2421 3831 2495">
    <p class='ocr_par' dir='ltr' id='par_1_52' title="bbox 2243 2421 3831 2495">
     <span class='ocr_line' id='line_1_52' title="bbox 2243 2421 3831 2495; baseline -0.003 -16"><span class='ocrx_word' id='word_1_366' title='bbox 2243 2426 2344 2479; x_wconf 77' lang='grc' dir='ltr'>κᾶν</span> <span class='ocrx_word' id='word_1_367' title='bbox 2375 2427 2443 2479; x_wconf 74' lang='grc' dir='ltr'>τὰ</span> <span class='ocrx_word' id='word_1_368' title='bbox 2485 2425 2617 2479; x_wconf 81' lang='grc' dir='ltr'>ἄλλα</span> <span class='ocrx_word' id='word_1_369' title='bbox 2671 2424 3104 2495; x_wconf 79' lang='grc' dir='ltr'>διαόεὸλημένοι,</span> <span class='ocrx_word' id='word_1_370' title='bbox 3143 2423 3229 2477; x_wconf 73' lang='grc' dir='ltr'>διὰ</span> <span class='ocrx_word' id='word_1_371' title='bbox 3272 2423 3331 2475; x_wconf 83' lang='grc' dir='ltr'>δὲ</span> <span class='ocrx_word' id='word_1_372' title='bbox 3373 2421 3476 2493; x_wconf 78' lang='grc' dir='ltr'>τὴν</span> <span class='ocrx_word' id='word_1_373' title='bbox 3508 2424 3831 2493; x_wconf 78' lang='grc' dir='ltr'>ὀρθοδοξίαν</span> 
     </span>
    </p>
   </div>
   <div class='ocr_carea' id='block_1_53' title="bbox 2250 2502 3829 2591">
    <p class='ocr_par' dir='ltr' id='par_1_53' title="bbox 2250 2502 3829 2591">
     <span class='ocr_line' id='line_1_53' title="bbox 2250 2502 3829 2591; baseline -0.001 -20"><span class='ocrx_word' id='word_1_374' title='bbox 2250 2519 2407 2589; x_wconf 81' lang='grc' dir='ltr'>μόνον</span> <span class='ocrx_word' id='word_1_375' title='bbox 2436 2521 2655 2591; x_wconf 81' lang='grc' dir='ltr'>μνήμης</span> <span class='ocrx_word' id='word_1_376' title='bbox 2676 2520 2865 2589; x_wconf 81' lang='grc' dir='ltr'>ἔτυχον</span> <span class='ocrx_word' id='word_1_377' title='bbox 2901 2502 3380 2587; x_wconf 71' lang='grc' dir='ltr'>ἐκκλησιαπικῆς.</span> <span class='ocrx_word' id='word_1_378' title='bbox 3415 2515 3613 2569; x_wconf 79' lang='grc' dir='ltr'>Ταῦτα</span> <span class='ocrx_word' id='word_1_379' title='bbox 3650 2517 3829 2586; x_wconf 71' lang='grc' dir='ltr'>ἐχέτω</span> 
     </span>
    </p>
   </div>
   <div class='ocr_carea' id='block_1_54' title="bbox 2248 2604 3830 2677">
    <p class='ocr_par' dir='ltr' id='par_1_54' title="bbox 2248 2604 3830 2677">
     <span class='ocr_line' id='line_1_54' title="bbox 2248 2604 3830 2677; baseline -0.004 -12"><span class='ocrx_word' id='word_1_380' title='bbox 2248 2604 2370 2665; x_wconf 80' lang='grc' dir='ltr'><strong>ὧδε.</strong></span> <span class='ocrx_word' id='word_1_381' title='bbox 2412 2612 2579 2674; x_wconf 79' lang='grc' dir='ltr'>Αὐτὸς</span> <span class='ocrx_word' id='word_1_382' title='bbox 2619 2611 2697 2676; x_wconf 80' lang='grc' dir='ltr'><strong>δὲ,</strong></span> <span class='ocrx_word' id='word_1_383' title='bbox 2743 2612 3006 2671; x_wconf 82' lang='grc' dir='ltr'>Δέσποτα.</span> <span class='ocrx_word' id='word_1_384' title='bbox 3056 2610 3253 2677; x_wconf 77' lang='grc' dir='ltr'>κάτεχε</span> <span class='ocrx_word' id='word_1_385' title='bbox 3290 2606 3557 2676; x_wconf 75' lang='grc' dir='ltr'>ἀσφαλῶς</span> <span class='ocrx_word' id='word_1_386' title='bbox 3598 2608 3665 2661; x_wconf 80' lang='grc' dir='ltr'><strong>τὸ</strong></span> <span class='ocrx_word' id='word_1_387' title='bbox 3695 2608 3830 2676; x_wconf 81' lang='grc' dir='ltr'>σύγ-</span> 
     </span>
    </p>
   </div>
   <div class='ocr_carea' id='block_1_55' title="bbox 2251 2698 3827 2773">
    <p class='ocr_par' dir='ltr' id='par_1_55' title="bbox 2251 2698 3827 2773">
     <span class='ocr_line' id='line_1_55' title="bbox 2251 2698 3827 2773; baseline -0.001 -20"><span class='ocrx_word' id='word_1_388' title='bbox 2251 2718 2482 2772; x_wconf 86' lang='grc' dir='ltr'>γραμμα</span> <span class='ocrx_word' id='word_1_389' title='bbox 2505 2716 2519 2729; x_wconf 87' lang='grc'><strong>·</strong></span> <span class='ocrx_word' id='word_1_390' title='bbox 2555 2701 2630 2772; x_wconf 78' lang='grc' dir='ltr'>μὴ</span> <span class='ocrx_word' id='word_1_391' title='bbox 2656 2702 2884 2773; x_wconf 77' lang='grc' dir='ltr'>ἔκφορον</span> <span class='ocrx_word' id='word_1_392' title='bbox 2914 2700 3044 2753; x_wconf 81' lang='grc' dir='ltr'>αὐτὸ</span> <span class='ocrx_word' id='word_1_393' title='bbox 3082 2699 3250 2753; x_wconf 82' lang='grc' dir='ltr'>ποιῶν</span> <span class='ocrx_word' id='word_1_394' title='bbox 3269 2738 3288 2765; x_wconf 91' lang='grc'><strong>,</strong></span> <span class='ocrx_word' id='word_1_395' title='bbox 3321 2698 3515 2770; x_wconf 76' lang='grc' dir='ltr'>ἐπειδὴ</span> <span class='ocrx_word' id='word_1_396' title='bbox 3552 2699 3827 2762; x_wconf 76' lang='grc' dir='ltr'>κίνδυνος,</span> 
     </span>
    </p>
   </div>
   <div class='ocr_carea' id='block_1_56' title="bbox 2247 2790 3827 2866">
    <p class='ocr_par' dir='ltr' id='par_1_56' title="bbox 2247 2790 3827 2866">
     <span class='ocr_line' id='line_1_56' title="bbox 2247 2790 3827 2866; baseline -0.002 -20"><span class='ocrx_word' id='word_1_397' title='bbox 2247 2794 2389 2847; x_wconf 78' lang='grc' dir='ltr'>καθὰ</span> <span class='ocrx_word' id='word_1_398' title='bbox 2419 2794 2709 2862; x_wconf 81' lang='grc' dir='ltr'>ἀναγγελεῖ</span> <span class='ocrx_word' id='word_1_399' title='bbox 2729 2796 2759 2847; x_wconf 92' lang='lat'><strong>6</strong></span> <span class='ocrx_word' id='word_1_400' title='bbox 2790 2793 3283 2866; x_wconf 73' lang='grc' dir='ltr'>γραμματηφόρος.</span> <span class='ocrx_word' id='word_1_401' title='bbox 3328 2790 3389 2846; x_wconf 87' lang='grc'><strong>’0</strong></span> <span class='ocrx_word' id='word_1_402' title='bbox 3430 2791 3652 2864; x_wconf 78' lang='grc' dir='ltr'>Κύριος</span> <span class='ocrx_word' id='word_1_403' title='bbox 3683 2791 3827 2860; x_wconf 79' lang='grc' dir='ltr'><strong>μετὰ</strong></span> 
     </span>
    </p>
   </div>
   <div class='ocr_carea' id='block_1_57' title="bbox 2248 2884 3117 2957">
    <p class='ocr_par' dir='ltr' id='par_1_57' title="bbox 2248 2884 3117 2957">
     <span class='ocr_line' id='line_1_57' title="bbox 2248 2884 3117 2957; baseline 0.001 -20"><span class='ocrx_word' id='word_1_404' title='bbox 2248 2884 2341 2937; x_wconf 77' lang='grc' dir='ltr'>τοῦ</span> <span class='ocrx_word' id='word_1_405' title='bbox 2367 2885 2677 2957; x_wconf 75' lang='grc' dir='ltr'>πνεύματος</span> <span class='ocrx_word' id='word_1_406' title='bbox 2707 2886 2879 2956; x_wconf 84' lang='grc' dir='ltr'>ὑμῶν.</span> <span class='ocrx_word' id='word_1_407' title='bbox 2924 2886 3117 2955; x_wconf 83' lang='grc' dir='ltr'><strong>Ἀμήν.</strong></span> 
     </span>
    </p>
   </div>
   <div class='ocr_carea' id='block_1_58' title="bbox 574 2957 3825 3049">
    <p class='ocr_par' dir='ltr' id='par_1_58' title="bbox 574 2957 3825 3049">
     <span class='ocr_line' id='line_1_58' title="bbox 574 2957 3825 3049; baseline 0.006 -39"><span class='ocrx_word' id='word_1_408' title='bbox 574 2957 717 3013; x_wconf 86' lang='lat' dir='ltr'><strong>hanc</strong></span> <span class='ocrx_word' id='word_1_409' title='bbox 779 2962 1062 3030; x_wconf 86' lang='lat' dir='ltr'><strong>epistolam</strong></span> <span class='ocrx_word' id='word_1_410' title='bbox 1131 2982 1285 3021; x_wconf 84' lang='lat' dir='ltr'><strong>serva</strong></span> <span class='ocrx_word' id='word_1_411' title='bbox 1321 2968 1532 3035; x_wconf 87' lang='lat' dir='ltr'><strong>sedulo,</strong></span> <span class='ocrx_word' id='word_1_412' title='bbox 1565 2985 1663 3025; x_wconf 87' lang='lat' dir='ltr'><strong>nec</strong></span> <span class='ocrx_word' id='word_1_413' title='bbox 1698 2975 2003 3044; x_wconf 79' lang='lat' dir='ltr'><strong>pervulgari</strong></span> <span class='ocrx_word' id='word_1_414' title='bbox 2030 2976 2215 3031; x_wconf 88' lang='lat' dir='ltr'><strong>sinas:</strong></span> <span class='ocrx_word' id='word_1_415' title='bbox 2256 2994 2365 3033; x_wconf 86' lang='lat' dir='ltr'><strong>non</strong></span> <span class='ocrx_word' id='word_1_416' title='bbox 2421 2980 2566 3034; x_wconf 90' lang='lat' dir='ltr'><strong>enim</strong></span> <span class='ocrx_word' id='word_1_417' title='bbox 2616 2994 2706 3035; x_wconf 84' lang='lat' dir='ltr'><strong>res</strong></span> <span class='ocrx_word' id='word_1_418' title='bbox 2759 2980 2999 3049; x_wconf 89' lang='lat' dir='ltr'><strong>periculo</strong></span> <span class='ocrx_word' id='word_1_419' title='bbox 3056 2988 3234 3044; x_wconf 83' lang='lat' dir='ltr'><strong>vacat,</strong></span> <span class='ocrx_word' id='word_1_420' title='bbox 3295 2978 3437 3033; x_wconf 87' lang='lat' dir='ltr'><strong>sicut</strong></span> <span class='ocrx_word' id='word_1_421' title='bbox 3501 2975 3825 3030; x_wconf 72' lang='lat' dir='ltr'><strong>tabellarius</strong></span> 
     </span>
    </p>
   </div>
   <div class='ocr_carea' id='block_1_59' title="bbox 573 3054 2178 3131">
    <p class='ocr_par' dir='ltr' id='par_1_59' title="bbox 573 3054 2178 3131">
     <span class='ocr_line' id='line_1_59' title="bbox 573 3054 2178 3131; baseline 0.011 -27"><span class='ocrx_word' id='word_1_422' title='bbox 573 3054 873 3109; x_wconf 86' lang='lat' dir='ltr'><strong>renuntiat.</strong></span> <span class='ocrx_word' id='word_1_423' title='bbox 936 3055 1200 3113; x_wconf 90' lang='lat' dir='ltr'><strong>Dominus</strong></span> <span class='ocrx_word' id='word_1_424' title='bbox 1262 3075 1383 3113; x_wconf 90' lang='lat' dir='ltr'><strong>cum</strong></span> <span class='ocrx_word' id='word_1_425' title='bbox 1476 3063 1668 3131; x_wconf 90' lang='lat' dir='ltr'><strong>spiritu</strong></span> <span class='ocrx_word' id='word_1_426' title='bbox 1728 3075 1927 3120; x_wconf 85' lang='lat' dir='ltr'><strong>vestro.</strong></span> <span class='ocrx_word' id='word_1_427' title='bbox 1986 3067 2178 3123; x_wconf 88' lang='lat' dir='ltr'><strong>Amen.</strong></span> 
     </span>
    </p>
   </div>
   <div class='ocr_carea' id='block_1_60' title="bbox 2164 3183 3819 3259">
    <p class='ocr_par' dir='ltr' id='par_1_60' title="bbox 2164 3183 3819 3259">
     <span class='ocr_line' id='line_1_60' title="bbox 2164 3183 3819 3259; baseline 0.001 -21"><span class='ocrx_word' id='word_1_428' title='bbox 2164 3185 2209 3246; x_wconf 87' lang='lat' dir='ltr'>C</span> <span class='ocrx_word' id='word_1_429' title='bbox 2243 3186 2363 3239; x_wconf 87' lang='grc' dir='ltr'><strong>ΣΙΘ¹</strong></span> <span class='ocrx_word' id='word_1_430' title='bbox 2387 3187 2520 3256; x_wconf 74' lang='grc'><strong>(15).</strong></span> <span class='ocrx_word' id='word_1_431' title='bbox 2550 3214 2619 3227; x_wconf 86' lang='lat'><strong>-—-</strong></span> <span class='ocrx_word' id='word_1_432' title='bbox 2645 3185 2864 3251; x_wconf 81' lang='grc' dir='ltr'>Λύσεις</span> <span class='ocrx_word' id='word_1_433' title='bbox 2891 3183 3186 3253; x_wconf 71' lang='grc' dir='ltr'>διαφόρων</span> <span class='ocrx_word' id='word_1_434' title='bbox 3212 3187 3576 3251; x_wconf 70' lang='grc' dir='ltr'>κεφαλαίων.</span> <span class='ocrx_word' id='word_1_435' title='bbox 3612 3186 3819 3259; x_wconf 56' lang='grc' dir='ltr'>[ωμθπ]</span> 
     </span>
    </p>
   </div>
   <div class='ocr_carea' id='block_1_61' title="bbox 714 3175 2001 3251">
    <p class='ocr_par' dir='ltr' id='par_1_61' title="bbox 714 3175 2001 3251">
     <span class='ocr_line' id='line_1_61' title="bbox 714 3175 2001 3251; baseline 0.006 -20"><span class='ocrx_word' id='word_1_436' title='bbox 714 3175 944 3233; x_wconf 76' lang='lat' dir='ltr'><strong>CCXIX.</strong></span> <span class='ocrx_word' id='word_1_437' title='bbox 968 3209 1039 3219; x_wconf 90' lang='lat'><strong><em>—</em></strong></span> <span class='ocrx_word' id='word_1_438' title='bbox 1069 3177 1371 3235; x_wconf 82' lang='lat' dir='ltr'><strong>Solutiones</strong></span> <span class='ocrx_word' id='word_1_439' title='bbox 1396 3182 1723 3237; x_wconf 81' lang='lat' dir='ltr'><strong>diversorum</strong></span> <span class='ocrx_word' id='word_1_440' title='bbox 1749 3186 2001 3251; x_wconf 84' lang='lat' dir='ltr'><strong>capitum.</strong></span> 
     </span>
    </p>
   </div>
   <div class='ocr_carea' id='block_1_62' title="bbox 646 3283 2143 3364">
    <p class='ocr_par' dir='ltr' id='par_1_62' title="bbox 646 3283 2143 3364">
     <span class='ocr_line' id='line_1_62' title="bbox 646 3283 2143 3364; baseline 0.009 -24"><span class='ocrx_word' id='word_1_441' title='bbox 646 3283 1006 3359; x_wconf 78' lang='lat' dir='ltr'><strong>Interrogatio</strong></span> <span class='ocrx_word' id='word_1_442' title='bbox 1036 3288 1082 3343; x_wconf 89' lang='lat' dir='ltr'><strong>l.</strong></span> <span class='ocrx_word' id='word_1_443' title='bbox 1113 3320 1187 3329; x_wconf 89' lang='lat'><strong>—</strong></span> <span class='ocrx_word' id='word_1_444' title='bbox 1216 3290 1292 3346; x_wconf 93' lang='lat' dir='ltr'><strong>De</strong></span> <span class='ocrx_word' id='word_1_445' title='bbox 1324 3294 1665 3364; x_wconf 88' lang='lat' dir='ltr'><strong>presbytero,</strong></span> <span class='ocrx_word' id='word_1_446' title='bbox 1698 3306 1753 3350; x_wconf 85' lang='lat' dir='ltr'><strong>et</strong></span> <span class='ocrx_word' id='word_1_447' title='bbox 1792 3297 2045 3363; x_wconf 87' lang='lat' dir='ltr'><strong>diacono,</strong></span> <span class='ocrx_word' id='word_1_448' title='bbox 2087 3308 2143 3353; x_wconf 89' lang='lat' dir='ltr'><strong>et</strong></span> 
     </span>
    </p>
   </div>
   <div class='ocr_carea' id='block_1_63' title="bbox 573 3379 2141 3454">
    <p class='ocr_par' dir='ltr' id='par_1_63' title="bbox 573 3379 2141 3454">
     <span class='ocr_line' id='line_1_63' title="bbox 573 3379 2141 3454; baseline 0.008 -21"><span class='ocrx_word' id='word_1_449' title='bbox 573 3379 801 3448; x_wconf 89' lang='lat' dir='ltr'><strong>lectore,</strong></span> <span class='ocrx_word' id='word_1_450' title='bbox 835 3384 928 3452; x_wconf 88' lang='lat' dir='ltr'><strong>qui</strong></span> <span class='ocrx_word' id='word_1_451' title='bbox 964 3399 1085 3438; x_wconf 91' lang='lat' dir='ltr'><strong>cum</strong></span> <span class='ocrx_word' id='word_1_452' title='bbox 1111 3395 1261 3440; x_wconf 90' lang='lat' dir='ltr'><strong>recta</strong></span> <span class='ocrx_word' id='word_1_453' title='bbox 1293 3387 1396 3441; x_wconf 89' lang='lat' dir='ltr'><strong>tide</strong></span> <span class='ocrx_word' id='word_1_454' title='bbox 1431 3398 1635 3454; x_wconf 87' lang='lat' dir='ltr'><strong>essent,</strong></span> <span class='ocrx_word' id='word_1_455' title='bbox 1660 3390 1928 3445; x_wconf 59' lang='lat' dir='ltr'><strong>haereticis</strong></span> <span class='ocrx_word' id='word_1_456' title='bbox 1959 3399 2141 3446; x_wconf 90' lang='lat' dir='ltr'><strong>tamen</strong></span> 
     </span>
    </p>
   </div>
   <div class='ocr_carea' id='block_1_64' title="bbox 574 3474 2143 3553">
    <p class='ocr_par' dir='ltr' id='par_1_64' title="bbox 574 3474 2143 3553">
     <span class='ocr_line' id='line_1_64' title="bbox 574 3474 2143 3553; baseline 0.008 -28"><span class='ocrx_word' id='word_1_457' title='bbox 574 3474 1051 3530; x_wconf 90' lang='lat' dir='ltr'><strong>communicarnnt</strong></span> <span class='ocrx_word' id='word_1_458' title='bbox 1101 3493 1163 3531; x_wconf 81' lang='lat' dir='ltr'><strong>ex</strong></span> <span class='ocrx_word' id='word_1_459' title='bbox 1220 3477 1461 3533; x_wconf 88' lang='lat' dir='ltr'><strong>humano</strong></span> <span class='ocrx_word' id='word_1_460' title='bbox 1514 3490 1664 3535; x_wconf 88' lang='lat' dir='ltr'><strong>metu</strong></span> <span class='ocrx_word' id='word_1_461' title='bbox 1717 3497 1840 3536; x_wconf 89' lang='lat' dir='ltr'><strong>:an</strong></span> <span class='ocrx_word' id='word_1_462' title='bbox 1896 3493 2143 3553; x_wconf 85' lang='lat' dir='ltr'><strong>oporteat</strong></span> 
     </span>
    </p>
   </div>
   <div class='ocr_carea' id='block_1_65' title="bbox 573 3566 2141 3646">
    <p class='ocr_par' dir='ltr' id='par_1_65' title="bbox 573 3566 2141 3646">
     <span class='ocr_line' id='line_1_65' title="bbox 573 3566 2141 3646; baseline 0.01 -29"><span class='ocrx_word' id='word_1_463' title='bbox 573 3580 673 3634; x_wconf 87' lang='lat' dir='ltr'><strong>pro</strong></span> <span class='ocrx_word' id='word_1_464' title='bbox 707 3566 843 3635; x_wconf 90' lang='lat' dir='ltr'><strong>ipsis</strong></span> <span class='ocrx_word' id='word_1_465' title='bbox 890 3568 1222 3623; x_wconf 88' lang='lat' dir='ltr'><strong>oblationem</strong></span> <span class='ocrx_word' id='word_1_466' title='bbox 1256 3572 1460 3639; x_wconf 79' lang='lat' dir='ltr'><strong>facere,</strong></span> <span class='ocrx_word' id='word_1_467' title='bbox 1503 3581 1600 3629; x_wconf 87' lang='lat' dir='ltr'><strong>aut</strong></span> <span class='ocrx_word' id='word_1_468' title='bbox 1631 3575 1999 3646; x_wconf 80' lang='lat' dir='ltr'><strong>pervigilium,</strong></span> <span class='ocrx_word' id='word_1_469' title='bbox 2044 3586 2141 3632; x_wconf 88' lang='lat' dir='ltr'><strong>aut</strong></span> 
     </span>
    </p>
   </div>
   <div class='ocr_carea' id='block_1_66' title="bbox 575 3660 967 3725">
    <p class='ocr_par' dir='ltr' id='par_1_66' title="bbox 575 3660 967 3725">
     <span class='ocr_line' id='line_1_66' title="bbox 575 3660 967 3725; baseline 0.01 -16"><span class='ocrx_word' id='word_1_470' title='bbox 575 3660 942 3725; x_wconf 88' lang='lat' dir='ltr'><strong>precationem</strong></span> <span class='ocrx_word' id='word_1_471' title='bbox 954 3700 967 3712; x_wconf 92' lang='lat'><strong>.</strong></span> 
     </span>
    </p>
   </div>
   <div class='ocr_carea' id='block_1_67' title="bbox 646 3748 2137 3827">
    <p class='ocr_par' dir='ltr' id='par_1_67' title="bbox 646 3748 2137 3827">
     <span class='ocr_line' id='line_1_67' title="bbox 646 3748 2137 3827; baseline 0.011 -25"><span class='ocrx_word' id='word_1_472' title='bbox 646 3748 947 3819; x_wconf 76' lang='lat' dir='ltr'><strong>Responsio.</strong></span> <span class='ocrx_word' id='word_1_473' title='bbox 976 3783 1050 3795; x_wconf 82' lang='lat'><strong>-—</strong></span> <span class='ocrx_word' id='word_1_474' title='bbox 1075 3755 1131 3809; x_wconf 92' lang='lat' dir='ltr'><strong>Si</strong></span> <span class='ocrx_word' id='word_1_475' title='bbox 1154 3772 1331 3827; x_wconf 87' lang='lat' dir='ltr'><strong>usque</strong></span> <span class='ocrx_word' id='word_1_476' title='bbox 1355 3759 1421 3813; x_wconf 92' lang='lat' dir='ltr'><strong>ad</strong></span> <span class='ocrx_word' id='word_1_477' title='bbox 1454 3759 1663 3815; x_wconf 90' lang='lat' dir='ltr'><strong>obitum</strong></span> <span class='ocrx_word' id='word_1_478' title='bbox 1694 3761 1963 3816; x_wconf 67' lang='lat' dir='ltr'><strong>haereticis</strong></span> <span class='ocrx_word' id='word_1_479' title='bbox 1986 3777 2137 3817; x_wconf 93' lang='lat' dir='ltr'><strong>com-</strong></span> 
     </span>
    </p>
   </div>
   <div class='ocr_carea' id='block_1_68' title="bbox 576 3842 2136 3920">
    <p class='ocr_par' dir='ltr' id='par_1_68' title="bbox 576 3842 2136 3920">
     <span class='ocr_line' id='line_1_68' title="bbox 576 3842 2136 3920; baseline 0.01 -28"><span class='ocrx_word' id='word_1_480' title='bbox 576 3842 919 3898; x_wconf 88' lang='lat' dir='ltr'><strong>municantes</strong></span> <span class='ocrx_word' id='word_1_481' title='bbox 949 3850 1367 3914; x_wconf 84' lang='lat' dir='ltr'><strong>perseverarint,</strong></span> <span class='ocrx_word' id='word_1_482' title='bbox 1405 3865 1771 3920; x_wconf 87' lang='lat' dir='ltr'><strong>nequaquam.</strong></span> <span class='ocrx_word' id='word_1_483' title='bbox 1816 3851 1911 3905; x_wconf 91' lang='lat' dir='ltr'><strong>Sin</strong></span> <span class='ocrx_word' id='word_1_484' title='bbox 1954 3862 2136 3907; x_wconf 88' lang='lat' dir='ltr'><strong>autem</strong></span> 
     </span>
    </p>
   </div>
   <div class='ocr_carea' id='block_1_69' title="bbox 577 3931 2139 4006">
    <p class='ocr_par' dir='ltr' id='par_1_69' title="bbox 577 3931 2139 4006">
     <span class='ocr_line' id='line_1_69' title="bbox 577 3931 2139 4006; baseline 0.011 -23"><span class='ocrx_word' id='word_1_485' title='bbox 577 3931 631 3984; x_wconf 88' lang='lat' dir='ltr'><strong>in</strong></span> <span class='ocrx_word' id='word_1_486' title='bbox 659 3934 827 3997; x_wconf 86' lang='lat' dir='ltr'><strong>exitu,</strong></span> <span class='ocrx_word' id='word_1_487' title='bbox 860 3945 911 3988; x_wconf 89' lang='lat' dir='ltr'><strong>et</strong></span> <span class='ocrx_word' id='word_1_488' title='bbox 945 3937 1309 4006; x_wconf 90' lang='lat' dir='ltr'><strong>resipuerunt,</strong></span> <span class='ocrx_word' id='word_1_489' title='bbox 1342 3950 1397 3995; x_wconf 90' lang='lat' dir='ltr'><strong>et</strong></span> <span class='ocrx_word' id='word_1_490' title='bbox 1426 3941 1662 3997; x_wconf 81' lang='lat' dir='ltr'><strong>confessi</strong></span> <span class='ocrx_word' id='word_1_491' title='bbox 1691 3951 1823 3997; x_wconf 89' lang='lat' dir='ltr'><strong>sunt</strong></span> <span class='ocrx_word' id='word_1_492' title='bbox 1854 3959 1913 3998; x_wconf 91' lang='lat' dir='ltr'><strong>se</strong></span> <span class='ocrx_word' id='word_1_493' title='bbox 1944 3944 2139 4000; x_wconf 88' lang='lat' dir='ltr'><strong>timore</strong></span> 
     </span>
    </p>
   </div>
   <div class='ocr_carea' id='block_1_70' title="bbox 575 4024 2137 4103">
    <p class='ocr_par' dir='ltr' id='par_1_70' title="bbox 575 4024 2137 4103">
     <span class='ocr_line' id='line_1_70' title="bbox 575 4024 2137 4103; baseline 0.01 -27"><span class='ocrx_word' id='word_1_494' title='bbox 575 4024 769 4087; x_wconf 83' lang='lat' dir='ltr'><strong>victos,</strong></span> <span class='ocrx_word' id='word_1_495' title='bbox 812 4041 877 4080; x_wconf 90' lang='lat' dir='ltr'><strong>ac</strong></span> <span class='ocrx_word' id='word_1_496' title='bbox 917 4030 1098 4089; x_wconf 90' lang='lat' dir='ltr'><strong>tertio,</strong></span> <span class='ocrx_word' id='word_1_497' title='bbox 1143 4032 1185 4085; x_wconf 86' lang='lat' dir='ltr'><strong>si</strong></span> <span class='ocrx_word' id='word_1_498' title='bbox 1221 4048 1376 4087; x_wconf 90' lang='lat' dir='ltr'><strong>sacra</strong></span> <span class='ocrx_word' id='word_1_499' title='bbox 1418 4035 1678 4103; x_wconf 88' lang='lat' dir='ltr'><strong>mysteria</strong></span> <span class='ocrx_word' id='word_1_500' title='bbox 1709 4037 1777 4089; x_wconf 89' lang='lat' dir='ltr'><strong>ab</strong></span> <span class='ocrx_word' id='word_1_501' title='bbox 1815 4036 2137 4093; x_wconf 80' lang='lat' dir='ltr'><strong>orthodoxis</strong></span> 
     </span>
    </p>
   </div>
   <div class='ocr_carea' id='block_1_71' title="bbox 574 4122 2140 4200">
    <p class='ocr_par' dir='ltr' id='par_1_71' title="bbox 574 4122 2140 4200">
     <span class='ocr_line' id='line_1_71' title="bbox 574 4122 2140 4200; baseline 0.01 -30"><span class='ocrx_word' id='word_1_502' title='bbox 574 4128 956 4187; x_wconf 88' lang='lat' dir='ltr'><strong>perceperunt,</strong></span> <span class='ocrx_word' id='word_1_503' title='bbox 988 4122 1375 4193; x_wconf 78' lang='lat' dir='ltr'><strong>indulgendum</strong></span> <span class='ocrx_word' id='word_1_504' title='bbox 1404 4136 1463 4179; x_wconf 92' lang='lat' dir='ltr'><strong>ut</strong></span> <span class='ocrx_word' id='word_1_505' title='bbox 1493 4127 1748 4196; x_wconf 90' lang='lat' dir='ltr'><strong>proipsis</strong></span> <span class='ocrx_word' id='word_1_506' title='bbox 1772 4129 1905 4184; x_wconf 80' lang='lat' dir='ltr'><strong>ﬁant</strong></span> <span class='ocrx_word' id='word_1_507' title='bbox 1929 4145 1991 4184; x_wconf 89' lang='lat' dir='ltr'><strong>ea</strong></span> <span class='ocrx_word' id='word_1_508' title='bbox 2017 4146 2140 4200; x_wconf 71' lang='lat' dir='ltr'><strong>quae</strong></span> 
     </span>
    </p>
   </div>
   <div class='ocr_carea' id='block_1_72' title="bbox 575 4210 1376 4278">
    <p class='ocr_par' dir='ltr' id='par_1_72' title="bbox 575 4210 1376 4278">
     <span class='ocr_line' id='line_1_72' title="bbox 575 4210 1376 4278; baseline 0.016 -18"><span class='ocrx_word' id='word_1_509' title='bbox 575 4210 727 4278; x_wconf 88' lang='lat' dir='ltr'><strong>prius</strong></span> <span class='ocrx_word' id='word_1_510' title='bbox 758 4226 1189 4269; x_wconf 86' lang='lat' dir='ltr'><strong>commemorata</strong></span> <span class='ocrx_word' id='word_1_511' title='bbox 1230 4226 1376 4272; x_wconf 84' lang='lat' dir='ltr'><strong>sunt.</strong></span> 
     </span>
    </p>
   </div>
   <div class='ocr_carea' id='block_1_73' title="bbox 647 4297 2138 4371">
    <p class='ocr_par' dir='ltr' id='par_1_73' title="bbox 647 4297 2138 4371">
     <span class='ocr_line' id='line_1_73' title="bbox 647 4297 2138 4371; baseline 0.013 -20"><span class='ocrx_word' id='word_1_512' title='bbox 647 4297 1004 4371; x_wconf 82' lang='lat' dir='ltr'><strong>Interrogatio</strong></span> <span class='ocrx_word' id='word_1_513' title='bbox 1040 4305 1104 4361; x_wconf 93' lang='lat' dir='ltr'><strong>ll.</strong></span> <span class='ocrx_word' id='word_1_514' title='bbox 1141 4336 1211 4347; x_wconf 90' lang='lat'><em>—</em></span> <span class='ocrx_word' id='word_1_515' title='bbox 1250 4307 1325 4365; x_wconf 87' lang='lat' dir='ltr'><strong>De</strong></span> <span class='ocrx_word' id='word_1_516' title='bbox 1367 4312 1653 4366; x_wconf 89' lang='lat' dir='ltr'><strong>monachis</strong></span> <span class='ocrx_word' id='word_1_517' title='bbox 1709 4321 1763 4367; x_wconf 88' lang='lat' dir='ltr'><strong>et</strong></span> <span class='ocrx_word' id='word_1_518' title='bbox 1810 4313 2138 4370; x_wconf 91' lang='lat' dir='ltr'><strong>monialibus</strong></span> 
     </span>
    </p>
   </div>
   <div class='ocr_carea' id='block_1_74' title="bbox 576 4389 2133 4461">
    <p class='ocr_par' dir='ltr' id='par_1_74' title="bbox 576 4389 2133 4461">
     <span class='ocr_line' id='line_1_74' title="bbox 576 4389 2133 4461; baseline 0.013 -20"><span class='ocrx_word' id='word_1_519' title='bbox 576 4389 668 4458; x_wconf 91' lang='lat' dir='ltr'><strong>qui</strong></span> <span class='ocrx_word' id='word_1_520' title='bbox 714 4391 964 4449; x_wconf 89' lang='lat' dir='ltr'><strong>similiter</strong></span> <span class='ocrx_word' id='word_1_521' title='bbox 1002 4396 1056 4451; x_wconf 90' lang='lat' dir='ltr'><strong>in</strong></span> <span class='ocrx_word' id='word_1_522' title='bbox 1107 4402 1494 4458; x_wconf 91' lang='lat' dir='ltr'><strong>communione</strong></span> <span class='ocrx_word' id='word_1_523' title='bbox 1536 4404 1916 4460; x_wconf 68' lang='lat' dir='ltr'><strong>haereticorum</strong></span> <span class='ocrx_word' id='word_1_524' title='bbox 1965 4421 1995 4461; x_wconf 90' lang='lat' dir='ltr'><strong>e</strong></span> <span class='ocrx_word' id='word_1_525' title='bbox 2029 4408 2133 4461; x_wconf 86' lang='lat' dir='ltr'><strong>vita</strong></span> 
     </span>
    </p>
   </div>
   <div class='ocr_carea' id='block_1_75' title="bbox 2329 3293 3819 3365">
    <p class='ocr_par' dir='ltr' id='par_1_75' title="bbox 2329 3293 3819 3365">
     <span class='ocr_line' id='line_1_75' title="bbox 2329 3293 3819 3365; baseline 0 -16"><span class='ocrx_word' id='word_1_526' title='bbox 2329 3293 2648 3362; x_wconf 82' lang='grc' dir='ltr'>Ἐρώτησις</span> <span class='ocrx_word' id='word_1_527' title='bbox 2686 3296 2765 3348; x_wconf 83' lang='lat' dir='ltr'><strong>A&#39;.</strong></span> <span class='ocrx_word' id='word_1_528' title='bbox 2798 3324 2869 3334; x_wconf 98' lang='lat'><strong>—</strong></span> <span class='ocrx_word' id='word_1_529' title='bbox 2888 3294 3023 3365; x_wconf 82' lang='grc' dir='ltr'>Περὶ</span> <span class='ocrx_word' id='word_1_530' title='bbox 3053 3294 3447 3365; x_wconf 74' lang='grc' dir='ltr'>πρεσϐυτέρου,</span> <span class='ocrx_word' id='word_1_531' title='bbox 3478 3295 3732 3348; x_wconf 76' lang='grc' dir='ltr'><strong>διακόνου</strong></span> <span class='ocrx_word' id='word_1_532' title='bbox 3760 3312 3819 3349; x_wconf 78' lang='grc' dir='ltr'><strong>τε</strong></span> 
     </span>
    </p>
   </div>
   <div class='ocr_carea' id='block_1_76' title="bbox 2247 3381 3821 3454">
    <p class='ocr_par' dir='ltr' id='par_1_76' title="bbox 2247 3381 3821 3454">
     <span class='ocr_line' id='line_1_76' title="bbox 2247 3381 3821 3454; baseline -0.004 -15"><span class='ocrx_word' id='word_1_533' title='bbox 2247 3386 2338 3439; x_wconf 71' lang='grc' dir='ltr'>καὶ</span> <span class='ocrx_word' id='word_1_534' title='bbox 2358 3385 2699 3453; x_wconf 81' lang='grc' dir='ltr'>ἀναγνώστου</span> <span class='ocrx_word' id='word_1_535' title='bbox 2724 3384 3031 3453; x_wconf 80' lang='grc' dir='ltr'>ἐσχηκότων</span> <span class='ocrx_word' id='word_1_536' title='bbox 3060 3384 3311 3454; x_wconf 84' lang='grc' dir='ltr'>φρόνημα</span> <span class='ocrx_word' id='word_1_537' title='bbox 3347 3381 3531 3451; x_wconf 71' lang='grc' dir='ltr'>ὀρθδν,</span> <span class='ocrx_word' id='word_1_538' title='bbox 3580 3384 3699 3440; x_wconf 77' lang='grc' dir='ltr'>τοῖς</span> <span class='ocrx_word' id='word_1_539' title='bbox 3738 3382 3821 3434; x_wconf 77' lang='grc' dir='ltr'><strong>αἱ·</strong></span> 
     </span>
    </p>
   </div>
   <div class='ocr_carea' id='block_1_77' title="bbox 2250 3472 3817 3547">
    <p class='ocr_par' dir='ltr' id='par_1_77' title="bbox 2250 3472 3817 3547">
     <span class='ocr_line' id='line_1_77' title="bbox 2250 3472 3817 3547; baseline -0.001 -19"><span class='ocrx_word' id='word_1_540' title='bbox 2250 3480 2478 3547; x_wconf 83' lang='grc' dir='ltr'>ρετικοίς</span> <span class='ocrx_word' id='word_1_541' title='bbox 2526 3476 2582 3528; x_wconf 81' lang='grc' dir='ltr'>δὲ</span> <span class='ocrx_word' id='word_1_542' title='bbox 2638 3473 3077 3540; x_wconf 79' lang='grc' dir='ltr'>κοινωνησάντων</span> <span class='ocrx_word' id='word_1_543' title='bbox 3126 3474 3185 3539; x_wconf 77' lang='grc' dir='ltr'><strong>ἐξ</strong></span> <span class='ocrx_word' id='word_1_544' title='bbox 3244 3472 3593 3542; x_wconf 84' lang='grc' dir='ltr'>ἀνθρωπίνου</span> <span class='ocrx_word' id='word_1_545' title='bbox 3629 3474 3817 3542; x_wconf 72' lang='grc' dir='ltr'>φόϐουο</span> 
     </span>
    </p>
   </div>
   <div class='ocr_carea' id='block_1_78' title="bbox 2245 3563 3816 3637">
    <p class='ocr_par' dir='ltr' id='par_1_78' title="bbox 2245 3563 3816 3637">
     <span class='ocr_line' id='line_1_78' title="bbox 2245 3563 3816 3637; baseline -0.001 -16"><span class='ocrx_word' id='word_1_546' title='bbox 2245 3570 2293 3621; x_wconf 86' lang='grc' dir='ltr'>εἰ</span> <span class='ocrx_word' id='word_1_547' title='bbox 2334 3566 2439 3637; x_wconf 79' lang='grc' dir='ltr'>χρὴ</span> <span class='ocrx_word' id='word_1_548' title='bbox 2470 3564 2786 3637; x_wconf 75' lang='grc' dir='ltr'>προσφορὰν</span> <span class='ocrx_word' id='word_1_549' title='bbox 2812 3565 2948 3636; x_wconf 82' lang='grc' dir='ltr'>ὑπὲρ</span> <span class='ocrx_word' id='word_1_550' title='bbox 2976 3563 3154 3618; x_wconf 85' lang='grc' dir='ltr'>αὐτῶν</span> <span class='ocrx_word' id='word_1_551' title='bbox 3179 3565 3374 3631; x_wconf 78' lang='grc' dir='ltr'>ποιεῖν,</span> <span class='ocrx_word' id='word_1_552' title='bbox 3417 3563 3451 3635; x_wconf 87' lang='grc' dir='ltr'><strong>ῆ</strong></span> <span class='ocrx_word' id='word_1_553' title='bbox 3491 3566 3816 3637; x_wconf 74' lang='grc' dir='ltr'>παννυχίδα,</span> 
     </span>
    </p>
   </div>
   <div class='ocr_carea' id='block_1_79' title="bbox 2309 3663 2491 3730">
    <p class='ocr_par' dir='ltr' id='par_1_79' title="bbox 2309 3663 2491 3730">
     <span class='ocr_line' id='line_1_79' title="bbox 2309 3663 2491 3730; baseline 0.011 -18"><span class='ocrx_word' id='word_1_554' title='bbox 2309 3663 2491 3730; x_wconf 73' lang='grc' dir='ltr'>εὐχήν.</span> 
     </span>
    </p>
   </div>
   <div class='ocr_carea' id='block_1_80' title="bbox 2244 3662 3813 3820">
    <p class='ocr_par' dir='ltr' id='par_1_80' title="bbox 2244 3662 3813 3820">
     <span class='ocr_line' id='line_1_80' title="bbox 2244 3662 3813 3820; baseline -0.001 -17"><span class='ocrx_word' id='word_1_555' title='bbox 2244 3662 2667 3820; x_wconf 45' lang='grc' dir='ltr'>ἢζξττέίίρισις.</span> <span class='ocrx_word' id='word_1_556' title='bbox 2711 3778 2782 3791; x_wconf 90' lang='grc'><strong><em>-</em></strong></span> <span class='ocrx_word' id='word_1_557' title='bbox 2827 3751 2889 3803; x_wconf 79' lang='lat' dir='ltr'><strong>Ei</strong></span> <span class='ocrx_word' id='word_1_558' title='bbox 2948 3749 3136 3820; x_wconf 82' lang='grc' dir='ltr'>μέχρις</span> <span class='ocrx_word' id='word_1_559' title='bbox 3193 3747 3554 3812; x_wconf 77' lang='grc' dir='ltr'>ἀποϐιώσεως</span> <span class='ocrx_word' id='word_1_560' title='bbox 3618 3764 3813 3802; x_wconf 79' lang='grc' dir='ltr'>κοινω-</span> 
     </span>
    </p>
   </div>
   <div class='ocr_carea' id='block_1_81' title="bbox 2242 3834 3811 3909">
    <p class='ocr_par' dir='ltr' id='par_1_81' title="bbox 2242 3834 3811 3909">
     <span class='ocr_line' id='line_1_81' title="bbox 2242 3834 3811 3909; baseline 0 -17"><span class='ocrx_word' id='word_1_561' title='bbox 2242 3840 2457 3901; x_wconf 79' lang='grc' dir='ltr'>νοῦντες</span> <span class='ocrx_word' id='word_1_562' title='bbox 2480 3844 2591 3904; x_wconf 78' lang='grc' dir='ltr'>τοῖς</span> <span class='ocrx_word' id='word_1_563' title='bbox 2611 3842 2902 3909; x_wconf 85' lang='grc' dir='ltr'>αἱρετικοῖς</span> <span class='ocrx_word' id='word_1_564' title='bbox 2931 3840 3225 3908; x_wconf 84' lang='grc' dir='ltr'>διέμειναν,</span> <span class='ocrx_word' id='word_1_565' title='bbox 3250 3838 3528 3907; x_wconf 74' lang='grc' dir='ltr'><strong>οὐδαμῶς.</strong></span> <span class='ocrx_word' id='word_1_566' title='bbox 3561 3834 3629 3891; x_wconf 75' lang='lat' dir='ltr'><strong>Ei</strong></span> <span class='ocrx_word' id='word_1_567' title='bbox 3662 3839 3720 3892; x_wconf 77' lang='grc' dir='ltr'>δὲ</span> <span class='ocrx_word' id='word_1_568' title='bbox 3754 3841 3811 3892; x_wconf 76' lang='grc' dir='ltr'><strong>ὲν</strong></span> 
     </span>
    </p>
   </div>
   <div class='ocr_carea' id='block_1_82' title="bbox 2239 3929 3811 4003">
    <p class='ocr_par' dir='ltr' id='par_1_82' title="bbox 2239 3929 3811 4003">
     <span class='ocr_line' id='line_1_82' title="bbox 2239 3929 3811 4003; baseline -0.002 -19"><span class='ocrx_word' id='word_1_569' title='bbox 2239 3936 2304 4003; x_wconf 81' lang='grc' dir='ltr'>τῇ</span> <span class='ocrx_word' id='word_1_570' title='bbox 2342 3933 2502 4003; x_wconf 80' lang='grc' dir='ltr'>ἐξόδῳ</span> <span class='ocrx_word' id='word_1_571' title='bbox 2540 3931 3112 4002; x_wconf 77' lang='grc' dir='ltr'>καὶμετεμελὴθησαν,</span> <span class='ocrx_word' id='word_1_572' title='bbox 3146 3930 3240 3983; x_wconf 72' lang='grc' dir='ltr'>καὶ</span> <span class='ocrx_word' id='word_1_573' title='bbox 3264 3929 3633 3999; x_wconf 81' lang='grc' dir='ltr'>ὡμολόγησαν</span> <span class='ocrx_word' id='word_1_574' title='bbox 3665 3929 3811 3999; x_wconf 69' lang='grc' dir='ltr'><strong>φόϐῳ</strong></span> 
     </span>
    </p>
   </div>
   <div class='ocr_carea' id='block_1_83' title="bbox 2240 4020 3808 4094">
    <p class='ocr_par' dir='ltr' id='par_1_83' title="bbox 2240 4020 3808 4094">
     <span class='ocr_line' id='line_1_83' title="bbox 2240 4020 3808 4094; baseline -0.002 -18"><span class='ocrx_word' id='word_1_575' title='bbox 2240 4024 2627 4094; x_wconf 83' lang='grc' dir='ltr'>κεκρατῆσθαι,</span> <span class='ocrx_word' id='word_1_576' title='bbox 2668 4024 2760 4076; x_wconf 75' lang='grc' dir='ltr'>καὶ</span> <span class='ocrx_word' id='word_1_577' title='bbox 2798 4023 2976 4094; x_wconf 89' lang='grc' dir='ltr'>τρίτον</span> <span class='ocrx_word' id='word_1_578' title='bbox 2999 4024 3046 4075; x_wconf 84' lang='grc' dir='ltr'><strong>εί</strong></span> <span class='ocrx_word' id='word_1_579' title='bbox 3066 4020 3425 4091; x_wconf 74' lang='grc' dir='ltr'>ἐκοινώνησαν</span> <span class='ocrx_word' id='word_1_580' title='bbox 3453 4021 3568 4074; x_wconf 83' lang='grc' dir='ltr'><strong>τῶν</strong></span> <span class='ocrx_word' id='word_1_581' title='bbox 3596 4021 3808 4093; x_wconf 81' lang='grc' dir='ltr'>ὀρθοδὸ-</span> 
     </span>
    </p>
   </div>
   <div class='ocr_carea' id='block_1_84' title="bbox 2241 4113 3808 4187">
    <p class='ocr_par' dir='ltr' id='par_1_84' title="bbox 2241 4113 3808 4187">
     <span class='ocr_line' id='line_1_84' title="bbox 2241 4113 3808 4187; baseline -0.019 -6"><span class='ocrx_word' id='word_1_582' title='bbox 2241 4116 2346 4181; x_wconf 79' lang='grc' dir='ltr'><strong>ξων</strong></span> <span class='ocrx_word' id='word_1_583' title='bbox 2379 4116 2760 4187; x_wconf 82' lang='grc' dir='ltr'>ἁγιασμάτων·</span> <span class='ocrx_word' id='word_1_584' title='bbox 2788 4116 3161 4187; x_wconf 85' lang='grc' dir='ltr'>συγχωρητέον</span> <span class='ocrx_word' id='word_1_585' title='bbox 3187 4113 3430 4183; x_wconf 81' lang='grc' dir='ltr'>γίνεσθαι</span> <span class='ocrx_word' id='word_1_586' title='bbox 3487 4115 3576 4166; x_wconf 78' lang='grc' dir='ltr'><strong>ἐπ’</strong></span> <span class='ocrx_word' id='word_1_587' title='bbox 3631 4114 3808 4175; x_wconf 67' lang='grc' dir='ltr'>αὐτοῖς</span> 
     </span>
    </p>
   </div>
   <div class='ocr_carea' id='block_1_85' title="bbox 2239 4207 2737 4277">
    <p class='ocr_par' dir='ltr' id='par_1_85' title="bbox 2239 4207 2737 4277">
     <span class='ocr_line' id='line_1_85' title="bbox 2239 4207 2737 4277; baseline 0 -17"><span class='ocrx_word' id='word_1_588' title='bbox 2239 4207 2306 4261; x_wconf 82' lang='grc' dir='ltr'>τὰ</span> <span class='ocrx_word' id='word_1_589' title='bbox 2352 4207 2737 4277; x_wconf 79' lang='grc' dir='ltr'>προειρημένα.</span> 
     </span>
    </p>
   </div>
   <div class='ocr_carea' id='block_1_86' title="bbox 2323 4292 3803 4368">
    <p class='ocr_par' dir='ltr' id='par_1_86' title="bbox 2323 4292 3803 4368">
     <span class='ocr_line' id='line_1_86' title="bbox 2323 4292 3803 4368; baseline -0.003 -18"><span class='ocrx_word' id='word_1_590' title='bbox 2323 4298 2636 4367; x_wconf 84' lang='grc' dir='ltr'>Ἐρώτησις</span> <span class='ocrx_word' id='word_1_591' title='bbox 2667 4296 2740 4351; x_wconf 87' lang='lat' dir='ltr'><strong>B&#39;.</strong></span> <span class='ocrx_word' id='word_1_592' title='bbox 2776 4328 2849 4343; x_wconf 92' lang='lat'><strong><em>—</em></strong></span> <span class='ocrx_word' id='word_1_593' title='bbox 2874 4297 3012 4368; x_wconf 75' lang='grc' dir='ltr'>Περὶ</span> <span class='ocrx_word' id='word_1_594' title='bbox 3035 4294 3279 4367; x_wconf 81' lang='grc' dir='ltr'>μοναχῶν</span> <span class='ocrx_word' id='word_1_595' title='bbox 3310 4295 3407 4348; x_wconf 77' lang='grc' dir='ltr'>καὶ</span> <span class='ocrx_word' id='word_1_596' title='bbox 3451 4292 3803 4365; x_wconf 75' lang='grc' dir='ltr'>μοναζουσῶν</span> 
     </span>
    </p>
   </div>
   <div class='ocr_carea' id='block_1_87' title="bbox 2240 4386 3798 4461">
    <p class='ocr_par' dir='ltr' id='par_1_87' title="bbox 2240 4386 3798 4461">
     <span class='ocr_line' id='line_1_87' title="bbox 2240 4386 3798 4461; baseline -0.003 -18"><span class='ocrx_word' id='word_1_597' title='bbox 2240 4391 2440 4460; x_wconf 84' lang='grc' dir='ltr'>ὁμοίως</span> <span class='ocrx_word' id='word_1_598' title='bbox 2484 4393 2549 4461; x_wconf 81' lang='grc' dir='ltr'><strong>τῇ</strong></span> <span class='ocrx_word' id='word_1_599' title='bbox 2576 4389 2829 4461; x_wconf 78' lang='grc' dir='ltr'>κοινωνίᾳ</span> <span class='ocrx_word' id='word_1_600' title='bbox 2853 4387 2962 4441; x_wconf 85' lang='grc' dir='ltr'>τῶν</span> <span class='ocrx_word' id='word_1_601' title='bbox 3000 4386 3289 4458; x_wconf 77' lang='grc' dir='ltr'>αἱρετικῶν</span> <span class='ocrx_word' id='word_1_602' title='bbox 3344 4386 3798 4440; x_wconf 76' lang='grc' dir='ltr'>ἀποσιωσάντων.</span> 
     </span>
    </p>
   </div>
   <div class='ocr_carea' id='block_1_88' title="bbox 576 4479 953 4539">
    <p class='ocr_par' dir='ltr' id='par_1_88' title="bbox 576 4479 953 4539">
     <span class='ocr_line' id='line_1_88' title="bbox 576 4479 953 4539; baseline 0.019 -7"><span class='ocrx_word' id='word_1_603' title='bbox 576 4479 953 4539; x_wconf 89' lang='lat' dir='ltr'><strong>decesserunt.</strong></span> 
     </span>
    </p>
   </div>
   <div class='ocr_carea' id='block_1_89' title="bbox 649 4569 2139 4651">
    <p class='ocr_par' dir='ltr' id='par_1_89' title="bbox 649 4569 2139 4651">
     <span class='ocr_line' id='line_1_89' title="bbox 649 4569 2139 4651; baseline 0.011 -28"><span class='ocrx_word' id='word_1_604' title='bbox 649 4569 952 4641; x_wconf 84' lang='lat' dir='ltr'><strong>Responsio.</strong></span> <span class='ocrx_word' id='word_1_605' title='bbox 981 4606 1049 4617; x_wconf 93' lang='lat'><strong><em>—</em></strong></span> <span class='ocrx_word' id='word_1_606' title='bbox 1078 4576 1339 4647; x_wconf 90' lang='lat' dir='ltr'><strong>Superior</strong></span> <span class='ocrx_word' id='word_1_607' title='bbox 1373 4584 1662 4651; x_wconf 81' lang='lat' dir='ltr'><strong>reSponsio</strong></span> <span class='ocrx_word' id='word_1_608' title='bbox 1710 4593 1765 4637; x_wconf 90' lang='lat' dir='ltr'><strong>et</strong></span> <span class='ocrx_word' id='word_1_609' title='bbox 1798 4584 1853 4637; x_wconf 95' lang='lat' dir='ltr'><strong>in</strong></span> <span class='ocrx_word' id='word_1_610' title='bbox 1906 4584 1989 4637; x_wconf 90' lang='lat' dir='ltr'><strong>his</strong></span> <span class='ocrx_word' id='word_1_611' title='bbox 2020 4600 2139 4639; x_wconf 83' lang='lat' dir='ltr'><strong>ser-</strong></span> 
     </span>
    </p>
   </div>
   <div class='ocr_carea' id='block_1_90' title="bbox 576 4662 2135 4742">
    <p class='ocr_par' dir='ltr' id='par_1_90' title="bbox 576 4662 2135 4742">
     <span class='ocr_line' id='line_1_90' title="bbox 576 4662 2135 4742; baseline 0.008 -29"><span class='ocrx_word' id='word_1_612' title='bbox 576 4671 759 4717; x_wconf 87' lang='lat' dir='ltr'><strong>vetur.</strong></span> <span class='ocrx_word' id='word_1_613' title='bbox 798 4662 1061 4722; x_wconf 89' lang='lat' dir='ltr'><strong>Similiter</strong></span> <span class='ocrx_word' id='word_1_614' title='bbox 1086 4678 1138 4722; x_wconf 89' lang='lat' dir='ltr'><strong>et</strong></span> <span class='ocrx_word' id='word_1_615' title='bbox 1173 4670 1227 4723; x_wconf 92' lang='lat' dir='ltr'><strong>in</strong></span> <span class='ocrx_word' id='word_1_616' title='bbox 1255 4669 1431 4735; x_wconf 89' lang='lat' dir='ltr'><strong>laicis,</strong></span> <span class='ocrx_word' id='word_1_617' title='bbox 1466 4670 1618 4737; x_wconf 83' lang='lat' dir='ltr'><strong>viris,</strong></span> <span class='ocrx_word' id='word_1_618' title='bbox 1652 4671 1886 4737; x_wconf 81' lang='lat' dir='ltr'><strong>feminis,</strong></span> <span class='ocrx_word' id='word_1_619' title='bbox 1930 4675 2135 4742; x_wconf 89' lang='lat' dir='ltr'><strong>pueris.</strong></span> 
     </span>
    </p>
   </div>
   <div class='ocr_carea' id='block_1_91' title="bbox 580 4751 2140 4819">
    <p class='ocr_par' dir='ltr' id='par_1_91' title="bbox 580 4751 2140 4819">
     <span class='ocr_line' id='line_1_91' title="bbox 580 4751 2140 4819; baseline 0.008 -13"><span class='ocrx_word' id='word_1_620' title='bbox 580 4751 707 4809; x_wconf 71' lang='lat' dir='ltr'><strong>Haec</strong></span> <span class='ocrx_word' id='word_1_621' title='bbox 756 4766 935 4811; x_wconf 91' lang='lat' dir='ltr'><strong>autem</strong></span> <span class='ocrx_word' id='word_1_622' title='bbox 984 4758 1051 4813; x_wconf 92' lang='lat' dir='ltr'><strong>de</strong></span> <span class='ocrx_word' id='word_1_623' title='bbox 1089 4761 1320 4815; x_wconf 87' lang='lat' dir='ltr'><strong>mortuis</strong></span> <span class='ocrx_word' id='word_1_624' title='bbox 1354 4761 1499 4816; x_wconf 90' lang='lat' dir='ltr'><strong>dicta</strong></span> <span class='ocrx_word' id='word_1_625' title='bbox 1541 4772 1689 4818; x_wconf 87' lang='lat' dir='ltr'><strong>sunt.</strong></span> <span class='ocrx_word' id='word_1_626' title='bbox 1744 4762 1879 4817; x_wconf 81' lang='lat' dir='ltr'><strong>Nam</strong></span> <span class='ocrx_word' id='word_1_627' title='bbox 1924 4764 1969 4819; x_wconf 88' lang='lat' dir='ltr'><strong>si</strong></span> <span class='ocrx_word' id='word_1_628' title='bbox 2006 4764 2140 4819; x_wconf 80' lang='lat' dir='ltr'><strong>vivit</strong></span> 
     </span>
    </p>
   </div>
   <div class='ocr_carea' id='block_1_92' title="bbox 578 4843 2140 4925">
    <p class='ocr_par' dir='ltr' id='par_1_92' title="bbox 578 4843 2140 4925">
     <span class='ocr_line' id='line_1_92' title="bbox 578 4843 2140 4925; baseline 0.008 -27"><span class='ocrx_word' id='word_1_629' title='bbox 578 4843 758 4899; x_wconf 90' lang='lat' dir='ltr'><strong>adhuc</strong></span> <span class='ocrx_word' id='word_1_630' title='bbox 797 4848 976 4916; x_wconf 87' lang='lat' dir='ltr'><strong>quivis</strong></span> <span class='ocrx_word' id='word_1_631' title='bbox 1008 4865 1075 4903; x_wconf 82' lang='lat' dir='ltr'><strong>ex</strong></span> <span class='ocrx_word' id='word_1_632' title='bbox 1103 4852 1357 4906; x_wconf 88' lang='lat' dir='ltr'><strong>omnibus</strong></span> <span class='ocrx_word' id='word_1_633' title='bbox 1394 4862 1520 4909; x_wconf 87' lang='lat' dir='ltr'><strong>ante</strong></span> <span class='ocrx_word' id='word_1_634' title='bbox 1556 4854 1858 4925; x_wconf 89' lang='lat' dir='ltr'><strong>appellatis,</strong></span> <span class='ocrx_word' id='word_1_635' title='bbox 1906 4871 1970 4910; x_wconf 91' lang='lat' dir='ltr'><strong>ac</strong></span> <span class='ocrx_word' id='word_1_636' title='bbox 2003 4858 2140 4911; x_wconf 83' lang='lat' dir='ltr'><strong>resi-</strong></span> 
     </span>
    </p>
   </div>
   <div class='ocr_carea' id='block_1_93' title="bbox 577 4935 2140 5018">
    <p class='ocr_par' dir='ltr' id='par_1_93' title="bbox 577 4935 2140 5018">
     <span class='ocr_line' id='line_1_93' title="bbox 577 4935 2140 5018; baseline 0.01 -29"><span class='ocrx_word' id='word_1_637' title='bbox 577 4935 758 5005; x_wconf 90' lang='lat' dir='ltr'><strong>piscit,</strong></span> <span class='ocrx_word' id='word_1_638' title='bbox 787 4953 851 4992; x_wconf 81' lang='lat' dir='ltr'><strong>ex</strong></span> <span class='ocrx_word' id='word_1_639' title='bbox 888 4955 953 4993; x_wconf 94' lang='lat' dir='ltr'><strong>eo</strong></span> <span class='ocrx_word' id='word_1_640' title='bbox 980 4941 1071 4995; x_wconf 88' lang='lat' dir='ltr'><strong>die</strong></span> <span class='ocrx_word' id='word_1_641' title='bbox 1111 4950 1315 4996; x_wconf 91' lang='lat' dir='ltr'><strong>metum</strong></span> <span class='ocrx_word' id='word_1_642' title='bbox 1351 4945 1646 5014; x_wconf 83' lang='lat' dir='ltr'><strong>deponens,</strong></span> <span class='ocrx_word' id='word_1_643' title='bbox 1696 4947 2012 5017; x_wconf 71' lang='lat' dir='ltr'><strong>eligensque</strong></span> <span class='ocrx_word' id='word_1_644' title='bbox 2042 4964 2140 5018; x_wconf 86' lang='lat' dir='ltr'><strong>pro</strong></span> 
     </span>
    </p>
   </div>
   <div class='ocr_carea' id='block_1_94' title="bbox 578 5030 2139 5110">
    <p class='ocr_par' dir='ltr' id='par_1_94' title="bbox 578 5030 2139 5110">
     <span class='ocr_line' id='line_1_94' title="bbox 578 5030 2139 5110; baseline 0.008 -29"><span class='ocrx_word' id='word_1_645' title='bbox 578 5037 727 5082; x_wconf 84' lang='lat' dir='ltr'><strong>recto</strong></span> <span class='ocrx_word' id='word_1_646' title='bbox 770 5039 824 5083; x_wconf 93' lang='lat' dir='ltr'><strong>et</strong></span> <span class='ocrx_word' id='word_1_647' title='bbox 869 5030 1091 5087; x_wconf 88' lang='lat' dir='ltr'><strong>honesto</strong></span> <span class='ocrx_word' id='word_1_648' title='bbox 1126 5032 1263 5088; x_wconf 89' lang='lat' dir='ltr'><strong>dura</strong></span> <span class='ocrx_word' id='word_1_649' title='bbox 1312 5038 1457 5103; x_wconf 90' lang='lat' dir='ltr'><strong>pati;</strong></span> <span class='ocrx_word' id='word_1_650' title='bbox 1505 5037 1551 5091; x_wconf 88' lang='lat' dir='ltr'><strong>si</strong></span> <span class='ocrx_word' id='word_1_651' title='bbox 1602 5036 1822 5107; x_wconf 83' lang='lat' dir='ltr'><strong>quidem</strong></span> <span class='ocrx_word' id='word_1_652' title='bbox 1854 5039 2139 5110; x_wconf 88' lang='lat' dir='ltr'><strong>presbyter</strong></span> 
     </span>
    </p>
   </div>
   <div class='ocr_carea' id='block_1_95' title="bbox 579 5118 3797 5231">
    <p class='ocr_par' dir='ltr' id='par_1_95' title="bbox 579 5118 3797 5231">
     <span class='ocr_line' id='line_1_95' title="bbox 579 5118 3797 5231; baseline 0.004 -61"><span class='ocrx_word' id='word_1_653' title='bbox 579 5118 653 5171; x_wconf 87' lang='lat' dir='ltr'><strong>sit</strong></span> <span class='ocrx_word' id='word_1_654' title='bbox 689 5118 774 5172; x_wconf 89' lang='lat' dir='ltr'><strong>vel</strong></span> <span class='ocrx_word' id='word_1_655' title='bbox 807 5120 1093 5188; x_wconf 89' lang='lat' dir='ltr'><strong>diaconus,</strong></span> <span class='ocrx_word' id='word_1_656' title='bbox 1136 5139 1295 5179; x_wconf 90' lang='lat' dir='ltr'><strong>sacro</strong></span> <span class='ocrx_word' id='word_1_657' title='bbox 1329 5127 1632 5181; x_wconf 84' lang='lat' dir='ltr'><strong>ministerio</strong></span> <span class='ocrx_word' id='word_1_658' title='bbox 1660 5128 2012 5196; x_wconf 84' lang='lat' dir='ltr'><strong>prohibeatur</strong></span> <span class='ocrx_word' id='word_1_659' title='bbox 2041 5146 2137 5186; x_wconf 88' lang='lat' dir='ltr'><strong>us-</strong></span> <span class='ocrx_word' id='word_1_660' title='bbox 2247 5152 2406 5206; x_wconf 85' lang='grc' dir='ltr'>μενος</span> <span class='ocrx_word' id='word_1_661' title='bbox 2436 5135 2573 5207; x_wconf 86' lang='grc' dir='ltr'>ὑπὲρ</span> <span class='ocrx_word' id='word_1_662' title='bbox 2599 5134 2691 5189; x_wconf 79' lang='grc' dir='ltr'><strong>τοῦ</strong></span> <span class='ocrx_word' id='word_1_663' title='bbox 2717 5132 2919 5203; x_wconf 80' lang='grc' dir='ltr'>ἀγαθοῦ</span> <span class='ocrx_word' id='word_1_664' title='bbox 2944 5128 3273 5186; x_wconf 80' lang='grc' dir='ltr'>κακοπαθεῖν</span> <span class='ocrx_word' id='word_1_665' title='bbox 3301 5145 3315 5159; x_wconf 90' lang='grc'><strong>·</strong></span> <span class='ocrx_word' id='word_1_666' title='bbox 3348 5131 3404 5231; x_wconf 65' lang='grc' dir='ltr'><strong>εί</strong></span> <span class='ocrx_word' id='word_1_667' title='bbox 3431 5130 3538 5231; x_wconf 34' lang='grc' dir='ltr'>με’-ν</span> <span class='ocrx_word' id='word_1_668' title='bbox 3567 5128 3797 5231; x_wconf 52' lang='grc' dir='ltr'>πρεσσύῖ</span> 
     </span>
    </p>
   </div>
   <div class='ocr_carea' id='block_1_96' title="bbox 580 5209 2139 5300">
    <p class='ocr_par' dir='ltr' id='par_1_96' title="bbox 580 5209 2136 5289">
     <span class='ocr_line' id='line_1_96' title="bbox 580 5209 2136 5289; baseline 0.01 -28"><span class='ocrx_word' id='word_1_669' title='bbox 580 5223 690 5277; x_wconf 86' lang='lat' dir='ltr'><strong>que</strong></span> <span class='ocrx_word' id='word_1_670' title='bbox 717 5209 785 5263; x_wconf 91' lang='lat' dir='ltr'><strong>ad</strong></span> <span class='ocrx_word' id='word_1_671' title='bbox 815 5218 1029 5281; x_wconf 87' lang='lat' dir='ltr'><strong>tempus</strong></span> <span class='ocrx_word' id='word_1_672' title='bbox 1059 5216 1251 5282; x_wconf 85' lang='lat' dir='ltr'><strong>synodi</strong></span> <span class='ocrx_word' id='word_1_673' title='bbox 1279 5217 1597 5273; x_wconf 68' lang='lat' dir='ltr'><strong>orthodoxae</strong></span> <span class='ocrx_word' id='word_1_674' title='bbox 1626 5235 1640 5272; x_wconf 87' lang='lat'><strong>:</strong></span> <span class='ocrx_word' id='word_1_675' title='bbox 1664 5228 1791 5289; x_wconf 88' lang='lat' dir='ltr'><strong>post</strong></span> <span class='ocrx_word' id='word_1_676' title='bbox 1811 5222 2136 5276; x_wconf 85' lang='lat' dir='ltr'><strong>convenien-</strong></span> 
     </span>
    </p>
   </div>
   <div class='ocr_carea' id='block_1_97' title="bbox 2240 5209 3797 5300">
    <p class='ocr_par' dir='ltr' id='par_1_97' title="bbox 2240 5218 3797 5300">
     <span class='ocr_line' id='line_1_97' title="bbox 2240 5218 3797 5300; baseline -0.006 -18"><span class='ocrx_word' id='word_1_677' title='bbox 2240 5246 2397 5299; x_wconf 83' lang='grc' dir='ltr'>τερος</span> <span class='ocrx_word' id='word_1_678' title='bbox 2425 5227 2459 5300; x_wconf 82' lang='grc' dir='ltr'>ἢ</span> <span class='ocrx_word' id='word_1_679' title='bbox 2476 5226 2737 5290; x_wconf 82' lang='grc' dir='ltr'>διάκονος,</span> <span class='ocrx_word' id='word_1_680' title='bbox 2764 5224 3027 5296; x_wconf 76' lang='grc' dir='ltr'>εἰργέσθω</span> <span class='ocrx_word' id='word_1_681' title='bbox 3048 5225 3144 5293; x_wconf 79' lang='grc' dir='ltr'>τῆς</span> <span class='ocrx_word' id='word_1_682' title='bbox 3159 5222 3476 5295; x_wconf 80' lang='grc' dir='ltr'>ἱερουργίας</span> <span class='ocrx_word' id='word_1_683' title='bbox 3493 5221 3603 5286; x_wconf 69' lang='grc' dir='ltr'>ἕως</span> <span class='ocrx_word' id='word_1_684' title='bbox 3619 5218 3797 5291; x_wconf 72' lang='grc' dir='ltr'>καιροῦ</span> 
     </span>
    </p>
   </div>
   <div class='ocr_carea' id='block_1_98' title="bbox 583 5306 2139 5392">
    <p class='ocr_par' dir='ltr' id='par_1_98' title="bbox 583 5306 2136 5382">
     <span class='ocr_line' id='line_1_98' title="bbox 583 5306 2136 5382; baseline 0.013 -32"><span class='ocrx_word' id='word_1_685' title='bbox 583 5307 691 5351; x_wconf 82' lang='lat' dir='ltr'><strong>tem</strong></span> <span class='ocrx_word' id='word_1_686' title='bbox 730 5315 860 5356; x_wconf 88' lang='lat' dir='ltr'><strong>vero</strong></span> <span class='ocrx_word' id='word_1_687' title='bbox 911 5306 1309 5375; x_wconf 79' lang='lat' dir='ltr'><strong>paenitentiam,</strong></span> <span class='ocrx_word' id='word_1_688' title='bbox 1344 5312 1618 5382; x_wconf 87' lang='lat' dir='ltr'><strong>particeps</strong></span> <span class='ocrx_word' id='word_1_689' title='bbox 1656 5320 1777 5366; x_wconf 90' lang='lat' dir='ltr'><strong>esto</strong></span> <span class='ocrx_word' id='word_1_690' title='bbox 1818 5328 1987 5369; x_wconf 61' lang='lat' dir='ltr'><strong>sacras</strong></span> <span class='ocrx_word' id='word_1_691' title='bbox 2025 5314 2136 5369; x_wconf 89' lang='lat' dir='ltr'><strong>Eu-</strong></span> 
     </span>
    </p>
   </div>
   <div class='ocr_carea' id='block_1_99' title="bbox 2240 5306 3799 5392">
    <p class='ocr_par' dir='ltr' id='par_1_99' title="bbox 2245 5312 3799 5392">
     <span class='ocr_line' id='line_1_99' title="bbox 2245 5312 3799 5392; baseline -0.006 -19"><span class='ocrx_word' id='word_1_692' title='bbox 2245 5320 2461 5373; x_wconf 82' lang='grc' dir='ltr'>συνόδου</span> <span class='ocrx_word' id='word_1_693' title='bbox 2484 5317 2790 5392; x_wconf 81' lang='grc' dir='ltr'>ὁρθοδοξῖας</span> <span class='ocrx_word' id='word_1_694' title='bbox 2820 5334 2835 5350; x_wconf 88' lang='grc'><strong>·</strong></span> <span class='ocrx_word' id='word_1_695' title='bbox 2862 5316 2996 5386; x_wconf 76' lang='grc' dir='ltr'>μετὰ</span> <span class='ocrx_word' id='word_1_696' title='bbox 3040 5315 3095 5368; x_wconf 80' lang='grc' dir='ltr'>δὲ</span> <span class='ocrx_word' id='word_1_697' title='bbox 3148 5314 3435 5385; x_wconf 71' lang='grc' dir='ltr'>ἐπιτιμίαν</span> <span class='ocrx_word' id='word_1_698' title='bbox 3487 5312 3589 5385; x_wconf 79' lang='grc' dir='ltr'><strong>τὴν</strong></span> <span class='ocrx_word' id='word_1_699' title='bbox 3644 5328 3799 5384; x_wconf 83' lang='grc' dir='ltr'>προσ·</span> 
     </span>
    </p>
   </div>
   <div class='ocr_carea' id='block_1_100' title="bbox 582 5388 2139 5481">
    <p class='ocr_par' dir='ltr' id='par_1_100' title="bbox 582 5388 2136 5463">
     <span class='ocr_line' id='line_1_100' title="bbox 582 5388 2136 5463; baseline 0.014 -21"><span class='ocrx_word' id='word_1_700' title='bbox 582 5388 855 5448; x_wconf 67' lang='grc' dir='ltr'>οιιοῐίειίιο</span> <span class='ocrx_word' id='word_1_701' title='bbox 908 5396 976 5450; x_wconf 88' lang='lat' dir='ltr'><strong>ab</strong></span> <span class='ocrx_word' id='word_1_702' title='bbox 1025 5398 1333 5457; x_wconf 80' lang='lat' dir='ltr'><strong>orthodoxo</strong></span> <span class='ocrx_word' id='word_1_703' title='bbox 1390 5413 1743 5462; x_wconf 66' lang='lat' dir='ltr'><strong>consecratae.</strong></span> <span class='ocrx_word' id='word_1_704' title='bbox 1798 5404 2136 5463; x_wconf 71' lang='lat' dir='ltr'><strong>Ptenitentia:</strong></span> 
     </span>
    </p>
   </div>
   <div class='ocr_carea' id='block_1_101' title="bbox 2240 5388 3795 5481">
    <p class='ocr_par' dir='ltr' id='par_1_101' title="bbox 2246 5388 3795 5481">
     <span class='ocr_line' id='line_1_101' title="bbox 2246 5388 3795 5481; baseline -0.005 -19"><span class='ocrx_word' id='word_1_705' title='bbox 2246 5388 2814 5481; x_wconf 43' lang='grc' dir='ltr'>ήκουσανίμετεχέτω</span> <span class='ocrx_word' id='word_1_706' title='bbox 2842 5405 2950 5461; x_wconf 85' lang='grc' dir='ltr'><strong>τῶν</strong></span> <span class='ocrx_word' id='word_1_707' title='bbox 2989 5402 3284 5476; x_wconf 80' lang='grc' dir='ltr'>ὀρθοδόξων</span> <span class='ocrx_word' id='word_1_708' title='bbox 3314 5404 3704 5474; x_wconf 73' lang='grc' dir='ltr'>ἀγιασμάτων.</span> <span class='ocrx_word' id='word_1_709' title='bbox 3742 5400 3795 5454; x_wconf 87' lang='grc' dir='ltr'><strong><em>Ἥ</em></strong></span> 
     </span>
    </p>
   </div>
   <div class='ocr_carea' id='block_1_102' title="bbox 2168 4532 3803 4653">
    <p class='ocr_par' dir='ltr' id='par_1_102' title="bbox 2168 4532 3803 4653">
     <span class='ocr_line' id='line_1_102' title="bbox 2168 4532 3803 4653; baseline -0.006 -14"><span class='ocrx_word' id='word_1_710' title='bbox 2168 4532 2211 4586; x_wconf 75' lang='lat' dir='ltr'><strong>D</strong></span> <span class='ocrx_word' id='word_1_711' title='bbox 2323 4584 2682 4652; x_wconf 81' lang='grc' dir='ltr'>Ἀπόκρισις.</span> <span class='ocrx_word' id='word_1_712' title='bbox 2714 4612 2785 4624; x_wconf 89' lang='grc'><strong><em>-</em></strong></span> <span class='ocrx_word' id='word_1_713' title='bbox 2821 4582 2888 4635; x_wconf 85' lang='grc' dir='ltr'><strong><em>Ἥ</em></strong></span> <span class='ocrx_word' id='word_1_714' title='bbox 2932 4578 3302 4653; x_wconf 79' lang='grc' dir='ltr'>προειρημένη</span> <span class='ocrx_word' id='word_1_715' title='bbox 3351 4578 3651 4649; x_wconf 81' lang='grc' dir='ltr'>ἀπόκρισις</span> <span class='ocrx_word' id='word_1_716' title='bbox 3708 4596 3803 4648; x_wconf 71' lang='grc' dir='ltr'><strong>φυ-</strong></span> 
     </span>
    </p>
   </div>
   <div class='ocr_carea' id='block_1_103' title="bbox 2236 4669 3801 4743">
    <p class='ocr_par' dir='ltr' id='par_1_103' title="bbox 2236 4669 3801 4743">
     <span class='ocr_line' id='line_1_103' title="bbox 2236 4669 3801 4743; baseline -0.004 -14"><span class='ocrx_word' id='word_1_717' title='bbox 2236 4675 2512 4729; x_wconf 79' lang='grc' dir='ltr'>λαττέσθω</span> <span class='ocrx_word' id='word_1_718' title='bbox 2550 4676 2646 4728; x_wconf 72' lang='grc' dir='ltr'><strong>καὶ</strong></span> <span class='ocrx_word' id='word_1_719' title='bbox 2677 4675 2770 4727; x_wconf 72' lang='grc' dir='ltr'><strong>ἐπὶ</strong></span> <span class='ocrx_word' id='word_1_720' title='bbox 2812 4673 3003 4727; x_wconf 85' lang='grc' dir='ltr'>τοῖσδε.</span> <span class='ocrx_word' id='word_1_721' title='bbox 3046 4673 3273 4743; x_wconf 78' lang='grc' dir='ltr'>Ὁμοίως</span> <span class='ocrx_word' id='word_1_722' title='bbox 3303 4670 3401 4724; x_wconf 75' lang='grc' dir='ltr'>καὶ</span> <span class='ocrx_word' id='word_1_723' title='bbox 3438 4669 3535 4722; x_wconf 70' lang='grc' dir='ltr'><strong>ἐπὶ</strong></span> <span class='ocrx_word' id='word_1_724' title='bbox 3580 4669 3801 4735; x_wconf 74' lang='grc' dir='ltr'>λαῖκῶν,</span> 
     </span>
    </p>
   </div>
   <div class='ocr_carea' id='block_1_104' title="bbox 2238 4760 3799 4837">
    <p class='ocr_par' dir='ltr' id='par_1_104' title="bbox 2238 4760 3799 4837">
     <span class='ocr_line' id='line_1_104' title="bbox 2238 4760 3799 4837; baseline -0.004 -18"><span class='ocrx_word' id='word_1_725' title='bbox 2238 4766 2446 4837; x_wconf 85' lang='grc' dir='ltr'>ἀνδρῶν</span> <span class='ocrx_word' id='word_1_726' title='bbox 2500 4783 2582 4831; x_wconf 86' lang='grc' dir='ltr'><strong>τε,</strong></span> <span class='ocrx_word' id='word_1_727' title='bbox 2640 4766 2735 4820; x_wconf 80' lang='grc' dir='ltr'><strong>καὶ</strong></span> <span class='ocrx_word' id='word_1_728' title='bbox 2790 4762 3088 4833; x_wconf 86' lang='grc' dir='ltr'>γυναικῶν,</span> <span class='ocrx_word' id='word_1_729' title='bbox 3140 4763 3232 4815; x_wconf 75' lang='grc' dir='ltr'>καὶ</span> <span class='ocrx_word' id='word_1_730' title='bbox 3299 4760 3534 4815; x_wconf 81' lang='grc' dir='ltr'>παίδων.</span> <span class='ocrx_word' id='word_1_731' title='bbox 3578 4760 3799 4830; x_wconf 75' lang='grc' dir='ltr'>Εἴρηται</span> 
     </span>
    </p>
   </div>
   <div class='ocr_carea' id='block_1_105' title="bbox 2237 4850 3802 4929">
    <p class='ocr_par' dir='ltr' id='par_1_105' title="bbox 2237 4850 3802 4929">
     <span class='ocr_line' id='line_1_105' title="bbox 2237 4850 3802 4929; baseline -0.006 -17"><span class='ocrx_word' id='word_1_732' title='bbox 2237 4860 2293 4912; x_wconf 79' lang='grc' dir='ltr'>δὲ</span> <span class='ocrx_word' id='word_1_733' title='bbox 2343 4859 2511 4912; x_wconf 81' lang='grc' dir='ltr'>ταῦτα</span> <span class='ocrx_word' id='word_1_734' title='bbox 2560 4858 2687 4929; x_wconf 70' lang='grc' dir='ltr'>περὶ</span> <span class='ocrx_word' id='word_1_735' title='bbox 2742 4857 2848 4911; x_wconf 83' lang='grc' dir='ltr'><strong>τῶν</strong></span> <span class='ocrx_word' id='word_1_736' title='bbox 2906 4855 3233 4910; x_wconf 83' lang='grc' dir='ltr'>τεθνεώτων.</span> <span class='ocrx_word' id='word_1_737' title='bbox 3296 4853 3357 4906; x_wconf 81' lang='lat' dir='ltr'><strong>El</strong></span> <span class='ocrx_word' id='word_1_738' title='bbox 3408 4850 3519 4923; x_wconf 80' lang='grc' dir='ltr'>γὰρ</span> <span class='ocrx_word' id='word_1_739' title='bbox 3572 4851 3656 4905; x_wconf 72' lang='grc' dir='ltr'>ἔτι</span> <span class='ocrx_word' id='word_1_740' title='bbox 3698 4851 3802 4915; x_wconf 74' lang='grc' dir='ltr'><strong>ζῶν</strong></span> 
     </span>
    </p>
   </div>
   <div class='ocr_carea' id='block_1_106' title="bbox 2246 4946 3798 5020">
    <p class='ocr_par' dir='ltr' id='par_1_106' title="bbox 2246 4946 3798 5020">
     <span class='ocr_line' id='line_1_106' title="bbox 2246 4946 3798 5020; baseline -0.006 -16"><span class='ocrx_word' id='word_1_741' title='bbox 2246 4954 2390 5004; x_wconf 79' lang='grc' dir='ltr'>ἐστιν</span> <span class='ocrx_word' id='word_1_742' title='bbox 2416 4953 2479 5003; x_wconf 82' lang='grc' dir='ltr'>ὲκ</span> <span class='ocrx_word' id='word_1_743' title='bbox 2506 4952 2719 5004; x_wconf 73' lang='grc' dir='ltr'>πάντων</span> <span class='ocrx_word' id='word_1_744' title='bbox 2747 4948 2856 5003; x_wconf 80' lang='grc' dir='ltr'>τῶν</span> <span class='ocrx_word' id='word_1_745' title='bbox 2884 4948 3317 5020; x_wconf 78' lang='grc' dir='ltr'>προειρημένων,</span> <span class='ocrx_word' id='word_1_746' title='bbox 3344 4946 3441 4998; x_wconf 80' lang='grc' dir='ltr'><strong>καὶ</strong></span> <span class='ocrx_word' id='word_1_747' title='bbox 3478 4947 3798 5016; x_wconf 74' lang='grc' dir='ltr'>μεταμέλοι-</span> 
     </span>
    </p>
   </div>
   <div class='ocr_carea' id='block_1_107' title="bbox 2244 5037 3802 5113">
    <p class='ocr_par' dir='ltr' id='par_1_107' title="bbox 2244 5037 3802 5113">
     <span class='ocr_line' id='line_1_107' title="bbox 2244 5037 3802 5113; baseline -0.004 -16"><span class='ocrx_word' id='word_1_748' title='bbox 2244 5062 2324 5106; x_wconf 87' lang='grc' dir='ltr'><strong>το,</strong></span> <span class='ocrx_word' id='word_1_749' title='bbox 2354 5043 2459 5108; x_wconf 74' lang='grc' dir='ltr'>ἔξω</span> <span class='ocrx_word' id='word_1_750' title='bbox 2491 5044 2695 5113; x_wconf 75' lang='grc' dir='ltr'>ῥίπτων</span> <span class='ocrx_word' id='word_1_751' title='bbox 2727 5042 2816 5096; x_wconf 81' lang='grc' dir='ltr'>τὸν</span> <span class='ocrx_word' id='word_1_752' title='bbox 2845 5041 3005 5111; x_wconf 76' lang='grc' dir='ltr'>φόϐον</span> <span class='ocrx_word' id='word_1_753' title='bbox 3026 5041 3130 5093; x_wconf 73' lang='grc' dir='ltr'><strong>ἀπὸ</strong></span> <span class='ocrx_word' id='word_1_754' title='bbox 3158 5037 3251 5091; x_wconf 81' lang='grc' dir='ltr'>τοῦ</span> <span class='ocrx_word' id='word_1_755' title='bbox 3282 5038 3469 5110; x_wconf 82' lang='grc' dir='ltr'>δεῦρο,</span> <span class='ocrx_word' id='word_1_756' title='bbox 3504 5040 3603 5091; x_wconf 72' lang='grc' dir='ltr'>καὶ</span> <span class='ocrx_word' id='word_1_757' title='bbox 3626 5038 3802 5106; x_wconf 71' lang='grc' dir='ltr'><strong>αἱροῦ-</strong></span> 
     </span>
    </p>
   </div>
   <div class='ocr_carea' id='block_1_108' title="bbox 2247 5128 3802 5207">
    <p class='ocr_par' dir='ltr' id='par_1_108' title="bbox 2247 5128 3802 5207">
     <span class='ocr_line' id='line_1_108' title="bbox 2247 5128 3802 5207; baseline -0.004 -19"><span class='ocrx_word' id='word_1_758' title='bbox 2247 5152 2406 5206; x_wconf 85' lang='grc' dir='ltr'>μενος</span> <span class='ocrx_word' id='word_1_759' title='bbox 2436 5135 2573 5207; x_wconf 84' lang='grc' dir='ltr'>ὑπὲρ</span> <span class='ocrx_word' id='word_1_760' title='bbox 2599 5134 2691 5189; x_wconf 79' lang='grc' dir='ltr'><strong>τοῦ</strong></span> <span class='ocrx_word' id='word_1_761' title='bbox 2717 5132 2919 5203; x_wconf 80' lang='grc' dir='ltr'>ἀγαθοῦ</span> <span class='ocrx_word' id='word_1_762' title='bbox 2944 5128 3273 5186; x_wconf 82' lang='grc' dir='ltr'>κακοπαθεῖν</span> <span class='ocrx_word' id='word_1_763' title='bbox 3301 5145 3315 5159; x_wconf 90' lang='grc'><strong>·</strong></span> <span class='ocrx_word' id='word_1_764' title='bbox 3348 5131 3401 5183; x_wconf 85' lang='grc' dir='ltr'><strong>εί</strong></span> <span class='ocrx_word' id='word_1_765' title='bbox 3431 5130 3538 5202; x_wconf 80' lang='grc' dir='ltr'>μὲν</span> <span class='ocrx_word' id='word_1_766' title='bbox 3567 5128 3802 5202; x_wconf 74' lang='grc' dir='ltr'>πρεσϐύ-</span> 
     </span>
    </p>
   </div>
   <div class='ocr_carea' id='block_1_109' title="bbox 653 5564 1552 5643">
    <p class='ocr_par' dir='ltr' id='par_1_109' title="bbox 653 5564 1552 5643">
     <span class='ocr_line' id='line_1_109' title="bbox 653 5564 1552 5643; baseline 0.016 -24"><span class='ocrx_word' id='word_1_767' title='bbox 653 5564 697 5598; x_wconf 86' lang='grc'><strong>³¹</strong></span> <span class='ocrx_word' id='word_1_768' title='bbox 721 5565 899 5625; x_wconf 83' lang='lat' dir='ltr'><strong>Galat.</strong></span> <span class='ocrx_word' id='word_1_769' title='bbox 937 5586 996 5638; x_wconf 83' lang='grc' dir='ltr'><strong>ιι,</strong></span> <span class='ocrx_word' id='word_1_770' title='bbox 1025 5571 1079 5628; x_wconf 88' lang='lat'>6.</span> <span class='ocrx_word' id='word_1_771' title='bbox 1154 5575 1199 5607; x_wconf 85' lang='lat'><strong>”</strong></span> <span class='ocrx_word' id='word_1_772' title='bbox 1223 5575 1396 5634; x_wconf 80' lang='lat' dir='ltr'><strong>Gaiat.</strong></span> <span class='ocrx_word' id='word_1_773' title='bbox 1432 5583 1552 5643; x_wconf 53' lang='grc' dir='ltr'>με.</span> 
     </span>
    </p>
   </div>
   <div class='ocr_carea' id='block_1_110' title="bbox 2071 5693 2299 5752">
    <p class='ocr_par' dir='ltr' id='par_1_110' title="bbox 2071 5693 2299 5752">
     <span class='ocr_line' id='line_1_110' title="bbox 2071 5693 2299 5752; baseline 0.004 -4"><span class='ocrx_word' id='word_1_774' title='bbox 2071 5693 2299 5752; x_wconf 69' lang='grc' dir='ltr'><strong>ΝΟΤιΕ.</strong></span> 
     </span>
    </p>
   </div>
   <div class='ocr_carea' id='block_1_111' title="bbox 651 5774 1334 5858">
    <p class='ocr_par' dir='ltr' id='par_1_111' title="bbox 651 5774 1334 5858">
     <span class='ocr_line' id='line_1_111' title="bbox 651 5774 1334 5858; baseline 0.015 -29"><span class='ocrx_word' id='word_1_775' title='bbox 651 5774 698 5845; x_wconf 76' lang='lat' dir='ltr'><strong>(i</strong></span> <span class='ocrx_word' id='word_1_776' title='bbox 712 5776 763 5846; x_wconf 71' lang='lat'><strong>3)</strong></span> <span class='ocrx_word' id='word_1_777' title='bbox 795 5776 847 5832; x_wconf 88' lang='lat' dir='ltr'><strong>In</strong></span> <span class='ocrx_word' id='word_1_778' title='bbox 881 5780 999 5836; x_wconf 86' lang='lat' dir='ltr'><strong>cod.</strong></span> <span class='ocrx_word' id='word_1_779' title='bbox 1046 5779 1171 5858; x_wconf 69' lang='lat' dir='ltr'><strong>Reg.</strong></span> <span class='ocrx_word' id='word_1_780' title='bbox 1202 5784 1334 5839; x_wconf 70' lang='lat' dir='ltr'><strong>azO&#39;.</strong></span> 
     </span>
    </p>
   </div>
  </div>
