3976 6322
93 400 276 467 1661

1354 412 1887 474 EPISTOLARUM
1932 413 2080 473 LIB.
2111 413 2191 474 II.

3246 412 3382 477 1662

92 515 171 568 δὲ
213 515 456 587 δύναμις
479 518 578 587 τῆς
614 519 917 590 ἐπιτιμίας,
953 520 1214 592 ἀμεθεξία
1261 523 1376 576 ἐστὶ
1409 521 1516 576 τῶν
1549 525 1708 593 ἁγια-

1826 531 1994 575 autem
2055 535 2181 590 pars
2237 528 2359 583 est,
2416 521 2772 577 Eucharistim
2837 521 3002 576 dilata
3060 525 3372 592 perceptio,

97 607 392 676 σμάτων,
417 610 540 664 καθ’
577 609 635 664 ὃν
664 611 904 683 καιρὸνῆ
945 614 1168 684 καιροὺς
1189 616 1215 667 ό
1249 613 1515 684 ἐπιτιμῶν
1561 615 1708 667 oixo-

95 702 357 770 νομοίη.
391 702 466 754 Ού
497 702 604 773 γὰρ
636 702 924 774 ὁριστικῶς
951 703 1096 756 ἐστιν
1142 704 1523 776 ἀποφήνασθαι
1555 719 1572 735 ⁶
1623 705 1712 759 διὰ

94 791 182 844 τὸ
223 791 393 846 ἄλλον
427 793 586 847 ἄλλου
615 794 891 866 διαφέρειν
917 797 1010 848 καὶ
1039 797 1334 865 προσώπῳ,
1366 799 1459 852 καὶ
1488 797 1707 866 γνώσει,

97 883 231 936 καὶ
267 883 495 954 σπουδῇ,
526 886 621 939 καὶ
651 886 854 957 ἡλικίᾳ.
889 888 950 940 Εἰ
983 887 1040 940 δὲ
1087 887 1330 958 μονάζων
1379 889 1487 959 είη,
1525 890 1711 959 ἢὰνα-

97 974 413 1044 γνὼστης,
443 976 475 1046 ἢ
508 976 810 1046 μονάζουσα
842 993 857 1009 ’
890 977 984 1030 τοῦ
1017 978 1291 1049 ἐπιτιμίου
1334 980 1710 1050 πληρουμένου

99 1062 304 1128 εὐθὺς
342 1065 567 1118 διδόσθω
602 1066 635 1136 ἡ
675 1066 793 1118 θεία
843 1065 1058 1136 μέθεξις
1083 1084 1098 1101 ο
1169 1068 1430 1132 ὡσαύτως
1469 1071 1563 1122 καλΙ
1607 1069 1706 1120 ἐπὶ

102 1155 374 1220 λαῖκιῖΝ,
411 1157 619 1227 ἀνδρῶν
647 1173 706 1209 τε
755 1157 848 1209 καὶ
889 1159 1160 1225 γυναικῶν
1215 1163 1308 1213 καὶ
1349 1160 1572 1214 παίδων.
1610 1162 1714 1230 Δῆ-

102 1247 230 1300 λον
264 1247 321 1301 δὲ
355 1250 458 1301 κάν
485 1248 695 1314 τούτοις
722 1250 1063 1322 διαφορότης,
1110 1252 1253 1306 κατά
1307 1268 1366 1305 τε
1424 1251 1713 1322 πρόσωπον

109 1340 241 1393 καὶ
273 1341 334 1394 τὸ
355 1341 571 1411 ἀξίωμα
615 1343 708 1395 καὶ
753 1344 965 1413 ἡλικίαν
994 1360 1008 1376 ·
1054 1343 1129 1407 ὡς
1167 1343 1262 1397 καὶ
1312 1345 1408 1415 μιᾷ
1448 1360 1715 1414 τεσσαρα-

107 1434 312 1504 κοστῇ
366 1432 678 1487 ίκανοῦσθαι
730 1435 830 1503 τὴν
897 1435 1176 1504 ἐπιτιμίαν
1237 1434 1312 1505 τῷ
1361 1434 1709 1504 λαμϐάνοντι.

107 1524 382 1596 Φανερὺν
408 1525 466 1578 δὲ
497 1525 580 1578 ὅτι
605 1525 666 1579 τὸ
682 1525 954 1596 ἐπιτίμιον
986 1529 1085 1597 τῆς
1111 1525 1401 1597 ἀμεθεξίας
1427 1527 1535 1580 τῶν
1559 1527 1715 1594 ἁγια-

113 1632 155 1668 σ
166 1614 371 1684 μάτων
402 1614 925 1684 συνεπιλαμϐάνεται
960 1616 1053 1676 καὶ
1088 1614 1429 1686 προσευχῶν,
1473 1616 1568 1669 καὶ
1617 1633 1712 1684 γο-

111 1706 456 1770 νυκλισιῶν,
513 1708 608 1759 καὶ
667 1709 995 1778 ὲκγρατείας
1063 1707 1382 1777 βρωμάτων,
1432 1708 1574 1761 κατὰ
1615 1708 1714 1778 τὴν

112 1799 514 1868 ὑποκειμένην
538 1799 698 1868 φύσιν
722 1800 814 1852 τοῦ
838 1801 1259 1869 ὲπιτιμωμένου.

1812 621 2018 682 quanto
2065 613 2327 682 temporis
2381 614 2555 682 spatio
2603 613 2877 668 censuerit
2923 613 2969 668 is
3019 614 3113 683 qui
3160 628 3375 683 pugnam

1815 706 2027 760 statuit.
2069 705 2254 776 Neque
2291 705 2432 760 enim
2474 707 2702 776 praecise
2739 706 2967 760 delinire
2998 717 3092 759 aut
3137 717 3378 760 statuere

1814 798 1990 854 licet:
2023 799 2169 868 quod
2221 798 2360 852 alius
2406 797 2475 850 ah
2528 797 2634 851 alio
2685 795 2900 849 differat
2941 796 3226 866 dignitate,
3276 797 3377 848 do-

1816 889 2016 954 ctrina,
2067 889 2320 958 negotiis,
2366 896 2420 941 et
2457 895 2637 941 astate.
2672 886 2726 938 Si
2759 901 2887 940 vero
2925 888 3229 941 monachus
3283 886 3376 950 sit,

1814 989 1908 1036 aut
1947 980 2136 1046 lector,
2170 988 2266 1033 aut
2309 977 2562 1032 monialis
2594 995 2607 1032 :
2644 977 2964 1046 poenitentia
2989 985 3229 1046 peracta,
3264 983 3380 1031 sta-

1816 1071 1909 1123 tim
1938 1069 2120 1123 divina
2154 1067 2495 1123 Eucharistia
2529 1068 2798 1122 donetur:
2827 1064 3283 1136 quemadmodum
3325 1073 3380 1119 et

1815 1163 1882 1216 de
1933 1161 2091 1215 laicis
2141 1160 2499 1221 censendum,
2550 1159 2706 1221 viris,
2765 1159 3004 1220 feminis,
3060 1157 3375 1228 puerisque.

1816 1251 2161 1307 Manifestum
2193 1260 2276 1306 est
2305 1262 2483 1305 autem
2509 1260 2563 1305 et
2590 1252 2642 1304 in
2678 1251 2760 1305 his
2788 1251 3081 1304 discrimen
3107 1264 3228 1304 esse
3251 1264 3379 1319 per-

1815 1358 2097 1407 sonarum,
2129 1343 2430 1412 dignitatis,
2462 1353 2515 1396 et
2544 1343 2717 1396 aetatis
2750 1360 2764 1397 :
2800 1351 2859 1396 ut
2888 1342 2975 1396 vel
3004 1357 3113 1397 una
3142 1341 3380 1410 quadra-

1815 1436 2020 1506 gesima
2070 1437 2202 1490 satis
2240 1436 2288 1489 ei
2343 1436 2414 1489 sit
2462 1435 2556 1504 qui
2603 1434 2979 1504 paenitentiam
3032 1434 3249 1502 accipit.
3285 1431 3376 1485 Li-

1815 1526 1978 1595 quido
2009 1532 2225 1580 constat
2254 1535 2432 1578 autem
2471 1524 2873 1594 paenitentiam.
2909 1539 3017 1578 una
3044 1538 3169 1578 cum
3210 1522 3377 1575 dilata

1815 1618 2165 1686 perceptione
2196 1616 2571 1679 Eucharistite,
2604 1614 2889 1684 complecti
2911 1622 2966 1669 et
2998 1613 3296 1675 orationes,
3326 1622 3381 1666 et

1816 1723 2054 1778 genuum
2081 1707 2364 1769 ﬂexiones,
2411 1717 2465 1761 et
2510 1705 2900 1760 abstinentiam
2951 1719 2979 1757 a
3027 1703 3185 1767 cibis,
3220 1701 3379 1772 juxta

1817 1798 1961 1851 illius
1986 1798 2078 1866 qui
2119 1813 2335 1866 pmnam
2369 1797 2536 1861 subit,
2569 1796 2884 1851 facultatem
2925 1810 2987 1850 ac
3020 1794 3184 1848 vires.

225 1863 647 1958 Fabi-novel".
678 1921 746 1931 —
770 1892 902 1960 Περὶ
930 1863 1024 1945 τού
1056 1863 1257 1945 διδόναι
1279 1891 1430 1963 δῶρα
1456 1893 1513 1945 ὲν
1547 1909 1710 1964 μονα-

1885 1863 2237 1960 Interrogatio
2272 1888 2359 1942 111.
2401 1918 2471 1928 -
2527 1887 2602 1942 De
2651 1887 2849 1953 donis,
2901 1902 2969 1942 an
3027 1886 3377 1941 monasteriis

118 1984 394 2054 πηρὶοις
415 1983 680 2054 ἀνδρείοις
704 2001 762 2036 τε
787 1984 882 2037 καὶ
905 1983 1256 2052 γυναικείοις.

213 2072 582 2140 Ἀπόκρισις.
614 2102 684 2112 —
713 2074 920 2141 Δοτέον,
942 2077 990 2128 εί
1012 2075 1119 2128 εἰσὶ
1157 2074 1562 2145 πεφυλαγμένοι
1613 2075 1712 2146 τῆς

120 2162 198 2216 αἱ
210 2162 431 2234 ρετικῆς
460 2163 762 2227 κοινωνίας.

216 2252 543 2321 Ἐρώτησις
571 2255 644 2308 Δ’.
666 2285 738 2294 --
763 2255 898 2325 Περὶ
915 2257 1008 2310 τοῦ
1059 2259 1150 2326 ἀφ’
1187 2259 1392 2313 ἑαυτῶν
1440 2261 1716 2313 κοινωνεῖν

124 2345 171 2415 ἢ
205 2340 598 2415 μονάζονταςῆ
635 2345 967 2414 μοναζούσας
991 2347 1099 2402 τῶν
1135 2349 1509 2420 ἀγιασμάτων.

235 2518 596 2587 Ἀπόκρισις.
614 2520 815 2587 -ρύκ
841 2521 959 2586 ἐξὸν
989 2523 1254 2578 ἅπτεσθαι
1279 2525 1399 2578 οὐδὲ
1420 2525 1528 2578 τῶν
1558 2527 1718 2580 θείων

130 2611 515 2681 ἀναθημάτων
555 2614 681 2676 τοὺς
732 2613 835 2678 ἔξω
867 2616 1162 2686 ἱερωσύνης
1197 2634 1212 2649 ο
1272 2617 1410 2688 πλὴν
1466 2620 1512 2670 εί
1557 2620 1628 2687 μή
1664 2635 1715 2671 τι

136 2702 292 2754 κατᾶ
326 2702 504 2754 πᾶσαν
530 2701 793 2774 ἀνάγκην,
847 2705 920 2776 μὴ
968 2707 1352 2777 εὑρισκομένου
1416 2706 1714 2777 πρεσϐυτέ-

137 2808 249 2861 ρου
305 2791 337 2861 ἢ
381 2791 647 2857 διακόνου,
696 2793 787 2862 ἀφ’
840 2795 1044 2849 ἑαυτῶν
1093 2797 1336 2867 μετέχειν
1373 2799 1466 2850 τοῦ
1518 2797 1708 2868 δώρου.

137 2879 325 2933 Τοῦτο
345 2880 402 2932 δὲ
429 2881 581 2947 πῶς;
607 2882 891 2954 τιθεμένης
914 2885 1094 2954 βίϐλου
1131 2885 1299 2956 ἱερᾶς,
1327 2887 1421 2938 καὶ
1445 2886 1713 2955 ὲφαπλου-

144 2975 327 3042 μένης
382 2971 572 3042 ὀθόνης
615 2973 880 3045 καθαρᾶς,
920 2975 953 3045 ἢ
1007 2978 1157 3046 ίερᾶς
1195 2976 1710 3046 ἐπικαλυμματίδος,

140 3065 333 3116 ἐκεῖσε
361 3063 453 3114 τοῦ
477 3062 650 3132 δώρου
682 3065 788 3116 ἀπὸ
811 3065 990 3135 χειρὸς
1025 3067 1121 3118 σὺν
1166 3065 1316 3135 φόϐῳ
1365 3066 1718 3136 προτεθέντος

147 3153 300 3226 μετά
333 3155 431 3226 τὴν
481 3155 776 3226 ὑμνῳδίαν,
823 3156 930 3208 ἀπὸ
992 3157 1257 3226 στόματος
1305 3158 1576 3228 ληπτέονο
1621 3156 1720 3212 εἷθ’

142 3245 329 3308 οὕτως
346 3245 678 3309 διακλύσεως
707 3245 853 3299 οἴνου
900 3247 1187 3316 γινομένης
1240 3248 1317 3319 τῷ
1369 3248 1720 3319 λαμϐάνοντι.

239 3339 561 3408 Ἐρώτησις
610 3341 685 3395 Ε’.
712 3368 783 3379 —
833 3341 969 3411 napi.
998 3340 1219 3406 λαῖκῶν,
1269 3340 1476 3411 ἀνδρῶν
1528 3359 1588 3395 τε
1628 3343 1722 3397 καὶ

147 3432 434 3500 γυναικῶν
454 3431 748 3501 όρθοδὸξων
770 3433 828 3497 ἐξ
859 3432 1136 3502 ὀρθοδόξου
1166 3432 1582 3499 κοινωνούντων,
1633 3435 1725 3502 φό-

149 3525 240 3594 ϐῳ
263 3525 320 3579 δὲ
337 3525 665 3596 ἀνθρωπίνῳ
685 3526 852 3579 τᾶλλα
875 3525 1052 3578 πάντα
1102 3527 1214 3587 τοῖς
1256 3526 1548 3596 αίρετικοῖς
1601 3543 1724 3578 συν-

151 3618 618 3688 αναμιγνυμένων
640 3634 656 3652 ·
687 3617 931 3690 πῶς.χρὴ
961 3619 1086 3681 τοὺς
1111 3615 1569 3688 ἁκριϐευομὲνους
1596 3618 1725 3689 περὶ

153 3710 342 3764 αὐτῶν
377 3710 540 3780 ἔχειν.

246 3802 599 3870 Ἀπόκρισις.
633 3834 700 3846 -
743 3795 874 3856 Ἀπὸ
929 3804 1025 3872 μὲν
1069 3805 1342 3874 ἱερατικοῦ
1401 3807 1568 3877 ἤγουν
1595 3821 1724 3874 πρε-

169 3891 437 3963 σϐυτέρου
474 3893 568 3946 καὶ
595 3894 862 3958 διακόνου,
893 3896 1213 3964 μονάζοντός
1236 3916 1295 3950 τε
1339 3898 1432 3952 καὶ
1469 3894 1727 3968 μοναζού-

163 4003 287 4057 σης,
315 3987 578 4055 ἀφεκτέον
606 3987 902 4040 συνεσθίειν
935 3988 1024 4041 τὸν
1051 3990 1426 4060 ἡκριϐωμένον
1456 4007 1472 4021 ο
1504 3989 1602 4042 οὐκ
1649 3981 1727 4040 οῖ-

159 4081 230 4132 δα
254 4081 302 4132 εί
340 4081 411 4150 μή
443 4097 495 4132 τι
524 4079 832 4150 οἰκονομίας
862 4080 1068 4150 τρόπῳ,
1104 4081 1378 4134 καὶτοῦτο
1427 4077 1727 4133 σπανιώτε-

165 4189 282 4243 ρον.
323 4173 454 4226 Ἀπδ
473 4173 527 4225 δὲ
545 4173 652 4225 τῶν
682 4173 903 4236 λαῖκῶν,
929 4173 1218 4244 ἀδιάφορον
1259 4174 1322 4227 τὸ
1378 4170 1672 4226 συνεσθίειν
1709 4185 1723 4199 ⁸

163 4262 271 4316 κᾶν
298 4262 436 4334 τύχῃ
466 4263 724 4326 πολλάκις
750 4263 843 4317 καὶ
859 4268 1134 4317 κοινωνεῖν
1167 4265 1328 4318 αὑτὸν
1351 4263 1500 4334 φόϐῳ
1539 4265 1603 4331 τῇ
1638 4261 1726 4312 αἱ-

164 4356 340 4424 ρέσει,
376 4355 567 4424 ἔχοντα
593 4354 649 4407 δὲ
669 4356 818 4425 ὅμως
845 4354 1122 4426 όρθόδοξον
1152 4355 1210 4409 τὸ
1259 4356 1530 4425 φρόνημα.
1578 4351 1726 4421 Πλὴν

163 4447 258 4497 ἵνα
276 4444 348 4514 μὴ
383 4443 678 4497 ἀκόλαστον
704 4444 787 4514 εἴη
808 4443 868 4498 τὸ
906 4444 1207 4515 ἁμάρτημα
1233 4485 1248 4510 ,
1299 4444 1490 4515 μικρδν
1548 4441 1725 4494 ἐπιτί-

1819 1987 1930 2034 tum
1954 1981 2192 2034 virorum
2223 1989 2337 2034 tum
2373 1978 2699 2033 feminarum
2736 1978 2853 2032 dari
2876 1978 3129 2032 debeant.

1892 2070 2194 2139 Responsio.
2226 2100 2296 2112 —
2325 2069 2508 2123 Danda
2543 2079 2687 2134 sunt,
2726 2069 2772 2124 si
2804 2068 3023 2138 quidem
3056 2069 3092 2122 ii
3134 2067 3244 2121 sint
3269 2066 3382 2121 hae-

1816 2161 1998 2217 retica:
2031 2161 2436 2217 communionis
2468 2170 2743 2229 expertes.

1888 2249 2244 2321 Interrogatio
2275 2249 2365 2305 ιν.
2397 2281 2467 2291 -
2509 2250 2580 2306 De
2627 2249 3015 2306 communione
3064 2264 3232 2304 sacra:
3272 2249 3383 2302 Eu-

1818 2343 2111 2409 charistia,
2151 2359 2315 2413 quam
2349 2359 2444 2414 per
2478 2359 2538 2400 se
2567 2343 2670 2414 ipsi
2709 2342 2961 2397 monachi
3000 2342 3080 2397 vel
3112 2340 3380 2396 moniales

1819 2435 2113 2504 accipiant.

1889 2524 2197 2595 Responsio.
2226 2555 2298 2566 —
2320 2526 2401 2580 Ne
2433 2541 2590 2581 sacra
2621 2525 2840 2595 quidem
2880 2522 3109 2580 donaria
3158 2530 3379 2591 tangere

1819 2616 2025 2670 licitum
2059 2626 2143 2671 est
2169 2617 2237 2671 iis
2273 2618 2365 2688 qui
2412 2617 2723 2671 sacerdotes
2754 2631 2862 2671 non
2904 2626 3031 2670 sunt
3062 2632 3074 2668 :
3106 2629 3228 2675 nec,
3272 2613 3385 2667 nisi

1823 2707 1960 2762 forte
1990 2709 2314 2763 necessitate
2340 2719 2582 2779 urgente,
2618 2709 2663 2763 si
2692 2709 2831 2762 desit
2863 2708 3140 2776 presbyter
3160 2706 3241 2760 vel
3264 2705 3382 2760 diu-

1825 2815 2033 2867 conus;
2067 2816 2161 2871 per
2213 2802 2450 2871 seipsum
2509 2817 2723 2856 sumere
2764 2799 3183 2854 Eucharistiant.
3232 2798 3381 2854 Istud

1825 2902 2005 2946 autem
2040 2907 2150 2963 quo
2188 2893 2387 2962 pacto?
2420 2891 2606 2946 Posito
2652 2907 2806 2947 sacro
2837 2892 2997 2955 libro,
3049 2899 3383 2959 extensoque

1825 2997 1959 3051 puro
2004 2983 2190 3045 linteo,
2246 2991 2340 3036 aut
2386 2997 2544 3036 sacro
2590 2983 2877 3046 velamine,
2933 2981 3178 3061 deposita
3231 2981 3382 3049 prius

1825 3075 1936 3130 illic
1989 3091 2020 3132 e
2071 3091 2236 3130 manu
2269 3091 2390 3130 cum
2443 3083 2589 3129 metu
2641 3090 2796 3129 sacra
2851 3073 3219 3138 Eucharistia,
3260 3083 3385 3142 post

1828 3165 2153 3235 hymnorum
2204 3166 2604 3230 recitationem,
2638 3180 2734 3218 ore
2784 3165 2926 3218 sumi
2961 3164 3138 3218 debet.
3167 3163 3382 3228 Postea,

1825 3257 1917 3327 qui
1949 3257 2183 3325 accepit,
2224 3257 2447 3310 abluere
2484 3270 2546 3310 os
2579 3257 2708 3310 vino
2741 3256 2917 3310 debet.

1893 3344 2249 3416 Interrogatio
2285 3344 2431 3399 V.~—
2451 3345 2525 3400 De
2558 3346 2733 3408 laicis,
2756 3345 2890 3400 viris
2919 3359 2983 3399 ac
3039 3343 3382 3399 feminis.or-

1825 3438 2104 3504 thodoxis,
2136 3439 2230 3506 qui
2255 3438 2323 3491 ab
2349 3438 2658 3491 orthodoxo
2685 3439 3115 3501 communicant,
3148 3437 3387 3489 humano

1825 3540 2004 3584 autem
2049 3530 2243 3583 timore
2294 3529 2348 3582 in
2394 3529 2604 3583 caeteris
2638 3527 2897 3582 omnibus
2941 3543 3064 3582 cum
3118 3526 3387 3580 haereticis

1825 3621 2164 3675 miscentur:
2196 3620 2470 3689 quomodo
2506 3619 2627 3672 illos
2655 3626 2926 3688 oporteat,
2955 3619 3047 3687 qui
3087 3619 3387 3672 exactioris

1825 3715 2125 3784 disciplinae
2154 3713 2383 3768 studiosi
2416 3722 2561 3776 sunt,
2586 3728 2710 3766 cum
2742 3713 2826 3766 Itis
2858 3727 2915 3766 se
2945 3727 3153 3782 gerere.

1899 3803 2212 3873 Responsio.
2253 3833 2323 3843 -—
2353 3801 2522 3856 Sacro
2576 3803 2794 3867 quidem
2850 3802 3078 3865 homini,
3126 3801 3230 3854 hoc
3281 3808 3387 3863 est,

1826 3897 2138 3965 presbytero
2172 3903 2225 3948 et
2249 3894 2500 3956 diacono,
2532 3893 2730 3947 deinde
2762 3894 3032 3947 monacho
3061 3901 3115 3947 et
3141 3891 3389 3954 moniali,

1827 3987 2125 4042 cavendum
2168 4001 2234 4039 ex
2275 3986 2561 4054 disciplina
2595 3986 2868 4039 exactiore
2916 4000 2984 4039 ne
3023 3999 3143 4037 cum
3179 3985 3280 4049 his,
3311 3984 3392 4037 ci-

1825 4078 1957 4133 bum
1982 4084 2164 4131 sumat
2189 4094 2200 4129 :
2235 4075 2342 4130 nisi
2367 4074 2503 4129 forte
2532 4087 2626 4142 per
2655 4075 3076 4145 dispensationis
3099 4075 3388 4144 quemdam

1827 4170 2076 4233 modum,
2127 4176 2182 4222 et
2216 4166 2320 4221 hoc
2352 4167 2532 4236 ipsum
2568 4168 2766 4221 rarius.
2808 4167 2985 4222 Laicis
3023 4182 3153 4221 vero
3183 4167 3390 4221 licitum

1827 4270 1930 4326 est,
1972 4260 2155 4315 cibum
2186 4275 2310 4313 cum
2359 4258 2445 4314 his
2481 4273 2716 4327 capere:
2749 4259 2962 4314 etiamsi
3001 4274 3142 4328 saepe
3174 4259 3392 4313 contin-

1829 4361 1918 4422 gat
1940 4350 2041 4406 hos
2065 4365 2131 4405 ex
2157 4360 2302 4404 metu
2328 4350 2732 4404 communicare
2775 4350 2964 4405 haeresi
2994 4368 3008 4416 ;
3032 4353 3156 4403 dum
3191 4361 3393 4403 rectam

1829 4443 2045 4496 interim
2089 4441 2249 4495 fidem
2292 4441 2476 4495 animo
2506 4448 2750 4495 teneant.
2781 4438 3009 4506 Tamen,
3045 4456 3112 4494 ne
3155 4441 3396 4509 impuni-

167 4553 293 4604 μιον
318 4534 632 4589 ὲπιδιδόσθω
664 4537 771 4598 τοῖς
800 4535 1179 4605 ἀδιαφοροῦσιν
1210 4538 1273 4588 ὲκ
1301 4535 1466 4604 φόϐου
1493 4536 1604 4596 τοῖς
1638 4532 1721 4584 αἱ-

1834 4543 1948 4588 tum
1989 4533 2061 4588 sit
2088 4532 2366 4600 dilectum,
2403 4532 2597 4601 exigua
2635 4532 2950 4602 imponatur
2991 4548 3148 4601 poena
3198 4533 3263 4586 iis
3300 4531 3395 4600 qui

163 4627 424 4697 ρετικοῐς.
459 4625 533 4676 Τὸ
558 4624 613 4677 δὲ
643 4624 933 4693 ἐπιτίμιον,
952 4622 1283 4691 γονυκλισίαι
1321 4621 1730 4683 πεντεκαίδεκα,

165 4712 327 4782 εὐχαὶ
354 4712 635 4776 ὡσαύτως
666 4714 858 4780 Κύριε,
880 4710 1278 4781 συγχώρησόν
1291 4729 1388 4781 μοι
1413 4712 1527 4780 τὴν
1549 4711 1732 4779 ἀμαρ-

169 4807 306 4858 τίιιν
331 4821 345 4835 ·
390 4807 580 4873 Κύριε,
610 4802 888 4870 ίλὰσθητί
909 4821 1010 4873 μοι
1038 4800 1116 4867 τῷ
1144 4802 1465 4871 ἁμαρτωλῷ
1495 4819 1507 4833 ·
1533 4803 1727 4872 Κύριε,

167 4893 430 4962 ἐλέησόν
448 4910 524 4963 με
561 4908 577 4925 ⁶
607 4892 713 4946 ἀπὸ
741 4893 1095 4962 πεντήκοντα,
1136 4892 1252 4962 ἦτοι
1278 4893 1489 4945 ἑκατόν.

253 5068 574 5137 Ἐρώτησις
603 5065 858 5134 ς’.-Εί
895 5069 1000 5139 χρὴ
1059 5069 1170 5131 τοῖς
1205 5069 1570 5138 συμψάλλουσι
1622 5071 1736 5135 τοῖς

170 5163 487 5234 αίρετικοϊς,
522 5159 880 5230 ἀπεχομένοις
901 5161 956 5213 δὲ
981 5161 1078 5230 τῆς
1109 5161 1389 5224 κοινωνίας
1419 5162 1617 5225 αύτῶν,
1670 5162 1736 5214 ἀν

170 5273 230 5308 τε
263 5253 640 5324 πρεσϐυτέρῳ,
668 5252 733 5305 ἄν
771 5269 830 5305 τε
870 5252 1117 5321 διακόνῳ,
1151 5254 1214 5306 ἀν
1262 5269 1319 5305 τε
1351 5252 1542 5322 λαῖκῷ,
1581 5254 1646 5307 ἀν
1677 5271 1736 5306 τε

171 5341 411 5409 γυναικὶ,
443 5339 777 5410 μεταδιδόναι
807 5338 913 5392 τῶν
941 5341 1293 5411 ἀγιασμάτων
1324 5341 1414 5394 τὸν
1463 5341 1738 5411 ὀρθὸδοξον

175 5432 347 5502 ἱερέα.

261 5529 610 5598 Ἀπόκρισις.
646 5557 717 5569 ——
770 5528 843 5582 Τὸ
876 5529 971 5600 μὲν
1007 5523 1099 5582 οὖν
1135 5529 1488 5598 μεταδιδόναι,
1519 5530 1739 5598 μεταδι-

174 5621 308 5674 δὸτω
338 5637 351 5649 ·
370 5623 484 5684 τοῖς
519 5623 619 5690 μὲν
653 5621 990 5691 ίερωμένοις,
1011 5622 1366 5692 οίκονομικῶς
1402 5621 1538 5692 μετὰ
1569 5622 1741 5674 ἒπιτι-

180 5715 324 5784 μίου,
366 5713 452 5767 διὰ
489 5713 588 5784 τὴν
638 5713 772 5782 πρὸς
822 5715 948 5776 τοὺς
996 5715 1306 5784 αίρετικοὺς
1347 5712 1649 5783 ἀπαγωγὴν
1684 5715 1742 5766 ὲν

177 5808 284 5866 τοῖς
311 5805 490 5867 ἀλλοις
516 5821 532 5836 ο
566 5807 677 5867 τοῖς
698 5805 755 5856 δὲ
786 5805 992 5868 λαῖκοῖς
1027 5805 1155 5858 ἄνευ
1190 5807 1489 5876 ἐπιτιμίου.
1527 5808 1660 5876 Περὶ
1686 5806 1740 5860 δὲ

183 5897 270 5950 τοῦ
299 5897 502 5950 διετίαν
531 5896 744 5963 ἔχοντος
787 5896 1131 5964 ἀναγνώστου
1181 5901 1238 5950 ἐν
1285 5903 1350 5968 τῇ
1409 5901 1582 5969 ἀποχῇ
1647 5900 1740 5969 τῆς

1827 4641 1952 4682 cum
2011 4626 2279 4680 haereticis
2330 4641 2396 4680 ex
2437 4635 2582 4680 metu
2623 4627 2937 4695 promiscue
2991 4635 3178 4695 agunt.
3229 4623 3395 4678 Pmna

1831 4733 1997 4783 vero,
2054 4719 2366 4788 quindecim
2423 4717 2684 4773 ﬂexiones
2735 4733 2996 4787 genuum,
3054 4718 3394 4785 precationes

1835 4811 2051 4864 totidem
2082 4829 2096 4864 :
2129 4810 2368 4874 Domine,
2399 4811 2602 4880 ignosce
2643 4811 2773 4862 milii
2803 4809 2900 4862 hoc
2936 4820 3244 4878 peccatum;
3287 4807 3395 4859 Do-

1833 4901 1992 4965 mine,
2022 4902 2279 4970 pr0pitius
2313 4911 2422 4953 esto
2453 4900 2580 4952 mihi
2614 4903 2913 4968 peccatori;
2947 4899 3192 4965 Domine,
3242 4900 3397 4952 mise-

1835 5008 1946 5045 rere
1975 4995 2115 5055 mei;
2144 4993 2501 5063 quinquagies
2532 4994 2614 5046 vel
2642 4993 2871 5048 centies.

1909 5081 2264 5154 Interrogatio
2301 5083 2385 5136 Vl.
2430 5114 2498 5124 —
2521 5085 2599 5136 An
2632 5093 2883 5153 oporteat
2913 5084 2978 5138 iis
3012 5084 3106 5154 qui
3137 5099 3261 5139 cum
3287 5083 3392 5139 hae-

1836 5175 2024 5240 reticis
2052 5175 2212 5229 simul
2246 5176 2500 5245 psallunt,
2543 5176 2610 5229 ab
2645 5178 2886 5246 ipsorum
2921 5187 3099 5230 autem
3145 5191 3392 5230 commu-

1838 5266 2002 5321 nione
2057 5268 2357 5332 abstinent,
2403 5269 2517 5322 sive
2563 5268 2900 5339 presbytero,
2966 5268 3084 5320 sive
3135 5267 3394 5330 diacono,

1838 5359 1954 5412 sive
1990 5360 2151 5424 laico,
2185 5360 2300 5414 sive
2334 5360 2572 5427 mulieri,
2608 5359 3006 5417 Eucharistiam
3037 5359 3301 5431 impertiri
3329 5361 3399 5416 ab

1838 5444 2144 5504 orth'odoxo
2172 5451 2476 5506 sacerdote.

1911 5540 2213 5612 Responsio.
2257 5572 2326 5584 —
2367 5543 2522 5611 Quod
2578 5546 2643 5600 ad
2688 5543 3112 5614 impertiendum
3165 5545 3398 5614 attinet,

1842 5635 2183 5705 impertiatur
2229 5635 2415 5706 utique
2446 5651 2459 5688 :
2491 5636 2871 5690 sacerdotibus
2916 5637 3135 5706 quidem
3195 5652 3262 5692 ex
3314 5639 3400 5692 di-

1843 5725 2188 5794 spensatione
2224 5742 2347 5782 cum
2378 5724 2716 5795 paenitentia,
2755 5725 2900 5797 quod
2933 5726 3000 5779 ab
3029 5725 3303 5782 haereticis
3343 5728 3396 5784 in

1844 5817 1965 5872 aliis
2004 5817 2166 5870 rebus
2191 5832 2249 5871 se
2286 5815 2606 5871 abstrahant
2635 5835 2649 5871 :
2680 5816 2838 5872 laicis
2867 5824 3045 5870 autem
3078 5817 3196 5870 sine
3223 5818 3395 5885 [ιωηί-

1846 5907 2027 5964 tentia.
2062 5905 2257 5962 Lector
2302 5922 2430 5964 vero
2463 5907 2505 5962 si
2538 5907 2648 5976 jam
2686 5925 2780 5978 per
2812 5909 3090 5965 biennium
3143 5909 3391 5963 haeretica
