3976 6322
638 364 771 428 1663

1807 385 1868 448 S.
1899 387 2288 451 THEODORI
2339 393 2682 460 STUDITIE

3765 403 3893 467 166-5

635 480 1019 537 communione
1043 483 1327 550 abstinuit,
1359 502 1574 558 aequum
1604 498 1687 546 est
1717 508 1842 548 eum
1873 497 2168 566 participen

2297 505 2580 577 αἱρετικῆς
2627 508 2930 575 κοινωνίας,
2996 509 3201 564 δίκαιον
3246 509 3507 581 μετέχειν
3551 511 3733 566 αὐτὸν
3791 515 3888 566 ein

635 572 751 625 fieri
785 588 952 628 sacrae
980 573 1358 643 Eucharistiae,
1407 581 1508 635 etsi
1539 581 1592 634 in
1625 583 1748 639 aliis
1793 585 2049 655 abreptus
2080 589 2191 644 fue-

634 660 725 712 rit.
763 659 838 715 Ex
871 663 1274 732 dispensatione
1299 677 1477 723 autem
1509 669 1620 725 haec
1643 672 1784 728 dicta
1815 685 1941 730 sunt
1971 689 2191 747 propter

634 748 1422 825 hominum'imbecillitatem;
1490 777 1557 815 ne
1611 763 1738 816 dum
1789 781 1882 821 eos
1937 778 2189 836 optamus

632 840 836 896 eilicere
872 845 1019 898 omni
1050 846 1300 901 haeretica
1327 854 1721 920 conspersione
1749 871 1939 924 puros,
1970 858 2188 916 incaute

632 931 778 999 ipsos
808 935 858 986 in
891 937 1076 990 eadem
1114 939 1355 1005 pericula
1389 944 1762 1012 conjiciamns.

701 1022 1054 1095 Interrogatio
1103 1028 1212 1083 Vll.
1245 1059 1314 1071 --
1363 1033 1447 1086 An
1497 1046 1743 1104 oporteat
1796 1054 1904 1093 una
1961 1041 2186 1109 psallere

630 1131 751 1169 cum
794 1117 860 1173 iis
893 1121 985 1188 qui
1042 1123 1309 1179 haereticis
1366 1132 1914 1186 non-communicant
1940 1135 2181 1202 quidem,

626 1205 720 1258 sed
752 1221 874 1260 cum
912 1209 978 1262 iis
1012 1210 1181 1266 libere
1214 1226 1382 1282 agunt
1415 1218 1465 1270 in
1503 1218 1621 1272 aliis
1662 1221 1822 1276 rebus
1854 1241 1867 1277 :
1903 1233 1997 1278 aut
2033 1228 2180 1282 acci-

625 1311 754 1365 pere
787 1298 1093 1356 oblationes
1124 1303 1191 1358 ab
1222 1305 1376 1374 ipsis,
1413 1323 1507 1363 seu
1536 1324 1741 1375 ceram,
1775 1330 1869 1368 seu
1909 1317 2108 1371 oleum.

689 1386 996 1456 Responsio.
1036 1421 1092 1428 —-
1126 1393 1180 1448 Si
1212 1397 1430 1465 quidem
1473 1405 1782 1460 sacerdotes
1810 1406 2033 1474 fuerint,
2077 1425 2178 1466 nec

616 1757 838 1815 propter
871 1752 1172 1808 sacerdotis
1205 1757 1545 1827 dignitatem.

688 1839 1051 1911 Interrogatio
1099 1847 1234 1902 Vlil.
1285 1880 1352 1890 ——
1394 1852 1474 1905 An
1529 1854 1657 1909 licet
1708 1857 1862 1913 nobis
1905 1861 2168 1929 precatio-
2200 1882 2243 1936 Β

616 1943 738 1982 nem
772 1931 1028 1988 adbibere
1073 1936 1138 1990 iis
1174 1939 1266 2007 qui
1303 1951 1556 2008 p0scunt,
1596 1955 1689 1998 aut
1728 1946 1904 2002 oleum
1946 1948 2167 2005 benedi-

614 2035 760 2084 cere,
816 2032 911 2076 aut
962 2040 1144 2082 ceram
1202 2032 1544 2101 accendere,
1607 2045 1734 2092 aute
1792 2053 1950 2096 sacro
1999 2043 2170 2097 calice

611 2108 795 2165 bibere
813 2112 835 2166 ?

682 2200 989 2271 Responsio.
1017 2240 1086 2252 —
1117 2210 1174 2266 Si
1206 2213 1519 2271 heterodoxi
1555 2228 1722 2292 sunt,
1757 2223 1985 2279 minime
2024 2241 2038 2279 :
2065 2225 2167 2281 etsi

611 2308 733 2348 cum
779 2295 883 2352 fide
917 2301 1199 2358 accedant.
1237 2304 1404 2363 Nulla
1433 2310 1570 2364 enim
1607 2313 1830 2368 societas
1855 2314 1964 2369 luci
1995 2318 2064 2370 ad
2092 2327 2167 2372 ιε-

609 2385 795 2438 nebras
818 2387 885 2439 ³³.

681 2475 1040 2550 Interrogatio
1080 2480 1172 2538 IX.
1219 2515 1290 2526 —-
1326 2485 1383 2540 Si
1435 2491 1734 2546 monachus
1781 2506 1874 2548 aut
1913 2496 2167 2553 monialis

608 2569 677 2622 ad
711 2585 811 2625 nos
844 2575 1053 2627 venerit
1083 2575 1278 2630 divina:
1316 2576 1668 2636 EuchariStiae
1699 2599 1884 2650 causa,
1918 2602 2167 2655 quamam

607 2659 872 2729 exigenda
921 2662 1197 2720 confessio
1236 2678 1339 2734 est,
1395 2669 1510 2735 ubi,
1552 2685 1662 2742 quo
1710 2675 1820 2729 sint
1869 2678 1944 2732 illi
1995 2687 2161 2748 statu,

606 2750 809 2805 lateat?

678 2842 1261 2912 Responsio.—Omni
1314 2851 1553 2907 venienti
1596 2854 1955 2922 impertienda
2012 2843 2163 2913 com-

605 2936 812 2991 nnunio.
839 2937 884 2991 si
919 2953 1027 3008 quo
1074 2939 1126 2992 in
1163 2949 1304 2996 statu
1340 2943 1412 2998 sit
1449 2944 1756 3014 ignoratur,
1787 2950 2060 3018 rogandus
2095 2966 2161 3006 an

604 3029 968 3082 venerandam
996 3029 1198 3086 Christi
1233 3034 1524 3105 imaginem
1552 3046 1605 3091 et
1630 3049 1943 3095 sanctorum
1979 3045 2121 3098 colat
2147 3062 2160 3098 :

603 3131 672 3170 an
709 3114 882 3186 fugiat
913 3118 1292 3176 haereticorum
1343 3127 1802 3197 communionem,
1848 3147 1949 3187 nec
1995 3136 2158 3190 aliam

601 3207 768 3261 ullam
806 3210 1112 3266 baereticam
1162 3215 1346 3269 animo
1381 3219 1703 3274 sententiam
1736 3231 1932 3277 teneat.
1983 3227 2159 3294 Atque

600 3299 694 3353 ubi
732 3302 914 3355 omnia
945 3302 1228 3359 confessus
1266 3304 1453 3373 fuerit,
1483 3317 1538 3362 et
1575 3309 1848 3365 confessio
1889 3315 2159 3370 tenebitur

598 3405 817 3444 omnem
865 3393 1130 3447 detestata
1179 3395 1464 3464 hazresim;
1522 3407 1651 3454 tunc
1697 3395 2051 3471 impertienda
2108 3406 2158 3461 ei

598 3499 770 3538 sacra:
801 3483 1160 3540 Eucharistize
1184 3488 1499 3543 communio
1526 3497 1630 3545 est.

670 3573 1024 3646 Interrogatio
1069 3576 1136 3630 Χ.
1163 3607 1232 3618 --
1260 3579 1343 3632 An
1396 3581 1555 3636 liceat
1610 3584 1832 3638 moniali
1878 3601 2074 3655 aquam
2125 3603 2156 3642 e

597 3681 757 3720 sacro
790 3669 960 3722 calice
990 3669 1198 3724 bibere.
1236 3667 1331 3741 [Ut
1358 3682 1486 3739 puta
1513 3673 1762 3729 sanitatis
1792 3675 2004 3749 causa.]

666 3756 972 3825 Responsio.
1003 3789 1074 3798 —
1102 3760 1158 3815 in
1195 3777 1406 3817 summa
1436 3765 1736 3820 sacerdotis
1771 3779 1864 3821 aut
1901 3769 2156 3826 monachi

595 3849 844 3917 penuria,
874 3851 944 3904 ob
984 3861 1264 3920 urgentem
1301 3856 1703 3923 necessitatem,
1731 3857 1900 3936 bibat.

670 4022 1025 4095 Interrogatio
1070 4026 1158 4082 XI.
1188 4060 1246 4071 —-
1286 4030 1340 4084 In
1370 4031 1603 4086 transitu
1652 4049 1783 4086 num
1833 4034 2041 4102 ingredi
2071 4035 2156 4092 fas

599 4117 654 4169 in
694 4116 994 4171 Ecclesiam
1024 4135 1186 4186 quam
1230 4121 1518 4178 haereticus
1552 4124 1840 4178 obtineat?

663 4209 973 4277 Responsio.
1007 4242 1071 4250 —
1097 4211 1154 4266 Si
1201 4229 1367 4282 penes
1414 4216 1722 4272 beereticum
1772 4217 2014 4273 Ecclesia
2046 4229 2152 4284 est,

592 4302 816 4355 omnino
843 4318 951 4357 non
1000 4305 1123 4358 licet
1153 4305 1356 4373 ingredi
1404 4307 1665 4361 orationis
1707 4323 1872 4364 causa
1901 4328 1914 4363 :
1950 4310 2052 4365 nisi
2083 4312 2154 4366 ob

592 4391 754 4444 aliam
785 4391 1254 4447 circumstantiam
1285 4409 1404 4463 quae
1430 4405 1671 4450 excuset.

664 4589 1020 4660 Interrogatio
1068 4593 1183 4648 ΧΠ.
1250 4624 1312 4634 -
1347 4595 1589 4665 ignotum
1635 4599 1884 4654 abbatem
1927 4600 1994 4654 ad
2044 4616 2148 4658 nos

591 4683 921 4748 venientem,
960 4700 1026 4738 an
1066 4685 1147 4740 fas
1177 4695 1302 4740 ante
1343 4703 1592 4752 examen,
1626 4699 1685 4745 ut
1714 4701 1965 4747 sanctum
1996 4709 2147 4748 com-

592 4771 816 4839 pellare,
854 4787 917 4825 ac
947 4775 1315 4841 precationem
1353 4777 1419 4831 ab
1450 4793 1514 4832 eo
1548 4795 1792 4849 poscere.

663 4861 975 4932 Responsio.
1008 4895 1076 4904 —
1103 4866 1551 4938 Quandoquidem
1599 4880 1808 4941 tempus
1860 4883 1942 4928 est
1983 4875 2152 4930 haere-

592 4954 690 5016 sis,
733 4963 859 5007 ante
904 4970 1132 5009 examen
1178 4973 1284 5011 non
1339 4970 1550 5028 oportet
1579 4977 1791 5032 neque,
1823 4963 2141 5032 Benedicite,

590 5047 784 5110 sancti,
841 5047 1045 5112 dicere,
1101 5064 1200 5103 nec
1255 5052 1621 5119 precationem
1677 5055 1744 5110 ab
1792 5071 1857 5110 eo
1901 5072 2145 5126 poscere.

592 5136 911 5192 Communis
950 5155 1079 5192 vero
1124 5140 1434 5210 deneganda
1468 5159 1572 5197 non
1625 5154 1710 5201 est
1742 5147 2020 5214 salutatio,
2063 5165 2149 5205 se-

594 5226 833 5281 cundum
871 5229 1042 5283 sancti
1075 5229 1260 5283 Basilii
1295 5233 1759 5289 constitutionem.

664 5319 1021 5391 Interrogatio
1085 5322 1217 5376 Xlll.
1249 5353 1318 5363 —
1347 5323 1421 5379 De
1452 5338 1634 5395 puteo,
1683 5329 1729 5383 si
1767 5330 2008 5399 pollutus
2052 5333 2143 5398 sit,

597 5424 663 5460 an
714 5424 924 5476 precem
974 5426 1227 5480 peragere
1268 5423 1510 5480 oporteat
1551 5416 1913 5474 orthodoxum
1964 5435 2158 5477 sacer-

595 5498 792 5553 dotem.

667 5783 710 5820 "
758 5780 799 5838 ιι
823 5781 948 5838 Cor.
977 5801 1049 5851 rt,
1084 5785 1170 5841 Η.

2291 593 2662 665 ἁγιασμάτων,
2690 599 2791 652 κᾶν
2822 601 2880 651 ὲν
2903 600 3017 662 τοῖς
3045 599 3225 661 ἄλλοις
3254 601 3693 672 συναπαγηται.
3730 605 3879 655 Οίκοη

2289 687 2526 752 νομικῶς
2551 688 2609 740 δὲ
2637 689 2810 742 ταῦτα
2834 690 3048 760 εἴρηται
3071 689 3159 742 διὰ
3183 693 3283 757 τὴν
3311 691 3623 745 ἀσθένειαν
3653 692 3773 745 τῶν
3804 695 3885 744 ὼε-

2289 770 2519 842 Θρώπων
2549 793 2563 806 ·
2595 793 2670 839 ως
2697 776 2764 828 ἂν
2794 779 2864 847 μὴ
2894 780 3068 848 πάντη
3104 778 3396 848 ζητοῦντες
3457 781 3677 843 αὐτοὺς
3727 781 3870 834 καθα

2287 865 2415 933 ροὺς
2471 869 2643 919 ποιεῖν
2690 869 2788 937 τῆς
2824 869 3102 938 αἱρετικῆς
3153 870 3552 939 συμφύρσεως,
3621 871 3884 942 λάθωμεν

2287 955 2365 1017 είς
2393 957 2530 1010 αὑτά
2550 958 2618 1011 τὰ
2639 961 2827 1030 καίρια
2858 962 3221 1030 παραλύοντες
3255 962 3481 1025 αὐτούς.

2371 1047 2688 1115 Ἐρώτησις
2715 1053 2789 1104 Z'.
2816 1079 2884 1091 —
2914 1053 2974 1104 Ei
2997 1053 3074 1105 δεῖ
3113 1053 3451 1121 ωμψάλλειν
3490 1055 3616 1116 τοῖς
3655 1054 3736 1123 μὴ
3774 1071 3878 1105 κοι-

2284 1139 2511 1192 νωνοῦσι
2545 1144 2657 1206 τοῖς
2684 1143 2998 1213 αἱρετικοῖς,
3033 1145 3385 1214 ἀδιαφοροῦσι
3419 1145 3483 1198 δὲ
3516 1147 3580 1198 ὲν
3619 1149 3744 1207 τοῖς
3789 1148 3878 1199 ἀλ-

2283 1230 2421 1294 λοις·
2453 1231 2485 1300 ἦ
2511 1231 2756 1301 δέχεσθαι
2785 1238 3096 1308 προσφορὰς
3124 1239 3255 1308 παρ’
3284 1237 3495 1305 αὐτῶν,
3548 1239 3588 1308 ἢ
3641 1242 3870 1308 κηφῦς.

2281 1322 2313 1392 ἦ
2335 1322 2531 1376 ἔλαιον.

2355 1407 2718 1476 Ἀπόκρισις.
2739 1437 2808 1448 -
2827 1405 2891 1459 Ei
2916 1405 3014 1475 μὲν
3045 1407 3327 1475 ἱερώμενοι
3359 1404 3497 1471 εἷεν,
3534 1413 3640 1459 καὶ
3665 1412 3725 1460 οὐ
3755 1415 3866 1474 τοῖς

2274 1500 2596 1571 ἑτεροδὸξοις
2646 1499 3030 1572 προσφέρουσι,
3060 1498 3421 1569 προσδεκτέον
3472 1500 3546 1551 τὰ
3599 1501 3741 1568 παρ’
3771 1501 3866 1552 αὑ-

2275 1595 2380 1648 τῶν
2411 1595 2879 1664 προσενηνεγμένα
2915 1595 3029 1665 μετ’
3054 1593 3324 1662 ἐπιτιμίου
3353 1593 3527 1654 τινός.
3555 1591 3626 1643 Ei
3651 1592 3710 1642 δὲ
3746 1596 3857 1644 ι.πὶ-

2107 1697 2172 1746 ie,
2273 1688 2381 1752 κοὶ,
2406 1687 2534 1740 ἄνευ
2562 1689 2833 1756 ἐπιτιμίου
2857 1687 3155 1756 προσιτέον.
3199 1687 3292 1738 Δεῖ
3323 1684 3435 1755 γὰρ
3471 1685 3856 1754 διαφορότητα

2273 1773 2410 1828 εἶναι
2440 1775 2526 1827 διὰ
2555 1775 2614 1827 τὸ
2644 1776 2739 1844 τῆς
2764 1776 3054 1844 ἱερωσύνης
3079 1775 3313 1844 ἀξίωμα.

2353 1866 2664 1934 Ἐρώτησις
2690 1869 2770 1923 H'.
2799 1899 2866 1908 —
2897 1870 2959 1921 Ei
2986 1868 3160 1932 ἔξεστι
3204 1869 3379 1920 ποιεῖν
3423 1867 3544 1929 τοῖς
3597 1865 3850 1919 αἰτοῦσιν

2268 1960 2400 2027 ἡμῖν
2427 1959 2612 2028 εὐχὴν.
2640 1960 2671 2029 ἢ
2703 1959 2943 2027 εὐλογεῖν
2977 1959 3172 2024 ἔλαιον,
3216 1959 3250 2029 ἢ
3309 1959 3522 2029 κηροὺς
3557 1957 3850 2021 ἀνάπτειν,

2267 2048 2301 2119 ἢ
2332 2049 2690 2121 ἀπομυρίζειν
2715 2051 2882 2119 am;

2350 2223 2710 2292 Ἀπόκρισις.
2738 2255 2808 2266 —
2854 2223 2980 2278 Ἐὰν
3003 2223 3294 2295 ὲτερὸδοξοί
3325 2223 3490 2288 εἰσιν,
3545 2222 3848 2292 οὐδαμῶς·

2267 2315 2370 2368 κᾶν
2425 2315 2604 2366 πίστει
2637 2315 3060 2386 προσέρχωνται.
3127 2317 3385 2385 οὐθεμια
3413 2314 3528 2386 τὰρ
3560 2319 3853 2370 κοινωνία

2265 2405 2410 2476 φωτί
2435 2405 2582 2474 πρὸς
2610 2409 2850 2472 σκότος.

2348 2497 2665 2565 Ἐρώτησις
2703 2495 2776 2552 Θ’.
2799 2498 3007 2551 -Ἑὰν
3039 2499 3283 2568 μονάζων
3312 2499 3344 2571 ἢ
3382 2501 3708 2571 μονάζουσα
3726 2502 3846 2569 ﬁxos

2269 2586 2401 2654 πρὸς
2433 2588 2580 2655 ἡμᾶς
2604 2587 2697 2640 ἐπὶ
2733 2590 2799 2657 τῇ
2835 2587 2952 2658 θείᾳ
3001 2590 3253 2660 κοινωνίᾳ
3285 2608 3300 2622 ο
3340 2591 3602 2661 ποταπὴν
3659 2593 3848 2660 ὁμολο-

2263 2679 2387 2747 γίαν
2437 2679 2761 2750 ἀπαιτητέον
2816 2677 2904 2732 διὰ
2949 2679 3007 2732 τὺ
3051 2680 3392 2747 ἀδιάγνωστα
3424 2677 3571 2735 εἶναι
3621 2683 3695 2736 τὰ
3724 2684 3848 2736 κατ’

2263 2770 2491 2834 αὑτούςς

2347 2861 2708 2927 Ἀπόκρισις.
2738 2893 2809 2903 -
2864 2863 3047 2918 Πάντα
3087 2863 3178 2916 τὸν
3233 2863 3532 2935 ἐρχόμενον
3570 2870 3841 2938 κοινωνῆ-

2265 2967 2372 3004 σαι.
2408 2950 2469 3003 Ei
2503 2953 2775 3020 ἀγνοεῖται
2803 2954 2870 3006 τὰ
2896 2955 3011 3007 κατ’
3038 2955 3218 3021 αὑτὸν,
3243 2957 3550 3026 ὲρωτητέον
3591 2961 3645 3010 εί
3677 2977 3840 3028 προσ-

2265 3043 2416 3095 κυνεῖ
2443 3043 2542 3111 τὴν
2577 3043 2778 3114 σεπιὴν
2813 3046 2994 3098 εἰκόνα
3013 3046 3247 3116 Χριστοῦ
3288 3048 3382 3100 καὶ
3409 3047 3524 3102 τῶν
3550 3051 3755 3118 ἁγίων⁸
3791 3053 3836 3104 εί

2266 3129 2340 3200 μὴ
2386 3133 2632 3182 κοινωνεῖ
2666 3135 2777 3194 τοῖς
2810 3134 3122 3203 αἱρετικοῖς,
3174 3137 3266 3188 καὶ
3319 3138 3399 3199 είς
3430 3139 3460 3190 ὅ
3489 3155 3542 3190 τι
3592 3139 3665 3192 ἂν
3711 3141 3839 3194 ἄλλο

2189 3207 2231 3265 C
2264 3218 2630 3288 ὑποπτεύηται
2681 3222 2933 3292 φρόνημα
2984 3223 3305 3291 ἑτερόδοξον.
3353 3226 3466 3278 Καὶ
3527 3226 3664 3279 ὅταν
3695 3231 3834 3283 κατὰ

2259 3311 2433 3362 πάντα
2459 3309 2787 3380 ὁμολογήσῃ,
2819 3313 2914 3364 καὶ
2940 3314 2972 3381 ἠ
3007 3313 3265 3380 ὁμολογία
3294 3313 3523 3378 σώζοιτο
3583 3318 3686 3370 ἐπὶ
3733 3319 3833 3370 πά-

2260 3415 2358 3467 σης
2399 3401 2659 3471 αἱρέσεως
2713 3402 3121 3472 ὰπαγορευτική
3166 3403 3324 3454 ’τότε
3359 3405 3690 3472 μεταδοτέον
3741 3410 3833 3462 καὶ

2258 3492 2713 3560 συγκοινωνητέον
2751 3491 2898 3562 αὐτῷ
2943 3492 3052 3546 τῶν
3085 3493 3453 3562 ἁγιασμάτων.

2326 3583 2639 3652 Ἐρώτησις
2668 3584 2723 3641 ι’.
2754 3617 2821 3627 —
2862 3587 2923 3639 Ei
2969 3587 3145 3653 ἔξεστι
3196 3587 3500 3659 μοναστρία
3555 3584 3829 3661 ἀπομορξ-

2255 3673 2310 3739 ςε
2322 3691 2387 3726 ιν.

2337 3764 2693 3834 Ἀπόκρισις.
2723 3797 2792 3808 -
2832 3767 2920 3832 Ἐξ
2950 3768 3182 3839 ἀπορίας
3229 3769 3412 3840 πάσης
3459 3770 3766 3842 ίερωμένου
3792 3774 3823 3830 ἢ

2257 3855 2597 3923 μονάζοντος,
2639 3857 3042 3928 ἀπομυριζέτω,
3099 3859 3186 3913 διὰ
3243 3859 3339 3930 τὴν
3388 3863 3823 3931 κατεπείγουσιν

2253 3945 2515 4014 ἀνάγκην.

2337 4037 2649 4107 Ἐρώτησις
2685 4039 2788 4092 IA’.
2813 4069 2880 4080 —
2908 4039 3003 4100 Είς
3053 4040 3346 4109 ἐκκλησίαν
3383 4042 3529 4094 κατὰ
3589 4044 3820 4113 πάροδον

2231 4127 2359 4180 ’ὑπὸ
2384 4128 2658 4198 αίρετικοῦ
2686 4129 3062 4198 κρατουμένην
3100 4132 3146 4182 εί
3187 4131 3268 4183 δεῖ
3304 4131 3572 4196 είσιέναι;

2336 4222 2692 4289 Ἀπόκρισις.
2720 4251 2790 4260 --
2823 4223 3021 4286 Ἀπαξ,
3057 4223 3104 4274 εί
3132 4222 3234 4275 ὑπὸ
3273 4222 3557 4294 αίρετικοῦ
3588 4241 3816 4296 κρατου-

2255 4312 2389 4383 μένη
2435 4311 2695 4382 ἐκκλησία
2749 4313 2937 4378 ἐστὶν,
2999 4314 3060 4366 οὐ
3097 4314 3177 4366 δεῖ
3223 4314 3450 4366 εἰσιέναι
3510 4317 3816 4386 προσευχῆς

2253 4405 2450 4476 χάρινο
2508 4405 2555 4458 εί
2602 4405 2675 4476 μή
2731 4421 2784 4458 τι
2842 4405 2986 4459 κατά
3035 4405 3197 4476 ἄλλην
3241 4405 3641 4476 περιστατικὴν
3692 4407 3815 4476 πρό-

2250 4681 2607 4751 ἀγνώριστον,
2669 4680 2718 4732 εί
2764 4680 2869 4750 χρὴ
2921 4682 3026 4752 πρὸ
3087 4680 3428 4750 ἀνακρίσεως
3478 4682 3812 4749 ἁγιολεκτεῖν

2249 4773 2430 4838 αὑτὸν,
2454 4773 2548 4824 καὶ
2569 4771 2835 4824 αἰτεῖσθαι
2867 4771 2999 4841 πρὸς
3025 4769 3187 4825 αὐτοῦ
3210 4772 3395 4841 εὐχήν.

2331 4863 2690 4930 Ἀπόκρισις.
2709 4862 2958 4914 -Ἐπὰν
2976 4863 3005 4916 ὁ
3027 4861 3211 4936 καιρὸς
3235 4862 3504 4932 αἱρέσεώς
3537 4865 3678 4927 ἔστι,
3710 4864 3806 4934 πρὸ

2249 4954 2586 5024 ἀνακρίσεως
2622 4953 2684 5004 οὐ
2713 4951 2821 5004 δεῖο
2855 4951 2998 5016 οὔτε,
3030 4952 3366 5022 Εὐλογεῖτε,
3396 4953 3577 5022 ἅγιοι,
3614 4956 3804 5021 λέγειν·

2249 5045 2372 5098 οὕτε
2406 5045 2571 5116 εὐχὴν
2590 5045 2760 5097 αίτεῖν
2798 5045 2927 5114 παρ’
2953 5045 3136 5100 αὐτοῦ.
3171 5045 3274 5100 Τὸν
3313 5045 3370 5100 δὲ
3397 5048 3580 5101 κοινὸν
3633 5050 3803 5103 ἀσπα-

2249 5141 2384 5210 σμὸν
2420 5140 2520 5192 οὐκ
2544 5140 2960 5209 ἀπαγορευτέον,
2993 5138 3132 5193 κατὰ
3181 5139 3284 5210 τὴν
3334 5141 3664 5210 νομοθεσίαν
3717 5143 3803 5196 τοῦ

2251 5232 2402 5299 ἁγίου
2433 5230 2732 5284 Βασιλείου.

2316 5322 2630 5391 Ἐρώτησις
2658 5320 2997 5393 [Ph—limi
3029 5321 3280 5391 φρέατος,
3336 5321 3437 5377 ἐὰν
3482 5324 3707 5396 μιανθῇ,
3757 5340 3800 5378 ει

2247 5414 2328 5467 δεῖ
2353 5415 2569 5485 ποιῆσαι
2593 5412 2755 5484 εὐχὴν
2781 5413 2869 5468 τὸν
2893 5412 3365 5485 ὀρθόδοξονίερὲα.
