3976 6322
130 309 314 378 1665
1361 321 1764 381 EPISTOLAR

1877 319 1890 377 ί
1915 319 2058 379 LIB.
2100 318 2178 378 II.
3305 319 3438 385 i666

238 428 629 497 Ἀπόκρισις.
665 458 733 469 -
779 431 924 484 Ἐκεῖ
973 432 1054 485 δεῖ
1094 437 1267 488 ποιεῖν
1310 439 1410 506 την
1461 437 1648 508 εὐχὴν,
1701 430 1761 490 οὗ

1939 433 2242 503 Responsio.
2272 461 2344 475 --
2377 432 2452 488 lbi
2483 433 2717 504 precatio
2757 434 3084 505 peragenda,
3129 435 3218 490 ubi
3246 438 3438 490 ortho-

128 520 328 574 ἐστιν
358 522 390 592 ἡ
420 520 704 592 όρθόδοξος
737 524 1008 577 κοινωνία.
1037 524 1178 596 Πρὸς
1201 527 1257 580 δὲ
1284 528 1410 592 τοὺς
1439 530 1764 584 κοινωνοῦν-

1877 524 2010 580 ιΙοιει
2048 527 2356 580 communio
2379 535 2478 580 est.
2519 525 2597 580 Ad
2628 540 2723 580 eos
2759 535 2939 581 autem
2971 527 3214 597 quicum
3257 527 3429 581 haere-

127 628 264 676 τας
289 615 419 676 ’τοῖς
451 614 750 684 αἰρετικοῖς
781 615 880 668 οὐκ
913 615 1070 668 ίτέον.
1116 617 1203 671 Ἐν
1239 615 1319 683 οἷς
1368 621 1477 690 γὰρ
1529 623 1764 692 μιαίνον-

1877 617 1993 671 ticis
2045 617 2466 681 communicant,
2508 633 2615 670 non
2646 617 2909 672 eundum.
2943 617 3000 672 In
3033 619 3232 688 quibus
3285 620 3430 674 enim

128 721 256 758 ται
308 707 465 760 κατὰ
491 706 670 778 ψυχὴν
698 707 786 763 διὰ
807 708 902 761 τοῦ
934 708 1106 779 ἄρτου
1142 710 1344 777 αὐτῶν,
1373 713 1764 784 μιανθήσονται

1877 709 2050 764 animo
2081 709 2266 778 polluti
2305 720 2431 764 sunt
2461 708 2531 762 ob
2576 723 2766 778 panem
2807 708 3070 778 ipsorum,
3104 718 3160 764 et
3203 725 3433 780 corpore

130 798 260 850 καὶ
299 799 457 851 κατὰ
483 799 661 869 σῶμα.

1877 800 2194 870 polluantur.

115 906 128 915 ·
229 887 580 957 Ἐρώτησις
603 887 770 942 1Δ’.-
802 890 937 962 Περὶ
967 890 1362 960 βαπτίσματος,
1392 890 1466 954 ὡς
1498 893 1598 945 οὐκ
1622 893 1764 946 ἐστιν

1937 889 2289 960 Interrogatio
2327 887 2466 942 XIV.
2521 916 2592 926 --
2630 887 2704 942 De
2766 888 3056 958 baptismo,
3092 889 3179 942 ubi
3212 904 3316 944 non
3348 897 3433 944 est

131 979 456 1050 ἐκκλησία
509 981 852 1052 κρατουμένη
906 982 1008 1034 01:0
1039 982 1348 1052 ὀρθοδόξου,
1401 983 1495 1037 ἐὰν
1535 986 1764 1056 αἰτήση-

1877 982 2101 1036 Ecclesia
2126 996 2288 1050 quam
2318 981 2656 1035 ortltodoxus
2678 981 2939 1045 obtineat,
2975 982 3020 1035 si
3051 983 3174 1050 quis
3213 997 3242 1033 a
3276 983 3432 1035 nobis

131 1085 254 1121 ται
307 1070 464 1138 ἡμᾶς
499 1086 584 1131 τις
611 1069 714 1122 ποῦ
737 1073 841 1140 χρὴ
862 1073 1202 1139 σφραγίζειν,
1241 1075 1517 1140 κατηχεῖν,
1550 1073 1644 1125 καὶ
1677 1073 1764 1143 βα.

1877 1083 2074 1144 poscat,
2110 1073 2202 1127 ubi
2231 1073 2448 1142 signare
2489 1081 2757 1141 oporteat,
2788 1071 3005 1138 docere,
3039 1079 3092 1126 et
3120 1071 3429 1141 baptizare:

133 1157 402 1221 σιτίζειν
433 1175 447 1189 ο
489 1161 724 1213 ποταποὶ
755 1161 811 1213 δὲ
844 1163 890 1213 οἱ
921 1165 1100 1228 γονεῖς
1128 1164 1221 1215 καὶ
1270 1165 1317 1216 οἱ
1353 1165 1621 1234 ἀνάδοχοι.

1877 1168 2052 1237 quales
2081 1176 2259 1221 autem
2284 1174 2534 1234 parentes
2565 1179 2629 1218 ac
2668 1165 2888 1234 patrini.

249 1251 629 1318 Ἀπόκρισις.
657 1281 724 1290 -
747 1253 859 1306 Οὐκ
880 1254 1124 1319 εἰσιέναι,
1151 1253 1292 1308 καθὰ
1315 1255 1657 1326 προείρηται,
1683 1259 1764 1320 είς

1936 1260 2240 1328 Responsio.
2261 1286 2333 1298 —
2363 1257 2546 1318 Nefas,
2579 1265 2636 1311 ut
2659 1256 2864 1310 dictum
2899 1265 2980 1312 est
3002 1295 3016 1322 ,
3043 1256 3096 1310 in
3139 1257 3429 1311 ecclesiam

134 1339 486 1411 ἐκκλησίαν
550 1343 928 1412 κρατουμένην
974 1344 1079 1396 ὑπὸ
1146 1343 1423 1415 αἱρετικοῦ
1449 1346 1572 1398 δεῖ·
1612 1347 1764 1418 πόσῳ

1877 1352 2092 1422 ingredi,
2121 1367 2243 1420 qua:
2271 1351 2339 1403 ab
2363 1349 2616 1403 haeretica
2637 1348 2950 1402 detineatur
2991 1365 3003 1400 :
3039 1356 3259 1418 quanto
3299 1363 3429 1401 vero

138 1449 223 1501 γε
266 1433 482 1501 μᾶλλον
505 1435 574 1488 τὰ
602 1433 899 1504 λελεγμένα
922 1435 1155 1505 πρᾶξαι;
1181 1437 1316 1492 ἀλλὰ
1356 1437 1444 1490 διὰ
1493 1440 1590 1510 τὴν
1631 1443 1764 1496 ἁπο-

1877 1444 2038 1514 magis
2076 1457 2195 1512 quae
2243 1442 2405 1495 modo
2454 1448 2879 1495 commemorata
2913 1451 3042 1494 sunt
3098 1456 3259 1510 agere
3288 1439 3428 1494 ised

141 1527 312 1596 ρίαν
341 1527 636 1594 ἀναγκαῖον
671 1528 752 1590 εἰς
790 1527 953 1581 τόπον
977 1528 1364 1600 καθαρώτατον
1397 1533 1575 1594 οἰκίας
1596 1546 1612 1562 ο
1677 1533 1764 1603 ἐφ’

140 1612 190 1690 ᾖ
240 1618 348 1672 διὰ
396 1617 785 1688 θυσιαστηρίου
833 1619 1296 1690 καθηγιασμένου,
1323 1623 1441 1694 ἦτοι
1463 1624 1762 1697 τραπέζης,

1877 1641 2011 1679 mum
2037 1640 2261 1680 necesse
2285 1633 2366 1679 est
2385 1624 2537 1677 abire
2568 1641 2580 1674 :
2612 1622 2701 1676 ubi
2727 1637 2889 1690 super
2919 1622 3074 1676 altari
3111 1630 3429 1677 consecrato

142 1711 279 1782 τὴν
324 1711 640 1782 ἱερουργίαν
671 1714 700 1766 ό
738 1713 946 1783 μέλλων
976 1713 1244 1767 ἐπιτελεῖν
1268 1716 1330 1768 τὸ
1370 1714 1625 1786 φώτισμα
1657 1717 1762 1794 βα-

1877 1719 1945 1772 vel
1983 1733 2190 1780 mensa,
2223 1716 2315 1785 qui
2351 1731 2507 1770 sacro
2540 1713 2694 1785 fungi
2731 1715 3040 1768 ministerio
3076 1714 3258 1774 debet,
3301 1715 3431 1782 bap-

144 1805 446 1868 πτιζέτω.
521 1805 841 1875 Ἀναδόχους
889 1806 944 1858 δὲ
999 1806 1242 1870 ἐκείνους
1279 1809 1584 1877 προσιτέον,
1635 1811 1761 1874 τοὺς

1877 1811 2082 1863 .ismum
2111 1808 2527 1863 illuminationis
2569 1807 2864 1876 impertiat.
2901 1804 3107 1859 Patrini
3139 1815 3321 1859 autem
3353 1805 3429 1859 illi

146 1896 227 1948 οὐ
271 1898 388 1959 τοῖς
429 1898 730 1968 αἱρετικοῖς
782 1897 1197 1962 κοινωνοῦντας,
1242 1900 1336 1951 καὶ
1384 1899 1578 1968 γονέας
1636 1901 1761 1965 τοὺς

1877 1900 2204 1964 tdmittendi,
2244 1900 2483 1968 quicum
2519 1898 2791 1952 hareticis
2817 1911 2923 1950 non
2958 1899 3366 1952 communicent
3404 1914 3420 1951 :

145 1986 448 2050 ὡσαύτως
485 1988 948 2058 πεφυλαγμένους.

1877 2003 2116 2048 )arentes
2145 1993 2394 2048 similiter
2425 1993 2647 2060 integra:
2669 1990 2816 2045 fidei.

262 2077 592 2146 Ἐρώτησις
645 2080 743 2132 lE'.
777 2109 847 2121 -—
878 2080 1029 2132 Είσὶν
1067 2079 1356 2150 ἐκκλησίαι
1407 2081 1625 2151 ἔχουσαι
1668 2081 1763 2135 δύο

150 2170 438 2239 κόγχαςῆ
480 2169 574 2224 καὶ
605 2173 754 2240 τρεῖς
794 2187 807 2200 ο
842 2171 958 2225 ἐστι
989 2173 1046 2224 δὲ
1074 2171 1134 2236 ἒξ
1165 2173 1343 2226 αὐτῶν
1381 2176 1478 2243 μία
1513 2173 1763 2246 ἀνενθρο-

153 2258 403 2320 νίαστος
423 2272 438 2288 ο
472 2258 579 2329 χρὴ
603 2259 781 2312 ἐκεῖσε
811 2255 1214 2330 λειτουργῆσαι,
1246 2262 1279 2332 ἢ
1307 2261 1368 2314 οὗ
1394 2279 1410 2326 ς

1864 1545 2082 1607 propter
2105 1535 2210 1590 loci
2263 1535 2567 1604 penuriam,
2599 1534 2652 1587 in
2683 1535 2863 1588 locum
2905 1533 3097 1586 aedium
3138 1533 3431 1587 mundissi-

1934 2083 2287 2154 Interrogatio
2328 2079 2443 2134 XV.
2483 2111 2553 2123 -
2583 2079 2724 2133 Sunt
2786 2078 3058 2139 ecclesia,
3116 2093 3239 2146 qua:
3293 2078 3428 2132 duas

1862 2175 2064 2230 habent
2109 2184 2201 2228 aut
2249 2183 2360 2227 tres
2395 2171 2695 2226 aediculas:
2728 2184 2795 2224 ex
2838 2169 2924 2222 his
2967 2178 3149 2222 autem
3198 2185 3300 2222 una
3347 2179 3429 2222 est

1861 2281 2023 2335 quam
2046 2279 2203 2318 nemo
2217 2261 2498 2329 occuparit
2526 2277 2540 2315 τ
2569 2269 2753 2314 utrum
2780 2257 2863 2314 fas
2883 2259 2955 2314 ibi
2987 2274 3204 2313 sacrum
3232 2258 3427 2324 facere,

1862 2369 2041 2410 annon
2076 2355 2099 2409 ?

1931 2441 2237 2510 Responsio.
2278 2469 2349 2482 --
2389 2440 2446 2494 Si
2506 2453 2673 2509 penes
2726 2439 3041 2494 ha‘reticum
3094 2439 3429 2493 declaratum

1860 2534 2127 2602 ejusmodi
2173 2532 2402 2586 ecclesia
2444 2542 2549 2594 est,
2604 2532 2708 2587 etsi
2755 2547 2862 2586 una
2914 2532 3146 2588 aedicula
3205 2535 3277 2588 sit
3319 2550 3429 2588 non

1861 2623 2128 2686 dedicata,
2167 2620 2321 2676 nefas
2363 2621 2435 2674 ibi
2468 2635 2684 2675 sacrum
2737 2619 2920 2675 facere
2955 2641 2970 2674 :
3003 2623 3049 2676 si
3093 2637 3220 2676 vero
3263 2639 3430 2692 penes

1861 2714 2220 2767 orthodoxum
2278 2711 2461 2774 fuerit,
2491 2727 2709 2768 sacrum
2768 2723 3059 2783 peragatur
3101 2714 3157 2768 in
3200 2713 3427 2769 aedicula

1862 2820 1982 2874 qua:
2005 2820 2112 2858 non
2140 2813 2222 2858 est
2254 2805 2522 2858 dedicata.

264 2439 641 2507 Ἀπόκρισις.
669 2469 738 2479 —
777 2440 901 2494 Ἐὰν
935 2440 1040 2494 01:0
1086 2440 1181 2494 :0v
1229 2442 1634 2514 ἀναφερόμενον
1677 2445 1763 2499 αί-

163 2531 400 2601 ρετικόν
439 2533 585 2584 ἐστιν
624 2533 658 2602 ἡ
691 2532 916 2603 τοιαύτη
985 2532 1271 2601 ἐκκλησία,
1310 2533 1414 2586 κᾶν
1462 2534 1560 2605 μία
1591 2537 1759 2606 κόγχη

160 2624 242 2676 οὐ
270 2622 631 2692 καθιέρωται,
663 2622 726 2676 00
753 2623 858 2694 χρὴ
889 2623 1226 2693 λειτουργεῖν
1260 2625 1376 2676 ἐκεῖ
1405 2641 1418 2654 ο
1447 2627 1496 2678 εί
1535 2625 1590 2678 δὲ
1623 2641 1763 2697 κρα-

159 2717 358 2767 τεῖται
386 2714 490 2767 01:0
511 2713 817 2786 όρθοδόξου,
859 2715 1085 2768 ποιείτω
1125 2714 1468 2788 λειτουργίαν
1529 2718 1608 2782 είς
1663 2716 1762 2789 τὴν

163 2807 392 2877 κόγχην
412 2807 532 2876 ἥτις
555 2806 616 2858 οὐ
642 2804 992 2876 καθιέρωται.

263 2896 588 2965 Ἐρώτησις
611 2896 813 2962 1ς’.-
845 2897 906 2950 Ei
937 2897 1160 2952 δύναταί
1216 2916 1301 2962 τις
1361 2900 1628 2970 κρατῆσαι
1667 2900 1764 2972 τὴν

1935 2894 2286 2964 Interrogatio
2311 2893 2448 2950 XVI.
2481 2925 2545 2937 —
2587 2895 2646 2950 Si
2670 2905 2851 2966 potest
2904 2897 3028 2966 quis
3073 2896 3303 2952 ecclesia
3328 2913 3428 2951 sna

167 2991 483 3059 ἐκκλησίαν
543 2991 730 3053 αὐτοῦ,
796 2991 882 3045 ῐνα
932 2991 1007 3062 μὴ
1042 2991 1421 3063 λειτουργῆται
1467 2993 1570 3045 01:0
1613 2995 1764 3064 αἱρε-

1877 2989 2043 3058 potiri,
2078 2998 2136 3040 ut
2157 3003 2221 3040 ne
2238 3003 2455 3042 sacrum
2485 2988 2539 3042 in
2560 3003 2622 3043 ea
2647 2990 2932 3044 haereticus
2972 2989 3139 3045 faciat
3169 3007 3184 3056 ;
3217 3001 3423 3059 quanto

167 3083 344 3138 τικοῢ
384 3101 400 3116 ο
441 3083 606 3136 πόσον
637 3085 827 3154 χρόνον
880 3083 1057 3151 ἔξεστι
1116 3085 1473 3156 σφαλισθῆναι
1501 3101 1515 3116 ³
1577 3087 1668 3140 καὶ
1711 3086 1763 3140 τί

1877 3094 2108 3150 tempore
2126 3079 2282 3132 debet
2302 3088 2615 3148 exspectare
2635 3096 2647 3133 :
2665 3089 2716 3134 et
2729 3080 2856 3149 quid
2875 3081 2940 3134 de
2956 3095 3016 3134 ea
3035 3077 3425 3134 statuendum?

170 3177 393 3247 ὀφείλει
434 3177 564 3245 περὶ
601 3177 773 3246 αὐτῆς
794 3195 810 3242 ;

269 3267 633 3334 Ἀπόκρισις.
671 3299 740 3311 --
777 3266 948 3321 Τοῦτο
999 3268 1091 3338 ὑφ’
1129 3267 1284 3337 ήμῶν
1341 3270 1401 3320 o0
1455 3268 1669 3322 λέλυται
1704 3268 1762 3320 τὸ

175 3358 484 3426 κεφάλαιον
509 3375 524 3389 ⁸
559 3358 860 3411 ἐπισκόπου
887 3359 996 3429 γάρ
1043 3359 1160 3410 ἐστι
1183 3357 1276 3410 :06
1301 3357 1518 3422 λύοντος
1534 3359 1631 3422 τὰς
1666 3362 1760 3411 ὲκ·

177 3449 438 3518 κλησίας.

273 3540 592 3609 Ἐρώτησις
620 3537 717 3595 IZ'.
750 3568 823 3580 —
865 3539 986 3592 Ἐὰν
1019 3540 1074 3592 δέ
1125 3543 1262 3594 εἰσιν
1327 3541 1517 3611 ἄνδρες
1547 3558 1606 3594 τε
1669 3540 1764 3593 καὶ

179 3635 469 3703 γυναῖκες,
489 3632 666 3685 λαῖκοὶ
709 3628 973 3701 αἰρετικοὶ
1003 3632 1111 3684 εἴτε
1153 3625 1262 3684 ἀπὸ
1305 3633 1593 3702 χωρικίας,
1652 3633 1762 3684 εἴτε

187 3723 438 3793 ἔμφυτον
470 3723 684 3792 ἔχοντες
717 3719 814 3791 τὴν
834 3720 1043 3790 αἵρεσιν
1071 3735 1084 3749 ·
1107 3721 1155 3772 εί
1177 3720 1384 3783 ἔξεστιν
1414 3721 1614 3774 ἐσθίειν
1646 3720 1762 3790 μετ’

182 3813 395 3876 αὐτῶν,
418 3812 769 3884 ῆλαμόάνειν
804 3811 863 3875 ἐξ
881 3810 1058 3864 αὐτῶν
1082 3810 1133 3862 τί
1161 3828 1306 3865 ποτε.

279 3905 637 3970 Ἀπόκρισις.
671 3932 740 3942 -
774 3900 909 3954 Οὓτε
950 3901 998 3953 εί
1031 3901 1095 3956 ἐκ
1125 3900 1412 3964 κακονοίας
1451 3903 1587 3954 εἰσὶν
1615 3902 1758 3969 αἱρε-

187 3999 358 4058 τικοὶ,
377 3995 502 4050 οὔτε
521 3997 570 4049 εί
593 3996 654 4060 ἐξ
683 3995 939 4063 ἀμαθίας,
976 3993 1182 4060 ἔξεστιν
1213 3993 1242 4063 ἢ
1267 3994 1466 4046 ἐσθίειν
1490 3994 1520 4062 ἢ
1555 3993 1766 4062 λαμϐά-

187 4106 307 4144 νειν
325 4088 393 4139 τὰ
419 4087 550 4156 παρ’
588 4085 767 4138 αὐτῶν
805 4084 1280 4154 προσενηνεγμένα
1306 4099 1320 4113 ⁸
1351 4087 1451 4138 οὐκ
1469 4082 1584 4138 οἶδα
1613 4086 1660 4136 εί
1691 4087 1763 4154 μή

185 4195 245 4232 τι
267 4180 315 4230 οἱ
350 4177 579 4247 ἀμαθεῖς
597 4175 970 4244 βελτιωθέντες
1002 4175 1299 4246 ὀρθοδοξεῖν
1317 4177 1756 4245 ἐπαγγέλλονται.

278 4267 600 4336 Ἐρώτησις
623 4265 729 4321 IH'.
755 4297 826 4307 —
856 4267 989 4336 Περὶ
1021 4265 1114 4318 τοῦ
1137 4266 1340 4336 πατρός
1375 4285 1496 4336 μου,
1538 4270 1585 4320 εἰ
1619 4267 1764 4320 ἐστιν

1937 4253 2289 4322 Interrogatio
2340 4249 2523 4304 XVIII.
2584 4280 2652 4290 —
2693 4248 2771 4304 De
2826 4260 2977 4317 patre
3032 4262 3182 4313 meo,
3245 4255 3427 4301 utrum

192 4361 345 4427 ἄξιος
369 4362 452 4423 είς
477 4358 821 4429 λειτουργίαν
851 4357 1282 4426 μνημονεύεσθαι
1307 4374 1323 4422 ;

1877 4359 1970 4415 par
2003 4356 2085 4399 est
2113 4359 2238 4398 eum
2282 4344 2337 4397 in
2365 4357 2423 4396 re
2461 4342 2641 4396 divina
2686 4339 3151 4393 commemorari?

279 4453 642 4522 Ἀπόκρισις.
668 4427 799 4503 -Είτε
837 4448 1038 4519 πατὴρ,
1065 4450 1177 4501 είτε
1215 4451 1415 4521 μήτηρ,
1463 4452 1571 4504 είτε
1613 4449 1764 4502 ἀδελ-

1941 4436 2248 4505 Respousio.
2279 4464 2351 4476 ——
2382 4433 2505 4489 Sive
2537 4443 2708 4502 pater,
2736 4433 2848 4486 sive
2875 4442 3064 4492 mater,
3099 4431 3211 4483 sive
3241 4427 3426 4492 frater,

195 4545 319 4614 (90;,
364 4545 398 4616 ἢ
440 4543 688 4597 ὁστισοῦν
727 4542 885 4604 ἄλλος
938 4540 1265 4610 κατελείφθη
1321 4544 1481 4610 μέχρι
1531 4541 1763 4593 θανάτου

1877 4545 1967 4584 seu
1995 4531 2173 4598 quivis
2199 4528 2359 4588 alius,
2393 4526 2764 4596 deprehensus
2795 4522 2959 4576 fuerit
2997 4522 3064 4575 ad
3099 4522 3304 4575 obitum
3337 4534 3430 4572 us-

199 4635 474 4689 κοινωνῶν
524 4637 592 4705 τῇ
639 4633 880 4704 αἱρέσει,
930 4632 1256 4704 προείρηται
1299 4632 1454 4702 ὲντῴ
1506 4631 1764 4702 ἀνωτέρω

1877 4636 1971 4691 que
1987 4618 2477 4675 communicavisse
2495 4615 2684 4670 Ineresi
2707 4633 2720 4680 ;
2741 4623 2895 4668 antea
2913 4614 3112 4667 dictum
3127 4611 3282 4666 estin
3302 4626 3430 4680 sup-

202 4729 503 4798 κεφαλαίῳ,
667 4703 1098 4797 μνημονεύεσθαι
1137 4727 1194 4776 ὲν
1240 4727 1306 4794 τῇ
1337 4724 1646 4794 λειτουργίᾳ
1681 4740 1693 4753 ·
1719 4727 1764 4777 εί

1877 4714 2083 4783 periere
2107 4711 2302 4779 capite,
2330 4725 2436 4762 non
2478 4724 2597 4763 esse
2642 4706 2956 4760 memoriam
2983 4705 3126 4758 illius
3165 4703 3217 4755 in
3247 4718 3304 4756 re
3339 4718 3428 4755 sa-

1868 4818 1960 4858 cra
2017 4801 2316 4856 faciendam
2353 4817 2367 4853 :
2404 4799 2497 4854 sed
2520 4811 2698 4851 tamen
2739 4797 2966 4866 quisque
3000 4809 3183 4849 secum
3224 4793 3278 4847 iu
3310 4794 3432 4846 ani-

1869 4909 1961 4949 mo
1986 4894 2193 4963 precari
2229 4907 2327 4962 pro
2365 4892 2449 4945 his
2497 4891 2542 4944 si
2579 4891 2725 4944 lubet
2768 4897 2961 4958 potest,
3003 4903 3066 4941 ac
3097 4901 3193 4956 pro
3239 4886 3430 4940 iisdem

1870 4984 2239 5052 eleetnosynas
2263 4995 2509 5050 erogare.
2547 4979 2830 5044 Quomodo
2863 4979 3029 5037 enim,
3059 4977 3151 5045 qui
3179 4975 3306 5028 dum
3347 4976 3424 5025 vi.

1871 5084 2039 5138 veret,
2072 5077 2341 5144 particeps
2379 5074 2482 5127 fuit
2519 5074 2780 5126 haeretica:
2814 5068 3236 5131 communionis,
3267 5075 3320 5121 et
3351 5068 3432 5120 sic

1871 5172 2044 5226 elatus
2068 5170 2441 5239 sepultusque,
2468 5170 2645 5222 locum
2673 5165 2890 5219 habebit
2919 5164 2973 5217 in
2993 5163 3282 5234 diptycbis,
3301 5162 3428 5216 dum

1872 5280 1984 5320 rem
2043 5277 2253 5319 sacram
2311 5271 2574 5333 peragunt
2626 5258 2955 5315 orthodoxi?
3015 5257 3239 5310 minime
3278 5270 3429 5309 sane.

1937 3255 2245 3325 Responsio.
2286 3283 2356 3294 —
2393 3252 2508 3308 Non
2546 3266 2792 3307 nostrum
2841 3263 2924 3307 est
2973 3253 3102 3306 huic
3133 3252 3297 3322 capiti
3338 3267 3401 3306 sa

1863 3341 2255 3398 tisfacerezest
2293 3341 2438 3399 enim
2483 3342 2748 3411 episcopi,
2779 3358 2807 3395 a
2839 3357 2947 3411 quo
2999 3343 3286 3396 solvuntur
3338 3356 3431 3396 ec-

1863 3431 2062 3487 clesiae.

1934 3520 2284 3592 Interrogatio
2319 3519 2480 3575 XVII.
2520 3553 2589 3562 —
2629 3521 2684 3575 Si
2715 3523 2806 3591 qui
2846 3531 3025 3575 autem
3061 3530 3188 3575 sunt
3233 3520 3334 3574 viri
3366 3536 3432 3575 ac

1864 3612 2119 3667 mulieres
2136 3626 2166 3666 ο
2183 3611 2334 3666 Iaicis
2359 3611 2452 3681 qui
2471 3611 2550 3666 vel
2570 3613 2639 3665 oh
2671 3612 3048 3672 rusticitatem,
3070 3610 3150 3663 vel
3168 3609 3238 3662 ob
3269 3611 3429 3662 inﬂa-

1865 3716 1972 3759 tam
2017 3703 2264 3758 hteresim
2311 3703 2422 3757 sint
2466 3703 2702 3757 haeretici
2742 3722 2755 3758 :
2791 3719 2856 3755 an
2910 3701 3067 3755 liceat
3113 3715 3238 3755 cum
3291 3701 3430 3770 ipsis

1865 3796 2045 3861 edere,
2089 3805 2184 3849 aut
2215 3795 2462 3864 accipere
2499 3795 2792 3864 quidquam
2825 3794 2891 3846 ab
2933 3793 3086 3862 ipsis.

1936 3887 2242 3949 Responsio.
2268 3915 2336 3926 —-
2366 3885 2551 3955 Neque
2585 3886 2630 3938 si
2665 3902 2730 3939 ex
2773 3885 2938 3938 animi
2968 3883 3229 3953 pravitate
3255 3882 3429 3936 hare-

1865 3980 2130 4043 ticisunt,
2170 3992 2344 4048 neque
2373 3977 2419 4032 si
2462 3993 2530 4032 ex
2583 3977 2907 4046 ignorantia,
2941 3975 3212 4028 autedere
3271 3974 3424 4037 licet,

1867 4081 1961 4125 aut
1984 4071 2230 4138 accipere
2259 4083 2380 4138 quae
2409 4077 2535 4122 sunt
2563 4068 2629 4120 ab
2665 4068 2730 4121 iis
2758 4066 2941 4120 oblata
2979 4084 2992 4119 :
3031 4065 3132 4118 nisi
3161 4064 3302 4119 forte
3334 4081 3428 4117 ru-

1869 4163 2051 4216 diores
2088 4161 2381 4222 emendati,
2413 4167 2559 4212 recte
2597 4158 2798 4212 sentire
2829 4173 2886 4211 se
2936 4157 3278 4226 profitentur.

205 4825 277 4894 μή
325 4841 376 4875 τι
410 4822 634 4883 ἕκαστος
671 4819 811 4874 κατὰ
846 4819 1083 4872 διάνοιαν
1123 4817 1296 4870 ἕλοιτο
1339 4818 1592 4887 εὔχεσθαι
1638 4819 1767 4887 περὶ

199 4915 309 4968 τῶν
337 4913 612 4974 τοιούτων,
640 4912 732 4963 καὶ
768 4910 908 4979 ὑπὲρ
948 4909 1126 4962 αὐτῶν
1157 4910 1330 4962 ποιεῖν
1374 4907 1763 4978 ἐλεημοσύνας.

203 5007 327 5068 Πῶς
349 5007 457 5075 γὰρ
487 5004 552 5058 ἂν
591 5007 618 5057 ὁ
654 5005 732 5056 ἔτι
780 5002 909 5066 ζῶν,
954 5001 1192 5071 μετέχων
1239 5018 1300 5053 τε
1335 5000 1435 5068 τῆς
1488 4999 1767 5069 αἱρετικῆς

209 5097 507 5160 κοινωνίας,
545 5097 637 5148 καὶ
684 5093 855 5157 οὕτως
901 5093 1263 5161 ἐκκομισθεὶς,
1324 5091 1657 5160 ληφθήσεται
1709 5091 1768 5143 ὲν

211 5186 569 5257 μνημοσύνοες
599 5185 737 5238 κατὰ
766 5184 861 5254 τὴν
903 5182 1286 5253 μυσταγωγίαν
1311 5183 1417 5234 τῶν
1451 5179 1767 5252 όρθοδόξων;

207 5279 329 5332 000a
337 5279 471 5348 μῶς.

276 5345 460 5424 Ταῦτα
528 5369 588 5420 ού
644 5367 942 5429 κανονικῶς¹
1011 5366 1358 5436 ἐφθεγξάμην
1393 5385 1404 5395 ·
1454 5365 1764 5418 ἐπισκόπων

1943 5353 2066 5409 Haec
2098 5369 2197 5423 ego
2227 5368 2330 5406 non
2361 5365 2618 5422 tanquam
2645 5352 2897 5406 sanciens
2920 5349 3089 5417 legem
3126 5365 3138 5400 :
3175 5362 3295 5398 nam
3330 5345 3432 5400 hoc

209 5461 313 5532 γὰρ
348 5461 540 5512 τοῦτο·
583 5458 716 5511 ἀλλὰ
752 5457 1220 5527 συμϐουλευτικῶς
1259 5459 1315 5524 ἐξ
1352 5453 1769 5526 ἀγάπηςοοῶὲν

209 5557 312 5624 γὰρ
337 5554 559 5621 ἀγάπης
596 5549 1050 5618 ἀναγκαιότερον,
1086 5548 1474 5621 φθεγξάμενος.
1517 5551 1578 5601 Εἰ
1615 5547 1670 5600 δέ
1718 5565 1769 5600 τι

208 5650 270 5716 τῇ
294 5645 549 5714 εὐλαϐείᾳ
591 5661 682 5696 σου
715 5643 886 5704 ἄλλως
928 5642 1276 5711 δοκιμάζεται
1334 5646 1725 5712 οἰκονομεῖσθαι
1755 5657 1768 5672 ⁸

209 5741 366 5807 ἡμεῖς
406 5737 539 5804 περὶ
573 5734 765 5787 τούτου
812 5734 966 5800 λόγον
1004 5735 1101 5786 οὐκ
1139 5735 1350 5804 ἔχομεν,
1387 5735 1420 5803 ἢ
1455 5735 1514 5786 :0
1552 5734 1771 5785 ἐξαιτεῖ-

1871 5462 2070 5500 munus
2121 5444 2500 5512 episcoporum
2543 5453 2621 5496 est
2661 5461 2674 5496 :
2714 5442 2808 5496 sed
2853 5456 2917 5494 ex
2979 5438 3245 5493 charitale
3298 5450 3432 5489 con-

1872 5541 1994 5595 silio
2046 5538 2240 5608 juvans
2278 5538 2401 5591 dico
2437 5556 2450 5591 :
2487 5537 2615 5590 nihil
2648 5536 2790 5588 enim
2836 5533 3096 5588 charitate
3135 5529 3307 5598 magis
3333 5542 3428 5580 ne-

1872 5635 2168 5690 cessarium
2201 5642 2297 5686 est.
2335 5629 2389 5684 Si
2423 5647 2549 5686 vero
2575 5631 2727 5684 aliter
2764 5626 3186 5697 dispensandum
3221 5621 3432 5675 videtur

1874 5728 2204 5799 pietatituae
2233 5742 2248 5778 :
2276 5739 2372 5778 nos
2399 5724 2465 5779 de
2508 5739 2571 5779 ea
2614 5739 2672 5778 re
2723 5721 2857 5776 nihil
2905 5719 3162 5773 habemus
3229 5714 3429 5776 dicere,
