3976 6322
591 327 725 396 1667

1772 350 1831 411 S.
1861 352 2251 419 THEODORI
2286 359 2636 425 STUDITE

3720 369 3858 437 1668

586 448 695 502 nisi
726 451 870 519 quod
914 462 1134 511 sanctas
1168 464 1376 513 vestras
1414 475 1601 529 preces
1647 464 1976 535 ﬂagitamus,
2006 486 2136 540 quo-

2252 477 2377 531 σθαι
2406 480 2560 550 ὑμῶν
2595 480 2693 546 τὰς
2723 482 2882 551 ἁγίας
2898 485 3221 555 προσευχὰς,
3250 486 3334 540 ὅτι
3377 486 3714 557 ἁμαρτωλοὶ
3768 489 3856 544 ἇν-

588 540 733 593 niam
762 541 1008 598 homines
1033 548 1272 615 peccatis
1297 550 1517 606 obnoxii
1545 568 1755 610 sumus.

534 702 536 705 ,
588 649 1063 735 CCXX._—__Sancli
1083 659 1447 735 Patrisnos‘tri
1467 674 1516 717 et
1543 666 1855 735 confessoris
1883 669 2143 727 Theodori

655 726 897 805 prasidis
938 731 1311 808 monac/torui):
1341 732 1528 808 _Sludii
1562 726 1787 805 epistola
1834 740 1903 793 ad
1931 726 2151 808 spatha;-

658 799 830 861 riam,
872 799 959 849 cui
988 816 1171 853 nomen
1205 802 1481 859 Machara.

2259 569 2467 641 θρωποι
2508 573 2871 645 τυγχάνομεν.

2254 685 2380 759 ΣΚέ.
2417 686 2630 759 ή--Τοῦ
2654 689 2827 741 όσίου
2863 689 3085 759 Πατρὸξ
3118 689 3288 757 ἡμῶν
3323 689 3425 759 καί
3460 692 3851 759 ὁμολογητοῦ

2332 756 2647 825 Θεοδώρου⁵
2687 758 3017 826 ἡγουμένου
3066 756 3181 811 τῶν
3233 756 3541 826 Στουδιςοίυ
3606 756 3853 815 sancta—

2329 826 2411 949 ἡὴ
2450 823 2529 896 (1)
2562 823 2867 912 ςτρὸςήτὴᾶ·
2902 831 3243 897 σπαθαρίαν
3295 832 3399 899 (2;,
3434 823 3519 898 ἧς
3558 830 3633 884 τὸ
3667 832 3851 898 ὄνομα

2387 914 2599 963 αχαριι.

1595 1011 1743 1077 (Aug.
1770 1014 2120 1075 MAI,Bibliotlt.
2153 1026 2261 1065 nov.
2294 1015 2459 1073 Patr.,
2478 1020 2517 1062 ι.
2542 1014 2625 1073 ιν,
2664 1028 2712 1076 ρ.
2732 1014 2835 1074 99.)

661 1101 710 1157 1.
776 1103 915 1170 Quid
969 1109 1071 1163 sibi
1121 1114 1233 1168 vult
1282 1117 1507 1185 pulchra
1566 1122 1797 1191 epistola
1852 1126 2155 1181 nobilitatis

590 1198 731 1254 tum,
773 1195 1089 1262 provinciali
1123 1216 1376 1259 sermone
1420 1208 1618 1263 dictata
1643 1250 1656 1273 ,
1688 1221 1740 1265 et
1776 1215 1922 1283 quod
1956 1218 2154 1270 mirqu

587 1291 709 1345 est,
761 1288 943 1341 statim
992 1306 1098 1359 prae
1141 1309 1199 1347 se
1250 1295 1433 1352 ferens
1484 1303 1675 1357 tuimet
1728 1308 2149 1375 revelationem,

591 1380 847 1444 tanquam
898 1378 1008 1435 Deo
1049 1394 1260 1453 gratum
1306 1393 1540 1446 munus?
1588 1392 1681 1447 Vel
1734 1412 1833 1450 cur
1878 1414 2003 1468 erga
2050 1416 2150 1455 nos

2331 1116 2485 1189 [Cod.
2530 1118 2648 1171 Vat.
2698 1118 2820 1182 655,
2852 1116 2888 1170 f.
2937 1116 3013 1189 1.]
3045 1124 3111 1170 α’.
3144 1116 3208 1169 Τί
3252 1115 3393 1187 καλὴ
3438 1116 3715 1187 ἐπιστολὴ
3752 1118 3847 1186 τῆς

2256 1212 2533 1279 εὐγενείας
2572 1228 2686 1275 σου,
2742 1214 2807 1279 τῇ
2867 1209 3116 1280 ἐγχωρίῳ
3166 1208 3268 1280 μὲν
3325 1213 3487 1279 φωνῇ
3529 1210 3845 1279 ὑπηγορευ-

2256 1304 2410 1374 μένη,
2442 1304 2534 1357 καὶ
2581 1304 2639 1355 τὸ
2684 1302 2984 1374 παράδοξον
3041 1302 3269 1366 ἐξάπινα
3322 1303 3427 1373 τὴν
3479 1302 3840 1374 ἑξαγὸρευαιν

2252 1400 2506 1468 φέρουσα,
2544 1397 2731 1467 ὥσπερ
2753 1416 2805 1450 τι
2832 1396 2979 1449 ἕδνον
3014 1396 3364 1466 θεοχάριστον
3396 1397 3410 1449 !
3462 1393 3635 1449 Ἀλλὰ
3681 1396 3841 1449 πόθεν

586 1477 902 1534 peccatores
940 1485 1085 1530 tanta
1110 1488 1198 1532 tua
1233 1480 1428 1535 ﬁducia
1454 1494 1509 1538 et
1538 1492 1645 1539 tam
1675 1488 1761 1555 pia
1786 1488 2014 1544 ell'usio?
2048 1493 2132 1547 nis

2257 1492 2412 1564 ἡμῶν
2445 1491 2613 1544 ὄντων
2658 1490 3015 1561 ἁμαρτωλῶν,
3046 1491 3079 1558 ἡ
3110 1489 3346 1558 τοσαύτη
3387 1507 3486 1541 σου
3524 1490 3717 1549 nisu;
3750 1491 3840 1540 καὶ

586 1559 794 1616 scilicet
846 1572 906 1617 ut
956 1568 1111 1621 nobis
1142 1571 1489 1638 innotescat,
1541 1578 1684 1645 quali
1735 1587 1790 1632 tu
1838 1591 2151 1650 quantaque

583 1652 782 1720 pietate
832 1658 942 1721 sis;
980 1675 1100 1729 quae
1141 1672 1195 1716 et
1224 1664 1508 1719 dominum
1539 1679 1805 1739 caputque
1856 1682 2007 1726 tuum
2049 1675 2151 1743 (vi—

583 1758 706 1797 rum
741 1747 968 1819 scilicet)
1010 1762 1186 1807 tecum
1221 1756 1505 1825 perducis;
1562 1761 1887 1833 insuperque
1928 1766 1979 1818 in
2008 1766 2146 1819 idem

583 1838 773 1901 trahis,
820 1855 918 1895 ceu
961 1845 1118 1912 quasi
1168 1845 1263 1901 Dei
1307 1863 1496 1904 mensa
1542 1851 1766 1923 dignum
1814 1857 2101 1924 opsonium
2129 1899 2144 1926 ,

582 1927 831 1985 dominas
865 1949 1081 2005 quoque
1115 1952 1355 1995 sorores.
1394 1942 1542 1997 Adeo
1586 1946 1852 2000 mirabilis
1902 1958 1984 2002 est
2035 1950 2149 2018 epi-

583 2022 718 2076 stola
759 2034 887 2089 tua,
933 2037 986 2080 et
1025 2028 1241 2096 pietatis
1282 2042 1476 2087 vestra:
1526 2035 1814 2106 imaginem
1850 2039 2148 2096 ostendens

580 2116 1073 2183 speciosissimam!
1106 2119 1223 2176 Jam
1254 2139 1403 2191 vero,
1437 2128 1579 2196 quod
1621 2142 1831 2184 vosmet
1870 2132 2018 2200 ipsos
2050 2132 2146 2186 bu-

582 2206 798 2261 militati
834 2225 965 2264 meae
1014 2213 1380 2280 tradideritis,
1435 2218 1571 2271 mihi
1612 2219 1791 2274 dicere
1838 2236 1944 2274 non
1984 2223 2142 2277 licet:

582 2309 957 2355 verumtamen
1003 2304 1143 2357 haud
1172 2306 1329 2372 mihi,
1366 2308 1462 2362 sed
1512 2308 1620 2362 Deo
1652 2320 1859 2365 vosmet
1892 2313 2143 2369 tradatis.

580 2388 944 2454 Quamobrem
978 2402 1031 2447 et
1062 2396 1125 2448 de
1158 2407 1333 2450 vestra
1382 2400 1641 2466 praeclara
1682 2403 1789 2454 vita
1836 2402 2002 2454 laetari
2049 2404 2143 2456 de-

578 2479 791 2546 bemus,
820 2492 873 2535 et
914 2484 1070 2538 vobis
1095 2496 1279 2539 sancta
1306 2489 1488 2542 omnia
1514 2492 1743 2556 precari,
1777 2490 1939 2559 idque
1968 2494 2141 2545 solum

577 2576 722 2643 quod
769 2576 821 2627 in
867 2588 1053 2630 nostra
1089 2587 1354 2645 potestate
1388 2591 1471 2633 est
1503 2580 1724 2651 largiri,
1769 2593 2016 2637 nostrum
2061 2584 2144 2635 vi-

576 2666 773 2721 delicet
819 2666 1120 2736 simplicem
1157 2683 1468 2724 Sermonem
1499 2690 1511 2723 :
1547 2688 1706 2741 quem
1748 2689 1893 2727 nunc
1928 2688 2145 2744 quoque

576 2757 903 2825 praebentes,
932 2760 1300 2813 sciscitantur.

645 2848 700 2899 2.
740 2847 853 2902 Cur
876 2864 955 2914 tu,
983 2866 1015 2903 o
1041 2851 1374 2915 veneranda,
1404 2866 1433 2904 a
1461 2867 1546 2906 me
1575 2852 1746 2923 exigis
1771 2864 1827 2907 ut
1850 2855 1916 2908 de
1952 2853 2133 2912 divina
2158 2858 2200 2915 C

576 2941 964 2994 communione
1008 2942 1221 3010 Ianar,
1268 2953 1323 2996 et
1368 2958 1466 2996 cur
1519 2953 1573 2996 tu
1620 2943 1733 3011 jam
1791 2962 1820 2999 a
1862 2955 1941 2999 tot
1982 2949 2141 3001 anuis

576 3047 701 3086 raro
735 3047 798 3085 ea
843 3033 1012 3088 uteris
1040 3052 1052 3086 :
1079 3034 1279 3087 etenim
1319 3035 1419 3088 hoc
1451 3035 1570 3088 sine
1604 3035 1784 3104 aliqua
1817 3052 1987 3092 causa
2016 3036 2134 3093 ﬁeri

574 3138 683 3176 non
711 3123 889 3177 debet.
923 3122 1135 3194 Quippe
1170 3140 1344 3194 neque
1382 3141 1502 3179 raro
1537 3142 1711 3196 neque
1740 3129 2004 3197 quotidie,
2044 3132 2137 3186 sed

579 3230 702 3269 cum
739 3232 872 3284 pura
911 3217 1241 3271 conscientia
1271 3218 1701 3286 participandum
1734 3230 1835 3273 est.
1877 3220 2022 3273 Nam
2049 3224 2139 3291 qui

573 3308 805 3377 indigne,
836 3308 1008 3378 inquit
1045 3308 1347 3379 Scriptura.
1385 3311 1671 3363 manducat
1703 3323 1749 3365 et
1786 3311 1915 3367 bibit
1944 3354 1958 3378 ,
1986 3315 2139 3383 judi-

574 3405 715 3457 cium
742 3405 843 3458 sibi
880 3406 1163 3458 manducat
1194 3414 1241 3457 et
1278 3402 1439 3469 bibit,
1484 3420 1585 3457 non
1615 3404 1917 3473 dijudicans
1951 3423 2138 3475 corpus

576 3498 815 3553 Domini.
851 3496 1020 3568 Igitur
1050 3498 1094 3552 si
1127 3497 1229 3549 hac
1265 3496 1509 3560 ratione,
1558 3497 1948 3551 conscientiam
1991 3508 2136 3551 tuam

574 3590 966 3662 perscrutans,
999 3602 1052 3646 et
1088 3601 1396 3644 reverenter
1425 3602 1475 3644 te
1506 3605 1700 3660 gerens
1721 3628 1735 3651 ,
1771 3590 2140 3657 procrastina-

572 3684 649 3738 ris
670 3724 685 3750 ,
727 3684 863 3738 bene
899 3693 1021 3749 est;
1055 3683 1169 3735 sive
1200 3683 1252 3736 id
1294 3681 1441 3736 brevi
1478 3683 1590 3736 sive
1620 3680 1862 3750 longiore
1895 3688 2138 3749 tempore

572 3775 1021 3844 ﬁat:nullusque
1060 3776 1202 3828 alius
1254 3775 1378 3827 huic
1424 3773 1499 3827 rei
1543 3773 1810 3827 terminus
1868 3771 2135 3840 assignari

572 3875 772 3935 potest,
803 3882 965 3933 quam
991 3882 1115 3920 cum
1147 3880 1304 3934 puro,
1343 3873 1613 3934 quatenus
1643 3864 1851 3917 homini
1876 3865 2138 3933 possibile

571 3964 676 4019 est,
712 3957 878 4011 corde
906 3972 1181 4011 accessus.
1218 3955 1370 4022 Quod
1424 3956 1469 4011 si
1507 3957 1631 4026 quis
1678 3957 1836 4026 culpa
1879 3968 2136 4027 gravatur

571 4062 692 4117 quae
719 4064 748 4101 a
780 4050 1167 4103 communione
1196 4049 1443 4118 prohibet
1467 4089 1481 4112 ,
1531 4049 1575 4103 is
1614 4057 1729 4103 tum
1764 4049 1983 4102 demum
2015 4065 2137 4119 par-

571 4142 835 4210 ticipabit,
873 4158 995 4196 cum
1030 4143 1338 4212 impositam
1377 4156 1590 4211 poenam
1618 4141 1935 4211 expleverit.
1977 4140 2131 4207 Quod

569 4234 616 4287 si
652 4250 843 4288 rursus
875 4243 1046 4288 semet
1090 4233 1326 4289 secernit
1354 4234 1423 4289 ob
1455 4234 1702 4289 haeresim
1730 4274 1744 4299 ,
1775 4234 1878 4289 hoc
1907 4234 2128 4305 quidem

569 4329 877 4381 necessario
930 4325 1008 4380 lit.
1084 4325 1295 4382 Etenim
1348 4336 1759 4382 sacrosanctum
1804 4326 2126 4399 mysterium

570 4417 816 4487 accipere
855 4418 923 4472 ab
957 4418 1211 4473 hmretico
1237 4457 1252 4484 ,
1296 4427 1390 4473 aut
1420 4420 1545 4474 vita:
1596 4419 1771 4489 palam
1810 4419 2130 4489 vituperata:

640 4554 690 4587 ”
726 4553 898 4610 lCor.
928 4570 1006 4621 ιι,
1038 4556 1128 4612 29.

2253 1585 2482 1654 εὐσεϐὴς
2512 1583 2787 1652 ἐπίχυσις
2826 1584 2895 1634 Ἦ
2935 1582 3020 1635 ἵνα
3072 1580 3164 1633 καὶ
3200 1583 3336 1649 ἡμῖν
3391 1581 3704 1647 γνωσθείη,
3758 1579 3840 1641 τίς

2252 1681 2342 1733 καὶ
2370 1679 2586 1748 ποταπὴ
2621 1676 2881 1746 ὑπάρχεις
2907 1676 3006 1745 τὴν
3034 1674 3333 1734 εὐσέϐειαν,
3368 1673 3837 1742 πλλαμὸἀνουςα

2254 1772 2372 1841 μεθ’
2411 1771 2606 1838 ἑαυτῆς
2642 1768 2733 1822 τὸν
2759 1768 2957 1837 Κύριον
2986 1767 3079 1819 καὶ
3106 1766 3385 1835 κεφαλὴν,
3421 1766 3565 1818 ἀλλὰ
3603 1766 3712 1836 μὴν
3745 1767 3835 1816 καὶ

2253 1864 2705 1931 συνεφελκομένη,
2759 1860 3011 1928 καθάπερ
3055 1876 3105 1911 τι
3154 1857 3386 1927 ὀψώνιον
3435 1857 3833 1929 θεοτρὰπεζον,

2249 1958 2463 2019 καὶτὰς
2498 1955 2694 2025 κυρίας
2724 1953 2821 2015 σὰς
2857 1953 3109 2020 ἀδελφάς.
3146 1952 3301 2004 Οὖτω
3344 1951 3445 2019 μὲν
3471 1951 3569 2004 οὖν
3603 1952 3832 2019 θεοπρε-

2249 2047 2355 2117 πὴς
2397 2048 2428 2115 ἡ
2463 2042 2739 2113 ἐπιστολὴ,
2770 2043 2863 2095 καὶ
2906 2042 2995 2094 τὸν
3036 2042 3133 2110 τῆς
3160 2041 3444 2103 εὐσεϐείας
3479 2042 3643 2108 ὑμῶν
3666 2056 3833 2110 χαρα-

2247 2139 2425 2207 κτῆρα
2453 2135 2873 2190 ὑποδεικνύουσιν.
2911 2135 3277 2205 ὡραιότατονί
3324 2132 3471 2200 Ἐγὼ
3509 2134 3568 2186 δὲ
3598 2134 3739 2202 πρὸς
3776 2132 3833 2184 τὸ

2246 2229 2425 2298 λέγειν
2450 2227 2829 2281 ἐπιδεδωκέναι
2852 2227 2994 2295 ὑμᾶς
3035 2227 3129 2279 καὶ
3166 2226 3365 2287 αὐτοὺς
3393 2229 3461 2295 τῇ
3499 2227 3609 2295 ἐμῇ
3638 2242 3831 2277 ταπει-

2245 2321 2426 2386 νώσει,
2456 2320 2552 2388 οὐχ
2598 2319 2779 2381 ἱκανός
2816 2320 2964 2385 είμι·
2996 2317 3135 2386 πλὴν
3178 2318 3276 2385 οὐχ
3309 2317 3465 2385 ἡμῖν,
3512 2316 3658 2368 ἀλλὰ
3712 2315 3832 2383 Θεῷ

2244 2414 2467 2473 ἑαυτοὺς
2509 2408 2813 2461 ὲπιδίδοιτε.
2861 2409 2957 2460 Διὰ
2988 2406 3144 2459 τοῦτο
3186 2406 3464 2473 ὀφειλέται
3500 2405 3703 2474 ἐσμὲν,
3739 2406 3831 2458 καὶ

2245 2504 2457 2572 χαίρειν
2492 2502 2582 2552 ἐπὶ
2619 2502 2685 2568 τῇ
2716 2498 2890 2567 ἀγαθῇ
2924 2498 3034 2566 ζωῇ
3072 2497 3246 2565 ὑμῶν,
3275 2498 3370 2549 καὶ
3401 2496 3674 2566 εὔχεσθαι
3702 2499 3830 2566 ὑμῖν

2244 2594 2312 2647 τὰ
2363 2594 2503 2655 ὅσια,
2541 2592 2635 2644 καὶ
2673 2590 2859 2659 νέμειν
2895 2589 3052 2659 μόνον
3100 2589 3126 2641 ὃ
3169 2588 3390 2657 ἔχομεν,
3425 2588 3702 2657 παρέχειν
3739 2587 3830 2638 τὸν

2243 2685 2441 2739 λεπτὸν
2513 2682 2670 2754 ἡμῶν
2714 2681 2890 2749 λόγον,
2939 2682 2965 2733 ὃ
2995 2681 3089 2732 καὶ
3130 2680 3224 2733 νῦν
3273 2678 3633 2742 ἐπιδιδόντες,
3686 2680 3826 2750 ὲρωο

2243 2778 2446 2849 τῶμεν.

2314 2874 2381 2943 β’.
2420 2872 2538 2923 Τίνι
2575 2869 2717 2936 λόγῳ
2744 2863 3027 2934 ἐπιζητείη
3065 2880 3157 2914 σου
3186 2864 3219 2932 ἡ
3259 2860 3516 2930 τιμιότης
3546 2863 3719 2930 φάναι
3758 2878 3825 2929 με

2242 2964 2369 3033 περὶ
2400 2961 2500 3031 τῆς
2530 2960 2678 3020 θείας
2726 2955 3031 3015 κοινωνίας,
3066 2953 3159 3005 καὶ
3209 2953 3353 3013 τίνος
3384 2953 3550 3021 χάριν
3579 2951 3824 3005 τοσαῦτα

2241 3055 2333 3125 ἐτη
2366 3052 2604 3113 σπανίως
2633 3049 2880 3119 μετέχεις
2900 3063 2913 3075 θ
2951 3045 3107 3099 τοῦτο
3137 3044 3245 3115 γὰρ
3275 3043 3432 3105 λόγον
3455 3044 3669 3111 ὀφείλει
3700 3043 3823 3096 τινὰ

2239 3146 2402 3215 ἔχειν.
2432 3145 2505 3197 Οὐ
2533 3136 2638 3212 γὰρ
2676 3140 2737 3193 τὸ
2766 3141 3030 3204 σπανίως,
3059 3139 3091 3208 ἣ
3117 3138 3176 3190 τὺ
3207 3136 3558 3205 καθεκάστην
3610 3135 3818 3197 ἁπλῶς,

2238 3240 2373 3294 ἀλλὰ
2412 3238 2472 3290 τὸ
2507 3235 2642 3307 μετὰ
2674 3232 2919 3301 καθαρᾶς
2968 3230 3318 3299 συνειδήσεως
3371 3226 3819 3296 μεταλαμϐάνειν

2237 3331 2353 3384 δέον
2376 3345 2391 3360 ·
2432 3330 2485 3381 '0
2522 3328 2631 3396 γὰρ
2660 3322 2941 3387 ἀναξίως,
2975 3320 3159 3389 φησὶν,
3188 3319 3409 3373 ἐσθίων
3457 3318 3558 3370 καὶ
3599 3319 3813 3380 πίνων,

2239 3421 2414 3489 κρῖμα
2443 3416 2631 3482 ἐαυτῷ
2668 3414 2851 3470 ἐσθίει
2890 3411 2988 3465 καὶ
3031 3411 3212 3474 πίνει,
3254 3408 3339 3476 μὴ
3389 3407 3720 3475 διακρίνων
3748 3407 3815 3461 τὸ

2238 3514 2407 3581 σῶμα
2436 3510 2540 3565 τοῦ
2580 3508 2818 3575 Κυρίου.
2851 3504 2911 3557 Ei
2938 3499 3031 3557 οὖν
3066 3500 3290 3569 τοιούτῳ
3310 3500 3503 3569 τρόπῳ
3534 3500 3814 3553 σκοποῦσα,

2236 3600 2306 3652 τὰ
2353 3597 2551 3664 ἑαυτῆς
2590 3594 2684 3646 καὶ
2733 3591 3102 3661 εὐλαϐουμένη
3152 3587 3443 3657 ἀναμένεις
3470 3588 3564 3640 τὸν
3596 3590 3809 3658 καιρὸν,

2238 3686 2297 3743 εὖ
2325 3690 2389 3742 ἂν
2427 3687 2559 3757 ἔχοι,
2612 3687 2722 3737 εἴτε
2777 3682 3202 3754 συντομώτερον,
3243 3678 3352 3731 εἴτε
3382 3679 3807 3749 χρονιώτερον

2237 3782 2333 3837 καὶ
2374 3781 2497 3850 ὄρος
2540 3781 2596 3830 ὲν
2625 3779 2797 3846 τούτῳ
2833 3775 2987 3837 ἄλλος
3010 3775 3106 3827 οὐκ
3146 3774 3313 3835 ἔστιν,
3353 3770 3387 3841 ἢ
3418 3772 3451 3840 ἡ
3486 3772 3545 3823 ὲν
3595 3771 3808 3840 καθαρᾷ

2238 3872 2434 3943 καρδίᾳ.
2467 3869 2695 3923 καθόσον
2731 3867 2956 3919 δυνατὸν
2987 3866 3065 3935 τῷ
3099 3860 3370 3932 ἀνθρώπῳ
3400 3862 3761 3932 πῳσέλευσις
3789 3878 3803 3891 ·

2238 3964 2303 4017 ἂν
2326 3961 2382 4014 δὲ
2417 3958 2755 4026 διάπταισμά
2782 3972 2867 4018 τις
2897 3956 2993 4027 ἔχῃ
3038 3955 3099 4008 τὸ
3133 3952 3524 4022 ἀκοινώνητον,
3564 3953 3803 4023 δηλονότι

2235 4052 2354 4105 τότε
2393 4052 2598 4110 ἐκεῖνος
2622 4046 2948 4116 κοινωνήσῃ,
2976 4043 3125 4097 ὁπότ’
3152 4045 3217 4096 ἂν
3248 4040 3513 4111 πληρωθῇ
3566 4042 3718 4111 αὑτῷ
3747 4043 3804 4095 τὸ

2236 4140 2527 4208 ἐπιτίμιον.
2571 4138 2631 4189 Εἰ
2671 4137 2725 4189 δὲ
2779 4134 3116 4205 διακρίνηται
3145 4133 3213 4187 αὖ
3264 4131 3425 4184 πάλιν
3474 4130 3545 4182 δι’
3574 4133 3800 4202 αἰρεσιν,

2236 4233 2393 4287 τοῦτο
2419 4231 2734 4297 ἀναγκαῖον.
2775 4228 2849 4280 Τὸ
2873 4225 2980 4294 γὰρ
3030 4224 3308 4278 κοινωνεῖν
3342 4221 3497 4291 παρὰ
3528 4223 3803 4292 αἱρετικιῦ

2236 4325 2270 4395 ἢ
2300 4320 2605 4392 προφανοῦς
2631 4316 3053 4386 διαϐεϐλημένου
3080 4314 3219 4367 κατὰ
3247 4312 3337 4366 τὸν
3373 4311 3511 4381 βίον,
3537 4312 3806 4384 ἀλλοτριοί

2238 4415 2393 4480 Θεοῦ,
2446 4414 2539 4467 καὶ
2579 4411 2909 4484 προσοικειοτ
2965 4407 3042 4480 τῷ
3081 4406 3328 4477 διαϐόλῳ.
3360 4404 3575 4475 Σκέψαι
3621 4402 3735 4473 οὖν,
3762 4401 3804 4459 ὦ

2086 4708 2312 4767 NOTAE}.

637 4849 714 4919 (l)
745 4847 1086 4919 Praecipuum
1117 4849 1233 4907 fere
1273 4851 1415 4907 inter
1455 4852 1681 4907 Studita:
1712 4854 1912 4920 scripta
1942 4852 2123 4908 locum

568 4927 775 4991 tenere,
816 4921 1089 4991 Epistolas
1142 4922 1281 4989 ejus,
1348 4924 1681 4991 exploratum
1748 4934 1850 4977 est.
1919 4922 2125 4978 Harum

567 4990 817 5045 collectio
848 4990 1182 5059 plenissima,
1235 4991 1288 5045 in
1319 4990 1557 5062 quinque
1603 4995 1769 5047 libros
1812 4993 2119 5059 distributa,

565 5068 744 5113 exstat
776 5076 1023 5129 magnam
1057 5071 1262 5128 partem
1315 5062 1493 5117 adhuc
1551 5064 1749 5116 inedita
1803 5063 1856 5116 in
1908 5064 2123 5118 duobus

565 5130 845 5185 codicibus
871 5130 1181 5201 Pal-isiacis,
1212 5146 1445 5199 quorum
1491 5133 1800 5201 diligentem
1847 5148 1995 5187 more
2021 5149 2121 5189 suo

568 5201 817 5253 uetitiam
856 5201 1019 5253 tradit
1068 5199 1348 5257 Fabricius
1394 5201 1454 5256 Β.
1480 5202 1545 5257 G.
1594 5199 1684 5257 id.
1738 5218 1862 5256 nov.
1919 5202 1982 5256 T.
2031 5202 2117 5267 Χ,

565 5284 618 5337 p.
654 5270 781 5331 459,
814 5286 964 5339 seqq.
998 5268 1250 5339 Quinque
1280 5272 1378 5326 hos
1408 5272 1572 5326 libros
1618 5280 1834 5328 exstare
1864 5275 2026 5327 etiam
2067 5275 2119 5327 in

566 5339 894 5412 bibliotheca
928 5339 1363 5412 vaticapa,dixit
1407 5340 1595 5396 auctor
1642 5342 1837 5397 Indicis
1865 5344 2122 5412 alphabe-

569 5409 659 5482 tici
711 5406 927 5463 Patrum
989 5410 1041 5461 in
1093 5408 1428 5466 Bibliotheca
1485 5428 1679 5482 magna
1729 5406 2119 5481 Lugdunensi;

566 5476 706 5559 falso
736 5490 936 5540 tamen,
969 5494 1102 5559 nam
1142 5491 1405 5559 quantum
1437 5498 1533 5549 ego
1558 5476 1769 5559 sciovel
1791 5476 2074 5559 e'xploravi
2101 5476 2116 5547 ,

566 5546 813 5621 nihilest
841 5550 980 5621 apud
1018 5564 1121 5621 nos
1148 5546 1363 5619 (praeter
1397 5546 1585 5620 sparsa
1612 5546 2115 5621 epistolia'aliquot)

567 5615 673 5669 nisi
696 5615 1025 5689 Codex-Vat.
1064 5615 1224 5684 1452,
1261 5615 1489 5689 insignis
1532 5615 1707 5674 hercle
1736 5631 1789 5676 et
1817 5623 1949 5676 satis
1974 5615 2115 5675 aliti;

566 5699 725 5751 quus,
764 5688 929 5741 libros
958 5688 1092 5741 duos
1136 5688 1492 5757 Epistolarum
1530 5691 1755 5745 Studitzc
1791 5694 2107 5746 continens:

566 5768 631 5807 ex
682 5772 787 5825 quo
829 5759 1154 5813 adauiussim
1195 5762 1379 5815 codice
1432 5771 1642 5831 sumpta
1693 5760 1793 5817 fuit
1840 5762 2113 5817 Sirmoudi

2228 4853 2397 4907 editio
2425 4892 2440 4915 ,
2489 4862 2547 4907 ut
2588 4867 2693 4923 ego
2720 4848 3009 4923 conferens
3028 4859 3186 4923 _certo
3218 4847 3464 4923 comperi
3525 4865 3543 4903 :
3590 4865 3715 4923 nam
3749 4862 3799 4905 et

2229 4923 2437 4977 lacunae
2477 4917 2731 4977 editiiinis
2775 4920 2889 4974 sive
2935 4918 3166 4988 majores
3198 4917 3314 4971 sive
3343 4917 3518 4988 etiam
3562 4922 3797 4974 minima:

2229 5007 2349 5045 cum
2400 4993 2502 5046 hoc
2553 4992 2741 5045 codice
2788 4986 3395 5059 prorsus‘conspirant.
3444 4986 3592 5042 Cum
3640 4990 3796 5059 igitur

2226 5062 2532 5117 Parisiacus
2570 5063 2658 5116 ille
2684 5057 2978 5129 thesaurus
2996 5075 3024 5111 a
3050 5072 3133 5113 me
3160 5057 3347 5127 procul
3372 5059 3545 5119 absit,
3570 5057 3789 5129 vix‘ego

2227 5148 2388 5185 unam
2442 5143 2532 5186 aut
2574 5132 2795 5186 alteram
2829 5128 3061 5195 adjicere
3105 5143 3245 5181 nunc
3281 5142 3426 5196 queo
3463 5128 3788 5195 epismlani,

2222 5218 2288 5256 ex
2321 5202 2435 5256 Vat.
2467 5202 2651 5256 codice
2683 5201 2803 5265 655,
2829 5215 2952 5253 cum
2978 5198 3315 5252 brevissimis
3343 5197 3675 5254 lacunarum
3702 5202 3792 5254 ali-

2229 5271 2800 5348 (ιυριξυρρίθὲκῗηίίξο
2923 5336 2958 5348 η
3003 5336 3039 5348 η
3121 5347 3124 5348 ν
3314 5337 3326 5348 -

2297 5336 2541 5411 (ijApud
2575 5336 3085 5411 Falirieium_§.G.,
3113 5347 3245 5411 tom.
3280 5337 3401 5411 cit.,
3428 5353 3485 5411 Ε.
3526 5340 3655 5402 «ιιι,
3684 5341 3791 5392 ine-

2224 5406 2494 5465 ditée'du'ae
2520 5415 2865 5465 nominantur
2892 5406 3159 5462 Theodori
3204 5409 3378 5461 nostri
3426 5406 3693 5477 Epistula:
3725 5411 3786 5463 ad

2222 5483 2579 5548 spatharium.
2644 5480 2813 5533 Porro
2869 5481 3076 5548 scimus
3145 5480 3484 5546 spatharium
3575 5482 3784 5533 titulum

2222 5547 2390 5606 fuisse
2427 5551 2585 5605 ollicii
2619 5550 2670 5603 in
2709 5550 2828 5604 aula
2860 5547 3153 5619 Byzantina
3183 5587 3197 5609 ,
3235 5547 3503 5619 uxoribus
3535 5566 3781 5619 quoque.

2223 5632 2281 5674 ut
2330 5621 2408 5683 ﬁt,
2472 5617 2952 5675 communicatum.
3008 5617 3199 5671 Nostra
3260 5618 3433 5687 igitur
3505 5617 3784 5687 spatharia

2220 5690 2365 5757 (cod.
2423 5692 2745 5762 spatharea)
2809 5704 2946 5744 uxor
3005 5689 3236 5743 fortasse
3308 5687 3461 5743 illius
3520 5691 3786 5761 spatham

2223 5769 2357 5814 erat.
