3976 6322
130 377 292 443 1669

1438 382 1814 445 EPISTOLIE
1854 384 2207 447 INEDITAZ.

3288 393 3421 458 1670

129 495 458 567 μακαρία,
510 489 661 565 ᾧτινι
716 493 901 569 τρόπῳ
940 498 1049 552 τῶν
1092 499 1395 569 εἰρημένων
1446 500 1530 570 εἴη
1591 517 1682 552 σου
1734 500 1763 552 6

1873 499 2084 554 homine
2107 541 2123 566 ,
2166 516 2195 555 a
2244 501 2352 556 Deo
2380 513 2531 557 arcet
2575 512 2632 557 et
2662 502 2864 557 diaboli
2913 502 3043 559 facit
3071 502 3416 563 familiarem.

128 588 413 652 σκοπὸς,
485 590 583 642 καὶ
645 591 761 641 κατ’
803 591 934 642 αὐτὸ
988 590 1203 659 πρόσιθι
1259 592 1371 654 τοῖς
1421 590 1756 660 μυστηρίοις.

129 678 429 733 Γνωστὸν
475 680 539 731 δὲ
580 682 745 733 πᾶσιν
795 683 877 734 ὅτι
915 680 1008 734 νῦν
1051 682 1257 753 αἵρεσις
1286 683 1343 733 ὲν
1374 685 1438 753 τῇ
1466 682 1586 736 καθ’
1614 684 1762 753 ἡμᾶς

145 772 513 842 Ἑκκλησίᾳ
565 773 979 843 κατακρατοῦσα
1030 774 1135 826 τῶν
1181 776 1487 845 Μοιχιανῶν
1519 776 1593 846 (5)
1621 777 1757 828 ἐστι.

128 862 356 914 Φεῖσαι
394 863 597 915 τοίνυν
635 864 732 933 τῆς
761 864 943 932 τιμίας
973 882 1065 917 σου
1096 866 1271 936 ψυχῆς
1314 869 1450 936 μετά
1470 868 1577 919 τῶν
1608 869 1763 921 ἀδελ-

134 954 273 1021 φῶν
336 956 453 1007 καὶ
492 956 591 1025 τῆς
639 956 899 1025 κεφαλῆς.
936 958 1111 1025 Ἐφης
1155 958 1209 1010 δέ
1247 977 1355 1028 μοι,
1391 960 1470 1012 ὅτι
1520 960 1763 1025 δέδοικας

134 1046 344 1097 εἰπεῖν
381 1046 479 1114 τῷ
514 1046 867 1117 πρεσϐυτέρῳ
898 1065 1013 1112 σου,
1048 1049 1120 1119 μὴ
1166 1051 1455 1122 ἀναφέρειν
1494 1052 1586 1105 τὸν
1613 1054 1764 1123 αἱρε-

139 1138 419 1207 σιὰρχην
452 1137 559 1207 (4).
585 1139 690 1190 Καὶ
711 1140 763 1190 τί
787 1142 913 1209 περὶ
946 1140 1133 1193 τούτου
1161 1144 1334 1196 εἰπεῖν
1366 1160 1448 1195 σοι
1480 1144 1540 1196 τὸ
1564 1145 1760 1215 παρὸν,

137 1229 209 1279 οὐ
248 1227 540 1297 καθορῶ.
581 1228 725 1299 Πλὴν
763 1231 845 1281 ὅτι
891 1231 1160 1302 μολυσμὸν
1188 1232 1299 1301 ἔχει
1331 1234 1364 1303 ἡ
1402 1234 1649 1289 κοινωνία
1699 1240 1766 1290 ἐκ

146 1319 339 1384 μόνου
381 1318 498 1372 τοῦ
538 1320 848 1388 ἀναφέρειν,
880 1323 979 1374 οὐκ
1016 1322 1083 1376 ἂν
1130 1324 1406 1392 ὀρθόὸοξος
1457 1327 1539 1397 εἴη
1575 1329 1601 1380 6
1633 1328 1765 1381 ἀνα-

143 1412 384 1480 φέρων.
429 1411 501 1463 Ὀ
525 1411 582 1463 δὲ
621 1412 822 1481 Κύριος
852 1416 879 1465 6
917 1416 973 1466 ὲν
1005 1414 1241 1485 τοσούτῳ
1276 1422 1457 1487 μέτρῳ
1476 1419 1766 1483 εὐσεϐείας

144 1504 315 1571 ὑμᾶς
365 1501 634 1569 ἀγαγὼν,
667 1504 828 1566 αὐτὸς
868 1506 926 1557 ὲν
960 1508 1125 1558 πᾶσιν
1149 1508 1434 1578 ἀπήμονας
1464 1510 1557 1561 καὶ
1587 1510 1765 1563 ὁλοτε-

144 1594 276 1656 λεῖς
317 1594 561 1662 σώματί
610 1610 668 1646 τε
722 1596 815 1647 καὶ
847 1596 989 1667 ψυχῇ
1023 1598 1160 1667 πρὸς
1205 1600 1313 1651 πᾶν
1362 1599 1521 1670 ἔργον
1564 1602 1767 1669 ἀγαθὸν

149 1687 260 1739 καὶ
295 1686 459 1756 ’πρὸς
496 1687 677 1738 πᾶσαν
704 1687 1034 1756 αὐτάρκειαν
1058 1689 1171 1759 βίον
1209 1691 1489 1762 συντηρῶν
1512 1692 1769 1761 διαφυλά-

150 1778 302 1843 ξειε,
354 1780 473 1848 τήν
524 1796 583 1831 τε
623 1779 776 1848 ὑμῶν
822 1782 1080 1848 συζυγίαν
1106 1785 1248 1852 φημὶ
1281 1784 1374 1837 καὶ
1408 1784 1506 1845 τὰς
1548 1785 1766 1838 εὐλαϐε-

153 1870 389 1932 στάτας
425 1868 692 1937 ἀδελφὰς,
730 1870 1177 1942 ὑπερευχομένων
1200 1874 1413 1927 πάντων
1438 1874 1538 1945 τῆς
1570 1876 1768 1945 ἡμετέ-

156 1980 271 2033 ρας
304 1961 709 2031 ἀναξιότητος.

156 2249 752 2321 ΣΚΑκ-ςΒασιλείῳ
774 2249 852 2315 τῷ
878 2250 1121 2321 ἀοιδίμῳ
1156 2251 1461 2321 ἡγουμένῳ
1481 2253 1602 2307 σὺν
1625 2252 1774 2309 πᾶσι

363 2319 491 2386 τῆς
520 2321 849 2387 σεϐασμιας
872 2320 1066 2389 μονῆς
1091 2319 1391 2391 τοῦάγίου
1416 2324 1594 2378 Σάϐα.

240 2424 422 2498 [Cat].
464 2426 587 2481 Vat.
620 2430 744 2493 653,
770 2430 808 2481 ι.
839 2430 908 2483 45
950 2429 1029 2502 1).]
1063 2432 1182 2482 Τῶν
1232 2434 1330 2501 τῆς
1358 2434 1637 2496 εὐσεϐείας
1684 2435 1771 2489 δο-

161 2522 424 2587 γμάτων
494 2520 849 2575 καθεστώτων
880 2564 893 2588 ,
951 2524 1307 2593 φιλοτάραχον
1364 2525 1424 2579 τὸ
1486 2527 1771 2582 κινεῖσθαι.

164 2613 416 2664 Τούτων
455 2613 515 2664 δὲ
564 2613 978 2678 στασιαζόντων,
1015 2616 1089 2678 ὼς
1134 2615 1228 2668 νῦν
1285 2617 1341 2669 ἐν
1382 2620 1444 2689 τῇ
1483 2619 1777 2690 καθ’ήμᾶς

171 2705 441 2773 μάλιστα
483 2704 800 2775 Ἐκκλησία,
832 2706 946 2768 πῶς
976 2708 1074 2759 οὐκ
1106 2708 1415 2775 ἀναγκαίοις
1445 2710 1773 2781 διεγερτέον,

171 2796 565 2866 φειδομένους
596 2797 828 2861 οὐδενὸς,
866 2799 939 2869 μὴ
969 2800 1049 2853 ὅτι
1070 2817 1132 2868 γε
1172 2804 1384 2871 μακρᾶς
1406 2802 1549 2865 ὁδοῦ,
1580 2804 1687 2857 τῶν
1718 2822 1776 2857 τε

173 2888 371 2941 ἄλλων
424 2889 894 2959 τληπαθημάτων,
926 2891 1061 2944 ἀλλά
1104 2894 1194 2945 καὶ
1224 2894 1385 2945 αὑτοῦ
1421 2894 1649 2949 θανάτου
1675 2914 1776 2949 κα-

171 2984 536 3048 ταφρονεϊν;
571 2980 717 3050 Αὕτη
759 2985 790 3051 ἡ
818 2984 963 3035 αἰτία
989 2985 1086 3054 τῆς
1122 2985 1255 3055 πρὸς
1282 2988 1423 3055 ὑμᾶς
1456 2989 1579 3050 τοὺς
1621 2990 1780 3041 ὁσιω-

177 3072 398 3133 τάτους
436 3072 549 3123 τῶν
587 3075 969 3141 πνευματικῶν
994 3077 1148 3146 ἡμῶν
1178 3077 1380 3131 τέκνων
1411 3082 1637 3151 Λητοῖου
1684 3080 1779 3135 καὶ

1795 1830 1843 1888 Β

1862 590 2159 647 Considera
2189 592 2373 664 igitur,
2405 609 2436 647 ο
2468 594 2624 647 beata
2648 633 2663 659 ,
2720 610 3013 664 quamnam
3054 610 3119 650 ex
3152 598 3423 665 praedictis

1864 682 2058 751 agendi
2111 686 2375 739 rationem
2426 686 2518 739 tibi
2570 686 2957 755 proposueris,
3020 696 3074 741 et
3124 687 3422 741 secundum

1863 774 2015 830 illam
2049 776 2114 830 ad
2156 792 2309 831 sacra
2360 777 2616 848 mysteria
2666 777 2933 831 accedito.
2996 775 3207 846 Quippe
3237 778 3424 846 explo-

1863 876 2042 921 ratum
2072 877 2157 922 est
2182 869 2434 923 omnibus
2457 907 2471 930 ,
2506 882 2626 936 quae
2661 883 2803 922 nunc
2850 869 3073 923 haeresis
3124 869 3422 923 Ecclesiam

1865 965 2107 1010 nostram
2140 966 2389 1026 occupet.
2422 956 2853 1012 Mmchianorum
2887 958 3155 1013 videlicet.
3188 959 3426 1014 Consule

1866 1044 2048 1113 itaque
2080 1046 2329 1114 pretiosae
2360 1047 2558 1100 animae
2586 1054 2709 1111 ture,
2746 1055 2801 1100 et
2826 1047 3108 1103 sororibus
3140 1056 3302 1119 atque
3335 1064 3425 1104 ca-

1869 1135 1965 1204 piti
1999 1134 2183 1205 (viro).
2244 1135 2414 1189 Porro
2462 1136 2592 1189 mihi
2643 1137 2723 1190 ais
2778 1136 2954 1189 vereri
3012 1145 3065 1192 te
3116 1139 3297 1194 dicere
3336 1147 3428 1192 tuo

1866 1230 2221 1299 presbytero,
2293 1245 2397 1283 non
2458 1232 2617 1285 licere
2696 1232 3071 1287 harresiarchaz
3150 1234 3424 1304 liturgiam

1866 1318 2065 1373 facere.
2094 1320 2208 1385 Qua
2235 1337 2401 1390 super
2428 1338 2482 1375 re
2507 1322 2729 1391 quidem
2761 1323 2888 1392 quid
2923 1324 3017 1378 tibi
3045 1340 3190 1379 nunc
3219 1325 3430 1379 dicam?

1865 1430 1965 1482 ego
2012 1413 2117 1468 hoc
2169 1430 2361 1469 vacare
2407 1416 2567 1486 culpa
2612 1431 2720 1469 non
2750 1416 2961 1485 judico.
2993 1416 3127 1470 Nam
3166 1417 3294 1486 quia
3334 1418 3426 1471 illa

1867 1505 2180 1557 communio
2209 1504 2498 1573 inquinat,
2549 1520 2667 1575 quae
2706 1506 2763 1558 in
2796 1506 3011 1576 liturgia
3051 1507 3139 1572 tit;
3186 1506 3305 1561 ideo
3334 1508 3428 1577 qui

1868 1592 1997 1647 facit
2038 1594 2309 1663 liturgiam
2341 1635 2354 1659 ,
2406 1594 2548 1648 haud
2600 1596 2943 1649 orthodoxus
2992 1598 3116 1651 erit.
3166 1595 3431 1652 Dominus

1868 1696 2083 1750 autem,
2134 1691 2225 1759 qui
2279 1705 2375 1743 vos
2427 1690 2479 1743 in
2530 1698 2741 1745 tantum
2780 1692 2999 1760 pietatis
3032 1707 3100 1746 cu
3127 1708 3251 1746 men
3300 1707 3429 1761 pro-

1868 1782 2040 1844 vexit,
2071 1780 2322 1836 innoxios
2359 1791 2414 1836 et
2450 1782 2811 1852 undequaque
2862 1783 3165 1838 incolumes
3196 1799 3431 1853 corpore

1868 1873 2157 1943 animaque
2213 1874 2279 1927 ad
2310 1890 2469 1929 omne
2503 1890 2642 1945 opus
2684 1874 2907 1939 bonum,
2952 1889 3280 1945 onmemque
3306 1876 3432 1929 vitae

1868 1978 2024 2017 usum
2051 1973 2352 2031 conservet,
2404 1974 2671 2030 vestrum,
2704 1967 2946 2035 inquam,
2997 1968 3334 2035 conjugium,
3379 1976 3432 2021 et

1868 2069 2083 2109 sorores
2123 2056 2569 2126 religiosissimas
2600 2074 2613 2110 :
2644 2057 2936 2127 cunctique
2987 2072 3087 2126 pro
3130 2068 3318 2113 nostra
3347 2059 3433 2113 iu-

1868 2146 2127 2215 dignitate
2152 2147 2310 2201 enixe
2341 2148 2664 2216 precemini.

1870 2254 2100 2311 CCXXI.
2132 2288 2201 2296 ——
2230 2256 2429 2311 Basilio
2496 2257 2690 2329 inclyta
2745 2259 2958 2326 prasidi
2996 2276 3125 2329 ﬁcum
3179 2260 3432 2315 universis

2158 2330 2433 2381 venerandi
2460 2328 2757 2382 monasterii
2785 2330 2952 2382 sancti
2977 2328 3152 2383 Sabaz.

1945 2443 2079 2497 Cum
2120 2442 2399 2511 religionis
2430 2442 2677 2512 dogmata
2715 2452 2880 2507 stant,
2912 2444 2998 2497 ille
3030 2443 3431 2511 pertubatorem

1873 2550 1930 2590 se
1961 2534 2160 2603 prmbct
2189 2534 2283 2602 qui
2331 2540 2511 2587 motus
2539 2533 2664 2587 ciet.
2721 2534 2817 2588 llis
2866 2544 3046 2589 tamen
3101 2534 3432 2598 commotis,

1874 2625 1953 2679 uti
1991 2639 2136 2679 nunc
2184 2624 2237 2677 in
2285 2632 2471 2677 nostra
2502 2623 2802 2693 praesertim
2848 2623 3093 2677 Ecclesia
3138 2622 3433 2685 usuvenit,

1874 2716 2003 2787 quid
2033 2716 2089 2769 ni
2129 2715 2439 2770 necessario
2463 2715 2902 2784 consurgendum
2930 2717 3001 2769 sit
3029 2753 3044 2779 ,
3089 2714 3333 2783 nullique
3360 2714 3440 2767 lac

1873 2807 1993 2863 buri
2025 2807 2349 2877 parcendum
2378 2848 2393 2872 ,
2434 2822 2609 2876 neque
2638 2806 2801 2874 longo
2837 2804 3058 2871 itineri,
3112 2818 3286 2873 neque
3314 2803 3436 2857 aliis

1876 2899 2156 2963 :erumnis,
2190 2900 2319 2968 quin
2356 2908 2408 2952 et
2446 2899 2560 2966 ipsa
2588 2912 2736 2951 mors
2764 2896 3203 2951 contemnenda?
3234 2896 3345 2950 Hac
3370 2897 3437 2948 de

1878 3005 2068 3055 causa,
2105 2990 2170 3043 ad
2208 3005 2303 3043 vos
2333 2989 2582 3044 misimus
2611 2991 2676 3041 de
2708 2988 3043 3055 spiritalibus
3076 2986 3204 3041 ﬁliis
3236 2987 3438 3040 nostris

1879 3084 2250 3141 sanctissimos
2280 3082 2522 3137 Letoium
2556 3094 2607 3137 ct
2635 3083 2967 3136 Simeonem.
3002 3080 3125 3134 Haec
3149 3088 3233 3134 est
3269 3078 3435 3140 ratio,

180 3166 497 3250 Συμεῶνος
531 3165 606 3236 (5)
635 3166 956 3237 ἀποστολῆς.
1003 3164 1167 3235 Οὗτος
1215 3172 1242 3223 6
1279 3175 1476 3242 τρόπος
1506 3174 1604 3243 τῆς
1641 3175 1773 3243 μετά

1880 3194 1976 3230 cur
1998 3178 2051 3230 hi
2084 3186 2203 3245 post
2240 3175 2491 3230 ﬁduciam
2525 3192 2653 3243 erga
2702 3174 2873 3230 Deum
2896 3216 2910 3239 ,
2959 3172 3323 3243 periculosam
3359 3169 3437 3225 is-

182 3258 331 3311 Θεὸν
373 3259 762 3327 πεποιθήσεως
794 3261 1145 3327 κινδυνώδους
1167 3265 1223 3316 ὲν
1246 3268 1356 3327 τοῖς
1384 3266 1566 3318 αὑτὸοι
1614 3267 1775 3334 ἐκδη-

189 3350 354 3418 μίας.
421 3344 639 3402 mra.
679 3352 912 3421 πατέρες
964 3353 1129 3421 ἅγιοι,
1188 3354 1303 3417 πῶς
1358 3356 1485 3424 ὑμῖν
1534 3356 1779 3425 ἐναργῶς

184 3439 543 3512 διηγήσαιμι
581 3442 647 3495 τὰ
680 3444 819 3496 κατὰ
874 3444 967 3497 τοῦ
1012 3445 1340 3513 Εὐαγγελίου
1395 3446 1488 3499 τοῦ
1544 3447 1779 3519 Χριστοῦ

188 3531 305 3585 ὑπὸ
340 3533 460 3586 τῶν
490 3534 723 3587 ἐνταῦθα
746 3535 1080 3605 τολμηθέντα
1108 3538 1199 3590 καὶ
1242 3538 1580 3608 πραχθέντα;
1619 3538 1780 3609 Ἱερε-

194 3622 337 3691 μίας
368 3626 399 3676 ὁ
432 3622 899 3693 πολυθρηνότατος
917 3618 1017 3676 ὧδέ
1041 3626 1141 3677 πού
1165 3643 1325 3695 φησιν
1359 3630 1414 3679 ἐν
1449 3631 1565 3689 ταῖς
1591 3627 1780 3680 ἑαυτοῦ

193 3714 605 3785 προφητείαις·
633 3714 914 3783 Ποιμένες
935 3717 1372 3785 ἡφρονήσαντο,
1404 3718 1501 3773 καὶ
1537 3720 1642 3772 τὸν
1666 3720 1780 3773 Κύ-

185 3824 335 3873 ριον
367 3809 487 3861 οὐκ
517 3805 902 3875 ἐξεζήτησαν.
938 3807 1197 3861 Ἐνταῦθα
1241 3809 1296 3862 δὲ
1320 3809 1697 3880 χαλεπώτερόν
1734 3829 1782 3863 τι

195 3895 300 3947 καὶ
331 3895 463 3950 λίαν
492 3896 719 3950 ἔκτοπον
746 3914 759 3925 '
787 3898 909 3958 τοὺς
966 3896 1075 3968 γὰρ
1109 3899 1357 3969 ὲκζητεῖν
1395 3900 1555 3953 αὑτὸν
1590 3917 1784 3968 προαι-

199 3988 522 4057 ρουμένους
583 3989 678 4040 καὶ⁵
747 3987 1138 4058 ἀντεχομένους
1228 3988 1320 4043 τοῦ
1376 3990 1538 4059 νόμου
1596 3990 1783 4054 αὐτοῦ,

198 4074 681 4147 ἡλλοτριωμένους
706 4077 867 4130 αὑτοῦ
901 4077 1197 4148 ἀναθέματι
1229 4080 1322 4132 ἁνε
1358 4079 1503 4150 (6)...

1883 3267 2009 3321 thuc
2028 3268 2421 3336 expeditionem
2452 3265 3233 3335 susceperint.Verumtamen,
3252 3262 3441 3318 Patres

1882 3358 2094 3423 sancti,
2148 3357 2421 3425 quomodo
2465 3361 2747 3425 perspicue
2791 3355 2943 3410 vobis
2998 3369 3264 3424 exponam
3319 3369 3441 3423 quae

1883 3450 2138 3503 adversus
2163 3448 2358 3502 Christi
2394 3447 2745 3518 Evangelium
2783 3463 2812 3500 a
2849 3456 3051 3501 nostra:
3079 3446 3319 3516 regionis
3341 3447 3442 3500 ho-

1884 3539 2119 3593 minibus
2170 3554 2300 3593 ausa
2358 3549 2484 3593 sunt
2538 3548 2591 3593 et
2641 3539 2900 3607 peracta?
2977 3537 3445 3592 Luctuosissimus

1883 3629 2099 3698 quidem
2132 3628 2429 3683 Hieremias
2469 3631 2548 3683 sic
2591 3629 2644 3681 in
2680 3645 2773 3683 sua
2826 3629 3107 3697 prophetia
3156 3630 3440 3697 loquitur:

1884 3718 2130 3772 Pastores
2162 3719 2322 3773 stulte
2352 3728 2589 3787 egerunt,
2620 3729 2667 3771 et
2698 3718 2982 3771 Dominum
3024 3734 3124 3771 non
3156 3718 3448 3784 exquisive-

1883 3809 2050 3861 runt?
2079 3808 2148 3860 At
2171 3807 2316 3861 enim
2344 3808 2487 3876 apud
2517 3821 2617 3860 nos
2646 3806 2895 3873 asperius
2936 3847 2951 3873 ,
2982 3806 3183 3875 aliquid
3217 3816 3269 3859 et
3292 3806 3445 3860 valde

1888 3915 2203 3971 perversum
2242 3910 2424 3953 actum
2470 3908 2553 3952 est
2581 3914 2595 3950 :
2622 3897 2822 3952 etenim
2874 3912 2969 3952 eos
3021 3898 3112 3966 qui
3155 3896 3443 3951 Dominum

1889 3992 2173 4059 exquirere
2190 3990 2523 4053 maluerunt,
2544 3988 2774 4057 ejusque
2802 3990 2972 4057 legem
3001 3989 3161 4055 tueri,
3187 3997 3443 4057 tanquam

1891 4080 2215 4149 apostaticos
2240 4080 2585 4134 anathemate
2610 4079 3078 4147 perculerunt.....

284 4406 601 4479 Supersunt
635 4414 893 4476 praeterea
924 4407 999 4478 (in
1023 4409 1208 4463 codice
1240 4424 1363 4464 χειν
1398 4409 1744 4465 Bibliothecze
1781 4408 2131 4465 Coislinianae
2162 4410 2303 4480 apud
2329 4408 2687 4465 Moxrnucox
2736 4410 2987 4467 Biblioth.
3033 4413 3252 4467 Coislin.
3306 4428 3434 4481 pag.

210 4502 367 4572 194.)
400 4501 656 4573 Epistolas
684 4502 929 4555 ducenta:
958 4512 1012 4556 et
1035 4505 1373 4574 septuaginta
1405 4512 1634 4572 septem,
1692 4518 1969 4574 nunquam
1997 4504 2258 4560 hactenus
2282 4506 2497 4561 emissae
2527 4507 2579 4559 in
2615 4505 2809 4571 lucem,
2856 4522 3083 4576 quarum
3115 4506 3442 4561 laterculum

208 4589 439 4647 damus.
473 4590 745 4657 Incipiunt
770 4604 798 4642 a
830 4587 924 4643 fol.
949 4590 1053 4645 210
1089 4606 1270 4657 verso,
1297 4594 1387 4648 ubi

285 4677 533 4747 Epistola
559 4677 665 4728 272
694 4677 757 4729 ad
793 4676 1089 4745 Josephum
1116 4677 1336 4734 fratrem
1359 4689 1414 4735 et
1436 4680 1773 4750 archiepisco

1873 4694 1903 4733 n
1931 4678 2090 4734 tertio
2116 4676 2387 4733 exsulem.
2410 4676 2632 4732 Initium
2657 4696 2669 4732 :
2705 4676 3008 4750 Ἐδεξάμην
3040 4678 3109 4733 τὰ
3136 4662 3440 4751 γράμματα

210 4763 315 4834 τῆς
340 4766 443 4835 σῆς
486 4765 815 4833 ἁγιωσύνης,
869 4774 975 4819 etc.

285 4851 417 4906 273.
444 4852 523 4906 Ad
550 4851 817 4905 eumdem.
852 4852 1065 4905 Initium
1098 4853 1226 4916 εΔὶς
1262 4852 1385 4923 ἄρτι
1419 4854 1770 4923 ὲπιστελλόμε

1873 4854 1971 4925 τὴν
2000 4852 2107 4907 ἀπὸ
2142 4852 2237 4907 τοῦ
2255 4853 2556 4918 Βυζαντίου
2593 4852 2800 4924 ἄφιξιν,
2839 4862 2947 4911 etc.

285 4938 419 4993 274.
452 4937 745 5007 Euthymio
773 4938 1049 4993 Sardensi.
1098 4939 1446 5011 Ἐμακρύνθη
1478 4959 1570 4993 σου
1606 4942 1639 5010 ἡ
1670 4941 1905 5023 ὁσιότης,
1932 4952 2039 4997 etc.

291 5025 418 5080 275.
446 5024 654 5094 Ignatio
681 5023 932 5093 episcopo
962 5024 1145 5079 Mileti.
1178 5026 1399 5099 Εὖρεμα
1428 5028 1590 5080 καλὸν
1615 5027 1879 5097 ὲθήρασα,
1908 5040 2014 5084 etc.

1727 5181 1957 5240 ΝΟΤΑΞ.

301 5294 377 5362 (3)
400 5294 698 5368 Notissima
713 5303 797 5349 est
824 5295 879 5368 in
913 5295 1137 5368 Stttditge
1166 5296 1619 5368 scriptishazresis
1650 5296 1780 5368 lure.

226 5362 363 5435 Nam
394 5380 520 5419 cum
556 5363 946 5435 Constantinus
978 5362 1153 5423 lrenes
1183 5362 1344 5430 lilitis,
1376 5368 1494 5435 ejus
1524 5367 1784 5434 temporis

230 5434 551 5503 imperator,
588 5434 741 5503 pulsa
782 5434 1017 5503 legitima
1052 5452 1219 5490 uxore
1244 5478 1258 5501 ,
1299 5434 1457 5490 aliam
1496 5435 1740 5488 duxisset
1766 5475 1780 5496 ,

230 5512 343 5557 tum
380 5506 499 5571 ipse
525 5513 641 5557 tum
667 5503 785 5571 ejus
810 5505 1066 5560 favitores
1093 5508 1219 5561 dicti
1260 5516 1386 5560 sunt
1423 5506 1716 5568 mmcltiani,
1754 5520 1784 5559 a

235 5572 475 5645 μοιχείᾳ,
498 5572 781 5645 adulterio.

303 5641 962 5715 (Dlntelligitlosephum
988 5660 1328 5699 oeconomum
1344 5646 1436 5715 qui
1468 5643 1786 5715 adulterinis

234 5711 598 5782 imperatoris
637 5714 840 5782 nuptiis
886 5716 1245 5769 bencdixerat.
1328 5711 1401 5769 De
1457 5729 1521 5766 eo
1581 5712 1787 5766 Studita

237 5781 407 5853 Epist.
441 5784 537 5838 lib.
565 5781 626 5847 1,
654 5780 730 5834 2f
775 5792 830 5837 et
872 5784 961 5837 22.
1018 5783 1145 5840 Sic:
1181 5785 1353 5838 Ἔστω
1389 5784 1684 5851 οἰκονόμος·
1740 5782 1791 5834 τί

1885 5300 1980 5352 καὶ
2004 5296 2237 5362 ἀναξίως
2256 5296 2529 5367 ίερουργεϊ
2550 5311 2577 5367 ;_
2598 5294 2845 5358 Ἐξέλιπε
2872 5294 3238 5365 πρεσϐύτερος
3267 5312 3290 5367 :_
3316 5298 3446 5367 Esto

1888 5382 2215 5429 mconomus;
2250 5364 2343 5419 cur
2370 5364 2525 5419 ctianz
2561 5365 2769 5434 indigne
2809 5367 2976 5419 sacris
3004 5364 3294 5434 operatur?
3346 5365 3448 5418 De-

1886 5440 1976 5493 siit
2010 5452 2119 5490 esse
2143 5437 2433 5505 presbyter.

1964 5508 2042 5577 (5)
2065 5506 2141 5559 Ad
2175 5503 2323 5577 hunc
2345 5504 2651 5577 Simeonem
2677 5503 3320 5577 strenuumorthodox‘iae
3346 5506 3451 5577 de-

1884 5574 2154 5630 fensurem
2202 5575 2390 5628 scribit
2415 5574 2626 5627 Studita
2656 5574 2909 5643 epistolas
2949 5576 3040 5629 lib.
3090 5574 3150 5642 l,
3193 5574 3257 5627 21
3289 5614 3304 5640 ,
3335 5574 3407 5627 22
3432 5614 3447 5638 ,

1886 5646 1957 5701 25
1980 5684 1996 5708 ,
2040 5653 2094 5698 et
2125 5644 2219 5697 lib.
2248 5643 2312 5706 II,
2337 5645 2423 5698 30.

1969 5715 2044 5786 (5)
2080 5712 2484 5786 Innuitdecreta
2514 5710 3165 5786 synodilconomachicae,
3190 5717 3257 5770 ad
3286 5727 3450 5782 quam

1898 5781 2317 5842 scribitStudita
2351 5784 2505 5853 epist.
2539 5784 2632 5836 lib.
2666 5782 2730 5847 ll,
2766 5783 2817 5837 l.
