3976 6322
578 353 706 418 1671
1753 354 1813 413 S.
1847 350 2238 413 THEODORI
2278 348 2625 409 STUDIT/E

639 463 764 520 276.
796 462 990 518 Joanni
1022 462 1312 533 prazposito
1334 461 1662 517 Chalcedon.
1690 462 1742 516 in
1768 463 2019 518 exsilium
2051 461 2209 516 misso

1780 463 2019 518 exsilium
2051 461 2239 516 misso.
2268 459 2603 528 Ἐϐουλόμην
2626 455 2862 524 διακόνῳ
2893 450 3220 523 χρήσασθαι,
3240 460 3350 502 etc.

638 551 767 606 277.
799 552 964 606 lrenae
986 551 1252 605 Patriciaa.
1290 552 1381 602 Σοὶ
1415 551 1618 619 πρέπει
1651 549 1840 620 ὕμνος,
1872 560 1978 604 etc.

639 640 763 693 278.
791 638 1065 693 Zachariae
1103 639 1314 708 ὑπάτῳ.
1343 637 1686 706 Ἀσπάζομαί
1713 653 1794 700 σε,
1825 637 2074 706 ἄνθρωπε
2103 636 2195 690 τοῦ

925 639 1065 693 naria:
1103 639 1314 708 ὑπάτῳ.
1343 637 1686 706 Ἀσπάζομαί
1713 653 1794 700 σε,
1825 637 2074 706 ἄνθρωπε
2103 636 2195 690 τοῦ
2217 636 2374 702 Θεοῦ,
2392 645 2495 691 etc.

636 727 763 785 279.
795 728 1092 782 Athanasio
1124 727 1250 781 ﬁlio.
1287 727 1469 793 Ἔγνω
1495 729 1523 778 ὁ
1556 725 1686 788 Θεὸς
1715 726 1839 788 τοὺς
1874 725 2033 787 ὄντας
2057 724 2241 778 αὑτοῦ.

638 815 766 871 280.
801 818 1085 870 Timotheo
1115 816 1245 878 ﬁlio,
1277 811 1344 868 Ὠ
1368 815 1500 867 καλὲ
1531 815 1784 884 Τιμόθεε.

637 905 764 959 281.
801 905 1052 958 Anatolio
1083 915 1135 959 et
1165 901 1426 957 Suhhatio
1452 903 1594 956 ﬁliis.
1629 903 1832 971 Τρίτην
1871 902 2077 971 ταύτην
2110 899 2204 953 ἐπι

1035 919 1052 958 )
1083 915 1135 959 et
1165 901 1426 957 Suhhatio
1452 903 1594 956 ﬁliis.
1629 903 1832 971 Τρίτην
1871 902 2077 971 ταύτην
2110 898 2402 970 ἐπιστολὴν
2431 899 2605 969 ὑμῶν.

636 991 764 1044 282.
790 989 950 1045 Petro
978 990 1188 1044 Nicaeae.
1218 991 1482 1053 Πολλάκις
1517 990 1852 1059 προθέμενος
1879 987 2202 1044 ἐπιστεῖλαι.

635 1075 760 1130 285.
794 1079 1032 1147 Josepho
1059 1079 1375 1147 praeposito.
1407 1079 1674 1144 Ἥνεγκεν
1697 1081 1723 1130 ὁ
1745 1078 1958 1148 καιρός.

635 1165 761 1218 284.
797 1166 1048 1236 Gregorze
1079 1165 1238 1220 laico.
1288 1166 1351 1218 ’11
1383 1165 1548 1234 πολλὴ
1581 1182 1672 1217 σου
1699 1167 1790 1218 καὶ
1817 1166 1993 1235 θερμὴ
2026 1164 2288 1216 διακονία.

633 1253 759 1306 285.
784 1253 953 1306 Anna:
985 1254 1286 1322 praeposita:
1328 1252 1546 1306 inclusa:
1586 1254 1654 1305 ob
1677 1253 1972 1307 Christum.
2007 1251 2069 1304 Τί
2100 1250 2165 1304 ἂν
2195 1271 2203 1303 ι

1629 1255 1654 1305 h
1677 1253 1972 1307 Christum.
2007 1251 2069 1304 Τί
2100 1250 2165 1304 ἂν
2195 1248 2430 1312 ἀκούσας
2458 1247 2586 1319 περὶ
2612 1247 2713 1316 τῆς
2741 1244 3054 1317 τιμιότητός
3083 1265 3199 1305 σου.

634 1339 758 1394 286.
794 1341 957 1394 Leoni
994 1341 1248 1395 Patricio.
1275 1339 1336 1392 El
1376 1340 1540 1403 αὐτὸς
1575 1341 1673 1392 οὐκ
1704 1342 1918 1402 άτονεῖς
1952 1334 2010 1391 εὖ
2046 1342 2241 1391 ποιεῖν.

634 1431 758 1487 287.
788 1432 954 1488 lrenze
979 1433 1226 1487 Patriciae
1254 1433 1416 1486 domo
1447 1434 1516 1485 oh
1542 1431 1698 1486 ﬁdem
1731 1431 1934 1498 ejectzc.
1976 1429 2114 1496 Ἐγὼ
2145 1431 2204 1484 κΞ

1387 1448 1416 1486 o
1447 1434 1516 1485 oh
1542 1431 1698 1486 ﬁdem
1731 1431 1934 1498 ejectzc.
1976 1429 2114 1496 Ἐγὼ
2145 1431 2247 1484 κᾶν
2268 1427 2328 1483 οὑ
2357 1430 2598 1499 δέχωμαι
2633 1426 2957 1496 γράμματα.

632 1525 759 1579 288.
789 1525 1011 1580 Moscho
1047 1527 1206 1580 laico.
1247 1525 1425 1577 Πολλά
1465 1542 1557 1576 σου
1593 1523 1661 1576 τὰ
1687 1524 1884 1591 ἀγαθά.

631 1617 759 1672 289.
794 1619 1159 1672 Euschemoni
1189 1617 1582 1688 Lampsaceno.
1618 1619 1831 1686 Ἐγνων
1854 1618 1928 1681 ὠς
1959 1619 1989 1686 ἠ
2016 1618 2201 1688 όσιότη

1649 1619 1831 1686 Εγνων
1854 1618 1928 1681 ὠς
1959 1619 1989 1686 ἠ
2016 1618 2233 1688 ὁσιότης
2269 1636 2362 1669 σου
2395 1617 2651 1685 εἴληπται
2688 1614 2790 1668 ὑπὸ
2820 1615 2927 1667 τῶν
2956 1612 3219 1667 διωκτῶν.

630 1710 755 1768 290.
788 1713 1046 1770 l-lilariOni
1076 1716 1547 1771 Archimandritre.
1583 1707 1756 1784 Εὗρον
1785 1712 1882 1782 ὀψὲ
1913 1713 2006 1765 τοῦ
2034 1731 2195 1783 καιρο

1076 1716 1547 1771 Archimandritre.
1583 1707 1756 1784 Εὗρον
1785 1712 1882 1782 ὀψὲ
1913 1713 2006 1765 τοῦ
2034 1712 2229 1783 καιροῦ
2253 1711 2629 1766 ἀσπάσασθαι.

629 1801 755 1857 291.
792 1805 1175 1861 Grammaticis
1204 1807 1413 1861 duobus
1447 1805 1724 1859 fratribus.
1759 1804 1922 1857 Οὐδὲν
1957 1805 2130 1874 ἰσχύει
2162 1805 2199 1857 τῖ

1204 1807 1413 1861 duobus
1447 1805 1724 1859 fratribus.
1759 1804 1922 1857 Οὐδὲν
1957 1805 2130 1874 ἰσχύει
2162 1805 2219 1857 ei)
2250 1805 2484 1875 γράμμα
2517 1805 2578 1856 τὸ
2621 1803 2773 1872 ὲμόν.

628 1892 753 1946 292.
789 1893 1063 1965 Stephano
1094 1898 1443 1952 consobrino.
1480 1896 1722 1966 Ἔμαθον
1753 1895 1826 1957 ὡς
1856 1899 2138 1966 κρατεῖσαι
2172 1914 2198 1948 κ

1896 1899 2138 1966 ρατεῖσαι
2172 1898 2260 1948 καὶ
2306 1895 2468 1959 αὑτὸς
2501 1895 2607 1948 ὑπὸ
2629 1895 2737 1947 τῶν
2768 1893 3099 1965 δυσωνὺμων
3125 1893 3458 1966 αἱρετικῶν.

627 1987 755 2043 295.
795 1989 1154 2062 Κηροπράτῃ.
1184 1992 1407 2043 cei-ario.
1455 1989 1540 2042 Ἐν
1570 1993 1690 2053 ταῖς
1725 1990 1961 2060 ἡμέραις
1986 1990 2238 2053 ταύταιςί

626 2079 751 2134 294.
786 2080 946 2135 Leoni
978 2083 1447 2154 ἀρωματοπράτῃ,
1472 2085 1814 2139 aromalario.
1863 2085 2192 2138 Ἐπιστέλλω

1543 2085 1814 2139 omalario.
1863 2085 2192 2138 Ἐπιστέλλω
2217 2102 2296 2137 σοι
2329 2085 2422 2138 καὶ
2441 2083 2515 2148 ὡς
2540 2083 2810 2154 ἀνθρώπῳ
2835 2081 2928 2134 τοῦ
2959 2080 3113 2136 Θεοῦ.

626 2173 752 2228 295.
787 2173 1050 2228 Politiauo
1083 2176 1400 2230 domestico.
1436 2178 1640 2239 Ὄντως
1673 2176 1824 2246 ἔργῳ
1849 2177 1942 2229 καὶ
1973 2175 2115 2244 λόγῳ
2143 2176 2293 2243 φίλος
2341 2171 2407 2232 εἴ.

626 2266 749 2321 296.
785 2267 952 2322 Anna:
976 2268 1215 2321 moniali.
1254 2269 1361 2322 Kal
1393 2269 1467 2339 μὴ
1494 2269 1780 2340 δεχόμενος
1813 2267 2146 2339 ἀντίγραφα.

625 2358 749 2412 297.
778 2359 1054 2415 Zachariae
1077 2359 1301 2431 llypato.
1337 2361 1444 2414 Kal
1481 2363 1642 2414 πάλιν
1671 2360 1878 2432 γράψαι
1906 2363 1970 2431 τῇ
1995 2360 2195 2429 θεοφιλε

1077 2359 1301 2431 llypato.
1337 2361 1444 2414 Kal
1481 2363 1642 2414 πάλιν
1671 2360 1878 2432 γράψαι
1906 2363 1970 2431 τῇ
1995 2360 2235 2429 θεοφιλεῖ
2274 2359 2492 2430 εὐκλείᾳ.
2522 2377 2633 2413 σου.

624 2449 747 2506 298.
782 2451 946 2506 Leoni
971 2454 1166 2508 amico.
1201 2456 1314 2506 Οὑκ
1338 2453 1700 2523 ἐπιλέλησμαί
1730 2471 1843 2517 σου,
1873 2449 1917 2506 ὦ
1949 2453 2092 2522 φίλε.

625 2541 747 2597 299.
775 2541 1004 2615 Hypato.
1036 2546 1334 2618 Ἒδεξάμην
1362 2564 1476 2612 σου,
1502 2547 1720 2616 ἀδελφέ.

624 2633 748 2689 500.
798 2637 1213 2709 Ἀνεπίγραφος.
1248 2641 1358 2693 Οὐκ
1388 2641 1492 2693 ἔδει
1524 2641 1612 2693 τὸν
1645 2642 1744 2711 τῆς
1772 2637 2075 2699 εὐσεϐείας.

623 2725 748 2782 501.
785 2727 994 2784 Isidoro
1027 2732 1300 2802 Bysantio.
1324 2733 1704 2802 Μνημονεύεις
1734 2750 1834 2804 μου
1870 2733 1974 2794 ἀεὶ,
1999 2725 2043 2784 ὦ
2073 2729 2193 2801 φίλε
2223 2730 2380 2785 καλέ.

624 2821 748 2875 502.
774 2821 1005 2894 Georgio
1037 2827 1372 2881 xenodocho.
1403 2827 1761 2894 Καταγὼγιόν
1787 2844 1879 2879 σου
1905 2824 2164 2896 μανθάνω
2185 2821 2349 2880 εἶναι.

625 2914 749 2970 505.
783 2916 1076 2973 Naucratio
1109 2920 1238 2976 ﬁlio.
1279 2923 1496 2991 Ἐπειδὴ
1523 2922 1814 2993 εὐδόκησεν
1846 2924 1874 2975 ό
1903 2922 2108 2989 ἀγαθὸς
2151 2922 2308 2985 Θεός.

624 3007 748 3062 504.
788 3007 992 3065 Eidem.
1019 3012 1407 3084 Εὑχαρίστησα
1439 3014 1516 3084 τῷ
1546 3015 1734 3084 Κυρίῳ
1764 3016 1790 3066 ό
1819 3015 2077 3078 ταπεινὸς
2110 3015 2232 3067 ἰδὼν
2258 3012 2347 3066 τὸν
2375 3012 2601 3079 ἀδελφὸν
2625 3011 2941 3084 Προτέριον.

623 3098 748 3152 305.
788 3098 996 3154 Eidem.
1045 3102 1131 3154 'Ev
1162 3104 1275 3165 τοῖς
1299 3103 1434 3173 πρὸς
1464 3105 1552 3156 τὸν
1583 3104 1809 3173 ἀδελφὸν
1841 3103 2193 3174 ἀρχιεπίσκοτ

1071 3103 1131 3154 Εν
1162 3104 1275 3165 τοῖς
1299 3103 1434 3173 πρὸς
1464 3105 1552 3156 τὸν
1583 3104 1809 3173 ἀδελφὸν
1841 3103 2267 3174 ἀρχιεπίσκοπον
2295 3104 2641 3171 γράμμασιν.

624 3189 749 3246 506.
788 3190 992 3247 Eidem.
1020 3192 1189 3246 Παντὶ
1214 3195 1638 3265 προλαμϐάνεις,
1673 3196 1859 3246 τέκνον
1893 3213 2016 3264 μου.

623 3285 747 3342 507.
781 3285 986 3342 Eidem.
1021 3287 1110 3358 Τῷ
1141 3287 1278 3353 om,
1307 3288 1516 3354 τέκνον,
1554 3287 1817 3358 ήσχαὶ.λο,ν
1841 3290 1899 3340 ὲν
1926 3291 1991 3358 τῇ
2028 3287 2342 3360 βραδύτητι.

620 3380 747 3438 508.
783 3383 984 3436 Eidem.
1011 3382 1205 3445 Καλῶς
1233 3383 1520 3452 ἐποίησας,
1553 3384 1741 3435 τέκνον
1776 3399 1901 3452 μου.

623 3471 748 3524 509.
785 3471 990 3524 Eidem.
1030 3471 1160 3522 Ἀπό
1191 3489 1250 3523 τε
1280 3474 1378 3541 τῆς
1411 3471 1632 3542 πρώτης
1660 3471 2034 3542 καὶδευτέρας
2070 3489 2162 3525 σου
2190 3472 2504 3542 ἐπιπολῆς.

621 3560 748 3616 510.
783 3563 991 3616 Eidem.
1016 3565 1120 3618 Τὸν
1147 3564 1374 3628 ἀδελφὸν
1410 3565 1699 3618 Σιλουανὸν
1721 3565 1836 3635 ἅμα
1858 3565 1936 3632 τῷ
1974 3565 2256 3635 Δωροθέῳ.

621 3650 746 3706 511.
779 3651 1013 3722 Josepho
1039 3653 1191 3708 fratri
1231 3664 1283 3709 et
1310 3655 1740 3725 archiepiscopo.
1782 3655 1920 3724 Ἐγὼ
1949 3659 2191 3726 εὐχαριστ

1070 3656 1191 3708 ratri
1231 3664 1283 3709 et
1310 3655 1740 3725 archiepiscopo.
1782 3655 1920 3724 Ἐγὼ
1949 3656 2250 3726 εὐχαριστῶ
2267 3655 2344 3724 τῷ
2371 3656 2489 3725 Θεῷ
2519 3672 2640 3726 μου.

623 3744 747 3798 512.
776 3743 1061 3815 Euthymio
1092 3746 1370 3801 Sardensi.
1411 3746 1502 3810 Al;
1531 3749 1656 3816 ἄρτι
1687 3747 1988 3800 ἐπιστέλλω
2015 3751 2080 3816 τῇ
2117 3765 2192 3817 μοι

1092 3746 1370 3801 Sardensi.
1411 3746 1502 3810 Al;
1531 3749 1656 3816 ἄρτι
1687 3747 1988 3800 ἐπιστέλλω
2015 3751 2080 3816 τῇ
2117 3748 2479 3818 μακαριότητί
2517 3765 2632 3803 σου.

621 3839 745 3892 515.
776 3837 1034 3894 Patricio.
1067 3840 1384 3909 Ὀφειλέτην
1412 3841 1650 3909 ἐμαυτὸν
1700 3839 2070 3910 λογιζόμενος.

624 3930 750 3984 514.
783 3931 1083 3986 Athanasio
1113 3933 1245 3986 ﬁlio.
1283 3933 1485 4003 Γράφω
1517 3933 1685 3986 σοιτά
1713 3933 1827 3998 νῦν,
1849 3935 2042 3986 τέκνον
2069 3951 2170 4002 μου

621 4022 743 4075 515.
776 4023 1066 4078 Naucratio
1091 4024 1219 4078 ﬁlio.
1252 4026 1358 4078 Kal
1381 4026 1456 4096 μὴ
1491 4023 1984 4096 παρεμπιπτοὺσης
2007 4029 2190 4097 ἀφορμ

1091 4024 1219 4078 ﬁlio.
1252 4026 1358 4078 Kal
1381 4026 1456 4096 μὴ
1491 4023 1984 4096 παρεμπιπτοὺσης
2007 4027 2259 4097 ἀφορμῆς
2289 4027 2656 4096 γραμμάτων.

620 4116 744 4171 516.
783 4117 989 4170 Eidem.
1032 4118 1263 4171 Ὀπόταν
1296 4119 1452 4189 μάθω
1487 4119 1576 4171 τὸν
1601 4119 1950 4189 χελανδάριον
1975 4122 2265 4188 ἐπιστῆναι
2298 4121 2482 4190 μόνον.

619 4213 744 4266 517.
774 4213 978 4267 Eidem.
1021 4211 1454 4282 Ἑγρηγόρησας,
1486 4215 1674 4268 τέκνον
1713 4232 1836 4282 μου,
1866 4214 2047 4268 δοῦναί
2076 4233 2165 4285 μοι
2191 4218 2394 4288 μικρὰν
2425 4215 2779 4287 ἀμεριμνίαν.

618 4301 741 4354 518.
776 4299 983 4355 Eidem.
1029 4301 1114 4365 Ὠς
1145 4303 1286 4356 καλά
1314 4320 1406 4355 σου
1435 4304 1503 4356 τὰ
1536 4305 1863 4375 γράμματα.

619 4393 745 4449 519.
781 4393 987 4447 Eidem.
1030 4393 1249 4456 Ἰκανῶς
1279 4395 1425 4464 ἡμᾶς
1483 4394 1809 4461 ἐξεδίδαξας,
1838 4390 1882 4448 ὦ
1913 4395 2125 4449 τέκνον.

618 4483 743 4539 520.
779 4483 965 4538 Eidem
1003 4483 1293 4554 Ἐξὲπληξέ
1318 4501 1383 4554 με
1410 4485 1530 4538 λίαν
1562 4487 1596 4556 ἡ
1618 4486 1869 4554 ἀγγελία.

617 4578 741 4635 521.
775 4577 980 4634 Eidem.
1011 4578 1193 4642 Κόττος
1223 4581 1359 4641 ἐστὶ,
1383 4579 1593 4643 τέκνον,
1625 4581 1681 4630 ἐν
1706 4579 1781 4647 τῷ
1806 4578 2106 4648 τηλικούτῳ
2127 4579 2376 4649 χειμῶνι.

616 4675 742 4731 522.
774 4674 1036 4745 Gregorio
1066 4674 1197 4728 11110.
1226 4675 1339 4727 Νῦν
1374 4676 1561 4745 καιρὸς
1591 4676 1684 4727 καὶ
1721 4674 2038 4744 μονομερῶς
2070 4692 2152 4726 σοι
2181 4677 2186 4725 i

932 4675 1036 4729 )rio
1066 4674 1197 4728 11110.
1226 4675 1339 4727 Νῦν
1374 4676 1561 4745 καιρὸς
1591 4676 1684 4727 καὶ
1721 4674 2038 4744 μονομερῶς
2070 4692 2152 4726 σοι
2181 4677 2502 4732 ἐπιστεῖλαι.

616 4769 740 4822 525.
777 4767 1091 4823 Theoctisto
1127 4768 1258 4821 ﬁlio.
1285 4767 1457 4820 Eixal
1494 4767 1571 4838 τῷ
1604 4765 1815 4836 σώματι
1843 4767 2150 4837 ὲχωρίσθην
2185 4784 2302 4820 σου.

616 4859 741 4914 524.
766 4857 1035 4913 Dorothco
1065 4858 1194 4913 ﬁlio.
1225 4859 1428 4928 Καιρός
1462 4875 1551 4928 μοι
1584 4858 2023 4928 μονοπροσώπως
2048 4874 2129 4909 σοι
2162 4859 2494 4911 ἐπιστεῖλαι.

617 4950 742 5005 525.
778 4950 1008 5006 Basiano
1037 4952 1168 5005 ﬁlio.
1201 4952 1405 5022 Καιρός
1430 4968 1518 5020 μοι
1548 4949 1863 5021 μονομερῶς
1893 4966 1975 5002 σοι
2000 4950 2323 5003 ἐπιστεῖλαι.

616 5046 738 5101 526.
774 5046 1040 5102 Thaddazo
1069 5047 1176 5101 ﬁlio
1195 5058 1249 5102 et
1270 5046 1589 5101 confessori.
1617 5041 1692 5097 τΩ
1711 5045 1934 5099 Θαδδαίε
1970 5045 2186 5114 στρατιᾶ

1351 5046 1589 5101 ifessori.
1617 5041 1692 5097 τΩ.
1711 5045 1934 5099 Θαδδαίε
1970 5045 2275 5114 στρατιῶτα
2305 5043 2559 5116 Χριστοῦ.
2603 5043 2788 5099 Mutila
2817 5052 2921 5100 est.

616 5139 740 5192 327.
771 5140 955 5192 Letuio
993 5139 1122 5193 ﬁlio.
1149 5141 1224 5192 Οὑ
1251 5140 1339 5192 διὰ
1377 5141 1593 5208 μακρᾶς
1619 5139 1867 5208 περιόδου
1895 5156 1982 5205 μοι
2014 5140 2041 5189 ὁ
2073 5139 2254 5206 λόγος.

618 5227 742 5280 528.
780 5226 1088 5282 Bessarioni
1117 5228 1248 5281 ﬁlio.
1289 5227 1445 5296 Χαρά
1467 5243 1557 5295 μοι
1592 5228 1682 5278 ἐπὶ
1715 5228 1814 5286 σοὶ,
1839 5226 2030 5278 τέκνον
2056 5243 2177 5295 μου.

616 5322 740 5376 529.
778 5320 900 5372 Tito
938 5328 991 5372 et
1013 5318 1224 5373 Philoni
1256 5317 1401 5372 ﬁliis.
1444 5317 1877 5387 Ἐπισκέπτομαι
1902 5317 2065 5387 ὑμᾶς.

617 5413 741 5468 550.
775 5410 981 5481 lgnatio
1013 5413 1143 5465 11110.
1179 5411 1290 5464 Kal
1312 5412 1411 5463 οὑκ
1449 5410 1736 5481 ἠδυνήθην.

617 5504 742 5559 551.
768 5504 974 5557 Eidem.
997 5498 1066 5555 Ὦ
1093 5503 1222 5555 καλέ
1252 5519 1352 5571 μου
1380 5503 1630 5570 Ἰγνάτιε.

615 5599 740 5653 552.
780 5595 1065 5652 Naucratio
1091 5596 1220 5650 ﬁlio.
1256 5597 1636 5666 Πεπονημένος
1663 5597 2026 5650 ἀπεσκόπουν.

615 5691 740 5746 555.
772 5687 980 5744 Eidem.
1010 5691 1078 5741 Al
1110 5690 1456 5759 περιστάσεις
1483 5689 1581 5751 τάς
1608 5690 1706 5758 τῆς
1734 5689 1911 5760 ψυχῆς
1946 5690 2185 5744 ὑποστάσ

1010 5691 1078 5741 Al
1110 5690 1456 5759 περιστάσεις
1483 5689 1581 5751 τάς
1608 5690 1706 5758 τῆς
1734 5689 1911 5760 ψυχῆς
1946 5690 2272 5754 ὑποστάσεις
2303 5689 2551 5755 αὔξουσι.

616 5785 738 5841 554.
766 5784 967 5839 Eidem.
1002 5784 1168 5837 Ὅσον
1191 5783 1471 5853 ἡθύμησεν
1505 5783 1670 5852 ἡμᾶς.

3711 333 3840 394 167?.
