3976 6322
622 358 762 427 1679
1809 369 1869 430 S.
1897 367 2291 430 THEODORI
2329 369 2674 432 STUDITE
3777 372 3904 433 195;!

687 475 812 534 509.
844 477 1168 535 Eucharislo
1196 479 1330 535 ﬁlio.
1365 481 1476 535 Καὶ
1499 479 1646 534 πάνυ
1672 496 1755 533 σοι
1785 482 1946 550 χρεία
1973 482 2273 536 ἐπιστεῖλαί
2312 501 2404 555 με.

684 567 810 625 510.
843 570 1029 626 Leoni.
1062 567 1138 625 Εὖ
1167 572 1498 641 πεποίηκας,
1525 573 1717 625 τέκνον
1752 572 2149 642 πνευματικόν.

685 661 813 719 511.
844 663 1233 720 Constantino.
1264 666 1361 730 Τίς
1386 668 1420 736 ἠ
1454 665 1606 720 αἰτία
1635 665 1944 719 ἐπιστεῖλαί
1981 684 2071 736 με.

682 757 808 814 512.
835 757 1180 831 Presbytero.
1206 760 1299 816 Ἐν
1322 761 1552 832 χειμῶνι
1572 761 1624 813 ετ
1642 777 1724 824 τις
1755 760 1853 814 ῖδοι
1887 762 2057 833 ῥόδον.

685 855 812 911 515.
845 854 1130 912 Theodulo
1151 857 1287 914 ﬁlio.
1327 859 1528 922 Ἡδέως
1551 859 1681 928 ἔχω,
1705 859 1896 912 τέκνον
1921 877 2047 930 μου,
2072 859 2255 931 δεχόμε

1273 897 1287 913 .
1327 859 1528 922 Ἡδέως
1551 859 1681 928 ἔχω,
1705 859 1896 912 τέκνον
1921 877 2047 930 μου,
2072 859 2363 931 δεχόμενός
2390 877 2485 913 σου
2520 860 2843 930 γράμματα.

681 949 810 1004 514.
836 948 1092 1020 Symeoni
1120 950 1254 1004 ﬁlio.
1290 951 1454 1019 Ἀρτι
1483 949 1697 1019 ἔφθασα
1729 951 2032 1007 ἐπιστεῖλαί
2070 970 2175 1007 σοι.

680 1041 808 1096 515.
838 1041 1132 1112 Euthymio
1154 1041 1286 1096 ﬁlio.
1312 1043 1485 1113 Χαῖρε
1507 1044 1566 1096 ὲν
1594 1041 1804 1113 Κυρίῳ.

679 1131 808 1186 516.
837 1131 1088 1203 Ephrem
1121 1132 1255 1187 ﬁlio.
1279 1133 1456 1202 Χάρις
1493 1151 1576 1186 σοι
1598 1134 1752 1204 παρά
1781 1130 2007 1202 Κυρίου.

677 1224 804 1279 517.
830 1224 1158 1294 Aphrodisia
1187 1226 1319 1281 ﬁlio.
1344 1221 1712 1293 Εὗγε,τέκνον
1741 1240 1864 1293 μου.

678 1315 802 1370 518.
836 1313 1173 1385 Hyperechio
1203 1317 1334 1372 ﬁlio.
1368 1312 1531 1384 Εὖγε,
1559 1315 1710 1384 εὖγε,
1739 1310 2048 1384 ’Υπερέχιε.

676 1406 804 1462 519.
833 1409 1056 1463 Amonc
1080 1407 1214 1462 ﬁlio.
1242 1407 1391 1461 Καλὲ
1418 1405 1658 1478 Ἀμῶνα,
1685 1407 1878 1475 χαῖρε.1

679 1501 804 1558 520.
833 1500 1114 1572 Stephano
1143 1501 1274 1558 ﬁlio.
1305 1502 1502 1574 Χαῖρε,
1533 1501 1772 1569 Στέφανε
1792 1499 1984 1552 τέκνον
2009 1509 2133 1565 μου.

675 1597 805 1652 521.
839 1596 1096 1668 Symeoni
1126 1596 1262 1651 ﬁlio.
1285 1595 1536 1666 Χαίροις,
1565 1593 1792 1665 Συμεὼν
1829 1591 2018 1645 τέκνον
2043 1605 2167 1659 μου.

675 1685 802 1741 522.
834 1684 1135 1741 Parthenio
1165 1685 1298 1740 ﬁlio.
1323 1680 1396 1736 Ὦ
1419 1685 1552 1738 καλὲ
1572 1684 1858 1756 Παρθένιε,
1893 1687 2070 1753 χαῖρε.

677 1776 801 1832 523.
829 1775 1120 1845 Hegesimo
1147 1777 1282 1832 ﬁlio.
1333 1777 1396 1831 Ἥ
1414 1777 1572 1847 χάρις
1601 1792 1686 1830 σοι
1706 1775 1816 1830 ἀπὸ
1837 1775 1999 1838 Θεοῦ,
2037 1774 2330 1846 Ἦγήσιμε.

677 1871 804 1925 526.
839 1870 1116 1926 Dorotlieo
1139 1873 1273 1927 ﬁlio.
1306 1871 1677 1944 Εὑλογηθείης
1702 1870 1806 1924 ὑπὸ
1844 1871 2075 1942 Κυρίου.

673 1963 800 2018 525.
839 1965 1000 2019 Petro
1025 1965 1159 2020 ﬁlio.
1190 1966 1361 2028 Αὐτὸς
1380 1966 1439 2018 οὺ
1462 1965 1863 2034 διαλιμπάνεις.

673 2060 804 2114 526.
835 2059 1157 2117 (Economo
1185 2062 1284 2132 τῆς
1309 2061 1603 2132 συμσόλου.
1641 2060 2022 2129 Ἀπεδεξάμην
2049 2059 2148 2130 τὴν
2173 2061 2243 2112 ὲπ

912 2063 1157 2117 Lconomo
1185 2062 1284 2132 τῆς
1309 2061 1603 2132 συμσόλου.
1641 2060 2022 2129 Ἀπεδεξάμην
2049 2059 2148 2130 τὴν
2173 2059 2482 2131 ἐπιστολήν.

671 2151 802 2206 587.
834 2150 1074 2223 Josepho
1101 2153 1257 2207 fratri
1287 2163 1340 2207 et
1371 2153 1810 2225 archiepiscopo.
1844 2154 1968 2205 ὀτι
1997 2153 2206 2223 ἥκουσα
2238 2174 2241 2185 ι

1118 2153 1257 2207 'ratri
1287 2163 1340 2207 et
1371 2153 1810 2225 archiepiscopo.
1844 2154 1968 2205 Ὀτι
1997 2153 2206 2223 ἥκουσα
2238 2153 2338 2222 τῆς
2357 2153 2540 2222 φωνῆς
2574 2171 2688 2209 σου.

670 2249 796 2304 528.
821 2247 1026 2304 Letoeo
1049 2251 1180 2304 ﬁlio.
1214 2250 1370 2305 Μετά
1393 2250 1454 2304 τὸ
1481 2251 1784 2320 ἀπαρτίσαι
1825 2266 1892 2318 με
1919 2249 2016 2319 τὴν
2039 2251 2369 2320 ἀνατροπὴν.

671 2340 798 2398 529.
830 2341 1114 2398 Theodulo
1147 2343 1279 2396 ﬁlio.
1312 2341 1431 2412 Ἐφ’
1454 2343 1576 2396 ὅσον
1599 2341 1949 2413 ᾠκονόμησεν
1973 2344 2001 2395 6
2031 2341 2164 2405 Θεὸς
2203 2342 2241 2394 οἱ

1082 2358 1114 2396 0
1147 2343 1279 2396 11110.
1312 2341 1431 2412 Ἐφ’
1454 2343 1576 2396 ὅσον
1599 2341 1949 2413 ᾠκονόμησεν
1973 2344 2001 2395 6
2031 2341 2164 2405 Θεὸς
2203 2340 2346 2394 οὕτω
2371 2341 2649 2409 γενέσθαι.

670 2433 796 2489 550.
827 2434 1126 2491 Naucratio
1156 2437 1288 2491 ﬁlio.
1318 2437 1442 2490 Ὀτι
1468 2435 1807 2506 ἀνέσφηλας,
1825 2439 1872 2490 εί
1906 2437 2002 2490 καὶ
2025 2437 2098 2506 μὴ
2121 2437 2320 2500 τελέως
2347 2432 2409 2507 ἦ,

667 2526 796 2584 551.
823 2527 1118 2587 Timotheo
1152 2532 1286 2587 ﬁlio.
1327 2530 1649 2601 ’Υπομένων
1670 2531 1963 2600 ὑπόμεινον
1993 2531 2085 2583 τὸν
2111 2529 2336 2600 Κύριον.

668 2621 799 2676 532.
837 2621 1042 2679 Basilio
1078 2625 1368 2678 monacho.
1409 2623 1504 2687 Τίς
1533 2619 1686 2686 οὗτος
1705 2625 1731 2676 6
1757 2623 1866 2677 ἀπὸ
1891 2623 2099 2686 δύσεως
2126 2625 2238 2676 ἀνα·

1085 2625 1368 2678 monacho.
1409 2623 1504 2687 Τίς
1533 2619 1686 2686 οὗτος
1705 2625 1731 2676 6
1757 2623 1866 2677 ἀπὸ
1891 2623 2099 2686 δύσεως
2126 2623 2418 2686 ἀνατείλας
2448 2624 2655 2694 ἀστήρ;

667 2715 796 2771 555.
831 2714 1074 2772 Macario
1107 2717 1424 2787 praeposito.
1451 2717 1749 2788 Δὺτάρκως
1775 2716 2080 2770 διιππεύων
2110 2718 2237 2786 ὁτῆς

1151 2717 1424 2787 raaposito.
1451 2717 1749 2788 Δὺτάρκως
1775 2716 2080 2770 διιππεύων
2110 2718 2248 2786 ὁτῆς
2276 2717 2487 2786 σιωπῆς
2512 2717 2721 2786 χρόνος.

668 2811 795 2869 554.
825 2809 1196 2868 Constantino
1219 2812 1536 2883 pra'posito.
1563 2811 1916 2884 Προστίθημι
1937 2815 2003 2884 τῇ
2028 2830 2236 2885 προτερ

1077 2812 1196 2867 tino
1219 2812 1536 2883 pra'posito.
1563 2811 1916 2884 Προστίθημι
1937 2815 2003 2884 τῇ
2028 2814 2334 2885 προτεραίᾳ
2365 2813 2647 2883 ἐπιστολῇ.

669 2905 798 2961 555.
828 2904 1058 2962 Michael
1089 2906 1409 2978 synadensi.
1445 2905 1626 2960 Πάλαι
1657 2905 1884 2978 ἔμαθον,
1909 2907 1992 2960 ὅτι
2028 2925 2086 2960 σε
2115 2907 2207 2961 τὸν
2234 2931 2239 2957 4

2294 2907 2427 2961 ’ὑλον
2458 2911 2552 2961 καὶ
2579 2907 2861 2976 ἑδραίωμα
2901 2909 2999 2978 τῆς
3024 2907 3290 2978 ἀληθείας
3333 2908 3599 2978 μεθῆκαν
3627 2911 3721 2963 τοῦ
3749 2927 3864 2980 προ-

597 3001 758 3072 τιρου
789 2997 1175 3070 ττεριορισμοῦ.

671 3088 794 3144 558.
822 3086 1017 3143 Tithoe
1044 3089 1178 3144 ﬁlio.
1215 3087 1415 3152 Καλῶς
1441 3089 1536 3143 καὶ
1593 3089 2006 3160 προσηκόντως,
2038 3089 2232 3159 ἀδελφὲ

1215 3087 1415 3152 Καλῶς
1441 3089 1536 3143 καὶ
1593 3089 2006 3160 προσηκόντως,
2038 3089 2256 3159 ἀδελφὲ,
2289 3090 2350 3143 τὸ
2378 3089 2615 3160 γράμμα
2642 3107 2756 3144 σου.

667 3185 794 3240 557.
833 3183 1057 3240 Silvano
1083 3183 1216 3238 lilio.
1251 3185 1461 3256 ’ῌνεσα
1486 3183 1580 3236 τὸν
1600 3183 1734 3238 Θεόν
1772 3201 1896 3254 μου.

671 3279 797 3336 558.
833 3278 1043 3335 Evodio
1073 3287 1128 3334 et
1157 3277 1357 3334 Joanni
1387 3279 1534 3334 ﬁliis.
1563 3281 1753 3351 Μικρᾷ
1789 3279 2049 3351 συλλαϐῇ.

669 3371 795 3428 559.
832 3369 1088 3441 Symeoni
1119 3370 1252 3424 ﬁlio.
1281 3370 1504 3441 Ἐπειδὴ
1537 3371 1779 3438 ἀνέγνων
1810 3388 1904 3424 σου
1930 3372 2030 3438 τὴν
2057 3372 2369 3444 ἐπιστολήν.

669 3464 796 3519 546.
821 3461 1184 3518 Constantino
1214 3461 1376 3518 laico.
1402 3461 1636 3531 Εὐλογία
1669 3463 1876 3534 Κυρίου
1909 3465 2000 3518 ἐπὶ
2032 3465 2113 3522 σέ.

663 3559 794 3616 541.
824 3559 1020 3616 Casia.
1052 3554 1156 3612 Οἷα
1186 3560 1322 3632 ἡμῖν
1349 3559 1447 3614 καὶ
1481 3558 1634 3622 αὖθις
1659 3559 1961 3630 ἐφθέγξατο
1994 3562 2026 3632 ὴ
2065 3561 2362 3633 κοσμιότης
2398 3580 2511 3617 σου.

667 3656 794 3712 542.
832 3654 1075 3710 Macario
1099 3656 1413 3725 praeposito.
1446 3657 1596 3710 Πάνυ
1637 3656 1925 3726 ἐφιέμενος
1957 3658 2168 3726 μαθεῖν.

667 3751 795 3808 545.
827 3749 1000 3807 lrena:
1020 3750 1281 3822 patricia.
1307 3749 1375 3804 Τί
1400 3766 1483 3803 σοι
1513 3751 1720 3813 κόπους
1751 3750 1998 3820 παρέχω.

665 3845 792 3900 544.
821 3843 990 3900 Paulo
1027 3843 1164 3899 ﬁlio.
1197 3842 1468 3912 ’Δνέγνων
1497 3859 1588 3896 σου
1617 3843 1716 3913 τὴν
1743 3842 2056 3913 ἐπιστολήν.

667 3937 792 3993 565.
825 3934 1030 3994 Letoeo
1055 3935 1193 3993 ﬁlio.
1225 3934 1419 4005 Χαίρω
1448 3932 1662 3988 ἀκούων
1691 3951 1788 3987 σου
1815 3935 1916 4004 τῆς
1956 3933 2164 4003 φωνῆς.

667 4033 792 4089 546.
827 4032 1146 4100 Canonicis,
1172 4033 1518 4094 κανονικαῖς.
1541 4029 1766 4100 Ἐπειδὴ
1793 4030 1951 4100 ὑμεῖς
1978 4031 2079 4083 οὐκ
2107 4029 2344 4084 ὲνδιδοῦν
2376 4030 2582 4101 φιλεῖτε
2607 4030 2688 4095 είς
2716 4029 2778 4084 τδ
2805 4030 3068 4084 εὐποιεῖν.

666 4129 796 4186 547.
830 4127 1136 4200 Epiphanio
1163 4127 1296 4184 ﬁlio.
1325 4105 1440 4183 Kal.
1468 4125 1626 4190 αὖθις
1651 4126 1863 4198 ηκουσα
1889 4126 1988 4196 τῆς
2016 4126 2208 4200 φωνῆς.
2234 4144 2349 4182 σου.

670 4219 798 4278 548.
840 4219 1054 4279 Eidem.
1089 4221 1188 4278 Ἐκ
1214 4218 1522 4294 παραδόξου
1554 4237 1645 4294 μοι
1668 4219 1728 4274 τὸ
1751 4219 1985 4292 γράμμα
2012 4237 2125 4274 σου.
