3976 6322
155 362 318 431 1881

1395 363 1765 427 CAPITULA
1813 365 2196 438 QUATUOR.

3299 362 3431 428 1682

1064 695 1283 826 IV.
1389 687 2541 820 MISCELLANEA.

1345 1082 1487 1136 Tor
1515 1082 1718 1156 oslor
1759 1082 2033 1140 ΠΑΤΡΟΣ
2073 1042 2269 1136 HMaN

1019 1263 1620 1356 ΘΕΟΔΩΡΟΥ
1689 1267 1916 1354 ΤΟΥ
1969 1259 2598 1355 ΣΤΟΥΔΙΤΟΥ

1267 1457 2086 1640 ’ΚΕΦΑΛΑΙΑ
2159 1449 2302 1577 A'.

861 1838 954 1929 S.
1031 1841 1141 1929 P.
1223 1842 1341 1931 N.
1432 1839 2065 1935 THEODORI
2141 1840 2698 1935 STUDITJE

1042 2054 1752 2170 CAPITULA
1814 2050 2542 2187 QUATUOB.

1104 2275 1296 2345 (Pars.
1329 2275 1542 2338 Possm,
1574 2269 2184 2339 ThesaurusAsceticus,
2205 2286 2324 2343 pag.
2355 2269 2504 2338 3H.)

241 2511 328 2563 A'.
369 2506 535 2562 Οὐδὲν
562 2505 691 2561 ἀλλο
741 2504 889 2558 ἐστὶν
921 2503 955 2567 ἡ
983 2502 1253 2574 ἀσκητικὴ
1287 2501 1422 2574 ζωὴ,
1452 2501 1565 2555 ἀλλ’
1594 2502 1745 2572 ἢὲγο
1778 2512 1798 2565 Α

1917 2503 1962 2559 l.
1979 2503 2125 2559 Nihil
2155 2501 2304 2558 aliud
2333 2511 2418 2558 est
2447 2501 2556 2557 vita
2582 2502 2818 2558 ascetica
2859 2500 2965 2557 nisi
2991 2500 3254 2558 cohibitio
3287 2515 3415 2572 pas-

159 2599 402 2671 κράτεια
447 2595 675 2660 παθῶν,
709 2598 1000 2649 ὲπιστασια
1028 2613 1087 2649 τε
1120 2596 1418 2666 λογισμῶν,
1450 2596 1545 2649 καὶ
1569 2596 1746 2667 διηνε-

1847 2596 2087 2660 sionum,
2131 2595 2313 2664 vigilia
2357 2609 2523 2664 super
2553 2593 2932 2661 cogitationes,
2963 2593 3224 2648 continua
3271 2592 3418 2648 lucta

161 2690 273 2756 κὴς
306 2687 447 2756 πάλη
479 2685 615 2756 πρὸς
646 2685 772 2746 τοὺς
801 2686 1063 2754 ἀοράτους
1101 2685 1327 2755 ἐχθρούς
1353 2702 1368 2717 ο
1408 2686 1656 2758 καθαράν
1683 2703 1744 2739 τε

159 2778 268 2847 τὴν
315 2775 494 2846 ψυχὴν
522 2777 714 2845 τηρεῖν
743 2774 856 2826 ἀπὸ
891 2774 1156 2845 ῥυπαρῶν
1185 2775 1464 2845 λογισμῶν
1514 2776 1566 2828 οἳ
1627 2793 1744 2829 κοι-

163 2868 353 2921 νοῦσιν
380 2868 525 2938 ἡμᾶς
548 2881 562 2895 ⁸
603 2868 662 2918 ὲν
683 2865 791 2936 γάρ
821 2864 902 2936 τῷ
929 2865 1261 2932 λογίζεσθαι,
1291 2866 1367 2928 ὼς
1401 2865 1512 2936 πῦρ
1544 2868 1578 2936 ἡ
1624 2867 1744 2922 ὲπι-

163 2957 342 3027 θυμία
401 2957 740 3011 ἀνάπτεταιο
792 2954 927 3008 ἀ).λά
959 2953 1242 3026 πόρρωθεν
1293 2953 1401 3007 τῶν
1423 2952 1611 3006 παθῶν
1663 2955 1743 3005 ἱσ-

162 3049 416 3116 τάμενοι,
435 3046 495 3111 ὲξ
521 3047 689 3116 αὐτῆς
703 3043 1011 3117 προσϐολῆς
1024 3043 1422 3116 ἀποκροὺωμεν
1439 3043 1531 3097 τὸν
1551 3043 1744 3115 πειρά-

166 3159 355 3204 cavsa.

244 3234 322 3285 B'.
353 3231 586 3301 Νήψεως
612 3229 809 3299 πολλῆς
838 3227 996 3298 χρεία
1020 3227 1155 3297 ἡμῖν
1185 3224 1280 3279 καὶ
1307 3224 1582 3296 προσοχῆς
1601 3241 1617 3258 ο
1647 3225 1744 3279 καὶ

168 3323 492 3392 ὲτοιμασίας
517 3325 616 3393 τῆς
666 3321 899 3390 καρδίας
929 3321 1008 3384 είς
1039 3320 1101 3372 τὸ
1143 3319 1433 3388 χαλινῶσαι
1486 3319 1580 3371 τὸν
1619 3316 1743 3372 νοῦν

168 3416 354 3487 ήμῶν,
386 3416 462 3485 μὴ
492 3414 822 3482 ἐκφέρεσθαι
856 3413 935 3474 είς
963 3409 999 3464 ἀ
1029 3411 1104 3480 μὴ
1133 3410 1230 3475 δεῖ,
1263 3409 1338 3480 μὴ
1387 3408 1744 3479 κενεμϐατεῖν

169 3511 254 3572 είς
283 3509 508 3570 ἑκτοπα,
545 3509 621 3577 μὴ
653 3506 1073 3577 ἀναζωγραφείν
1107 3503 1310 3563 τύπους
1329 3503 1618 3572 πονηροὺς,
1641 3518 1744 3571 μη-

169 3603 229 3655 δὲ
285 3599 683 3669 συλλαμϐάνειν
724 3597 1020 3667 ἐπιθυμίας
1050 3594 1451 3666 ἁμαρτητικάς,
1480 3591 1540 3659 ὲξ
1561 3587 1743 3647 ῶνοῦ-

169 3692 262 3745 δὲν
302 3689 680 3761 ὠφελούμεθα.
710 3688 1018 3742 τούναντίον
1047 3687 1103 3740 δὲ
1151 3686 1372 3757 μᾶλλον,
1430 3685 1744 3756 ὁδυνώμεθα

171 3786 270 3836 καὶ
309 3782 701 3854 συντριϐόμεθα
720 3822 736 3849 ,
764 3781 844 3844 είς
878 3781 1028 3834 οὐδὲν
1060 3780 1328 3850 χρήσιμον
1356 3777 1742 3847 τελεσφοροῦν-

1844 2697 2035 2742 contra
2069 2688 2255 2743 hostes
2286 2687 2619 2754 invisibiles;
2644 2693 2699 2741 et
2714 2700 2904 2756 puram
2926 2686 3163 2739 animam
3198 2699 3416 2739 servare

1844 2794 1874 2832 a
1924 2778 2164 2834 sordidis
2208 2777 2632 2847 cogitationibus
2658 2792 2779 2846 qua:
2809 2775 3099 2845 inquinant
3131 2789 3232 2829 nos
3275 2773 3412 2827 Dum

1844 2871 1991 2925 enim
2045 2872 2174 2926 talia
2222 2879 2404 2925 mente
2452 2884 2760 2935 versamus,
2790 2868 3232 2938 concupiscentia
3272 2867 3414 2923 sicut

1846 2963 1986 3032 ignis
2024 2963 2413 3016 inﬂammatur.
2469 2960 2540 3015 At
2584 2961 2666 3017 sic
2705 2975 2806 3016 nos
2845 2961 3212 3030 elongantesa
3239 2958 3410 3023 vitiis,

1845 3055 1898 3108 in
1926 3055 2046 3124 ipso
2078 3055 2256 3125 primo
2283 3054 2497 3110 assultu
2525 3053 2853 3125 repellamus
2879 3061 3226 3108 tentatorem.

1912 3219 1981 3277 ll.
2009 3223 2174 3279 Multa
2192 3224 2374 3297 vigilia
2407 3239 2546 3296 opus
2579 3225 2737 3287 nobis
2766 3234 2871 3292 est,
2913 3225 3084 3281 multa
3113 3224 3414 3281 attentione

1846 3323 1898 3368 et
1925 3314 2319 3384 praeparatione
2357 3316 2539 3371 cordis
2573 3315 2641 3370 ad
2671 3313 2990 3370 frenandam
3023 3321 3260 3368 mentem
3307 3329 3412 3367 no-

1842 3417 2035 3470 stram,
2073 3422 2140 3461 ne
2172 3405 2436 3462 efferatur
2471 3409 2523 3461 in
2552 3422 2617 3462 ea
2642 3422 2764 3478 quae
2801 3421 2912 3462 non
2939 3406 3269 3462 conveniunt
3296 3425 3310 3461 :
3346 3421 3416 3459 ne

1844 3498 2258 3570 imaginationes
2290 3513 2491 3567 pravas
2531 3499 2698 3570 fingat
2731 3516 2744 3554 :
2777 3508 2873 3552 aut
2907 3498 3190 3554 obversari
3226 3499 3413 3552 animo

1842 3591 2033 3644 sinat:
2072 3605 2206 3644 neve
2255 3589 2531 3659 concipiat
2580 3590 2909 3659 cupiditates
2959 3591 3028 3645 ad
3072 3592 3410 3660 peccandum

1843 3678 2162 3743 incitantes;
2189 3693 2255 3732 ex
2289 3678 2487 3747 quibus
2512 3679 2648 3732 nihil
2678 3679 2998 3748 prolicimus
3020 3699 3033 3734 :
3058 3679 3191 3750 quin
3220 3695 3250 3734 e
3273 3695 3410 3734 con-

1843 3769 2015 3822 trario
2064 3768 2415 3822 vulneramur
2460 3777 2516 3824 et
2566 3769 2926 3835 conterimur,
2966 3770 3176 3825 nullum
3220 3770 3409 3825 utilem

171 3892 286 3936 τες.
332 3875 449 3927 Μία
473 3873 567 3926 οὖν
614 3873 945 3936 ἀνάπαυσις,
994 3870 1090 3923 καὶ
1121 3869 1218 3940 μία
1247 3868 1410 3940 ἡδονὴ
1461 3869 1524 3921 τὸ
1564 3868 1735 3922 καθα-
1767 3861 1798 3917 Ε

1845 3858 2076 3913 fructum
2116 3867 2478 3914 maturantes.
2516 3859 2635 3915 Una
2684 3861 2851 3930 igitur
2895 3860 3133 3931 requies,
3167 3875 3274 3916 una
3312 3877 3408 3914 vu-

174 3965 353 4036 ρεύειν
382 3966 479 4034 τὴν
500 3964 698 4035 ψυχὴν,
731 3964 828 4018 καὶ
857 3961 993 4034 πρὸς
1021 3960 1287 4015 ἀπάθειαν
1323 3960 1562 4032 βλέπειν.

243 4223 318 4276 Γ’.
343 4219 568 4290 Στῶμεν
598 4215 691 4274 οὖν
716 4218 854 4291 πρὸς
879 4216 940 4271 τὸ
967 4219 1109 4271 κατά
1150 4216 1456 4286 συνείδησιν
1491 4213 1739 4283 διηνεκὲς

177 4314 476 4385 μαρτύριον
500 4327 515 4342 ⁶
573 4311 648 4381 μὴ
679 4310 986 4381 κάμψωμεν
1017 4309 1148 4378 γόνυ
1175 4311 1245 4379 τῇ
1276 4307 1444 4374 Βάαλ,
1489 4307 1734 4374 ἀδελφοὶ,

176 4407 311 4477 μηδὲ
372 4404 612 4474 ὲνδῶμεν
674 4403 999 4472 τυπτόμενοι
1074 4401 1177 4454 ὑπὸ
1241 4401 1349 4453 τῶν
1424 4397 1735 4468 λογισμῶνο

176 4498 373 4568 μᾶλλον
423 4497 521 4568 μὲν
554 4489 648 4548 οὖν
705 4491 1200 4562 κατασϐεννύωμεν
1227 4494 1295 4545 τά
1325 4491 1452 4562 βέλη
1496 4488 1592 4542 τοῦ
1640 4505 1737 4541 πο-

173 4589 337 4659 νηροῦ
364 4589 434 4642 τά
467 4586 864 4656 πεπυρωμένα,
894 4588 1008 4648 τοῖς
1053 4585 1306 4655 δάκρυσι,
1352 4587 1420 4654 τῇ
1472 4584 1734 4652 προσοχῇ,

173 4683 236 4749 τῇ
267 4681 472 4748 δεήσει,
506 4680 573 4748 τῇ
605 4676 914 4741 κατανύξει,
945 4678 1058 4740 τοῖς
1115 4676 1291 4738 ἀλλοις
1356 4675 1739 4743 ὑπωπιασμοῖς

175 4770 266 4824 τοῦ
289 4769 558 4840 σώματος·
587 4771 616 4822 ὁ
644 4770 752 4839 γάρ
769 4767 1036 4831 ἀντίδικος
1067 4767 1242 4836 ἡμῶν,
1257 4767 1352 4830 Ὠς
1375 4766 1532 4818 λέων
1554 4763 1738 4832 ὠρυό-

170 4877 344 4929 μενος
383 4857 722 4927 περιπατεῖ,
768 4856 954 4925 ζητῶν
997 4857 1132 4911 τίνα
1159 4856 1455 4919 καταπίοι,
1483 4853 1604 4906 τίνα
1644 4853 1738 4908 λά-

176 4951 258 5002 6οι
311 4949 636 5019 θηράσιμον,
675 4950 784 5002 εῐτε
819 4949 929 5002 ἀπὸ
985 4947 1204 5018 μέρους,
1259 4946 1369 4998 εἴτε
1406 4943 1466 5010 ἐξ
1517 4943 1737 5013 ὁλοκλή-

180 5059 268 5111 ρου
301 5056 315 5070 ⁸
337 5040 460 5094 οὐδὲ
506 5041 613 5111 γάρ
668 5042 754 5096 ἐπ’
781 5041 846 5094 ἂν
882 5039 988 5094 ἀπὸ
1035 5039 1233 5109 μέρους
1265 5037 1439 5098 λάϐοι.
1465 5037 1736 5107 ἀρκεῖται,

177 5131 308 5186 ἀλλά
340 5130 588 5201 πρόεισιν
624 5129 710 5182 ἀεὶ
755 5132 834 5192 είς
866 5130 928 5181 τὸ
954 5131 1133 5198 χεῖρον
1155 5143 1171 5159 ·
1201 5127 1305 5190 ἕως
1344 5126 1411 5181 ἂν
1438 5125 1736 5195 ἀποτελέσῃ

1841 3950 2020 4020 luptas
2063 3957 2168 4014 est,
2199 3964 2433 4020 purgare
2469 3950 2731 4015 animam,
2756 3959 2809 4005 et
2837 3965 3064 4022 scopum
3097 3951 3203 4006 sibi
3231 3950 3407 4020 praefi-

1839 4058 1966 4110 gere
1996 4057 2106 4111 quo
2136 4051 2476 4112 spectemus,
2503 4042 2920 4099 exstinctionem
2949 4041 3245 4114 perfectam
3282 4056 3409 4111 pas-

1837 4133 2079 4188 sionum.

1911 4223 1999 4280 lll.
2039 4224 2256 4280 Stemus
2292 4223 2452 4294 igitur
2473 4232 2635 4294 prout
2677 4225 2933 4282 standum
2981 4236 3248 4284 monstrat
3283 4245 3406 4299 per-

1837 4323 2060 4383 petuum
2120 4312 2472 4367 conscientia:
2541 4313 2933 4369 testimonium.
2992 4313 3070 4370 Ne
3125 4315 3405 4374 ﬂectamus

1839 4420 1976 4474 genu
2014 4412 2140 4458 ante
2164 4402 2315 4468 Baal,
2341 4403 2540 4458 fratres
2578 4421 2591 4457 :
2627 4418 2802 4474 neque
2842 4403 3101 4461 cedamus
3132 4407 3261 4461 dum
3287 4409 3405 4476 pul-

1839 4509 2028 4547 samur
2076 4493 2513 4564 cogitationibus.
2546 4493 2735 4549 Potius
2766 4506 2948 4550 autem
2991 4498 3404 4569 exstingnamus

1837 4587 1947 4640 tela
2007 4587 2163 4657 ignea
2213 4585 2558 4653 nequissimi,
2606 4587 2884 4657 lacrymis,
2914 4590 3233 4656 attentione,
3278 4607 3404 4646 ora-

1840 4677 2007 4742 tione,
2059 4676 2516 4746 compunctione,
2567 4675 2800 4746 aliisque
2848 4678 3228 4734 vexationibus
3280 4695 3406 4735 cor-

1837 4768 2006 4837 poris.
2062 4765 2425 4822 Adversarius
2473 4765 2617 4822 enim
2687 4776 2872 4824 noster
2931 4785 2947 4823 :
3005 4766 3280 4840 Tanquam
3324 4771 3405 4824 ιω

1838 4858 2045 4926 rugiens
2082 4858 2291 4923 circuit,
2326 4874 2564 4928 quaerens
2617 4874 2767 4928 quem
2812 4859 3072 4928 deuoret',
3104 4876 3267 4931 quem
3308 4877 3403 4917 ve-

1837 4947 2020 5001 nando
2045 4948 2280 5018 praedam
2307 4962 2466 5003 suam
2499 4946 2682 5013 faciat,
2703 4949 2786 5002 vel
2804 4963 2870 5003 ex
2900 4959 3074 5018 parte,
3099 4952 3182 5005 vel
3205 4959 3400 5006 totum.

1837 5032 2022 5103 Neque
2064 5035 2207 5088 enim
2246 5050 2373 5089 cum
2402 5049 2466 5088 ex
2496 5043 2649 5104 parte
2696 5035 2920 5105 ceperit,
2955 5037 3090 5092 satis
3120 5038 3172 5093 id
3201 5039 3397 5094 habet:

1837 5128 1931 5181 sed
1960 5127 2136 5197 pergit
2166 5141 2381 5197 semper
2411 5126 2764 5198 pregrediens
2788 5127 2843 5182 in
2887 5129 3043 5200 pejus
3071 5130 3244 5186 donec
3271 5145 3404 5186 con-

178 5197 399 5272 Οάνατον
448 5217 748 5288 ἁμαρτίας.
794 5213 918 5270 Οίον
957 5197 1211 5285 πειρᾶται
1242 5213 1456 5285 πρῶτον
1485 5212 1732 5276 δέξασθαι
1762 5197 1798 5255 C

1845 5227 2071 5271 summet
2099 5227 2377 5287 peccatum
2414 5197 2636 5272 mortis.
2677 5197 2919 5288 Exempli
2952 5197 3140 5287 causa,
3171 5229 3404 5275 conatur

177 5314 316 5380 ἡμᾶς
346 5312 442 5382 τὴν
473 5308 780 5381 προσϐολήν
806 5322 819 5337 ·
857 5302 975 5359 εἶτα
1003 5305 1334 5375 φθέγξασθαί
1362 5322 1416 5358 τι
1443 5304 1734 5375 κατὰκαρ-

1833 5311 2070 5378 primum
2095 5309 2312 5365 efficere
2340 5319 2401 5364 ut
2429 5309 2768 5378 excipiamus
2796 5310 3026 5380 patienti
3054 5310 3402 5365 conniventia

175 5405 284 5469 δίας
314 5403 548 5473 πονηρόν
573 5419 588 5432 ο
618 5396 716 5453 εἶθ’
747 5398 918 5460 οὕτως
947 5398 1151 5471 χράνας
1182 5397 1274 5449 καὶ
1315 5395 1605 5467 φαρμάξας
1637 5399 1734 5467 τὴν

1845 5401 2122 5468 quemdam
2169 5401 2286 5471 ejus
2331 5399 2630 5472 impulsum
2670 5400 2914 5456 :deinde
2945 5401 3192 5456 sinamus
3246 5399 3402 5455 insu-

178 5497 364 5566 ψυχὴν,
425 5495 700 5560 ἐξίστησιν
761 5489 931 5558 αὐτὴν
975 5490 1072 5558 τῆς
1115 5487 1255 5540 κατὰ
1306 5487 1468 5556 φύσιν
1528 5486 1732 5553 ἕξεωςο

180 5587 262 5641 καὶ
301 5587 472 5640 ποιεῖν
488 5583 659 5650 αὐτὴν
691 5583 849 5638 ἄνουν
877 5579 971 5634 καὶ
1008 5579 1200 5648 ἀλογον
1231 5581 1325 5636 καὶ
1341 5578 1565 5651 τυφλὴν,
1583 5581 1733 5649 ἐφιε-

243 5767 252 5796 ¹
286 5765 428 5820 l’ctt'.
467 5778 516 5825 ι’,
571 5762 619 5813 8.

1834 5494 2040 5546 surrari
2071 5493 2141 5546 ab
2170 5508 2237 5548 eo
2267 5494 2416 5547 cordi
2463 5502 2654 5548 nostro
2699 5507 2931 5564 pravum
2964 5491 3185 5563 aliquod
3218 5490 3404 5544 consi-

1834 5577 1990 5637 lium.
2028 5577 2134 5636 Hoc
2166 5595 2292 5636 cum
2322 5580 2580 5648 obtinuit,
2609 5581 2805 5637 deinde
2842 5579 2997 5638 miris
3025 5577 3204 5651 modis
3238 5591 3404 5648 agens
