3976 6322
570 370 705 437 1683

1752 373 1814 433 S.
1855 371 2244 432 THEODORI
2280 371 2624 431 STUDITxE

3711 369 3856 431 163i

566 485 882 556 ferensque,
927 485 1188 548 miscens.
1221 501 1286 542 ac
1317 485 1594 543 fascinans
1621 487 1884 553 animam,
1914 487 2132 542 tandem

2241 487 2406 554 μένην
2439 484 2476 538 ἃ
2508 485 2582 554 μὴ
2609 483 2707 538 δεῖ.
2773 483 2946 550 Πᾱσῃ
2993 477 3109 537 οὖν
3162 480 3406 551 φυλακῇ
3462 481 3846 552 τηρήσωμεν

563 594 684 633 eam
739 579 997 634 exturbat
1045 579 1114 634 ab
1157 594 1224 634 eo
1278 581 1372 649 qui
1416 580 1713 634 secundum
1755 590 2002 635 naturam
2051 587 2138 634 est

565 665 776 728 habitu,
807 674 862 720 et
891 665 1069 721 reddit
1095 681 1215 720 eam
1244 667 1570 729 dementem,
1609 667 2004 733 irrationalem,
2031 682 2138 722 cae-

564 770 686 810 cam
714 799 730 820 ,
766 757 1072 827 cupientem
1113 772 1176 811 ea
1223 773 1346 827 quae
1389 755 1470 812 fas
1502 772 1606 810 non
1644 767 1749 812 est.
1794 757 1953 812 Omni
2004 774 2136 828 ergo

563 848 804 901 custodia
826 864 1086 901 servemus
1116 864 1207 900 cor
1258 858 1499 921 nostrum
1525 851 1566 913 ’,
1604 863 1710 902 non
1748 848 1932 904 dantes
1963 849 2137 904 locum

561 935 774 992 diabolo
803 939 842 1004 ³,
880 939 973 995 sed
1002 940 1070 994 ad
1100 941 1336 1009 primum
1389 940 1562 994 hostis
1605 939 1788 995 statim
1839 941 2142 995 abnuentes

563 1045 846 1086 accessum
869 1071 884 1096 ,
935 1033 1125 1102 procul
1157 1047 1282 1085 eum
1324 1033 1671 1102 repellamus.
1701 1031 1855 1098 Quod
1886 1035 1932 1086 si
1965 1048 2141 1102 usque

562 1122 630 1176 ad
659 1135 948 1177 assensum
970 1123 1286 1176 vincamur:
1308 1132 1364 1174 at
1387 1138 1455 1176 ne
1485 1123 1794 1191 polluamur
1822 1123 2140 1191 prodeundo

562 1209 630 1262 ad
665 1225 824 1279 opus.
861 1207 1016 1278 Quod
1050 1209 1096 1264 si
1119 1218 1172 1263 et
1195 1210 1299 1264 hoc
1327 1209 1610 1276 acciderit,
1638 1225 1706 1265 ne
1738 1210 1793 1265 in
1832 1209 1927 1264 tali
1965 1225 2141 1264 more-

563 1314 688 1353 mur
741 1308 911 1368 statu,
937 1299 1082 1353 trahi
1118 1315 1218 1355 nos
1266 1300 1510 1355 sinentes
1540 1301 1594 1353 in
1627 1299 1881 1353 ultimum
1921 1299 2133 1370 peccati

563 1391 860 1445 terminum
891 1392 1344 1462 impmnitentiam
1372 1391 1609 1445 finalem.
1641 1389 1924 1460 Contiugit
1954 1401 2133 1444 autem

563 1497 664 1537 nos
709 1484 814 1538 hoc
860 1486 972 1555 pati
1001 1501 1066 1540 ex
1095 1485 1446 1556 pnesumptis
1480 1501 1545 1540 ex
1576 1485 1738 1555 longo
1767 1484 2134 1554 Opinionibus,

559 1583 616 1626 et
641 1588 706 1628 ex
735 1577 1206 1632 recordationibus
1249 1591 1440 1631 eorum
1478 1591 1602 1646 qua:
1639 1577 1796 1631 nobis
1826 1576 1956 1630 olim
1994 1577 2139 1630 acci-

2242 575 2359 643 τὴν
2407 575 2682 643 καρδίαν,
2726 576 2800 644 μὴ
2833 574 3101 638 διδόντες
3156 572 3342 625 τόπον
3400 570 3485 635 τῷ
3529 572 3844 637 dimidim-

2243 668 2356 721 ἀλλ’
2389 668 2551 730 εὐθὺς
2578 667 2677 738 τὴν
2722 665 3025 736 προσϐολὴν
3075 666 3522 732 ἀπαναινόμενοι.
3549 665 3618 715 ΕΞ
3650 666 3712 717 δὲ
3750 669 3820 732 ἠτ

2243 760 2496 831 τηθῶμεν
2552 758 2820 822 ἐντεῦθεν,
2875 758 2979 810 κᾶν
3030 758 3106 828 μὴ
3157 757 3455 826 χρανθῆναι
3486 772 3500 784 ·
3534 758 3588 808 sl
3638 757 3698 808 δὲ
3753 761 3845 809 καὶ

2241 852 2401 905 τοῦτο
2466 852 2771 922 πάθοιμεν·
2828 851 2963 904 ἀλλὰ
3014 852 3089 923 μὴ
3129 852 3442 922 ὲγχρονίσαι
3501 857 3604 907 καὶ
3666 873 3847 908 κατι-

2245 944 2477 1014 συρῆναι
2539 945 2619 1007 εἰς
2674 943 2736 996 τὸ
2800 942 2950 1004 τέλος
3005 943 3106 1010 τῆς
3152 944 3448 1013 ἁμαρτίας.
3523 945 3844 1014 Συμὸαὲνει

2241 1033 2299 1087 δὲ
2346 1035 2495 1105 ἡμᾶς
2519 1033 2677 1087 τοῦτο
2709 1035 2904 1088 παθεῖν
2931 1037 2995 1086 ἐκ
3043 1033 3152 1088 τῶν
3200 1036 3548 1105 προλήψεων.
3603 1040 3672 1090 ἐκ
3731 1040 3845 1091 τῶν

2237 1123 2404 1178 πάλαι
2435 1125 2827 1196 ἀναμνήσεων·
2859 1123 2993 1178 ἀλλὰ
3049 1122 3307 1193 φύγωμεν
3339 1126 3438 1187 τὰς
3477 1126 3802 1196 προλήψεις
3830 1145 3844 1155 ο

2236 1216 2497 1287 φύγωμεν
2530 1216 2632 1278 τὰς
2662 1217 2989 1286 νεωτερικὰς
3043 1217 3398 1286 ἀναμνήσεις.
3454 1217 3544 1269 Ἐν
3607 1219 3725 1286 γὰρ
3767 1218 3846 1286 τῷ

2243 1307 2423 1359 ἐκεῖσε
2473 1307 2560 1360 διὰ
2607 1306 2708 1376 τῆς
2739 1308 3168 1379 ἀναθεωρήσεως
3227 1308 3474 1377 γίνεσθαι
3525 1310 3686 1378 ἡμᾶς
3715 1349 3733 1373 ,
3792 1313 3844 1360 τί

2244 1395 2372 1449 ἄλλο
2401 1396 2549 1449 ἔστιν
2580 1399 2756 1449 εἰπεῖν
2777 1439 2793 1463 ,
2840 1399 2873 1468 ἦ
2907 1399 2987 1450 ὅτι
3015 1399 3366 1468 ὲστράφημεν
3387 1401 3454 1468 τῇ
3491 1399 3701 1468 καρδίᾳ
3765 1401 3844 1460 εἷς

2243 1486 2560 1555 Αἰγυπτονς
2614 1489 2789 1561 Ὅπερ
2843 1490 3144 1561 φυλακτέον
3179 1495 3307 1564 ἡμῖν
3355 1494 3500 1548 κατὰ
3531 1494 3639 1546 τὸν
3688 1493 3844 1546 ἔνδον

2243 1578 2553 1651 ἄνθρωπον.

558 1669 777 1727 derunt.
830 1672 1011 1739 Quare
1058 1671 1331 1744 fugiamus
1379 1673 1620 1727 delentes
1650 1689 1714 1728 ex
1757 1675 1943 1728 animo
2011 1682 2278 1741 quantum
2344 1692 2636 1745 possumus
2670 1678 2838 1735 falsas
2902 1681 3035 1736 istas
3077 1682 3462 1750 persuasiones
3498 1699 3511 1735 :
3547 1683 3841 1752 fugiamus

558 1780 778 1835 quoque
824 1768 1234 1821 recordationes
1268 1767 1536 1824 malarum
1578 1782 1759 1820 rerum
1787 1781 1924 1834 quas
1969 1766 2246 1835 quondam
2289 1770 2342 1823 in
2379 1771 2672 1841 juventute
2730 1773 2990 1836 vidimus,
3031 1777 3175 1843 passi
3209 1793 3418 1840 sumus,
3463 1789 3562 1829 aut
3591 1778 3840 1846 egimus.

555 1862 695 1918 Nam
741 1863 1051 1919 voluntaria
1085 1873 1140 1918 et
1171 1879 1390 1918 morosa
1439 1864 1628 1918 talium
1672 1864 2134 1933 contemplatione
2171 1867 2344 1919 teneri
2389 1883 2454 1923 ac
2500 1868 2710 1924 titillari
2743 1885 2866 1932 nos,
2893 1871 3022 1940 quid
3055 1871 3199 1924 aliud
3232 1885 3336 1933 εει,
3387 1885 3556 1940 quam
3629 1878 3838 1928 reverti

555 1963 722 2014 corde
747 1960 802 2012 in
843 1957 1170 2029 Egyptum?
1205 1958 1362 2024 Quod
1397 1958 1703 2013 cavendum
1743 1970 1828 2013 est
1873 1959 2054 2022 nobis,
2090 1961 2135 2012 si
2176 1959 2422 2014 interiori
2454 1974 2642 2016 nostro
2676 1964 2962 2018 consulere
2991 1963 3197 2016 homini
3230 1964 3507 2018 volumus.

627 2049 717 2106 IV.
751 2049 1035 2106 Certemus
1069 2051 1251 2120 igitur,
1271 2050 1488 2115 fratres,
1516 2060 1572 2106 et
1597 2051 1744 2105 omni
1767 2051 1966 2106 virtute
1993 2066 2122 2105 con-

2294 2052 2370 2107 A'.
2424 2053 2844 2124 Ἀγωνισὼμεθα
2872 2050 2986 2120 οὖν,
3008 2055 3242 2123 ἀδελφοὶ,
3275 2058 3366 2107 καὶ
3405 2057 3557 2126 πάσῃ
3594 2059 3834 2128 δυνάμει

557 2143 766 2207 fortati,
801 2159 1014 2197 summa
1060 2145 1409 2197 contentione
1453 2158 1716 2198 conemur
1755 2142 1982 2212 spiritus
2009 2144 2129 2210 ejus

2241 2142 2647 2215 δυναμούμενοι,
2682 2147 2912 2199 κατὰτὸ
2946 2148 3144 2217 κράτος
3204 2149 3301 2216 τῆς
3363 2149 3547 2217 ἰσχύος
3618 2151 3716 2203 τοῦ
3777 2156 3833 2202 ἐν

555 2235 649 2302 qui
696 2231 751 2286 in
807 2231 966 2287 nobis
1016 2242 1100 2287 est
1137 2234 1491 2301 cogitationes
1525 2248 1779 2303 purgare.
1804 2233 1956 2296 juxta
1982 2233 2130 2301 quod

2241 2239 2363 2307 ἡμῖν
2399 2237 2726 2307 πνεύματος,
2745 2239 3038 2309 λογισμοὺς
3063 2239 3452 2309 καθαιροῦντες
3483 2245 3631 2294 κατὰ
3647 2246 3708 2296 τὸ
3738 2264 3832 2311 7s-

556 2320 818 2390 scriptum
865 2329 946 2375 est.
976 2338 990 2375 :
1021 2318 1089 2372 Et
1134 2335 1340 2373 omnem
1393 2320 1730 2375 altitudinem
1758 2337 1875 2388 qua:
1901 2320 2132 2373 eleuatur

2241 2328 2550 2397 γραμμένον
2582 2346 2595 2360 ·
2627 2328 2882 2384 Καὶπᾶν
2939 2330 3153 2398 ῦψωμα
3206 2331 3609 2398 ἐπαιρόμενον
3672 2339 3832 2386 κατὰ

556 2423 744 2466 contra
774 2414 1048 2466 scientiam
1085 2412 1234 2466 Dei‘.
1268 2411 1333 2466 Et
1364 2413 1464 2467 hoc
1497 2415 1823 2482 perenniter.
1847 2411 1960 2467 Hoc
1985 2414 2130 2466 enim

2241 2420 2345 2489 τῆς
2365 2421 2637 2491 γνώσεως
2674 2422 2780 2476 τοῦ
2813 2421 2960 2476 Θεοῦ
2983 2440 2999 2452 ’
3029 2423 3298 2477 καὶτοῦτο
3331 2426 3602 2486 aevum.
3653 2427 3830 2479 ΤιΞτο

553 2510 642 2556 est
692 2501 894 2556 bellum
945 2501 1100 2565 illud,
1146 2503 1198 2555 in
1235 2517 1344 2570 quo
1389 2518 1669 2572 nunquam
1721 2504 2042 2566 debellatur,
2075 2503 2129 2556 in

2241 2512 2342 2583 γάρ
2384 2513 2532 2564 ἐστιν
2583 2513 2927 2582 ὁπόλεμοςὸ
2981 2513 3405 2582 ἀκαταμάχητος
3441 2530 3456 2544 ’
3506 2515 3607 2566 καὶ
3666 2515 3830 2566 τοῦτο

556 2605 875 2666 perpetuum
906 2596 1133 2652 durans.
1158 2597 1221 2650 Et
1243 2597 1348 2651 hoc
1374 2596 1514 2651 idem
1549 2598 1870 2667 martyrium
1907 2605 1989 2650 est
2021 2610 2129 2649 non

2241 2603 2294 2653 τὸ
2337 2602 2635 2673 μαρτύριον
2667 2603 2728 2656 τὸ
2759 2602 3128 2655 πολυϐἀσανον
3163 2603 3255 2655 καὶ
3310 2603 3684 2674 πολυήμερον.
3731 2608 3828 2667 ‘U;

557 2701 670 2742 uno
707 2691 820 2742 ictu
856 2696 1322 2749 consummatum,
1353 2687 1446 2742 sed
1481 2687 1534 2740 in
1564 2687 1683 2741 dies
1715 2688 1916 2741 multos
1951 2687 2130 2741 conti-

2241 2693 2343 2761 γὰρ
2392 2695 2492 2746 οὐκ
2532 2689 2778 2746 ἐνδίδωσι
2817 2697 2928 2756 τοῖς
2959 2693 3243 2762 λογισμοῖς
3305 2696 3394 2747 ἀεὶ
3445 2698 3824 2762 τυπτόμενος,

560 2787 750 2834 uenter
785 2780 1013 2836 saeviens
1061 2780 1221 2849 longa
1271 2779 1377 2834 sibi
1409 2779 1819 2833 succedentium
1849 2779 1988 2834 serie
2022 2789 2135 2832 lor«

2241 2783 2355 2836 οὐδὲ
2396 2785 2666 2854 κάμπτων
2693 2786 2823 2852 γόνυ
2849 2789 2915 2856 τῇ
2948 2787 3129 2847 Βάαλ,
3161 2785 3276 2837 ἀλλ’
3309 2788 3827 2855 ἀνταγωνιζόμενος

557 2881 888 2930 mentorum.
939 2871 1233 2926 Enimvero
1289 2873 1383 2942 qui
1439 2871 1864 2941 cogitationibus
1911 2871 2133 2927 assidue

2241 2876 2332 2927 καὶ
2355 2873 2798 2946 ὑπεραλλόμενος
2832 2877 2940 2929 τῶν
2969 2877 3178 2942 παθῶν,
3209 2877 3479 2947 ἐπιθυμίᾳ
3509 2881 3606 2929 καὶ
3640 2881 3823 2951 θυμῷ,

556 2965 804 3034 pulsatus
860 2965 1064 3035 pravis,
1127 2977 1406 3033 nunquam
1457 2963 1621 3028 cedit,
1668 2978 1770 3016 nec
1806 2964 1970 3018 flectit
1993 2977 2133 3029 genu

2241 2961 2391 3029 οὗτος
2423 2968 2668 3036 δηλονότι
2700 2971 2970 3039 μαρτυρεῖ
3013 2970 3381 3038 καθεκάστην,
3423 2973 3520 3022 καὶ
3549 2973 3698 3025 κατὰ
3729 2976 3822 3026 τοῦ

557 3071 740 3110 coram
767 3056 892 3109 Baal
924 3074 939 3110 :
969 3056 1060 3110 sed
1092 3065 1314 3115 strenue
1362 3056 1643 3118 resistens,
1673 3057 1858 3110 vivido
1882 3057 2135 3126 superin-

2241 3061 2452 3115 Παύλου
2476 3061 2699 3123 δυνατός
2727 3064 2842 3112 ἐστι
2872 3062 3049 3128 λέγειν
3094 3062 3188 3122 τὸ,
3220 3061 3626 3130 Καθεκὰστην
3680 3066 3824 3132 ἠμέ-

558 3146 670 3202 silit
715 3152 918 3217 impetu
960 3149 1015 3204 in
1056 3148 1340 3217 passiones
1399 3148 1843 3213 concupiscibilis
1868 3160 1921 3202 et
1952 3147 2137 3200 irasci-

2241 3167 2351 3218 ραν
2378 3149 2764 3215 ἀποθνήσκω.
2813 3151 2919 3202 Καὶ
2959 3153 3051 3202 ἐπὶ
3098 3150 3174 3219 τῷ
3234 3148 3376 3204 τέλει
3421 3154 3535 3204 τῶν
3593 3156 3823 3221 ἀγώνων

557 3241 683 3296 bilis
708 3255 846 3312 quas
871 3241 1158 3295 conculcat
1190 3255 1382 3295 omnes
1411 3258 1424 3293 :
1458 3241 1548 3293 hic
1578 3239 1834 3293 videlicet
1859 3239 2137 3309 quotidia—

2241 3241 2674 3314 παρρησιάζεται
2733 3241 2950 3294 εἰπεῖν’
3011 3244 3120 3296 Τὸν
3187 3243 3387 3312 ἀγῶνα
3461 3246 3572 3298 τὸν
3628 3253 3823 3300 καλεῖ·

557 3343 688 3381 num
766 3328 1089 3399 martyrium
1156 3327 1345 3382 suffert
1393 3335 1447 3382 et
1501 3338 1624 3398 post
1681 3326 1908 3382 Paulum
1962 3334 2137 3396 potest

2241 3335 2508 3405 ὴγώνισα
2532 3353 2545 3366 ·
2575 3335 2683 3388 τὸν
2708 3334 2933 3403 δρόμον
2960 3339 3238 3389 τετέλεκα
3258 3354 3271 3368 ο
3303 3342 3418 3402 τὴν
3469 3339 3686 3390 πίστιν
3731 3357 3823 3391 τε-

556 3418 741 3475 dicere
784 3436 799 3476 :
847 3396 1101 3486 Quotidie
1131 3419 1385 3472 morior'.
1415 3417 1482 3472 Et
1504 3396 1570 3472 in
1620 3421 1727 3473 fine
1770 3419 2130 3472 certaminum

2242 3396 2472 3494 έῆρηκα
2509 3440 2520 3452 ·
2557 3396 2776 3478 λοιπὸν·
2802 3396 3112 3479 ἀπόκειταί
3135 3442 3239 3492 μοι
3273 3427 3304 3477 ό
3340 3396 3454 3491 τῆς
3508 3425 3821 3478 δικαιοσύ,

555 3511 786 3566 istorum
836 3512 1060 3567 audebit
1089 3511 1273 3566 dicere
1314 3527 1327 3564 :
1361 3508 1568 3564 Bonum
1611 3520 1876 3563 certamen
1903 3509 2132 3576 cei-lavi,

2241 3533 2351 3582 νης
2383 3515 2702 3584 στέφανος.

557 3620 771 3658 cursum
796 3603 1180 3666 consummavi,
1211 3604 1369 3665 ﬁdem
1395 3603 1634 3668 seruaui;
1677 3604 1732 3656 in
1757 3603 1956 3674 reliquo
1989 3618 2134 3672 repo-

557 3699 664 3752 sita
684 3709 762 3753 est
793 3699 921 3753 mihi
957 3714 1151 3752 corona
1173 3698 1409 3769 justitia:
1434 3699 1476 3752 ⁸.

629 3839 651 3870 '
678 3839 841 3894 Prov.
871 3852 947 3902 tv,
975 3836 1068 3891 9.5.
1143 3837 1166 3869 ³
1197 3835 1398 3904 Ephes.
1438 3849 1513 3896 iv,
1545 3833 1636 3886 27.
1712 3832 1733 3862 ⁸
1763 3831 1801 3884 ll
1829 3832 1955 3886 Cor.
1986 3847 2037 3895 ι,
2087 3831 2139 3884 5.
2215 3830 2236 3861 ⁸
2269 3828 2286 3882 l
2317 3827 2447 3883 Cor.
2474 3827 2683 3903 xv,,3i.
2758 3826 2780 3856 °
2809 3826 2849 3880 II
2883 3826 3028 3880 Tim.
3067 3843 3138 3889 ιν,
3179 3824 3229 3877 7.

574 3956 3802 4000 Μ

1881 4063 2502 4183 MONITUM.

1587 4249 1752 4318 (Ang.
1795 4244 1940 4310 ΜΑι,
1984 4243 2241 4298 Biblioth.
2278 4259 2396 4299 nov.
2439 4254 2478 4297 t.
2529 4241 2627 4307 IV,
2669 4242 2785 4315 9|.)

631 4369 692 4425 In
739 4377 924 4424 vetere
970 4367 1163 4423 codice
1205 4365 1479 4421 Vaticano
1523 4364 1661 4428 431,
1706 4363 1747 4417 f.
1791 4361 1897 4416 i68
1939 4360 2238 4424 b,exstant
2273 4357 2332 4412 S.
2380 4357 2563 4413 Basilii
2612 4357 3025 4412 Constitutiones
3076 4357 3400 4421 monasticis,
3438 4357 3587 4411 baud
3631 4367 3808 4411 tamen

559 4455 870 4528 cuiusmodi
915 4462 1046 4510 sunt
1090 4455 1144 4507 in
1196 4465 1345 4508 torno
1384 4452 1626 4508 secundo
1695 4449 1951 4523 editionis
1999 4447 2290 4513 Garnerii,
2349 4450 2440 4503 sed
2486 4450 2797 4510 breviores.
2849 4447 3164 4518 quanqua’m
3216 4447 3440 4502 initium
3491 4451 3635 4502 idem
3684 4460 3806 4504 est:

561 4544 674 4617 Τὴν
702 4544 845 4597 κατὰ
871 4543 1106 4613 Χριστὸν
1134 4541 1453 4610 φιλοσοφίαν
1484 4537 1879 4606 ἐπανελόμενος
1912 4553 1924 4588 :
1959 4545 2014 4588 et
2038 4535 2091 4588 in
2120 4551 2137 4590 (

2248 4537 2354 4589 tula
2385 4547 2592 4599 tantum
2626 4538 2847 4605 triginta
2878 4538 3300 4592 distribuuntur.
3329 4537 3573 4592 Prorsus
3602 4540 3808 4593 codicis

562 4630 810 4687 Vaticani
838 4630 1029 4685 eadem
1060 4629 1200 4684 ratio
1227 4638 1344 4692 est,
1379 4642 1502 4696 quae
1529 4624 1763 4680 Caesarei
1800 4621 2233 4677 Vindobonensis
2275 4622 2434 4688 LXV,
2483 4641 2512 4677 a
2561 4623 2852 4678 Lambecio
2887 4624 3145 4690 descripti
3202 4623 3498 4677 Comment.
3555 4624 3624 4677 Β.
3670 4625 3804 4680 Ca-s.

561 4720 658 4774 lib.
709 4733 800 4782 ill,
846 4718 934 4774 ed.
967 4717 1165 4774 Kollar.
1215 4732 1270 4786 p.
1308 4713 1684 4777 5f5._'i‘it‘ulus
1725 4718 1906 4764 autem
1938 4710 2120 4778 cperis
2155 4710 2353 4777 duplex
2414 4722 2498 4767 est
2537 4713 2590 4765 in
2641 4713 2829 4766 codice
2861 4711 3017 4776 Vat.,
3069 4728 3261 4780 nempe
3313 4713 3518 4764 initio:
3556 4715 3806 4777 Διάταξῑς

559 4805 856 4876 ἀσκητικὴ,
887 4805 1024 4876 πρὸς
1049 4804 1176 4867 τοὺς
1207 4800 1539 4873 μονάζοντας
1565 4799 1658 4853 καὶ
1688 4799 1815 4861 τοὺς
1846 4800 1904 4850 ὲν
1933 4797 2135 4850 κοινοδξ

2241 4799 2564 4859 ἀσκοῦντας,
2594 4809 2653 4857 ut
2679 4800 2732 4852 in
2762 4800 3002 4853 editione
3023 4798 3291 4852 Garncrii.
3319 4799 3377 4851 In
3405 4800 3557 4852 calce
3582 4810 3762 4854 autem
3791 4819 3802 4852 :

559 4892 725 4956 Τέλος
761 4893 864 4947 τῶν
895 4891 1204 4961 κεφαλαίων
1233 4889 1341 4943 τῶν
1374 4888 1588 4959 μικρῶν
1617 4888 1734 4960 ἢτοι
1763 4885 1872 4938 τῶν
1907 4885 2137 4955 μερικῶι

2241 4885 2499 4955 ςκητικῶν
2531 4886 2625 4939 τοῦ
2666 4886 2821 4953 ἁγίου
2853 4887 3134 4941 Βασιλείου
3167 4904 3180 4938 :
3210 4887 3522 4952 Expliciunt
3555 4885 3802 4953 Capitula

560 4995 749 5047 parva.
796 4996 888 5033 seu
933 4978 1292 5048 particularia
1320 4977 1561 5030 Ascetica
1590 4976 1763 5028 sancti
1796 4973 2008 5026 Basilii.
2054 4971 2325 5026 llabemus
2352 4974 2514 5040 igitur
2541 5013 2555 5035 ,
2600 4983 2660 5027 ut
2705 4983 2887 5039 antea,
2941 4973 3271 5040 Regulnrum
3315 4972 3717 5042 Compendium
3753 4977 3801 5026 in

563 5067 787 5137 Regulis
814 5067 1034 5122 brevius
1077 5065 1390 5135 explicatis;
1448 5064 1521 5116 ita
1571 5077 1720 5116 nunc
1765 5060 2213 5116 Coustilutionum
2257 5061 2669 5112 monasticarum
2717 5064 2874 5130 quasi
2919 5062 3350 5130 Compendium,
3394 5078 3523 5115 vero
3579 5078 3801 5114 ευιςιυτιο

562 5155 754 5210 eodem
788 5154 1030 5218 Basilio,
1077 5161 1135 5205 ut
1183 5151 1300 5221 ipse
1323 5148 1650 5204 Lambecius
1700 5149 1845 5203 ultro
1879 5150 2128 5216 agnoscit
2173 5155 2337 5214 atque
2379 5141 2595 5202 fatetur.
2640 5146 2762 5201 iam
2791 5165 2924 5202 vero
2967 5158 3094 5218 post
3128 5149 3181 5201 id
3233 5147 3426 5202 Basilii
3471 5151 3798 5217 opusculum

564 5247 762 5317 legitur
807 5245 862 5299 in
896 5244 1085 5299 codice
1114 5241 1239 5299 vat.
1269 5243 1365 5313 (at
1401 5244 1456 5295 in
1490 5240 1727 5295 Vindob.
1767 5240 2051 5310 prazcedit)
2085 5238 2356 5292 Theodori
2399 5240 2630 5294 Sluditze
2666 5239 2924 5294 Scholion
2953 5280 2966 5301 ,
3009 5256 3120 5299 quo
3163 5241 3618 5300 demonstratur,
3663 5241 3800 5289 hunc

568 5349 689 5391 esse
717 5335 1019 5404 genuinum
1068 5330 1126 5386 S.
1165 5329 1348 5385 Patris
1387 5329 1582 5385 fetum.
1627 5328 1922 5382 Contendit
1950 5327 2213 5380 nimirum
2247 5327 2459 5381 Studita
2483 5367 2496 5390 ,
2532 5327 2584 5380 id
2613 5328 2792 5396 palam
2827 5327 2952 5381 inde
2997 5327 3111 5381 fieri
3135 5365 3152 5389 ,
3199 5327 3346 5395 quod
3379 5327 3553 5394 stylus
3599 5336 3652 5378 et
3695 5335 3799 5378 tota

564 5422 755 5492 scripti
783 5421 923 5475 ratio
947 5433 1249 5488 sensnsque
1277 5418 1400 5471 aliis
1440 5418 1617 5472 sancti
1661 5415 1847 5470 Basilii
1874 5414 2140 5468 Asceticis
2179 5413 2478 5468 conformis
2509 5416 2598 5469 sit.
2644 5414 2816 5467 Porro
2867 5425 2925 5468 ut
2965 5425 3345 5485 argumentum
3384 5429 3546 5466 suum
3591 5413 3797 5465 Studita

565 5511 795 5566 firmiter
824 5515 1044 5571 teneat,
1081 5505 1320 5562 defendit
1343 5505 1505 5560 simul
1535 5545 1550 5569 ,
1582 5504 1674 5558 illa
1706 5519 1826 5572 quae
1859 5502 2124 5556 habemus
2158 5503 2209 5555 in
2240 5503 2571 5557 editionibus
2605 5503 2789 5556 Basilii
2826 5504 3065 5556 Ascetica
3090 5544 3105 5567 ,
3140 5517 3262 5556 esse
3304 5502 3542 5570 genuina
3571 5543 3587 5564 ,
3621 5512 3800 5552 contra

563 5595 946 5653 nonnullorum
975 5610 1145 5650 vanas
1167 5593 1539 5650 dubitationes
1573 5610 1585 5647 :
1615 5608 1723 5660 qua
1755 5606 1812 5646 re
1844 5590 2188 5652 confirmata,
2228 5591 2473 5658 sequitur
2502 5599 2559 5643 ut
2591 5605 2745 5658 atque
2780 5589 3094 5655 Διατάξεις,
3132 5586 3552 5642 Constitutiones
3577 5628 3592 5649 ,
3622 5586 3799 5640 Basilii

563 5688 695 5742 sint.
721 5683 844 5738 lam
877 5684 981 5738 hoc
1015 5681 1281 5737 ineditum
1313 5679 1541 5736 Studita:
1571 5678 1832 5735 Scholion
1873 5680 1950 5749 (a)
1984 5678 2338 5747 praecidenda:
2368 5678 2662 5747 quiestioni
2700 5678 2959 5732 idoneum
2987 5687 3090 5738 est,
3116 5689 3238 5743 qua:
3259 5675 3475 5744 prolixe
3505 5676 3741 5745 agitatur
3773 5691 3798 5727 α

623 5807 702 5866 '(a)
741 5802 952 5854 Fallitur
979 5801 1054 5852 vir
1083 5799 1402 5851 clarissimus.
1427 5800 1533 5852 Hoc
1556 5798 1793 5852 scholium
1833 5799 1929 5862 jam
1954 5795 2137 5847 edidcr:

623 5882 692 5921 ιιι.
720 5866 808 5921 lli,
843 5869 936 5917 col.
971 5865 1113 5916 1519.
1148 5864 1284 5913 Eutr.

2241 5795 2395 5846 lbrisl.
2435 5796 2570 5845 Frid.
2616 5793 2833 5845 hiatlhazi
2872 5798 2925 5844 et
2954 5804 3042 5841 nos
3088 5796 3201 5854 post
3235 5801 3353 5839 cum
3383 5787 3612 5850 Operam
3646 5790 3798 5841 Basilii

571 5875 692 5922 tum.
720 5875 808 5930 ω,
843 5875 936 5917 col.
971 5875 1113 5916 1519.
1148 5875 1284 5913 ινιτ.
