3976 6322
173 362 341 429 1685
1141 371 1514 433 SCHOLION
1558 374 1639 435 IN
1680 375 1740 433 S.
1783 374 2062 433 BASILII
2107 374 2482 434 ASCETICA.
3283 373 3417 440 1686

167 480 501 547 Garnerio,
535 493 575 536 t.
616 481 688 548 ll,
739 482 793 537 in
825 483 1005 539 "Praef.
1050 500 1105 554 p.
1139 502 1282 541 xxxv
1316 498 1371 543 et
1431 504 1584 559 seqq.
1633 491 1699 545 de
1760 490 2142 545 Asceticorum
2212 506 2343 546 vero
2374 497 2600 560 parente
2646 489 2886 550 Basilio:
2942 490 3184 561 itemque
3237 491 3416 555 alteri,

164 586 301 639 qua
328 572 472 625 idem
512 570 808 628 Garnerius
848 575 998 644 praef.
1029 590 1082 644 p.
1111 591 1233 630 Lm
1265 588 1317 632 et
1343 593 1521 648 seqq.,
1550 580 1821 636 immerito
1850 583 2129 637 contendit
2166 592 2358 638 contra
2405 582 2788 637 Combelisium
2809 623 2824 647 ,
2861 580 3273 635 Constitutionu
3303 598 3418 634 mo-

164 664 429 716 ηαειὶεαε
482 678 590 717 non
624 663 857 730 Basilio,
894 666 989 722 sed
1019 665 1304 723 Eustathio
1337 669 1668 737 Sebasteno,
1715 687 1838 728 esse
1875 674 2271 729 inscribendas.
2311 673 2431 729 Jam
2479 682 2721 728 veterum
2755 676 3109 729 auctoritates
3142 669 3420 733 a'Studita

167 750 448 806 laudatas
486 751 686 820 partim
717 756 974 807 hauserat
1005 769 1072 808 ex
1107 755 1226 810 aliis
1265 755 1504 812 fontibus
1530 759 1688 813 etiam
1720 759 2039 827 Garnerius,
2071 771 2445 817 verumtamen
2475 763 2581 817 hoc
2618 762 2829 831 insigne
2867 761 3096 817 Studiue
3137 761 3419 826 Scholion,

169 850 290 891 seu
321 836 608 906 Prologum
633 879 648 904 ,
701 839 1009 909 ignoravit:
1050 858 1212 911 quam
1243 859 1344 899 nos
1381 845 1825 915 scriptiunculam
1869 849 1924 902 in
1959 849 2060 904 hac
2093 861 2280 904 nostra
2315 849 2546 904 Studitae
2587 851 2858 903 mantissa
2912 841 3271 902 omittendam
3313 863 3422 902 non

163 921 557 988 judicavimus
577 968 592 990 ,
629 935 743 980 tum
770 927 898 995 quia
928 930 1187 997 praeclara
1225 947 1319 1000 per
1344 947 1404 986 se
1430 944 1513 987 est
1534 975 1549 999 ,
1572 945 1684 987 tum
1706 934 1832 1002 quia
1860 935 1989 990 crisi
2027 951 2250 1004 operum
2291 937 2462 991 sancti
2495 935 2679 991 Basilii
2703 936 2973 1004 perutilis.
3012 933 3145 988 Nam
3178 935 3324 1003 quod
3355 936 3420 988 ad

173 1010 300 1066 hoc
333 1013 553 1081 proprie
591 1013 890 1068 breviatum
931 1015 1111 1070 Basilii
1149 1019 1471 1085 opusculum
1504 1029 1707 1089 spectet
1739 1020 1965 1077 Studitae
1995 1025 2254 1078 Scholion
2283 1064 2299 1089 ,
2349 1024 2586 1078 dubitari
2623 1025 2855 1093 nequit:
2901 1041 3006 1077 non
3046 1024 3172 1093 quia
3205 1033 3418 1076 tantum

175 1096 274 1150 illi
317 1099 371 1152 in
399 1099 584 1153 codice
611 1099 949 1167 subtexitur,
989 1103 1082 1156 sed
1119 1105 1242 1172 quia
1278 1105 1332 1158 iu
1365 1121 1432 1160 eo
1461 1106 1664 1163 diserte
1714 1108 2029 1164 nominatur
2061 1111 2254 1167 titulus
2282 1111 2533 1182 Μερικά,
2564 1113 2656 1180 qui
2685 1111 2960 1182 proprius,
2994 1119 3054 1166 ut
3085 1126 3248 1180 supra
3277 1109 3423 1164 dixi-

177 1202 346 1250 mus,
378 1188 565 1257 scripti
600 1187 747 1243 illius
776 1188 1033 1243 Basiliani
1065 1202 1168 1246 est.

374 1344 724 1400 ΘΕΟΔΩΡΟΥ
747 1349 1188 1405 ΗΓΟΥΜΕΝΟΥ-
1222 1351 1577 1409 ΣΤΟΥΔῙΟΥ.

265 1457 338 1512 α’.
379 1460 501 1511 Ὅτι
531 1461 757 1530 γνήσιον
794 1462 888 1516 τοῦ
915 1454 1152 1532 μεγάλου
1175 1465 1458 1520 Βασιλείου
1487 1469 1550 1521 τὸ
1581 1469 1755 1540 παρὸν

182 1548 510 1620 σύνταγμα,
538 1551 698 1621 δῆλον
724 1554 821 1623 μὲν
847 1557 942 1606 καὶ⁴
971 1554 1065 1608 ἀπ’
1088 1556 1255 1609 αὐτοῦ
1293 1557 1384 1610 τοῦ
1409 1561 1756 1630 χαρακτῆρος

178 1643 298 1711 τῆς
329 1642 649 1713 ὑψηγορίας,
679 1645 772 1697 τοῦ
799 1662 857 1698 τε
888 1647 1064 1710 είδους
1086 1649 1186 1718 τῆς
1205 1649 1460 1718 φράσεως
1477 1667 1490 1681 ·
1513 1650 1672 1722 δῆλον
1700 1652 1756 1706 δὲ

183 1735 292 1786 καὶ
317 1736 382 1787 ὲκ
417 1735 510 1788 τοῦ
538 1736 932 1812 συνεμπίπτειν
955 1740 1075 1803 ταῖς
1098 1739 1207 1793 τῶν
1235 1738 1409 1794 ἄλλων
1441 1742 1756 1812 ἀπητικῶν

183 1825 431 1889 ἐννοίαις
445 1844 504 1878 τε
526 1827 620 1880 καὶ
645 1809 853 1893 λέξεσιν
871 1846 885 1859 ·
905 1828 980 1892 ὡς
1011 1831 1086 1900 μὴ
1126 1830 1302 1884 δοκεῖν
1332 1848 1384 1885 τι
1411 1832 1538 1887 ἄλλο
1663 1834 1757 1886 καὶ

188 1920 398 1986 μικρὸν
420 1918 547 1985 γοῦν
571 1920 996 1988 ὲπεσκεμμενως
1016 1921 1504 1994 ἀναγινώσκοντι,ἢ
1529 1923 1756 1995 θάτερον

185 2012 253 2062 ὲν
275 2009 487 2081 θατέρῳ
512 2009 836 2080 διέρχεσθαι.
872 2010 994 2062 Ὀτι
1013 2011 1069 2064 δὲ
1091 2013 1271 2066 ἐκεῖνα
1301 2013 1396 2066 τοῦ
1421 2015 1646 2082 πατρὸς.
1671 2015 1757 2079 τίς

184 2100 510 2169 ἀντερὴσει,
538 2099 572 2169 ἢ
599 2098 661 2161 ὃς
697 2098 998 2168 τυφλώττοι
1031 2101 1173 2153 κατὰ
1201 2100 1324 2154 νοῦν
1364 2102 1756 2172 ὲνεργούμενος

182 2190 295 2260 τὴν
333 2190 565 2256 κακίαν;
595 2185 761 2258 Οἶμαι
812 2189 920 2258 γάρ
955 2207 1109 2254 τινας
1159 2191 1616 2263 δριμυττσμένους
1677 2193 1756 2262 τῷ

183 2280 523 2351 ἀκριδασμῷ
550 2283 646 2349 τῆς
677 2279 1046 2346 διδασκαλίας,
1072 2283 1474 2353 προσλαϐόντας
1522 2301 1583 2337 τε
1637 2286 1756 2337 ἐπί-

186 2388 397 2441 κουρον
429 2373 525 2440 τῆς
551 2369 837 2433 αὐθαδείας
868 2370 927 2423 τὸ
951 2373 1124 2426 εἰπεῖν
1141 2390 1262 2427 τινα
1285 2374 1392 2426 τῶν
1420 2377 1756 2446 ἱστοριογρά-

187 2479 314 2531 φων
346 2461 420 2531 (1)
474 2461 626 2530 παρά
681 2477 824 2515 τισιν
883 2463 1323 2532 ἀμφιδάλλεσθαι
1369 2468 1755 2536 ῥιψοκινδύνως

185 2552 328 2605 νόθα
380 2550 517 2604 αὑτά
547 2551 710 2618 φάναι
745 2567 760 2584 ⁸
793 2553 842 2606 οἱ
871 2554 915 2605 δ’
940 2554 1092 2607 αὐτοί
1129 2572 1230 2625 μου
1251 2557 1464 2612 δοκοῦσι
1513 2561 1608 2612 καὶ
1657 2560 1754 2631 τὴν

186 2642 336 2714 πρὸς
381 2641 661 2712 Ἐϐραίους
702 2644 1014 2714 ἐπιστολὴν,
1041 2646 1140 2716 τήν
1161 2663 1219 2698 τε
1239 2647 1447 2718 Πέτρου
1474 2649 1749 2720 δευτέραν,

202 2733 456 2784 Ἰωάννου
485 2749 544 2784 τε
578 2737 677 2803 τὴν
719 2735 1103 2806 Ἀποκάλυψιν,
1136 2738 1329 2810 ἐτέρας
1355 2757 1411 2792 τε
1459 2739 1755 2804 καθώικάς

185 2825 336 2893 πρὸς
372 2825 903 2896 συγγράμμασίτισι
937 2832 1248 2898 πατρικοῖς,
1316 2832 1503 2902 ἐπειδὴ
1553 2833 1756 2902 ὁμοίως

186 2911 648 2982 ἀμφιδάλλονται,
673 2915 1094 2973 ἀποϐάλλεσθαι.
1155 2919 1296 2973 Ἀλλ’
1319 2923 1366 2974 εί
1418 2924 1477 2975 τὸ
1506 2923 1757 2993 δεύτερον

187 3002 391 3066 ἀσεϐὲς
421 3044 436 3069 ,
467 3005 584 3067 πῶς
618 3006 737 3074 οὐχὶ
761 3007 855 3059 καὶ
906 3007 957 3059 τὸ
980 3009 1245 3082 πρότερον
1269 3052 1284 3077 ,
1326 3012 1429 3083 ἠδη
1467 3015 1756 3081 ἀποδεδεγ-

189 3093 377 3163 μένων
421 3097 570 3162 παρὰ
598 3098 664 3166 τῇ
705 3095 1000 3169 Ἐκκλησία
1059 3103 1408 3171 ἀμφοτέρων,
1470 3105 1564 3157 καὶ
1602 3106 1759 3158 οὐδα-

191 3181 316 3250 μῶς
335 3183 428 3236 τοῦ
454 3184 754 3253 ἀμφισὸλου
783 3184 964 3254 χώραν
989 3187 1201 3258 ἔχοντός
1222 3192 1338 3243 ἐστι
1371 3191 1469 3261 (‘2).
1499 3194 1562 3245 Ei
1589 3193 1644 3246 δὲ
1668 3193 1760 3247 τὸν

187 3272 456 3341 Θεολόγον
481 3277 556 3346 (3)
608 3276 681 3346 μὴ
716 3276 1165 3349 ὑπομνηματίσαι
1197 3289 1464 3353 φήσωσιν,
1503 3283 1535 3354 ἢ
1565 3286 1757 3337 ἐπιπο-

188 3361 364 3425 λαίως
396 3365 634 3432 ἀνέγνων
659 3405 672 3426 ,
705 3364 737 3436 ῆ
769 3367 1044 3431 συνιέντες
1097 3373 1488 3442 κακουργοῦσι.
1520 3373 1760 3445 Νομοθε-

193 3453 312 3506 σίαι
354 3455 461 3525 γὰρ
497 3457 776 3524 μοναστῶν
816 3459 996 3527 ἡνίκα,
1051 3464 1246 3532 φησὶν,
1278 3463 1542 3535 ἔγγραφοὶ
1568 3483 1627 3519 τε
1665 3469 1760 3520 καὶ

193 3545 438 3615 ἄγραφοι
475 3548 573 3617 (4).
605 3550 656 3600 τί
683 3549 862 3619 anon
901 3552 1115 3617 πάντως
1142 3571 1205 3623 γε
1252 3557 1424 3610 ταῦτα
1462 3559 1759 3628 δηλοποιεί-

194 3656 289 3691 ται
311 3655 326 3703 ;
345 3640 635 3703 Ἀπόδειξις
668 3641 720 3693 δὲ
742 3643 834 3694 καὶ
859 3642 916 3707 ἐξ
941 3645 1128 3716 ἐτέρας
1151 3647 1402 3718 θεωρίας·
1428 3649 1456 3702 ὃ
1488 3653 1593 3722 γὰρ
1617 3652 1760 3718 λέγει

193 3728 477 3792 Βασίλειος
498 3731 556 3782 ἐν
579 3734 689 3793 τοῖς
729 3733 1085 3801 Ἀσκητικοῖς,
1101 3737 1166 3789 τά
1193 3740 1310 3810 ίερά
1336 3742 1634 3812 γράμματα
1656 3759 1761 3793 πα·-

196 3817 273 3887 ρὰ
317 3817 424 3871 τῶν
477 3819 678 3886 γονέων
724 3822 1099 3892 μεμαθηκέναι
1129 3828 1228 3896 (5),
1254 3830 1389 3898 φησὶ
1441 3831 1756 3900 Γρηγόριος,

192 3905 264 3958 τὰ
294 3904 393 3974 μὲν
430 3905 494 3975 δὴ
532 3909 745 3976 πρῶτα,
800 3914 949 3980 παρὰ
992 3914 1072 3982 τῷ
1120 3920 1284 3985 πατρὶ
1353 3921 1759 3988 σπαργανοῦταί

189 4013 256 4048 τε
305 3998 398 4050 καὶ
430 3999 814 4052 διαπλάττεται
848 4003 943 4064 (6).
974 4004 1142 4076 Εὖροι
1207 4008 1252 4059 δ’
1282 4009 1346 4062 ἀν
1400 4026 1485 4073 τις
1523 4014 1626 4072 ,καὶ
1668 4015 1759 4066 τὸν

190 4090 340 4146 ὅσιον
367 4090 642 4144 Θεοδόσιον
676 4093 750 4163 (7)
774 4097 908 4167 πρός
939 4115 1080 4150 τισιν
1105 4100 1283 4163 ἄλλοις
1313 4104 1609 4174 κεχρῆσθαι
1657 4108 1757 4159 αὐο

190 4181 327 4241 τοῖς,
364 4181 438 4242 ὼς
466 4181 617 4250 δηλοῖ
665 4186 694 4236 ὁ
728 4187 855 4257 περὶ
885 4187 1049 4240 αὐτοῦ
1080 4189 1210 4259 βίος.
1255 4194 1398 4265 Πρὸς
1420 4196 1539 4248 τίνα
1587 4198 1633 4250 δ’
1686 4195 1751 4251 αὖ

190 4271 304 4338 ἄρα
335 4271 559 4340 ἔμελλον
587 4273 773 4344 ἕτερον
802 4280 1084 4350 ἐπερωτᾷν
1113 4283 1181 4334 τὰ
1202 4285 1331 4337 καθ’
1371 4287 1517 4356 ἡμᾶς
1545 4289 1594 4340 οἱ
1649 4291 1753 4344 πά·-

191 4362 282 4414 λαι
328 4365 738 4434 ἐπερωτηκότες
770 4369 1126 4438 μονάζοντες;
1157 4373 1189 4444 ἢ
1216 4375 1360 4438 τίνος
1383 4373 1449 4446 ἦν
1477 4379 1634 4433 ἄλλου
1693 4381 1752 4433 ἐν

191 4455 497 4527 τηλικαύτῃ
530 4456 746 4528 ἐξουσίᾳ
771 4461 1105 4529 νομοθετεῖν,
1167 4465 1264 4518 καὶ
1308 4467 1434 4535 ὅλην
1494 4470 1750 4524 ὑπόθεσιν

193 4547 466 4618 σωτηρίας
495 4548 592 4615 τὴν
611 4550 738 4618 περὶ
762 4550 899 4604 αὐτὰ
927 4555 1310 4622 πραγματείαν
1332 4559 1700 4627 συστήσασθαι
1734 4578 1749 4627 ;

190 4634 272 4696 ὡς
342 4633 467 4705 μηδ’
521 4631 658 4688 εἶναι
705 4637 879 4700 ἄλλως
926 4640 1110 4708 σχεδὸν
1165 4642 1399 4712 βαδίζειν
1444 4648 1753 4712 ἀπταίστως

188 4725 291 4792 τὴν
319 4726 460 4778 κατά
511 4725 642 4778 Θεὸν
701 4729 944 4798 πορείαν,
976 4731 1038 4782 ἐκ
1071 4733 1172 4801 τῆς
1221 4735 1341 4788 κατ’
1393 4737 1559 4808 αὐτὴν
1610 4739 1753 4811 ὑφή-

189 4831 372 4883 γησιν.
401 4817 471 4868 ’Ἠ
513 4819 694 4869 τοίνυν
723 4819 886 4872 δῶσιν
951 4822 1214 4893 ίσόρῤοπα
1247 4827 1412 4897 ἕτερα
1448 4829 1752 4900 ,Ἀσκητικά

188 4905 266 4969 ὡς
310 4907 534 4961 ἐκείνων
573 4907 740 4962 ὄντων
794 4912 887 4963 τοῦ
921 4913 1151 4980 μεγάλου
1183 4916 1467 4972 Βασιλείου
1490 4933 1504 4948 ⁸
1547 4922 1750 4993 καίπερ

1781 1367 1832 1422 Δ

2103 1354 2456 1412 THEODORI
2492 1355 2885 1413 PRIEPOSITI
2926 1357 3176 1414 STUDll.
3280 1364 3284 1369 ’

1927 1467 1980 1522 1.
2021 1466 2176 1534 Quod
2218 1484 2460 1539 praesens
2494 1485 2632 1539 opu
2673 1472 2852 1544 magni
2896 1470 3080 1526 Basilii
3123 1470 3419 1540 genuinum

1856 1556 1958 1624 sit,
1989 1567 2137 1628 patet
2162 1569 2276 1613 tum
2309 1575 2374 1615 ex
2405 1559 2719 1615 charactere
2753 1561 3010 1615 sublimis
3037 1559 3272 1629 eloquii,
3310 1570 3423 1613 ttnu

1855 1648 2018 1705 etiam
2056 1665 2124 1703 ex
2154 1665 2349 1718 genere
2389 1650 2654 1720 phraseos
2699 1671 2712 1705 :
2766 1661 3043 1720 postremo
3097 1651 3220 1704 inde
3263 1653 3428 1704 etiam

1856 1751 2097 1811 apparet,
2115 1745 2241 1810 quia
2263 1751 2532 1798 consonat
2552 1753 2869 1797 caeterorum
2900 1743 3274 1796 Asceticorum
3303 1756 3429 1796 sen-

1858 1834 2042 1889 tentiis
2070 1850 2135 1889 ac
2161 1834 2342 1890 verbis
2369 1855 2383 1892 :
2424 1837 2500 1891 ita
2534 1843 2593 1890 ut
2623 1838 2706 1891 vel
2731 1852 2920 1906 parum
2954 1847 3159 1891 attente
3189 1838 3383 1906 legenti
3409 1874 3425 1898 ,

1855 1923 1992 1977 nihil
2019 1927 2164 1981 aliud
2189 1928 2436 1983 videatur
2474 1944 2636 1998 quain
2670 1945 2835 1983 unum
2870 1929 2924 1983 in
2961 1929 3132 1984 altero
3163 1929 3425 1983 insertum

1857 2024 2173 2088 procedere.
2204 2019 2325 2075 Jam
2361 2037 2491 2076 vero
2513 2022 2659 2092 quod
2690 2022 2776 2075 illa
2811 2023 3102 2091 (Ascetica)
3145 2029 3424 2092 parentem

1856 2107 2114 2163 Basilium
2147 2109 2403 2172 habeant,
2425 2113 2552 2181 quis
2577 2112 2929 2177 contradicet,
2965 2112 3068 2165 nisi
3112 2111 3206 2181 qui
3239 2120 3292 2164 et
3324 2125 3427 2164 ca:-

1855 2214 1954 2253 cus
2006 2200 2080 2253 sit
2125 2209 2178 2254 et
2229 2202 2495 2269 pravitate
2540 2201 2739 2256 mentis
2796 2199 3082 2255 laborans?
3114 2198 3254 2254 Puto
3278 2198 3427 2253 enim

1856 2289 2154 2345 nonnullos
2213 2290 2475 2346 doctrina:
2532 2292 2875 2346 severitatem
2939 2305 3077 2361 πετο
3141 2288 3423 2350 ferentes,

1855 2395 2076 2450 suaeque
2132 2382 2374 2437 audaciae
2425 2382 2686 2436 auxilium
2734 2383 2860 2438 inde
2912 2392 3232 2448 sumentes,
3275 2382 3426 2452 quod

1858 2470 2152 2526 historicus
2181 2471 2428 2540 quidam,
2463 2474 2531 2526 de
2561 2472 2766 2541 scripto
2797 2473 2900 2527 hoc
2927 2472 3168 2527 dubitari
3193 2472 3421 2536 dixerit,

1856 2562 2062 2617 idcirco
2110 2571 2313 2618 temere
2356 2565 2584 2617 nothum
2616 2565 2992 2634 pronuntiare.
3037 2563 3215 2618 Porro
3257 2563 3424 2618 iidem

1859 2657 1912 2710 lii
1944 2656 2198 2710 videntur
2231 2656 2394 2722 mihi,
2436 2657 2732 2726 Epistolam
2772 2675 2986 2728 quoque
3034 2659 3097 2714 ad
3131 2658 3420 2722 Hebraeos,

1857 2759 1911 2800 et
1933 2747 2081 2801 Petri
2112 2747 2425 2808 secundam,
2452 2755 2508 2801 et
2533 2745 2758 2801 Joannis
2787 2747 3182 2818 Apocalypsin,
3213 2757 3266 2803 et
3287 2747 3424 2803 alias

1857 2822 2156 2890 catboIiCas
2228 2851 2330 2890 nec
2410 2851 2520 2891 non
2579 2821 2801 2891 Patrum
2861 2839 3058 2908 scripta
3119 2839 3421 2903 nonnulla,

1858 2925 2298 2996 quandoquidem
2331 2942 2485 2997 aaque
2515 2928 2582 2982 de
2622 2928 2688 2982 iis
2718 2930 3028 2984 dubitatum
3061 2928 3162 2983 fuit
3185 2970 3199 2991 ,
3228 2931 3418 2984 viden-

1859 3027 1967 3084 tur,
1988 3019 2231 3085 iuquam,
2252 3017 2532 3086 rejecturi.
2556 3019 2710 3085 Quod
2735 3021 2778 3075 si
2811 3022 2915 3076 hoc
2940 3023 3171 3076 alterum
3194 3023 3419 3092 impium

1858 3116 1982 3174 est,
2035 3109 2177 3176 quod
2235 3110 2291 3162 ni
2345 3119 2396 3162 et
2435 3111 2610 3166 illud?
2660 3120 2847 3180 postea
2899 3128 3060 3182 quam
3113 3115 3226 3168 haec
3270 3130 3424 3183 mque

1859 3200 2044 3253 omnia
2081 3200 2147 3253 ab
2189 3199 2433 3255 Ecclesia
2467 3213 2683 3272 recepta
2733 3205 2987 3268 fuerunt,
3037 3205 3280 3274 nihilque
3308 3207 3421 3276 jam

1861 3291 2199 3361 ambiguitati
2257 3295 2410 3348 locus
2470 3308 2734 3364 superest.
2792 3296 2950 3363 Quod
2983 3298 3027 3352 si
3086 3296 3423 3368 Theologum

1864 3384 2050 3435 horum
2083 3384 2412 3437 mentionem
2451 3402 2556 3439 non
2601 3385 2794 3441 fecisse
2818 3389 3026 3452 dicent,
3055 3389 3091 3442 ii
3121 3391 3197 3440 vel
3232 3391 3424 3458 supine

1861 3475 2135 3544 legerunt,
2175 3486 2268 3528 aut
2310 3492 2419 3528 rem
2494 3478 2818 3547 intellectam
2875 3481 3013 3534 male
3051 3480 3420 3535 dissimulant.

1859 3564 1990 3619 Nam
2036 3582 2157 3619 eum
2199 3567 2329 3620 dicit
2374 3567 2680 3638 Theologus
2713 3570 3077 3640 legislationes
3125 3577 3424 3626 monacho-

1862 3673 1982 3711 rum
2012 3658 2242 3726 scriptas
2272 3668 2324 3711 et
2351 3674 2458 3713 non
2492 3662 2738 3730 scriptas,
2769 3663 2919 3731 quid,
2945 3679 3060 3727 oro,
3083 3665 3229 3717 aliud
3258 3681 3421 3733 quam

1863 3749 1960 3801 has
1985 3747 2390 3802 lucubrationes
2425 3765 2647 3818 prorsus
2680 3753 2967 3822 designat?
3006 3754 3110 3808 Sed
3144 3755 3249 3807 alia
3281 3770 3422 3825 quo-

1861 3856 1964 3907 que
1997 3843 2204 3897 ratione
2234 3844 2376 3896 idem
2405 3845 2835 3899 demonstratur.
2867 3844 3000 3900 Nam
3033 3848 3172 3917 quod
3205 3849 3280 3901 ait
3316 3847 3420 3901 Ba-

1861 3930 2013 3985 silius
2040 3933 2092 3986 in
2125 3932 2425 3999 Asceticis,
2466 3950 2655 3991 sacras
2694 3951 2751 3989 se
2790 3935 2996 3992 litteras
3037 3953 3066 3990 a
3109 3939 3422 4005 parentibus

1860 4023 2149 4090 didicisse;
2184 4025 2261 4079 ait
2297 4039 2424 4080 ecce
2457 4027 2749 4096 GregOrius
2796 4027 2948 4082 illum
2993 4031 3165 4098 primo
3203 4031 3419 4099 quidem

1860 4115 2001 4181 apud
2056 4125 2311 4183 parentes
2359 4117 2619 4172 infantiam
2681 4119 2853 4174 fuisse
2897 4133 3059 4191 atque
3106 4121 3419 4178 educatum.

1857 4205 1999 4270 Quin
2035 4208 2196 4260 etiam
2233 4219 2482 4263 sanctum
2523 4209 2889 4266 Theodosium
2927 4216 3296 4282 comperimus
3334 4217 3420 4269 liis

1857 4297 2118 4351 Asceticis
2150 4313 2306 4352 usum
2333 4337 2347 4360 ,
2392 4309 2452 4353 ut
2495 4301 2614 4369 ejus
2659 4302 2768 4356 vita
2803 4305 3058 4358 ostendit.
3090 4303 3223 4359 Nam
3258 4321 3418 4376 quem

1857 4388 2022 4441 alium
2045 4391 2345 4443 consulturi
2374 4390 2602 4447 fuissent
2627 4393 2696 4448 de
2726 4395 2891 4448 rebus
2922 4397 3128 4451 nostris
3163 4401 3412 4452 monachi

1855 4487 2062 4532 veteres
2092 4481 2321 4534 consilia
2370 4483 2658 4549 petentes?
2713 4485 2797 4538 vel
2833 4487 3082 4554 quisnam
3122 4487 3260 4544 alius
3298 4493 3413 4558 pari

1855 4570 2199 4623 auctoritatis
2229 4573 2469 4640 pondere
2499 4573 2642 4644 leges
2672 4573 2813 4630 ferre
2849 4579 3113 4645 potuisset
3138 4620 3152 4643 ,
3205 4594 3257 4634 et
3289 4583 3416 4635 uni-

1859 4673 2068 4712 versam
2099 4661 2290 4716 salutis
2315 4678 2584 4717 summam
2617 4666 2670 4719 in
2707 4668 3016 4735 huiusmodi
3051 4678 3256 4725 statuto
3281 4688 3414 4726 con-

1861 4746 2297 4803 cludere?extra
2331 4752 2475 4819 quod
2510 4755 2717 4808 nemini
2756 4755 2927 4810 ferme
2967 4759 3093 4812 licet
3134 4771 3305 4813 tutum
3347 4766 3412 4815 ad

1863 4837 2034 4892 Deum
2076 4841 2178 4895 iter
2203 4851 2417 4910 tenere,
2464 4845 2517 4898 id
2559 4858 2640 4901 est
2687 4848 2805 4903 sine
2850 4851 3022 4918 ipsius
3052 4853 3271 4906 ducatu.
3309 4856 3417 4906 Aut

1858 4928 2026 4998 igitur
2057 4933 2395 4999 concedant,
2443 4936 2588 5005 paris
2630 4953 2751 4993 esse
2801 4943 3056 5010 ponderis
3097 4944 3209 4999 haec
3247 4947 3415 5000 altera

1707 5043 1937 5104 NOT/E.

378 5135 474 5215 Est
498 5137 977 5215 Ιιὶοβοζοιιιιιηιιδ,
1009 5145 1148 5201 Hist.
1177 5147 1272 5202 lib.
1306 5164 1388 5215 ιιι,
1420 5150 1508 5206 14.

264 5209 339 5275 (2)
361 5206 539 5279 _Vides
569 5210 793 5263 Studium
816 5206 1080 5278 judicium
1113 5218 1179 5270 de
1229 5206 1481 5275 Ecclesiae
1515 5221 1569 5275 in
1599 5223 1748 5279 desi-

192 5277 425 5353 gnandis
458 5277 914 5353 admittendisque
938 5283 1232 5353 Scripturis
1259 5292 1539 5346 canon‘icis
1572 5277 1756 5346 aucto-

194 5348 1102 5429 ritateLcui_sententize’etiamde
1142 5361 1443 5429 minoribus
1482 5364 1752 5429 partibus,

193 5416 337 5468 favet
366 5415 632 5502 Elt‘i’sebius
661 5421 711 5470 in
741 5420 1128 5502 (initiationibus
1163 5429 1231 5479 ad
1262 5415 1529 5484 Mariuuin
1550 5471 1564 5496 ,
1606 5415 1746 5502 apud

194 5496 357 5556 utist.
382 5484 480 5556 ιν,
509 5497 648 5553 part.
687 5503 724 5552 l,
769 5508 820 5556 p.
848 5491 972 5544 250.

265 5555 340 5640 (ξ)
376 5554 510 5640 Dicit
541 5554 1294 5640 Gregoriumifiaaianzenum
1326 5585 1464 5624 orat.
1498 5571 1586 5631 43,
1625 5588 1743 5640 quae

193 5634 274 5676 est
299 5625 540 5700 funebris
567 5625 736 5679 sancti
764 5629 940 5682 Basilii
991 5635 1251 5700 laudatio,
1291 5640 1376 5692 ubi
1414 5659 1465 5693 ιι.
1499 5625 1738 5695 67’θῖιιιξ

194 5696 850 5775 ineransaliqtiot'sancti
886 5701 1054 5756 Patris
1086 5696 1306 5775 scripta,
1351 5711 1417 5764 de
1445 5711 1734 5774 Ascctius,

194 5774 249 5816 ut
278 5768 343 5817 de
368 5765 490 5818 aliis
520 5767 724 5819 multis.
761 5770 897 5820 silet.

2041 5162 2223 5240 _\’erb_a
2253 5167 2364 5240 haec
2389 5171 2595 5224 suntin
2628 5173 2768 5227 dicta
2801 5176 3074 5240 oratione,
3103 5193 3157 5230 n.
3184 5180 3274 5234 54.

1931 5233 2008 5368 (είς
2041 5232 2096 5284 In
2129 5235 2257 5288 edit.
2297 5237 2541 5293 Garnerii
2579 5251 2616 5293 t.
2641 5243 2707 5305 ll,
2739 5261 2789 5312 p.
2815 5245 2939 5301 215.

1932 5303 1986 5364 (6
2038 5303 2198 5368 Greg.
2237 5303 2368 5362 Νη.
2409 5322 2550 5368 orat.
2578 5316 2671 5366 cit.
2704 5331 2757 5366 ιι.
2794 5316 2880 5368 12.

1932 5303 2008 5368 (6)
2038 5303 2198 5372 Greg.
2237 5303 2368 5362 Νη.
2409 5322 2550 5372 orat.
2578 5316 2671 5366 cit.
2699 5303 2757 5366 nl.
2794 5316 2880 5368 12.

1931 5374 2008 5458 ρ)
2035 5375 2238 5458 ῡεῂοε
2259 5375 2564 5458 Theodosio
2580 5381 2874 5458 Garnerius
2892 5385 3111 5458 inprznf.
3138 5402 3191 5458 p.
3225 5403 3411 5443 χλιιι

1861 5439 2064 5496 Ibidem
2093 5439 2390 5501 Garnerius
2425 5451 2563 5504 inter
2597 5461 2761 5507 testes
2784 5439 3414 5511 Asceti'cnrumrt—ioiiiiiiat

1854 5515 2018 5591 etiam
2046 5513 2314 5591 Studitam
2345 5529 2612 5591 nostrum,
2649 5526 2739 5591 qui
2770 5527 2821 5576 in
2847 5525 3153 5580 laudatione
3175 5528 3438 5582 Platonis

1853 5582 2096 5663 magistri
2131 5585 2211 5636 sui
2239 5588 2454 5663 (11.2.3),
2488 5593 2559 5645 ait
2601 5582 2755 5648 'htinc
2798 5602 2971 5648 sancti
3020 5595 3204 5650 Basilii
3252 5616 3412 5663 νομο-

1850 5651 2034 5733 θεσίας
2085 5651 2261 5733 legere
2282 5651 2535 5733 solitum.
2573 5664 2849 5725 Attamen,
2875 5675 2931 5719 ttt
2962 5681 3121 5733 supra
3155 5651 3411 5728 diximus.

1850 5718 2078 5775 Studita:
2131 5718 2230 5781 Hoc
2282 5727 2595 5786 Vaticanum
2641 5718 2926 5789 Scholiumr
2958 5718 3279 5791 Ca'rnerium
3333 5718 3411 5791 ιεῖἷ
