3976 6322
538 277 670 343 1687
1704 272 1765 331 S.
1801 268 2190 329 THEODORI
2219 268 2559 331 STUDIT/E
3642 261 3787 323 1688

531 393 817 455 Ascetica,
865 400 924 445 ut
964 389 1053 444 illa
1088 402 1211 459 quae
1236 394 1364 441 sunt
1391 385 1572 455 magni
1618 384 1801 439 Basilii
1853 401 1870 437 :
1919 396 2136 450 quan-4

2210 380 2301 436 365'
2357 380 2527 444 οὕτως
2590 379 2747 440 ἄλλος
2808 379 2893 446 εἴη
2950 376 3222 438 Βασίλειος
3270 374 3361 427 διά
3406 372 3473 426 τὺ
3526 370 3787 424 tacitis:-

532 498 699 551 quam
733 496 929 550 reapse
971 481 1115 536 haud
1161 478 1306 534 aliud
1334 477 1561 547 cogitari
1600 483 1778 545 potest
1814 473 2046 528 Basilius
2075 512 2092 538 ,

2210 492 2298 541 sev
2358 474 2455 527 τοῦ
2528 472 2837 539 πνεύματος
2892 471 2988 521 καὶ
3044 468 3137 520 τοῦ
3193 466 3551 533 φθέγματος’
3604 462 3642 530 ἢ
3701 461 3784 531 μὴ

533 587 758 645 propter
803 571 1067 643 aequalem
1102 571 1327 641 spiritus
1356 569 1761 635 verborumque
1788 566 1895 619 vim
1935 582 1951 619 :
2000 576 2097 619 aut

2210 566 2290 618 ταὶ
2330 565 2393 618 οὐ
2435 564 2770 633 βουλόμενοι,
2818 561 3035 621 πάντως
3091 556 3482 620 καταδέξονται
3533 555 3639 607 τοῦ
3677 570 3783 620 με-

534 642 690 722 inviti
739 642 945 729 etiam,
999 665 1119 721 hac
1166 678 1292 720 esse
1335 661 1517 731 magni
1558 658 1743 714 Basilii
1782 657 2092 711 admittant.

2210 655 2360 722 (ἀλου
2400 653 2677 706 Βασιλείω
2727 646 2887 704 εἶναι.
2945 649 3139 701 Ὶστέον
3188 646 3247 699 δὲ
3274 646 3350 707 ὡς
3378 644 3450 697 τὰ
3483 644 3590 712 μὲν
3636 642 3782 697 ἄλλα

534 758 837 813 Sciendum
878 772 1007 811 vero
1056 764 1142 811 est
1192 756 1373 825 priora
1415 753 1506 807 illa
1555 752 1663 806 dici
1713 749 2097 805 universaliter

2210 747 2263 799 τὰ
2295 744 2524 799 καθόλου
2552 744 2834 812 ἀσκητικὰ
2862 743 3075 812 εἴρηται
3097 756 3111 770 ο
3143 738 3317 792 ταῦτα
3339 736 3418 800 δὲ,
3450 735 3524 787 τὰ
3540 735 3780 804 μερικῶ

532 851 810 911 Ascetica:
844 850 957 905 haec
983 857 1162 904 autem
1192 845 1566 918 particularia.
1593 843 1892 913 Oportebat
1912 849 2094 896 autem

2210 837 2301 890 ἔδει
2323 836 2429 906 γὰρ
2454 836 2545 888 τὸν
2577 836 2868 903 λαμπτῆρα
2888 831 2982 883 τοῦ
3011 832 3218 898 κόσμου
3252 828 3389 898 πρὸς
3430 828 3557 887 ταῖς
3579 825 3780 886 ἄλλαις

533 941 724 995 mundi
752 941 1079 1011 lampadem,
1095 916 1292 1010 praeter
1310 938 1450 993 alios
1472 936 1845 992 doctrinarum
1871 946 2095 988 suarum

2210 927 2365 981 ιὺτοῦ
2411 929 2594 980 ἀκτῖσι
2645 926 2754 977 τῶν
2802 922 3147 990 διδαγμάτων
3192 918 3619 986 καταυγάζοντα
3674 916 3780 985 τὴν

2196 1022 2288 1091 ὑφ’
2328 1021 2501 1091 ἥλιον,
2531 1019 2764 1087 φωτίσαι
2808 1018 2954 1087 ἡμᾶς
2979 1015 3074 1069 καὶ
3101 1014 3278 1068 τοῖσδε
3316 1014 3430 1075 τοῖς
3455 1011 3587 1064 δυσὶ
3635 1026 3779 1077 συγ-

2196 1114 2489 1184 γράμμασι
2516 1110 2615 1179 (8)-

533 1032 759 1097 radios,
804 1034 1006 1104 quibus
1048 1032 1397 1088 subsolanam
1446 1028 1724 1100 regionem
1773 1025 2096 1089 collustrat,

534 1122 622 1178 his
659 1139 879 1196 quoque
921 1125 1186 1182 ambabus
1231 1121 1704 1179 lucubrationibus
1747 1133 1846 1173 nos
1893 1116 2095 1170 illumi-

530 1229 692 1272 itare.

540 1369 3737 1412 *ΜΗ-η*-

1607 1533 1747 1588 ΤΟΥ
1772 1532 1875 1586 EN
1894 1532 2146 1586 ΔΓΙΟΙΣ
2170 1533 2265 1584 ΠΛ
2278 1530 2459 1583 ΤΡΟΣ
2481 1527 2692 1583 ΗΜΩΝ

1328 1694 1933 1785 ΘΕΟΔΩΡΟΥ
2010 1690 2235 1777 ΤΟΥ
2327 1686 2954 1775 ΣΤΟΥΔΙΤΟΥ

1068 1876 1427 1933 EPMHNEIA
1454 1876 1589 1929 ΤΗΣ
1611 1871 1811 1929 ΘΕΙΔΣ
1845 1869 2136 1927 ΑΕΙΤΟΥΡ

2210 1869 2296 1922 ΑΣ
2331 1868 2467 1922 mN
2504 1865 3083 1923 ηΡοΗΓιΑΣΜΕΝΩΝ
3116 1863 3213 1937 (9).

1245 2199 1337 2289 8.
1398 2198 1506 2285 Ρ.
1587 2195 1703 2282 Ν.
1780 2192 2404 2287 THEODORI
2480 2195 3030 2285 STUDITIE

970 2390 1461 2454 EXPLICATIO
1530 2390 1835 2452 DIVINE
1892 2389 2297 2451 LITURGIE
2358 2388 3317 2469 PBIESANCTIFICATOBUM.

612 2622 751 2680 Audi
798 2634 884 2675 me
903 2618 1208 2691 diligenter,
1249 2617 1346 2681 ﬁli,
1389 2616 1664 2688 quomodo
1701 2616 1900 2674 debeas
1956 2634 2096 2689 prte-
2129 2630 2136 2686 1

2271 2620 2540 2674 ’Ἄκουσον
2570 2619 2633 2688 δή
2667 2636 2782 2688 μοι,
2807 2617 3017 2681 τέκνον,
3046 2619 3227 2682 καλῶς
3266 2620 3328 2673 τὸ
3382 2620 3503 2683 πῶς
3541 2622 3629 2675 δεῖ
3671 2625 3773 2693 τὴν

541 2713 1003 2773 sanctificatorum
1044 2710 1210 2765 ritum
1244 2708 1469 2778 exsequi
1503 2726 1519 2763 :
1558 2723 1793 2778 namque
1828 2709 1879 2763 in
1934 2712 2106 2767 sacris

541 2806 675 2866 aliis
690 2801 1057 2858 functionibus
1084 2808 1265 2870 aperte
1286 2808 1340 2853 et
1367 2806 1520 2853 extra
1559 2813 1776 2853 omnem
1834 2802 2106 2870 ambigui-

545 2904 710 2951 tatem
750 2910 838 2950 res
882 2901 1070 2947 sancta
1109 2890 1385 2962 peragitur
1417 2909 1431 2945 :
1460 2891 1575 2946 haec
1622 2902 1802 2945 autem
1836 2892 2013 2946 velato
2041 2907 2107 2948 ac

544 2986 846 3057 lugubriter
884 2984 941 3039 fit
971 3001 988 3038 :
1024 2983 1259 3051 ideoque
1310 2982 1485 3051 magis
1536 2982 1765 3051 mystica
1790 2982 1844 3035 in
1895 2984 2106 3038 cunctis

545 3078 659 3136 haec
689 3074 897 3130 functio
950 3072 1153 3128 evadit.
1188 3071 1354 3141 Igitur
1392 3072 1647 3126 sacerdos
1681 3082 1874 3125 ornatu
1928 3087 2107 3126 sacer—

545 3164 708 3221 dotali
742 3166 983 3227 indutus,
1026 3164 1309 3234 trisagium
1344 3170 1514 3217 totum
1548 3164 1804 3224 recitatis,
1856 3178 1955 3217 nec
1996 3179 2104 3217 non

543 3256 650 3313 dici
681 3254 1001 3324 troparium,
1033 3253 1328 3322 dicensqne
1359 3261 1438 3307 ter
1459 3255 1657 3308 verba:
1692 3251 1956 3319 Propitius
1976 3264 2106 3320 esto,

548 3347 708 3412 Deus,
740 3346 869 3401 mihi
904 3347 1190 3416 peccatori,
1220 3346 1521 3399 orationem
1553 3361 1769 3414 quoque
1789 3347 2111 3413 thymiama-

547 3438 615 3494 tis
644 3438 903 3503 recitatis,
948 3447 1075 3493 ante
1114 3451 1325 3494 sacram
1360 3450 1602 3491 mensam
1652 3436 1919 3500 consistit,
1974 3446 2029 3490 et
2054 3437 2109 3490 in

548 3531 771 3588 modum
821 3529 1006 3585 crucis
1057 3528 1376 3583 tburificans
1425 3530 1741 3593 exclamat;
1782 3543 1889 3581 non
1931 3538 2110 3582 tamen

546 3627 709 3681 verba
770 3625 1094 3679 benedictum
1141 3639 1357 3694 regnum
1416 3624 1747 3692 pronuntiat.
1794 3639 1915 3693 qua:
1967 3631 2094 3679 sunt

546 3718 712 3773 veluti
776 3716 1119 3786 triumphalia
1162 3726 1216 3770 et
1275 3715 1536 3771 absolutae
1592 3717 1935 3770 auctoritatis
1990 3732 2113 3786 pro-

550 3811 666 3881 prin
701 3827 717 3877 ;
757 3810 848 3864 sed
883 3809 1180 3863 benedictus
1239 3806 1375 3861 Deus
1415 3808 1583 3871 dicit,
1622 3819 1880 3878 tanquam
1934 3810 2111 3863 humi-

553 3906 718 3958 litatis
748 3903 1004 3956 indicium
1037 3911 1091 3956 et
1121 3900 1292 3955 enisa:
1319 3899 1740 3968 deprecationis.
1773 3898 1910 3953 Tum
1949 3901 2109 3954 etiam
2138 3932 2182 3992 ο

553 3996 929 4065 propheticum
952 3994 1083 4047 illud
1108 3995 1433 4062 prooemium
1466 4008 1495 4046 a
1523 3992 1783 4049 fratribus
1828 3995 2109 4056 recitatur,

553 4096 607 4139 et
640 4089 893 4140 sacerdos
942 4100 1128 4153 preces
1162 4085 1369 4155 vesperi
1415 4085 1583 4139 dicit:
1622 4101 1727 4154 qua
1757 4095 1987 4155 utraque
2032 4086 2112 4139 di-

554 4178 735 4231 ctione
760 4176 992 4244 expleta,
1056 4176 1338 4231 collectam
1395 4176 1532 4230 elata
1564 4192 1697 4230 voce
1726 4180 1953 4247 peragit.
1991 4177 2112 4233 Sta-

555 4269 650 4321 tim
684 4281 814 4320 vero
840 4280 871 4320 a
905 4266 1105 4320 lectore
1134 4267 1400 4335 graduum
1432 4281 1643 4320 canone
1678 4266 1915 4336 incepto,
1960 4283 2113 4323 sacer

556 4366 899 4428 mystagogus
955 4356 1465 4425 quinquagesimum
1529 4356 1795 4424 psalmum
1859 4368 2112 4414 oretenus

555 4449 769 4507 recitat,
798 4456 853 4501 ct
883 4449 1387 4517 pra‘sanctilicatum
1421 4462 1612 4517 panem
1644 4448 1696 4501 in
1738 4450 1977 4518 prothesi
2025 4460 2111 4504 to-

557 4554 669 4597 tum
729 4539 1027 4609 componit.
1080 4537 1380 4608 Statimque
1430 4539 1496 4592 ad
1552 4540 1797 4608 singulas
1849 4542 2110 4609 graduum

555 4631 899 4701 antiphnnas,
960 4644 1181 4696 parvam
1220 4643 1435 4699 precem
1486 4628 1624 4683 elata
1686 4645 1818 4684 voce
1854 4631 1981 4686 dicit
2019 4644 2115 4687 :et

555 4724 684 4777 dum
736 4736 765 4772 a
805 4718 983 4789 Psalle
1029 4719 1242 4772 canitur
1278 4718 1542 4785 psalmus,
1583 4720 1695 4788 ipse
1722 4722 2112 4776 sanctuarium

560 4825 729 4867 totum
775 4827 898 4865 cum
930 4810 1131 4879 templo
1163 4810 1439 4863 thurilicat
1460 4828 1474 4865 :
1498 4810 1838 4880 cantatisque
1864 4813 2116 4882 tmpariis

555 4912 679 4973 post
704 4902 894 4970 gloria,
932 4900 1188 4954 introitus
1223 4900 1340 4954 sine
1365 4902 1646 4969 evangelio
1686 4920 1808 4956 cum
1845 4905 2118 4957 thurifica-

559 4996 702 5047 tione
718 4993 915 5047 dicitur
930 5007 944 5043 :
962 4990 1217 5059 lectisque
1241 4990 1581 5052 lectionibus,
1598 4992 1789 5047 fratres
1809 4992 2118 5049 sedent.His

557 5084 804 5153 expletis,
825 5083 1082 5137 sacerdos
1102 5081 1250 5136 canit
1268 5082 1533 5149 dirigatur
1557 5121 1571 5144 ,
1600 5099 1723 5135 cum
1762 5085 1810 5135 ei
1847 5084 2117 5152 atljunctis

558 5175 865 5237 versiculis,
898 5174 1157 5229 fratribus
1200 5186 1339 5239 genu
1395 5171 1755 5237 ﬂectentibus,
1784 5176 1926 5244 quod
1952 5176 2115 5231 ctiam

2201 2711 2310 2765 τῶν
2361 2713 2817 2781 προηγιασμένων
2841 2710 3109 2763 ἐπιτελεῖν
3135 2711 3381 2781 τελετήν.
3427 2714 3520 2766 Ἐν
3547 2716 3663 2784 γάρ
3687 2734 3771 2769 τοι

2202 2804 2327 2864 ταῖς.
2346 2802 2534 2863 ἄλλαις
2560 2802 2894 2872 ἱερουργίαις
2922 2803 3456 2873 ἀνακεκαλυμμένως
3486 2806 3583 2858 καὶ
3612 2809 3773 2860 ἀνεν-

2203 2891 2463 2954 δοιάστως
2492 2894 2524 2961 ή
2559 2893 2835 2965 ἱερουργία
2881 2894 3202 2947 ἐπιτελεῖται
3226 2911 3242 2927 ο
3275 2895 3332 2946 ὲν
3358 2895 3417 2948 δέ
3472 2913 3537 2964 γε
3595 2901 3772 2972 ταύτῃ

2208 2984 2685 3054 συνεσκιασμένως
2711 2986 2804 3037 καὶ
2830 2985 3116 3055 πενθηρῶς
3140 3003 3157 3019 ο
3196 2987 3275 3039 διὸ
3300 2990 3395 3040 καὶ
3425 2994 3771 3057 μυστικωτέ-

2206 3093 2275 3145 ρα
2302 3078 2381 3138 είς
2400 3077 2506 3128 πᾶν
2527 3077 2559 3146 ὴ
2587 3076 2773 3146 τελετὴ
2800 3076 3027 3144 γίνεται.
3046 3078 3233 3130 Τοίνυν
3249 3080 3277 3130 ὁ
3296 3081 3473 3149 ἱερεὺς
3495 3082 3597 3150 τὴν
3620 3084 3771 3153 ξεραο

2205 3169 2363 3238 τικὴν
2410 3168 2722 3236 ἐνδυόμενος
2768 3169 2979 3236 στολὴν,
3013 3170 3074 3220 τὸ
3125 3170 3406 3238 τρισάγιον
3454 3174 3772 3243 ὁλοκλήρως

2206 3256 2596 3326 φθεγγόμενος,
2628 3259 2722 3311 καὶ
2784 3258 2845 3311 τὺ
2888 3259 2988 3328 τῆς
3035 3260 3247 3328 ἡμέρας
3282 3264 3585 3331 τροπὰριον
3611 3304 3627 3324 ,
3673 3269 3772 3317 σὺν

2206 3348 2284 3421 τῷ
2308 3347 2615 3413 Ἰλὰσθητί
2631 3366 2754 3417 μοι,
2783 3352 2816 3402 ό
2837 3350 3003 3415 Θεὸς,
3024 3347 3102 3414 τῷ
3117 3350 3462 3417 ἁμαρτωλῷ,
3493 3354 3771 3421 ἐπιλέγων

2207 3420 2408 3510 τ’ρίτον,
2433 3440 2527 3491 καὶ
2550 3440 2647 3510 τὴν
2670 3440 2834 3510 εὐχὴν
2854 3440 2946 3493 τοῦ
2970 3441 3312 3511 Ουμιάματος
3339 3442 3516 3509 λέγων
3539 3420 3771 3497 ὲνώττιον

2207 3533 2305 3601 τῆς
2335 3532 2483 3595 Θείας
2517 3531 2790 3602 τραπέζης
2820 3534 3125 3601 ὲφὶσταται,
3157 3534 3251 3586 καὶ
3286 3536 3651 3605 σταυροειδῶς
3679 3538 3770 3591 ου-

2213 3623 2352 3692 μιῶν
2398 3624 2671 3690 ἓκφωνεῖ·
2706 3622 2826 3692 οὐχ).
2873 3624 2933 3675 τὺ
2970 3624 3364 3693 Εὐλογημένη
3394 3628 3433 3694 ἠ
3482 3628 3772 3693 βασιλεία

2210 3715 2617 3785 ἀνακηρύττει,
2667 3715 2744 3777 ὡς
2799 3715 2955 3785 νίκης
3007 3717 3265 3781 τρόπαιον
3320 3722 3417 3772 καὶ
3480 3722 3769 3786 αὖθεντῐας

2212 3806 2732 3877 ἀπροσωπολήπτου,
2758 3805 2870 3858 ἀλλ’
2890 3808 3227 3876 Εὐλογητὸς
3248 3812 3282 3863 ό
3308 3810 3454 3877 Θεὸς
3486 3813 3770 3880 λέγων,ὠ;

2212 3900 2593 3967 ταπεινότητος
2646 3898 2911 3966 σύμϐολον
2941 3900 3034 3951 καὶ
3080 3900 3355 3969 ἱκετηρίας
3394 3904 3768 3975 τάπαραῦραύ-

2216 4008 2343 4044 στου
2377 4006 2392 4021 ·
2429 3991 2489 4043 τὸ
2514 3992 2570 4043 δὲ
2604 3990 2942 4058 προφητικὸν
2972 3992 3149 4043 ἐκεῖνο
3172 3993 3459 4063 προοίμιον
3488 3997 3639 4067 παρὰ
3664 3998 3769 4050 τῶν

2211 4081 2453 4152 ἀδελφῶν
2486 4081 2835 4150 κηρύττεται,
2864 4082 2960 4135 καὶ
2985 4084 3014 4134 ὁ
3040 4084 3217 4152 ἱερεὺς
3244 4083 3344 4144 τὰς
3382 4084 3553 4155 εὐχὰς
3592 4089 3766 4142 ὲπιλέ-

2210 4190 2299 4243 γει
2321 4174 2416 4227 τοῦ
2443 4174 2695 4243 λυχνικοῦ
2722 4189 2736 4203 ·
2766 4174 2918 4237 τέλος
2946 4174 3001 4226 δὲ
3034 4176 3302 4227 κάκείνων
3330 4178 3658 4231 καὶτούτων
3679 4182 3769 4233 λα-

2212 4267 2434 4331 ϐόντων,
2462 4267 2558 4336 τὴν
2590 4264 2864 4335 συναπτὴν
2899 4266 3001 4318 σὺν
3026 4268 3090 4336 τῇ
3132 4268 3443 4337 ὲκφωνήσει
3488 4271 3730 4324 ἐπιτελεῖ
3752 4289 3766 4302 ·

2212 4360 2307 4411 καὶ
2332 4360 2361 4411 ὁ
2390 4358 2620 4427 ἑτοίμως
2649 4358 2678 4410 ὁ
2703 4355 3051 4425 ἀναγνώστης
3074 4358 3164 4410 τὸν
3184 4358 3293 4411 τῶν
3313 4360 3655 4430 ἀναϐαθμῶν
3678 4381 3771 4416 κα-

2211 4451 2338 4503 νόνα
2370 4448 2751 4517 ἐναρξάμενος,
2781 4450 2810 4500 ὁ
2837 4450 2978 4510 Gaio;
3032 4441 3186 4511 οὗτος
3225 4453 3588 4519 μυσταγωγὸς
3614 4456 3704 4507 τὸν
3730 4462 3767 4507 Ψ

2210 4539 2317 4592 ἀνὰ
2363 4539 2536 4618 στόμα
2562 4537 2794 4603 διεξιὼν,
2825 4537 2913 4588 τὸν
2943 4538 3379 4606 προηγιασοέντα
3421 4542 3593 4611 ἄρτον
3620 4547 3679 4597 ἐν
3704 4550 3764 4616 τῇ

2214 4627 2469 4700 προθέσει
2533 4629 2818 4696 διακοσμεῖ
2868 4626 3167 4689 ἀνελλιπῶς
3203 4645 3219 4659 ·
3284 4631 3448 4694 εὺῢὺς
3496 4634 3555 4685 δὲ
3611 4639 3691 4699 εἰς
3715 4637 3768 4688 ἓν

2212 4722 2440 4775 ἕκαστον
2467 4720 2764 4785 ἀντίφωνον
2789 4718 2897 4770 τῶν
2922 4718 3126 4771 ἀναῦαίι
3137 4717 3251 4788 μῶν
3272 4759 3287 4784 ,
3324 4728 3536 4792 μικρὰν
3560 4729 3767 4798 αἴτησιν

2213 4813 2449 4879 ὲκφωνεῖ
2468 4827 2480 4841 ·
2514 4811 2600 4863 τοῦ
2632 4811 2689 4863 δέ
2716 4826 2779 4877 γε
2810 4808 3026 4878 ψαλμοῦ
3054 4810 3201 4878 παρὰ
3232 4810 3328 4863 τοῦ
3346 4814 3575 4868 Ψάλτου
3611 4821 3765 4889 ﬁxo-4o

2217 4904 2404 4971 μένου,
2428 4903 2488 4954 τὸ
2511 4904 2773 4971 ἱερατεῖον
2801 4900 2919 4951 ὅλον
2950 4901 3046 4952 σὺν
3080 4900 3155 4969 τῷ
3192 4901 3305 4971 ναῷ
3330 4904 3491 4957 ἐπιθυ
3501 4910 3605 4978 μιᾷ
3630 4928 3645 4941 ο
3681 4914 3766 4964 καὶ,

2215 4994 2322 5048 τῶν
2366 4994 2680 5063 τροπαρίων
2733 4990 3086 5059 ψαλλομένων
3120 4992 3259 5059 μετὰ
3309 4992 3428 5060 τὴν
3476 4997 3705 5067 δόξαν,
3736 5019 3766 5071 η

2216 5076 2417 5147 εἴσοδος
2449 5085 2616 5154 χωρὶς
2653 5081 2746 5135 τοῦ
2785 5083 3107 5149 Εὐαγγε).ίου
3151 5084 3288 5151 μετά
3322 5085 3597 5155 θυμιατοῦ
3627 5094 3765 5160 λέγε-

2217 5194 2345 5239 ται,
2378 5176 2474 5227 καὶ
2502 5174 2627 5226 ¹τῶν
2671 5173 3107 5241 ἀναγνωσμάτων
3154 5174 3703 5248 ἀναγινωσκομένων,
3724 5187 3765 5237 οἱ

2066 5291 2295 5346 NOTAE.

638 5383 709 5453 (8)
740 5383 1077 5437 Theodorum
1110 5396 1353 5437 nostrum
1385 5383 1564 5437 Basilii
1597 5382 1812 5451 scriptis
1840 5382 2119 5453 valdeqde—

564 5452 746 5509 luctari
803 5455 1021 5507 solitum
1058 5493 1073 5516 ,
1128 5456 1497 5523 praecipueque
1537 5454 1641 5506 illis
1688 5453 1820 5523 πρὸς
1865 5452 2119 5522 μονάζον-

561 5543 660 5585 τας
692 5562 706 5583 ,
753 5539 874 5592 quae
926 5524 1118 5576 diurna
1172 5537 1545 5590 nocturnaque
1606 5538 1769 5576 manu
1829 5524 2113 5583 \‘ursabat,

567 5608 933 5650 moi‘es.suos
982 5593 1170 5646 iisdem
1212 5593 1619 5656 conformandu,
1673 5599 1851 5647 narrat
1887 5592 2107 5647 Michael

570 5664 865 5719 monachus
888 5664 939 5716 in
971 5664 1088 5730 ejus
1124 5661 1263 5725 Vita,
1288 5676 1404 5730 cap.
1430 5662 1510 5713 1'5.

2292 5381 2368 5448 (9)
2400 5379 2471 5434 Dc
2524 5381 2687 5454 missa
2720 5382 3312 5454 _Praesanctificatorum
3366 5387 3515 5454 apud
3566 5388 3768 5443 Gnaeus

2223 5461 2398 5504 exstat
2458 5451 2674 5517 Cupitisa
2720 5449 2911 5503 Leonis
2969 5454 3146 5505 Allzttii
3197 5449 3521 5510 dissertatio
3554 5462 3605 5509 in
3638 5465 3769 5514 calce

2222 5523 2399 5583 upetis
2435 5520 2553 5587 ejus
2601 5518 2671 5572 De
2712 5532 2958 5573 consensu
2992 5518 3131 5575 Eccl.
3170 5525 3354 5577 ()ccid.
3390 5543 3510 5577 cum
3556 5526 3765 5586 Orieut..

2221 5591 2307 5640 ιιίή
2361 5590 2607 5655 plurimis
2657 5591 2835 5641 relatis
2884 5594 3340 5655 auctoritatibus,
3393 5591 3541 5650 hanc
3607 5608 3765 5653 tamen

2216 5659 2434 5713 Sludita:
2458 5659 2895 5726 scriptiunculam
2935 5660 3207 5724 ignorasse
3238 5662 3477 5717 videtur.
