3976 6322
138 387 162 448 1
173 389 288 449 689

1341 383 1438 442 DE
1475 379 2217 441 PRESANCTIFICATIS.

3255 379 3391 445 1690

133 506 380 572 αδελφοὶ
417 502 751 570 ἐφιςάνουσι.
776 501 928 553 Μετὰ
955 500 1013 551 δὲ
1046 499 1140 569 τὴν
1162 497 1364 550 τούτων
1389 499 1722 566 συμπλήρω-

1828 497 1968 550 inter
2033 512 2223 564 preces
2276 495 2352 548 fit.
2408 494 2613 548 Etenim
2663 505 2785 563 post
2848 497 3154 550 divinorum
3216 499 3391 552 dono-

135 613 252 657 σιν,
289 595 358 646 τὸ
395 591 855 656 Κατευθυνθήτω
883 593 909 643 6
939 591 1111 659 ἱερεὺς
1139 590 1252 659 ᾄδει
1283 589 1418 657 μετὰ
1464 588 1570 639 τῶν
1599 605 1725 640 συν-

134 687 468 756 ηνωμένων
491 683 651 736 αὑτοῦ
678 683 920 751 στοίχων,
955 683 1061 735 τῶν
1090 681 1330 748 ἀδελφῶν
1360 680 1419 731 τὸ
1452 682 1578 746 γόνυ
1609 679 1725 731 κλι-

132 781 405 845 νομένων
433 819 446 840 ,
468 778 497 830 ὃ
535 779 627 828 καὶ
665 778 719 826 ἐν
753 779 870 836 ταῖς
900 776 1084 844 εὐχαῖς
1113 774 1271 827 τοῦτο
1314 774 1538 842 γίνεται.
1572 775 1725 826 Μετὰ

131 872 251 938 γὰρ
313 871 427 940 τὴν
472 869 578 921 τῶν
611 872 768 923 θείων
800 869 987 933 δώρων
1037 868 1355 927 εἰσόδευσιν,
1383 867 1614 935 ἑτοίμως
1666 866 1722 916 αἱ

132 962 314 1030 Θύραι.
347 961 766 1013 κεκλείσκονται
797 977 810 992 ⁸
847 960 875 1010 6
905 960 960 1011 δὲ
1011 959 1185 1028 ίερερς
1212 957 1287 1026 τῷ
1328 958 1589 1026 ἀνωτάτω
1626 957 1724 1008 πέ-

128 1052 287 1120 πλῳ,
318 1052 350 1103 ὃ
383 1052 484 1103 καὶ
512 1052 649 1118 ἀέρα
674 1047 810 1103 οἶδεν
838 1051 866 1100 6
888 1049 1040 1116 λόγος
1081 1051 1260 1100 καλεῖν
1282 1086 1296 1109 ,
1329 1049 1394 1099 τὰ
1426 1046 1573 1116 δῶρα
1601 1049 1722 1098 ἐπι-

130 1141 432 1194 καλύπτει
452 1160 465 1172 ·
502 1144 558 1193 ὲν
587 1141 642 1193 δέ
675 1157 738 1208 γε
768 1142 830 1208 τῇ
864 1139 962 1208 τῆς
988 1138 1242 1206 ὑψώσεως
1270 1136 1408 1206 ὥρᾳ,
1433 1139 1492 1189 οὑ
1519 1139 1616 1205 μὲν
1643 1154 1721 1189 τοι

128 1235 294 1298 αἴρει
334 1233 406 1282 τὸ
443 1231 674 1294 πέπλον,
699 1231 813 1282 ἀλλ’
845 1231 954 1282 ἀπὸ
981 1228 1222 1281 κάτωθεν
1251 1228 1469 1290 τούτου,
1500 1229 1591 1280 τὸν
1624 1229 1721 1295 ἄρ-

128 1343 226 1376 τον
259 1323 452 1391 ὑψὼν,
491 1322 634 1388 λέγει
669 1339 682 1352 ·
717 1323 792 1375 Τὰ
831 1319 1275 1387 προηγιασμένα
1309 1317 1442 1386 ἅγια
1469 1334 1483 1348 ·
1512 1316 1608 1371 εἶθ’
1635 1317 1722 1369 οὖ-

124 1431 245 1475 τως
283 1416 314 1464 6
353 1415 468 1482 άὴρ
500 1413 737 1482 αἴρεται.
779 1413 880 1462 Ἐκ
910 1428 966 1462 τε
985 1410 1089 1461 τῶν
1117 1409 1373 1460 τοιούτων
1403 1409 1497 1461 καὶ
1523 1409 1720 1477 ἑτέρων

129 1505 576 1573 ὑποδειγμάτων
633 1502 864 1572 μυστικὴ
919 1501 1078 1552 Θυσία
1108 1500 1216 1568 (10)
1249 1501 1713 1570 ἀνακηρύττεται,

128 1597 230 1647 καὶ
266 1596 412 1665 ἄρτι
451 1594 841 1663 τετελειωμένη
878 1591 1134 1652 ὡσαύτως
1168 1593 1259 1643 καὶ
1303 1591 1718 1662 προηγιασμένη

126 1689 366 1755 τελετὴ,
393 1687 457 1738 ἔκ
478 1705 537 1738 τε
571 1688 667 1753 τῆς
695 1685 1094 1753 ἐπιφοιτήσεως
1119 1682 1211 1735 τοῦ
1243 1683 1477 1751 σταυροῦ
1509 1683 1602 1735 καὶ
1626 1683 1719 1734 τοῦ

125 1782 300 1846 ἁγίου
335 1781 572 1848 αἵματος
599 1779 870 1847 ἡνωμένη.
896 1773 1024 1828 Εἶτα
1046 1775 1137 1826 καὶ
1160 1775 1266 1827 τῶν
1292 1773 1532 1841 ἀδελφῶν
1563 1791 1720 1844 προσ-

127 1872 510 1937 καλουμένων
550 1869 889 1936 μεταλαϐεἰν,
922 1864 1079 1917 Μετὰ
1130 1867 1316 1932 φόϐου
1351 1866 1496 1919 Θεοῦ
1546 1867 1718 1918 λέγων

129 1961 233 2011 καὶ
262 1962 539 2023 πίστεως
565 1959 659 2010 καὶ
690 1956 926 2026 ἀγάπης
949 1973 963 1988 ⁸
987 1956 1150 2008 τύπον
1182 1957 1287 2024 ἄρα
1313 1957 1454 2009 Οεῖον
1477 1960 1529 2008 ὲν
1551 1975 1719 2027 τουτῳ

127 2053 237 2119 τῆς
274 2050 442 2112 θείας
483 2051 576 2102 καὶ
603 2049 870 2111 ζωοποιοῦ
903 2048 1129 2114 Τριάδος
1173 2048 1540 2100 ὑποδεικνύων
1572 2050 1598 2098 6
1635 2049 1720 2100 λό-

128 2160 231 2208 γος
263 2159 276 2169 ·
319 2142 491 2206 φόϐον
529 2142 703 2207 λέγων
728 2142 825 2209 τὴν
853 2139 1002 2190 Οείαν
1032 2139 1124 2189 καὶ
1161 2139 1465 2206 ἀρχίςξωτον
1489 2140 1579 2190 τοῦ
1611 2141 1717 2190 Πα-

127 2236 271 2303 τρδς
335 2235 502 2295 δόξαν
529 2251 540 2263 ⁸
569 2233 771 2293 πίστιν.
809 2231 894 2280 τὸν
945 2232 1205 2297 μονογενῆ
1254 2230 1345 2280 καὶ
1389 2231 1717 2298 συνάναρκον

130 2328 324 2392 Λόγον
349 2343 362 2354 ·
404 2327 621 2393 ἀγάπην
647 2324 723 2385 δὲ,
755 2323 814 2372 τὸ
846 2321 1047 2386 ἀγαθὸν
1069 2321 1162 2372 καὶ
1185 2321 1448 2386 πανάγιον
1475 2320 1714 2388 Πνεῦμα.

129 2417 294 2468 Μετα
335 2416 454 2485 γὰρ
479 2415 574 2484 τὴν
607 2414 712 2464 τῶν
748 2410 990 2478 ἀδελφῶν
1024 2411 1343 2481 μετάληψιν,
1378 2411 1458 2474 τὸ,
1487 2410 1716 2475 Σῶσον,

133 2511 166 2557 (ἴ
205 2508 392 2570 Θεὸς,
427 2503 708 2557 τόνλαὸν
738 2518 877 2564 σου,
912 2502 1126 2570 λέγεται
1156 2517 1168 2530 ·
1206 2502 1299 2553 καὶ
1343 2503 1717 2570 ὲπιχαράττων

127 2597 194 2647 τὸ
232 2596 394 2647 Οείον
423 2597 645 2662 σημεῖον
679 2591 772 2644 τοῦ
800 2593 979 2661 τιμίου
1020 2591 1276 2660 σταυροῦ,
1305 2592 1372 2644 τὰ
1414 2592 1533 2644 Θεία
1567 2591 1717 2660 δῶρα

131 2681 407 2749 οὐδαμῶς
467 2682 558 2731 ἐπὶ
615 2681 680 2748 τῇ
738 2679 856 2749 Οεία
888 2682 1129 2749 τραπέζῃ
1164 2680 1716 2748 ὑποτεοειμένα,ἁλλ“

1611 2772 1719 2840 γὰρ

137 2864 664 2930 ὑπογεγραμμένης
694 2862 878 2931 εὐχῆς,
909 2861 1045 2929 μετὰ
1078 2861 1177 2930 τὴν
1224 2862 1363 2915 ἰδίαν
1419 2863 1719 2932 μετάληψιν

135 2955 361 3022 ταύτην
406 2953 645 3004 ἐπιτελεί
674 2953 702 3003 6
732 2953 827 3022 τὴν
878 2953 1188 3021 ἱερουργίαν
1234 2954 1420 3004 ποιῶν.
1454 2953 1608 3004 υῦτω
1639 2970 1720 3005 σοι

133 2773 394 2840 ἑτοίμως
451 2773 516 2839 τῇ
576 2771 828 2839 προθέσει
890 2771 1382 2840 πεπερατουμὲνα’
1429 2773 1526 2840 τῆς

137 3045 330 3108 κάγὼ,
377 3044 570 3095 τέκνον
594 3084 608 3106 ,
645 3045 1004 3113 ἐπιστάμενος
1061 3045 1373 3113 προσφέρω,
1404 3043 1586 3105 καθώς
1618 3060 1721 3112 περ

1807 593 1946 640 ‘rum
2009 586 2508 646 introductionem,
2567 587 2748 638 statim
2796 586 2976 654 janua:
3045 587 3386 641 clauduntur.

1825 678 1961 732 Tum
2025 679 2277 732 sacerdos
2325 680 2604 745 superiore
2658 693 2752 732 seu
2795 681 2998 732 extimo
3059 681 3194 744 velo,
3246 682 3386 744 «mod

1822 772 1983 825 etiam
2020 786 2199 824 aerem
2240 770 2419 824 dicere
2468 771 2727 834 solemus,
2769 770 2910 823 dona
2967 773 3233 839 cooperit.
3263 770 3387 824 Ele-

1824 861 2056 914 vationis
2099 870 2276 914 autem
2335 873 2595 926 tempore,
2652 862 2792 914 haud
2829 861 3005 914 aufert
3051 864 3248 926 velum,
3289 861 3384 916 Sed

1823 952 1892 1003 ah
1925 951 2105 1004 infima
2147 951 2308 1019 hujus
2337 961 2513 1019 parte.
2549 967 2740 1020 panem
2781 953 2997 1006 elevans
3040 953 3171 1006 dicit
3203 972 3216 1007 :
3253 970 3388 1022 prie-

1822 1045 2149 1111 sauctiﬁcata
2178 1056 2380 1098 sancta.
2425 1045 2624 1098 Deinde
2656 1060 2749 1099 aer
2794 1045 3056 1099 aufertur.
3089 1047 3264 1115 Atque
3305 1047 3389 1100 his

1823 1137 2050 1204 aliisque
2084 1136 2298 1192 indiciis
2356 1140 2575 1207 mystica
2627 1138 2929 1191 immolatio
2991 1140 3384 1207 proclamatur,

1824 1234 1933 1278 tum
1965 1226 2055 1279 illa
2086 1242 2253 1295 nuper
2287 1225 2500 1291 effecta,
2555 1238 2666 1281 tum
2706 1237 2758 1282 et
2793 1229 2882 1282 illa
2915 1231 3390 1297 praasanctiticata,

1820 1318 2000 1369 crucis
2031 1333 2247 1386 quoque
2287 1318 2600 1372 accessione
2639 1330 2692 1372 et
2732 1330 2922 1373 sancto
2959 1323 3230 1390 sanguine
3256 1338 3390 1376 con-

1815 1414 2022 1484 juncta.
2063 1406 2262 1461 Deinde
2291 1408 2548 1464 fratribus
2591 1411 2655 1463 ad
2698 1414 3212 1467 communicandum
3246 1415 3387 1468 invi-

1820 1500 1964 1560 tatis,
1993 1514 2109 1550 cum
2153 1501 2336 1552 timore
2374 1500 2487 1562 Dei,
2520 1502 2712 1570 inquit,
2759 1513 2808 1554 et
2847 1502 2972 1570 ﬁde,
2998 1514 3048 1556 et
3081 1504 3337 1557 charilute
3370 1520 3389 1558 :

1821 1593 2021 1659 quibus
2082 1592 2257 1646 verbis
2324 1593 2560 1646 divinam
2619 1610 2682 1648 ac
2738 1594 3003 1648 viviticam
3068 1595 3388 1650 Trinitatem

1820 1683 2362 1738 denotatztimorem
2421 1685 2698 1753 appellans
2758 1685 2997 1738 divinam
3057 1686 3390 1754 luminisque

1822 1773 2023 1826 fontem
2055 1772 2231 1828 Patris
2264 1774 2490 1842 gloriam
2523 1790 2534 1825 :
2569 1776 2748 1836 fidem,
2780 1775 3117 1845 unigenitum
3161 1785 3214 1830 et
3248 1792 3388 1831 eoa:-

1824 1875 2035 1918 teroum
2080 1865 2309 1918 Verbum
2355 1868 2715 1921 :charitatem
2787 1869 3042 1937 denique,
3105 1869 3303 1922 bonum
3337 1878 3390 1921 et

1819 1957 2224 2010 sanctissimum
2256 1956 2535 2025 Spiritum.
2577 1956 2693 2010 Jam
2729 1969 2849 2026 post
2873 1958 3100 2012 fratrum
3143 1975 3388 2013 commu-

1820 2049 2072 2111 nionem,
2130 2049 2309 2108 Salva,
2340 2049 2578 2115 Domine,
2609 2051 2859 2118 populant
2916 2062 3094 2113 tuum,
3124 2052 3323 2105 dicitur
3371 2069 3385 2103 :

1820 2139 2067 2207 factoque
2092 2141 2251 2192 simul
2283 2150 2472 2194 sancto
2511 2145 2833 2196 venerandae
2857 2146 3036 2197 crucis
3076 2146 3232 2212 signo
3256 2184 3270 2207 ,
3301 2143 3386 2196 di-

1822 2231 1956 2283 vinis
2012 2231 2152 2283 haud
2227 2230 2334 2299 jam
2390 2231 2444 2284 in
2521 2248 2675 2285 saera
2745 2249 2930 2287 mensa
2969 2235 3237 2302 repositis,
3290 2234 3388 2287 sed

1819 2319 1962 2371 illico
2071 2318 2126 2370 in
2189 2320 2428 2386 prothesi
2491 2333 2854 2390 consumptis,
2921 2323 3211 2375 absolvitur
3281 2334 3386 2376 tota

1819 2410 2159 2475 subsequens
2198 2410 2374 2462 oratio
2405 2420 2528 2477 post
2559 2413 2993 2464 communionem
3029 2429 3204 2474 suam,
3230 2414 3296 2464 ab
3323 2428 3388 2464 eo

1818 2499 1908 2566 qui
1951 2501 2247 2552 sacerdotis
2306 2515 2526 2553 munere
2561 2501 2822 2570 fungitur.
2854 2502 2975 2555 llaec
3021 2517 3120 2568 ego
3147 2502 3260 2562 tibi,
3287 2501 3384 2564 ﬁli,

1821 2591 2057 2644 scienter
2082 2605 2360 2658 pr0pono,
2412 2594 2866 2659 quemadmodum
2920 2609 3131 2647 summe
3184 2595 3387 2661 peritos

1822 2684 2070 2737 homines
2098 2685 2205 2737 vidi
2245 2684 2522 2737 facientes.
2563 2682 2747 2751 Neque
2773 2685 2826 2738 in
2876 2685 2978 2740 hoc
3015 2687 3186 2739 solum
3218 2701 3388 2740 sacri—

1822 2777 1926 2828 licii
1953 2791 2164 2844 genere,
2198 2792 2380 2829 verum
2403 2778 2564 2829 etiam
2594 2778 2644 2828 in
2674 2777 2794 2830 aliis
2841 2777 3060 2845 perinde
3082 2778 3158 2830 lit.
3191 2776 3389 2830 Deinde

1820 2867 2131 2920 communio
2167 2869 2553 2935 proclamatur,
2592 2871 2936 2922 ettlonorum
2986 2871 3050 2922 ad
3094 2870 3387 2937 prothesim

1822 2960 2104 3013 translatio
2133 3001 2146 3023 ,
2197 2968 2252 3012 et
2303 2961 2690 3012 venerabilium
2725 2962 3017 3028 januarum
3081 2962 3379 3014 clausura:

1821 3057 2042 3115 excepta
2097 3052 2251 3116 panis
2290 3049 2624 3112 elevatioue,
2659 3049 2749 3116 qui
2799 3049 2969 3116 palam
3016 3051 3272 3102 eIeVatur.
3318 3047 3382 3101 Et

138 3134 239 3189 οὖν
275 3141 395 3206 ἄρα
425 3139 521 3189 καὶ
549 3138 674 3200 τοὺς
706 3138 782 3197 εἰς
829 3139 993 3206 ἄκρον
1019 3139 1414 3207 ἐπισταμένους
1454 3137 1672 3208 ἑώρακα
1705 3152 1719 3166 '

1827 3142 2060 3210 perfecta
2109 3141 2309 3192 ohlatio
2367 3141 2520 3192 initio
2569 3141 2666 3205 ﬁt;
2699 3149 2751 3194 et
2799 3140 3134 3194 Benedictum
3175 3157 3388 3210 regnum

139 3231 202 3280 ου
239 3229 356 3298 μὴν
396 3228 649 3289 ἐνταῦθα,
685 3227 818 3280 ἀλλὰ
847 3227 938 3278 καὶ
988 3228 1044 3278 ὲν
1084 3231 1202 3290 ταῖς
1247 3230 1459 3298 ἑτέραις
1514 3229 1726 3298 ἱερουρ-

140 3321 322 3386 γίαις,
367 3320 540 3383 οὕτως
572 3322 799 3387 γίνεται.
838 3316 966 3371 Εἶτα
1003 3321 1034 3389 ἡ
1076 3320 1382 3388 ὲκφώνησις
1420 3319 1517 3387 τῆς
1567 3336 1728 3387 μετα-

141 3408 418 3479 λήψεως·
457 3413 612 3478 καὶὴ
665 3409 1090 3472 ἀποκαθίστασις
1142 3410 1249 3461 τῶν
1307 3410 1493 3478 δώρων
1558 3411 1614 3460 ὲν
1666 3411 1732 3478 τῇ

1835 3240 1979 3280 tuum
2028 3239 2278 3282 cantatur
2322 3231 2427 3282 Deo
2455 3239 2640 3283 nostro
2668 3246 2682 3295 ;
2731 3230 2817 3284 cui
2852 3230 3021 3283 honor
3048 3246 3142 3298 per
3173 3231 3390 3285 secula.

1831 3321 1997 3371 Amen
2032 3319 2076 3388 (l
2096 3321 2161 3389 l).

1809 3409 2082 3478 προθέσει,
2116 3411 2208 3462 καὶ
2245 3411 2301 3462 αἱ
2352 3409 2586 3466 κλείσεις
2625 3410 2734 3461 τῶν
2769 3407 2924 3462 οείων
2986 3410 3170 3462 πυλῶν
3201 3426 3212 3441 ·
3238 3412 3393 3474 ἐκτὸς

149 3503 253 3570 μέν
289 3521 380 3554 τοι
405 3503 500 3570 τῆς
535 3500 793 3569 ὑψώσεως
819 3499 912 3552 τοῦ
958 3499 1147 3568 ἄρτου,
1171 3501 1250 3551 ὅτι
1275 3499 1812 3566 ἀνακεκαλυμμὲνως
1884 3499 2134 3568 ὑψοῦται,
2203 3500 2298 3552 καὶ
2367 3502 2401 3569 ἡ
2449 3501 2631 3552 τελεία
2685 3499 3022 3571 προσκομιδὴ
3053 3503 3110 3553 ἐν
3142 3505 3208 3571 τῇ
3238 3505 3392 3573 ἀρχῇ

146 3599 376 3663 γίνεται
401 3615 416 3630 ο
447 3599 541 3649 καὶ
567 3597 628 3648 τὸ
649 3595 1037 3665 Εὐλογημένη
1061 3597 1096 3662 ή
1116 3596 1422 3659 βασιλεία,
1479 3595 1912 3664 ἀνακηρύττεται
1972 3596 2048 3666 τῷ
2120 3598 2238 3666 Θεῷ
2279 3598 2434 3668 ἡμῶν

160 3693 370 3764 ’Δμήν.

2544 3590 2588 3664 ᾧ
2640 3599 2673 3665 ἡ
2719 3597 2847 3660 δόξα
2894 3599 2974 3661 εἰς
3004 3599 3129 3664 τοὺς
3167 3601 3390 3666 αἰῶνας.

1663 3891 1890 3949 NOTAE.

228 4052 348 4120 (10)
376 4049 517 4105 Cod.
559 4046 744 4120 costa.
768 4043 1034 4120 Quoniam
1078 4059 1204 4120 vero
1233 4045 1413 4120 codex_
1435 4042 1616 4097 Ottob.
1647 4059 1731 4096 re-

155 4115 526 4174 cente'nianu
558 4118 804 4185 imperite
835 4116 1072 4183 scriptus
1107 4115 1227 4176 fuit,
1261 4116 1452 4168 menda
1505 4131 1725 4182 quoque

155 4193 262 4242 alia
299 4194 457 4257 plura
495 4189 681 4240 tollere
727 4188 910 4249 dehui,
969 4201 1036 4238 ne
1096 4185 1338 4254 syntaxis
1392 4185 1472 4238 vel
1533 4201 1727 4238 sensus

156 4261 557 4313 claudiearent.

232 4332 349 4394 (11)
383 4329 650 4394 Quoniam
688 4326 739 4377 in
789 4325 987 4379 Grmcre
1039 4323 1216 4377 missze
1255 4334 1574 4389 argumento
1607 4339 1727 4375 ver-

159 4402 262 4449 sati
299 4414 512 4458 smnus,
548 4400 718 4464 placet
747 4397 830 4446 hic
865 4395 1094 4447 breviter
1144 4411 1365 4445 narrare
1405 4395 1469 4464 de
1501 4395 1725 4460 picturis

161 4471 374 4536 aliquot
408 4463 580 4519 adhuc
607 4465 839 4526 ineditis,
867 4465 956 4516 Sed
985 4480 1013 4514 a
1044 4463 1543 4536 mepostea‘olilata
1567 4478 1722 4536 oeca-

162 4533 318 4591 sione
348 4537 648 4603 vulgandis,
685 4544 1089 4586 sacrosanctum
1133 4535 1271 4584 hunc
1314 4533 1476 4583 ritum
1528 4533 1727 4599 (missa:

163 4617 350 4660 tamen
381 4606 706 4660 communis.
733 4618 838 4654 non
878 4603 1492 4670 praesanctilieatorum).
1527 4618 1725 4667 reprze-

165 4679 518 4730 sentantihus
551 4693 564 4737 ;
596 4674 794 4741 quibus
827 4689 924 4738 ego
962 4673 1092 4722 nihil
1125 4671 1233 4724 fere
1259 4671 1361 4722 vidi
1401 4673 1723 4741 elegantius,

163 4756 258 4797 aut
295 4745 574 4798 floridiore
604 4740 844 4795 colorum
868 4744 1035 4808 gratia
1064 4743 1378 4808 jucundius,
1411 4741 1548 4792 inter
1575 4740 1726 4792 Cra:-

166 4833 244 4866 r;e
307 4816 538 4881 liturgire
588 4826 954 4864 monumenta.
1009 4811 1177 4876 Igitur
1235 4813 1440 4877 pictura
1496 4810 1536 4862 l.
1592 4809 1722 4862 Pars

165 4885 340 4937 (irreei
404 4884 583 4949 templi
619 4883 787 4933 sacris
846 4881 1087 4932 iconihus
1127 4883 1392 4942 exornati,
1423 4890 1547 4931 ante
1589 4895 1724 4946 quas

167 4954 452 5022 lampades
503 4951 755 5019 pendent.
798 4949 852 5022 In
897 4951 1070 5022 medio
1107 4950 1353 5022 thronus,
1393 4951 1441 4999 in
1483 4964 1590 5022 quo
1643 4964 1725 5022 re-

166 5019 307 5075 sidet
337 5031 564 5076 sanctus
615 5020 904 5087 Gregorius
933 5019 1210 5085 theologus
1242 5021 1616 5085 episeopaliter
1645 5019 1725 5069 in-

167 5093 358 5155 dotus,
401 5091 449 5143 id
476 5104 550 5142 est
573 5090 820 5156 phelonio
837 5089 1086 5140 crucibus
1117 5089 1472 5142 interstincto,
1500 5097 1552 5138 et
1574 5103 1724 5137 mno-

168 5156 366 5224 phorio
417 5177 509 5212 seu
554 5161 734 5226 pallio,
779 5159 972 5210 lihruin
1027 5169 1236 5216 tenens,
1279 5166 1353 5208 et.
1402 5157 1724 5226 benedicens

169 5235 364 5284 uilius.
396 5225 582 5283 Graeco
617 5243 780 5289 more,
807 5229 958 5280 elatis
991 5227 1192 5294 digitis,
1216 5227 1262 5277 id
1291 5235 1372 5277 est
1396 5225 1586 5292 ψηφῖδι
1619 5225 1724 5275 τῶν

167 5300 474 5360 δακτύλων,
501 5309 563 5350 ut“
591 5299 827 5364 loquitur
860 5305 1076 5348 sam-tus
1120 5297 1452 5361 Suphronius
1477 5312 1526 5362 p.
1549 5295 1635 5355 47,
1668 5297 1720 5346 in

165 5374 388 5436 egregio
425 5384 523 5418 suo
550 5367 950 5436 Commentario
975 5367 1218 5433 litnrgico
1255 5380 1292 5436 ai
1319 5364 1643 5436 nobis~edito
1672 5365 1721 5414 ιιι

170 5433 364 5504 Spicil.
403 5438 553 5490 Rom.
587 5448 732 5488 tonio
759 5434 842 5488 IV.
879 5435 1043 5486 Datus
1066 5445 1242 5486 autem
1285 5435 1433 5504 lotus
1468 5433 1724 5504 Gregorio

170 5503 219 5558 in
256 5512 357 5562 hac
394 5511 563 5575 prima
625 5507 826 5571 pictura
872 5505 990 5564 fuit,
1039 5504 1163 5568 quia
1204 5504 1251 5554 is
1282 5503 1520 5575 unii_is__e
1554 5503 1724 5575 sacris

171 5570 405 5644 litui-giis
438 5570 746 5631 auctorest,
777 5590 935 5639 quam
968 5575 1225 5624 habemus
1263 5573 1401 5637 apud
1440 5570 1723 5622 Renaudo-

169 5645 370 5702 tium't.
406 5651 446 5699 Ι.
476 5645 562 5715 (Ει
590 5644 952 5715 quidemui‘bi
987 5646 1036 5715 in
1085 5644 1301 5715 Disscrt.
1342 5658 1390 5706 p.
1415 5655 1565 5715 :VtZHf
1605 5657 1725 5715 pro-

171 5716 336 5769 l'ertur
373 5709 492 5786 ejus
516 5709 701 5766 titulos
729 5733 740 5763 ;
788 5711 848 5762 Ἠ
874 5712 988 5761 θεία
1015 5710 1318 5776 λειτουργία
1347 5709 1438 5786 τξῦ
1459 5712 1513 5760 ἐν
1546 5710 1718 5775 ἁγίοις

171 5786 375 5855 τιατρδς
401 5777 418 5786 ’
446 5785 602 5852 ημῶν
665 5781 957 5850 Γρηγορίου
997 5781 1295 5844 Heri/.6706.)
1357 5777 1718 5831 Circumstant

1831 4047 2079 4099 monachi
2112 4047 2297 4114 grandi
2331 4047 2605 4102 schemate
2640 4047 2808 4101 induti
2828 4050 2949 4102 etim
2968 4049 3199 4103 cucullis
3221 4064 3387 4103 cruce

1829 4119 2092 4182 signatis:
2124 4129 2176 4170 et
2214 4118 2429 4184 quidem
2468 4120 2740 4178 monachi,
2798 4120 2993 4172 decore
3021 4129 3070 4171 et
3125 4121 3386 4187 gravitate

1827 4189 2124 4253 conspicui,
2151 4193 2200 4239 iu
2233 4188 2315 4239 his
2347 4187 2589 4253 picturis.
2623 4189 2860 4254 ipsorum
2890 4189 3040 4256 jussu
3070 4199 3164 4242 aut
3197 4204 3383 4256 opera,

1827 4264 1885 4306 ut
1918 4268 2064 4323 puto,
2100 4259 2411 4317 elaboratis,
2457 4274 2729 4321 nunquam
2766 4263 2973 4310 desunt.
3015 4258 3078 4309 ll.
3117 4259 3385 4312 Diaronus

1826 4341 1946 4377 cum
1979 4336 2196 4379 t0iisura
2233 4327 2492 4388 clericali,
2549 4329 2808 4380 Slicllat'iﬂ
2859 4328 3098 4386 indutus,
3141 4330 3381 4380 orarium

1830 4399 2140 4464 senistolam
2176 4397 2346 4448 tribus
2383 4397 2563 4464 digitis
2595 4406 2782 4448 tenens
2811 4397 2896 4463 (de
2927 4413 3028 4464 qua
3064 4415 3120 4450 re
3150 4400 3382 4450 Goarius

1829 4465 1880 4515 in
1920 4463 2199 4533 Eucliolog.
2259 4481 2309 4531 p.
2339 4463 2602 4522 55iiante
2651 4467 2877 4519 bernatis
2915 4463 3158 4531 januam,
3213 4468 3382 4534 βημόο

1828 4534 2004 4601 Ουρον,
2031 4551 2229 4587 canens
2263 4552 2274 4584 :
2309 4534 2396 4585 Ἐν
2427 4536 2617 4604 εἰρήνῃ
2647 4535 2762 4601 Θεῷ
2782 4535 3078 4604 δεηθῶμεν.
3103 4538 3383 4589 (lanci-llos

1827 4604 2054 4655 lieniatis
2095 4612 2288 4655 ornant
2321 4603 2651 4668 pervenustse
2710 4606 2966 4671 imagines
3001 4603 3148 4667 ,ιι-ευ,
3182 4606 3378 4660 Maria'.

1826 4684 1878 4723 et
1904 4673 2257 4726 Prascursoris
2287 4672 2374 4743 (de
2403 4675 2558 4738 cujus
2589 4676 2819 4741 imagine
2865 4676 2915 4726 in
2962 4678 3136 4726 missae
3170 4675 3382 4743 ἐνάρξει

1828 4743 2066 4809 praeferri
2093 4745 2250 4795 solita
2279 4742 2617 4809 Sophronius
2651 4760 2701 4809 p.
2734 4744 2799 4796 39
2826 4748 2861 4804 ).
2895 4747 3019 4796 item
3057 4742 3381 4797 Chi-istisc-

1759 4442 1798 4493 D

1829 4814 2136 4879 pultura,et
2159 4829 2291 4864 crux
2323 4812 2567 4878 insignis.
2629 4812 2766 4864 Infra
2815 4812 3037 4864 Michael
3093 4815 3381 4880 archange-

1829 4884 1911 4932 lus
1954 4883 2210 4932 loricatus
2269 4894 2322 4932 et
2374 4883 2763 4950 chlamydatus,
2804 4899 3008 4933 net-non
3067 4882 3381 4936 monasterii

1827 4952 1992 5001 abbas
2042 4954 2223 5001 senior
2286 4951 2336 5000 in
2387 4953 2512 5003 Sella
2563 4969 2684 5003 rum
2724 4968 2883 5004 cruce
2931 4953 2996 5003 de
3045 4954 3182 5004 collo
3247 4968 3378 5019 pen-

1825 5022 2002 5071 dente.
2047 5019 2133 5074 lll.
2171 5020 2379 5072 Rursus
2415 5021 2618 5073 nobiles
2647 5022 2863 5087 picturae
2895 5023 2944 5073 in
2984 5023 3208 5074 heinatis
3248 5037 3384 5086 καγ-

1826 5089 2050 5149 κέλλοις.
2082 5089 2219 5142 Infra
2255 5090 2506 5142 sacerdos
2524 5107 2643 5142 eum
2676 5091 2925 5158 phelonio
2960 5091 3123 5142 rubro
3160 5092 3245 5155 (de
3275 5105 3383 5157 quo

1828 5159 2097 5224 Sophron.
2141 5177 2187 5226 p.
2223 5159 2325 5220 Z'ib')
2365 5161 2427 5211 ad
2479 5161 2696 5212 missam
2753 5162 3044 5227 procedens
3092 5177 3213 5211 cum
3248 5160 3383 5211 libro

1831 5227 2123 5294 Evangelii,
2162 5230 2542 5281 comitantibus
2573 5231 2800 5281 diacono
2823 5241 2875 5280 et
2901 5231 3233 5282 subdiacouo
3258 5244 3381 5280 eum

1825 5300 2034 5359 cereis;
2071 5313 2293 5363 prorsus
2325 5308 2381 5348 ut
2406 5310 2479 5349 ait
2510 5298 2842 5364 Sophronias
2880 5315 2928 5366 p.
2954 5299 3022 5350 42
3053 5316 3064 5350 :
3115 5300 3170 5348 ὐ
3207 5299 3383 5364 ἱερεὺς

1826 5367 2100 5433 ἐξέρχεται
2155 5369 2432 5434 βαστάζων
2476 5369 2534 5418 τὸ
2570 5368 2903 5433 εὐαγγέλιον,
2939 5368 3009 5428 ὡς
3053 5370 3079 5419 6
3152 5368 3384 5434 Χριστὸς

1825 5437 1915 5484 τὸν
1940 5438 2185 5504 σταυρόν,
2220 5439 2296 5487 Ἰἀ
2329 5437 2493 5505 κηρία
2534 5438 2852 5503 ὁψικευοντα
2886 5441 2941 5488 ἐν
2971 5441 3033 5505 τῇ
3061 5439 3248 5504 εἰσόδῳ
3275 5437 3383 5490 δει-

1826 5505 2046 5556 κνύουσι
2077 5509 2133 5556 τὸ
2156 5509 2294 5556 υείον
2327 5508 2457 5571 φῶς.
2478 5508 2540 5559 Et
2571 5509 2782 5573 quidem
2815 5520 2924 5558 tum
2963 5509 3012 5557 in
3052 5508 3150 5558 hac
3188 5521 3294 5558 tum
3330 5523 3384 5558 ιιι

1825 5586 1972 5625 sexta
1994 5577 2197 5641 pictura
2219 5586 2457 5642 gestator
2475 5580 2725 5630 sacerdos
2740 5583 2805 5626 ah
2822 5577 3044 5644 angelis,
3064 5580 3189 5627 dum
3213 5578 3387 5626 berna-

1827 5645 1890 5714 tis
1926 5646 2146 5711 januam
2176 5646 2469 5711 ingreditur
2511 5647 2594 5698 vel
2656 5648 2777 5698 inde
2814 5648 3102 5714 egreditur.
3144 5646 3385 5710 [Namque

1829 5713 1964 5784 idem
1987 5715 2322 5781 Sophronius
2353 5717 2426 5768 ait
2462 5717 2625 5782 p.43:
2659 5716 2716 5767 Ὀ
2739 5717 2912 5783 ἱερεὺς
2938 5718 2994 5767 ἐν
3019 5714 3388 5784 τιῑῃσυνοράνιμ

1828 5783 2222 5850 βασταζόμενος
2251 5786 2354 5838 ὑπὸ
2387 5781 2645 5839 διακόνων
2682 5786 2755 5847 ὼς
2791 5781 3159 5852 άγγέλων.Ἐι
3181 5801 3233 5854 p.
3272 5783 3340 5836 5:!
3371 5802 3383 5836 ε
