3976 6322
224 344 244 406 1
257 346 365 406 693

1394 365 1846 430 CATECHESIS
1871 369 2267 435 CHRONICA.

3299 380 3431 444 1604

220 473 3398 539 Ἥ

1298 638 1441 694 ΤΟΥ.
1459 645 1561 696 ΕΝ
1578 644 1840 702 ΔΓΙΟΙΣ
1865 650 1962 702 HA
1975 650 2147 703 ΤΡΟΣ
2172 651 2384 705 ΗΜΩΝ

803 810 1596 926 ΘΕΟΔΩΡΟΥ
1675 814 1970 931 ΤΟΥ
2025 802 2848 937 ΣΤΟΥΔΙΤΟΥ

434 1036 1088 1127 ΔΙΔΑΣΚΑΛΙΑ
1149 1035 1644 1125 ΧΡΟΝΙΚΗ
1681 1038 1895 1123 ΤΗΣ
1930 1042 2312 1127 ΜΟΝἩΣ
2360 1046 2584 1131 ΤΟΥ
2637 1045 3214 1134 ΣΤΟΥΔΙΟΥ.

466 1225 682 1294 (flandi.
705 1226 812 1297 γὰρ
844 1226 1176 1298 κατηχήσεις
1208 1223 1314 1277 eici.
1341 1221 1434 1276 τοῦ
1462 1221 1758 1289 Στουδίτου,
1793 1223 1904 1277 ἀλλ’
1939 1224 2075 1297 αὕτη
2106 1226 2320 1297 λέγεται
2352 1229 2701 1302 Κατήχησις
2727 1233 2976 1302 χρονική
3001 1233 3162 1306 [12].)

739 1473 859 1584 S.
944 1477 1070 1585 P.
1161 1474 1306 1583 N.
1401 1472 2130 1587 THEODORI
2235 1474 2899 1590 STUDITIE

517 1669 1112 1762 DOCTRINA
1182 1672 1788 1764 CHRONICA
1861 1673 2595 1766 MONASTERII
2671 1678 3116 1767 STUDlI.

599 1864 680 1923 (Et
703 1865 886 1920 multa:
913 1866 1129 1936 quidem
1163 1875 1291 1921 sunt
1321 1865 1548 1921 Studitaa
1579 1864 1909 1932 catecheses,
1935 1867 2029 1922 sed
2063 1867 2175 1922 haec
2203 1866 2400 1922 dicitur
2427 1865 2718 1922 Catechesis
2749 1866 3041 1937 chronica.)

284 2153 320 2187 α
342 2175 355 2186 .
398 2133 640 2211 Ἀδεληφοὶ
669 2134 764 2188 καὶ
806 2135 1046 2208 Πατέρες
1065 2177 1080 2197 ,

217 2227 352 2295 ὑμῖν
377 2229 485 2289 τοῖς
515 2227 754 2280 ἐθέλουσι
787 2228 974 2296 βιῶναι
999 2229 1172 2300 ὀρθῶς
1200 2233 1292 2282 καὶ
1320 2232 1602 2299 θεοφιλῶς,
1638 2234 1766 2303 ἀρι-

213 2318 484 2387 δηλότατα
528 2321 820 2387 ὑποδεῖξαι,
857 2322 932 2383 ὡς
960 2324 1197 2390 ἐφικτὸν,
1229 2325 1287 2376 τὸ
1318 2325 1431 2388 πῶς
1459 2326 1538 2378 δεῖ
1582 2332 1767 2396 τηρεῖν

209 2411 318 2476 τὴν
348 2411 736 2481 κυκλοτερικὴν
764 2413 856 2465 τοῦ
894 2414 1082 2483 χρόνου
1110 2416 1352 2484 περίοδον
1371 2433 1384 2446 '
1403 2418 1525 2469 ὅσον
1556 2418 1610 2469 δὲ
1634 2419 1766 2488 πρὸς

209 2501 493 2553 εὐσέϐειαν
521 2501 629 2553 τῶν
650 2503 981 2565 πιστῶν,καὶ
1009 2506 1129 2557 ὅσον
1164 2507 1298 2575 πρὸς
1327 2505 1637 2578 ἀνατροπὴν
1660 2510 1768 2564 τῶν

206 2591 520 2659 αἱρετικῶν.
542 2592 720 2644 Καλὸν
742 2593 799 2644 τὸ
841 2594 992 2656 ἅλας,
1012 2595 1172 2647 καλὸν
1207 2597 1267 2647 τὸ
1294 2596 1440 2664 φῶς·
1476 2598 1524 2650 εἰ
1582 2599 1638 2650 δέ
1686 2616 1766 2662 τις

205 2679 367 2741 ἐκτὸς
402 2680 604 2731 τούτων
640 2682 838 2749 τυφλὸς
879 2681 987 2745 ὢν,
1022 2684 1114 2736 καὶ
1141 2686 1239 2737 οὐκ
1274 2681 1378 2737 οἶδε
1408 2686 1507 2738 ποῦ
1538 2689 1764 2756 ὑπάγει,

206 2771 394 2833 καθὼς
411 2775 437 2824 ὁ
455 2773 719 2843 ἡμέτερος
744 2774 942 2842 Κύριος
963 2772 1130 2829 εἶπεν.
1163 2777 1492 2847 Ὀρθοδοξίας
1511 2780 1608 2847 μὲν
1622 2778 1767 2833 οἶκον

204 2864 561 2934 οἰκοδομῆσαι
613 2866 937 2934 ἐπιχειρῶν,
967 2867 1210 2936 θεμέλιον
1243 2869 1486 2922 ἄσειστον
1525 2870 1766 2939 ὲμπῆξαι

202 2954 339 3017 δέει,
375 2957 437 3006 ὲκ
491 2954 597 3006 τῶν
623 2952 781 3006 θείων
839 2956 1168 3021 ἀποστόλων,
1205 2958 1300 3008 καὶ
1337 2955 1446 3010 τῶν
1491 2959 1765 3029 θεοφόρων

203 3045 468 3114 Πατέρων
534 3047 644 3106 τοῖς
702 3045 1049 3113 παραδοθεῐσι
1106 3049 1335 3100 κανόσιο
1398 3050 1490 3102 καὶ
1549 3053 1652 3120 ττρὸ
1702 3069 1764 3119 γε

203 3135 426 3187 πάντων
461 3135 689 3203 εἴδωμεν
727 3135 825 3200 ἂν,
853 3137 905 3187 τί
949 3138 1005 3189 τὸ
1037 3138 1176 3206 ἱερὸν
1213 3138 1390 3205 λόγιον
1422 3141 1640 3211 ἔφησεν.
1665 3143 1765 3195 Λέ-

200 3242 294 3293 γει
328 3226 425 3294 μὲν
462 3227 628 3278 πάλαι
656 3229 684 3278 ὁ
724 3227 922 3297 Κύριος
974 3230 1108 3297 πρὸς
1154 3231 1247 3282 τὸν
1279 3234 1596 3301 ἱεροφάντην
1636 3235 1765 3287 Μω-

203 3316 308 3366 ηέα
335 3331 349 3343 ’
387 3332 406 3364 ι
446 3315 605 3384 Τρεῖς
636 3318 860 3384 καιροὺς
899 3316 992 3368 τοῦ
1029 3318 1274 3374 ἐνιαυτοῦ
1326 3322 1596 3388 φυλάξατε
1651 3340 1758 3390 μοι,

202 3405 476 3473 νηστείαν.
499 3407 678 3474 ἁγίαν,
712 3409 818 3459 ἀπὸ
858 3408 1052 3477 μικροῦ
1104 3409 1207 3472 ἕως
1253 3411 1488 3483 μεγάλου
1546 3411 1696 3480 ὑμῶν
1739 3429 1753 3442 ·

1129 2137 1226 2192 νῦν
1282 2139 1538 2208 ἐπιχειρῶ
1598 2142 1760 2194 πᾶσιν

1934 2141 1984 2196 Ι.
2027 2139 2243 2196 Fratres
2273 2142 2377 2196 mei
2411 2158 2474 2197 ac
2520 2141 2723 2197 Patres.
2774 2143 2928 2198 Nunc
2953 2147 3233 2216 aggredior
3268 2147 3422 2202 vobis

1869 2233 2122 2286 omnibus
2174 2244 2314 2286 recte
2350 2243 2403 2287 et
2446 2234 2693 2300 religiose
2725 2236 2904 2290 vivere
2927 2238 3255 2302 volentibus,
3289 2255 3419 2308 per-

1869 2323 2052 2391 spicue
2109 2331 2274 2390 prout
2324 2323 2438 2377 ﬁeri
2475 2327 2674 2392 poterit
2721 2326 3114 2390 demonstrare,
3146 2331 3422 2397 quomodo

1867 2413 2199 2464 observanda
2237 2410 2306 2465 sit
2335 2413 2614 2466 circnlaris
2640 2415 2764 2466 anni
2808 2416 3079 2483 periodus,
3119 2428 3231 2471 tum
3276 2419 3420 2487 quo‘d

1867 2503 2059 2556 attinet
2109 2503 2174 2556 ad
2223 2503 2457 2555 lidelinm
2509 2503 2783 2571 pietatem,
2829 2515 2940 2559 tum
2996 2510 3154 2561 etiam
3182 2511 3324 2577 quod
3354 2511 3424 2578 ad,

1871 2594 2246 2648 haereticorum
2292 2594 2671 2649 refutationem
2704 2597 2956 2650 refertur.
2989 2597 3195 2652 Bonum
3244 2601 3344 2662 sal,
3367 2612 3424 2652 et

1869 2685 2006 2739 bona
2055 2690 2145 2739 lux
2178 2705 2190 2740 :
2228 2703 2255 2738 ιι
2288 2687 2486 2755 quibus
2518 2687 2560 2739 si
2584 2687 2707 2756 quis
2743 2689 2915 2752 abest,
2943 2691 3156 2744 czecutit
3181 2707 3279 2744 nec
3311 2707 3422 2759 quo

1867 2776 2008 2830 vadit
2054 2776 2174 2840 scit,
2207 2776 2346 2829 sicut
2390 2776 2650 2830 Dominus
2687 2789 2868 2832 uoster
2897 2768 3051 2833 dixit.
3091 2780 3193 2846 Qui
3237 2783 3422 2836 ortho-

1866 2867 2037 2919 doxia:
2080 2867 2300 2918 domum
2334 2867 2600 2920 aediﬁcare
2642 2868 2990 2936 aggreditur;
3009 2868 3418 2924 fundamentum

1865 2954 2138 3010 immobile
2181 2969 2380 3022 ponere
2418 2955 2595 3018 debet,
2628 2971 2693 3008 ex
2730 2957 2946 3010 traditis
2975 2974 3003 3010 a
3033 2959 3171 3013 divis
3199 2966 3420 3027 aposto-

1865 3047 1929 3100 lis
1980 3057 2034 3100 et
2083 3048 2357 3115 iuspiratis
2391 3044 2639 3099 Pati-ibus
2675 3049 2896 3112 regulis.
2929 3053 3105 3117 Atque
3152 3051 3201 3101 in
3233 3051 3420 3118 primis

1864 3138 2164 3201 videamus,
2216 3137 2342 3198 quid
2402 3152 2553 3189 saera
2611 3138 2833 3191 oracula
2887 3139 3092 3193 dicant.
3140 3139 3231 3192 Ait
3288 3140 3418 3192 olim

1863 3228 2124 3281 Dominus
2153 3226 2495 3294 liierophanti
2523 3224 2726 3297 Moysi:
2772 3248 2789 3279 ι
2824 3227 3020 3282 Tribus
3050 3230 3174 3286 anni
3215 3239 3420 3297 tempo-

1862 3320 2014 3372 ribus
2047 3326 2293 3372 sanctum
2321 3317 2584 3385 jejunium
2619 3318 2750 3370 milii
2785 3320 3162 3381 observabitis,
3194 3335 3222 3371 ιι
3256 3333 3420 3387 parvo

1862 3409 2002 3462 inter
2037 3424 2130 3460 vos
2177 3409 2241 3459 ad
2284 3421 2560 3477 magnum.
2598 3406 2818 3462 Festum
2869 3424 3184 3479 azymorum
3243 3410 3421 3477 primo

200 3501 304 3566 τὴν
356 3498 546 3567 ἑορτὴν
611 3497 718 3551 τῶν
776 3498 997 3567 ἀζύμων
1025 3485 1102 3568 τῷ
1131 3499 1330 3569 πρώτῳ
1361 3482 1512 3570 μηνὶ,
1546 3503 1754 3572 ἡμέρας

1861 3514 2044 3553 mense
2076 3517 2088 3551 :
2119 3499 2309 3552 dielins
2344 3508 2547 3566 septem
2571 3500 2932 3556 humiliabitis
2955 3503 3166 3555 animas
3187 3510 3418 3562 Vestras,

203 3586 348 3640 ἑπτὰ
402 3588 771 3640 ταπεινώσατε
812 3590 910 3652 τὰς
960 3589 1135 3658 ψυχὰς
1201 3591 1389 3659 ὑμῶν,
1449 3593 1542 3646 καὶ
1595 3595 1758 3662 ἄρτον

202 3677 502 3742 κακώσεως
529 3678 711 3731 ἕδεσθε
733 3696 748 3710 ·
789 3676 906 3732 εἶτα
935 3680 1329 3750 ἀριθμήσονται
1372 3683 1499 3752 ὑμῖν
1530 3684 1763 3753 ἑϐδομὰ-

200 3769 295 3831 δες
322 3769 480 3829 ἑπτὰ,
512 3769 800 3839 ὁλόκληραι
830 3771 1032 3838 ἡμέραι
1064 3775 1397 3842 πεντήκοντα
1423 3814 1437 3837 ,
1471 3775 1564 3826 καὶ
1599 3775 1758 3826 καλέ-

203 3877 335 3912 σατε
365 3859 531 3929 αὐτὴν
593 3857 808 3929 κλητὴν
827 3861 988 3926 ἁγίαν
1035 3863 1244 3930 ἡμέραν
1269 3863 1520 3932 νηστείαν
1545 3864 1754 3932 δεκτήν.

201 3953 317 4005 Καὶ
344 3953 409 4021 τῇ
462 3952 663 4024 δεκάτῃ
707 3960 746 4004 ε’
790 3953 1080 4022 μεσοῦντος
1142 3954 1236 4006 τοῦ
1301 3958 1568 4019 ἐνιαυτοῦ,
1600 3957 1758 4025 ἑορτὴ

202 4044 335 4111 ἁγία
383 4044 722 4111 σκηνοπηγία
750 4044 901 4096 ἔσται
934 4045 1061 4113 ὑμῖν
1085 4052 1090 4057 ’
1115 4045 1208 4096 καὶ
1245 4046 1603 4097 ταπεινώσετε
1659 4045 1757 4107 τὰς

200 4133 383 4204 ψυχὰς
437 4133 667 4185 ἐνώπιον
715 4133 806 4186 τοῦ
863 4133 996 4185 Θεοῦ
1054 4135 1208 4204 ὑμῶν
1238 4151 1252 4165 ·
1283 4137 1374 4187 καὶ
1415 4138 1560 4187 πᾶσα
1609 4137 1754 4205 ψυχὴ

200 4225 325 4296 ἥτις
345 4223 412 4276 ὀὐ
443 4223 943 4300 ταπεινωθήσεταιδ
971 4224 1476 4295 ὲξολοθρευθήσεται
1511 4227 1572 4288 ὲξ
1606 4227 1757 4294 ὑμῶν

202 4315 403 4368 αὐτῶν.
447 4333 465 4365 ι
514 4314 810 4376 Ἐντεῦθεν,
839 4315 913 4377 ὡς
949 4316 1144 4380 ἔοικεν,
1177 4317 1268 4370 καὶ
1298 4318 1426 4386 παρ’
1457 4319 1589 4386 ἡμῖν
1608 4318 1757 4384 τρεῖς

205 4407 448 4474 νηστείαι
507 4405 882 4471 φυλάττονται,
913 4405 978 4469 ἃς
1038 4407 1373 4474 προετύπουν
1403 4408 1585 4474 ἑορταὶ
1619 4409 1759 4458 ἐκεῖ·

203 4514 316 4550 ναι.
346 4496 414 4549 Τί
432 4496 476 4547 δ’
508 4498 571 4548 ἂν
597 4494 843 4563 βούλεται
866 4499 922 4547 ἐν
945 4499 1092 4565 ἡμῖν,
1123 4497 1359 4564 ἀδελφοὶ,
1382 4498 1440 4548 τὸ
1461 4498 1617 4564 Τρεῖς
1640 4513 1759 4547 και·

209 4590 340 4658 pob;
370 4588 459 4640 τοῦ
483 4587 730 4639 ἐνιαυτοῦ
754 4587 1023 4655 φυλάξατε
1044 4605 1144 4661 ,μοι
1182 4592 1434 4658 νηστείαν
1468 4588 1626 4654 ἁγίαν
1651 4587 1757 4639 ἀπὸ

1858 3600 1911 3644 et
1964 3607 2156 3659 panem
2209 3591 2516 3643 alﬂictionis
2548 3593 2966 3645 manducabitis.
2995 3591 3195 3644 Deinde
3227 3605 3420 3644 nume-

1858 3681 2123 3733 rabuntur
2170 3680 2325 3731 vobis
2374 3681 2722 3735 hebdomadas
2756 3695 2983 3750 septem,
3032 3682 3256 3735 omnino
3301 3683 3419 3735 dies

1857 3769 2271 3837 quinquaginta;
2303 3778 2357 3822 et
2383 3770 2717 3838 appellabitis
2769 3772 2913 3824 hunc
2937 3770 3155 3839 proprio
3205 3770 3422 3822 nomine

1855 3860 1996 3912 diem
2055 3869 2325 3923 sanctum,
2384 3859 2645 3927 iejunium
2687 3862 3039 3930 acceptabile.
3095 3859 3161 3914 Et
3207 3860 3418 3912 decima

1856 3949 2042 4017 quinta
2098 3951 2300 4003 mensis
2353 3950 2588 4017 septimi,
2623 3951 2799 4004 medio
2843 3966 3007 4014 anno,
3043 3950 3237 4004 festum
3292 3964 3413 4004 san-

1856 4052 2000 4092 ctum
2060 4038 2396 4106 scenopegia:
2461 4040 2610 4092 vobis
2665 4040 2802 4101 erit,
2854 4049 2908 4092 et
2955 4042 3163 4094 animas
3209 4050 3420 4093 vestras

1857 4130 2215 4183 humiliabitis
2253 4145 2434 4182 coram
2485 4130 2592 4182 Deo
2631 4141 2830 4184 vestro.
2881 4133 2946 4184 Et
2985 4134 3164 4184 omnis
3213 4132 3417 4194 anima,

1856 4237 1977 4290 qua:
2024 4237 2083 4274 se
2129 4236 2235 4272 non
2283 4220 2672 4282 humiliaverit,
2704 4221 2969 4274 delebitur
3010 4221 3076 4272 de
3122 4222 3301 4274 medio
3331 4237 3421 4272 νιε-

1856 4325 2026 4368 strnm
2048 4314 2085 4365 ί.
2129 4331 2147 4363 ι
2193 4313 2349 4371 Hinc.
2378 4322 2437 4366 ut
2489 4314 2719 4376 videtur,
2750 4311 2888 4379 apud
2921 4327 3023 4365 nos
3053 4326 3271 4381 quoque
3315 4313 3419 4366 tria

1850 4405 2056 4473 jejuuia
2082 4407 2465 4468 observantur,
2492 4419 2612 4472 quae
2635 4419 2664 4456 a
2692 4403 3127 4457 solemnitatibus
3173 4405 3279 4457 illis
3327 4406 3422 4456 de-

1857 4495 2202 4548 notabantur.
2231 4495 2371 4559 Quid
2403 4510 2546 4546 enim
2575 4493 2882 4562 significant
2909 4493 3056 4561 apud
3085 4509 3205 4554 nos,
3239 4511 3273 4546 υ
3305 4492 3419 4545 fra-

1860 4596 1988 4650 tres,
2049 4588 2210 4640 verba
2265 4604 2277 4639 :
2339 4586 2510 4638 tribus
2576 4587 2703 4638 anni
2760 4587 3091 4653 temporibus
3137 4587 3419 4639 observate

209 4679 403 4749 μικροῦ
441 4680 544 4738 ἓως
597 4678 832 4746 μεγάλου
885 4678 1038 4746 ὑμῶν
1060 4695 1076 4743 ;
1102 4678 1268 4741 τύπος
1291 4679 1334 4730 δ’
1371 4679 1457 4742 ἂν,
1492 4681 1566 4739 ὼς
1602 4674 1757 4745 οἶμαι

1861 4686 2106 4730 sanctum
2125 4675 2404 4744 jejunium
2434 4692 2462 4728 a
2489 4676 2714 4743 parvulo
2738 4675 2805 4728 ad
2834 4676 3074 4729 adultum
3116 4676 3258 4729 inter
3291 4675 3419 4728 vos?

207 4773 510 4841 ἀκραιφνὴς
545 4771 630 4838 εἴη
653 4769 814 4821 τοῦτο
843 4769 943 4838 τῆς
963 4772 1098 4838 μιᾶς
1136 4773 1230 4824 καὶ
1265 4774 1427 4841 μόνης
1478 4770 1755 4838 θεότητος,

206 4864 303 4915 καὶ
332 4865 388 4916 ὲν
411 4863 559 4931 τρισὶ
592 4863 964 4932 χαρακτῆρσιν
989 4863 1269 4933 ὁρωμένης
1296 4881 1355 4914 τε
1387 4864 1480 4915 καὶ
1507 4863 1760 4930 λατρευο-

209 4955 376 5024 μένης
429 4956 557 5022 παρ’
581 4956 612 5023 ἠ
624 4954 737 5023 μῶν
767 4958 878 5008 τὼν
912 4959 1008 5024 τῆς
1042 4956 1294 5023 ἀληθείας
1350 4952 1756 5022 προσκυνητῶν.

204 5040 298 5092 Διὸ
317 5043 462 5110 τρετς
485 5043 612 5108 παρ’
629 5044 758 5110 ἡμῖν
782 5047 1020 5111 νηστείαι
1035 5044 1473 5112 νενομοθέτηνται
1496 5045 1572 5105 είς
1592 5043 1757 5095 τιῐπον

205 5134 306 5202 τῆς
345 5134 804 5203 ζωαρχικωτάτης
833 5137 1058 5204 Τριάδος
1091 5137 1153 5188 ὲκ
1183 5137 1289 5188 τῶν
1319 5137 1474 5189 θείων
1499 5135 1754 5203 μαθητῶν

204 5221 300 5276 τοῦ
334 5222 655 5295 μονογενοῦς
689 5223 816 5276 Υίοῦ
842 5224 936 5276 τοῦ
974 5224 1105 5277 Θεοῦ
1143 5224 1252 5296 (15)
1281 5241 1294 5256 ·
1331 5228 1422 5278 καὶ
1448 5221 1514 5278 αὖ
1550 5225 1753 5294 ἡμέραι

279 5378 302 5414 ⁸
337 5378 507 5436 Exod.
537 5395 708 5446 xxut;
740 5379 893 5435 Deut.
932 5395 1040 5433 xvn.

1859 4766 2056 4834 Figura
2116 4768 2231 4819 limo
2296 4777 2396 4827 est,
2448 4777 2506 4821 ut
2560 4767 2811 4830 arbitror,
2874 4777 3124 4818 accurata
3154 4767 3324 4819 unicae
3352 4780 3416 4818 ac

1861 4848 2283 4913 solius'deitatis
2310 4858 2362 4910 in
2393 4860 2566 4911 tribus
2599 4860 2842 4925 personis
2870 4867 3123 4925 spectatae
3147 4858 3415 4924 culta-que

1861 4967 1889 5004 a
1931 4949 2090 5004 nobis
2122 4949 2363 5003 veritatis
2399 4951 2797 5002 adoratoribus.
2843 4949 2966 5002 Ideo
3008 4950 3108 5000 tria
3145 4947 3281 5016 apud
3311 4962 3413 4998 nos

1858 5043 2065 5110 jejuuia
2107 5041 2315 5094 sancita
2349 5039 2567 5093 fuermit
2601 5057 2630 5093 ιι
2665 5040 2804 5092 divis
2834 5037 3115 5104 discipulis
3153 5037 3413 5106 unigeniti

1863 5133 1981 5186 Filii
2017 5132 2101 5186 Dei
2156 5132 2225 5184 ob
2254 5114 2584 5198 ligurandam
2641 5130 2903 5182 vivificam
2960 5129 3296 5184 Trinitatem.
3347 5127 3414 5180 Et

1858 5226 2075 5295 quidem
2093 5225 2213 5278 dure
2233 5231 2432 5278 sancta:
2455 5232 2611 5277 erunt
2635 5222 2790 5276 vobis
2807 5221 2862 5274 in
2888 5221 3224 5276 hebdomada
3244 5221 3409 5282 ferias,

1648 5512 1876 5572 NOTAE.

278 5609 389 5679 (l’Z)
421 5607 693 5679 lucOgnita
727 5614 810 5679 est
835 5605 1292 5679 luee‘catechesis,
1331 5619 1451 5679 quae
1480 5606 1534 5658 in
1559 5615 1747 5660 neutra

209 5675 572 5734 catecbesiuui
613 5676 836 5729 StudiL'B
873 5675 1187 5728 collectione
1215 5675 1544 5728 nominatur.

277 5749 388 5818 (15)
421 5751 494 5804 De
527 5747 699 5801 tribus
733 5744 1160 5814 quadragesimis
1197 5744 1384 5800 scribit
1424 5742 1746 5799 Anastasius

1853 5608 2064 5747 iurgi?
2127 5606 2268 5678 apud
2323 5607 2554 5665 Coteler.
2609 5610 2847 5664 Monum.
2903 5607 3048 5662 Eccl.
3112 5605 3206 5662 Gr.
3254 5615 3294 5660 ι.
3326 5605 3411 5671 ιιι,
