3976 6322
603 377 622 439 1
633 379 738 441 695

1776 379 1836 439 5.
1875 377 2264 440 THEODORI
2305 374 2648 437 STUDIT/E

3721 364 3857 428 1696

595 496 792 559 quarta
817 495 870 543 et
897 497 1065 544 sexta.
1095 487 1236 556 Quid
1274 502 1439 559 porro
1490 489 1595 544 hoc
1633 503 1850 560 quoque
1877 490 2144 562 significat

2267 488 2361 545 δύο
2411 489 2573 556 ἁγναὶ
2629 485 2874 537 ἔστωσαν
2902 481 3030 548 ὑμῖν
3059 480 3118 533 ἐν
3164 477 3305 532 ἑπτὰ
3331 477 3613 549 ἡμέραις,
3636 482 3857 542 tre-.955:

593 599 659 636 ex
693 591 897 652 septem
924 583 1117 636 diebus
1163 582 1274 635 duo
1325 581 2163 637 observabuntur.sanetilieati?

597 672 668 728 Ut
696 674 950 736 arbitror,
986 673 1038 726 in
1074 673 1347 742 periodieo
1393 681 1636 742 tempore
1675 683 1807 728 rotae
1841 673 2163 743 heptacycli-

594 779 692 829 eae,
715 765 835 818 dua:
853 779 936 817 res
956 772 1156 818 sanetze
1197 764 1653 828 observabuntur,
1686 763 1941 818 divinitas
1978 775 2030 818 et
2057 764 2161 818 hu-

597 857 826 909 manitas
861 857 1024 908 unius
1048 865 1100 908 et
1140 854 1361 908 sublimi
1395 855 1607 908 ratione
1636 855 1770 908 uniti
1796 854 1916 908 Filii
1953 853 2068 917 Dei,
2109 863 2163 908 et

594 957 796 1001 sanetae
819 947 1024 1002 Matris.
1055 947 1288 1002 Aliunde
1331 948 1493 1001 etiam
1535 948 1766 1009 videtur,
1799 947 2161 1002 hebdomada-

597 1038 675 1090 rio
709 1037 861 1107 cyclo
892 1038 1070 1092 trinus
1125 1038 1373 1092 denotari
1427 1047 1584 1108 typus
1638 1053 1732 1106 per
1764 1038 1903 1102 dies,
1935 1040 2077 1092 sicut
2105 1038 2157 1091 in

591 1142 737 1179 anno
793 1141 824 1180 a
881 1127 1130 1181 ﬁdelibus
1192 1127 1482 1183 manifeste
1538 1129 1840 1184 honoratur
1885 1130 2158 1199 genuinus

593 1215 877 1270 Trinitatis
907 1228 1082 1288 typus.

658 1385 713 1441 2.
750 1387 970 1444 Primus
1016 1389 1450 1460 quadragesimae
1503 1390 1791 1447 terminus.
1848 1391 2027 1444 Prima
2074 1400 2158 1447 est

590 1479 706 1546 ipsa
731 1478 936 1534 Christi
992 1480 1294 1536 nativitatis
1352 1481 1706 1548 solemnitas,
1746 1499 1868 1551 qua:
1898 1484 1949 1535 in
1981 1482 2156 1538 Patris

591 1581 775 1640 typum
811 1574 1142 1639 assumitur,
1180 1582 1451 1643 quatenus
1487 1573 1602 1643 ipse
1618 1575 1798 1630 sciens
1833 1575 2157 1644 complacuit

588 1665 692 1718 sibi
721 1663 788 1718 de
819 1665 939 1718 Filii
972 1668 1057 1720 sui
1092 1667 1446 1736 conceptione
1465 1682 1529 1722 ac
1553 1668 1854 1725 nativitate.
1881 1669 2154 1734 Quamob-

590 1769 703 1807 rem
757 1762 812 1808 et
865 1756 1222 1825 quadraginta
1280 1757 1491 1810 dierum
1520 1771 1778 1814 numerus
1805 1761 2152 1830 praescriptus

587 1857 688 1909 est,
723 1854 781 1900 ut
807 1847 1017 1915 jejunio
1051 1846 1250 1917 Moysis
1277 1857 1329 1902 et
1367 1846 1517 1902 Elite.

655 1937 709 1989 5.
739 1935 1022 1990 Secundus
1058 1940 1342 1992 terminus.
1383 1937 1513 1992 Post
1544 1939 1688 1992 illam
1724 1939 1984 2007 secunda,
2035 1952 2156 2011 quae

585 2043 778 2098 magna
813 2030 1224 2098 quadragesima
1257 2030 1480 2093 dicitur,
1507 2041 1692 2101 typum
1719 2032 1881 2087 refert
1903 2034 2156 2104 Unigeni-

586 2121 622 2172 ti
656 2139 669 2175 :
701 2137 862 2190 quam
910 2123 1126 2189 qmdem
1175 2122 1291 2190 ipse
1348 2124 1511 2176 etiam
1552 2125 1842 2180 manifeste
1896 2128 2150 2194 ostendit,

585 2213 713 2264 dum
751 2212 928 2265 tribus
963 2212 1122 2265 annis
1149 2227 1268 2265 eam
1299 2214 1633 2280 observavit,
1666 2227 1948 2286 postquam
1985 2234 2013 2271 a
2062 2224 2154 2273 ba-

587 2303 786 2371 ptismo
818 2304 1158 2357 ascenderat.
1189 2302 1343 2358 Unde
1374 2316 1553 2360 autem
1592 2307 1645 2362 id
1690 2309 2012 2376 innotescat,
2066 2312 2153 2364 in-

584 2394 788 2463 telligat
818 2408 1028 2446 mecum
1080 2404 1133 2448 et
1180 2405 1329 2448 certo
1359 2409 1620 2465 agnoscat
1672 2400 1928 2453 auditor:
1958 2417 2152 2471 nempe

583 2483 860 2552 trigesimo
878 2485 1052 2537 anatis
1072 2499 1215 2539 anno
1247 2486 1574 2554 baptismum
1607 2493 1848 2560 suscepit
1868 2491 2147 2557 Dominus,

580 2586 635 2630 et
666 2577 905 2630 triennio
936 2577 1190 2646 posthinc
1229 2587 1456 2633 mortem
1512 2582 1696 2636 subiit.
1748 2582 1948 2648 Quare,
2008 2598 2066 2640 ut
2120 2603 2152 2641 e

586 2668 753 2736 probe
783 2668 968 2736 gnaris
999 2670 1340 2738 rescivimus,
1363 2683 1445 2728 ter
1477 2673 1582 2729 hoc
1614 2690 1855 2730 annuum
1883 2677 2149 2746 jejunium

580 2759 910 2813 observavit.

649 2852 704 2906 4.
752 2850 972 2908 Tertius
1002 2854 1288 2910 terminus.
1331 2853 1513 2911 Tertia
1544 2874 1673 2912 vero
1699 2868 1822 2924 post
1851 2861 1990 2915 hanc
2011 2878 2148 2931 qua-

580 2946 910 3013 dragesima,
951 2962 1073 3015 quae
1099 2948 1263 3000 etiam
1291 2950 1662 3017 apostolorum
1699 2967 1727 3004 a
1751 2953 2028 3008 nonnullis
2055 2971 2149 3022 ap-

579 3037 845 3105 pellatur,
880 3049 1040 3110 typus
1073 3042 1333 3097 habeatur
1372 3044 1693 3100 vivilicantis
1740 3045 2007 3115 Spiritus,
2058 3051 2150 3119 qui

577 3128 740 3183 etiam
774 3134 1050 3198 apostolos
1069 3132 1256 3186 docuit
1285 3135 1465 3188 omnia
1493 3151 1614 3204 qua:
1636 3138 1735 3205 ipsi
1758 3152 1786 3190 a
1805 3137 1963 3192 Patre
1983 3139 2147 3194 Filio-

574 3232 683 3283 que
704 3218 1005 3288 signiﬁcata
1034 3221 1272 3276 fuerunt.
1298 3222 1393 3277 Est
1416 3239 1547 3278 vero
1565 3228 1720 3280 trium
1748 3244 1915 3282 unum
1944 3245 2140 3284 nomen

576 3309 771 3372 deitas,
805 3311 857 3364 in
891 3313 1064 3368 tribus
1098 3322 1278 3369 tamen
1311 3317 1562 3386 personis
1587 3320 1767 3388 agnita
1809 3328 1864 3374 et
1897 3322 2141 3374 adorata.

648 3481 701 3537 5.
775 3481 882 3538 Sed
926 3499 1025 3554 age
1078 3485 1194 3554 jam
1253 3500 1432 3541 sermo
1469 3486 1537 3542 ad
1584 3488 1925 3559 propositum
1984 3505 2146 3546 suum

572 3570 830 3637 accedat,
897 3584 952 3628 et
1019 3575 1231 3645 singula
1311 3578 1531 3646 proprio
1607 3582 1836 3648 tempori
1923 3582 2147 3649 depute-

574 3679 720 3730 mus,
768 3675 876 3719 tam
917 3666 1116 3720 diebus
1167 3683 1332 3735 quam
1365 3669 1763 3737 hebdomadis,
1814 3681 1870 3725 et
1927 3689 2032 3741 qua
2083 3675 2148 3728 de

571 3769 738 3809 causa
775 3754 848 3807 ita
874 3757 1233 3811 constitutum
1268 3759 1358 3814 sit.
1395 3756 1599 3826 Quarta
1627 3776 1758 3815 sane
1786 3769 1840 3815 et
1884 3774 2033 3815 sexta
2067 3761 2147 3816 fe-

575 3846 652 3898 ria
678 3846 889 3916 jejunio
915 3864 1131 3918 semper
1149 3851 1562 3905 sanetificentur
1586 3852 1885 3920 jejunando
1910 3869 1941 3906 a
1962 3868 2141 3920 caseo,

570 3937 811 4004 piscibus
865 3948 919 3992 et
954 3941 1096 4004 oleo,
1130 3943 1589 4009 quemadmodum
1621 3943 1732 3997 divi
1767 3944 2012 4012 Aposwli
2041 3987 2054 4009 ,
2092 3956 2146 4000 et

570 4038 694 4096 post
725 4031 847 4085 illos
887 4031 1153 4086 divinitus
1211 4032 1461 4103 inspirati
1495 4033 1685 4090 Patres
1723 4037 2144 4091 constituerunt.

569 4118 674 4172 Sed
705 4133 887 4175 tamen
916 4121 966 4174 in
990 4123 1299 4190 purissimae
1328 4123 1569 4194 Deipara:
1593 4123 1903 4189 Nativitate,
1918 4125 2148 4195 ejusque

565 4210 620 4266 in
659 4211 918 4280 templum
947 4213 1236 4283 lngressu,
1286 4224 1340 4269 et
1393 4215 1448 4269 in
1491 4216 1600 4269 alio
1624 4216 1767 4271 festo
1796 4217 1940 4285 quod
1967 4215 2148 4288 llypa-

566 4310 727 4371 pante
759 4303 976 4370 dicitur,
1007 4305 1230 4374 insuper
1265 4305 1318 4358 in
1342 4306 1791 4372 Annuntiatione,
1825 4315 1879 4361 et
1905 4307 1961 4360 in
1979 4311 2149 4362 mira-

567 4395 657 4448 bili
683 4397 1319 4466 Assumptione,utimur
1346 4400 1466 4454 oleo
1482 4408 1534 4455 et
1552 4400 1814 4470 piscibus,
1838 4400 1882 4455 si
1917 4400 2058 4455 forte
2093 4402 2148 4456 in

2271 580 2412 650 φημὶ
2460 578 2554 631 καὶ
2585 579 2650 648 τῇ
2680 576 2838 647 ἕκτῃ.
2875 575 2941 628 Τί
2970 574 3027 626 δὲ
3061 572 3155 625 καὶ
3180 570 3340 624 τοῦτό
3369 571 3492 622 ἐστι
3522 568 3749 640 δηλοῦν,
3777 572 3854 632 τὸ,

2268 671 2359 723 Ἐν
2380 667 2520 722 ἐπτὰ
2555 667 2794 738 ἡμέραις
2833 665 2929 718 δύο
2965 660 3275 733 τηρηθῶσιν
3320 660 3522 728 ἁγναί;
3563 661 3645 721 ὡς
3704 655 3857 726 οἶμαι

2267 760 2439 828 τουτὶ,
2464 761 2544 832 τῷ
2588 757 2881 830 περιοδικῷ
2904 756 3080 827 χρόνῳ
3106 753 3207 823 τῆς
3237 752 3598 806 ἐπτακύκλου
3630 752 3852 822 τροχοῦ,

2267 849 2361 902 δύο
2374 866 2441 918 τη
2451 848 2689 920 ρηθῶσιν
2708 847 2890 916 ἁγναὶ,
2909 844 3098 913 θεότης
3126 844 3220 896 καὶ
3239 840 3718 914 ἀνθρωπότηςτοῦ
3740 842 3852 902 ἐνὸς

2267 941 2361 994 καὶ⁵
2386 940 2808 1011 ὑπερηνωμένου
2845 936 2968 991 Υίοῦ
2994 933 3128 988 Θεοῦ
3152 951 3234 999 τε,
3271 934 3366 987 καὶ
3397 935 3636 1002 Μητρὸς
3669 933 3850 999 ἁγίας.

2270 1031 2482 1092 ’Δλλως
2514 1031 2559 1083 δ’
2597 1026 2666 1083 αὖ
2703 1031 2870 1093 δοκεῖ,
2900 1028 2982 1081 ὅτι
3009 1027 3104 1080 καὶ
3133 1025 3210 1095 τῷ
3234 1023 3590 1093 ἐϐδομαδικῷ
3615 1024 3808 1092 κύκλῳ
3827 1024 3854 1074 ὁ

2263 1114 2541 1186 τριαδικὺς
2573 1114 3035 1186 χαρακτηρίζεται
3062 1112 3227 1176 τύπος
3267 1113 3356 1166 διὰ
3384 1113 3560 1182 τριῶν
3597 1113 3850 1182 ἡμερῶν,

2265 1207 2340 1270 ὡς
2369 1207 2444 1277 τῷ
2469 1206 2702 1275 ἐνιαυτῷ
2728 1207 2879 1276 παρὰ
2908 1205 3018 1257 τῶν
3049 1205 3262 1258 πιστῶν
3289 1204 3571 1276 ἀριδήλως
3612 1206 3850 1273 τιμᾶται

2263 1301 2292 1350 6
2316 1297 2626 1370 ἀκραιφνὴς
2661 1298 2761 1367 τῆς
2779 1297 3008 1368 Τριάδος
3031 1297 3225 1358 τύπος.

2335 1388 2400 1458 β’.
2437 1389 2604 1457 Ὅρος
2637 1386 3092 1455 τεσσαρακοστῆς
3146 1385 3383 1455 πρῶτος.
3422 1384 3590 1437 Ἔστι
3619 1384 3727 1454 μὲν
3757 1380 3849 1437 οὖν

2261 1481 2403 1558 αύτῄ
2436 1497 2495 1534 τε
2525 1478 2773 1550 ἡπρώτη
2806 1478 2968 1548 ἑορτὴ
3011 1478 3106 1547 τῆς
3135 1475 3374 1546 Χριστοῦ
3416 1477 3779 1546 γεννήσεως,
3815 1479 3848 1546 ἢ

2261 1575 2342 1634 είς
2368 1571 2537 1625 τύπον
2566 1571 2631 1623 ἂν
2669 1571 2925 1641 εἴληπται
2950 1569 3043 1621 τοῦ
3074 1568 3304 1639 Πατρός,
3337 1567 3414 1631 ὡς
3441 1565 3592 1621 οἶδεν
3622 1568 3654 1620 6
3693 1569 3848 1621 εὐδο-

2261 1665 2439 1733 κήσας
2459 1663 2616 1726 αὐτὸς
2637 1659 2738 1732 τὴν
2770 1659 2866 1714 τοῦ
2889 1660 3020 1714 Υἱοῦ
3043 1660 3308 1729 σύλληψίν
3337 1677 3398 1712 τε
3423 1661 3523 1712 καὶ
3551 1661 3840 1730 γέννησιν.

2261 1756 2403 1807 Διότι
2437 1755 2531 1807 καὶ
2560 1753 2967 1824 τεσσαράκοντα
2992 1752 3206 1822 ἡμέρας
3239 1750 3731 1820 νενομοθέτηνται,
3772 1751 3846 1815 ὡς

2196 1853 2235 1906 Β
2261 1846 2536 1909 Μωῡσέως
2557 1848 2590 1916 ἡ
2622 1845 2846 1915 νηστεία
2867 1845 2960 1897 καὶ
2995 1843 3198 1899 Ἠλίου.

2327 1942 2396 2002 γ’.
2421 1935 2681 2005 Δεύτερος
2701 1936 2845 2006 ὅρος.
2883 1934 2956 1986 'H
3003 1933 3059 1986 δέ
3090 1933 3208 2003 μετ’
3237 1932 3408 2003 αὐτὴν
3436 1933 3508 2002 β’,
3534 1934 3569 2004 ἢ
3607 1935 3711 1987 καὶ
3749 1952 3846 2004 με·

2256 2026 2394 2097 γὰλη
2443 2027 2855 2096 τεσσαρακοστὴ
2907 2026 3148 2094 λέγεται,
3183 2028 3264 2089 είς
3319 2025 3492 2079 τύπον
3525 2026 3615 2095 εῐη
3649 2043 3712 2078 τε
3749 2025 3844 2078 τοῦ

2256 2117 2590 2186 Μονογενοῦς
2610 2134 2624 2148 ⁸
2661 2119 2726 2188 ἣν
2755 2117 2850 2171 καὶ
2869 2117 3031 2178 αὐτὸς
3051 2117 3318 2188 ἀριδήλως
3343 2115 3662 2182 ὑπέδειξεν,
3696 2119 3843 2185 eget;

2256 2210 2536 2271 ἐνιαυτοὺς
2564 2210 2722 2262 τοῦτο
2772 2209 2965 2270 ποιῶν,
3012 2211 3150 2279 μετὰ
3177 2211 3277 2280 τὴν
3317 2208 3412 2261 τοῦ
3448 2209 3842 2278 βαπτίσματος

2255 2303 2460 2356 ἄνοδον.
2520 2303 2628 2354 Καὶ
2683 2301 2846 2354 πόθεν
2888 2301 3048 2371 δῆλον
3097 2301 3255 2354 τοῦτό
3303 2301 3437 2366 ἐστι,
3477 2304 3641 2370 συνίῃ
3695 2318 3789 2371 μοι
3817 2303 3846 2352 ό

2254 2394 2546 2462 ἀκροατὴς,
2583 2393 2675 2445 καὶ
2713 2393 2865 2446 ίδέτω
2899 2393 3078 2455 καλῶς
3097 2409 3110 2422 ·
3137 2392 3566 2462 τριακονταετὴς
3592 2391 3841 2460 δηλονότι

2253 2485 2281 2536 ό
2305 2483 2503 2554 Κύριος
2567 2483 2848 2554 βάπτισμα
2889 2483 3200 2548 ὑπεδέξατο,
3237 2483 3328 2536 καὶ
3361 2485 3416 2535 ἐν
3467 2483 3658 2546 ἄλλοις
3689 2485 3840 2554 τρισὶ

2251 2576 2330 2645 τῷ
2361 2575 2574 2643 θανάτῳ
2595 2577 2802 2645 ὑπέστη
2829 2593 2842 2606 ·
2869 2576 2950 2628 διὸ
3003 2576 3078 2638 ὡς
3109 2575 3356 2642 ἔγνωμεν
3386 2576 3444 2627 ἐν
3479 2578 3601 2635 τοῖς
3649 2576 3839 2646 ἄκρως

2252 2663 2657 2732 ἐπισταμένοις,
2693 2665 2813 2735 τρὶς
2863 2664 2958 2717 τοῦ
2988 2663 3234 2718 ἐνιαυτοῦ
3286 2663 3386 2735 τὴν
3414 2664 3712 2738 παροῦσαν
3743 2683 3837 2734 νη-

2253 2757 2438 2808 στείαν
2469 2755 2767 2819 ὑπέδειξεν.

2321 2846 2382 2901 δ’.
2410 2848 2603 2918 Τρίτος
2630 2849 2775 2918 ὅρος.
2838 2848 2902 2902 Ἦ
2937 2848 2994 2902 δὲ
3055 2848 3173 2918 μετ’
3218 2847 3389 2918 αὐτὴν
3421 2848 3608 2918 τρίτη,
3645 2849 3681 2918 ἠ
3743 2849 3837 2902 καὶ

2251 2941 2402 3010 παρὰ
2428 2957 2539 2992 τισι
2556 2938 2664 2994 τῶν
2681 2941 2992 2993 ἀποστόλων
3017 2941 3420 3010 κηρυττομένη,
3447 2939 3623 3001 τύπος
3654 2939 3722 2992 ἂν
3749 2941 3832 3010 είη

2251 3032 2344 3083 καὶ
2377 3032 2512 3103 αὐτὴ
2541 3031 2633 3085 τοῦ
2657 3032 2922 3093 ζωοποιοῢ
2948 3031 3288 3100 Πνεύματος,
3321 3032 3382 3082 τὸ
3415 3031 3668 3094 καὶτοὺς
3699 3032 3833 3084 ἀπο.

2252 3123 2470 3183 στόλους
2503 3123 2719 3187 διδάξαν
2750 3123 2928 3174 πάντα
2957 3122 2994 3175 ἃ.
3028 3123 3179 3192 παρὰ
3212 3121 3305 3173 τοῦ
3342 3123 3559 3192 [ἰατρὸς
3595 3125 3694 3176 καὶ
3736 3121 3828 3175 τοῦ

2247 3211 2375 3264 Υίοῦ
2413 3212 2934 3282 μεμυσταγώγηται.
2972 3213 3182 3282 Ὀνομα
3208 3212 3266 3265 δὲ
3310 3212 3418 3266 τῶν
3443 3213 3617 3284 τριῶν
3664 3214 3746 3279 ἓν,
3796 3215 3826 3280 ή

2246 3303 2459 3372 θεότης,
2506 3303 2618 3355 ἀλλ’
2651 3305 2708 3356 ἐν
2741 3303 2919 3375 τρισὶν
2951 3302 3282 3357 ὑποστάσεσι
3330 3304 3718 3376 γνωριζομένη
3770 3322 3827 3357 τε

2246 3395 2340 3448 καὶ
2373 3411 2679 3463 προσκυνου
2690 3394 2848 3465 μένη.

2316 3491 2378 3539 ε’.
2417 3485 2558 3538 Ἀλλ’
2595 3486 2766 3538 ίτέονο
2799 3488 2828 3538 6
2853 3485 3012 3554 λόγος
3055 3485 3152 3539 καὶ
3182 3484 3260 3556 τῷ
3302 3485 3545 3557 κειμένῳ
3575 3488 3822 3554 πελάσει,

2246 3579 2341 3630 καὶ
2366 3578 2571 3630 ἕκαστα
2594 3577 2672 3646 τῷ
2707 3577 2822 3647 ίδίῳ
2843 3577 3022 3649 καιρῷ
3045 3577 3462 3648 παραθήσομεν,
3503 3580 3563 3633 ἑν
3596 3599 3656 3634 τε
3683 3583 3824 3650 ἡμέ-

2247 3684 2372 3737 ραις
2401 3669 2496 3720 καὶ
2521 3667 2806 3737 έδδομάσι,
2868 3670 2962 3722 καί⁵
2993 3669 3082 3722 διὰ
3106 3669 3267 3722 ποίαν
3314 3669 3498 3722 αἰτίαν
3535 3673 3822 3742 νενομοθέ-

2244 3776 2468 3831 τηνται·
2504 3759 2702 3830 τετράς
2735 3777 2796 3813 τε
2849 3761 2944 3813 καὶ
2975 3761 3299 3832 παρασκευὴ
3331 3762 3620 3827 παντελῶς
3666 3766 3820 3831 ἁγναὶ

2246 3855 2325 3913 είς
2356 3852 2608 3922 νηστείαν
2649 3851 2737 3905 ἀεὶ
2765 3853 3070 3924 τηρηθῶσι,
3127 3854 3321 3925 τυροῦ,
3359 3854 3583 3924 ἰχθύων,
3617 3857 3818 3920 ἐλαίου,

2246 3943 2428 4007 καθὼς
2454 3945 2502 3996 οἱ
2532 3943 2665 3997 θεῖοι
2692 3945 3001 4010 ἀπόστολοι,
3031 3945 3127 4000 καὶ
3163 3948 3213 3999 οί
3251 3946 3374 4015 μετ’
3401 3947 3610 4010 αὐτοὺς
3638 3948 3820 4016 050;»-

2250 4053 2331 4108 ροι
2370 4036 2610 4108 Πατέρες
2667 4037 3088 4108 ἐνομοθέτησαν.
3143 4038 3255 4108 Τὴν
3288 4039 3397 4109 γὰρ
3435 4040 3698 4110 γέννησιν
3725 4043 3817 4110 τῆς

2249 4129 2628 4198 παναχρὰντου
2651 4127 2938 4193 Θεοτόκου,
2970 4131 3062 4184 καὶ
3089 4130 3189 4201 τὴν
3217 4131 3386 4202 αὐτῆς
3407 4134 3490 4196 εἰς
3522 4134 3652 4186 ναὸν
3681 4135 3814 4186 είσο-

2247 4219 2355 4284 δον,
2389 4219 2483 4272 καὶ
2511 4220 2610 4290 τὴν
2636 4221 2830 4292 ἑτέραν
2861 4224 2896 4292 ὴ
2928 4224 3027 4276 καὶ
3082 4223 3371 4292 ύπαπαντὴ
3401 4224 3699 4295 λεγομένη,
3730 4228 3815 4279 καὶ

2248 4307 2314 4364 αὖ
2347 4312 2444 4382 τὴν
2471 4311 2564 4364 τοῦ
2585 4313 3006 4382 εύαγγελισμοῠ,
3030 4315 3125 4367 καὶ
3147 4317 3245 4384 τὴν
3273 4314 3426 4367 θείαν
3461 4317 3811 4386 μετάστασιν,

2248 4402 2535 4471 διαλύομεν
2562 4405 2642 4466 είς
2664 4403 2840 4458 ἔλαιον
2873 4408 2967 4457 καὶ
2996 4405 3204 4474 ἰχθύας,
3256 4407 3306 4458 εί
3334 4406 3544 4476 τύχωσι
3575 4413 3698 4473 ταῖς
3729 4427 3813 4477 γε·

566 4485 853 4551 praedictos
869 4486 984 4540 dies
998 4487 1258 4553 incidant,
1278 4503 1469 4558 nempe
1487 4490 1538 4542 in
1557 4500 1802 4559 quartam
1826 4502 1918 4544 aut
1937 4501 2143 4545 sextam

2258 4495 2592 4562 γραμμέναις
2621 4496 2876 4564 ἡμέραις,
2907 4497 2974 4566 τῇ
3003 4513 3061 4548 τε
3090 4497 3310 4566 τετράδι
3345 4500 3438 4550 καί
3466 4505 3810 4571 παρασκευῇ.

565 4574 776 4628 feriam.
794 4573 1055 4631 Similiter
1066 4578 1228 4632 etiam
1249 4578 1302 4630 in
1322 4577 1676 4633 Prazeursoris
1693 4589 2138 4647 etsupremorum

576 4667 944 4736 apostolorum
964 4666 1110 4721 Petri
1131 4676 1182 4721 et
1196 4666 1348 4722 Pauli
1369 4667 1769 4724 Nativitatibus.
1783 4667 1937 4725 Haud
1957 4683 2137 4728 tamen

563 4759 618 4811 in
638 4756 788 4813 festis
801 4769 1118 4815 sanctorum
1134 4769 1434 4830 martyrum
1449 4771 1543 4816 aut
1555 4762 1872 4830 pontificum
1895 4763 2136 4832 piscibus

566 4846 792 4913 utimur,
816 4849 861 4902 si
887 4847 1028 4902 forte
1051 4857 1340 4903 occurrant
1363 4851 1420 4905 in
1453 4861 1648 4921 quarta
1679 4852 1762 4907 vel
1797 4863 1947 4907 sexta
1976 4853 2132 4910 feria.

632 4939 686 4992 6.
718 4938 786 4992 Et
825 4940 1079 4994 monachi
1123 4941 1343 5010 quidem
1381 4941 1436 4996 in
1485 4943 1746 4999 honorem
1800 4960 1867 5001 ac
1915 4946 2132 5002 laudem

562 5031 769 5093 crucis,
792 5033 1207 5100 quatuordecim
1231 5032 1350 5088 dies
1376 5034 1690 5099 observant,
1708 5035 1800 5090 alii
1821 5037 2131 5106 duodecim,

561 5121 653 5174 alii
685 5133 943 5191 quatuor.
981 5123 1086 5178 Sed
1120 5126 1412 5180 universus
1440 5126 1638 5181 Christi
1668 5129 1898 5198 populus
1929 5134 2134 5186 sancti-

560 5213 707 5266 flcati
736 5229 929 5269 omnes
958 5215 1248 5271 observant
1296 5216 1438 5271 diem
1467 5217 1840 5282 Exaltationis,
1869 5220 1921 5274 id
1943 5231 2024 5276 est
2044 5237 2136 5275 xw

563 5301 917 5372 Septembris.
939 5305 1318 5362 Verumtamen
1341 5307 1647 5364 Nativitatis
1663 5309 1859 5366 Christi
1877 5313 2138 5381 jejunium

564 5394 740 5449 tribus
770 5395 965 5452 diebus
998 5398 1319 5453 observetur
1349 5401 1403 5453 in
1429 5399 1790 5464 hebdomada,
1824 5401 1879 5454 id
1920 5411 2004 5456 est
2049 5419 2138 5457 se-

565 5489 760 5551 cunda,
791 5499 1005 5558 quarta,
1044 5501 1304 5561 sextaque
1339 5493 1496 5558 feria,
1534 5501 1588 5546 et
1617 5495 1862 5546 cavendo
1902 5508 1931 5547 a
1963 5496 2131 5563 pisci-

563 5577 666 5634 bus
695 5581 945 5650 oleoque,
973 5582 1242 5652 jejunium
1268 5593 1490 5640 strenue
1512 5587 1840 5656 transigatur
1866 5604 1879 5638 :
1904 5588 2130 5657 parique

2259 4585 2529 4647 Ὡσαύτως
2560 4588 2654 4638 καὶ
2684 4587 2744 4638 τὸ
2777 4586 2872 4639 τοῦ
2902 4587 3225 4658 Προδρόμου
3267 4591 3536 4657 γενέσιον,
3567 4595 3669 4646 καὶ
3715 4594 3813 4645 τῶν

2244 4680 2556 4749 κορυφαίων
2581 4681 2786 4751 Πέτρου
2825 4681 2918 4734 καὶ
2950 4682 3166 4735 Παύλου
3188 4700 3201 4712 ·
3242 4684 3349 4736 τῶν
3381 4685 3438 4736 δέ
3474 4688 3653 4754 ἁγίων
3680 4704 3811 4757 μαρ-

2238 4767 2418 4838 τύρων
2449 4769 2545 4822 καὶ
2577 4769 2742 4824 ὁσίων
2766 4770 3036 4842 ίεραρχῶν
3063 4772 3128 4825 οὐ
3158 4771 3455 4844 διαλύομεν
3487 4778 3569 4839 είς
3607 4777 3809 4847 ίχθύας,

2241 4861 2289 4911 εἰ
2317 4859 2520 4928 τύχωσι
2545 4859 2587 4912 δ’
2611 4860 2644 4930 ἢ
2675 4860 2749 4924 ς’.

2313 4947 2386 5014 ς’.
2424 4951 2486 5004 Οἱ
2520 4949 2620 5020 μὲν
2662 4948 2755 5004 οὖν
2795 4951 3120 5022 μονάζοντες
3163 4955 3242 5016 είς
3269 4953 3427 5019 δόξαν
3458 4957 3558 5009 καὶ
3600 4958 3808 5012 ἔπαινον

2237 5039 2332 5092 τοῦ
2357 5040 2648 5111 σταυρικοῦ
2675 5041 2856 5111 ξύλου,
2884 5043 3018 5098 δέκα
3045 5045 3140 5097 καὶ
3156 5045 3427 5114 τέσσαρας
3451 5049 3678 5118 ἡμέρας
3706 5049 3806 5101 δια-

2238 5130 2617 5199 φυλάττουσιν,
2669 5133 2820 5186 ἄλλοι
2860 5133 2949 5204 ιβ’,
2979 5133 3128 5189 ἄλλοι
3169 5135 3291 5188 δ”ό
3324 5136 3382 5188 δὲ
3415 5136 3649 5207 σύμπας
3693 5139 3804 5200 λαὸς

2236 5222 2330 5275 τοῦ
2381 5225 2642 5292 Χριστοῦ,
2700 5226 2854 5294 ἁγνοὶ
2896 5227 3097 5289 πάντες
3126 5227 3457 5298 διατηρῶσιν
3495 5231 3673 5302 αὐτὴν
3718 5231 3801 5299 τὴν

2238 5312 2448 5382 ἡμέραν
2479 5316 2576 5383 τῆς
2603 5313 2882 5383 ὑψώσεως,
2914 5316 3033 5385 ἦτοι
3069 5317 3170 5385 τὴν
3196 5316 3258 5368 ιδ’
3301 5318 3396 5370 τοῦ
3431 5319 3799 5391 Σεπτεμϐρίου

2239 5405 2406 5473 μηνός
2431 5405 2562 5475 (14).
2583 5406 2694 5475 Τὴν
2720 5407 2778 5460 δὲ
2802 5404 2870 5462 αὖ
2892 5406 3145 5478 νηστείαν
3167 5407 3267 5476 τῆς
3292 5408 3389 5461 τοῦ
3415 5410 3662 5480 Χριστοῦ
3691 5430 3798 5480 γεν-

2235 5497 2464 5564 νήσεως,
2497 5498 2597 5561 τὰς
2628 5501 2776 5566 τρεῖς
2812 5499 3026 5570 ἡμέρας
3050 5499 3506 5568 διαφυλαττέσθω
3538 5505 3642 5571 τῆς
3670 5505 3798 5557 ἐσδο-

2235 5587 2423 5655 μάδος,
2472 5589 2588 5657 ἦτοι
2620 5588 2686 5660 β’,
2712 5589 2775 5655 δ’,
2802 5591 2895 5644 καὶ
2921 5597 2995 5656 ς’,
3023 5590 3212 5661 ίχθύας
3237 5591 3332 5645 καὶ
3365 5591 3573 5662 ἔλαιον,
3606 5596 3700 5650 καὶ
3718 5614 3795 5666 vr,-

2054 5697 2279 5754 NOT/E.

639 5785 750 5856 (Η)
781 5784 989 5840 Videsis
1024 5786 1282 5843 Niconem
1310 5788 1449 5859 apud
1470 5789 1795 5844 Cotelerium
1821 5790 1918 5857 0p.
1956 5790 2047 5846 cit.
2081 5802 2115 5846 t.
2161 5793 2248 5852 Ill,
2285 5809 2336 5860 p.
2375 5794 2475 5848 658
2512 5803 2561 5847 et
2593 5808 2745 5862 seqq.
