3976 6322
194 376 329 437 1697

1374 385 1832 447 CATECHESIS
1867 385 2272 448 CHRONICA.

3285 386 3419 452 1698

186 492 377 543 στείαν
417 488 618 552 ὲνοέως
671 490 928 544 ποιείτω·
970 492 1230 559 ὡσαύτως
1282 495 1377 549 καὶ
1424 498 1534 549 τῶν
1583 496 1754 564 ἁγίων

1858 496 2070 552 ratione
2107 506 2421 552 sanctorum
2445 511 2662 567 quoque
2677 498 3048 567 apostolorum
3082 514 3145 552 ac
3178 499 3417 571 Deiparze

185 580 507 633 ἀποστόλων
537 580 781 645 ποιείτω,
817 581 911 635 καὶ
942 581 1041 653 τὴν
1097 583 1199 654 τῆς
1230 583 1572 656 Θεομήτορος
1590 586 1752 654 ἁγίαν

182 672 445 743 νηστείαν
472 671 608 744 (15).
670 673 758 725 Ἐν
793 674 890 743 μὲν
934 672 1030 728 οῦν
1080 677 1146 747 τῇ
1189 678 1481 748 παραμονῇ
1531 676 1631 745 τῆς
1657 675 1771 729 τοῦ-

182 761 426 833 Χριστοῦ
467 765 793 835 γεννήσεως,
840 766 1054 834 νήστεις
1114 766 1484 838 διατελοῦμεν,
1518 769 1613 822 καὶ
1655 768 1753 839 τὴν

180 853 401 923 ἡμέραν
434 853 756 923 ἁγνεύοντες
782 855 893 925 (16)
919 857 999 919 είς
1030 856 1217 927 ἰχθύας
1249 859 1343 912 καὶ
1364 859 1561 925 ἔλαιον,
1579 859 1753 929 πάρεξ

183 943 477 997 Σαϐϐάτου
508 944 865 1015 ἢΚυριακῆς·
893 945 1015 999 τότε
1052 945 1225 1000 ταῦτα
1256 946 1526 1018 ἐσθίομεν,
1560 946 1753 1001 Ὡσαύ-

177 1053 293 1099 τως
331 1036 595 1107 ποιοῦμεν
641 1038 739 1092 καί
783 1038 883 1101 τὰς
911 1038 1077 1103 ἄλλας
1129 1043 1455 1111 παραμονὰς
1492 1040 1601 1095 τῶν
1653 1042 1749 1094 τοῦ

178 1127 425 1198 Χριστοῦ
465 1129 826 1201 πανηγύρεων
846 1144 860 1159 ⁶
896 1131 961 1201 τῇ
990 1129 1048 1184 δὲ
1079 1130 1340 1201 ἐπαύριον
1368 1129 1657 1201 διαλύομεν
1691 1132 1751 1182 ὲν

177 1219 541 1290 οίᾳδηποτοῦν
563 1221 749 1292 ήμέρᾳ
782 1221 923 1293 τύχῃ
944 1235 960 1252 ·
991 1219 1175 1285 καθὼς
1197 1221 1404 1277 ἄνωθεν
1425 1223 1749 1292 εἰρήκαμεν,

178 1312 265 1372 εἰς
300 1309 461 1377 δόξαν
486 1310 579 1363 τοῦ
603 1311 998 1384 εὐδοκήσαντος
1034 1312 1273 1383 Πατρδς,
1305 1313 1402 1366 καὶ
1422 1313 1516 1366 τοῦ
1554 1319 1751 1382 γεννηο

179 1400 369 1462 θέντος
399 1400 559 1454 Υίοῦο
589 1402 682 1456 καὶ
710 1402 821 1474 γὰρ
841 1403 916 1467 ὡς
941 1403 1113 1475 αὐτὴν
1138 1402 1238 1474 τὴν
1271 1404 1485 1474 ἡμέραν
1518 1404 1612 1457 καὶ
1634 1404 1752 1457 ἑτέ-

180 1512 287 1567 ρας
310 1481 381 1561 ἒξ
392 1494 701 1567 διαλύομεν,
733 1496 818 1551 ἵνα
851 1497 926 1569 μὴ
945 1498 1260 1567 σκυθρωποὶ
1283 1498 1563 1568 φανῶμεν,
1596 1498 1673 1562 ὡς
1700 1501 1750 1554 οἰ

176 1585 501 1657 ἀγνώμονες
531 1586 798 1651 Ἰουδαῖοι,
830 1588 889 1639 ἐν
921 1589 991 1658 τῇ
1029 1588 1280 1659 γεννήσει
1307 1587 1403 1641 τοῦ
1428 1590 1577 1660 ἡμᾶς
1615 1589 1748 1643 ἁνα-

179 1678 517 1741 πλάσαντος.

253 1769 321 1834 ζ’.
350 1771 463 1840 Τὴν
492 1768 551 1823 δὲ
579 1764 649 1824 αὖ
677 1769 1000 1841 παραμονὴν
1032 1768 1141 1823 τῶν
1169 1768 1404 1837 φώτων,
1461 1767 1558 1823 καὶ
1581 1767 1751 1840 αὐτὴν

175 1862 386 1931 ὁμοίως
418 1836 654 1931 ⁷νήστεις
708 1836 1137 1929 διαπεραιοῦμεν
1184 1836 1258 1913 SE):
1309 1877 1368 1913 τε
1422 1859 1603 1914 ἐλαίου
1654 1836 1749 1912 καὶ
1784 1836 1824 1891 Β

181 1951 385 2022 ἰχθύων
414 1953 506 2004 καὶ
520 1952 721 2023 ἐτέρων
749 1953 902 2005 είδῶν
927 1952 1024 2021 τὴν
1053 1952 1231 2005 πᾶσαν
1259 1951 1475 2022 ἡμέραν
1497 1968 1511 1981 ·
1543 1951 1748 2021 ταύτην

175 2044 239 2096 δέ
274 2060 339 2111 γε
371 2043 468 2114 τὴν
497 2047 713 2116 ἡμέραν
745 2046 853 2101 τῶν
880 2047 1242 2115 Θεοφανείων,
1298 2045 1513 2100 οίανοῦν
1565 2047 1750 2117 ἡμέρα

175 2135 345 2209 τύχῃ,
379 2136 668 2208 διαλύομεν
699 2139 778 2201 εἰς
803 2138 934 2204 πᾶν,
995 2139 1075 2200 εἰς
1124 2130 1287 2209 χάριν
1329 2137 1425 2191 καὶ
1468 2138 1624 2202 δόξαν
1653 2137 1747 2190 τοῦ

179 2225 601 2295 βαπτισθέντος,
630 2227 726 2279 καὶ
768 2226 942 2297 ἀρχὴν
979 2226 1136 2294 ἁγίαν
1167 2226 1265 2295 τῆς
1296 2223 1552 2294 τοιαύτης
1595 2224 1749 2294 χάρι-

176 2333 314 2378 τος,
362 2316 456 2369 καὶ
496 2317 588 2370 τὸν
636 2316 897 2386 βυθισμὸν
943 2317 1339 2388 θεατρίζοντες.
1399 2316 1556 2369 Ἔστι
1615 2315 1671 2368 δὲ
1712 2317 1745 2385 ὴ

174 2407 407 2478 τοιαύτη
437 2408 685 2480 χαρμονὴ
707 2409 837 2478 ἡμῖν
865 2408 959 2461 τοῦ
995 2408 1343 2479 βροτοκτόνου
1374 2406 1600 2477 τοιούτῳ
1626 2405 1750 2476 τρό-

176 2517 296 2570 πῳ,
336 2500 411 2562 ὡς
461 2494 551 2553 οἷά
580 2517 667 2564 τις
720 2498 957 2569 εἰληφὼς
1012 2499 1171 2569 χάριν
1215 2498 1335 2550 τινὰ
1371 2496 1601 2549 πλούτου
1644 2496 1750 2549 ὐπό

175 2608 331 2654 τινος
360 2591 643 2661 βασιλέως,
673 2591 770 2645 καὶ
817 2590 956 2661 ἔχων
989 2594 1047 2643 ὲν
1089 2590 1264 2661 ἑαυτῷ
1294 2589 1387 2642 καὶ
1433 2588 1640 2659 χαίρων
1690 2590 1748 2641 ὲν

174 2686 299 2745 τοῖς
324 2683 508 2745 καλοῖς
537 2676 618 2747 οἷς
656 2683 845 2754 εἴληφε
866 2699 879 2714 ο
920 2682 1057 2753 μετὰ
1086 2681 1143 2734 δέ
1175 2698 1295 2734 τινα
1320 2680 1531 2751 χρόνον,
1562 2678 1749 2750 ἕτερός

174 2794 268 2839 τις
289 2777 480 2847 ἐχθρὸς
503 2778 775 2849 ἁντάρτης
802 2777 897 2831 καὶ
928 2776 1140 2841 ἀλαζὼν
1163 2776 1403 2845 πηδήσας
1435 2774 1619 2835 ποθὲν,
1655 2771 1749 2824 καὶ

174 2869 278 2922 τοῦ
302 2869 515 2939 ἔχοντος
544 2868 771 2922 πλούτου
796 2868 950 2921 τοῦδε
978 2868 1366 2938 ἀποστερήσει,
1405 2864 1631 2933 προσέτι
1653 2864 1751 2916 καὶ

176 2963 490 3030 τιμωρήσει
554 2959 778 3029 βιαίως·
823 2955 931 3013 εἴτε
982 2956 1075 3013 οὗν
1118 2959 1277 3011 τοῦτο
1315 2956 1618 3026 κατάδηλον
1673 2956 1750 3026 τῷ

180 3053 401 3123 βασιλεῖ
436 3051 657 3119 γεγονός
678 3068 693 3081 ·
725 3054 753 3105 ὁ
776 3051 831 3104 δὲ
854 3052 1001 3123 ἥκει,
1043 3050 1136 3103 καὶ
1165 3050 1256 3103 τὸν
1277 3049 1588 3118 ἀποστάτην
1612 3049 1751 3099 ἐκεῖ·

177 3162 275 3197 νον
308 3143 632 3213 τιμωρήσας
664 3142 927 3213 ἀνηλεῶς,
958 3142 1052 3194 καὶ
1088 3140 1179 3195 τὸν
1204 3139 1540 3210 ἀφελόμενον
1581 3136 1749 3189 πλοῦ-

177 3253 276 3290 τον
304 3234 382 3305 τῷ
403 3234 578 3304 ἔχοντι
595 3234 896 3286 ἀποδώσει*
923 3232 1102 3286 καίτοι
1133 3232 1228 3285 καὶ
1258 3231 1442 3284 πλεῖον
1468 3228 1562 3282 τοῦ
1617 3245 1753 3298 προ-

178 3328 346 3398 τέρου
370 3326 695 3396 ὲπιχαρήσει
721 3327 948 3394 σημεῖον
1000 3324 1299 3395 βασιλικὸν,
1348 3323 1375 3375 ὃ
1402 3323 1495 3375 καὶ
1526 3320 1754 3390 φοϐερὸν

177 3420 397 3489 γίνεται
438 3418 551 3480 τοῖς
587 3417 932 3479 ὑπεναντίοις
952 3434 967 3449 ο
990 3415 1218 3486 τοιούτῳ
1248 3414 1537 3484 τοιγαροῦν
1571 3430 1754 3483 παρα-

179 3510 439 3579 δείγματι
484 3509 581 3561 καὶ⁸
621 3510 649 3562 ὁ
675 3508 945 3578 ἡμέτερος
975 3506 1178 3575 Κύριος
1216 3507 1452 3575 ποιήσας
1500 3504 1577 3574 τῷ
1616 3506 1753 3557 ἀπο-

184 3601 360 3672 στάτῃ
392 3598 603 3671 ἐχθρῷ,
638 3598 1019 3668 δέδωκενήμῖν
1049 3597 1217 3650 πλείω
1252 3595 1344 3649 τοῦ
1390 3596 1654 3667 προτέρου
1701 3597 1756 3647 ὲ·-

182 3690 370 3745 κείνου
394 3690 494 3762 τὴν
534 3690 694 3761 χάριν
738 3678 838 3759 τῆς
867 3686 1305 3757 παλιγγενεσίας.
1367 3687 1461 3749 Εἰς
1490 3684 1619 3754 γοῦν
1657 3685 1757 3754 τὴν

183 3782 545 3850 ἀναγέννησιν
565 3780 632 3835 δι’
659 3780 849 3841 ῦδατός
876 3797 935 3833 τε
966 3781 1061 3832 καὶ
1078 3779 1415 3848 Πνεύματος,
1444 3775 1592 3845 διττὴ
1622 3776 1755 3843 ἡμῖν

182 3874 398 3943 γίνεται
427 3875 461 3943 ή
490 3871 741 3943 παροῦσα
772 3870 1065 3943 κάθαρσις·
1115 3868 1201 3922 διὰ
1231 3867 1329 3938 μὲν
1361 3865 1457 3919 τοῦ
1488 3865 1678 3926 ῦδατος
1697 3863 1757 3916 τὸ

186 3967 351 4035 σῶμα
376 3965 680 4035 σμήχεται,
720 3965 816 4017 καὶ
862 3963 952 4017 διὰ
985 3961 1081 4015 τοῦ
1111 3959 1425 4029 Πνεύματος
1452 3957 1514 4009 τὸ
1537 3953 1755 4024 πνεῦμα

186 4054 619 4119 ἀνακαινίξεται.
658 4055 782 4117 Πῶς
809 4054 918 4123 γὰρ
952 4054 1013 4107 οὐ
1042 4040 1266 4105 δυνατδν
1295 4045 1663 4118 εὐφρανθῆναί
1692 4063 1751 4098 τε

186 4149 285 4203 καὶ
316 4146 574 4218 χορεῦσαι
603 4144 701 4216 τὴν
730 4143 885 4214 ήμῶν
912 4142 1183 4212 σωτηρίαν
1203 4139 1346 4206 ;’κα“ι
1369 4138 1499 4208 γὰρ,
1527 4136 1601 4200 ὡς
1627 4135 1757 4202 ἐγω-

186 4254 254 4305 γε
283 4233 459 4305 οἶμαι,
492 4237 521 4288 ὁ
550 4233 623 4305 μὴ
645 4232 1070 4303 εὐφραινόμενος
1101 4232 1200 4301 τὴν
1234 4227 1517 4299 παροῦσαν
1544 4226 1755 4297 ἡμέραν

189 4326 285 4381 τοῦ
330 4327 486 4394 ἁγίου
512 4325 910 4396 βαπτίσματος,
938 4322 1000 4375 ού
1033 4322 1297 4391 σωτήριος
1326 4319 1474 4388 αὐτῷ
1505 4318 1755 4387 φαίνεται

1852 596 2101 645 sanctum
2132 596 2379 644 servetur
2407 589 2696 658 jejunium.
2727 587 3036 643 Nativitatis
3062 589 3263 646 Christi
3293 607 3417 660 per-

1851 678 2096 749 vigiliam
2130 678 2305 749 jejuni
2344 679 2672 748 peragimus,
2712 687 2766 732 et
2812 678 2955 732 hunc
3001 678 3145 732 diem
3178 681 3420 735 sanctiﬁ-

1850 782 2041 824 camus
2079 768 2285 838 absque
2308 768 2549 838 piscibus
2576 776 2630 822 et
2660 767 2800 831 oleo,
2825 777 3051 838 excepto
3086 769 3326 826 Sabbato
3354 784 3419 826 ac

1850 858 1939 913 die
1968 857 2273 922 Dominico,
2305 858 2509 928 quibus
2544 858 2630 913 his
2675 858 2966 913 vescimur.
3009 860 3182 914 Simili
3208 862 3421 916 ratione

1851 949 2205 1019 transigimus
2234 958 2433 1003 caetera
2480 963 2697 1019 quoque
2745 948 3029 1019 pervigilia
3076 948 3279 1005 Christi
3329 965 3420 1007 so-

1852 1040 2190 1095 lemnitatum
2225 1055 2242 1095 :
2272 1039 2411 1095 festo
2442 1050 2624 1096 tamen
2664 1049 2925 1110 sequente
2949 1040 3220 1112 jejunium
3249 1043 3417 1098 solvi-

1850 1147 1995 1198 mus,
2030 1145 2355 1202 quacunque
2383 1131 2602 1186 demum
2654 1131 2741 1186 die
2767 1132 3092 1198 obvenerit,
3159 1142 3220 1188 ιιι
3251 1147 3416 1204 supra

1850 1223 2088 1277 diximus
2128 1265 2144 1290 ,
2197 1222 2252 1276 in
2288 1221 2548 1277 honorem
2602 1220 2779 1277 Patris
2833 1222 2922 1276 cui
2964 1221 3332 1291 complacuit,
3365 1232 3420 1277 et

1849 1314 1962 1367 nati
1988 1312 2132 1367 Filii.
2165 1312 2287 1367 Jam
2325 1312 2468 1367 sicut
2498 1313 2677 1382 ipsum
2714 1312 2865 1366 illum
2899 1312 3065 1380 diem,
3100 1314 3173 1368 ita
3196 1320 3251 1368 et
3281 1314 3418 1368 alios

1850 1418 1943 1459 sex
1976 1404 2311 1474 peragimus,
2346 1418 2411 1458 ne
2434 1404 2616 1458 tristes
2638 1392 3025 1473 appareamus,
3052 1405 3192 1460 sicut
3218 1404 3417 1477 ingrati
3454 1448 3459 1456 .

1849 1494 2059 1560 Judaai,
2078 1495 2133 1549 in
2163 1496 2303 1564 ejus,
2329 1495 2423 1563 qui
2456 1510 2558 1550 nos
2597 1493 2934 1562 reformavit,
2965 1496 3272 1552 nativitate.

1921 1760 1974 1813 7.
2005 1756 2174 1813 Porro
2224 1757 2278 1812 in
2337 1756 2617 1827 pervigilio
2646 1773 2866 1829 quoque
2896 1759 3165 1816 luminum
3200 1762 3417 1831 jejuna-

1853 1866 1976 1905 mus
1998 1851 2250 1905 similiter
2278 1851 2347 1905 ab
2374 1852 2518 1917 oleo,
2541 1852 2804 1922 piscibus,
2840 1853 3069 1923 aliisque
3092 1854 3416 1917 condituris,

1854 1949 1966 1995 toto
1990 1941 2099 1995 die.
2131 1941 2198 1995 At
2226 1956 2357 1997 vero
2385 1941 2565 2011 ipsum
2609 1942 2751 1997 diem
2779 1942 3097 2013 Epiphaniae
3121 1984 3137 2009 ,
3193 1945 3420 2014 quilibet

1852 2032 1967 2088 dies
1990 2033 2080 2096 sit,
2110 2033 2315 2103 absque
2334 2034 2444 2088 ulla
2477 2034 2805 2090 abstinentia
2827 2036 3063 2107 agimus,
3088 2037 3156 2091 ad
3189 2038 3416 2107 gratiam

1852 2133 1907 2179 et
1934 2125 2156 2195 gloriam
2188 2126 2481 2195 baptizati;
2516 2135 2678 2198 atque
2720 2129 2791 2183 ob
2828 2136 2993 2183 tanta}
3025 2129 3211 2199 gratia:
3254 2144 3417 2184 exor-

1851 2215 2000 2270 dium
2024 2257 2038 2281 ,
2075 2216 2399 2273 mersionem
2429 2232 2650 2287 quoque
2686 2218 2960 2288 publicam
3003 2220 3255 2275 facimus.
3306 2219 3423 2277 Hoc

1852 2316 2035 2361 autem
2059 2316 2302 2361 nostrum
2331 2307 2396 2361 de
2429 2307 2699 2363 homicida
2722 2309 2943 2365 diabolo
2979 2310 3239 2380 gaudium
3268 2310 3421 2379 ejus-

1851 2396 1998 2452 modi
2031 2406 2150 2463 est;
2187 2412 2283 2451 ceu
2308 2396 2354 2451 si
2380 2397 2506 2467 quis
2540 2414 2702 2468 opum
2726 2401 2899 2471 gratia
2934 2416 2964 2455 a
2997 2416 3123 2472 rege
3173 2410 3418 2471 accepta,

1849 2501 1911 2541 ea
1946 2489 2149 2555 potitus
2188 2487 2329 2554 apud
2370 2503 2429 2543 se
2463 2489 2804 2547 laetabundus
2856 2490 3148 2547 fueretur:
3191 2503 3246 2547 at
3268 2495 3417 2547 enim

1850 2588 1975 2650 post
1999 2588 2212 2647 tempus
2240 2578 2482 2648 aliquod,
2529 2581 2713 2635 nescio
2747 2582 2870 2651 quis
2896 2582 3039 2637 alius
3068 2583 3283 2638 hostilis
3315 2584 3419 2637 ad-

1851 2670 2127 2727 versarius
2160 2681 2323 2741 atque
2351 2671 2621 2738 superbus
2646 2688 2770 2726 eum
2801 2673 3057 2727 alicunde
3076 2675 3418 2745 aggrediens,

1849 2765 2120 2833 possessis
2179 2764 2378 2833 opibus
2433 2764 2717 2833 spoliaret,
2798 2767 3133 2835 insuperque
3183 2767 3422 2822 violenta

1852 2869 2010 2924 pmna
2069 2854 2327 2924 afﬂigeret
2361 2872 2373 2908 :
2406 2869 2515 2923 quo
2551 2870 2678 2908 mox
2710 2854 2957 2911 facinore
2994 2857 3107 2928 regi
3141 2858 3419 2923 nuntiato,

1854 2947 1900 3001 is
1930 2947 2325 3016 superveniret,
2360 2961 2426 3001 ac
2468 2946 2721 3002 rebellem
2754 2947 2907 3002 illum
2942 2949 3062 3003 sine
3098 2950 3422 3003 misericor-

1851 3040 1939 3093 dia
2002 3039 2239 3108 puniret,
2304 3048 2358 3092 et
2414 3048 2656 3108 ereptam
2712 3040 2948 3108 praedam
2982 3041 3150 3109 priori
3193 3041 3423 3095 domino

1854 3131 2185 3187 restitueret.
2234 3128 2301 3184 Et
2346 3130 2565 3199 quidem
2611 3132 2786 3201 magis
2838 3131 3003 3185 etiam
3052 3146 3216 3201 quam
3260 3139 3423 3186 antea

1856 3222 2122 3275 laetabitur
2166 3221 2237 3275 ob
2294 3221 2399 3276 hoc
2438 3222 2649 3289 regium
2695 3221 2931 3288 facinus,
2972 3224 3117 3290 quod
3158 3222 3424 3277 formida-

1858 3313 1963 3368 bile
1989 3313 2317 3369 adversariis
2363 3314 2444 3368 fit.
2472 3313 2597 3369 Pari
2629 3329 2757 3384 ergo
2796 3314 2962 3368 modo
2992 3313 3256 3367 Dominus
3282 3328 3424 3381 quo-

1858 3420 1965 3475 que
1996 3414 2180 3460 noster
2221 3415 2412 3461 contra
2445 3406 2701 3461 rebellem
2746 3407 2959 3461 hostem
2985 3421 3045 3462 se
3078 3420 3296 3477 gerens,
3327 3403 3426 3459 de-

1859 3498 1937 3552 dit
1964 3498 2123 3552 nobis
2154 3498 2412 3565 majorem
2438 3513 2603 3567 quam
2634 3498 2709 3552 illi
2740 3499 2911 3567 priori
2946 3499 3159 3553 homini
3186 3498 3421 3568 gratiam

1859 3589 2302 3660 regenerationis.
2326 3588 2466 3658 Ergo
2497 3590 2553 3643 in
2585 3591 2686 3644 hac
2716 3604 2812 3658 per
2839 3605 3035 3659 aquam
3063 3598 3119 3643 et
3154 3588 3420 3657 Spiritum

1852 3676 2257 3747 regeneratione
2302 3677 2503 3747 duplex
2542 3678 2703 3733 nobis
2736 3678 2795 3732 fit
2820 3678 3171 3747 purificatio:
3220 3680 3424 3733 etenim

1852 3783 1949 3837 per
1976 3784 2173 3837 aquam
2208 3783 2405 3837 corpus
2448 3768 2699 3834 lavatur,
2750 3785 2849 3839 per
2904 3769 3165 3839 Spiritum
3202 3770 3428 3839 spiritus

1850 3868 2164 3912 renovatur.
2190 3857 2388 3924 Quidni
2446 3860 2614 3929 igitur
2654 3859 2946 3914 laztamlum
2977 3876 3042 3914 ac
3085 3861 3425 3929 gestiendum

1850 3951 2040 4005 salutis
2069 3959 2266 4003 nostra:
2290 3964 2453 4004 causa
2488 3949 2595 4005 sit?
2627 3949 2893 4017 Namque,
2926 3959 2985 4005 ut
3013 3966 3114 4022 ego
3143 3952 3426 4015 existimo,

1858 4044 1903 4096 si
1934 4044 2058 4112 quis
2086 4042 2188 4096 hoc
2217 4041 2306 4097 die
2358 4042 2535 4098 sancti
2588 4042 2843 4113 baptismi
2885 4058 2993 4098 non
3029 4045 3262 4105 laetatur,
3301 4044 3431 4098 huic

1861 4148 2202 4203 nequaquam
2254 4132 2474 4203 effulget
2519 4149 2757 4203 praesens
2814 4135 3003 4204 gratia,
3056 4136 3150 4191 sed
3202 4142 3430 4191 mmstus

1862 4235 2104 4294 apparet,
2135 4234 2188 4279 et
2223 4223 2523 4294 irreligiose
2566 4225 2923 4297 improbeque
2960 4242 3021 4283 se
3069 4228 3255 4294 habet,
3298 4229 3428 4282 dum

1863 4318 2101 4370 salutare
2130 4317 2332 4371 donum
2363 4318 2638 4372 tribuitur.

191 4421 227 4490 ή
258 4416 509 4489 παροῦσα
561 4417 751 4487 χάρις,
800 4413 935 4469 ἀλλὰ
985 4411 1323 4484 σκυθρωπῶς
1369 4410 1745 4480 ὑποφαίνεται,
1783 4405 1877 4459 καὶ
1941 4407 2116 4472 ἁθέως
2179 4408 2450 4463 διάκειται
2500 4410 2595 4462 καὶ
2627 4408 2881 4479 πονηρῶς
2920 4412 3016 4465 ἐπὶ
3065 4412 3133 4481 τῇ
3177 4412 3431 4486 σωτηρίῳ

191 4514 362 4570 δόσει.

265 4629 406 4699 Περί
432 4627 539 4697 τῆς
572 4624 899 4697 ἑϐδομάδος
917 4622 1027 4693 τῆς
1048 4624 1522 4693 προφωνησίμου
1549 4619 1685 4691 (17).

1938 4609 2016 4665 De
2044 4611 2371 4666 hebdomada
2402 4613 2836 4751 ρνοσίαηιαιὶἵιιίι
2872 4610 3103 4681 (Latinis
3144 4620 3360 4682 septua-

2526 4698 2719 4751 gesima
2752 4724 2765 4737 .

2526 4698 2765 4752 gemma).

267 4811 341 4875 η’.
388 4802 662 4864 Ὡσαύτως
696 4800 798 4870 τὴν
833 4802 932 4869 τῆς
973 4801 1269 4870 προφωνῖκ
1320 4795 1609 4865 ἑϐδομάδα,
1640 4795 1698 4845 ὲν
1721 4811 1754 4866 ῃ

1933 4793 1989 4849 8.
2031 4792 2294 4847 Similiter
2320 4793 2481 4847 etiam
2534 4792 2974 4861 proclamationis
3005 4792 3396 4847 hebdomadam

195 4892 629 4962 ἀναγινώσκεται
657 4892 718 4945 τὸ
758 4890 903 4961 ἱερὸν
922 4890 1249 4959 Εὑαγγέλιον
1283 4887 1377 4940 τοῦ
1410 4885 1641 4940 τελώνου
1665 4884 1759 4937 καὶ

198 4983 293 5038 τοῦ
321 4976 635 5053 Φαρισαίου,
682 4980 973 5049 διαλύομεν
1009 4980 1103 5033 καὶ
1134 4978 1304 5046 αὐτὴν
1350 4979 1431 5039 εἰς
1461 4978 1570 5029 πᾶν
1601 4970 1759 5037 εἶδος,

199 5072 384 5136 καθὼς
420 5074 529 5144 ἄρα
567 5071 945 5142 παρελάϐομεν
994 5070 1098 5123 ὑπὸ
1124 5070 1233 5125 τῶν
1263 5070 1370 5140 πρὸ
1404 5068 1562 5137 ὴμῶν
1593 5066 1763 5132 ἁγίων

201 5169 490 5239 Πατέρων·
525 5169 645 5238 οὐχὶ
682 5167 770 5221 διά
795 5182 917 5219 τινα
963 5165 1271 5236 ὀρθοδοξίαν
1320 5167 1354 5234 ἡ
1389 5164 1481 5217 νῦν
1533 5155 1766 5228 ἑϐδομὰς

1867 4882 1923 4936 in
1959 4899 2066 4953 qua
2121 4883 2316 4952 legitur
2376 4898 2594 4939 sacrum
2650 4882 2988 4952 evangelium
3047 4884 3319 4951 publicani
3380 4893 3438 4938 et

1866 4978 2144 5039 Pharisaei.
2176 4977 2482 5046 peragimus
2506 4979 2653 5030 omni
2699 4976 3032 5032 abstinentia
3063 4978 3315 5041 liberam,
3352 4978 3432 5031 si-

1870 5080 1962 5123 cut
1996 5086 2025 5122 a
2056 5068 2259 5124 sanctis
2283 5067 2484 5122 nostris
2519 5068 2775 5122 traditum
2802 5068 3055 5124 Patribus
3093 5070 3430 5139 accepimus.

1872 5160 2055 5230 Neque
2108 5161 2177 5214 ob
2245 5158 2485 5228 aliquam
2542 5159 2923 5215 orthodoxi-am
2961 5159 3100 5216 hanc
3133 5158 3435 5215 hebdoma-

1675 5336 1897 5393 ΝΟΤίΕ.

288 5458 390 5521 115)
426 5457 496 5507 De
522 5456 730 5523 jejunio
760 5455 1002 5526 Beipara:
1061 5455 1329 5524 appellato
1364 5457 1474 5526 agit
1525 5456 1758 5508 Anasta-

211 5528 326 5583 sius
358 5526 498 5595 apud
525 5526 854 5595 (.‘otelerium
882 5524 983 5593 Op.
1009 5534 1060 5579 et
1091 5537 1221 5578 tum.
1252 5526 1346 5578 cit.

279 5593 405 5661 (lGl
427 5595 565 5659 Quia
599 5593 835 5648 fortasse
878 5595 1165 5662 ambiguus
1198 5603 1280 5647 est
1326 5595 1413 5649 hic
1443 5595 1595 5648 locus
1622 5633 1637 5655 ,
1693 5606 1760 5645 en

209 5665 328 5732 ejus
352 5665 773 5719 declarationem
802 5680 869 5717 ex
892 5664 999 5715 alio
1019 5665 1223 5730 scripto
1245 5664 1310 5716 de
1340 5664 1563 5732 jejuniis
1590 5664 1641 5715 in
1666 5676 1761 5732 eo:

212 5730 331 5789 dem
367 5734 553 5788 codice
578 5772 613 5803 ,ν
648 5749 727 5803 ρη
767 5733 866 5786 165
901 5751 912 5784 :
949 5732 1025 5803 Τῇ
1058 5730 1353 5803 παραμονῇ
1395 5730 1488 5787 τοῦ
1523 5730 1759 5803 Χριστοῦ

212 5788 510 5872 γεννήσεως
536 5788 629 5857 κὰι
648 5788 770 5859 ’τῶν
800 5803 966 5871 ἁγίων
999 5788 1763 5873 δεοφᾶινέίων”νήστεις’διατηο

1868 5452 2089 5523 ροῦμεν,
2116 5454 2208 5523 καί
2232 5452 2302 5523 κού
2328 5452 2671 5522 καταλύομεν
2697 5450 2873 5503 ἔλαιον
2902 5450 2933 5519 ἦ
2969 5449 3175 5521 ἰχθύας,
3195 5451 3351 5515 ἐκτὸς
3382 5455 3435 5507 εἰ

1867 5522 2071 5593 τύχωσι
2104 5522 2364 5592 Σαϐϐάτῳ
2398 5523 2428 5591 ἢ
2462 5524 2737 5591 Κυριακῇ.

1939 5591 2050 5657 (Π)
2085 5591 2349 5645 Scribilur
2388 5594 2680 5661 aliquando
2706 5591 2867 5661 etiam
2898 5606 3098 5659 προσφ.
3128 5591 3220 5647 Sic
3252 5601 3430 5647 autem

1866 5663 2088 5723 dicitur,
2123 5663 2246 5728 quia
2280 5674 2409 5716 tunc
2456 5664 2816 5714 adnionentnr
2848 5660 3032 5713 ﬁdeles
3096 5662 3162 5715 de
3203 5670 3433 5715 venturo

1862 5732 2070 5800 jejunio
2100 5731 2273 5799 Super
2303 5732 2404 5786 hac
2443 5732 2716 5785 Dominica
2742 5738 2796 5800 et
2832 5729 3171 5787 hebdomada
3199 5733 3432 5788 Allatius

1866 5799 2084 5858 dissert.
2110 5818 2231 5856 mox
2265 5801 2502 5869 citanda,
2531 5801 2633 5857 col.
2664 5799 2798 5854 H14
2823 5814 2938 5869 seq.
