3976 6322
525 314 658 379 1699
1765 323 1826 382 s.
1865 319 2257 381 THEODORI
2292 321 2639 382 STUDITzE
3663 303 3816 366 1700

519 433 645 485 dam
707 432 776 484 ita
829 430 1203 499 transigimus,
1260 432 1355 486 sed
1420 443 1483 488 ut
1538 433 1900 503 irreligiosum
1962 433 2094 486 illud

2208 433 2491 497 διαλύεται,
2531 433 2646 486 ἀλλ’
2671 431 2758 484 ἵνα
2784 430 2928 491 ὅπως
2951 427 3012 479 τὸ
3043 425 3200 478 ἄθεον
3235 424 3414 477 ἐκεῖνο
3446 420 3643 490 δόγμα
3683 419 3816 470 ὄψ’

522 526 715 591 dogma
768 524 1093 593 explodatur
1123 525 1485 595 impurissimi
1525 524 1667 580 Petri
1712 526 2092 580 Armeniorum

2208 527 2328 597 λυθῇ
2382 527 2476 579 τοῦ
2519 523 2875 595 παμϐεεήλου
2931 520 3136 590 Πέτρου
3203 515 3512 568 ἐπισκόπου
3575 512 3809 579 Ἀρμε-

522 614 785 683 episcopi.
830 630 992 684 quem
1035 614 1394 685 Lycopetrum
1433 618 1589 686 vulgo
1634 617 1844 673 dicunt.
1885 616 2097 686 Quippe

525 706 615 759 ille
670 707 832 774 plane
887 707 1209 762 maledictus
1257 708 1452 779 dogma
1505 710 1699 765 statuit
1731 711 2096 764 sectatoribus

525 797 662 858 suis.
697 807 756 850 ut
789 799 931 852 hanc
986 799 1384 853 hebdomadam
1425 815 1523 853 ceu
1555 809 1800 854 sanctam
1839 803 2098 855 observa-

527 898 648 938 rent
677 896 866 949 totam,
896 898 1117 958 propter
1151 889 1336 958 lupum
1390 891 1576 944 nescio
1602 906 1764 959 quem
1798 894 2094 960 pessimum

526 989 580 1031 et
605 980 1044 1035 ahominahilem.
1074 979 1186 1037 Nos
1209 997 1339 1036 vero
1369 982 1458 1036 Dei
1490 984 1644 1054 plebs
1676 985 1901 1038 liberam
1923 997 2097 1040 totam

527 1072 905 1141 transigimus,
935 1075 1004 1128 ob
1038 1073 1254 1127 illorum
1305 1092 1427 1129 cum
1466 1093 1565 1130 suo
1614 1077 1922 1146 irreligioso
1961 1080 2100 1134 stul-

531 1173 692 1231 teque
736 1167 987 1234 dogmate
1028 1166 1430 1222 refutationem.
1487 1168 1743 1223 Testatur
1782 1178 1963 1224 autem
1999 1171 2101 1224 ali-

529 1256 656 1308 rubi
688 1256 927 1322 ipsorum
961 1258 1354 1313 absurditatem
1402 1276 1629 1329 magnus
1661 1261 1822 1316 etiam
1857 1263 1911 1316 in
1942 1263 2100 1316 theo-

539 1349 681 1416 logia
713 1348 1136 1420 Gregorinssie'
1168 1369 1181 1406 ε
1215 1351 1368 1404 Haud
1403 1353 1628 1420 simplex
1657 1354 1788 1406 tnihi
1821 1363 2100 1421 comperta

529 1449 613 1502 est.
655 1441 1041 1495 Armeniorum
1095 1458 1249 1512 gens,
1292 1443 1386 1498 sed
1427 1444 1694 1498 latebrosa
1739 1454 1793 1500 et
1831 1446 2098 1513 subdola;

529 1533 732 1601 quibus
765 1534 943 1587 verbis
977 1536 1168 1588 horum
1200 1536 1356 1589 fidem
1393 1551 1490 1590 ceu
1517 1537 1827 1590 obvolutam
1856 1538 2096 1608 sugillat.

533 1624 794 1678 Similiter
827 1635 880 1679 et
920 1625 973 1680 in
1009 1625 1345 1681 hebdomada
1380 1629 1725 1699 caseoprivii.
1763 1638 1885 1699 post
1912 1632 2100 1684 horam

531 1732 732 1770 nonam
794 1733 955 1773 caseo
999 1728 1054 1773 et
1099 1720 1217 1775 ovis
1273 1723 1568 1784 vescimur,
1605 1724 1758 1776 utab
1792 1723 1960 1794 impio
1993 1725 2096 1778 ritu

532 1807 849 1862 recedamus
886 1806 1258 1864 Jacobitarum
1306 1819 1360 1866 et
1415 1811 1843 1868 Tetraditarum.
1882 1813 2014 1868 Nam
2047 1816 2099 1870 in

535 1900 864 1969 tyrophagiae
916 1901 1275 1965 hebdomada,
1343 1905 1547 1959 idcirco
1601 1906 1752 1958 vetiti
1803 1923 2015 1968 sumus.
2045 1921 2103 1962 ut

530 2004 634 2058 ego
658 1991 915 2053 arbitror,
947 2006 977 2044 a
1016 1993 1220 2052 sanctis
1252 1992 1505 2049 Patribus
1527 2009 1690 2049 carne
1718 1998 1882 2060 vesci,
1921 1998 2003 2050 vel
2033 1999 2103 2052 ob

533 2081 823 2136 monastici
875 2081 1082 2134 ordinis
1124 2087 1468 2150 memoriam,
1516 2086 1602 2141 vel
1631 2087 1702 2142 ob
1735 2096 1920 2159 typum
1948 2105 2104 2145 novae

531 2185 792 2241 puraeque
823 2173 944 2228 vitae
967 2175 1359 2231 exhibendum.
2100 2185 2102 2190 ’

601 2351 657 2404 9.
685 2349 805 2404 Jam
825 2351 881 2404 in
897 2361 1084 2406 sancta
1109 2369 1416 2425 magnaque
1431 2356 1844 2428 quadragesima
1868 2361 2031 2416 semel
2049 2361 2102 2416 in

532 2441 623 2495 die
658 2444 953 2508 vescimur,
1003 2445 1133 2499 hora
1184 2463 1348 2512 nona,
1414 2459 1468 2503 et
1505 2451 1725 2519 quidem
1762 2452 1952 2513 aridis,
2009 2463 2105 2508 aut

533 2535 698 2588 etiam
749 2536 1116 2606 leguminibus
1170 2541 1381 2609 absque
1416 2542 1577 2607 oleo;
1631 2560 1808 2614 neque
1840 2545 1968 2599 vino
1999 2547 2106 2600 uti-

536 2643 681 2691 mur,
713 2640 940 2698 excepto
969 2628 1206 2685 Sabbato
1232 2642 1286 2686 et
1313 2633 1400 2686 die
1430 2631 1734 2690 Dominico.
1755 2636 2105 2692 Comedimus

535 2728 592 2772 et
629 2735 790 2773 omne
821 2737 993 2790 genus
1020 2731 1404 2789 testaceorum,
1436 2731 1490 2778 et
1521 2727 1739 2781 ossibus
1776 2728 2102 2794 carentium,

534 2821 590 2865 et
614 2812 963 2879 salsamenta,
1000 2815 1370 2870 indubitanter
1397 2834 1410 2869 :
1443 2818 1621 2885 pisces
1645 2834 1984 2890 nequaquam
2013 2839 2108 2892 per

537 2901 642 2956 hoc
694 2913 944 2959 sanctum
991 2905 1284 2975 jejunium,
1341 2917 1567 2978 excepto
1627 2908 1886 2976 Sabbato,
1939 2924 1992 2967 et
2023 2915 2108 2968 die

537 2996 840 3064 palmarum
876 2997 1177 3063 Dominico,
1219 3002 1287 3055 ad
1325 3001 1590 3057 honorem
1627 3005 1746 3073 ejus
1777 3007 1872 3075 qui
1913 3009 2106 3078 ajeju-

2194 619 2322 672 νίων
2348 619 2482 690 (18),
2512 618 2572 671 δν
2596 616 2692 671 καὶ
2726 614 3071 682 Λυκόπετρον
3097 605 3237 663 οἶδεν
3268 611 3296 661 ό
3329 607 3496 674 λόγος
3562 602 3808 657 καλεῖν.

2198 709 2438 771 Ἐκεῖνος
2469 717 2648 760 τοίνυν
2675 706 2704 757 ό
2734 702 3170 775 τρισκατάρατος
3196 697 3571 768 ἐνομοθέτησε
3613 694 3812 763 δόγμα

2194 802 2310 863 τοῖς
2337 799 2484 868 αὑτῷ
2513 797 2920 865 συνεπομένοις,
2953 795 3040 847 ἵνα
3061 793 3160 862 τὴν
3180 791 3274 844 νῦν
3301 787 3588 856 ἑϐδομάδα
3612 785 3803 855 ἁγνὴν

2197 892 2376 943 πᾶσαν
2407 888 2757 959 διατηρῶσιν,
2777 886 2869 939 διλά
2907 901 3046 946 τινος
3076 882 3240 935 λύκου
3279 880 3392 951 (19)
3431 877 3646 931 σκαιοῦ
3706 878 3812 929 κα)⁵

2202 981 2614 1054 μυσαρωτάτου.
2642 981 2832 1047 Ἡμεῖς
2852 978 2909 1030 δὲ
2935 979 2964 1030 ὁ
2988 975 3083 1030 τοῦ
3106 975 3311 1052 Κυρίου
3336 972 3470 1034 λαὸς
3491 971 3810 1040 διαλὺομεν

2199 1076 2402 1133 πᾶσαν,
2425 1073 2559 1141 πρὸς
2597 1071 2908 1140 ἀνατροπὴν
2932 1069 3154 1122 ἐκείνων
3208 1066 3304 1118 καὶ
3337 1063 3437 1116 τοῦ
3479 1064 3658 1116 ἀθέου
3700 1062 3807 1114 καὶ

2197 1165 2425 1234 ἀνοήτου
2489 1163 2779 1232 δόγματος.
2831 1159 3231 1230 Συμμαρτυρεῖ
3281 1173 3385 1209 που
3427 1155 3651 1207 τούτων
3696 1154 3807 1222 τὴν

2177 1256 2670 1333 ⁸οξὶλττανθρωτιεόττητα
2699 1255 2791 1306 καὶ
2818 1252 2846 1302 ό
2873 1254 2931 1304 ὲν
2963 1251 3213 1320 θεολογία
3252 1250 3428 1319 μέγας
3469 1247 3805 1317 Γρηγόρεος

2198 1348 2371 1415 λέγων
2405 1363 2422 1380 ο
2449 1347 2563 1418 Οὐχ
2594 1345 2798 1400 ἁπλοῦν
2826 1345 2983 1413 γένος
3012 1343 3250 1412 εὑρίσκω
3281 1340 3393 1394 τῶν
3433 1339 3799 1408 ’Λρμενίων,

2199 1443 2338 1512 ἀλλὰ
2363 1443 2562 1511 μᾶλλον
2588 1447 2829 1512 κρυπτὸν
2867 1457 2927 1492 τε
2947 1441 3040 1492 καὶ
3065 1438 3269 1508 ὕφαλον
3300 1436 3447 1503 (Ξο)⁶
3481 1436 3803 1504 διακωμῳο

2199 1509 2306 1589 δῶν
2332 1509 2534 1588 τούτων
2572 1509 2671 1602 τήν
2703 1534 2801 1604 τῆς
2839 1533 3077 1594 πίστεως
3112 1530 3451 1598 ὑφαλότητα.
3500 1527 3801 1589 Ὡσαύτως

2202 1626 2298 1681 καὶ
2321 1625 2417 1698 τὴν
2441 1625 2540 1695 τῆς
2570 1622 3022 1698 τυροαποθὲσεως
3048 1618 3323 1688 ἑϐδομάδα
3349 1615 3659 1681 διαλύομεν
3696 1617 3800 1668 καὶ

2203 1723 2370 1790 αὐτὴν
2392 1721 2532 1791 μετὰ
2558 1722 2654 1792 τὴν
2686 1720 2914 1783 ἐννάτην
2966 1718 3046 1778 είς
3071 1714 3235 1784 τυρὸν
3265 1714 3362 1766 καὶ
3402 1711 3509 1774 ὼὰ,
3554 1710 3632 1761 ἵν’
3661 1712 3804 1762 ἀνα-

2201 1817 2490 1886 στρέψωμεν
2525 1813 2623 1885 τὴν
2657 1811 2892 1879 δυσσεϐῆ
2928 1808 3228 1879 θρησκείαν
3257 1806 3368 1858 τῶν
3442 1801 3800 1856 Ἰακωόιτῶν

2204 1909 2298 1962 καὶ
2320 1903 2659 1978 Τετραδιτῶν
2683 1904 2826 1974 (21)·
2858 1901 2998 1970 αὕτη
3024 1900 3204 1951 τοίνυν
3231 1899 3265 1965 ἡ
3289 1894 3610 1965 τυροφάγος
3637 1891 3799 1944 ἑϐδο-

2206 2001 2348 2072 μὰς,
2389 1999 2463 2063 ὡς
2509 1997 2685 2065 ἔγωγε
2713 1991 2888 2064 οἶμαι,
2921 1991 3169 2060 ἐκωλύθη
3188 1990 3282 2043 τοῦ
3323 1987 3400 2058 μὴ
3437 1984 3652 2039 ἐσθίειν
3695 1983 3800 2037 αὑ-

2203 2094 2299 2165 τὴν
2329 2091 2465 2164 κρέα
2495 2090 2598 2144 ὑπὸ
2619 2089 2726 2144 τῶν
2760 2087 2930 2154 ἁγίων
2965 2085 3242 2156 Πατὲρων,
3260 2082 3325 2134 δι’
3350 2079 3673 2149 ἀνάμνησιν
3690 2076 3800 2146 τῆς

2205 2181 2503 2252 μοναχικῆς
2524 2177 2796 2249 τάξεως,ἢ
2825 2175 2912 2231 διὰ
2936 2175 3110 2229 τύπου
3137 2173 3238 2243 τῆς
3266 2172 3394 2234 νέας
3415 2170 3513 2222 καὶ
3535 2167 3800 2231 καθαρᾶς

2204 2273 2479 2335 πολιτείας
2515 2271 2650 2342 (22).

2273 2364 2340 2419 θ’.
2366 2364 2478 2434 Τὴν
2503 2364 2559 2417 δὲ
2576 2363 2735 2431 ἁγίαν
2763 2361 2860 2416 καὶ
2889 2358 3131 2429 μεγάλην
3156 2352 3614 2426 τεσσαρακοστὴν
3641 2348 3799 2412 ἅπαξ

2203 2455 2455 2524 ἐσθίομεν
2498 2457 2598 2524 τῆς
2625 2453 2839 2521 ἡμέρας
2894 2451 2952 2502 ὲν
2980 2451 3045 2518 τῇ
3101 2449 3146 2500 θ’
3186 2444 3549 2516 ξηροφαγίαν,
3611 2441 3649 2512 ἢ
3695 2441 3798 2493 καὶ

2203 2549 2405 2618 ὄσπρια
2431 2545 2558 2599 ἄνευ
2584 2543 2765 2596 ἐλαίου
2785 2559 2799 2572 ·
2835 2540 2960 2594 οὔτε
2990 2537 3157 2601 οίνον,
3181 2537 3357 2609 πάρεξ
3376 2535 3669 2588 Σαϐϐάτου
3691 2531 3796 2585 καὶ

2206 2638 2521 2708 Κυριακῆςο
2554 2636 2805 2706 ἐσθίομεν
2845 2651 2902 2686 τε
2954 2632 3051 2686 καὶ
3081 2628 3574 2700 ὀστρακοδέρματα
3603 2625 3794 2677 πάντα

2205 2729 2434 2783 ἀνόστεά
2479 2744 2538 2780 τε
2590 2726 2684 2780 κα).
2723 2723 2960 2794 ταρύχια
3009 2721 3435 2782 ἁνενδοιάστως·
3486 2715 3684 2784 ίχθύας
3733 2712 3794 2766 δὲ

2205 2826 2456 2896 οὐδαμῶς
2476 2824 2730 2894 ἐσθίομεν
2753 2821 2851 2892 τὴν
2898 2819 3064 2889 ἁγίαν
3108 2817 3276 2886 αὐτὴν
3327 2812 3614 2886 νηστείαν,
3642 2811 3789 2880 πλὴν

2205 2923 2272 2991 τῇ
2299 2919 2481 2989 ἡμέρᾳ
2507 2917 2601 2970 τοῦ
2637 2913 3052 2978 Σαϐϐάτςυ,καὶ
3071 2913 3137 2981 τῇ
3155 2909 3409 2978 κυριακῇ
3442 2904 3555 2957 τῶν
3594 2901 3790 2972 ﬂuunt

2208 3014 2287 3074 είς
2319 3009 2475 3074 δόξαν
2490 3007 2582 3061 τοῦ
2601 3007 2952 3068 κατελθόντος
2976 3006 3039 3056 ἐκ
3070 3003 3170 3071 τῆς
3221 2998 3498 3069 νηστείας,
3531 2997 3632 3050 καὶ
3657 3013 3790 3049 συν-

536 3088 631 3141 nio
656 3089 900 3151 veniens,
925 3091 1174 3145 convivio
1207 3092 1453 3149 interfuit
1480 3105 1604 3163 post
1640 3096 1832 3150 Lazari
1871 3101 2105 3154 suscita-

2209 3103 2582 3163 εσθιασθέντος
2635 3099 2727 3153 ἐπὶ
2793 3099 2858 3166 τῇ
2900 3095 2994 3148 τοῦ
3043 3095 3294 3165 Λαζάρου
3322 3092 3580 3160 ὲγέρσει·
3613 3091 3648 3160 ἢ
3691 3087 3790 3142 καὶ

535 3179 738 3234 tionem
765 3199 778 3234 :
810 3182 895 3236 vel
935 3183 1158 3237 omnino
1188 3185 1375 3250 etiam,
1416 3187 1541 3256 quia
1567 3196 1618 3240 et
1649 3188 1763 3243 haec
1792 3205 1896 3242 una
1923 3199 2007 3244 est
2045 3192 2112 3246 de

539 3273 713 3327 sacris
744 3272 950 3328 Christi
995 3276 1458 3333 solemnitatibus.
1489 3280 1560 3334 At
1594 3281 1738 3334 enim
1779 3292 1967 3337 sancta
1998 3301 2113 3340 ma-

539 3379 642 3433 gna
691 3364 1021 3420 hohdomada
1068 3367 1240 3436 jejuni
1267 3371 1491 3423 omnino
1523 3381 1856 3440 perstamus,
1901 3375 1945 3429 si
1986 3377 2109 3432 ﬁeri

539 3463 736 3525 potest,
762 3459 968 3526 absque
989 3459 1152 3512 etiam
1181 3459 1303 3514 olco
1332 3470 1386 3514 et
1412 3460 1577 3527 vino;
1607 3464 1712 3518 nisi
1755 3467 1899 3534 quod
1930 3467 1981 3520 in
2018 3485 2114 3524 no-

540 3556 732 3601 cturna
759 3549 939 3618 vigilia
973 3560 1176 3605 sanctae
1207 3552 1501 3620 passionis,
1537 3555 1774 3612 bibimus
1800 3559 2004 3628 aliquid
2040 3561 2112 3615 ob

541 3641 914 3695 necessitatem
965 3659 1028 3698 ac
1074 3645 1340 3700 laborem.
1375 3647 1652 3717 Jejnnium
1705 3655 1904 3721 pariter
1941 3671 2113 3724 usque

543 3732 610 3785 ad
658 3748 938 3802 vesperam
1000 3751 1198 3806 magno
1249 3740 1488 3794 Sabbato
1546 3743 1951 3805 continuamus.
1988 3747 2110 3810 hoc,

542 3822 789 3892 inqttam,
821 3827 940 3880 solo
993 3830 1160 3883 totius
1191 3831 1319 3882 anni
1355 3829 1612 3886 Sabbato.
1663 3835 1732 3887 At
1774 3851 1902 3889 vero
1941 3845 2110 3890 lotam

543 3915 910 3970 diaetenesimi
972 3918 1091 3987 (lat.
1149 3920 1201 3973 in
1245 3921 1406 3988 albis)
1466 3922 1859 3978 hebdomadam
1904 3926 2114 3993 jejunio

543 4004 769 4059 liberam
805 4008 1038 4073 agimus,
1076 4010 1141 4063 ad
1173 4009 1434 4065 honorem
1474 4012 1589 4078 ejus
1618 4015 1711 4083 qui
1744 4031 1843 4070 nos
1868 4017 2110 4071 viviﬁca-

541 4097 623 4151 vit
641 4096 763 4152 Filii
797 4098 912 4154 Dei.
943 4099 1098 4166 Quod
1125 4102 1172 4157 si
1208 4102 1331 4171 quis
1361 4103 1411 4156 in
1441 4103 1543 4158 hac
1564 4105 1704 4158 haud
1743 4108 2116 4163 indubitanter

545 4192 814 4253 comedat,
846 4193 938 4246 sed
967 4193 1188 4262 judaice
1239 4196 1445 4251 tristem
1479 4212 1539 4250 se
1571 4207 1746 4265 gerat,
1793 4211 2112 4256 sanctorum

542 4283 762 4337 Patrum
793 4286 1122 4340 anathemati
1151 4287 1491 4355 subjiciatur.

615 4373 702 4426 10.
733 4373 802 4427 At
839 4375 982 4427 enim
1033 4391 1064 4429 a
1102 4381 1342 4432 secunda
1398 4377 1623 4433 Thomas
1671 4379 1839 4453 (dom.
1874 4380 1927 4435 in
1950 4381 2113 4451 albis)

2209 3195 2481 3267 ἁριδήλως
2507 3194 2583 3257 ὡς
2644 3192 2741 3264 μία
2775 3190 2912 3244 οὖσα
2945 3188 3038 3243 καὶ
3071 3187 3208 3259 αὑτὴ
3259 3186 3368 3239 τῶν
3408 3183 3506 3237 τοῦ
3541 3180 3787 3253 Χριστοῦ

2212 3288 2373 3341 θείων
2409 3285 2633 3358 ἑορτῶν.
2681 3283 2795 3352 Τὴν
2828 3282 2882 3335 δὲ
2910 3281 3072 3349 ἁγίαν
3105 3278 3348 3349 μεγάλην
3374 3275 3656 3344 ἑϐδομάδα
3686 3274 3787 3343 νή-

2214 3397 2358 3442 στεις
2391 3378 2607 3440 πάντως
2631 3373 3014 3444 διατηροῠμεν,
3055 3374 3103 3424 εἰ
3128 3369 3353 3423 δυνατὸν
3375 3409 3391 3432 ,
3420 3366 3548 3420 οὔτε
3579 3366 3783 3430 ἔλαιον,

2212 3471 2334 3526 οὔτε
2365 3468 2526 3533 οἶνον,
2572 3465 2746 3536 πάρεξ
2767 3468 2834 3537 τῇ
2889 3462 3168 3532 ἀγρυπνία
3217 3459 3327 3511 τῶν
3361 3459 3536 3526 ἁγίων
3567 3456 3782 3520 παθῶν,

2216 3565 2362 3621 πίειν
2397 3580 2450 3614 τι
2473 3559 2608 3630 πρὸς
2633 3561 2731 3628 τὴν
2755 3556 2945 3628 χρείαν
2973 3556 3062 3608 διὰ
3083 3555 3176 3606 τὸν
3217 3553 3388 3604 κόπον
3407 3567 3422 3582 ·
3455 3550 3664 3620 ὁμοίως
3685 3550 3782 3617 νή-

2215 3671 2360 3716 στεις
2407 3653 2514 3714 ἕως
2545 3649 2642 3712 ὀψὲ
2692 3649 2769 3719 τῷ
2822 3646 3045 3717 μεγάλῳ
3089 3644 3357 3714 Σαϐϐάτῳ
3386 3643 3778 3713 διατηροσμεν,

2213 3744 2361 3812 αὐτῷ
2393 3741 2489 3796 καὶ
2525 3741 2691 3811 μόνῳ,
2731 3735 2993 3790 οὐποτοῦν
3031 3734 3175 3806 ἄλλῳ
3227 3733 3305 3803 τῷ
3358 3733 3467 3802 ὅλῳ
3503 3730 3739 3800 ἐνιαυτῷ
3761 3744 3776 3759 ο

2212 3836 2310 3904 τὴν
2338 3835 2395 3888 δέ
2413 3851 2478 3903 γε
2506 3833 2723 3888 ἃπασαν
2749 3830 3019 3902 ἑϐδομάδα
3046 3829 3144 3898 τῆς
3187 3824 3616 3895 διακαινησίμου
3643 3824 3776 3894 (i3),

2213 3928 2502 3996 διαλύομεν
2559 3925 2652 3978 καὶ
2683 3923 2854 3994 αὐτὴν
2886 3924 2968 3985 είς
2998 3921 3157 3986 δόξαν
3185 3919 3279 3972 τοῦ
3335 3917 3778 3986 ζωοποιήσαντος

2216 4017 2502 4091 ήμᾶςΥίοῦ
2525 4018 2618 4071 τοῦ
2639 4016 2804 4070 Θεοῦο
2833 4017 2881 4068 εί
2912 4015 2971 4068 δέ
2999 4031 3084 4077 τις
3110 4013 3210 4066 οὐκ
3231 4011 3402 4065 ἐσθίει
3425 4009 3598 4081 αὐτὴν
3625 4010 3775 4063 ἀνεν-

2215 4113 2497 4177 δοιάστως,
2545 4109 2680 4164 ἀλλὰ
2711 4107 2995 4169 ίουδαῖκῶς
3049 4100 3484 4175 σκυθρωπάζων,
3535 4099 3616 4171 τῷ
3648 4101 3775 4152 ἁνα-

2217 4204 2412 4275 θὲματι
2447 4201 2689 4256 πιπτέτω
2716 4198 2822 4254 τῶν
2854 4199 3026 4267 ἁγίων
3056 4196 3339 4265 Πατέρων.

2291 4387 2341 4434 ι’.
2382 4378 2514 4432 Ἀπὸ
2566 4378 2622 4429 δὲ
2655 4379 2754 4447 τῆς
2786 4375 2828 4446 β’
2858 4373 2953 4428 τοῦ
3009 4373 3182 4444 Θωμᾶ
3227 4370 3516 4444 ἀρχόμεθα
3566 4386 3772 4440 μνημο-

543 4464 836 4533 incipimus
866 4465 1151 4521 defunctos
1206 4466 1404 4522 fratres
1451 4485 1908 4535 commemorare,
1944 4483 1998 4525 et
2025 4473 2105 4527 fe-

2210 4473 2384 4526 νεόειν
2411 4472 2518 4524 τῶν
2555 4470 2981 4539 κεκοιμημένων
3035 4467 3303 4535 ἀδελφῶν,
3341 4464 3439 4518 καὶ
3483 4461 3769 4532 διατηροῦ-

543 4555 643 4609 riis
699 4563 890 4623 quarta
932 4566 986 4610 et
1041 4568 1188 4611 sexta
1249 4557 1636 4612 abstinentiam
1687 4559 2044 4616 observamus
2075 4578 2107 4617 a

543 4661 709 4700 carne
737 4657 792 4701 et
825 4663 1009 4703 caseo.
1046 4647 1432 4704 Verumtamen
1463 4660 1713 4718 quartam
1755 4647 1946 4706 feriam
1994 4652 2107 4707 Me-

543 4748 953 4808 sopentecostes
975 4741 1152 4794 visum
1183 4751 1265 4796 est
1310 4743 1588 4798 nonnullis
1611 4752 1737 4796 ante
1779 4758 1877 4797 nos
1905 4744 2107 4800 sanctis

544 4826 826 4894 Patribus,
861 4838 1150 4899 propterea
1185 4833 1332 4901 quod
1370 4841 1453 4887 est
1494 4832 1812 4888 solemnitas
1867 4831 2105 4898 Domini,

617 4947 636 4977 ⁸
663 4945 817 5002 Orat.
843 4962 994 5014 mn,
1024 4947 1112 5004 l7.

2215 4579 2313 4632 μεν
2336 4564 2395 4614 ἐν
2423 4565 2487 4632 τῇ
2515 4561 2558 4614 δ’
2591 4561 2682 4612 καὶ
2710 4566 2763 4624 ς’
2797 4561 2877 4621 εἰς
2905 4559 3046 4628 κρέα
3093 4557 3188 4609 καὶ
3241 4558 3322 4619 είς
3345 4555 3536 4623 τυρόν,
3585 4555 3695 4625 Τὴν
3720 4553 3772 4605 δέ

2211 4674 2275 4726 γε
2327 4653 2562 4722 τετράδα
2597 4651 2697 4718 τῆς
2729 4647 3256 4719 Μεσοπεντηκοστῆς
3314 4644 3426 4716 (9.5)
3474 4644 3627 4709 ἐδοξέ
3671 4661 3772 4697 τισι

2210 4746 2318 4798 τῶν
2341 4743 2448 4814 πρὸ
2470 4739 2626 4812 ἡμῶν
2655 4741 2826 4807 ἁγίων
2862 4737 3119 4808 Πατέρων
3144 4775 3161 4800 ,
3208 4735 3297 4789 διὰ
3323 4735 3385 4787 τὸ
3412 4731 3559 4788 εἶναι
3587 4735 3768 4786 δεσπο-

2211 4837 2392 4908 τικὴν,
2453 4835 2548 4888 καὶ
2588 4832 2676 4886 διὰ
2717 4830 2876 4884 τοῦτο
2903 4830 2963 4883 τὸ
3016 4829 3369 4900 παράδειγμα
3397 4826 3654 4883 διαλῦσαι
3679 4826 3769 4879 αὖ·

2042 5041 2276 5099 ΝΟΤΕ.

615 5132 725 5202 (l8)
765 5133 839 5186 De
892 5132 996 5187 hoc
1047 5133 1430 5188 Armeniorum
1482 5134 1712 5203 jejunio.
1765 5136 1852 5191 cui
1904 5150 2101 5189 nomen

2272 5132 2384 5202 (22)
2416 5131 2616 5186 Confer
2653 5130 2861 5185 Callisti
2887 5127 3270 5202 Synaxarium,
3300 5137 3402 5202 nec
3439 5138 3554 5202 non
3572 5123 3764 5202 _Balsa-

546 5193 924 5265 art‘zihurium,
978 5203 1134 5257 docte
1181 5204 1321 5258 inter
1353 5193 1499 5259 alios
1534 5193 1746 5260 7mnltos
1778 5207 2004 5259 Allatius
2033 5205 2106 5259 De
2202 5193 2417 5258 mortem
2464 5203 2604 5271 apud
2633 5202 2888 5254 Allatium
2917 5193 3136 5253 dissert.
3164 5193 3409 5271 cit._col._
3450 5193 3615 5250 “id.

551 5274 835 5346 Dominicis
856 5282 906 5326 et
942 5272 1099 5346 hebri.
1117 5272 1440 5346 Grecorum,
1468 5286 1590 5344 post
1617 5291 1755 5346 opus
1781 5276 1855 5330 De
1875 5290 2106 5330 consen-

546 5361 610 5398 su
649 5343 865 5414 dissert.
900 5345 1004 5401 col.
1035 5343 1179 5414 15ιῆ
1204 5360 1357 5412 seqq.

618 5413 726 5484 (l9)
765 5412 972 5480 Lupum
1034 5412 1184 5476 dicit;
1224 5415 1314 5484 qui
1364 5428 1550 5467 canem
1610 5413 1797 5484 Sergii
1835 5415 2109 5469 haeresiar-

546 5483 663 5538 cbae
694 5483 991 5536 devoravit.
1042 5485 1202 5536 Allat.
1246 5483 1466 5539 dissert.
1499 5488 1592 5537 cit.
1625 5483 1731 5538 (ηιξ
1760 5483 1913 5538 HIS.

641 5551 746 5625 90)-
761 5553 819 5604 1η
837 5553 1043 5625 codicis
1089 5555 1330 5625 margine
1355 5555 1530 5622 glossn
1559 5564 1642 5610 est
1669 5573 1680 5608 :
1719 5554 1920 5625 ὕφαλον
1958 5554 2107 5622 λέγει

544 5623 605 5675 τὸ
629 5621 1031 5692 λανθανόμενον.

615 5690 1056 5763 (Ξίλιιαειίοηι
1120 5692 1454 5763 Nicephorus
1497 5697 1802 5763 patriarcha
1864 5713 1984 5751 can.
2037 5697 2106 5751 35

547 5763 691 5832 apud
715 5761 944 5820 Coteler.
973 5778 1062 5833 op.
1095 5764 1186 5819 cit.
1221 5761 1268 5818 ιζ
1295 5765 1381 5818 lll.
1413 5767 1466 5818 d.
1501 5761 1622 5821 M9.

2273 5273 2385 5340 ('25)
2449 5264 2819 5337 lle-hdmnada,
2857 5285 2977 5337 quae
3028 5271 3221 5322 festum
3257 5264 3480 5340 Pascha
3527 5265 3763 5340 proxime

2203 5335 2470 5410 sequitur,
2520 5343 2720 5395 dicitur
2757 5335 3190 5415 διακαινήσιμος,
3242 5335 3387 5402 quod
3417 5351 3647 5415 .nouten
3677 5337 3763 5390 ha-

2205 5415 2321 5467 buit
2347 5429 2412 5466 ex
2444 5413 2642 5467 Christi
2677 5411 3098 5471 resurrectione,
3147 5422 3252 5474 qua
3283 5411 3466 5459 omnia
3517 5418 3762 5462 renovata

2215 5483 2452 5539 fuerunt.
2487 5482 2559 5536 Ita
2594 5491 2818 5535 sanctus
2874 5477 3211 5556 ltlpiphanitts
3255 5489 3424 5556 Serm.
3474 5475 3564 5556 pe
3582 5476 3758 5556 Pasch.

2228 5554 2314 5605 'Ev
2363 5552 2531 5623 ταύτῃ
2583 5551 2800 5613 καινοὺς
2843 5550 3079 5618 ἐπήξατο
3130 5549 3196 5616 τῇ
3250 5548 3426 5599 κτίσει
3470 5548 3636 5618 ὄρους
3681 5549 3762 5601 καὶ

2446 5693 2518 5746 De
2537 5691 3001 5761 Mesopentecoste
3025 5687 3257 5742 Allatius
3289 5688 3516 5746 dissert.
3548 5689 3644 5746 cit.
3667 5688 3760 5744 col.
