  <div class='ocr_page' id='page_1' title='image "/cluster/home/n/w/nwhite01/storage/ocr_20150623/99/pst.000005714063/913.png"; bbox 0 0 3976 6322; ppageno 0'>
   <div class='ocr_carea' id='block_1_1' title="bbox 566 365 3797 451">
    <p class='ocr_par' dir='ltr' id='par_1_1' title="bbox 566 365 3797 451">
     <span class='ocr_line' id='line_1_1' title="bbox 566 365 3797 451; baseline 0.006 -21"><span class='ocrx_word' id='word_1_1' title='bbox 566 365 706 430; x_wconf 81' lang='lat'><strong>1703</strong></span> <span class='ocrx_word' id='word_1_2' title='bbox 1746 378 1804 438; x_wconf 86' lang='lat' dir='ltr'><strong>S.</strong></span> <span class='ocrx_word' id='word_1_3' title='bbox 1839 377 2228 441; x_wconf 80' lang='lat' dir='ltr'><strong>THEODORI</strong></span> <span class='ocrx_word' id='word_1_4' title='bbox 2267 383 2610 444; x_wconf 87' lang='lat' dir='ltr'><strong>STUDlT/E</strong></span> <span class='ocrx_word' id='word_1_5' title='bbox 3662 387 3797 451; x_wconf 66' lang='grc'><strong>1704</strong></span> 
     </span>
    </p>
   </div>
   <div class='ocr_carea' id='block_1_2' title="bbox 564 481 2135 575">
    <p class='ocr_par' dir='ltr' id='par_1_2' title="bbox 564 481 2124 562">
     <span class='ocr_line' id='line_1_2' title="bbox 564 481 2124 562; baseline 0.01 -28"><span class='ocrx_word' id='word_1_6' title='bbox 564 481 740 536; x_wconf 64' lang='lat' dir='ltr'><strong>diuite</strong></span> <span class='ocrx_word' id='word_1_7' title='bbox 786 483 1023 553; x_wconf 83' lang='lat' dir='ltr'><strong>regulam</strong></span> <span class='ocrx_word' id='word_1_8' title='bbox 1050 486 1443 557; x_wconf 84' lang='lat' dir='ltr'><strong>conscripsisse</strong></span> <span class='ocrx_word' id='word_1_9' title='bbox 1468 507 1483 554; x_wconf 87' lang='lat'><strong>;</strong></span> <span class='ocrx_word' id='word_1_10' title='bbox 1508 490 1595 544; x_wconf 93' lang='lat' dir='ltr'><strong>cui</strong></span> <span class='ocrx_word' id='word_1_11' title='bbox 1627 493 1803 547; x_wconf 90' lang='lat' dir='ltr'><strong>omnis</strong></span> <span class='ocrx_word' id='word_1_12' title='bbox 1832 492 2004 562; x_wconf 86' lang='lat' dir='ltr'><strong>gloria</strong></span> <span class='ocrx_word' id='word_1_13' title='bbox 2026 496 2124 551; x_wconf 84' lang='lat' dir='ltr'><strong>de-</strong></span> 
     </span>
    </p>
   </div>
   <div class='ocr_carea' id='block_1_3' title="bbox 2239 481 3801 575">
    <p class='ocr_par' dir='ltr' id='par_1_3' title="bbox 2239 492 3801 575">
     <span class='ocr_line' id='line_1_3' title="bbox 2239 492 3801 575; baseline 0.006 -24"><span class='ocrx_word' id='word_1_14' title='bbox 2239 498 2329 552; x_wconf 76' lang='grc' dir='ltr'>τᾶν</span> <span class='ocrx_word' id='word_1_15' title='bbox 2368 499 2808 570; x_wconf 70' lang='grc' dir='ltr'>συνεγράψαμεψ</span> <span class='ocrx_word' id='word_1_16' title='bbox 2848 492 2893 567; x_wconf 77' lang='grc' dir='ltr'>ᾧ</span> <span class='ocrx_word' id='word_1_17' title='bbox 2939 502 3133 570; x_wconf 80' lang='grc' dir='ltr'>πρέπει</span> <span class='ocrx_word' id='word_1_18' title='bbox 3181 503 3328 555; x_wconf 82' lang='grc' dir='ltr'>πᾶσα</span> <span class='ocrx_word' id='word_1_19' title='bbox 3359 502 3507 570; x_wconf 82' lang='grc' dir='ltr'>δόξα,</span> <span class='ocrx_word' id='word_1_20' title='bbox 3532 506 3673 575; x_wconf 80' lang='grc' dir='ltr'>τιμὴ</span> <span class='ocrx_word' id='word_1_21' title='bbox 3712 512 3801 561; x_wconf 63' lang='grc' dir='ltr'><strong>καὶ</strong></span> 
     </span>
    </p>
   </div>
   <div class='ocr_carea' id='block_1_4' title="bbox 564 574 2135 721">
    <p class='ocr_par' dir='ltr' id='par_1_4' title="bbox 564 574 2125 721">
     <span class='ocr_line' id='line_1_4' title="bbox 564 574 2125 650; baseline 0.011 -23"><span class='ocrx_word' id='word_1_22' title='bbox 564 574 743 640; x_wconf 79' lang='lat' dir='ltr'><strong>betur,</strong></span> <span class='ocrx_word' id='word_1_23' title='bbox 787 576 983 643; x_wconf 86' lang='lat' dir='ltr'><strong>honor,</strong></span> <span class='ocrx_word' id='word_1_24' title='bbox 1029 589 1191 650; x_wconf 81' lang='lat' dir='ltr'><strong>atque</strong></span> <span class='ocrx_word' id='word_1_25' title='bbox 1227 581 1497 648; x_wconf 86' lang='lat' dir='ltr'><strong>adoratio,</strong></span> <span class='ocrx_word' id='word_1_26' title='bbox 1534 584 1587 638; x_wconf 90' lang='lat' dir='ltr'><strong>in</strong></span> <span class='ocrx_word' id='word_1_27' title='bbox 1634 585 1834 641; x_wconf 69' lang='lat' dir='ltr'><strong>saecula</strong></span> <span class='ocrx_word' id='word_1_28' title='bbox 1892 587 2125 644; x_wconf 71' lang='lat' dir='ltr'><strong>saeculo-</strong></span> 
     </span>
     <span class='ocr_line' id='line_1_5' title="bbox 568 668 919 721; baseline 0.003 -1"><span class='ocrx_word' id='word_1_29' title='bbox 568 668 919 721; x_wconf 79' lang='lat' dir='ltr'><strong>rum..Amen</strong></span> 
     </span>
    </p>
   </div>
   <div class='ocr_carea' id='block_1_5' title="bbox 2239 574 3731 721">
    <p class='ocr_par' dir='ltr' id='par_1_5' title="bbox 2239 574 3731 667">
     <span class='ocr_line' id='line_1_6' title="bbox 2239 574 3731 667; baseline 0.004 -23"><span class='ocrx_word' id='word_1_30' title='bbox 2239 591 2595 663; x_wconf 84' lang='grc' dir='ltr'>προσκύνησις</span> <span class='ocrx_word' id='word_1_31' title='bbox 2625 594 2703 657; x_wconf 81' lang='grc' dir='ltr'><strong>είς</strong></span> <span class='ocrx_word' id='word_1_32' title='bbox 2736 593 2863 657; x_wconf 77' lang='grc' dir='ltr'>τοὺς</span> <span class='ocrx_word' id='word_1_33' title='bbox 2893 594 3087 656; x_wconf 81' lang='grc' dir='ltr'><strong>αἰῶνας</strong></span> <span class='ocrx_word' id='word_1_34' title='bbox 3116 594 3224 648; x_wconf 89' lang='grc' dir='ltr'><strong>τῶν</strong></span> <span class='ocrx_word' id='word_1_35' title='bbox 3248 594 3483 650; x_wconf 83' lang='grc' dir='ltr'>αίὼνων.</span> <span class='ocrx_word' id='word_1_36' title='bbox 3530 574 3731 667; x_wconf 62' lang='grc' dir='ltr'>Ἀμην.</span> 
     </span>
    </p>
   </div>
   <div class='ocr_carea' id='block_1_6' title="bbox 568 682 919 724">
    <p class='ocr_par' dir='ltr' id='par_1_6' title="bbox 568 682 919 724">
     <span class='ocr_line' id='line_1_7' title="bbox 568 682 919 724; baseline 0.011 -4"><span class='ocrx_word' id='word_1_37' title='bbox 568 682 724 721; x_wconf 62' lang='lat' dir='ltr'><strong>rum-</strong></span> <span class='ocrx_word' id='word_1_38' title='bbox 747 682 787 721; x_wconf 71' lang='grc' dir='ltr'><strong>Α</strong></span> <span class='ocrx_word' id='word_1_39' title='bbox 798 684 919 724; x_wconf 73' lang='lat' dir='ltr'><strong>IIICI]</strong></span> 
     </span>
    </p>
   </div>
   <div class='ocr_carea' id='block_1_7' title="bbox 592 870 3774 926">
    <p class='ocr_par' dir='ltr' id='par_1_7' title="bbox 592 870 3774 926">
     <span class='ocr_line' id='line_1_8' title="bbox 592 870 3774 926; baseline 0 -18"><span class='ocrx_word' id='word_1_40' title='bbox 592 870 3774 926; x_wconf 37' lang='grc' dir='ltr'>Ἥ</span> 
     </span>
    </p>
   </div>
   <div class='ocr_carea' id='block_1_8' title="bbox 1707 1056 2656 1177">
    <p class='ocr_par' dir='ltr' id='par_1_8' title="bbox 1707 1056 2656 1177">
     <span class='ocr_line' id='line_1_9' title="bbox 1707 1056 2656 1177; baseline 0.006 -8"><span class='ocrx_word' id='word_1_41' title='bbox 1707 1056 2656 1177; x_wconf 87' lang='grc' dir='ltr'><strong>ΥΠΟΤΥΠΩΣΙΣ</strong></span> 
     </span>
    </p>
   </div>
   <div class='ocr_carea' id='block_1_9' title="bbox 940 1270 3387 1369">
    <p class='ocr_par' dir='ltr' id='par_1_9' title="bbox 940 1270 3387 1369">
     <span class='ocr_line' id='line_1_10' title="bbox 940 1270 3387 1369; baseline 0.004 -17"><span class='ocrx_word' id='word_1_42' title='bbox 940 1270 1711 1361; x_wconf 84' lang='grc' dir='ltr'><strong>ΚΑΤΑΣΤΑΣΕΩΣ</strong></span> <span class='ocrx_word' id='word_1_43' title='bbox 1745 1277 1961 1363; x_wconf 90' lang='grc' dir='ltr'><strong>ΤΗΣ</strong></span> <span class='ocrx_word' id='word_1_44' title='bbox 2000 1278 2241 1365; x_wconf 90' lang='lat' dir='ltr'><strong>MON</strong></span> <span class='ocrx_word' id='word_1_45' title='bbox 2246 1280 2387 1366; x_wconf 91' lang='grc' dir='ltr'><strong>ΗΣ</strong></span> <span class='ocrx_word' id='word_1_46' title='bbox 2414 1281 2637 1369; x_wconf 87' lang='grc' dir='ltr'><strong>ΤΩΝ</strong></span> <span class='ocrx_word' id='word_1_47' title='bbox 2665 1278 3215 1369; x_wconf 84' lang='grc' dir='ltr'><strong>ΣΤΟΥΔΙΟΥ</strong></span> <span class='ocrx_word' id='word_1_48' title='bbox 3245 1271 3387 1363; x_wconf 62' lang='grc'><strong>(29).</strong></span> 
     </span>
    </p>
   </div>
   <div class='ocr_carea' id='block_1_10' title="bbox 1720 1636 2653 1767">
    <p class='ocr_par' dir='ltr' id='par_1_10' title="bbox 1720 1636 2653 1767">
     <span class='ocr_line' id='line_1_11' title="bbox 1720 1636 2653 1767; baseline 0.009 -8"><span class='ocrx_word' id='word_1_49' title='bbox 1720 1636 2653 1767; x_wconf 81' lang='lat' dir='ltr'><strong>DESCRIPTIO</strong></span> 
     </span>
    </p>
   </div>
   <div class='ocr_carea' id='block_1_11' title="bbox 984 1881 3315 1982">
    <p class='ocr_par' dir='ltr' id='par_1_11' title="bbox 984 1881 3315 1982">
     <span class='ocr_line' id='line_1_12' title="bbox 984 1881 3315 1982; baseline 0.003 -7"><span class='ocrx_word' id='word_1_50' title='bbox 984 1881 2001 1978; x_wconf 85' lang='lat' dir='ltr'><strong>CONSTITUTIONIS</strong></span> <span class='ocrx_word' id='word_1_51' title='bbox 2056 1888 2790 1982; x_wconf 82' lang='lat' dir='ltr'><strong>MONASTERII</strong></span> <span class='ocrx_word' id='word_1_52' title='bbox 2864 1893 3315 1982; x_wconf 86' lang='lat' dir='ltr'><strong>STUDII.</strong></span> 
     </span>
    </p>
   </div>
   <div class='ocr_carea' id='block_1_12' title="bbox 640 2254 2135 2337">
    <p class='ocr_par' dir='ltr' id='par_1_12' title="bbox 640 2254 2129 2327">
     <span class='ocr_line' id='line_1_13' title="bbox 640 2254 2129 2327; baseline 0.004 -16"><span class='ocrx_word' id='word_1_53' title='bbox 640 2254 861 2311; x_wconf 24' lang='lat' dir='ltr'><strong>LACnm</strong></span> <span class='ocrx_word' id='word_1_54' title='bbox 935 2255 1119 2310; x_wconf 68' lang='lat' dir='ltr'><strong>multa:</strong></span> <span class='ocrx_word' id='word_1_55' title='bbox 1183 2254 1517 2327; x_wconf 65' lang='lat' dir='ltr'><strong>diversaeque</strong></span> <span class='ocrx_word' id='word_1_56' title='bbox 1563 2258 1675 2313; x_wconf 92' lang='lat' dir='ltr'><strong>sint</strong></span> <span class='ocrx_word' id='word_1_57' title='bbox 1720 2259 1774 2313; x_wconf 91' lang='lat' dir='ltr'><strong>in</strong></span> <span class='ocrx_word' id='word_1_58' title='bbox 1808 2261 1980 2317; x_wconf 89' lang='lat' dir='ltr'><strong>sacris</strong></span> <span class='ocrx_word' id='word_1_59' title='bbox 2012 2276 2129 2317; x_wconf 83' lang='lat' dir='ltr'><strong>mo-</strong></span> 
     </span>
    </p>
   </div>
   <div class='ocr_carea' id='block_1_13' title="bbox 2239 2254 3806 2337">
    <p class='ocr_par' dir='ltr' id='par_1_13' title="bbox 2301 2256 3806 2337">
     <span class='ocr_line' id='line_1_14' title="bbox 2301 2256 3806 2337; baseline -0.003 -18"><span class='ocrx_word' id='word_1_60' title='bbox 2301 2261 2460 2337; x_wconf 86' lang='lat' dir='ltr'><strong>[Cod.</strong></span> <span class='ocrx_word' id='word_1_61' title='bbox 2491 2268 2602 2316; x_wconf 82' lang='lat' dir='ltr'><strong>vat.</strong></span> <span class='ocrx_word' id='word_1_62' title='bbox 2644 2259 2804 2327; x_wconf 73' lang='lat'><strong>2029,</strong></span> <span class='ocrx_word' id='word_1_63' title='bbox 2845 2259 2886 2314; x_wconf 83' lang='lat' dir='ltr'><strong>f.</strong></span> <span class='ocrx_word' id='word_1_64' title='bbox 2920 2257 3067 2330; x_wconf 72' lang='lat'><strong>179.]</strong></span> <span class='ocrx_word' id='word_1_65' title='bbox 3113 2265 3182 2312; x_wconf 90' lang='grc' dir='ltr'><strong>α’.</strong></span> <span class='ocrx_word' id='word_1_66' title='bbox 3235 2259 3451 2313; x_wconf 81' lang='grc' dir='ltr'>Πολλῶν</span> <span class='ocrx_word' id='word_1_67' title='bbox 3494 2259 3675 2313; x_wconf 70' lang='grc' dir='ltr'>ὄντων</span> <span class='ocrx_word' id='word_1_68' title='bbox 3704 2256 3806 2317; x_wconf 77' lang='grc' dir='ltr'>καὶ</span> 
     </span>
    </p>
   </div>
   <div class='ocr_carea' id='block_1_14' title="bbox 570 2346 2135 2428">
    <p class='ocr_par' dir='ltr' id='par_1_14' title="bbox 570 2346 2135 2420">
     <span class='ocr_line' id='line_1_15' title="bbox 570 2346 2135 2420; baseline 0.003 -19"><span class='ocrx_word' id='word_1_69' title='bbox 570 2346 827 2401; x_wconf 72' lang='lat' dir='ltr'><strong>materiis</strong></span> <span class='ocrx_word' id='word_1_70' title='bbox 843 2354 1257 2415; x_wconf 75' lang='lat' dir='ltr'><strong>perseverantes</strong></span> <span class='ocrx_word' id='word_1_71' title='bbox 1283 2346 1583 2415; x_wconf 88' lang='lat' dir='ltr'><strong>antiquitus</strong></span> <span class='ocrx_word' id='word_1_72' title='bbox 1611 2347 1951 2414; x_wconf 74' lang='lat' dir='ltr'><strong>traditiones,</strong></span> <span class='ocrx_word' id='word_1_73' title='bbox 1974 2358 2135 2420; x_wconf 90' lang='lat' dir='ltr'><strong>atque</strong></span> 
     </span>
    </p>
   </div>
   <div class='ocr_carea' id='block_1_15' title="bbox 2239 2346 3799 2428">
    <p class='ocr_par' dir='ltr' id='par_1_15' title="bbox 2239 2352 3799 2428">
     <span class='ocr_line' id='line_1_16' title="bbox 2239 2352 3799 2428; baseline -0.003 -17"><span class='ocrx_word' id='word_1_74' title='bbox 2239 2357 2505 2428; x_wconf 81' lang='grc' dir='ltr'>διαφόρων</span> <span class='ocrx_word' id='word_1_75' title='bbox 2525 2354 2634 2407; x_wconf 88' lang='grc' dir='ltr'><strong>τῶν</strong></span> <span class='ocrx_word' id='word_1_76' title='bbox 2663 2352 2720 2405; x_wconf 77' lang='grc' dir='ltr'>ἐν</span> <span class='ocrx_word' id='word_1_77' title='bbox 2740 2354 2852 2413; x_wconf 88' lang='grc' dir='ltr'>τοῖς</span> <span class='ocrx_word' id='word_1_78' title='bbox 2891 2354 3056 2422; x_wconf 78' lang='grc' dir='ltr'><strong>ἱεροῖς</strong></span> <span class='ocrx_word' id='word_1_79' title='bbox 3097 2352 3484 2422; x_wconf 85' lang='grc' dir='ltr'>μοναστηρίοις</span> <span class='ocrx_word' id='word_1_80' title='bbox 3516 2370 3799 2425; x_wconf 77' lang='grc' dir='ltr'>κεκρατη-</span> 
     </span>
    </p>
   </div>
   <div class='ocr_carea' id='block_1_16' title="bbox 571 2436 2135 2509">
    <p class='ocr_par' dir='ltr' id='par_1_16' title="bbox 571 2436 2135 2509">
     <span class='ocr_line' id='line_1_17' title="bbox 571 2436 2135 2509; baseline 0.004 -18"><span class='ocrx_word' id='word_1_81' title='bbox 571 2439 660 2492; x_wconf 83' lang='lat' dir='ltr'><strong>alii</strong></span> <span class='ocrx_word' id='word_1_82' title='bbox 686 2438 808 2493; x_wconf 91' lang='lat' dir='ltr'><strong>aliis</strong></span> <span class='ocrx_word' id='word_1_83' title='bbox 825 2447 1103 2508; x_wconf 87' lang='lat' dir='ltr'><strong>regantur,</strong></span> <span class='ocrx_word' id='word_1_84' title='bbox 1125 2436 1252 2490; x_wconf 90' lang='lat' dir='ltr'><strong>dum</strong></span> <span class='ocrx_word' id='word_1_85' title='bbox 1273 2437 1339 2491; x_wconf 90' lang='lat' dir='ltr'><strong>ad</strong></span> <span class='ocrx_word' id='word_1_86' title='bbox 1364 2453 1588 2508; x_wconf 81' lang='lat' dir='ltr'><strong>regnum</strong></span> <span class='ocrx_word' id='word_1_87' title='bbox 1607 2440 1868 2494; x_wconf 63' lang='lat' dir='ltr'><strong>caelorum</strong></span> <span class='ocrx_word' id='word_1_88' title='bbox 1888 2443 2135 2509; x_wconf 86' lang='lat' dir='ltr'><strong>tendunt,</strong></span> 
     </span>
    </p>
   </div>
   <div class='ocr_carea' id='block_1_17' title="bbox 572 2529 2139 2603">
    <p class='ocr_par' dir='ltr' id='par_1_17' title="bbox 572 2529 2139 2603">
     <span class='ocr_line' id='line_1_18' title="bbox 572 2529 2139 2603; baseline 0.004 -21"><span class='ocrx_word' id='word_1_89' title='bbox 572 2529 1093 2594; x_wconf 85' lang='lat' dir='ltr'><strong>constitutionibus;</strong></span> <span class='ocrx_word' id='word_1_90' title='bbox 1116 2544 1220 2581; x_wconf 91' lang='lat' dir='ltr'><strong>una</strong></span> <span class='ocrx_word' id='word_1_91' title='bbox 1250 2536 1333 2582; x_wconf 93' lang='lat' dir='ltr'><strong>est</strong></span> <span class='ocrx_word' id='word_1_92' title='bbox 1353 2543 1415 2582; x_wconf 83' lang='lat' dir='ltr'><strong>ex</strong></span> <span class='ocrx_word' id='word_1_93' title='bbox 1438 2530 1695 2586; x_wconf 89' lang='lat' dir='ltr'><strong>omnibus</strong></span> <span class='ocrx_word' id='word_1_94' title='bbox 1719 2540 1901 2586; x_wconf 91' lang='lat' dir='ltr'><strong>nostra</strong></span> <span class='ocrx_word' id='word_1_95' title='bbox 1924 2548 2139 2603; x_wconf 87' lang='lat' dir='ltr'><strong>quoque</strong></span> 
     </span>
    </p>
   </div>
   <div class='ocr_carea' id='block_1_18' title="bbox 572 2618 2137 2692">
    <p class='ocr_par' dir='ltr' id='par_1_18' title="bbox 572 2618 2137 2692">
     <span class='ocr_line' id='line_1_19' title="bbox 572 2618 2137 2692; baseline 0.005 -20"><span class='ocrx_word' id='word_1_96' title='bbox 572 2619 805 2673; x_wconf 89' lang='lat' dir='ltr'><strong>stabilita</strong></span> <span class='ocrx_word' id='word_1_97' title='bbox 832 2618 1074 2678; x_wconf 87' lang='lat' dir='ltr'><strong>traditio,</strong></span> <span class='ocrx_word' id='word_1_98' title='bbox 1106 2633 1267 2686; x_wconf 91' lang='lat' dir='ltr'><strong>quam</strong></span> <span class='ocrx_word' id='word_1_99' title='bbox 1294 2620 1607 2689; x_wconf 89' lang='lat' dir='ltr'><strong>accepimus</strong></span> <span class='ocrx_word' id='word_1_100' title='bbox 1660 2639 1690 2675; x_wconf 92' lang='lat' dir='ltr'><strong>a</strong></span> <span class='ocrx_word' id='word_1_101' title='bbox 1727 2637 1927 2692; x_wconf 88' lang='lat' dir='ltr'><strong>magno</strong></span> <span class='ocrx_word' id='word_1_102' title='bbox 1974 2624 2137 2680; x_wconf 89' lang='lat' dir='ltr'><strong>Patre</strong></span> 
     </span>
    </p>
   </div>
   <div class='ocr_carea' id='block_1_19' title="bbox 572 2710 2137 2782">
    <p class='ocr_par' dir='ltr' id='par_1_19' title="bbox 572 2710 2137 2782">
     <span class='ocr_line' id='line_1_20' title="bbox 572 2710 2137 2782; baseline 0.004 -19"><span class='ocrx_word' id='word_1_103' title='bbox 572 2720 757 2764; x_wconf 89' lang='lat' dir='ltr'><strong>nostro</strong></span> <span class='ocrx_word' id='word_1_104' title='bbox 784 2720 837 2764; x_wconf 90' lang='lat' dir='ltr'><strong>et</strong></span> <span class='ocrx_word' id='word_1_105' title='bbox 858 2710 1172 2765; x_wconf 79' lang='lat' dir='ltr'><strong>confessore</strong></span> <span class='ocrx_word' id='word_1_106' title='bbox 1199 2710 1485 2766; x_wconf 85' lang='lat' dir='ltr'><strong>Theodoro</strong></span> <span class='ocrx_word' id='word_1_107' title='bbox 1508 2728 1522 2777; x_wconf 92' lang='lat'><strong>;</strong></span> <span class='ocrx_word' id='word_1_108' title='bbox 1553 2727 1729 2782; x_wconf 74' lang='lat' dir='ltr'><strong>neque</strong></span> <span class='ocrx_word' id='word_1_109' title='bbox 1776 2729 1875 2768; x_wconf 89' lang='lat' dir='ltr'><strong>nos</strong></span> <span class='ocrx_word' id='word_1_110' title='bbox 1896 2723 2137 2770; x_wconf 86' lang='lat' dir='ltr'><strong>tantum-</strong></span> 
     </span>
    </p>
   </div>
   <div class='ocr_carea' id='block_1_20' title="bbox 572 2804 2137 2874">
    <p class='ocr_par' dir='ltr' id='par_1_20' title="bbox 572 2804 2137 2874">
     <span class='ocr_line' id='line_1_21' title="bbox 572 2804 2137 2874; baseline 0.004 -17"><span class='ocrx_word' id='word_1_111' title='bbox 572 2804 753 2868; x_wconf 86' lang='lat' dir='ltr'><strong>modo,</strong></span> <span class='ocrx_word' id='word_1_112' title='bbox 777 2819 960 2859; x_wconf 87' lang='lat' dir='ltr'><strong>verum</strong></span> <span class='ocrx_word' id='word_1_113' title='bbox 975 2805 1138 2858; x_wconf 83' lang='lat' dir='ltr'><strong>etiam</strong></span> <span class='ocrx_word' id='word_1_114' title='bbox 1164 2819 1290 2874; x_wconf 90' lang='lat' dir='ltr'><strong>pars</strong></span> <span class='ocrx_word' id='word_1_115' title='bbox 1315 2821 1507 2874; x_wconf 86' lang='lat' dir='ltr'><strong>magna</strong></span> <span class='ocrx_word' id='word_1_116' title='bbox 1533 2807 1817 2860; x_wconf 87' lang='lat' dir='ltr'><strong>meliorum</strong></span> <span class='ocrx_word' id='word_1_117' title='bbox 1840 2812 2137 2863; x_wconf 86' lang='lat' dir='ltr'><strong>monacho-</strong></span> 
     </span>
    </p>
   </div>
   <div class='ocr_carea' id='block_1_21' title="bbox 573 2893 2140 2965">
    <p class='ocr_par' dir='ltr' id='par_1_21' title="bbox 573 2893 2140 2965">
     <span class='ocr_line' id='line_1_22' title="bbox 573 2893 2140 2965; baseline 0.003 -18"><span class='ocrx_word' id='word_1_118' title='bbox 573 2910 695 2963; x_wconf 84' lang='lat' dir='ltr'><strong>rum</strong></span> <span class='ocrx_word' id='word_1_119' title='bbox 730 2893 872 2948; x_wconf 85' lang='lat' dir='ltr'><strong>hanc</strong></span> <span class='ocrx_word' id='word_1_120' title='bbox 901 2894 1131 2964; x_wconf 87' lang='lat' dir='ltr'><strong>eligunt,</strong></span> <span class='ocrx_word' id='word_1_121' title='bbox 1155 2910 1257 2949; x_wconf 89' lang='lat' dir='ltr'><strong>ceu</strong></span> <span class='ocrx_word' id='word_1_122' title='bbox 1281 2896 1540 2965; x_wconf 87' lang='lat' dir='ltr'><strong>optimam</strong></span> <span class='ocrx_word' id='word_1_123' title='bbox 1570 2903 1626 2950; x_wconf 90' lang='lat' dir='ltr'><strong>et</strong></span> <span class='ocrx_word' id='word_1_124' title='bbox 1652 2896 2063 2965; x_wconf 82' lang='lat' dir='ltr'><strong>regalissimam,</strong></span> <span class='ocrx_word' id='word_1_125' title='bbox 2086 2905 2140 2953; x_wconf 91' lang='lat' dir='ltr'><strong>et</strong></span> 
     </span>
    </p>
   </div>
   <div class='ocr_carea' id='block_1_22' title="bbox 570 2986 2139 3058">
    <p class='ocr_par' dir='ltr' id='par_1_22' title="bbox 570 2986 2139 3058">
     <span class='ocr_line' id='line_1_23' title="bbox 570 2986 2139 3058; baseline 0.004 -19"><span class='ocrx_word' id='word_1_126' title='bbox 570 3003 831 3042; x_wconf 75' lang='lat' dir='ltr'><strong>excessus</strong></span> <span class='ocrx_word' id='word_1_127' title='bbox 857 2986 1211 3055; x_wconf 71' lang='lat' dir='ltr'><strong>derectusque</strong></span> <span class='ocrx_word' id='word_1_128' title='bbox 1243 2989 1523 3045; x_wconf 86' lang='lat' dir='ltr'><strong>vitantem.</strong></span> <span class='ocrx_word' id='word_1_129' title='bbox 1561 2988 1760 3058; x_wconf 89' lang='lat' dir='ltr'><strong>Utique</strong></span> <span class='ocrx_word' id='word_1_130' title='bbox 1817 2998 1871 3044; x_wconf 87' lang='lat' dir='ltr'><strong>et</strong></span> <span class='ocrx_word' id='word_1_131' title='bbox 1909 3005 2008 3046; x_wconf 86' lang='lat' dir='ltr'><strong>nos</strong></span> <span class='ocrx_word' id='word_1_132' title='bbox 2041 2991 2139 3046; x_wconf 84' lang='lat' dir='ltr'><strong>ho-</strong></span> 
     </span>
    </p>
   </div>
   <div class='ocr_carea' id='block_1_23' title="bbox 571 3078 2137 3149">
    <p class='ocr_par' dir='ltr' id='par_1_23' title="bbox 571 3078 2137 3149">
     <span class='ocr_line' id='line_1_24' title="bbox 571 3078 2137 3149; baseline 0.003 -16"><span class='ocrx_word' id='word_1_133' title='bbox 571 3079 660 3133; x_wconf 86' lang='lat' dir='ltr'><strong>die</strong></span> <span class='ocrx_word' id='word_1_134' title='bbox 689 3078 866 3135; x_wconf 86' lang='lat' dir='ltr'><strong>Patris</strong></span> <span class='ocrx_word' id='word_1_135' title='bbox 918 3079 1138 3147; x_wconf 85' lang='lat' dir='ltr'><strong>impulsi</strong></span> <span class='ocrx_word' id='word_1_136' title='bbox 1171 3082 1478 3149; x_wconf 67' lang='lat' dir='ltr'><strong>przeceptis,</strong></span> <span class='ocrx_word' id='word_1_137' title='bbox 1534 3090 1594 3136; x_wconf 89' lang='lat' dir='ltr'><strong>ut</strong></span> <span class='ocrx_word' id='word_1_138' title='bbox 1646 3082 1787 3135; x_wconf 90' lang='lat' dir='ltr'><strong>banc</strong></span> <span class='ocrx_word' id='word_1_139' title='bbox 1831 3082 1883 3136; x_wconf 92' lang='lat' dir='ltr'><strong>in</strong></span> <span class='ocrx_word' id='word_1_140' title='bbox 1934 3084 2137 3138; x_wconf 82' lang='lat' dir='ltr'><strong>chartis</strong></span> 
     </span>
    </p>
   </div>
   <div class='ocr_carea' id='block_1_24' title="bbox 570 3170 2135 3242">
    <p class='ocr_par' dir='ltr' id='par_1_24' title="bbox 570 3170 2135 3242">
     <span class='ocr_line' id='line_1_25' title="bbox 570 3170 2135 3242; baseline 0.004 -19"><span class='ocrx_word' id='word_1_141' title='bbox 570 3171 838 3238; x_wconf 82' lang='lat' dir='ltr'><strong>regulam,</strong></span> <span class='ocrx_word' id='word_1_142' title='bbox 871 3185 983 3239; x_wconf 91' lang='lat' dir='ltr'><strong>quo</strong></span> <span class='ocrx_word' id='word_1_143' title='bbox 1006 3170 1125 3239; x_wconf 87' lang='lat' dir='ltr'><strong>ejus</strong></span> <span class='ocrx_word' id='word_1_144' title='bbox 1160 3170 1464 3226; x_wconf 88' lang='lat' dir='ltr'><strong>indelebilis</strong></span> <span class='ocrx_word' id='word_1_145' title='bbox 1488 3172 1559 3227; x_wconf 87' lang='lat' dir='ltr'><strong>sit</strong></span> <span class='ocrx_word' id='word_1_146' title='bbox 1589 3174 1872 3238; x_wconf 86' lang='lat' dir='ltr'><strong>memoria,</strong></span> <span class='ocrx_word' id='word_1_147' title='bbox 1905 3176 2135 3242; x_wconf 79' lang='lat' dir='ltr'><strong>posteris</strong></span> 
     </span>
    </p>
   </div>
   <div class='ocr_carea' id='block_1_25' title="bbox 572 3261 2136 3330">
    <p class='ocr_par' dir='ltr' id='par_1_25' title="bbox 572 3261 2136 3330">
     <span class='ocr_line' id='line_1_26' title="bbox 572 3261 2136 3330; baseline 0.001 -15"><span class='ocrx_word' id='word_1_148' title='bbox 572 3261 845 3326; x_wconf 77' lang='lat' dir='ltr'><strong>tetatibus,</strong></span> <span class='ocrx_word' id='word_1_149' title='bbox 883 3276 983 3329; x_wconf 88' lang='lat' dir='ltr'><strong>pro</strong></span> <span class='ocrx_word' id='word_1_150' title='bbox 1026 3262 1257 3324; x_wconf 80' lang='lat' dir='ltr'><strong>viribus,</strong></span> <span class='ocrx_word' id='word_1_151' title='bbox 1300 3262 1695 3330; x_wconf 86' lang='lat' dir='ltr'><strong>relinquamus,</strong></span> <span class='ocrx_word' id='word_1_152' title='bbox 1732 3263 1960 3317; x_wconf 84' lang='lat' dir='ltr'><strong>docilem</strong></span> <span class='ocrx_word' id='word_1_153' title='bbox 2016 3266 2136 3318; x_wconf 87' lang='lat' dir='ltr'><strong>ani-</strong></span> 
     </span>
    </p>
   </div>
   <div class='ocr_carea' id='block_1_26' title="bbox 572 3350 2136 3422">
    <p class='ocr_par' dir='ltr' id='par_1_26' title="bbox 572 3350 2136 3422">
     <span class='ocr_line' id='line_1_27' title="bbox 572 3350 2136 3422; baseline 0.003 -19"><span class='ocrx_word' id='word_1_154' title='bbox 572 3366 719 3403; x_wconf 85' lang='lat' dir='ltr'><strong>mum</strong></span> <span class='ocrx_word' id='word_1_155' title='bbox 768 3350 1047 3416; x_wconf 82' lang='lat' dir='ltr'><strong>ﬂeximus;</strong></span> <span class='ocrx_word' id='word_1_156' title='bbox 1109 3350 1220 3405; x_wconf 86' lang='lat' dir='ltr'><strong>Deo</strong></span> <span class='ocrx_word' id='word_1_157' title='bbox 1273 3352 1501 3414; x_wconf 89' lang='lat' dir='ltr'><strong>scilicet,</strong></span> <span class='ocrx_word' id='word_1_158' title='bbox 1562 3352 1799 3421; x_wconf 87' lang='lat' dir='ltr'><strong>pastoris</strong></span> <span class='ocrx_word' id='word_1_159' title='bbox 1832 3353 2004 3407; x_wconf 89' lang='lat' dir='ltr'><strong>nostri</strong></span> <span class='ocrx_word' id='word_1_160' title='bbox 2036 3368 2136 3422; x_wconf 92' lang='lat' dir='ltr'><strong>pro</strong></span> 
     </span>
    </p>
   </div>
   <div class='ocr_carea' id='block_1_27' title="bbox 573 3439 2131 3511">
    <p class='ocr_par' dir='ltr' id='par_1_27' title="bbox 573 3439 2131 3511">
     <span class='ocr_line' id='line_1_28' title="bbox 573 3439 2131 3511; baseline 0.003 -20"><span class='ocrx_word' id='word_1_161' title='bbox 573 3439 731 3493; x_wconf 83' lang='lat' dir='ltr'><strong>nobis</strong></span> <span class='ocrx_word' id='word_1_162' title='bbox 756 3439 1027 3508; x_wconf 84' lang='lat' dir='ltr'><strong>precibus,</strong></span> <span class='ocrx_word' id='word_1_163' title='bbox 1052 3440 1210 3494; x_wconf 88' lang='lat' dir='ltr'><strong>nobis</strong></span> <span class='ocrx_word' id='word_1_164' title='bbox 1233 3442 1563 3496; x_wconf 88' lang='lat' dir='ltr'><strong>concedente</strong></span> <span class='ocrx_word' id='word_1_165' title='bbox 1591 3457 1886 3511; x_wconf 90' lang='lat' dir='ltr'><strong>congruam</strong></span> <span class='ocrx_word' id='word_1_166' title='bbox 1922 3443 2131 3496; x_wconf 85' lang='lat' dir='ltr'><strong>oratio-</strong></span> 
     </span>
    </p>
   </div>
   <div class='ocr_carea' id='block_1_28' title="bbox 570 3533 2135 3602">
    <p class='ocr_par' dir='ltr' id='par_1_28' title="bbox 570 3533 2135 3602">
     <span class='ocr_line' id='line_1_29' title="bbox 570 3533 2135 3602; baseline 0.001 -18"><span class='ocrx_word' id='word_1_167' title='bbox 570 3534 658 3585; x_wconf 88' lang='lat' dir='ltr'><strong>nis</strong></span> <span class='ocrx_word' id='word_1_168' title='bbox 687 3546 1021 3602; x_wconf 86' lang='lat' dir='ltr'><strong>compagem,</strong></span> <span class='ocrx_word' id='word_1_169' title='bbox 1058 3533 1131 3586; x_wconf 91' lang='lat' dir='ltr'><strong>ita</strong></span> <span class='ocrx_word' id='word_1_170' title='bbox 1156 3542 1215 3587; x_wconf 91' lang='lat' dir='ltr'><strong>ut</strong></span> <span class='ocrx_word' id='word_1_171' title='bbox 1245 3534 1453 3602; x_wconf 86' lang='lat' dir='ltr'><strong>integre</strong></span> <span class='ocrx_word' id='word_1_172' title='bbox 1482 3541 1535 3585; x_wconf 79' lang='lat' dir='ltr'><strong>et</strong></span> <span class='ocrx_word' id='word_1_173' title='bbox 1570 3534 1774 3586; x_wconf 88' lang='lat' dir='ltr'><strong>utiliter</strong></span> <span class='ocrx_word' id='word_1_174' title='bbox 1807 3548 1875 3587; x_wconf 87' lang='lat' dir='ltr'><strong>ac</strong></span> <span class='ocrx_word' id='word_1_175' title='bbox 1902 3533 2135 3587; x_wconf 86' lang='lat' dir='ltr'><strong>salubri-</strong></span> 
     </span>
    </p>
   </div>
   <div class='ocr_carea' id='block_1_29' title="bbox 2238 2442 3802 2511">
    <p class='ocr_par' dir='ltr' id='par_1_29' title="bbox 2238 2442 3802 2511">
     <span class='ocr_line' id='line_1_30' title="bbox 2238 2442 3802 2511; baseline -0.008 -12"><span class='ocrx_word' id='word_1_176' title='bbox 2238 2447 2405 2499; x_wconf 86' lang='grc' dir='ltr'>κυιῶν</span> <span class='ocrx_word' id='word_1_177' title='bbox 2437 2444 2642 2500; x_wconf 80' lang='grc' dir='ltr'>ἄνωθεν</span> <span class='ocrx_word' id='word_1_178' title='bbox 2690 2442 3069 2511; x_wconf 81' lang='grc' dir='ltr'><strong>παραδόσεων,</strong></span> <span class='ocrx_word' id='word_1_179' title='bbox 3104 2444 3197 2495; x_wconf 79' lang='grc' dir='ltr'>καὶ</span> <span class='ocrx_word' id='word_1_180' title='bbox 3236 2442 3410 2494; x_wconf 77' lang='grc' dir='ltr'>ἄλλων</span> <span class='ocrx_word' id='word_1_181' title='bbox 3447 2442 3642 2507; x_wconf 74' lang='grc' dir='ltr'>ἄλλαις</span> <span class='ocrx_word' id='word_1_182' title='bbox 3671 2446 3802 2499; x_wconf 73' lang='grc' dir='ltr'>διοι-</span> 
     </span>
    </p>
   </div>
   <div class='ocr_carea' id='block_1_30' title="bbox 2237 2533 3803 2607">
    <p class='ocr_par' dir='ltr' id='par_1_30' title="bbox 2237 2533 3803 2607">
     <span class='ocr_line' id='line_1_31' title="bbox 2237 2533 3803 2607; baseline -0.007 -16"><span class='ocrx_word' id='word_1_183' title='bbox 2237 2537 2513 2607; x_wconf 74' lang='grc' dir='ltr'>κουμένων</span> <span class='ocrx_word' id='word_1_184' title='bbox 2548 2552 2607 2589; x_wconf 88' lang='grc' dir='ltr'><strong>τε</strong></span> <span class='ocrx_word' id='word_1_185' title='bbox 2638 2535 2733 2587; x_wconf 79' lang='grc' dir='ltr'>καὶ</span> <span class='ocrx_word' id='word_1_186' title='bbox 2767 2533 3090 2603; x_wconf 85' lang='grc' dir='ltr'>ῑθννομένων</span> <span class='ocrx_word' id='word_1_187' title='bbox 3132 2533 3265 2603; x_wconf 82' lang='grc' dir='ltr'>πρὸς</span> <span class='ocrx_word' id='word_1_188' title='bbox 3286 2534 3387 2604; x_wconf 86' lang='grc' dir='ltr'>τὴν</span> <span class='ocrx_word' id='word_1_189' title='bbox 3417 2535 3527 2587; x_wconf 87' lang='grc' dir='ltr'><strong>τῶν</strong></span> <span class='ocrx_word' id='word_1_190' title='bbox 3550 2537 3803 2606; x_wconf 72' lang='grc' dir='ltr'>οὐρανῶν</span> 
     </span>
    </p>
   </div>
   <div class='ocr_carea' id='block_1_31' title="bbox 2239 2623 3803 2699">
    <p class='ocr_par' dir='ltr' id='par_1_31' title="bbox 2239 2623 3803 2699">
     <span class='ocr_line' id='line_1_32' title="bbox 2239 2623 3803 2699; baseline -0.002 -17"><span class='ocrx_word' id='word_1_191' title='bbox 2239 2628 2511 2699; x_wconf 84' lang='grc' dir='ltr'>βασιλείαν</span> <span class='ocrx_word' id='word_1_192' title='bbox 2548 2626 2947 2687; x_wconf 80' lang='grc' dir='ltr'>ὁποτυπώσεσι,</span> <span class='ocrx_word' id='word_1_193' title='bbox 2973 2623 3070 2691; x_wconf 85' lang='grc' dir='ltr'><strong>μία</strong></span> <span class='ocrx_word' id='word_1_194' title='bbox 3098 2624 3179 2685; x_wconf 89' lang='grc' dir='ltr'><strong>τίς</strong></span> <span class='ocrx_word' id='word_1_195' title='bbox 3205 2626 3319 2676; x_wconf 76' lang='grc' dir='ltr'>ἐστι</span> <span class='ocrx_word' id='word_1_196' title='bbox 3348 2626 3458 2678; x_wconf 86' lang='grc' dir='ltr'><strong>τῶν</strong></span> <span class='ocrx_word' id='word_1_197' title='bbox 3482 2628 3681 2680; x_wconf 85' lang='grc' dir='ltr'>πασῶν</span> <span class='ocrx_word' id='word_1_198' title='bbox 3705 2630 3803 2681; x_wconf 73' lang='grc' dir='ltr'>καὶ</span> 
     </span>
    </p>
   </div>
   <div class='ocr_carea' id='block_1_32' title="bbox 2235 2715 3802 2792">
    <p class='ocr_par' dir='ltr' id='par_1_32' title="bbox 2235 2715 3802 2792">
     <span class='ocr_line' id='line_1_33' title="bbox 2235 2715 3802 2792; baseline -0.003 -19"><span class='ocrx_word' id='word_1_199' title='bbox 2235 2722 2269 2792; x_wconf 84' lang='grc' dir='ltr'><strong>ή</strong></span> <span class='ocrx_word' id='word_1_200' title='bbox 2305 2720 2428 2773; x_wconf 77' lang='grc' dir='ltr'>καθ’</span> <span class='ocrx_word' id='word_1_201' title='bbox 2464 2720 2613 2789; x_wconf 75' lang='grc' dir='ltr'>ἡμᾶς</span> <span class='ocrx_word' id='word_1_202' title='bbox 2644 2717 2919 2788; x_wconf 81' lang='grc' dir='ltr'><strong>κρατοῦσα</strong></span> <span class='ocrx_word' id='word_1_203' title='bbox 2946 2715 3258 2785; x_wconf 78' lang='grc' dir='ltr'><strong>παράδοσις,</strong></span> <span class='ocrx_word' id='word_1_204' title='bbox 3292 2717 3357 2785; x_wconf 72' lang='grc' dir='ltr'>ἣν</span> <span class='ocrx_word' id='word_1_205' title='bbox 3378 2719 3802 2789; x_wconf 67' lang='grc' dir='ltr'>παρειλήφαμεν</span> 
     </span>
    </p>
   </div>
   <div class='ocr_carea' id='block_1_33' title="bbox 2236 2805 3801 2881">
    <p class='ocr_par' dir='ltr' id='par_1_33' title="bbox 2236 2805 3801 2881">
     <span class='ocr_line' id='line_1_34' title="bbox 2236 2805 3801 2881; baseline -0.003 -16"><span class='ocrx_word' id='word_1_206' title='bbox 2236 2812 2372 2881; x_wconf 79' lang='grc' dir='ltr'>πρὸς</span> <span class='ocrx_word' id='word_1_207' title='bbox 2407 2809 2501 2863; x_wconf 85' lang='grc' dir='ltr'>τοῦ</span> <span class='ocrx_word' id='word_1_208' title='bbox 2536 2808 2770 2879; x_wconf 76' lang='grc' dir='ltr'><strong>μεγάλου</strong></span> <span class='ocrx_word' id='word_1_209' title='bbox 2794 2805 3004 2877; x_wconf 67' lang='grc' dir='ltr'>Πατρός</span> <span class='ocrx_word' id='word_1_210' title='bbox 3037 2805 3191 2876; x_wconf 77' lang='grc' dir='ltr'>ἡμῶν</span> <span class='ocrx_word' id='word_1_211' title='bbox 3214 2806 3307 2857; x_wconf 75' lang='grc' dir='ltr'>καὶ</span> <span class='ocrx_word' id='word_1_212' title='bbox 3338 2807 3675 2878; x_wconf 83' lang='grc' dir='ltr'>ὁμολογητοῦ</span> <span class='ocrx_word' id='word_1_213' title='bbox 3705 2808 3801 2861; x_wconf 77' lang='grc' dir='ltr'><strong>τοῦ</strong></span> 
     </span>
    </p>
   </div>
   <div class='ocr_carea' id='block_1_34' title="bbox 2234 2893 3802 2966">
    <p class='ocr_par' dir='ltr' id='par_1_34' title="bbox 2234 2893 3802 2966">
     <span class='ocr_line' id='line_1_35' title="bbox 2234 2893 3802 2966; baseline 0.001 -18"><span class='ocrx_word' id='word_1_214' title='bbox 2234 2895 2528 2966; x_wconf 83' lang='grc' dir='ltr'>Θεοδώρου·</span> <span class='ocrx_word' id='word_1_215' title='bbox 2589 2895 2682 2947; x_wconf 76' lang='grc' dir='ltr'>καὶ</span> <span class='ocrx_word' id='word_1_216' title='bbox 2723 2894 2820 2963; x_wconf 83' lang='grc' dir='ltr'><strong>οὐχ</strong></span> <span class='ocrx_word' id='word_1_217' title='bbox 2873 2895 3033 2963; x_wconf 80' lang='grc' dir='ltr'><strong>ἡμεῖς</strong></span> <span class='ocrx_word' id='word_1_218' title='bbox 3086 2894 3274 2963; x_wconf 81' lang='grc' dir='ltr'>μόνοι,</span> <span class='ocrx_word' id='word_1_219' title='bbox 3330 2893 3467 2947; x_wconf 79' lang='grc' dir='ltr'>ἀλλὰ</span> <span class='ocrx_word' id='word_1_220' title='bbox 3499 2895 3563 2964; x_wconf 84' lang='grc' dir='ltr'>δὴ</span> <span class='ocrx_word' id='word_1_221' title='bbox 3619 2899 3717 2949; x_wconf 74' lang='grc' dir='ltr'>καὶ</span> <span class='ocrx_word' id='word_1_222' title='bbox 3751 2900 3802 2950; x_wconf 76' lang='lat' dir='ltr'><strong>oi</strong></span> 
     </span>
    </p>
   </div>
   <div class='ocr_carea' id='block_1_35' title="bbox 2237 2984 3799 3056">
    <p class='ocr_par' dir='ltr' id='par_1_35' title="bbox 2237 2984 3799 3056">
     <span class='ocr_line' id='line_1_36' title="bbox 2237 2984 3799 3056; baseline 0.001 -17"><span class='ocrx_word' id='word_1_223' title='bbox 2237 2986 2455 3048; x_wconf 86' lang='grc' dir='ltr'>πλείους</span> <span class='ocrx_word' id='word_1_224' title='bbox 2490 2986 2597 3038; x_wconf 89' lang='grc' dir='ltr'><strong>τῶν</strong></span> <span class='ocrx_word' id='word_1_225' title='bbox 2645 2984 2912 3054; x_wconf 81' lang='grc' dir='ltr'>ὲγκρίτων</span> <span class='ocrx_word' id='word_1_226' title='bbox 2949 2984 3228 3054; x_wconf 89' lang='grc' dir='ltr'>μοναστῶν</span> <span class='ocrx_word' id='word_1_227' title='bbox 3255 2984 3459 3053; x_wconf 85' lang='grc' dir='ltr'>ταύτην</span> <span class='ocrx_word' id='word_1_228' title='bbox 3487 2986 3799 3056; x_wconf 76' lang='grc' dir='ltr'>αἱροῦνται.</span> 
     </span>
    </p>
   </div>
   <div class='ocr_carea' id='block_1_36' title="bbox 2234 3074 3800 3147">
    <p class='ocr_par' dir='ltr' id='par_1_36' title="bbox 2234 3074 3800 3147">
     <span class='ocr_line' id='line_1_37' title="bbox 2234 3074 3800 3147; baseline 0.001 -18"><span class='ocrx_word' id='word_1_229' title='bbox 2234 3076 2305 3139; x_wconf 82' lang='grc' dir='ltr'>ὡς</span> <span class='ocrx_word' id='word_1_230' title='bbox 2330 3076 2557 3146; x_wconf 85' lang='grc' dir='ltr'>ἀρίστην</span> <span class='ocrx_word' id='word_1_231' title='bbox 2598 3092 2658 3128; x_wconf 88' lang='grc' dir='ltr'><strong>τε</strong></span> <span class='ocrx_word' id='word_1_232' title='bbox 2700 3077 2793 3129; x_wconf 73' lang='grc' dir='ltr'>καὶ</span> <span class='ocrx_word' id='word_1_233' title='bbox 2821 3074 3272 3143; x_wconf 77' lang='grc' dir='ltr'><strong>βασιλικωτάτην,</strong></span> <span class='ocrx_word' id='word_1_234' title='bbox 3310 3075 3530 3139; x_wconf 79' lang='grc' dir='ltr'>καὶτὰς</span> <span class='ocrx_word' id='word_1_235' title='bbox 3562 3077 3800 3147; x_wconf 69' lang='grc' dir='ltr'>ὑπερϐο·</span> 
     </span>
    </p>
   </div>
   <div class='ocr_carea' id='block_1_37' title="bbox 2234 3166 3803 3236">
    <p class='ocr_par' dir='ltr' id='par_1_37' title="bbox 2234 3166 3803 3236">
     <span class='ocr_line' id='line_1_38' title="bbox 2234 3166 3803 3236; baseline -0.001 -16"><span class='ocrx_word' id='word_1_236' title='bbox 2234 3168 2331 3230; x_wconf 77' lang='grc' dir='ltr'>λάς</span> <span class='ocrx_word' id='word_1_237' title='bbox 2366 3169 2460 3221; x_wconf 76' lang='grc' dir='ltr'>καὶ</span> <span class='ocrx_word' id='word_1_238' title='bbox 2495 3167 2759 3236; x_wconf 66' lang='grc' dir='ltr'>ἐλλείψεις</span> <span class='ocrx_word' id='word_1_239' title='bbox 2811 3166 3185 3220; x_wconf 80' lang='grc' dir='ltr'>ὲκκλίνουσαν.</span> <span class='ocrx_word' id='word_1_240' title='bbox 3213 3166 3433 3235; x_wconf 78' lang='grc' dir='ltr'>Ἀμέλει</span> <span class='ocrx_word' id='word_1_241' title='bbox 3485 3168 3581 3219; x_wconf 76' lang='grc' dir='ltr'>καὶ</span> <span class='ocrx_word' id='word_1_242' title='bbox 3640 3168 3803 3235; x_wconf 78' lang='grc' dir='ltr'>ἡμεῖς</span> 
     </span>
    </p>
   </div>
   <div class='ocr_carea' id='block_1_38' title="bbox 2237 3257 3802 3329">
    <p class='ocr_par' dir='ltr' id='par_1_38' title="bbox 2237 3257 3802 3329">
     <span class='ocr_line' id='line_1_39' title="bbox 2237 3257 3802 3329; baseline -0.001 -18"><span class='ocrx_word' id='word_1_243' title='bbox 2237 3262 2473 3329; x_wconf 81' lang='grc' dir='ltr'>σήμερον</span> <span class='ocrx_word' id='word_1_244' title='bbox 2524 3259 2819 3327; x_wconf 80' lang='grc' dir='ltr'>πατρικαῖς</span> <span class='ocrx_word' id='word_1_245' title='bbox 2850 3258 3247 3327; x_wconf 81' lang='grc' dir='ltr'>προσαχθέντες</span> <span class='ocrx_word' id='word_1_246' title='bbox 3299 3257 3563 3320; x_wconf 81' lang='grc' dir='ltr'>ἐντολαῖς,</span> <span class='ocrx_word' id='word_1_247' title='bbox 3594 3259 3802 3326; x_wconf 73' lang='grc' dir='ltr'>ταύτην</span> 
     </span>
    </p>
   </div>
   <div class='ocr_carea' id='block_1_39' title="bbox 2234 3348 3802 3421">
    <p class='ocr_par' dir='ltr' id='par_1_39' title="bbox 2234 3348 3802 3421">
     <span class='ocr_line' id='line_1_40' title="bbox 2234 3348 3802 3421; baseline -0.002 -17"><span class='ocrx_word' id='word_1_248' title='bbox 2234 3352 2293 3405; x_wconf 76' lang='grc' dir='ltr'>ἐν</span> <span class='ocrx_word' id='word_1_249' title='bbox 2314 3351 2541 3421; x_wconf 85' lang='grc' dir='ltr'>χάρταις</span> <span class='ocrx_word' id='word_1_250' title='bbox 2578 3350 2656 3411; x_wconf 87' lang='grc' dir='ltr'><strong>είς</strong></span> <span class='ocrx_word' id='word_1_251' title='bbox 2685 3348 2915 3415; x_wconf 68' lang='grc' dir='ltr'>ἄληπτον</span> <span class='ocrx_word' id='word_1_252' title='bbox 2964 3351 3184 3418; x_wconf 76' lang='grc' dir='ltr'>μνήμην</span> <span class='ocrx_word' id='word_1_253' title='bbox 3217 3351 3331 3411; x_wconf 85' lang='grc' dir='ltr'>ταῖς</span> <span class='ocrx_word' id='word_1_254' title='bbox 3376 3350 3678 3417; x_wconf 82' lang='grc' dir='ltr'>μετέπειτα</span> <span class='ocrx_word' id='word_1_255' title='bbox 3708 3367 3802 3415; x_wconf 81' lang='grc' dir='ltr'><strong>γε-</strong></span> 
     </span>
    </p>
   </div>
   <div class='ocr_carea' id='block_1_40' title="bbox 2234 3439 3802 3511">
    <p class='ocr_par' dir='ltr' id='par_1_40' title="bbox 2234 3439 3802 3511">
     <span class='ocr_line' id='line_1_41' title="bbox 2234 3439 3802 3511; baseline -0.003 -16"><span class='ocrx_word' id='word_1_256' title='bbox 2234 3444 2382 3504; x_wconf 88' lang='grc' dir='ltr'>νεαῖς</span> <span class='ocrx_word' id='word_1_257' title='bbox 2417 3440 2754 3505; x_wconf 81' lang='grc' dir='ltr'>καταλιπεῖν,</span> <span class='ocrx_word' id='word_1_258' title='bbox 2790 3440 2864 3504; x_wconf 83' lang='grc' dir='ltr'>ὠς</span> <span class='ocrx_word' id='word_1_259' title='bbox 2898 3442 2929 3511; x_wconf 82' lang='grc' dir='ltr'><strong>ἡ</strong></span> <span class='ocrx_word' id='word_1_260' title='bbox 2964 3439 3214 3507; x_wconf 81' lang='grc' dir='ltr'>δύναμις,</span> <span class='ocrx_word' id='word_1_261' title='bbox 3242 3440 3377 3507; x_wconf 66' lang='grc' dir='ltr'>πρός</span> <span class='ocrx_word' id='word_1_262' title='bbox 3419 3439 3517 3508; x_wconf 80' lang='grc' dir='ltr'>τὴν</span> <span class='ocrx_word' id='word_1_263' title='bbox 3553 3440 3802 3510; x_wconf 73' lang='grc' dir='ltr'>ὑπακοὴν</span> 
     </span>
    </p>
   </div>
   <div class='ocr_carea' id='block_1_41' title="bbox 2233 3529 3803 3601">
    <p class='ocr_par' dir='ltr' id='par_1_41' title="bbox 2233 3529 3803 3601">
     <span class='ocr_line' id='line_1_42' title="bbox 2233 3529 3803 3601; baseline -0.003 -16"><span class='ocrx_word' id='word_1_264' title='bbox 2233 3534 2457 3595; x_wconf 78' lang='grc' dir='ltr'>ἑαυτοὺς</span> <span class='ocrx_word' id='word_1_265' title='bbox 2506 3532 2823 3601; x_wconf 83' lang='grc' dir='ltr'>καθήκαμεν</span> <span class='ocrx_word' id='word_1_266' title='bbox 2848 3544 2861 3559; x_wconf 79' lang='grc'><strong><em>⁸</em></strong></span> <span class='ocrx_word' id='word_1_267' title='bbox 2895 3531 3030 3583; x_wconf 81' lang='grc' dir='ltr'>Θεοῦ</span> <span class='ocrx_word' id='word_1_268' title='bbox 3061 3529 3258 3600; x_wconf 84' lang='grc' dir='ltr'>δηλαδὴ</span> <span class='ocrx_word' id='word_1_269' title='bbox 3300 3529 3636 3598; x_wconf 71' lang='grc' dir='ltr'>παρέχοντος</span> <span class='ocrx_word' id='word_1_270' title='bbox 3668 3532 3803 3599; x_wconf 73' lang='grc' dir='ltr'>ἡμῖν</span> 
     </span>
    </p>
   </div>
   <div class='ocr_carea' id='block_1_42' title="bbox 572 3608 2135 3692">
    <p class='ocr_par' dir='ltr' id='par_1_42' title="bbox 572 3620 2135 3690">
     <span class='ocr_line' id='line_1_43' title="bbox 572 3620 2135 3690; baseline 0.002 -17"><span class='ocrx_word' id='word_1_271' title='bbox 572 3631 654 3673; x_wconf 87' lang='lat' dir='ltr'><strong>ter</strong></span> <span class='ocrx_word' id='word_1_272' title='bbox 683 3621 967 3689; x_wconf 90' lang='lat' dir='ltr'><strong>theophori</strong></span> <span class='ocrx_word' id='word_1_273' title='bbox 1007 3620 1184 3675; x_wconf 76' lang='lat' dir='ltr'><strong>Patris</strong></span> <span class='ocrx_word' id='word_1_274' title='bbox 1247 3622 1416 3676; x_wconf 89' lang='lat' dir='ltr'><strong>nostri</strong></span> <span class='ocrx_word' id='word_1_275' title='bbox 1453 3622 1748 3676; x_wconf 89' lang='lat' dir='ltr'><strong>constituta</strong></span> <span class='ocrx_word' id='word_1_276' title='bbox 1789 3637 2135 3690; x_wconf 75' lang='lat' dir='ltr'><strong>exponamus,</strong></span> 
     </span>
    </p>
   </div>
   <div class='ocr_carea' id='block_1_43' title="bbox 2239 3608 3801 3692">
    <p class='ocr_par' dir='ltr' id='par_1_43' title="bbox 2243 3621 3801 3692">
     <span class='ocr_line' id='line_1_44' title="bbox 2243 3621 3801 3692; baseline -0.003 -15"><span class='ocrx_word' id='word_1_277' title='bbox 2243 3626 2363 3683; x_wconf 87' lang='grc' dir='ltr'>ταῖς</span> <span class='ocrx_word' id='word_1_278' title='bbox 2397 3622 2489 3675; x_wconf 79' lang='grc' dir='ltr'><strong>τοῦ</strong></span> <span class='ocrx_word' id='word_1_279' title='bbox 2539 3624 2792 3691; x_wconf 82' lang='grc' dir='ltr'>ποιμένος</span> <span class='ocrx_word' id='word_1_280' title='bbox 2840 3623 2977 3686; x_wconf 80' lang='grc' dir='ltr'>ὑπὲρ</span> <span class='ocrx_word' id='word_1_281' title='bbox 3009 3621 3165 3692; x_wconf 80' lang='grc' dir='ltr'>ἡμῶν</span> <span class='ocrx_word' id='word_1_282' title='bbox 3199 3623 3529 3691; x_wconf 81' lang='grc' dir='ltr'>προσευχαῖς</span> <span class='ocrx_word' id='word_1_283' title='bbox 3568 3623 3671 3689; x_wconf 82' lang='grc' dir='ltr'>τὴν</span> <span class='ocrx_word' id='word_1_284' title='bbox 3698 3639 3801 3673; x_wconf 85' lang='grc' dir='ltr'>κα-</span> 
     </span>
    </p>
   </div>
   <div class='ocr_carea' id='block_1_44' title="bbox 576 3712 2129 3782">
    <p class='ocr_par' dir='ltr' id='par_1_44' title="bbox 576 3712 2129 3782">
     <span class='ocr_line' id='line_1_45' title="bbox 576 3712 2129 3782; baseline 0 -16"><span class='ocrx_word' id='word_1_285' title='bbox 576 3712 643 3766; x_wconf 87' lang='lat' dir='ltr'><strong>ad</strong></span> <span class='ocrx_word' id='word_1_286' title='bbox 675 3713 902 3782; x_wconf 82' lang='lat' dir='ltr'><strong>gloriam</strong></span> <span class='ocrx_word' id='word_1_287' title='bbox 927 3712 1104 3768; x_wconf 80' lang='lat' dir='ltr'><strong>Patris</strong></span> <span class='ocrx_word' id='word_1_288' title='bbox 1129 3723 1179 3767; x_wconf 87' lang='lat' dir='ltr'><strong>et</strong></span> <span class='ocrx_word' id='word_1_289' title='bbox 1215 3712 1335 3765; x_wconf 86' lang='lat' dir='ltr'><strong>Filii</strong></span> <span class='ocrx_word' id='word_1_290' title='bbox 1365 3722 1419 3767; x_wconf 91' lang='lat' dir='ltr'><strong>et</strong></span> <span class='ocrx_word' id='word_1_291' title='bbox 1456 3712 1693 3781; x_wconf 86' lang='lat' dir='ltr'><strong>Spiritus</strong></span> <span class='ocrx_word' id='word_1_292' title='bbox 1718 3713 1913 3777; x_wconf 87' lang='lat' dir='ltr'><strong>sancti,</strong></span> <span class='ocrx_word' id='word_1_293' title='bbox 1944 3722 2129 3767; x_wconf 89' lang='lat' dir='ltr'><strong>custo-</strong></span> 
     </span>
    </p>
   </div>
   <div class='ocr_carea' id='block_1_45' title="bbox 574 3803 2130 3872">
    <p class='ocr_par' dir='ltr' id='par_1_45' title="bbox 574 3803 2130 3872">
     <span class='ocr_line' id='line_1_46' title="bbox 574 3803 2130 3872; baseline 0.001 -16"><span class='ocrx_word' id='word_1_294' title='bbox 574 3804 827 3872; x_wconf 89' lang='lat' dir='ltr'><strong>diamque</strong></span> <span class='ocrx_word' id='word_1_295' title='bbox 850 3815 903 3860; x_wconf 92' lang='lat' dir='ltr'><strong>et</strong></span> <span class='ocrx_word' id='word_1_296' title='bbox 926 3806 1155 3859; x_wconf 88' lang='lat' dir='ltr'><strong>salutem</strong></span> <span class='ocrx_word' id='word_1_297' title='bbox 1188 3805 1399 3858; x_wconf 91' lang='lat' dir='ltr'><strong>illorum</strong></span> <span class='ocrx_word' id='word_1_298' title='bbox 1424 3804 1514 3872; x_wconf 91' lang='lat' dir='ltr'><strong>qui</strong></span> <span class='ocrx_word' id='word_1_299' title='bbox 1548 3820 1671 3857; x_wconf 92' lang='lat' dir='ltr'><strong>cum</strong></span> <span class='ocrx_word' id='word_1_300' title='bbox 1708 3803 1809 3857; x_wconf 83' lang='lat' dir='ltr'><strong>ﬁde</strong></span> <span class='ocrx_word' id='word_1_301' title='bbox 1840 3804 1981 3857; x_wconf 86' lang='lat' dir='ltr'><strong>hanc</strong></span> <span class='ocrx_word' id='word_1_302' title='bbox 2030 3806 2130 3858; x_wconf 87' lang='lat' dir='ltr'><strong>ob-</strong></span> 
     </span>
    </p>
   </div>
   <div class='ocr_carea' id='block_1_46' title="bbox 574 3892 2132 3964">
    <p class='ocr_par' dir='ltr' id='par_1_46' title="bbox 574 3892 2132 3964">
     <span class='ocr_line' id='line_1_47' title="bbox 574 3892 2132 3964; baseline 0.003 -19"><span class='ocrx_word' id='word_1_303' title='bbox 574 3895 900 3947; x_wconf 79' lang='lat' dir='ltr'><strong>servantiam</strong></span> <span class='ocrx_word' id='word_1_304' title='bbox 950 3895 1200 3963; x_wconf 87' lang='lat' dir='ltr'><strong>amplecti</strong></span> <span class='ocrx_word' id='word_1_305' title='bbox 1232 3895 1518 3947; x_wconf 85' lang='lat' dir='ltr'><strong>voluerint.</strong></span> <span class='ocrx_word' id='word_1_306' title='bbox 1548 3894 1713 3964; x_wconf 88' lang='lat' dir='ltr'><strong>Igitur</strong></span> <span class='ocrx_word' id='word_1_307' title='bbox 1760 3894 1872 3948; x_wconf 87' lang='lat' dir='ltr'><strong>Deo</strong></span> <span class='ocrx_word' id='word_1_308' title='bbox 1922 3892 2132 3950; x_wconf 80' lang='lat' dir='ltr'><strong>favente</strong></span> 
     </span>
    </p>
   </div>
   <div class='ocr_carea' id='block_1_47' title="bbox 572 3983 1518 4041">
    <p class='ocr_par' dir='ltr' id='par_1_47' title="bbox 572 3983 1518 4041">
     <span class='ocr_line' id='line_1_48' title="bbox 572 3983 1518 4041; baseline 0.004 -5"><span class='ocrx_word' id='word_1_309' title='bbox 572 3983 787 4037; x_wconf 88' lang='lat' dir='ltr'><strong>initium</strong></span> <span class='ocrx_word' id='word_1_310' title='bbox 814 3985 1206 4041; x_wconf 87' lang='lat' dir='ltr'><strong>lucubrationis</strong></span> <span class='ocrx_word' id='word_1_311' title='bbox 1230 3985 1518 4040; x_wconf 74' lang='lat' dir='ltr'><strong>faciamus.</strong></span> 
     </span>
    </p>
   </div>
   <div class='ocr_carea' id='block_1_48' title="bbox 2233 3712 3801 3789">
    <p class='ocr_par' dir='ltr' id='par_1_48' title="bbox 2233 3712 3801 3789">
     <span class='ocr_line' id='line_1_49' title="bbox 2233 3712 3801 3789; baseline -0.001 -23"><span class='ocrx_word' id='word_1_312' title='bbox 2233 3713 2491 3781; x_wconf 87' lang='grc' dir='ltr'>τάλληλον</span> <span class='ocrx_word' id='word_1_313' title='bbox 2523 3713 2770 3783; x_wconf 77' lang='grc' dir='ltr'>ἁρμογὴν</span> <span class='ocrx_word' id='word_1_314' title='bbox 2811 3713 2911 3780; x_wconf 81' lang='grc' dir='ltr'>τῆς</span> <span class='ocrx_word' id='word_1_315' title='bbox 2948 3712 3232 3789; x_wconf 77' lang='grc' dir='ltr'>τοῦλόγου</span> <span class='ocrx_word' id='word_1_316' title='bbox 3265 3712 3588 3773; x_wconf 77' lang='grc' dir='ltr'>συνθέσεως,</span> <span class='ocrx_word' id='word_1_317' title='bbox 3628 3715 3707 3775; x_wconf 79' lang='grc' dir='ltr'>εἰς</span> <span class='ocrx_word' id='word_1_318' title='bbox 3741 3714 3801 3765; x_wconf 70' lang='grc' dir='ltr'><strong>τὸ</strong></span> 
     </span>
    </p>
   </div>
   <div class='ocr_carea' id='block_1_49' title="bbox 2234 3804 3801 3875">
    <p class='ocr_par' dir='ltr' id='par_1_49' title="bbox 2234 3804 3801 3875">
     <span class='ocr_line' id='line_1_50' title="bbox 2234 3804 3801 3875; baseline -0.002 -17"><span class='ocrx_word' id='word_1_319' title='bbox 2234 3804 2486 3858; x_wconf 73' lang='grc' dir='ltr'>ἐκθέσθαι</span> <span class='ocrx_word' id='word_1_320' title='bbox 2534 3805 2701 3871; x_wconf 79' lang='grc' dir='ltr'>ὑγιῶς</span> <span class='ocrx_word' id='word_1_321' title='bbox 2750 3806 2818 3857; x_wconf 77' lang='grc' dir='ltr'>τὰ</span> <span class='ocrx_word' id='word_1_322' title='bbox 2861 3804 3159 3875; x_wconf 76' lang='grc' dir='ltr'>ὀνησιφόρα</span> <span class='ocrx_word' id='word_1_323' title='bbox 3196 3820 3256 3855; x_wconf 85' lang='grc' dir='ltr'><strong>τε</strong></span> <span class='ocrx_word' id='word_1_324' title='bbox 3290 3806 3383 3855; x_wconf 72' lang='grc' dir='ltr'>καὶ</span> <span class='ocrx_word' id='word_1_325' title='bbox 3432 3806 3677 3874; x_wconf 74' lang='grc' dir='ltr'>σωτήρια</span> <span class='ocrx_word' id='word_1_326' title='bbox 3706 3804 3801 3855; x_wconf 72' lang='grc' dir='ltr'>τοῦ</span> 
     </span>
    </p>
   </div>
   <div class='ocr_carea' id='block_1_50' title="bbox 2237 3895 3801 3967">
    <p class='ocr_par' dir='ltr' id='par_1_50' title="bbox 2237 3895 3801 3967">
     <span class='ocr_line' id='line_1_51' title="bbox 2237 3895 3801 3967; baseline -0.002 -18"><span class='ocrx_word' id='word_1_327' title='bbox 2237 3896 2494 3966; x_wconf 83' lang='grc' dir='ltr'>θεοφόρου</span> <span class='ocrx_word' id='word_1_328' title='bbox 2516 3896 2729 3967; x_wconf 68' lang='grc' dir='ltr'>Πατρός</span> <span class='ocrx_word' id='word_1_329' title='bbox 2749 3896 2903 3965; x_wconf 83' lang='grc' dir='ltr'>ήμῶν</span> <span class='ocrx_word' id='word_1_330' title='bbox 2924 3896 3251 3965; x_wconf 76' lang='grc' dir='ltr'>ἐντάλματα,</span> <span class='ocrx_word' id='word_1_331' title='bbox 3293 3897 3371 3957; x_wconf 89' lang='grc' dir='ltr'><strong>εἰς</strong></span> <span class='ocrx_word' id='word_1_332' title='bbox 3402 3895 3562 3960; x_wconf 78' lang='grc' dir='ltr'>δόξαν</span> <span class='ocrx_word' id='word_1_333' title='bbox 3588 3896 3801 3964; x_wconf 56' lang='lat' dir='ltr'><strong>lla-.93);</strong></span> 
     </span>
    </p>
   </div>
   <div class='ocr_carea' id='block_1_51' title="bbox 2236 3985 3802 4056">
    <p class='ocr_par' dir='ltr' id='par_1_51' title="bbox 2236 3985 3802 4056">
     <span class='ocr_line' id='line_1_52' title="bbox 2236 3985 3802 4056; baseline -0.003 -15"><span class='ocrx_word' id='word_1_334' title='bbox 2236 3989 2331 4043; x_wconf 75' lang='grc' dir='ltr'><strong>καὶ</strong></span> <span class='ocrx_word' id='word_1_335' title='bbox 2364 3987 2495 4041; x_wconf 79' lang='grc' dir='ltr'>Υίοῧ</span> <span class='ocrx_word' id='word_1_336' title='bbox 2526 3988 2619 4041; x_wconf 76' lang='grc' dir='ltr'><strong>καὶ</strong></span> <span class='ocrx_word' id='word_1_337' title='bbox 2648 3988 2804 4056; x_wconf 83' lang='grc' dir='ltr'>ἁγίου</span> <span class='ocrx_word' id='word_1_338' title='bbox 2837 3986 3169 4056; x_wconf 80' lang='grc' dir='ltr'>Πνεύματος,</span> <span class='ocrx_word' id='word_1_339' title='bbox 3200 3985 3295 4038; x_wconf 75' lang='grc' dir='ltr'>καὶ</span> <span class='ocrx_word' id='word_1_340' title='bbox 3336 3986 3586 4054; x_wconf 75' lang='grc' dir='ltr'>φυλακήν</span> <span class='ocrx_word' id='word_1_341' title='bbox 3614 4004 3672 4038; x_wconf 85' lang='grc' dir='ltr'><strong>τε</strong></span> <span class='ocrx_word' id='word_1_342' title='bbox 3706 3989 3802 4037; x_wconf 80' lang='grc' dir='ltr'>καὶ</span> 
     </span>
    </p>
   </div>
   <div class='ocr_carea' id='block_1_52' title="bbox 575 4075 3799 4149">
    <p class='ocr_par' dir='ltr' id='par_1_52' title="bbox 575 4075 3799 4149">
     <span class='ocr_line' id='line_1_53' title="bbox 575 4075 3799 4149; baseline 0.002 -25"><span class='ocrx_word' id='word_1_343' title='bbox 575 4075 848 4144; x_wconf 80' lang='grc' dir='ltr'>σωτηρίαν</span> <span class='ocrx_word' id='word_1_344' title='bbox 894 4076 999 4128; x_wconf 86' lang='grc' dir='ltr'><strong>τῶν</strong></span> <span class='ocrx_word' id='word_1_345' title='bbox 1032 4076 1200 4129; x_wconf 81' lang='grc' dir='ltr'>ταῦτα</span> <span class='ocrx_word' id='word_1_346' title='bbox 1238 4076 1375 4147; x_wconf 73' lang='grc' dir='ltr'>μετὰ</span> <span class='ocrx_word' id='word_1_347' title='bbox 1420 4077 1655 4139; x_wconf 82' lang='grc' dir='ltr'>πίστεως</span> <span class='ocrx_word' id='word_1_348' title='bbox 1683 4078 2130 4147; x_wconf 81' lang='grc' dir='ltr'>προαιρουμένων</span> <span class='ocrx_word' id='word_1_349' title='bbox 2168 4078 2476 4148; x_wconf 79' lang='grc' dir='ltr'>φυλάττειν.</span> <span class='ocrx_word' id='word_1_350' title='bbox 2513 4080 2694 4131; x_wconf 86' lang='grc' dir='ltr'>Ἔστω</span> <span class='ocrx_word' id='word_1_351' title='bbox 2726 4079 2906 4131; x_wconf 82' lang='grc' dir='ltr'>τοίνυν</span> <span class='ocrx_word' id='word_1_352' title='bbox 2959 4079 3104 4149; x_wconf 80' lang='grc' dir='ltr'>άρχή</span> <span class='ocrx_word' id='word_1_353' title='bbox 3152 4076 3253 4146; x_wconf 85' lang='grc' dir='ltr'>τῆς</span> <span class='ocrx_word' id='word_1_354' title='bbox 3304 4075 3613 4140; x_wconf 77' lang='grc' dir='ltr'>συντάξεως</span> <span class='ocrx_word' id='word_1_355' title='bbox 3660 4076 3799 4145; x_wconf 78' lang='grc' dir='ltr'>αὕτη</span> 
     </span>
    </p>
   </div>
   <div class='ocr_carea' id='block_1_53' title="bbox 575 4165 837 4237">
    <p class='ocr_par' dir='ltr' id='par_1_53' title="bbox 575 4165 837 4237">
     <span class='ocr_line' id='line_1_54' title="bbox 575 4165 837 4237; baseline 0.008 -19"><span class='ocrx_word' id='word_1_356' title='bbox 575 4169 672 4220; x_wconf 72' lang='grc' dir='ltr'><strong>σὺν</strong></span> <span class='ocrx_word' id='word_1_357' title='bbox 700 4165 837 4237; x_wconf 78' lang='grc' dir='ltr'>Θεῷ.</span> 
     </span>
    </p>
   </div>
   <div class='ocr_carea' id='block_1_54' title="bbox 575 4257 2132 4327">
    <p class='ocr_par' dir='ltr' id='par_1_54' title="bbox 575 4257 2132 4327">
     <span class='ocr_line' id='line_1_55' title="bbox 575 4257 2132 4327; baseline 0.001 -18"><span class='ocrx_word' id='word_1_358' title='bbox 575 4257 849 4321; x_wconf 81' lang='lat' dir='ltr'><strong>Quomodo</strong></span> <span class='ocrx_word' id='word_1_359' title='bbox 877 4272 972 4309; x_wconf 85' lang='lat' dir='ltr'><strong>nos</strong></span> <span class='ocrx_word' id='word_1_360' title='bbox 1001 4273 1237 4326; x_wconf 76' lang='lat' dir='ltr'><strong>geramus</strong></span> <span class='ocrx_word' id='word_1_361' title='bbox 1281 4257 1334 4309; x_wconf 81' lang='lat' dir='ltr'><strong>in</strong></span> <span class='ocrx_word' id='word_1_362' title='bbox 1363 4257 1649 4326; x_wconf 75' lang='lat' dir='ltr'><strong>synaxibus</strong></span> <span class='ocrx_word' id='word_1_363' title='bbox 1695 4269 1895 4312; x_wconf 71' lang='lat' dir='ltr'><strong>sancta:</strong></span> <span class='ocrx_word' id='word_1_364' title='bbox 1931 4267 1981 4311; x_wconf 83' lang='lat' dir='ltr'><strong>et</strong></span> <span class='ocrx_word' id='word_1_365' title='bbox 2021 4259 2132 4327; x_wconf 68' lang='grc' dir='ltr'>ρίο-</span> 
     </span>
    </p>
   </div>
   <div class='ocr_carea' id='block_1_55' title="bbox 647 4327 2129 4466">
    <p class='ocr_par' dir='ltr' id='par_1_55' title="bbox 647 4327 2129 4466">
     <span class='ocr_line' id='line_1_56' title="bbox 647 4327 2129 4449; baseline 0.002 -70"><span class='ocrx_word' id='word_1_366' title='bbox 647 4332 804 4449; x_wconf 62' lang='grc' dir='ltr'><strong>Ζοεὶο</strong></span> <span class='ocrx_word' id='word_1_367' title='bbox 863 4328 1126 4381; x_wconf 64' lang='lat' dir='ltr'><strong>triduom:</strong></span> <span class='ocrx_word' id='word_1_368' title='bbox 1166 4328 1566 4380; x_wconf 74' lang='lat' dir='ltr'><strong>resurrectionis</strong></span> <span class='ocrx_word' id='word_1_369' title='bbox 1614 4327 1911 4383; x_wconf 85' lang='lat' dir='ltr'><strong>Servatoris</strong></span> <span class='ocrx_word' id='word_1_370' title='bbox 1940 4332 2129 4382; x_wconf 77' lang='lat' dir='ltr'><strong>nostri.</strong></span> 
     </span>
     <span class='ocr_line' id='line_1_57' title="bbox 697 4412 917 4466; baseline 0 -17"><span class='ocrx_word' id='word_1_371' title='bbox 697 4413 724 4449; x_wconf 85' lang='lat' dir='ltr'><strong>e</strong></span> <span class='ocrx_word' id='word_1_372' title='bbox 777 4412 917 4466; x_wconf 80' lang='lat' dir='ltr'><strong>tgna.</strong></span> 
     </span>
    </p>
   </div>
   <div class='ocr_carea' id='block_1_56' title="bbox 645 4510 2132 4581">
    <p class='ocr_par' dir='ltr' id='par_1_56' title="bbox 645 4510 2132 4581">
     <span class='ocr_line' id='line_1_58' title="bbox 645 4510 2132 4581; baseline 0.001 -18"><span class='ocrx_word' id='word_1_373' title='bbox 645 4510 701 4564; x_wconf 73' lang='lat'><strong>2.</strong></span> <span class='ocrx_word' id='word_1_374' title='bbox 736 4510 1028 4565; x_wconf 88' lang='lat' dir='ltr'><strong>Sciendum</strong></span> <span class='ocrx_word' id='word_1_375' title='bbox 1069 4520 1153 4567; x_wconf 88' lang='lat' dir='ltr'><strong>est</strong></span> <span class='ocrx_word' id='word_1_376' title='bbox 1185 4511 1331 4581; x_wconf 90' lang='lat' dir='ltr'><strong>quod</strong></span> <span class='ocrx_word' id='word_1_377' title='bbox 1380 4519 1657 4565; x_wconf 88' lang='lat' dir='ltr'><strong>transacta</strong></span> <span class='ocrx_word' id='word_1_378' title='bbox 1689 4510 1866 4567; x_wconf 88' lang='lat' dir='ltr'><strong>noctis</strong></span> <span class='ocrx_word' id='word_1_379' title='bbox 1893 4511 2132 4567; x_wconf 88' lang='lat' dir='ltr'><strong>secunda</strong></span> 
     </span>
    </p>
   </div>
   <div class='ocr_carea' id='block_1_57' title="bbox 576 4602 2133 4671">
    <p class='ocr_par' dir='ltr' id='par_1_57' title="bbox 576 4602 2133 4671">
     <span class='ocr_line' id='line_1_59' title="bbox 576 4602 2133 4671; baseline -0.001 -14"><span class='ocrx_word' id='word_1_380' title='bbox 576 4602 844 4665; x_wconf 88' lang='lat' dir='ltr'><strong>custodia,</strong></span> <span class='ocrx_word' id='word_1_381' title='bbox 879 4616 974 4657; x_wconf 90' lang='lat' dir='ltr'><strong>seu</strong></span> <span class='ocrx_word' id='word_1_382' title='bbox 1022 4611 1145 4671; x_wconf 86' lang='lat' dir='ltr'><strong>post</strong></span> <span class='ocrx_word' id='word_1_383' title='bbox 1194 4603 1381 4656; x_wconf 88' lang='lat' dir='ltr'><strong>horam</strong></span> <span class='ocrx_word' id='word_1_384' title='bbox 1413 4611 1642 4667; x_wconf 78' lang='lat' dir='ltr'><strong>sextam,</strong></span> <span class='ocrx_word' id='word_1_385' title='bbox 1675 4602 1962 4671; x_wconf 83' lang='lat' dir='ltr'><strong>incipiente</strong></span> <span class='ocrx_word' id='word_1_386' title='bbox 2008 4618 2133 4671; x_wconf 85' lang='lat' dir='ltr'><strong>sep-</strong></span> 
     </span>
    </p>
   </div>
   <div class='ocr_carea' id='block_1_58' title="bbox 578 4691 2137 4763">
    <p class='ocr_par' dir='ltr' id='par_1_58' title="bbox 578 4691 2137 4763">
     <span class='ocr_line' id='line_1_60' title="bbox 578 4691 2137 4763; baseline -0.001 -19"><span class='ocrx_word' id='word_1_387' title='bbox 578 4694 731 4754; x_wconf 77' lang='lat' dir='ltr'><strong>tima,</strong></span> <span class='ocrx_word' id='word_1_388' title='bbox 758 4700 875 4743; x_wconf 87' lang='lat' dir='ltr'><strong>rato</strong></span> <span class='ocrx_word' id='word_1_389' title='bbox 904 4691 1204 4761; x_wconf 85' lang='lat' dir='ltr'><strong>hydrologii</strong></span> <span class='ocrx_word' id='word_1_390' title='bbox 1240 4700 1460 4760; x_wconf 88' lang='lat' dir='ltr'><strong>puncto.</strong></span> <span class='ocrx_word' id='word_1_391' title='bbox 1484 4694 1782 4761; x_wconf 88' lang='lat' dir='ltr'><strong>crepitante</strong></span> <span class='ocrx_word' id='word_1_392' title='bbox 1814 4692 1988 4763; x_wconf 88' lang='lat' dir='ltr'><strong>signo,</strong></span> <span class='ocrx_word' id='word_1_393' title='bbox 2016 4708 2137 4747; x_wconf 88' lang='lat' dir='ltr'><strong>sur-</strong></span> 
     </span>
    </p>
   </div>
   <div class='ocr_carea' id='block_1_59' title="bbox 578 4778 2135 4848">
    <p class='ocr_par' dir='ltr' id='par_1_59' title="bbox 578 4778 2135 4848">
     <span class='ocr_line' id='line_1_61' title="bbox 578 4778 2135 4848; baseline 0.001 -16"><span class='ocrx_word' id='word_1_394' title='bbox 578 4782 656 4846; x_wconf 75' lang='lat' dir='ltr'><strong>git</strong></span> <span class='ocrx_word' id='word_1_395' title='bbox 688 4780 735 4834; x_wconf 88' lang='lat' dir='ltr'><strong>is</strong></span> <span class='ocrx_word' id='word_1_396' title='bbox 764 4780 1309 4848; x_wconf 82' lang='lat' dir='ltr'><strong>quiexspergiscendi</strong></span> <span class='ocrx_word' id='word_1_397' title='bbox 1340 4778 1577 4834; x_wconf 79' lang='lat' dir='ltr'><strong>ollicium</strong></span> <span class='ocrx_word' id='word_1_398' title='bbox 1604 4779 1785 4844; x_wconf 86' lang='lat' dir='ltr'><strong>habet,</strong></span> <span class='ocrx_word' id='word_1_399' title='bbox 1816 4790 1869 4835; x_wconf 89' lang='lat' dir='ltr'><strong>et</strong></span> <span class='ocrx_word' id='word_1_400' title='bbox 1888 4780 2135 4835; x_wconf 88' lang='lat' dir='ltr'><strong>cubicula</strong></span> 
     </span>
    </p>
   </div>
   <div class='ocr_carea' id='block_1_60' title="bbox 2236 4251 3801 4330">
    <p class='ocr_par' dir='ltr' id='par_1_60' title="bbox 2236 4251 3801 4330">
     <span class='ocr_line' id='line_1_62' title="bbox 2236 4251 3801 4330; baseline -0.008 -17"><span class='ocrx_word' id='word_1_401' title='bbox 2236 4259 2449 4330; x_wconf 79' lang='grc' dir='ltr'>Ὅπως</span> <span class='ocrx_word' id='word_1_402' title='bbox 2468 4258 2846 4330; x_wconf 66' lang='grc' dir='ltr'>διοικούμεθα</span> <span class='ocrx_word' id='word_1_403' title='bbox 2885 4256 2956 4330; x_wconf 61' lang='grc' dir='ltr'>έν</span> <span class='ocrx_word' id='word_1_404' title='bbox 2987 4254 3115 4330; x_wconf 68' lang='grc' dir='ltr'>ταῖς</span> <span class='ocrx_word' id='word_1_405' title='bbox 3147 4252 3443 4330; x_wconf 60' lang='lat' dir='ltr'><strong>qur-ﬁliam</strong></span> <span class='ocrx_word' id='word_1_406' title='bbox 3487 4251 3801 4330; x_wconf 57' lang='grc' dir='ltr'>τῆςρτιιίς</span> 
     </span>
    </p>
   </div>
   <div class='ocr_carea' id='block_1_61' title="bbox 2306 4322 3799 4394">
    <p class='ocr_par' dir='ltr' id='par_1_61' title="bbox 2306 4322 3799 4394">
     <span class='ocr_line' id='line_1_63' title="bbox 2306 4322 3799 4394; baseline -0.006 -12"><span class='ocrx_word' id='word_1_407' title='bbox 2306 4322 3021 4394; x_wconf 61' lang='grc' dir='ltr'>καῖ’ὲνδόξουτριημὲρου</span> <span class='ocrx_word' id='word_1_408' title='bbox 3042 4322 3432 4394; x_wconf 71' lang='grc' dir='ltr'>ἀναστάσεως</span> <span class='ocrx_word' id='word_1_409' title='bbox 3462 4322 3571 4376; x_wconf 83' lang='grc' dir='ltr'>τοῦ</span> <span class='ocrx_word' id='word_1_410' title='bbox 3603 4322 3799 4389; x_wconf 76' lang='grc' dir='ltr'>Σωτῆ-</span> 
     </span>
    </p>
   </div>
   <div class='ocr_carea' id='block_1_62' title="bbox 2299 4393 3314 4467">
    <p class='ocr_par' dir='ltr' id='par_1_62' title="bbox 2299 4393 3314 4467">
     <span class='ocr_line' id='line_1_64' title="bbox 2299 4393 3314 4467; baseline -0.005 -16"><span class='ocrx_word' id='word_1_411' title='bbox 2299 4415 2409 4466; x_wconf 81' lang='grc' dir='ltr'><strong>ρος</strong></span> <span class='ocrx_word' id='word_1_412' title='bbox 2436 4393 2622 4467; x_wconf 55' lang='grc' dir='ltr'>ἡμῶν.</span> <span class='ocrx_word' id='word_1_413' title='bbox 2653 4397 2789 4464; x_wconf 80' lang='grc' dir='ltr'>Περὶ</span> <span class='ocrx_word' id='word_1_414' title='bbox 2817 4393 2923 4450; x_wconf 72' lang='grc' dir='ltr'>τοῦ</span> <span class='ocrx_word' id='word_1_415' title='bbox 2960 4394 3148 4459; x_wconf 74' lang='grc' dir='ltr'>ξύλου</span> <span class='ocrx_word' id='word_1_416' title='bbox 3182 4393 3314 4464; x_wconf 82' lang='grc'><strong>(50).</strong></span> 
     </span>
    </p>
   </div>
   <div class='ocr_carea' id='block_1_63' title="bbox 2309 4501 3799 4579">
    <p class='ocr_par' dir='ltr' id='par_1_63' title="bbox 2309 4501 3799 4579">
     <span class='ocr_line' id='line_1_65' title="bbox 2309 4501 3799 4579; baseline -0.009 -12"><span class='ocrx_word' id='word_1_417' title='bbox 2309 4512 2373 4576; x_wconf 83' lang='grc' dir='ltr'><strong>β’.</strong></span> <span class='ocrx_word' id='word_1_418' title='bbox 2424 4510 2616 4565; x_wconf 86' lang='grc' dir='ltr'>Ἰστέον</span> <span class='ocrx_word' id='word_1_419' title='bbox 2656 4510 2740 4563; x_wconf 74' lang='grc' dir='ltr'>ὅτε,</span> <span class='ocrx_word' id='word_1_420' title='bbox 2767 4508 2904 4579; x_wconf 80' lang='grc' dir='ltr'>μετὰ</span> <span class='ocrx_word' id='word_1_421' title='bbox 2930 4508 2993 4561; x_wconf 83' lang='grc' dir='ltr'>τὸ</span> <span class='ocrx_word' id='word_1_422' title='bbox 3024 4501 3310 4575; x_wconf 82' lang='grc' dir='ltr'>παρελθεῖν</span> <span class='ocrx_word' id='word_1_423' title='bbox 3336 4502 3602 4573; x_wconf 80' lang='grc' dir='ltr'>δευτέραν</span> <span class='ocrx_word' id='word_1_424' title='bbox 3634 4504 3799 4573; x_wconf 79' lang='grc' dir='ltr'>φυλα-</span> 
     </span>
    </p>
   </div>
   <div class='ocr_carea' id='block_1_64' title="bbox 2237 4593 3799 4673">
    <p class='ocr_par' dir='ltr' id='par_1_64' title="bbox 2237 4593 3799 4673">
     <span class='ocr_line' id='line_1_66' title="bbox 2237 4593 3799 4673; baseline -0.009 -18"><span class='ocrx_word' id='word_1_425' title='bbox 2237 4602 2340 4673; x_wconf 82' lang='grc' dir='ltr'>κὴν</span> <span class='ocrx_word' id='word_1_426' title='bbox 2368 4601 2469 4670; x_wconf 83' lang='grc' dir='ltr'>τῆς</span> <span class='ocrx_word' id='word_1_427' title='bbox 2519 4598 2732 4662; x_wconf 80' lang='grc' dir='ltr'>νυκτὸς,</span> <span class='ocrx_word' id='word_1_428' title='bbox 2767 4598 2885 4668; x_wconf 72' lang='grc' dir='ltr'>ἦτοι</span> <span class='ocrx_word' id='word_1_429' title='bbox 2922 4597 3021 4666; x_wconf 81' lang='grc' dir='ltr'>τὴν</span> <span class='ocrx_word' id='word_1_430' title='bbox 3072 4594 3124 4661; x_wconf 80' lang='grc' dir='ltr'>ς’</span> <span class='ocrx_word' id='word_1_431' title='bbox 3157 4594 3326 4661; x_wconf 83' lang='grc' dir='ltr'>ὥραν,</span> <span class='ocrx_word' id='word_1_432' title='bbox 3357 4595 3673 4663; x_wconf 73' lang='grc' dir='ltr'>ἀρχομένης</span> <span class='ocrx_word' id='word_1_433' title='bbox 3701 4593 3799 4658; x_wconf 79' lang='grc' dir='ltr'>τῆς</span> 
     </span>
    </p>
   </div>
   <div class='ocr_carea' id='block_1_65' title="bbox 2240 4683 3797 4756">
    <p class='ocr_par' dir='ltr' id='par_1_65' title="bbox 2240 4683 3797 4756">
     <span class='ocr_line' id='line_1_67' title="bbox 2240 4683 3797 4756; baseline -0.006 -13"><span class='ocrx_word' id='word_1_434' title='bbox 2240 4688 2305 4755; x_wconf 79' lang='grc' dir='ltr'><strong>ζ’,</strong></span> <span class='ocrx_word' id='word_1_435' title='bbox 2343 4688 2529 4743; x_wconf 87' lang='grc' dir='ltr'>πίπτει</span> <span class='ocrx_word' id='word_1_436' title='bbox 2555 4686 2650 4740; x_wconf 76' lang='grc' dir='ltr'><strong>τοῦ</strong></span> <span class='ocrx_word' id='word_1_437' title='bbox 2683 4685 2995 4756; x_wconf 79' lang='grc' dir='ltr'>ὁδρολογίου</span> <span class='ocrx_word' id='word_1_438' title='bbox 3022 4686 3081 4738; x_wconf 84' lang='grc' dir='ltr'>τὸ</span> <span class='ocrx_word' id='word_1_439' title='bbox 3125 4684 3427 4752; x_wconf 83' lang='grc' dir='ltr'>σύσσημον,</span> <span class='ocrx_word' id='word_1_440' title='bbox 3456 4684 3553 4736; x_wconf 71' lang='grc' dir='ltr'><strong>καὶ</strong></span> <span class='ocrx_word' id='word_1_441' title='bbox 3578 4686 3647 4753; x_wconf 82' lang='grc' dir='ltr'>τῇ</span> <span class='ocrx_word' id='word_1_442' title='bbox 3676 4683 3797 4735; x_wconf 70' lang='grc' dir='ltr'><strong>τοὺ-</strong></span> 
     </span>
    </p>
   </div>
   <div class='ocr_carea' id='block_1_66' title="bbox 2238 4772 3798 4849">
    <p class='ocr_par' dir='ltr' id='par_1_66' title="bbox 2238 4772 3798 4849">
     <span class='ocr_line' id='line_1_68' title="bbox 2238 4772 3798 4849; baseline -0.006 -16"><span class='ocrx_word' id='word_1_443' title='bbox 2238 4798 2332 4834; x_wconf 89' lang='grc' dir='ltr'><strong>του</strong></span> <span class='ocrx_word' id='word_1_444' title='bbox 2375 4780 2619 4849; x_wconf 79' lang='grc' dir='ltr'>σημασίᾳ</span> <span class='ocrx_word' id='word_1_445' title='bbox 2649 4776 2920 4848; x_wconf 75' lang='grc' dir='ltr'>ἐγείρεται</span> <span class='ocrx_word' id='word_1_446' title='bbox 2964 4777 2992 4829; x_wconf 89' lang='grc' dir='ltr'><strong>ό</strong></span> <span class='ocrx_word' id='word_1_447' title='bbox 3028 4773 3389 4844; x_wconf 80' lang='grc' dir='ltr'>ἀφυπνιστὴς,</span> <span class='ocrx_word' id='word_1_448' title='bbox 3440 4774 3539 4825; x_wconf 76' lang='grc' dir='ltr'>καὶ</span> <span class='ocrx_word' id='word_1_449' title='bbox 3578 4772 3798 4843; x_wconf 75' lang='grc' dir='ltr'>περιέρ-</span> 
     </span>
    </p>
   </div>
   <div class='ocr_carea' id='block_1_67' title="bbox 579 4863 2135 4942">
    <p class='ocr_par' dir='ltr' id='par_1_67' title="bbox 579 4868 2134 4935">
     <span class='ocr_line' id='line_1_69' title="bbox 579 4868 2134 4935; baseline 0.002 -14"><span class='ocrx_word' id='word_1_450' title='bbox 579 4868 835 4922; x_wconf 88' lang='lat' dir='ltr'><strong>circumit</strong></span> <span class='ocrx_word' id='word_1_451' title='bbox 862 4883 986 4922; x_wconf 87' lang='lat' dir='ltr'><strong>cum</strong></span> <span class='ocrx_word' id='word_1_452' title='bbox 1016 4869 1253 4935; x_wconf 87' lang='lat' dir='ltr'><strong>lucerna,</strong></span> <span class='ocrx_word' id='word_1_453' title='bbox 1294 4869 1492 4924; x_wconf 77' lang='lat' dir='ltr'><strong>fratres</strong></span> <span class='ocrx_word' id='word_1_454' title='bbox 1521 4871 1765 4925; x_wconf 83' lang='lat' dir='ltr'><strong>excitans</strong></span> <span class='ocrx_word' id='word_1_455' title='bbox 1796 4870 1862 4924; x_wconf 92' lang='lat' dir='ltr'><strong>ad</strong></span> <span class='ocrx_word' id='word_1_456' title='bbox 1914 4874 2134 4925; x_wconf 88' lang='lat' dir='ltr'><strong>matuti-</strong></span> 
     </span>
    </p>
   </div>
   <div class='ocr_carea' id='block_1_68' title="bbox 2239 4863 3796 4942">
    <p class='ocr_par' dir='ltr' id='par_1_68' title="bbox 2239 4863 3796 4942">
     <span class='ocr_line' id='line_1_70' title="bbox 2239 4863 3796 4942; baseline -0.006 -18"><span class='ocrx_word' id='word_1_457' title='bbox 2239 4888 2387 4942; x_wconf 85' lang='grc' dir='ltr'>χεται</span> <span class='ocrx_word' id='word_1_458' title='bbox 2432 4869 2560 4933; x_wconf 82' lang='grc' dir='ltr'>τοὺς</span> <span class='ocrx_word' id='word_1_459' title='bbox 2604 4867 2866 4931; x_wconf 86' lang='grc' dir='ltr'>κοιτῶνας</span> <span class='ocrx_word' id='word_1_460' title='bbox 2907 4866 3043 4936; x_wconf 76' lang='grc' dir='ltr'>μετὰ</span> <span class='ocrx_word' id='word_1_461' title='bbox 3093 4863 3299 4934; x_wconf 74' lang='grc' dir='ltr'>φανοῦ,</span> <span class='ocrx_word' id='word_1_462' title='bbox 3352 4864 3796 4934; x_wconf 84' lang='grc' dir='ltr'>προτρεπόμενος</span> 
     </span>
    </p>
   </div>
   <div class='ocr_carea' id='block_1_69' title="bbox 582 4959 2133 5033">
    <p class='ocr_par' dir='ltr' id='par_1_69' title="bbox 582 4959 2133 5033">
     <span class='ocr_line' id='line_1_71' title="bbox 582 4959 2133 5033; baseline 0.005 -22"><span class='ocrx_word' id='word_1_463' title='bbox 582 4975 705 5014; x_wconf 90' lang='lat' dir='ltr'><strong>nam</strong></span> <span class='ocrx_word' id='word_1_464' title='bbox 732 4959 1095 5029; x_wconf 82' lang='lat' dir='ltr'><strong>doxologiam.</strong></span> <span class='ocrx_word' id='word_1_465' title='bbox 1133 4960 1439 5031; x_wconf 88' lang='lat' dir='ltr'><strong>Statimque</strong></span> <span class='ocrx_word' id='word_1_466' title='bbox 1460 4962 1604 5031; x_wconf 90' lang='lat' dir='ltr'><strong>ligna</strong></span> <span class='ocrx_word' id='word_1_467' title='bbox 1634 4963 1765 5017; x_wconf 89' lang='lat' dir='ltr'><strong>dant</strong></span> <span class='ocrx_word' id='word_1_468' title='bbox 1791 4964 2005 5033; x_wconf 89' lang='lat' dir='ltr'><strong>signum</strong></span> <span class='ocrx_word' id='word_1_469' title='bbox 2039 4980 2133 5019; x_wconf 88' lang='lat' dir='ltr'><strong>sus</strong></span> 
     </span>
    </p>
   </div>
   <div class='ocr_carea' id='block_1_70' title="bbox 582 5051 2136 5119">
    <p class='ocr_par' dir='ltr' id='par_1_70' title="bbox 582 5051 2136 5119">
     <span class='ocr_line' id='line_1_72' title="bbox 582 5051 2136 5119; baseline 0.002 -15"><span class='ocrx_word' id='word_1_470' title='bbox 582 5052 781 5119; x_wconf 87' lang='lat' dir='ltr'><strong>deque,</strong></span> <span class='ocrx_word' id='word_1_471' title='bbox 836 5058 1073 5119; x_wconf 91' lang='lat' dir='ltr'><strong>tuncque</strong></span> <span class='ocrx_word' id='word_1_472' title='bbox 1128 5051 1389 5108; x_wconf 80' lang='lat' dir='ltr'><strong>fratribus</strong></span> <span class='ocrx_word' id='word_1_473' title='bbox 1428 5054 1640 5108; x_wconf 85' lang='lat' dir='ltr'><strong>cunctis</strong></span> <span class='ocrx_word' id='word_1_474' title='bbox 1672 5054 1723 5107; x_wconf 92' lang='lat' dir='ltr'><strong>in</strong></span> <span class='ocrx_word' id='word_1_475' title='bbox 1747 5055 1985 5109; x_wconf 69' lang='lat' dir='ltr'><strong>ecclesiae</strong></span> <span class='ocrx_word' id='word_1_476' title='bbox 2020 5070 2136 5108; x_wconf 86' lang='lat' dir='ltr'><strong>nar-</strong></span> 
     </span>
    </p>
   </div>
   <div class='ocr_carea' id='block_1_71' title="bbox 584 5145 2137 5213">
    <p class='ocr_par' dir='ltr' id='par_1_71' title="bbox 584 5145 2137 5213">
     <span class='ocr_line' id='line_1_73' title="bbox 584 5145 2137 5213; baseline 0.003 -16"><span class='ocrx_word' id='word_1_477' title='bbox 584 5145 740 5197; x_wconf 84' lang='lat' dir='ltr'><strong>thece</strong></span> <span class='ocrx_word' id='word_1_478' title='bbox 763 5145 1121 5213; x_wconf 80' lang='lat' dir='ltr'><strong>congregatis,</strong></span> <span class='ocrx_word' id='word_1_479' title='bbox 1154 5152 1208 5198; x_wconf 90' lang='lat' dir='ltr'><strong>et</strong></span> <span class='ocrx_word' id='word_1_480' title='bbox 1230 5160 1352 5198; x_wconf 91' lang='lat' dir='ltr'><strong>cum</strong></span> <span class='ocrx_word' id='word_1_481' title='bbox 1387 5145 1601 5199; x_wconf 85' lang='lat' dir='ltr'><strong>silentio</strong></span> <span class='ocrx_word' id='word_1_482' title='bbox 1629 5148 1928 5211; x_wconf 90' lang='lat' dir='ltr'><strong>orantibus,</strong></span> <span class='ocrx_word' id='word_1_483' title='bbox 1955 5162 2137 5201; x_wconf 79' lang='lat' dir='ltr'><strong>sacer-</strong></span> 
     </span>
    </p>
   </div>
   <div class='ocr_carea' id='block_1_72' title="bbox 584 5237 2135 5309">
    <p class='ocr_par' dir='ltr' id='par_1_72' title="bbox 584 5237 2135 5309">
     <span class='ocr_line' id='line_1_74' title="bbox 584 5237 2135 5309; baseline 0.003 -20"><span class='ocrx_word' id='word_1_484' title='bbox 584 5237 685 5291; x_wconf 86' lang='lat' dir='ltr'><strong>dos</strong></span> <span class='ocrx_word' id='word_1_485' title='bbox 723 5237 1056 5291; x_wconf 87' lang='lat' dir='ltr'><strong>thuribolum</strong></span> <span class='ocrx_word' id='word_1_486' title='bbox 1090 5253 1253 5291; x_wconf 89' lang='lat' dir='ltr'><strong>manu</strong></span> <span class='ocrx_word' id='word_1_487' title='bbox 1286 5249 1474 5293; x_wconf 88' lang='lat' dir='ltr'><strong>tenens</strong></span> <span class='ocrx_word' id='word_1_488' title='bbox 1500 5238 1775 5293; x_wconf 81' lang='lat' dir='ltr'><strong>thuriﬁcat</strong></span> <span class='ocrx_word' id='word_1_489' title='bbox 1821 5240 1993 5309; x_wconf 86' lang='lat' dir='ltr'><strong>primo</strong></span> <span class='ocrx_word' id='word_1_490' title='bbox 2046 5253 2135 5294; x_wconf 81' lang='lat' dir='ltr'><strong>sa-</strong></span> 
     </span>
    </p>
   </div>
   <div class='ocr_carea' id='block_1_73' title="bbox 585 5329 2135 5396">
    <p class='ocr_par' dir='ltr' id='par_1_73' title="bbox 585 5329 2135 5396">
     <span class='ocr_line' id='line_1_75' title="bbox 585 5329 2135 5396; baseline 0.001 -13"><span class='ocrx_word' id='word_1_491' title='bbox 585 5345 739 5384; x_wconf 90' lang='lat' dir='ltr'><strong>crum</strong></span> <span class='ocrx_word' id='word_1_492' title='bbox 766 5330 942 5395; x_wconf 66' lang='lat' dir='ltr'><strong>belua,</strong></span> <span class='ocrx_word' id='word_1_493' title='bbox 976 5329 1169 5385; x_wconf 85' lang='lat' dir='ltr'><strong>deinde</strong></span> <span class='ocrx_word' id='word_1_494' title='bbox 1193 5344 1259 5384; x_wconf 83' lang='lat' dir='ltr'><strong>ex</strong></span> <span class='ocrx_word' id='word_1_495' title='bbox 1282 5330 1553 5385; x_wconf 86' lang='lat' dir='ltr'><strong>anteriore</strong></span> <span class='ocrx_word' id='word_1_496' title='bbox 1590 5331 1832 5386; x_wconf 89' lang='lat' dir='ltr'><strong>cancello</strong></span> <span class='ocrx_word' id='word_1_497' title='bbox 1863 5346 2135 5396; x_wconf 82' lang='lat' dir='ltr'><strong>egressus.</strong></span> 
     </span>
    </p>
   </div>
   <div class='ocr_carea' id='block_1_74' title="bbox 2236 4956 3789 5030">
    <p class='ocr_par' dir='ltr' id='par_1_74' title="bbox 2236 4956 3789 5030">
     <span class='ocr_line' id='line_1_76' title="bbox 2236 4956 3789 5030; baseline -0.007 -13"><span class='ocrx_word' id='word_1_498' title='bbox 2236 4965 2361 5027; x_wconf 84' lang='grc' dir='ltr'>τοὺς</span> <span class='ocrx_word' id='word_1_499' title='bbox 2388 4961 2650 5030; x_wconf 82' lang='grc' dir='ltr'>ἀδελφοὺς</span> <span class='ocrx_word' id='word_1_500' title='bbox 2674 4963 2755 5025; x_wconf 85' lang='grc' dir='ltr'><strong>είς</strong></span> <span class='ocrx_word' id='word_1_501' title='bbox 2781 4959 3133 5025; x_wconf 76' lang='grc' dir='ltr'>ἐξανάστασιν</span> <span class='ocrx_word' id='word_1_502' title='bbox 3176 4957 3274 5025; x_wconf 87' lang='grc' dir='ltr'>τῆς</span> <span class='ocrx_word' id='word_1_503' title='bbox 3312 4956 3547 5025; x_wconf 79' lang='grc' dir='ltr'>ἑωθινῆς</span> <span class='ocrx_word' id='word_1_504' title='bbox 3584 4956 3789 5020; x_wconf 76' lang='grc' dir='ltr'>δοξολο-</span> 
     </span>
    </p>
   </div>
   <div class='ocr_carea' id='block_1_75' title="bbox 2238 5045 3794 5121">
    <p class='ocr_par' dir='ltr' id='par_1_75' title="bbox 2238 5045 3794 5121">
     <span class='ocr_line' id='line_1_77' title="bbox 2238 5045 3794 5121; baseline -0.008 -14"><span class='ocrx_word' id='word_1_505' title='bbox 2238 5054 2383 5121; x_wconf 88' lang='grc' dir='ltr'>γίας·</span> <span class='ocrx_word' id='word_1_506' title='bbox 2407 5052 2723 5121; x_wconf 78' lang='grc' dir='ltr'>σημαίνουσι</span> <span class='ocrx_word' id='word_1_507' title='bbox 2750 5051 2809 5107; x_wconf 85' lang='grc' dir='ltr'>δὲ</span> <span class='ocrx_word' id='word_1_508' title='bbox 2829 5048 3137 5119; x_wconf 82' lang='grc' dir='ltr'>παραυτίκα</span> <span class='ocrx_word' id='word_1_509' title='bbox 3178 5048 3271 5099; x_wconf 77' lang='grc' dir='ltr'>καὶ</span> <span class='ocrx_word' id='word_1_510' title='bbox 3301 5047 3369 5099; x_wconf 72' lang='grc' dir='ltr'>τὰ</span> <span class='ocrx_word' id='word_1_511' title='bbox 3401 5045 3537 5110; x_wconf 77' lang='grc' dir='ltr'>ξύλα</span> <span class='ocrx_word' id='word_1_512' title='bbox 3582 5047 3697 5099; x_wconf 79' lang='grc' dir='ltr'>ἅνω</span> <span class='ocrx_word' id='word_1_513' title='bbox 3741 5062 3794 5097; x_wconf 81' lang='grc' dir='ltr'><strong>τε</strong></span> 
     </span>
    </p>
   </div>
   <div class='ocr_carea' id='block_1_76' title="bbox 2240 5137 3795 5207">
    <p class='ocr_par' dir='ltr' id='par_1_76' title="bbox 2240 5137 3795 5207">
     <span class='ocr_line' id='line_1_78' title="bbox 2240 5137 3795 5207; baseline -0.008 -8"><span class='ocrx_word' id='word_1_514' title='bbox 2240 5146 2336 5198; x_wconf 75' lang='grc' dir='ltr'>καὶ</span> <span class='ocrx_word' id='word_1_515' title='bbox 2360 5145 2525 5198; x_wconf 82' lang='grc' dir='ltr'>κάτω’</span> <span class='ocrx_word' id='word_1_516' title='bbox 2567 5144 2662 5197; x_wconf 76' lang='grc' dir='ltr'>καὶ</span> <span class='ocrx_word' id='word_1_517' title='bbox 2694 5142 2802 5195; x_wconf 91' lang='grc' dir='ltr'><strong>τῶν</strong></span> <span class='ocrx_word' id='word_1_518' title='bbox 2852 5139 3093 5207; x_wconf 83' lang='grc' dir='ltr'>ἀδελφῶν</span> <span class='ocrx_word' id='word_1_519' title='bbox 3141 5137 3357 5191; x_wconf 83' lang='grc' dir='ltr'>πάντων</span> <span class='ocrx_word' id='word_1_520' title='bbox 3395 5137 3795 5204; x_wconf 75' lang='grc' dir='ltr'>ἁθροιζομένων</span> 
     </span>
    </p>
   </div>
   <div class='ocr_carea' id='block_1_77' title="bbox 2242 5227 3794 5306">
    <p class='ocr_par' dir='ltr' id='par_1_77' title="bbox 2242 5227 3794 5306">
     <span class='ocr_line' id='line_1_79' title="bbox 2242 5227 3794 5306; baseline -0.008 -17"><span class='ocrx_word' id='word_1_521' title='bbox 2242 5238 2301 5289; x_wconf 76' lang='grc' dir='ltr'>ὲν</span> <span class='ocrx_word' id='word_1_522' title='bbox 2343 5235 2422 5306; x_wconf 81' lang='grc' dir='ltr'><strong>τῷ</strong></span> <span class='ocrx_word' id='word_1_523' title='bbox 2464 5234 2694 5305; x_wconf 85' lang='grc' dir='ltr'>νάρθηκι</span> <span class='ocrx_word' id='word_1_524' title='bbox 2739 5232 2833 5285; x_wconf 78' lang='grc' dir='ltr'>τοῦ</span> <span class='ocrx_word' id='word_1_525' title='bbox 2861 5229 3155 5299; x_wconf 79' lang='grc' dir='ltr'>Κυριακοῦ,</span> <span class='ocrx_word' id='word_1_526' title='bbox 3209 5227 3303 5281; x_wconf 76' lang='grc' dir='ltr'>καὶ</span> <span class='ocrx_word' id='word_1_527' title='bbox 3348 5228 3794 5297; x_wconf 77' lang='grc' dir='ltr'>προσευχομένων</span> 
     </span>
    </p>
   </div>
   <div class='ocr_carea' id='block_1_78' title="bbox 2243 5319 3792 5399">
    <p class='ocr_par' dir='ltr' id='par_1_78' title="bbox 2243 5319 3792 5399">
     <span class='ocr_line' id='line_1_80' title="bbox 2243 5319 3792 5399; baseline -0.007 -18"><span class='ocrx_word' id='word_1_528' title='bbox 2243 5330 2438 5399; x_wconf 77' lang='grc' dir='ltr'>ἡσυχῇ,</span> <span class='ocrx_word' id='word_1_529' title='bbox 2470 5329 2499 5380; x_wconf 84' lang='grc' dir='ltr'>ὁ</span> <span class='ocrx_word' id='word_1_530' title='bbox 2528 5325 2706 5397; x_wconf 77' lang='grc' dir='ltr'>ἱερεὺς</span> <span class='ocrx_word' id='word_1_531' title='bbox 2739 5324 2802 5379; x_wconf 79' lang='grc' dir='ltr'>τὸ</span> <span class='ocrx_word' id='word_1_532' title='bbox 2833 5324 3025 5395; x_wconf 83' lang='grc' dir='ltr'>πύριον</span> <span class='ocrx_word' id='word_1_533' title='bbox 3067 5320 3205 5393; x_wconf 80' lang='grc' dir='ltr'>μετὰ</span> <span class='ocrx_word' id='word_1_534' title='bbox 3238 5322 3427 5389; x_wconf 87' lang='grc' dir='ltr'>χεῖρας</span> <span class='ocrx_word' id='word_1_535' title='bbox 3466 5319 3792 5390; x_wconf 71' lang='grc' dir='ltr'>ἐπιλαϐόμε-</span> 
     </span>
    </p>
   </div>
   <div class='ocr_carea' id='block_1_79' title="bbox 2078 5504 2311 5561">
    <p class='ocr_par' dir='ltr' id='par_1_79' title="bbox 2078 5504 2311 5561">
     <span class='ocr_line' id='line_1_81' title="bbox 2078 5504 2311 5561; baseline -0.013 -1"><span class='ocrx_word' id='word_1_536' title='bbox 2078 5504 2311 5561; x_wconf 63' lang='grc' dir='ltr'><strong>ΝΟΤᾸΕ.</strong></span> 
     </span>
    </p>
   </div>
   <div class='ocr_carea' id='block_1_80' title="bbox 657 5617 3787 5701">
    <p class='ocr_par' dir='ltr' id='par_1_80' title="bbox 657 5617 3787 5701">
     <span class='ocr_line' id='line_1_82' title="bbox 657 5617 3787 5701; baseline -0.006 -18"><span class='ocrx_word' id='word_1_537' title='bbox 657 5629 769 5699; x_wconf 76' lang='lat'><strong>(9.9)</strong></span> <span class='ocrx_word' id='word_1_538' title='bbox 800 5626 1544 5701; x_wconf 28' lang='lat' dir='ltr'><strong>HypotyposinAStuditauam</strong></span> <span class='ocrx_word' id='word_1_539' title='bbox 1574 5630 1786 5700; x_wconf 85' lang='lat' dir='ltr'><strong>appelat</strong></span> <span class='ocrx_word' id='word_1_540' title='bbox 1817 5628 2045 5683; x_wconf 85' lang='lat' dir='ltr'><strong>Allatius</strong></span> <span class='ocrx_word' id='word_1_541' title='bbox 2076 5628 2128 5681; x_wconf 90' lang='lat' dir='ltr'><strong>in</strong></span> <span class='ocrx_word' id='word_1_542' title='bbox 2233 5622 2373 5701; x_wconf 62' lang='lat' dir='ltr'><strong>apud</strong></span> <span class='ocrx_word' id='word_1_543' title='bbox 2401 5622 2613 5701; x_wconf 50' lang='lat' dir='ltr'><strong>timens</strong></span> <span class='ocrx_word' id='word_1_544' title='bbox 2639 5621 2935 5701; x_wconf 60' lang='lat' dir='ltr'><strong>prmsertim</strong></span> <span class='ocrx_word' id='word_1_545' title='bbox 2958 5619 3279 5701; x_wconf 51' lang='lat' dir='ltr'><strong>monachos,</strong></span> <span class='ocrx_word' id='word_1_546' title='bbox 3300 5617 3787 5701; x_wconf 33' lang='lat' dir='ltr'><strong>lcga‘lttr‘cardiua:</strong></span> 
     </span>
    </p>
   </div>
   <div class='ocr_carea' id='block_1_81' title="bbox 586 5696 1253 5755">
    <p class='ocr_par' dir='ltr' id='par_1_81' title="bbox 586 5696 1253 5755">
     <span class='ocr_line' id='line_1_83' title="bbox 586 5696 1253 5755; baseline -0.001 -3"><span class='ocrx_word' id='word_1_547' title='bbox 586 5696 803 5754; x_wconf 73' lang='lat' dir='ltr'><strong>dissert.</strong></span> <span class='ocrx_word' id='word_1_548' title='bbox 833 5696 925 5755; x_wconf 75' lang='lat' dir='ltr'><strong>cit.</strong></span> <span class='ocrx_word' id='word_1_549' title='bbox 955 5696 1059 5753; x_wconf 69' lang='lat' dir='ltr'><strong>col.</strong></span> <span class='ocrx_word' id='word_1_550' title='bbox 1096 5699 1253 5754; x_wconf 71' lang='grc'><strong>1460.</strong></span> 
     </span>
    </p>
   </div>
   <div class='ocr_carea' id='block_1_82' title="bbox 660 5766 2132 5841">
    <p class='ocr_par' dir='ltr' id='par_1_82' title="bbox 660 5766 2132 5841">
     <span class='ocr_line' id='line_1_84' title="bbox 660 5766 2132 5841; baseline -0.004 -16"><span class='ocrx_word' id='word_1_551' title='bbox 660 5770 768 5841; x_wconf 70' lang='grc'><strong>(50)</strong></span> <span class='ocrx_word' id='word_1_552' title='bbox 802 5769 877 5826; x_wconf 90' lang='lat' dir='ltr'><strong>De</strong></span> <span class='ocrx_word' id='word_1_553' title='bbox 915 5771 1017 5825; x_wconf 85' lang='lat' dir='ltr'><strong>hoc</strong></span> <span class='ocrx_word' id='word_1_554' title='bbox 1043 5770 1189 5840; x_wconf 83' lang='lat' dir='ltr'><strong>ligno</strong></span> <span class='ocrx_word' id='word_1_555' title='bbox 1220 5771 1567 5836; x_wconf 83' lang='lat' dir='ltr'><strong>semanterio.</strong></span> <span class='ocrx_word' id='word_1_556' title='bbox 1599 5773 1705 5827; x_wconf 82' lang='lat' dir='ltr'><strong>iten</strong></span> <span class='ocrx_word' id='word_1_557' title='bbox 1724 5786 1829 5840; x_wconf 84' lang='lat' dir='ltr'><strong>que</strong></span> <span class='ocrx_word' id='word_1_558' title='bbox 1859 5770 1924 5823; x_wconf 91' lang='lat' dir='ltr'><strong>dc</strong></span> <span class='ocrx_word' id='word_1_559' title='bbox 1983 5766 2132 5830; x_wconf 80' lang='lat' dir='ltr'><strong>tuba,</strong></span> 
     </span>
    </p>
   </div>
   <div class='ocr_carea' id='block_1_83' title="bbox 2234 5689 3788 5758">
    <p class='ocr_par' dir='ltr' id='par_1_83' title="bbox 2234 5689 3788 5758">
     <span class='ocr_line' id='line_1_85' title="bbox 2234 5689 3788 5758; baseline -0.007 -11"><span class='ocrx_word' id='word_1_560' title='bbox 2234 5689 2302 5747; x_wconf 82' lang='lat' dir='ltr'><strong>lis</strong></span> <span class='ocrx_word' id='word_1_561' title='bbox 2340 5692 2481 5745; x_wconf 89' lang='lat' dir='ltr'><strong>Bona</strong></span> <span class='ocrx_word' id='word_1_562' title='bbox 2514 5689 2630 5744; x_wconf 79' lang='lat' dir='ltr'><strong>Rer.</strong></span> <span class='ocrx_word' id='word_1_563' title='bbox 2665 5690 2847 5758; x_wconf 80' lang='lat' dir='ltr'><strong>limrg.</strong></span> <span class='ocrx_word' id='word_1_564' title='bbox 2882 5690 2972 5742; x_wconf 83' lang='lat' dir='ltr'><strong>lib.</strong></span> <span class='ocrx_word' id='word_1_565' title='bbox 3001 5704 3036 5751; x_wconf 86' lang='grc' dir='ltr'><strong>ι,</strong></span> <span class='ocrx_word' id='word_1_566' title='bbox 3067 5689 3157 5751; x_wconf 71' lang='lat'><strong>9.2,</strong></span> <span class='ocrx_word' id='word_1_567' title='bbox 3190 5690 3281 5758; x_wconf 85' lang='lat' dir='ltr'><strong>qui</strong></span> <span class='ocrx_word' id='word_1_568' title='bbox 3311 5699 3367 5742; x_wconf 87' lang='lat' dir='ltr'><strong>et</strong></span> <span class='ocrx_word' id='word_1_569' title='bbox 3386 5689 3589 5742; x_wconf 63' lang='lat' dir='ltr'><strong>Allatii</strong></span> <span class='ocrx_word' id='word_1_570' title='bbox 3614 5689 3788 5743; x_wconf 76' lang='lat' dir='ltr'><strong>recitat</strong></span> 
     </span>
    </p>
   </div>
   <div class='ocr_carea' id='block_1_84' title="bbox 2238 5757 3297 5831">
    <p class='ocr_par' dir='ltr' id='par_1_84' title="bbox 2238 5757 3297 5831">
     <span class='ocr_line' id='line_1_86' title="bbox 2238 5757 3297 5831; baseline -0.01 -12"><span class='ocrx_word' id='word_1_571' title='bbox 2238 5762 2658 5831; x_wconf 81' lang='lat' dir='ltr'><strong>descriptionem</strong></span> <span class='ocrx_word' id='word_1_572' title='bbox 2691 5757 2925 5830; x_wconf 68' lang='lat' dir='ltr'><strong>praedicti</strong></span> <span class='ocrx_word' id='word_1_573' title='bbox 2960 5757 3297 5813; x_wconf 85' lang='lat' dir='ltr'><strong>semanterii.</strong></span> 
     </span>
    </p>
   </div>
  </div>
