3976 6322
141 397 278 460 1705

1256 397 1805 457 COIVS'l‘l'l‘U'l‘lON
1817 399 1904 458 ES
1945 395 2416 458 STUDlTANxE.

3262 388 3396 450 ιτοε

138 532 251 578 νος,
307 513 482 582 θυμιᾷ
543 525 757 582 πρωτον
801 511 863 564 τὸ
908 512 1050 581 ἱερον
1102 510 1286 579 βῆμα·
1343 511 1590 564 κάκεῖθεν
1648 510 1737 562 διὰ

1848 508 2034 562 ιιτιιιεὶι
2062 521 2156 574 per
2181 503 2399 559 boreale
2426 502 2569 554 latus
2624 495 2834 568 templi,
2861 507 3062 553 etcum
3097 498 3162 551 ad
3191 501 3395 568 regiam

135 607 239 672 τῆς
270 600 590 672 ἔμπροσθεν
635 600 912 670 κιγκλίδος
953 599 1205 665 ἐξελθὼν,
1240 600 1512 671 διέρχεται
1544 601 1608 653 τὸ
1639 600 1724 670 βό-

143 711 290 764 ρειον
323 693 473 745 κλιδν
513 693 576 746 τὸ
610 693 704 746 τοῦ
735 692 884 758 ναοῦ,
926 693 1019 746 καὶ
1065 692 1280 760 φθάσας
1310 693 1409 763 τὴν
1442 693 1726 763 βασιλικὴν

140 784 346 854 πύλην,
381 784 555 855 θυμιᾷ
599 785 727 847 τοὺς
768 784 1053 852 ἀδελφοὺς.
1083 786 1178 838 καὶ
1203 784 1406 848 εὐθέως
1437 786 1725 854 ἀνατρέχει

142 875 239 927 aut
273 875 369 927 τοῦ
402 876 580 928 νοτίου
619 878 816 946 μέρους
845 875 967 928 ὅθεν
1005 875 1246 945 ἐξῆλθεν
1294 877 1348 928 οἵ
1397 893 1458 928 τε
1507 877 1726 945 ἀδελφοὶ

142 966 378 1019 κατόπιν
418 965 584 1018 αὐτοῦ
608 965 941 1035 εἰσέρχονται
961 966 1039 1028 εἰς
1063 967 1151 1018 τὸν
1189 965 1336 1019 ναόν.
1368 966 1540 1028 Αὐτὸς
1573 958 1629 1017 δὲ
1666 966 1727 1018 τὸ

143 1053 348 1129 ήύριον
384 1057 718 1128 ἀποθέμενος
740 1060 821 1120 είς
849 1057 910 1110 τὸ
933 1058 1086 1125 ἆγιον
1110 1058 1277 1126 βῆμα,
1317 1056 1550 1123 ἐξελθὼν
1573 1058 1724 1110 ἵστα·-

142 1138 239 1203 ται
293 1151 439 1203 κατά
491 1151 782 1218 πρόσωπον
821 1148 914 1201 τοῦ
971 1149 1307 1218 ίλαστηρίου,
1367 1149 1461 1200 καὶ
1497 1150 1728 1217 ἄρχεται.

142 1241 468 1311 τροπόιριον,
509 1243 536 1294 6
578 1236 708 1310 ἦχος
741 1239 834 1293 πλ.
865 1246 933 1304 α’,
965 1241 1219 1307 Χριστὸς
1252 1238 1478 1305 ἀνέστη
1513 1239 1582 1291 ἐκ
1627 1256 1726 1292 νε-

146 1332 328 1401 κρῶν.
361 1335 534 1404 Ὅπερ
579 1333 718 1404 μετά
745 1333 806 1384 τὸ
830 1331 1101 1400 eameam
1129 1331 1310 1401 τρίτον
1328 1330 1478 1400 παρά
1508 1332 1556 1384 τ’
1576 1332 1723 1384 ἐκεί-

150 1443 247 1478 νου
279 1427 374 1477 καὶ
403 1425 510 1477 τῶν
545 1424 810 1491 ἀδελειτῶν,
841 1424 992 1489 λέγει
1036 1424 1064 1473 6
1107 1423 1480 1492 πρεσϐύτερος
1519 1425 1725 1492 στίχον,

147 1519 314 1584 Αὕτη
350 1517 540 1585 ἡμέρα
583 1516 662 1584 ἢν
683 1515 974 1581 ἐποίησεν
1011 1517 1043 1568 ό
1071 1516 1303 1581 Κύριος·
1337 1516 1387 1565 οἱ
1423 1514 1642 1581 ἀδελςοὶ
1671 1513 1727 1566 δὲ

146 1612 211 1663 τὸ
256 1610 553 1680 τροπάριον
598 1626 737 1678 στιχ.
784 1608 848 1676 β’,
881 1606 1288 1672 Συστήσασθε
1339 1606 1587 1673 ἑορτὴν,
1621 1606 1726 1668 ἓως

146 1703 325 1764 τέλος·
358 1703 451 1755 καὶ
482 1701 645 1754 πάλιν
696 1702 725 1753 6
770 1699 896 1762 λαὸς
943 1699 1005 1752 τὸ
1031 1699 1327 1769 τροπάριον
1357 1698 1589 1762 δοξάζει.
1619 1697 1728 1750 Καὶ

152 1795 297 1863 μετά
339 1795 437 1862 τὴν
473 1791 864 1862 συμπλήρωσιν
887 1789 1103 1853 τούτου,
1127 1789 1351 1860 ἄρχεται
1381 1789 1544 1850 εὐθὺς
1572 1791 1604 1841 6
1623 1805 1722 1840 κα-

1828 613 2037 669 portam
2088 595 2315 658 venerit,
2359 591 2636 647 tltut-iiicat
2685 590 2904 656 fratres,
2967 592 3261 660 statimque
3300 607 3397 662 per

1827 684 2363 742 meridiattmnrlatus
2395 683 2686 736 revertitur
2720 684 2861 734 unde
2894 682 3259 748 discesserat;
3320 687 3398 736 si-

1826 777 2046 845 mulque
2069 774 2267 827 fratres
2291 781 2409 840 post
2439 770 2590 822 illutn
2616 769 2994 835 ingrediuntur
3029 771 3080 822 itt
3112 771 3394 838 templum.

1831 869 1952 936 Ipso
1984 879 2164 920 autent
2204 862 2480 917 tlturibolo
2534 861 2784 930 deposito
2820 861 2874 914 in
2923 868 3114 914 sancto
3157 861 3393 925 bemate,

1824 972 2078 1027 egressus
2117 956 2263 1010 sistit
2312 969 2496 1008 coram
2527 952 2929 1023 propitiatorio,
2973 952 3138 1020 litqne
3173 951 3391 1006 initium

1829 1048 2076 1117 troparii,
2112 1056 2241 1100 tono
2273 1045 2494 1112 obliquo
2525 1045 2700 1113 primo
2741 1060 2756 1097 :
2798 1044 3038 1098 Christus
3082 1045 3313 1097 surrexit
3364 1063 3398 1096 α

1827 1143 2070 1193 mortuis.
2121 1138 2277 1204 Quod
2319 1147 2606 1207 postquam
2648 1147 2730 1191 ter
2769 1136 2836 1190 ab
2887 1138 2980 1190 illo
3021 1137 3400 1206 fratribusquc

1825 1243 2100 1286 cauntatum
2129 1231 2311 1291 fuerit,
2338 1231 2470 1284 dicit
2509 1229 2788 1298 presbyter
2826 1228 3061 1282 sticltutn
3105 1246 3118 1281 :
3155 1227 3282 1281 Ilwc
3321 1237 3400 1282 est

1825 1322 1934 1374 dies
1965 1338 2123 1389 quant
2175 1320 2294 1388 fecit
2328 1317 2610 1372 Dominus.
2642 1315 2862 1372 Fratres
2888 1329 3067 1372 autem
3095 1319 3400 1386 troparium

1826 1413 1986 1465 stich.
2010 1409 2072 1465 9.:
2097 1411 2410 1462 Constituite
2435 1408 2572 1461 diem
2602 1407 2902 1466 solemnem.
2923 1423 3094 1476 usque
3117 1409 3183 1461 ad
3216 1411 3398 1462 linem.‘

1828 1502 2148 1570 Rursusque
2181 1500 2412 1569 populus
2446 1500 2748 1568 troparittm
2781 1499 2950 1552 canit.
2994 1497 3059 1551 Et
3085 1507 3205 1566 post
3237 1499 3404 1566 hujus

1827 1597 2012 1657 linem,
2065 1592 2248 1648 statim
2307 1591 2498 1660 incipit
2549 1605 2761 1657 canon;
2800 1587 3059 1659 quoniam
3113 1591 3403 1659 bcxapsal-

1828 1703 1977 1741 mum
2033 1683 2147 1740 tota
2211 1685 2314 1738 hac
2365 1682 2702 1738 bebdomada
2761 1695 2872 1736 non
2929 1693 3233 1737 cantamus.
3299 1681 3406 1736 Sed

1828 1775 2108 1830 ﬁuntdua:
2135 1775 2418 1839 lectiones,
2458 1783 2513 1827 et
2537 1772 2740 1827 dicitur
2789 1767 3031 1842 psalmus
3063 1773 3407 1842 quinquage—

149 1857 260 1938 ἐρὼν
304 1857 437 1950 (5t).
480 1857 1018 1950 xciesuieseatgov
1069 1857 1250 1933 me...
1310 1897 1406 1950 την
1451 1879 1726 1947 ἑϐδομάδα

1848 1869 2002 1923 Limus
2051 1877 2176 1937 post
2207 1866 2505 1921 secundant
2559 1865 2874 1920 lectionem.
2904 1863 3191 1936 Completo
3224 1857 3404 1922 auteni

149 1976 358 2045 ταύτην
407 1974 469 2026 οὐ
501 1973 798 2043 ψάλλομεν.
850 1972 1093 2026 Γίνονται
1145 1972 1202 2025 δὲ
1238 1972 1332 2027 δύο
1370 1969 1725 2040 ἀναγνώσεις,

150 2054 252 2121 iul.
277 2069 305 2119 ὀ
338 2072 381 2120 ν’
410 2066 519 2120 ἀπὸ
563 2065 661 2134 τῆς
693 2063 736 2133 β’
759 2062 1137 2132 ἀναγνώσεως*
1173 2062 1268 2116 καὶ
1301 2063 1437 2130 μετὰ
1468 2061 1566 2131 τὴν
1592 2075 1730 2129 συμ-

151 2145 439 2230 ξτλήρωσιν
474 2156 568 2210 τοῦ
597 2155 819 2226 ὄρθρου,
878 2154 1089 2224 γίνεται
1142 2155 1172 2206 6
1227 2153 1515 2222 ἀσπασμὸς
1567 2151 1662 2204 καὶ
1694 2153 1727 2218 ἡ

151 2250 442 2310 ἀπόλυσις·
485 2245 564 2309 εὶς
605 2245 662 2298 δὲ
706 2246 776 2298 τὰ
825 2244 1057 2313 λυχνικά
1080 2244 1282 2313 ταύτης
1312 2243 1411 2313 τῆς
1438 2241 1731 2310 ἑϐδομάδος

152 2346 388 2413 λέγομεν
410 2343 492 2408 τὸ,
524 2342 778 2410 Χριστὸς
801 2340 1048 2408 ἀνέστη·
1076 2338 1172 2392 καὶ
1195 2337 1397 2398 εὐθέως
1421 2336 1501 2398 τὸ,
1535 2337 1729 2402 Κύριε,

152 2433 474 2502 ἐκέκραξα,
533 2432 629 2483 καὶ
678 2427 1004 2482 ἁπολυτικὸν
1053 2427 1132 2491 τὸ,
1182 2425 1436 2494 Χριστὸς
1479 2424 1728 2490 ἀνέστη·

153 2519 360 2590 ὅμοίως
407 2523 464 2572 ὲν
510 2521 623 2582 τοῖς
668 2517 1035 2579 ἀποδειπνίοις
1076 2517 1169 2568 τὸν
1223 2515 1507 2585 τρισάγιον
1541 2513 1733 2583 ὕμνον,

153 2615 252 2668 καὶ
276 2614 360 2677 τὸ,
389 2606 879 2680 Κύριε,ἐλέησον,
911 2609 996 2679 ιβ”
1025 2607 1101 2678 τῷ
1125 2608 1180 2660 δὲ
1213 2607 1475 2676 Σαϐϐάτῳ
1490 2606 1588 2675 τῆς
1617 2605 1730 2658 δια-

154 2706 510 2775 καινησίμου,
552 2705 646 2757 καὶ
683 2707 748 2773 τῇ
781 2703 1032 2771 κυριακῇ
1062 2700 1159 2769 ὀψὲ
1180 2700 1276 2768 τῆς
1307 2696 1725 2768 λαμπροφόρου,

155 2801 239 2860 εἰς
265 2799 334 2849 τὰ
355 2795 681 2848 ἀποδείπνια
714 2792 822 2846 ἀπὸ
851 2791 968 2853 τοῦ,
1008 2789 1132 2858 μεθ’
1165 2787 1336 2858 ἠιιῶν
1378 2792 1409 2841 ό
1441 2788 1606 2852 Θεὸς,
1645 2787 1737 2838 καὶ

160 2891 448 2943 ἐπέκεινα.

233 2978 307 3047 γ’.
342 2980 422 3049 Τῇ
461 2979 520 3032 δὲ
560 2978 813 3046 Κυριακῇ
836 2976 933 3045 τῆς
963 2969 1357 3043 λαμπροφόρου
1390 2969 1618 3049 ἄρχεται
1647 2969 1741 3021 καὶ

159 3076 222 3127 τὸ
251 3048 562 3141 ἑξάψαλμον
619 3071 754 3140 (52),
795 3069 889 3120 καὶ
934 3067 1164 3136 λέγομεν
1195 3064 1275 3131 τὸ,
1332 3064 1477 3128 Θεὸς
1525 3048 1741 3129 Κύριος

161 3171 245 3229 εἰς
270 3165 356 3218 πὶ]
393 3163 455 3217 δ’·
486 3165 581 3216 καὶ
636 3161 798 3221 εὐθὺς
829 3161 955 3222 τοὺς
991 3158 1336 3224 ἀναϐαθμοίις
1363 3157 1440 3219 είς
1468 3155 1558 3208 τὸν
1579 3153 1740 3207 αὐτὸν

161 3249 321 3329 ἦχονο
362 3256 423 3308 τό
472 3273 531 3308 τε
566 3255 928 3325 προκείμενον
969 3251 1102 3321 (55)⁸
1140 3249 1237 3301 καὶ
1267 3247 1328 3300 τὸ
1361 3244 1529 3300 πᾶσα
1557 3243 1738 3311 πνοή’

163 3347 285 3403 εἶτα
311 3348 374 3401 τὸ
399 3345 744 3414 Εὑαγγέλιον,
778 3345 870 3396 καὶ
897 3341 978 3407 τὸ,
1015 3342 1085 3394 ἐν
1120 3339 1252 3404 ταῖς
1275 3337 1434 3402 νυξί.
1470 3337 1581 3391 Καὶ
1605 3335 1743 3406 μετά

163 3441 258 3492 τὸν
293 3445 359 3501 ν’,
392 3437 618 3506 ἄρχεται
653 3435 681 3487 6
716 3431 915 3487 κανών·
947 3431 1188 3500 γίνονται
1217 3429 1272 3483 δὲ
1305 3428 1641 3496 ἀναγνώσεις
1679 3427 1740 3495 β’.

166 3533 279 3585 Καὶ
306 3531 371 3599 τῇ
400 3529 652 3598 Κυριακῇ
677 3525 884 3596 ἑσπέρᾳ
909 3525 1133 3594 ἄρχεται
1155 3521 1236 3586 τὸ,
1256 3517 1739 3590 μακάριοςάνήρ.

166 3623 263 3676 καὶ
297 3624 362 3690 τῇ
409 3618 451 3690 β’
481 3622 558 3681 είς
589 3619 677 3670 τὸν
717 3617 909 3687 ὗρθρον
951 3615 1225 3684 ψάλλομεν
1264 3613 1424 3666 πάλιν
1468 3611 1550 3675 τὸ,
1600 3608 1744 3673 Θεὸς

173 3707 535 3776 Κύριος,είς
585 3695 799 3775 πρῶτον
851 3700 1024 3774 ἦχον,
1085 3704 1178 3755 καὶ
1225 3702 1282 3754 ἓν
1336 3701 1581 3771 κάθισμα
1631 3699 1741 3769 (δι)

169 3800 412 3870 ᾠα).μοῦ,
458 3795 576 3852 εἶτα
621 3797 713 3849 τὸν
766 3798 967 3849 κανόνα
1009 3795 1383 3857 ἀναστάσεωςο
1418 3793 1658 3860 γίνονται
1689 3791 1745 3842 δὲ

172 3893 510 3960 ἀναγνώσεις
557 3889 642 3960 γ’·
701 3891 763 3942 ὲκ
815 3891 937 3943 τότε
990 3888 1061 3941 τὰ
1111 3886 1434 3940 ἀποδείπνια
1479 3883 1746 3952 ὁλόκληρα

174 3974 438 4054 ττοιοῦμεν
460 4024 475 4048 ,
512 3982 649 4052 πλὴν
682 3981 958 4035 Σαδδὰτου
1009 3980 1268 4051 ἑσπέρας,
1302 3979 1398 4032 καὶ
1429 3978 1624 4047 ἑορτῆς
1665 3976 1748 4028 δε-

178 4069 469 4145 σποτικῆς,
505 4075 600 4128 καὶ
642 4076 859 4144 μνήμης
897 4073 1071 4141 ἁγίου,
1122 4071 1320 4140 ἀργίαν
1349 4072 1483 4140 ἡμῖν
1511 4068 1619 4120 τῶν
1661 4068 1750 4135 ἑρ-

175 4184 288 4236 γων
332 4168 366 4238 ἧ
417 4168 512 4220 καὶ
540 4166 646 4219 τῶν
672 4165 828 4235 ὡρῶν
859 4163 957 4217 καὶ
1000 4164 1108 4215 τῶν
1142 4161 1437 4232 μετανοιῶν
1463 4161 1551 4212 ὅτε
1574 4157 1750 4226 γίνον-

176 4253 270 4312 ται
330 4257 731 4329 προξενούσης·
774 4259 831 4309 ἐν
859 4254 1084 4316 ταύταις
1136 4253 1247 4321 γὰρ
1301 4252 1409 4305 ἀπὸ
1460 4249 1580 4314 τοῦ,
1625 4249 1751 4334 μεθῖ

176 4349 348 4421 ήμῶν
380 4353 414 4403 ό
446 4348 613 4414 Θεὸς,
663 4348 762 4399 καὶ
799 4347 1074 4398 ἐπέκεινα.
1140 4345 1422 4412 Κάμνουσι
1464 4341 1521 4394 δὲ
1563 4340 1658 4391 καὶ
1696 4339 1753 4390 αἱ

178 4442 446 4496 διακονίαι
475 4439 583 4494 ἀπὸ
611 4439 778 4510 πρωῒ,
806 4442 872 4509 τῇ
911 4436 959 4506 γ’
990 4438 1092 4506 τῆς
1121 4435 1162 4506 β’
1196 4433 1489 4504 ἑϐδομάδος
1511 4431 1753 4502 ἀρχομέ-

1827 1959 2118 2020 matutino,
2152 1958 2210 2011 ﬁt
2237 1957 2493 2013 salutatio
2523 1966 2576 2011 et
2601 1957 2896 2012 absolutio.
2924 1955 3042 2011 Jant
3070 1958 3123 2012 in
3156 1958 3410 2028 lycltttico

1829 2049 1994 2117 hujus
2050 2046 2404 2102 hebdomadte
2448 2046 2683 2102 dicimus
2722 2046 2856 2101 illud
2899 2044 3190 2102 :Cltristus
3225 2065 3409 2102 resur-

1828 2143 1984 2195 rexit.
2016 2139 2083 2194 Et
2114 2153 2238 2193 mox
2266 2154 2282 2192 :
2331 2138 2572 2203 Domine,
2598 2139 2823 2192 clamavi
2845 2155 2859 2205 ;
2883 2148 2940 2193 et
2999 2139 3411 2196 conclusionem

1828 2244 2127 2286 extremam
2157 2247 2172 2283 :
2204 2229 2443 2285 Christus
2507 2229 2818 2283 resurrexit.
2856 2229 3116 2285 Similiter
3149 2231 3205 2285 itt
3262 2246 3413 2286 cont-

1833 2325 2078 2392 plctoriis
2125 2324 2386 2395 hymnum
2448 2324 2768 2394 trisagium;
2797 2333 2853 2379 et
2874 2325 3112 2389 Domine,
3144 2326 3409 2380 miserere-

1834 2416 2146 2478 duodecies.
2196 2416 2437 2472 Sabbato
2488 2425 2669 2471 autem
2732 2415 3088 2471 bebdomada:
3139 2416 3409 2471 diaczene—

1835 2510 1983 2574 simi,
2039 2519 2092 2563 ct
2125 2509 2404 2564 Dominica
2455 2509 2835 2578 lamprophora
2869 2510 2943 2578 (itt
2982 2509 3140 2574 albis)
3187 2525 3413 2578 vespero

1835 2600 2248 2668 completorium
2281 2600 2349 2653 ab
2398 2599 2508 2655 illis
2554 2600 2735 2656 verbis
2779 2599 3051 2653 nobiscum
3091 2599 3254 2666 Deus,
3285 2616 3411 2656 cum

1838 2689 2224 2761 sequentibus.
3313 2709 3316 2711 λ

1909 2978 1941 3031 5
1989 2977 2156 3032 Porro
2189 2979 2241 3031 in
2282 2974 2568 3032 Dominica
2603 2979 2988 3048 lampropbora
3034 2981 3416 3051 incipitetiam

1843 3069 2279 3138 hexapsaltnum,
2309 3079 2364 3121 et
2400 3069 2633 3124 dicimus
2663 3069 2805 3123 Deus
2839 3070 3093 3125 Dominus
3123 3084 3251 3128 tono
3278 3074 3423 3128 obli-

1844 3178 1954 3231 quo
1975 3172 2190 3230 quarto.
2227 3159 2292 3212 Et
2322 3177 2446 3215 mox
2466 3160 2754 3230 graduales
2779 3162 3017 3231 psalmos
3039 3163 3230 3219 eodem
3254 3174 3419 3231 tono;

1847 3268 1946 3306 nec
2013 3268 2118 3305 non
2161 3252 2554 3320 procintenon;
2612 3261 2665 3305 ct
2702 3253 2835 3306 illud
2888 3270 2902 3306 :
2988 3255 3422 3324 omnisspiritus.‘

1847 3342 2053 3397 Deinde
2081 3344 2446 3411 evangelium.
2481 3350 2536 3396 et
2594 3343 2724 3396 illttd
2760 3361 2774 3398 :
2811 3360 2866 3396 ιιι
2898 3345 3158 3400 noctibus.
3189 3344 3255 3398 Et
3302 3357 3427 3415 post

1848 3435 2363 3505 quinquagesimum
2407 3435 2676 3504 psalmum
2703 3434 2895 3504 incipit
2914 3451 3114 3492 canon.
3143 3436 3306 3491 Fiunt
3332 3455 3426 3490 ειιιε

1847 3530 1951 3582 ient
1977 3527 2096 3581 duae
2122 3526 2402 3580 lectiones.
2433 3527 2497 3578 Et
2529 3525 2614 3579 die
2645 3525 2930 3579 Dominico
2966 3527 3031 3581 ad
3057 3543 3310 3596 vesperas
3345 3529 3429 3579 in-

1848 3618 2021 3686 cipit:
2056 3616 2236 3668 beatus
2270 3617 2368 3666 vir.
2406 3613 2472 3667 Et
2534 3612 2668 3667 feria
2726 3615 2963 3668 secunda
2999 3614 3066 3670 ad
3100 3617 3426 3669 matutinum

1848 3707 2135 3779 psallimus
2190 3721 2428 3759 rursus:
2471 3703 2608 3759 Deus
2659 3704 2934 3772 Dominus,
2965 3707 3142 3775 primo
3192 3715 3344 3771 tono,
3377 3718 3431 3760 et

1851 3815 2021 3854 unnnt
2053 3797 2319 3853 catbisma
2363 3797 2593 3866 psalmi;
2631 3795 2828 3851 deinde
2857 3812 3124 3850 canonem
3168 3811 3418 3850 resurre-

1850 3891 2068 3946 ctionis.
2109 3888 2174 3945 Et
2223 3891 2361 3943 iiunt
2406 3889 2669 3944 lectiones
2719 3899 2852 3944 tres.
2896 3876 3032 3942 Eiin
3081 3891 3430 3959 completoria

1851 3986 2060 4053 integra
2095 3983 2410 4048 recitamus,
2445 3992 2671 4051 excepto
2703 3980 2942 4037 Sabbato
2963 3998 3208 4053 vespere,
3246 3994 3299 4037 ct
3331 3985 3433 4036 Uu-

1853 4078 1987 4131 mini
2022 4076 2389 4139 solemnitate,
2448 4086 2501 4130 et
2550 4075 2782 4143 alicujus
2832 4076 3006 4129 sancti
3048 4091 3433 4129 commemora-

1854 4170 2002 4223 tione
2032 4184 2152 4236 quae
2173 4167 2359 4221 feriari
2389 4183 2488 4220 nos
2520 4166 2731 4221 faciunt
2760 4167 2828 4220 ab
2859 4167 3007 4221 horis
3033 4177 3087 4220 et
3117 4168 3432 4229 metanoeis;

1855 4273 1980 4331 post
2020 4263 2107 4315 illa
2146 4262 2354 4315 scilicet
2384 4263 2549 4314 verba
2584 4256 2894 4314 :nobiscum
2921 4262 3086 4323 Deus,
3118 4272 3169 4315 et
3203 4277 3430 4329 sequen-

1856 4357 1951 4410 tia.
1994 4355 2266 4408 Laborant
2316 4364 2495 4407 autcm
2542 4355 2702 4407 etiam
2751 4352 2978 4409 ofﬁcina:
3019 4370 3049 4407 a
3084 4372 3264 4418 mane,
3298 4355 3433 4408 feria

1861 4448 2018 4500 tertia
2045 4447 2300 4500 secundm
2337 4445 2690 4499 Itebdomada:
2716 4446 3047 4513 incipientis.
3073 4447 3244 4500 Porro
3264 4464 3437 4515 usque

177 4551 300 4603 γης·
333 4534 440 4596 ἕως
470 4532 526 4584 δὲ
565 4534 666 4599 τῆς
699 4537 739 4583 ν’
771 4532 829 4582 ἐν
870 4531 948 4600 τῷ
987 4527 1226 4599 λυχνικῷ
1251 4526 1588 4596 προκείμενα
1614 4523 1738 4592 ψάλ-

1857 4541 1925 4594 ad
1957 4540 2322 4594 l’eutecosten
2353 4541 2670 4606 procimena
2715 4539 3002 4606 psallimus
3029 4540 3292 4606 quotidie.

180 4626 348 4694 λομεν
385 4624 623 4692 ἑκάστης
651 4623 880 4692 ἡμέρας.

252 4716 315 4779 δ’,
347 4714 468 4785 Χρὴ
507 4715 795 4783 γινώσκειν
826 4714 911 4773 ὅτι
945 4714 999 4764 ἐν
1031 4715 1142 4774 τοῖς
1169 4711 1440 4780 λυχνικοῖς
1476 4708 1587 4778 (55)
1618 4707 1752 4758 πᾶσι

176 4808 288 4860 τῶν
320 4805 662 4859 Δεσποτικῶν
688 4803 888 4872 ἑορτῶν
916 4804 995 4865 τὸ,
1025 4802 1322 4869 Μακάριος
1350 4800 1504 4868 ἀνὴρ
1533 4799 1759 4867 ἄρχεται

177 4901 263 4962 εἰς
295 4900 387 4952 πλ.
407 4898 469 4950 δ”
490 4895 606 4950 εἶτα
629 4900 662 4969 ἡ
689 4897 920 4967 δευτέρα
947 4895 1158 4966 ἑναρξις
1182 4897 1276 4948 καὶ
1310 4895 1518 4964 ἠτρίτη
1561 4894 1639 4953 εἰς
1669 4894 1761 4942 τὸν

180 4987 320 5060 ἦχον
356 4989 454 5056 τῆς
496 4989 726 5058 ἡμέρας·
754 4982 872 5039 εἶτα
900 4987 958 5037 τὸ
991 4987 1185 5052 Κύριε,
1220 4983 1513 5050 ἐκέκραξα
1553 4984 1632 5043 είς
1666 4979 1756 5031 τὸν

181 5078 318 5152 ἦχον
357 5080 467 5131 τῶν
508 5079 704 5146 στίχων
735 5079 830 5146 τῆς
858 5077 1069 5146 ἑορτῆς.

1929 4717 1983 4770 4.
2017 4714 2073 4768 In
2132 4715 2384 4767 omnibus
2419 4714 2684 4786 lyclmicis
2724 4715 3133 4769 solemnitalnm
3185 4716 3427 4782 Domini,

1857 4808 2104 4877 psalmus
2143 4805 2340 4859 Beatus
2378 4807 2459 4858 vir
2513 4805 2699 4873 incipit
2749 4816 2876 4858 tono
2917 4807 3141 4876 obliquo
3197 4791 3417 4877 quarto.

1870 4899 2073 4952 Deinde
2128 4897 2362 4951 secunda
2422 4898 2720 4960 inchoatio,
2779 4909 2833 4951 et
2886 4899 3040 4952 tertia
3107 4912 3236 4955 tono
3299 4902 3430 4956 diei.

1873 4986 2072 5041 Deinde
2104 4988 2234 5040 illud
2273 5005 2284 5040 :
2324 4986 2562 5049 Domine,
2605 4988 2828 5039 clamavi
2854 4997 2981 5040 tono
3015 4990 3316 5044 sticborum
3347 5008 3437 5044 su-

1872 5082 2182 5134 letnnilalis.

1628 5235 1855 5289 NOTAE.

261 5419 372 5487 (51)
416 5419 602 5470 (Ianon
663 5429 745 5472 est
791 5419 1146 5474 doterminata
1195 5421 1440 5488 quaedam
1501 5433 1758 5472 mensura

189 5488 935 5560 hymnorumeanendorum.
972 5492 1132 5560 Guar.
1169 5509 1222 5558 p.
1261 5492 1382 5542 551.

271 5559 382 5626 (3‘).)
428 5561 502 5611 Ita
530 5557 742 5611 Studita
771 5557 1083 5612 constanter
1112 5557 1304 5626 genere
1329 5571 1522 5612 neutro
1551 5577 1563 5623 ;
1596 5575 1761 5626 quam

192 5633 478 5682 lectionem
534 5629 765 5695 praefero
821 5630 943 5681 aliis
990 5631 1359 5683 scribentibus
1429 5647 1549 5694 gen.
1595 5647 1760 5682 masc.

192 5700 332 5751 Sunt
360 5711 540 5752 autem
576 5698 770 5767 psalmi
818 5715 900 5761 ιιι,
930 5715 1117 5762 xum,
1163 5717 1304 5763 LXII,
1335 5717 1494 5764 LXXX,
1538 5716 1632 5762 vn,
1670 5716 1764 5763 cu,

189 5785 356 5823 CXLII.

263 5839 377 5907 (25.5)
430 5838 791 5892 Procintcnon
837 5839 1087 5906 intelligit
1119 5839 1354 5894 Goarius
1396 5839 1646 5909 proprius
1676 5854 1769 5891 cu-

622 5931 884 5991 ΡΑΤιιΟΙ..
924 5932 966 5988 ti
984 5948 1038 5990 ιι.
1080 5932 1299 5994 XCIX.

1854 5423 2052 5545 jcusque
2081 5424 2189 5478 diei
2227 5423 2531 5479 versiculos
2561 5440 2624 5478 ex
2659 5425 2920 5493 psalterio
2958 5423 3265 5493 decerptos.
3304 5419 3438 5474 Vide

1904 5508 2145 5545 anetum.

1904 5508 2145 5561 angtum.

1934 5558 2043 5630 (ὖλ)
2069 5564 2409 5630 Cautioquae
2446 5581 2475 5618 a
2515 5566 2828 5620 sedentibus
2885 5564 3215 5620 concinitur.
3250 5558 3324 5612 De
3358 5569 3439 5613 too

1864 5632 1947 5686 nis
1974 5642 2153 5685 autem
2206 5634 2519 5688 Graecorum
2553 5638 2781 5690 Allatius
2839 5636 2915 5689 De
2970 5635 3063 5687 tib.
3091 5631 3220 5686 ccci.
3256 5630 3346 5683 Gr.
3383 5631 3436 5680 in

1866 5700 2164 5755 Octoecho.

1939 5773 2048 5838 (55)
2089 5773 2419 5846 l_._ycbnicu_m
2459 5777 2672 5846 proprie
2703 5791 2827 5839 pars
2853 5777 2999 5846 prior
3030 5773 3198 5829 ofﬁcii
3247 5783 3437 5838 ve5pe-

1869 5856 2070 5896 rarum.
2096 5842 2257 5898 Guar.
2295 5844 2424 5898 edit.
2459 5842 2586 5899 Ven.
2614 5860 2664 5914 p.
2691 5846 2777 5899 “24.

2979 5937 3051 5996 5h
