3976 6322
574 386 703 453 1707

1754 384 1813 443 S.
1842 384 2231 444 THEODORI
2281 382 2626 445 STUDIT/E

3704 381 3836 447 1768

641 497 696 553 5.
720 496 905 565 Usque
957 493 1024 549 ad
1064 493 1418 551 Ascensio'nis
1454 494 1861 549 solemnitatem
1918 497 2141 551 sticliira

2315 505 2379 551 ε’.
2414 502 2505 550 Δεῖ
2538 499 2740 551 εἰδέναι
2776 498 2861 552 ὅτι
2896 496 3023 567 ἄχρι
3068 498 3166 565 τῆς
3237 497 3607 569 Λναληψὶμου
3646 501 3837 569 ἑορτῆς

585 589 924 645 anastasima
974 598 1219 657 praeeunt
1251 586 1669 642 catbismatibus
1701 588 2055 658 catauycticis
2086 599 2141 644 et

2285 588 2608 657 ροηγοῦνται
2679 587 2748 639 τὰ
2826 588 3170 656 ἀναστάσιμα
3273 590 3517 659 στιχηρά
3743 608 3840 641 κα-

578 680 911 753 apostolicis.

648 854 703 909 6.
730 853 776 908 A
805 853 1073 908 Paschatc
1124 868 1299 922 usque
1329 852 1395 906 ad
1431 854 1818 908 Aseensionem
1853 855 2089 910 dicimus
2125 874 2139 910 :

581 947 1014 999 resurrectionem
1045 942 1264 999 Christi.
1303 943 1505 998 Deinde
1537 945 1651 1014 pari
1688 945 1849 998 modo
1877 947 2144 1014 ps:ilmum

580 1038 1094 1107 quinquagesimum
1121 1054 1136 1101 ;
1164 1046 1219 1090 et
1273 1037 1569 1105 martyrica
1606 1037 1660 1090 in
1690 1037 2016 1104 psalmodia.
2044 1038 2149 1093 Ne-

580 1143 855 1199 quaquam
898 1128 1147 1181 ulterius.

654 1219 706 1273 7.
737 1219 923 1288 Usque
963 1221 1029 1273 ad
1058 1219 1412 1273 Pentecosten
1453 1234 1767 1289 quanquam
1806 1221 1974 1275 horas
2036 1236 2147 1274 non

581 1311 891 1382 psallimus,
926 1326 1100 1378 neque
1132 1325 1273 1381 genu
1301 1308 1591 1374 ﬂectimus,
1636 1312 1934 1366 mortuales
1969 1323 2152 1367 tamen

585 1419 825 1459 canones
865 1405 918 1457 in
954 1401 1207 1457 Sabbatis
1253 1404 1561 1473 psallimus.
1596 1403 1661 1457 Et
1706 1405 1814 1459 alio
1848 1406 2011 1459 etiam
2046 1407 2152 1472 die,

586 1498 630 1551 si
659 1497 1112 1550 commemoratio
1146 1494 1240 1548 ﬁat
1269 1495 1453 1549 lratris
1482 1496 1738 1565 alicujus,
1771 1496 2081 1565 psallimus,

657 1588 711 1643 8.
745 1586 987 1641 Sabbato
1014 1586 1360 1640 Pentecostes
1392 1586 1456 1640 ad
1483 1586 1925 1656 exapostilarium
1966 1588 2157 1653 psalli-

586 1693 709 1731 mus
740 1695 754 1732 :
789 1678 1041 1730 memoria
1068 1687 1418 1741 mortuorum,
1449 1676 1668 1730 Domine
1697 1688 1901 1746 :atque
1930 1678 1985 1732 id
2025 1694 2158 1732 can-

585 1778 761 1824 tantes
790 1769 856 1823 ad
881 1768 1105 1822 fratrum
1134 1770 1380 1837 sepulcra
1413 1769 1683 1831 venimus,
1721 1768 1905 1837 ibique
1949 1779 2157 1823 stantes

583 1860 871 1931 psallimus
893 1859 1001 1915 diei
1036 1860 1186 1914 illius
1235 1860 1484 1915 stichira.
1516 1860 1696 1929 Atque
1750 1860 1825 1913 ita
1854 1860 2157 1914 absolvitur
2186 1838 2231 1899 Β

585 1952 935 2007 matutinum.
988 1951 1046 2007 Id
1101 1960 1283 2007 autem
1338 1951 1573 2009 facimus
1608 1952 1773 2007 etiam
1809 1952 1862 2006 in
1916 1951 2156 2007 Sabbato

584 2044 960 2114 Carnisprivii.

656 2140 712 2194 9.
742 2137 983 2208 Vespere
1013 2136 1285 2192 Dominici
1337 2136 1444 2192 diei
1472 2147 1673 2192 sancta:
1710 2138 2061 2192 Pentecostes
2091 2137 2159 2191 ad

588 2230 923 2301 lychnieum,
964 2230 1145 2298 inquo
1178 2229 1344 2283 etiam
1386 2238 1467 2283 ter
1499 2246 1675 2299 genua
1723 2228 2014 2293 ﬂectimus,
2038 2238 2162 2297 post

589 2324 913 2394 prooemium
932 2323 1113 2376 statim
1136 2322 1334 2375 dicitur
1355 2340 1367 2374 :
1388 2320 1630 2381 Domine,
1650 2322 1891 2375 clamavi.
1920 2322 1986 2375 Et
2004 2335 2163 2375 mane

590 2414 657 2468 ad
687 2414 1010 2468 matutinum
1031 2422 1152 2482 post
1178 2412 1584 2479 hexapsalmum
1601 2413 1863 2467 dicimus:
1884 2411 2019 2465 Deus
2057 2411 2163 2464 Do-

587 2507 763 2559 minus
786 2522 801 2571 ;
821 2505 1115 2573 statimque
1140 2517 1431 2566 canonem,
1454 2514 1509 2557 et
1538 2505 1674 2557 duas
1705 2505 1983 2557 lectiones.
2014 2503 2165 2559 Hanc

588 2612 720 2651 vero
748 2597 912 2650 etiam
937 2594 1330 2649 hebdomadam
1354 2595 1473 2650 siue
1494 2604 1657 2648 cantu
1686 2596 1943 2648 horarum
1971 2596 2167 2649 transi-

591 2689 794 2756 gimus.

662 2778 753 2833 10.
786 2776 1043 2847 Sequitur
1067 2787 1254 2832 sancta
1283 2776 1651 2845 apostolorum
1688 2787 2001 2831 sanctorum
2026 2793 2167 2847 qua-

592 2869 1117 2940 dragesima,etjam
1155 2868 1444 2936 incipimus
1493 2869 1660 2923 horas
1704 2884 1921 2938 quoque
1942 2871 2172 2939 psallere

596 2976 812 3030 semper
831 2976 956 3014 cum
977 2961 1319 3015 catltismate.
1347 2956 1486 3013 Tum
1508 2960 1565 3014 in
1589 2964 1697 3014 line
1720 2961 2177 3029 psalmodiazdici-

595 3068 716 3107 tuus
738 3070 751 3106 :
774 3051 1009 3115 Domine,
1031 3053 1305 3117 miserere;
1324 3052 1548 3115 Christe,
1566 3054 1827 3107 miserere.
1842 3052 1907 3108 Et
1923 3054 1973 3107 in
1990 3054 2176 3123 primis

596 3142 826 3197 lucinius
868 3152 976 3197 tres
1004 3152 1299 3196 metanmas
1328 3143 1444 3210 pari
1476 3144 1656 3196 cuncti
1691 3144 1961 3197 celeritate
1994 3146 2179 3212 praesi-

596 3234 718 3287 dem
751 3233 1177 3301 subsequentes:
1205 3248 1342 3302 quas
1366 3234 1504 3286 inter
1522 3235 1865 3288 extendimus
1883 3235 2047 3287 etiam
2073 3236 2177 3288 ali-

596 3334 858 3393 quantum
895 3339 1089 3379 manus
1108 3322 1175 3377 ad
1207 3322 1397 3378 Deum.
1424 3324 1621 3379 Deinde
1663 3326 1743 3379 sic
1786 3326 1921 3379 alias
1969 3326 2177 3396 viginti,

596 3427 801 3488 quanta
832 3420 1062 3488 quisque
1084 3418 1357 3473 celeritate
1387 3426 1581 3485 potest.
1605 3417 1681 3471 Ita
1717 3419 1931 3488 agimus
1957 3419 2011 3472 in
2044 3436 2179 3474 una-

597 3523 815 3578 quaque
843 3509 1057 3578 synaxi.
1079 3507 1159 3561 Ad
1188 3523 1308 3562 com
1341 3508 1632 3577 pletorium
1672 3519 1853 3564 autem
1882 3527 2059 3581 genua
2090 3512 2182 3567 lle-

598 3603 799 3656 ctimus
836 3601 1213 3670 quinquagies,
1246 3609 1298 3654 et
1322 3600 1388 3655 ad
1438 3602 1765 3655 matutinum
1800 3603 2145 3674 quadragies.

675 3693 762 3747 il.
798 3692 855 3745 lu
915 3691 1173 3746 omnibus
1220 3693 1503 3747 matutinis
1544 3704 1667 3763 post
1717 3694 1879 3748 linem
1915 3696 2165 3751 lectionis

605 3794 913 3855 surgentes,
942 3783 1232 3838 duodecies
1286 3784 1519 3839 dicimus
1552 3802 1565 3837 :
1600 3784 1840 3850 Domine,
1909 3787 2172 3839 miserere.

607 3878 786 3945 Atque
812 3877 886 3930 ita
924 3881 1101 3929 denuo
1132 3875 1320 3944 incipit
1340 3874 1643 3945 psalmodia

671 4052 759 4107 12.
790 4050 950 4107 Omni
1010 4053 1249 4108 Sabbato
1303 4068 1367 4108 ac
1425 4054 1514 4109 die
1582 4055 2177 4125 Dominico.quoties-

605 4159 821 4214 cunque
871 4144 926 4198 in
964 4144 1050 4199 his
1076 4159 1185 4199 non
1231 4144 1469 4200 occurrit
1499 4145 1580 4199 vel
1632 4146 1953 4201 solemnitas
1993 4148 2177 4201 Domi-

604 4232 679 4298 ni,
720 4235 805 4288 vel
843 4233 1077 4303 alicujus
1105 4233 1277 4289 sancti
1308 4234 1592 4298 memoria,
1625 4249 1693 4288 ex
1723 4233 1984 4304 Epistolis
2016 4236 2173 4290 Pauli

604 4324 852 4393 legimus.
913 4322 1163 4379 Sabbatis
1211 4335 1390 4379 autem
1416 4325 1481 4380 ad
1522 4326 1843 4379 matutinum
1888 4328 2176 4396 psallimus

602 4415 865 4469 catlrisma
912 4424 1038 4469 ante
1105 4416 1377 4485 psalmum
1430 4418 1779 4473 immaculati.
1813 4416 2016 4472 Deinde
2074 4418 2175 4471 im-

2242 678 2518 748 Θισμάτων
2574 678 2684 731 τῶν
2762 695 2822 731 τε
2905 679 3318 733 κατανυκτικῶν
3394 681 3495 734 καὶ
3549 681 3842 734 ἀποστολι-

2244 770 2356 823 κῶν
2386 771 2518 839 (57).

2318 862 2394 920 ς’.
2439 855 2560 927 Χρὴ
2596 854 2890 925 γινώσκειν
2931 857 3013 911 ὅτι
3060 858 3169 911 ἀπὸ
3216 857 3312 911 τοῦ
3359 860 3559 929 Πάσχα
3596 859 3711 921 ἕως
3745 860 3841 929 τῆς

2258 944 2650 1015 Ἀναληψιμου,
2702 945 2764 997 rb
2803 945 3143 1001 ἀνάστασιν
3167 947 3424 1014 Χριστοῦ
3454 948 3719 1016 λέγομεν,
3746 945 3841 999 εἷθ’

2246 1036 2420 1099 οὕτως
2461 1037 2552 1089 τὸν
2593 1044 2658 1089 ν’·
2696 1038 2791 1091 καὶ⁵
2838 1039 3151 1110 μαρτυρικά
3183 1038 3294 1108 (38)
3321 1039 3381 1091 ὲν
3414 1041 3484 1109 τῇ
3517 1039 3838 1109 eatacta;-

2250 1127 2310 1194 ἐξ
2347 1126 2559 1182 ἐκείνου
2591 1128 2649 1182 δὲ
2679 1129 2883 1185 οὐκέτι.

2322 1218 2389 1284 ζ’.
2434 1220 2629 1272 ’ἰστέον
2655 1220 2711 1273 δὲ
2739 1221 2822 1275 ὃτι
2854 1221 2958 1285 ἕως
2985 1222 3082 1292 τῆς
3114 1228 3178 1288 ν’,
3212 1222 3261 1274 εἰ
3296 1222 3389 1275 καὶ
3415 1220 3573 1292 ὥρας
3606 1223 3674 1275 οὗ
3707 1222 3843 1290 ψάλ-

2252 1312 2441 1381 λομεν,
2470 1311 2593 1365 οὐδὲ
2619 1312 2748 1380 γόνυ
2781 1313 3056 1382 κλίνομεν,
3089 1312 3204 1364 ἀλλ’
3233 1309 3327 1365 οὖν
3360 1315 3604 1376 κανόνας
3633 1331 3842 1385 νεκρωι

2256 1404 2448 1472 σίμους
2484 1405 2541 1455 ὲν
2589 1406 2702 1466 τοίς
2748 1403 2989 1457 Σάϐἧασι
3015 1404 3308 1473 ψάλλομεν·
3342 1406 3437 1457 καὶ
3497 1408 3557 1456 ἐν
3608 1405 3747 1475 ἄλλῃ
3790 1406 3843 1458 ἃ

2255 1494 2459 1566 ἡμέρᾳ,
2496 1497 2543 1548 ει
2598 1497 2749 1565 τύχοι
2784 1497 3131 1565 μνημόσυνον
3159 1496 3413 1565 ἀδελφοῦ,
3449 1497 3766 1567 ψὰλὶομεν.

2326 1594 2396 1657 η’.
2420 1588 2513 1639 Δετ
2540 1587 2736 1639 ειδέναι
2757 1586 2831 1650 ὡς
2850 1584 2930 1655 τῷ
2951 1586 3213 1658 Σαὸὁάτῳ
3238 1588 3335 1658 τῆς
3361 1593 3404 1640 ν’
3427 1590 3512 1650 εἰς
3537 1588 3604 1639 τὸ
3640 1586 3842 1651 ἐξαπο-

2245 1677 2563 1748 ,στειλάριον
2594 1676 2707 1747 (59)
2736 1676 3032 1747 ψάλλομεν,
3079 1678 3119 1745 ὴ
3148 1676 3359 1746 μνήμη
3395 1677 3521 1731 τῶν
3557 1694 3845 1746 κεκοιμη-

2253 1770 2475 1839 μένων,
2502 1770 2699 1836 Κύριε·
2750 1770 2845 1822 καὶ⁵
2895 1769 3054 1822 τοῦτο
3105 1768 3401 1838 ψάλλοντες
3455 1768 3847 1840 κατερχόμεθα

2263 1865 2344 1925 εἰς
2376 1862 2504 1925 τοὺς
2529 1862 2736 1931 τάφους
2758 1861 2867 1914 τῶν
2894 1860 3157 1931 ἀδελφῶν,
3191 1862 3353 1914 κάκεῖ
3386 1861 3677 1930 ἱστάμενοι
3705 1858 3846 1927 ψάλ-

2261 1954 2427 2025 λομεν
2450 1954 2518 2008 τὰ
2540 1954 2640 2023 τῆς
2664 1953 2881 2024 ὴμέρας
2911 1954 3163 2024 στιχηρά’
3190 1954 3284 2007 καὶ⁵
3314 1952 3545 2006 ἀπολύει
3574 1955 3605 2006 ὁ
3627 1951 3846 2023 ὄρθρος·

2261 2046 2422 2100 τοῦτο
2442 2046 2499 2099 δὲ
2527 2044 2786 2116 ποιοῦμεν
2819 2046 2915 2100 καὶ
2942 2046 3020 2117 τῷ
3048 2044 3310 2114 Σαϐϐάτῳ
3333 2044 3434 2116 τῆς
3477 2045 3815 2115 ’Δποκρέου.

2336 2139 2403 2194 θ’.
2439 2140 2559 2211 Χρὴ
2590 2139 2881 2207 γινώσκειν
2911 2138 2992 2191 ὅτι
3027 2137 3126 2208 ὀψὲ
3156 2139 3224 2207 τῇ
3258 2137 3519 2209 κυριακῇ
3542 2135 3653 2207 τῆς
3689 2136 3850 2203 ἁγίας

2267 2231 2646 2301 Πεντηκοστῆς
2687 2232 2765 2293 εἰς
2809 2230 2871 2283 rb
2911 2229 3185 2299 λυχνικὸν,
3220 2230 3279 2282 ὲν
3315 2223 3359 2295 ᾧ
3402 2230 3500 2283 καὶ
3524 2229 3631 2291 ea;
3662 2234 3714 2295 γ’
3756 2244 3850 2295 γοα

2268 2323 2551 2385 νυκλισίας
2578 2320 2861 2390 ποιοῦμεν,
2899 2321 3039 2390 μετά
3080 2320 3143 2373 rb
3173 2321 3463 2392 προοίμιον
3499 2318 3619 2389 (40)
3652 2318 3854 2379 ευθέως

2268 2414 2352 2479 rb,
2380 2416 2577 2482 Κύριε,
2616 2412 2931 2481 ἐκέκραξα·
2968 2412 3063 2465 καὶ
3090 2414 3158 2483 τῇ
3184 2412 3353 2464 ἔωθεν
3401 2412 3484 2473 εις
3520 2410 3618 2462 τὸν
3658 2410 3855 2481 ὄρθρον

2275 2507 2413 2577 μετά
2439 2507 2498 2559 rb
2533 2504 2843 2575 ὲξάψαλμον
2892 2505 2983 2569 rb,
3019 2506 3162 2570 Θεὸς
3209 2505 3424 2571 Κύριος
3467 2501 3734 2571 λέγομεν·
3765 2502 3855 2553 καὶ

2272 2598 2435 2660 εὐθὺς
2466 2598 2557 2651 τὸν
2590 2596 2813 2659 κανόνα,
2844 2597 2938 2649 καὶ
2973 2594 3309 2663 ἀναγνώσεις
3435 2593 3654 2663 ἄγομεν
3674 2592 3855 2651 δὲκαὶ

2274 2690 2373 2759 τὴν
2411 2687 2684 2756 ἑϐδομάδα
2708 2687 2914 2757 ταύτην
2943 2686 3017 2756 μὴ
3043 2685 3335 2755 ψάλλοντες
3369 2683 3542 2755 ὧρας.

2348 2789 2402 2839 t'.
2449 2778 2585 2834 Εἶτα
2614 2779 2912 2851 ἐπέρχεται
2949 2779 3045 2832 καὶ
3072 2780 3105 2849 ὴ
3142 2777 3273 2846 ἀγία
3300 2774 3727 2847 τεσσαρακοστὴ
3753 2774 3858 2827 τῶν

2277 2873 2450 2941 ἁγίων
2478 2873 2821 2936 ἀποστόλων,
2868 2871 2961 2924 καὶ
3004 2870 3283 2943 ἀρχόμεθα
3329 2869 3556 2936 ψάλλειν
3609 2867 3708 2919 καὶ
3766 2868 3857 2927 τὰς

2279 2965 2428 3035 ὥρας
2460 2965 2600 3034 μετά
2625 2964 2960 3033 καθισματος
2989 2962 3243 3014 πάντοτε.
3274 2960 3430 3012 Μετά
3456 2957 3594 3026 γοῦν
3623 2957 3685 3008 τὸ
3706 2955 3857 3016 τέλος

2280 3054 2379 3118 τῆς
2408 3051 2746 3121 ψαλμῳδιας,
2772 3050 3001 3117 λέγομεν
3039 3049 3121 3110 rb,
3160 3048 3357 3115 Κύριε,
3385 3045 3677 3112 ἐλέησον,
3724 3046 3859 3112 Χριι

2282 3143 2413 3209 στὲ,
2440 3144 2722 3209 ἐλέησον.
2755 3142 2865 3194 Καὶ
2901 3140 3169 3210 βάλλομεν
3220 3134 3277 3192 ἐν
3315 3139 3559 3208 πρώτοις
3609 3143 3664 3206 γ’
3688 3154 3859 3207 μετι-

2280 3235 2426 3296 vola;
2472 3232 2734 3303 ἰσοταχῶς
2776 3232 3013 3295 ἅπαντες
3041 3232 3120 3303 τῷ
3148 3230 3451 3301 προεστῶτι
3481 3230 3770 3299 ἑπόμενοι·
3804 3231 3857 3278 ἐν

2278 3320 2365 3387 αἷς
2394 3325 2487 3378 καὶ
2513 3324 2709 3395 μικρὸν
2733 3324 2830 3385 τὰς
2850 3326 3040 3394 χεῖρας
3072 3324 3388 3391 ὲκτείνομεν
3412 3319 3552 3389 πρὸς
3583 3319 3675 3372 τὸν
3702 3318 3852 3369 Θεόν.

2277 3411 2393 3469 Εἶθ’
2430 3414 2601 3476 οὕτως
2632 3412 2799 3476 ἄλλας
2827 3419 2876 3467 κ’
2909 3413 2985 3475 ὼς
3022 3411 3135 3481 ἔχει
3157 3412 3356 3480 τάχους
3385 3411 3641 3469 ἕκαστος.
3671 3406 3857 3468 Οὕτως

2277 3502 2371 3561 οὖν
2413 3507 2535 3559 καθ’
2568 3507 2801 3573 ἑκάστην
2849 3504 3087 3567 σύναξιν.
3122 3504 3215 3565 Εἰς
3246 3502 3304 3554 δὲ
3351 3500 3412 3553 rb
3458 3496 3854 3561 ‘Artobeimtov,

2277 3599 2617 3669 γονυκλισίαι
2652 3603 2716 3661 ν’,
2754 3599 2846 3649 καὶ
2878 3597 2959 3657 εις
3002 3594 3093 3647 τὸν
3122 3593 3315 3663 ὄρθρον
3355 3591 3432 3662 μ’.

2352 3696 2440 3743 ια’.
2472 3689 2594 3759 Χρὴ
2615 3686 2905 3757 γινώσκειν
2934 3687 3018 3740 ὅτι
3045 3687 3125 3747 ei;
3144 3686 3374 3738 ἕκαστον
3398 3684 3601 3755 ὄρθρον
3636 3686 3780 3754 μετὰ
3800 3685 3855 3737 rb

2275 3783 2430 3843 τέλος
2458 3782 2559 3849 τῆς
2588 3777 2947 3847 ἀναγνώσεως
2979 3777 3314 3847 ἐγειρόμενοι
3354 3776 3661 3839 δωδεκάκις
3710 3777 3855 3845 λέγο-

2279 3888 2379 3942 μεν
2406 3870 2485 3933 rb,
2519 3871 2717 3937 Κύριε,
2745 3867 3027 3936 ἐλέησον.
3040 3867 3149 3921 Καὶ
3168 3864 3336 3929 οὕτως
3364 3866 3601 3936 ἄρχεται
3634 3865 3797 3921 πάλιν
3824 3868 3853 3935 ὴ

2274 3961 2585 4032 ψαλμῳδία.

2350 4054 2437 4124 ιβ’.
2474 4055 2567 4106 Δεῖ
2592 4054 2791 4107 εἰδέναι
2817 4053 2893 4116 ὼς
2917 4050 3041 4107 καθ’
3074 4050 3305 4105 ἕκαστον
3319 4050 3603 4106 Σάϐϐατον
3634 4054 3735 4106 καὶ
3753 4055 3855 4107 Κυ-

2279 4145 2495 4217 ριακὴν,
2519 4145 2606 4198 ὅτε
2627 4144 2729 4197 οὐκ
2757 4145 2905 4198 ἐστιν
2936 4145 2996 4198 ἰν
3033 4144 3221 4206 αὑταῖς
3250 4144 3371 4214 ἢτοι
3400 4143 3568 4213 ἑορτὴ
3597 4148 3852 4197 Aea-mrt-

2275 4237 2426 4308 κὴ,ἢ
2459 4237 2647 4307 μνήμη
2679 4235 2860 4303 ἀγιου,
2888 4236 2981 4289 τὸν
3013 4232 3334 4287 ’Δπόστολον
3380 4233 3851 4305 ἀναγινώσκομεν.

2286 4330 2377 4381 Ἐν
2408 4329 2465 4381 δὲ
2496 4330 2610 4390 τοῖς
2636 4327 2912 4381 Σάὸὁασιν
2956 4328 3039 4389 εὶς
3079 4326 3169 4379 τὸν
3222 4325 3421 4397 ὄρθρον
3463 4324 3749 4396 ψάλλομεν
3776 4326 3851 4388 τὺ,

2276 4418 2382 4489 πρὸ
2416 4416 2510 4470 τοῦ
2557 4416 2802 4486 ἀμώμου
2837 4416 3101 4485 κάθισμα.
3134 4410 3266 4466 Εἶτα
3312 4415 3405 4468 τὸν
3435 4413 3712 4484 ἄμωμον
3744 4416 3854 4469 εἶτα

604 4504 891 4569 maculati,
949 4504 1267 4560 et.subinde
1314 4504 1580 4574 psalmum
1640 4506 2166 4575 quinquagesimum,

2282 4510 2370 4561 rbv
2404 4514 2467 4561 ν’·
2504 4503 2622 4560 εἷτα
2663 4508 2755 4560 τὸν
2802 4507 3024 4559 κανόνα·
3056 4506 3294 4574 γίνονται
3324 4505 3381 4557 δὲ
3414 4506 3766 4575 ἀναγνώσεις
3789 4514 3850 4575 τ.

603 4605 792 4667 postea
832 4610 1095 4651 canonem
1131 4612 1148 4661 ;
1179 4603 1234 4649 et
1280 4595 1419 4649 liunt
1453 4595 1712 4650 lectiones
1751 4606 1883 4650 tres.
1935 4597 2177 4667 Namque

606 4687 675 4740 ad
703 4687 968 4756 psalmum
1003 4684 1354 4749 inmaculati,
1386 4698 1494 4738 nou
1523 4684 1777 4754 legimus.
1811 4682 1958 4740 Loco
1990 4696 2171 4741 autem

604 4778 980 4848 exapostilarii
1002 4778 1258 4844 dicimus,
1279 4776 1343 4830 In
1369 4776 1621 4829 memoria
1643 4786 1837 4830 (eterna
1859 4777 1955 4831 erit
1970 4777 2173 4846 justus,

607 4869 673 4923 ab
697 4870 968 4922 auditione
996 4868 1138 4922 mala
1177 4885 1279 4922 non
1306 4867 1525 4921 timebit.
1558 4865 1683 4923 Haec
1726 4870 2003 4937 quantitas
2039 4886 2176 4936 qua-

605 4962 840 5030 litasque
878 4960 1192 5029 psalmodize
1250 4958 1594 5029 protenditur
1651 4974 1822 5030 usque
1854 4960 1922 5015 ad
1978 4962 2177 5017 rivitici

608 5050 736 5118 ligni
761 5050 1167 5103 exaltationem.

687 5140 767 5194 15.
809 5140 1075 5195 Postridie
1125 5139 1471 5196 dormitiouis
1527 5140 1888 5196 sanctissima:
1934 5142 2179 5213 Deiparaa

607 5235 663 5284 in
692 5230 939 5302 lyclmico
971 5240 1089 5299 post
1120 5230 1443 5300 prooemium
1468 5228 1648 5283 statim
1670 5232 1869 5283 dicitur
1893 5248 1907 5285 :
1940 5232 2181 5299 Domine,

608 5324 856 5376 clamavi.
888 5320 953 5375 Et
984 5337 1139 5376 mane
1169 5324 1235 5375 ad
1260 5322 1586 5375 matutinum
1625 5334 1746 5391 post
1770 5323 2179 5392 hexapsalmum

2271 4600 2367 4663 Ei;
2395 4598 2504 4670 γὰρ
2554 4599 2647 4651 τὸν
2686 4599 2929 4667 ἄμωμον
2964 4597 3066 4651 οὐκ
3110 4600 3592 4669 ἀναγινώσκομεν.
3632 4601 3780 4653 ’Δντὶ
3803 4601 3851 4652 δὲ

2269 4692 2365 4743 τοῦ
2410 4689 2888 4760 ὲξαποστειλαρίου
2934 4688 3165 4760 λέγομεν
3198 4690 3279 4755 rb,
3316 4691 3423 4755 Εῑς
3454 4694 3853 4761 μνημόσυνον

2271 4780 2509 4834 αἰώνιον
2556 4780 2729 4832 ἐσται
2772 4778 3038 4845 δίκαιος,
3073 4780 3190 4833 ἀπὸ
3233 4777 3423 4847 ἀκοῆς
3464 4781 3747 4849 πονηρᾶς
3788 4786 3852 4837 οὐ

2272 4868 2699 4940 φοϐηθήσεται.
2750 4866 2961 4939 Abt-qi]
3006 4868 3239 4937 ποσότης
3278 4884 3335 4920 τε
3370 4871 3468 4922 καὶ
3492 4873 3727 4943 ποιότης
3763 4875 3851 4943 τῆς

2272 4960 2590 5034 ψαλμῳδίας
2609 4959 2865 5013 διατείνει
2885 4960 3047 5030 μέχρι
3063 4960 3161 5027 τῆς
3184 4958 3448 5025 ὑψώσεως
3466 4961 3566 5014 τοῦ
3593 4962 3849 5028 ζωοποωῦ

2278 5052 2454 5116 ξύλου.

2352 5151 2440 5211 ιγ’.
2484 5142 2681 5195 ’ἰστέον
2716 5143 2797 5195 ὅτι
2853 5144 2932 5205 εἰς
2968 5143 3065 5213 τὴν
3114 5144 3373 5213 κοίμησιν
3427 5145 3534 5215 τῆς
3587 5148 3847 5213 παναγξας

2278 5236 2537 5289 Θεοτόκου
2569 5237 2736 5306 ἧγουν
2775 5237 2941 5302 εἰςτὸ
2970 5236 3221 5305 λυχνικὸν
3262 5236 3327 5288 rb
3381 5238 3687 5308 μεθέορτον
3729 5240 3850 5309 μετὰ

2280 5324 2340 5375 rb
2363 5325 2648 5396 προοίμιον
2679 5324 2901 5391 εὐθέως,
2935 5325 3129 5393 Κύριε,
3161 5325 3486 5394 ἐκέκραξα.
3516 5329 3636 5381 Καὶ
3668 5332 3734 5399 τῇ
3758 5330 3849 5380 ἓω-

2126 5436 2360 5494 NOTAE.

681 5574 793 5655 (ῇϐ)
831 5571 1055 5627 Cantica
1083 5571 1476 5642 pmnitentialia
1526 5573 1613 5626 vel
1661 5572 1717 5625 in
1759 5570 2017 5626 honorem
2046 5587 2161 5643 apo-

606 5647 791 5783 suigi)
812 5711 1069 5776 Stichira,
1105 5712 1365 5783 troparia,
1388 5727 1695 5783 seurversus
1724 5712 2016 5783 longiores.

680 5780 791 5853 (58)
831 5785 905 5839 lta
927 5783 1167 5851 intelligo
1196 5780 1344 5849 sigla
1378 5782 1602 5839 codicis.
1638 5780 1780 5841 Sunt
1814 5780 1991 5839 autem
2029 5799 2169 5838 mar-

2281 5573 2468 5642 tyrica,
2502 5574 2685 5645 hymni
2713 5574 2764 5629 in
2800 5574 3057 5629 honorem
3083 5584 3405 5645 martyrum.

2349 5646 2458 5713 (39)
2503 5643 2840 5720 Ιιχωηοιιιω
2883 5660 3073 5716 genus.
3104 5650 3170 5698 de
3222 5643 3462 5715 quorum
3498 5650 3849 5720 appellatione

2276 5712 2521 5784 disputat
2544 5712 2805 5784 Congius.

2346 5782 2457 5855 vlo)
2486 5782 2580 5839 Est
2610 5781 2853 5855 psalmus
2881 5799 2998 5840 cut.
3041 5781 3256 5841 Videsis
3302 5785 3608 5855 Goarium,
3635 5808 3691 5863 p.
3734 5792 3816 5846 23.
