3976 6322
93 385 260 447 1709
1205 383 1856 445 CONSTITUTIONES
1883 386 2351 448 STUDlTAN/E.

88 501 198 551 θεν
249 500 350 561 είς
411 498 506 552 τὸν
543 497 738 569 ὄρθρον
782 499 918 568 μετὰ
975 498 1034 551 τὸ
1083 499 1394 569 έξάψαλμον
1434 499 1602 551 πάλιν
1642 498 1717 561 τὸ1

1832 514 2023 554 rursus
2055 501 2294 554 dicitur:
2333 501 2467 554 Deus
2515 500 2764 554 Dominus
2806 518 2818 566 ;

91 589 268 651 Θεὸς
306 589 568 655 Κύριος,
619 589 714 640 καὶ
749 588 912 650 εὐθὺς
963 591 991 641 ὁ
1046 588 1248 654 κανὼν,
1293 587 1628 656 ἀναγνώσεις
1656 586 1721 656 β’.

105 678 393 748 Ὁμοίως
435 680 513 742 εἰς
553 679 616 732 τὸ
642 678 914 748 γενέθλιον
940 679 1040 749 τῆς
1065 681 1255 749 αύτῆςο
1282 679 1482 749 ὁμοίως
1518 681 1598 742 εἰς
1625 682 1726 747 τὴν

3268 389 3401 452 1710

2875 502 3173 572 statimque
3200 517 3399 564 canon.

1826 598 1881 645 et
1905 591 2169 647 lectiones
2197 595 2336 648 duae.
2363 593 2622 648 Similiter
2648 604 2702 648 et
2730 595 2781 648 iu
2808 596 3088 649 nmivitate
3116 595 3358 663 ejusdem
3383 616 3399 663 ;

1827 698 2038 738 necnon
2096 685 2149 738 in
2211 685 2412 740 Christi
2451 683 2770 749 Natalibus,
2822 691 2876 741 ct
2931 689 2982 740 in
3046 687 3184 743 festo
3219 687 3403 742 Lumi-

1826 789 1980 837 num,
2025 783 2079 828 et
2112 775 2166 827 in
2200 774 2515 845 llypapante
2549 774 2782 829 Domini.
2816 776 2873 830 ln
2908 777 3032 831 aliis
3063 787 3243 832 autem
3311 795 3403 832 so-

1827 864 2200 921 lemnitatibus
2245 909 2259 932 ,
2292 868 2534 936 exceptis
2602 867 2870 937 prazdictis
2901 909 2916 934 ,
2981 868 3258 938 duplicare
3311 884 3402 925 so-

1827 955 2056 1011 lemnem
2121 957 2286 1011 ritum
2369 973 2476 1012 non
2539 958 2766 1014 licet.A
2830 960 3007 1015 crucis
3059 975 3187 1014 vero
3251 963 3400 1016 exal-

1828 1045 2031 1100 tatione
2083 1059 2258 1117 usque
2295 1049 2362 1102 ad
2409 1065 2658 1119 magnam
2718 1050 3211 1121 quadragesimam,
3264 1068 3401 1122 pra:-

1826 1137 2044 1206 ponitur
2075 1139 2240 1193 etiam
2289 1141 2436 1194 aliud
2485 1141 2750 1196 cathisma
2788 1143 2842 1197 in
2887 1145 3188 1210 matutinis,
3221 1159 3276 1199 et
3304 1161 3399 1200 ca-

1824 1230 2142 1285 thismatum
2181 1233 2420 1303 troparia
2453 1235 2819 1305 duplicantur,
2851 1237 2996 1291 dicto
3021 1239 3396 1305 mesosﬁcho;

1824 1328 1878 1373 et
1934 1318 2072 1374 fiunt
2125 1320 2382 1377 lectiones
2429 1333 2684 1393 quatuor.
2723 1323 2780 1377 ln
2815 1323 2900 1377 his
2935 1334 3110 1378 autern
3141 1323 3398 1378 Sabbatis

1823 1412 2112 1483 psallimus
2154 1411 2266 1470 duo
2311 1415 2633 1471 cathismata
2668 1428 2793 1472 ante
2832 1417 3098 1487 psalmum
3138 1419 3400 1471 immacu-

1821 1504 1921 1558 lati
1950 1521 1968 1558 :
1991 1505 2185 1562 deinde
2218 1508 2484 1578 psalmum
2525 1509 2890 1563 immaculati:
2917 1512 3098 1579 postea
3130 1517 3400 1565 canoneln

1821 1594 1978 1652 factis
2003 1607 2236 1667 quatuor
2282 1600 2628 1663 lectionibus,
2683 1603 3122 1673 quandoquidem
3158 1604 3224 1658 ad
3254 1604 3402 1675 psal-

1820 1705 1970 1745 mum
1996 1691 2330 1746 immaculati
2354 1708 2459 1747 non
2491 1693 2738 1763 legimus.

88 770 396 839 Χριστοῦ
445 770 668 822 Γένναν·
710 769 972 834 ὡσαύτως
1017 772 1096 834 εἰς
1133 771 1203 823 τὰ
1238 771 1428 824 Φῶτα·
1463 770 1725 834 ὡσαύτως

88 862 184 923 εἰς
218 861 347 930 τὴν
403 861 767 931 ’Υπαπαντὴν
815 860 909 914 τοῦ
946 861 1279 932 Κυρίου.Ἐν
1301 861 1488 924 ἄλλαις
1513 861 1570 915 δὲ
1601 862 1724 931 έορο

85 953 261 1017 ταῖς,
300 952 465 1020 πλὴν
496 952 604 1004 τῶν
639 952 1169 1022 προγεγραμμένων,
1200 953 1404 1016 διπλῶς
1448 951 1725 1021 ἑορτάζειν

88 1043 209 1095 οὐκ
242 1042 369 1096 ἔνι.
428 1041 558 1094 Ἀπὸ
597 1041 654 1094 δὲ
691 1043 790 1112 τῆς
813 1042 1074 1112 ὑψώσεως
1104 1043 1210 1106 ἓως
1241 1043 1342 1113 τῆς
1374 1044 1615 1113 μεγάλης
1647 1044 1721 1113 μ’,

89 1136 466 1204 προτίθεται
493 1136 586 1189 καὶ
615 1136 802 1206 ἕτερον
834 1135 1079 1206 κάθισμα
1110 1136 1168 1188 ὲν
1199 1137 1313 1198 τοῖς
1356 1136 1595 1208 ϐρθροις,
1629 1137 1725 1188 καὶ

87 1227 168 1279 τὰ
201 1227 521 1297 τροπὰρια
569 1227 624 1279 δὲ
653 1227 762 1280 τῶν
808 1227 1162 1298 καθισμάτων
1197 1227 1533 1290 διπλοῦνται,
1566 1229 1723 1297 λεγο-

93 1318 291 1387 μένου
329 1318 692 1388 μεσοστίχου·
719 1317 961 1385 γίνονται
994 1317 1052 1371 δὲ
1075 1319 1414 1387 ἀναγνώσεις
1442 1317 1506 1373 δ’.
1547 1318 1635 1371 Ἕν
1664 1318 1723 1371 δὲ

87 1413 225 1472 τοῖς
264 1409 537 1463 Σάϐϐασι
567 1411 780 1472 τούτοις
810 1411 1087 1482 ψάλλομεν
1117 1411 1185 1465 τὰ
1215 1412 1322 1481 πρὸ
1347 1411 1441 1464 τοῦ
1476 1412 1722 1480 ἀμώμου

98 1501 151 1571 β’
187 1501 568 1572 καθίσματα·
614 1499 735 1555 εἶτα
766 1503 857 1556 τὸν
889 1503 1150 1573 ἄμωμον,
1176 1500 1275 1556 εἷθ’
1302 1504 1474 1567 οὕτως
1507 1506 1597 1556 τὸν
1626 1522 1723 1557 κα-

93 1591 274 1658 νόνα,
308 1592 629 1660 γινομένων
655 1591 694 1642 δ’
721 1592 1099 1659 ἀναγνώσεων,
1130 1592 1318 1646 καθότι
1345 1595 1424 1656 εἰς
1457 1594 1547 1646 τὸν
1571 1595 1723 1663 ἄμω-

88 1701 231 1752 μον
261 1685 386 1737 οὐκ
419 1683 886 1755 ἀναγινώσκομεν.

420 1797 557 1866 Περὶ
590 1796 700 1863 τῆς
732 1797 904 1864 ἁγίας
933 1798 1454 1866 Τεσσαρακοστῆς.

2221 1807 2298 1863 De
2331 1820 2518 1864 sancta
2550 1809 2994 1882 Quadragesima.

181 1909 280 1962 ιδ’.
349 1908 480 1978 Χρὴ
515 1907 807 1976 γινώσκειν
863 1908 945 1960 ὅτι
993 1911 1057 1978 τῇ
1109 1909 1239 1980 ἀγίᾳ
1285 1911 1380 1963 καὶ
1429 1910 1641 1981 μεγάλῃ
1675 1922 1724 1980 μ’

94 2001 424 2069 ψάλλομεν
464 2001 780 2070 καθίσματα
803 2000 868 2063 δ’,
905 2001 1000 2053 καὶ
1043 2000 1105 2052 τὸ
1153 2001 1437 2072 τριῴδιον’
1483 2002 1728 2069 γίνονται

95 2093 208 2145 καὶ
243 2090 612 2159 ἀναγνώσεις
638 2092 701 2147 δ’.
727 2093 835 2145 Καὶ
858 2093 968 2145 τῶν
991 2093 1237 2163 ἀδελφῶν
1263 2094 1458 2164 μικρὸν
1480 2095 1726 2147 ἀναπαυ-

97 2183 420 2253 σαμένων,
450 2184 578 2254 περί
605 2184 665 2237 τὸ
694 2183 1008 2255 διάφαυσμα
1046 2184 1294 2255 σημαίνει
1327 2188 1355 2238 ὁ
1392 2186 1723 2258 ἐκκλησιάρ-

99 2289 242 2351 χηςο
286 2276 400 2328 καὶ
449 2276 668 2330 πάντων
703 2276 1196 2346 συναθροισθέντων
1226 2279 1283 2330 ὲν
1326 2277 1404 2348 τῷ
1450 2280 1720 2351 κυριακῷο

97 2344 425 2437 ιξαάλλομεν
456 2368 554 2438 τὴν
583 2374 654 2434 α’,
689 2369 828 2437 μετά
851 2344 1209 2440 καθίσματοςο
1239 2371 1300 2422 ού
1341 2344 1448 2440 μὴν
1475 2344 1569 2425 καὶ
1592 2344 1722 2426 ἁνα-

102 2459 492 2529 γινὼσκομεν
518 2461 574 2510 ὲν
603 2460 762 2530 αὐτῇ.
802 2459 889 2513 Ἐν
927 2461 983 2514 δὲ
1022 2463 1087 2531 τῇ
1125 2467 1172 2529 γ’
1195 2463 1289 2514 καὶ
1328 2468 1381 2526 ς’
1409 2465 1500 2515 καὶ
1525 2463 1568 2516 θ’
1595 2465 1724 2517 ἀνα-

100 2552 512 2623 γινώσκομεν.
537 2549 674 2603 Καθ’
707 2551 936 2605 ἕκαστον
971 2553 1292 2620 ἀντίφωνον,
1319 2555 1486 2622 ἤγουν
1506 2555 1716 2622 δόξαν,

102 2645 260 2716 εὐχὴ
295 2645 523 2713 γίνεται
551 2646 702 2714 παρά
722 2662 779 2698 τε
806 2645 899 2699 τοῦ
936 2646 1304 2716 πρεσϐυτέρου
1335 2647 1428 2699 καὶ
1446 2646 1716 2703 διακόνου.

104 2734 418 2805 Ποιοῦμεν
444 2734 499 2788 δὲ
529 2735 818 2804 μετανοίας
850 2735 929 2798 είς
961 2734 1060 2804 μὲν
1093 2733 1189 2797 τὰς
1216 2734 1364 2805 ὥρας
1399 2737 1494 2789 καὶ
1533 2736 1595 2789 τὸ
1624 2737 1720 2789 λυ-

104 2829 320 2900 χνικὸν
355 2827 466 2882 ἀνὰ
508 2827 573 2881 λ’·
606 2829 685 2892 είς
723 2829 780 2882 δὲ
807 2829 867 2882 τὸ
895 2828 1239 2883 ἀποδείπνιον
1275 2826 1342 2900 ρ’,
1387 2830 1481 2883 καὶ
1511 2831 1593 2894 είς
1630 2830 1721 2884 τὸν

104 2920 336 2990 ὄρθρον
373 2921 453 2974 π’.

191 3018 291 3066 ιε’.
345 3013 447 3064 Δεῖ
468 3012 670 3066 εἰδέναι
703 3013 785 3065 ὅτι
818 3014 885 3083 τῇ
929 3014 1141 3083 μεγάλῃ
1170 3013 1424 3084 έϐδομάδι
1450 3014 1549 3087 ὅλῃ
1579 3013 1717 3084 ψάλ-

1890 3003 1978 3058 15.
2027 3004 2162 3059 Tota
2208 3021 2403 3075 magna
2475 3005 2814 3074 hebdomada
2872 3005 3154 3077 psallimus
3204 3005 3393 3075 horas,

107 3102 298 3173 λομεν
333 3103 440 3166 τὰς
485 3102 633 3174 ῶρσς
661 3103 862 3173 ὁμοίως
886 3106 1007 3166 ταῖς
1046 3103 1151 3174 πρὸ
1201 3104 1401 3171 αὐτῶν,
1437 3106 1577 3177 πλὴν
1622 3107 1715 3159 τοῦ

1825 3098 1959 3153 sicut
1983 3111 2160 3165 antea,
2192 3099 2430 3153 Sabbato
2467 3108 2657 3154 sancto
2682 3107 2908 3168 excepto
2943 3117 2956 3152 :
2987 3108 3040 3154 et
3095 3108 3393 3154 metanteas

109 3197 289 3263 ἁγίου
345 3196 666 3249 Σαϐϐάτου·
708 3196 800 3249 καὶ
851 3197 1136 3264 μετανοίας
1187 3197 1244 3248 δὲ
1302 3196 1564 3269 ποιοῦμεν
1615 3200 1717 3263 ἓως

1825 3189 2052 3246 facimus
2091 3192 2266 3247 donec
2295 3191 2517 3262 incipiat
2545 3192 2872 3246 matutinum
2907 3191 3216 3261 trisagium,
3241 3193 3389 3261 quod

1901 1917 1988 1971 14.
2024 1917 2078 1972 In
2137 1929 2326 1974 sancta
2378 1936 2576 1990 magna
2627 1922 3058 1992 Quadt'agesima
3115 1924 3397 1994 psallimus

1825 2009 2143 2064 catliismata
2169 2021 2424 2080 quatuor,
2446 2021 2501 2067 et
2545 2014 2820 2075 triodium,
2855 2015 3100 2083 fiuntque
3134 2016 3396 2072 lectiones

1823 2109 2078 2169 quatuor.
2143 2101 2208 2157 Et
2257 2103 2515 2159 fratribus
2566 2106 2845 2174 paululum
2901 2109 3393 2176 requiescentibus,

1823 2191 1965 2245 circa
2000 2192 2297 2247 diluculum
2331 2195 2546 2266 signum
2586 2197 2677 2250 dat
2709 2196 3070 2252 ecclesiarcha
3110 2215 3122 2250 :
3156 2199 3398 2253 cunctis-

1821 2296 1926 2350 que
1973 2282 2029 2336 in
2073 2284 2304 2339 ecclesia
2355 2286 2720 2355 congregatis,
2771 2286 2998 2354 primam
3047 2287 3237 2342 horam
3269 2302 3396 2343 can-

1823 2380 2001 2427 tamus
2037 2388 2160 2427 cum
2190 2374 2534 2440 catbismate,
2566 2391 2740 2445 neque
2793 2386 2971 2431 tamen
3009 2377 3061 2431 in
3109 2378 3297 2434 eadem
3335 2379 3396 2433 tit

1821 2465 2001 2519 lectio.
2032 2466 2192 2521 Horis
2225 2476 2404 2521 autem
2433 2469 2614 2530 tertia,
2646 2480 2820 2532 sexta,
2852 2477 2905 2524 et
2930 2484 3070 2523 noua
3110 2471 3166 2524 fit
3210 2473 3391 2526 lectio.

1818 2557 1898 2611 Ad
1924 2558 2165 2628 singulas
2193 2559 2545 2630 antiphonas,
2566 2560 2620 2615 id
2641 2571 2725 2616 est
2746 2563 2964 2631 glorias,
2997 2565 3172 2618 oratio
3201 2564 3393 2618 recita-

1820 2658 1910 2702 tur
1936 2664 1966 2702 a
1995 2648 2315 2717 presbytero
2358 2658 2412 2702 et
2439 2649 2693 2702 diacono.
2723 2648 2978 2704 Facimus
3009 2662 3189 2705 autem
3219 2661 3393 2706 meta-

1818 2753 1971 2794 nceas
2026 2738 2079 2791 in
2110 2737 2264 2795 horis
2298 2747 2352 2794 et
2402 2739 2671 2810 lychnico,
2706 2741 2966 2809 triginta;
2998 2740 3053 2796 in
3097 2741 3395 2812 completo-

1820 2830 1922 2895 rio,
1959 2839 2175 2885 centum
2211 2847 2226 2895 ;
2255 2837 2308 2885 et
2337 2829 2390 2885 in
2423 2831 2689 2885 matutino
2716 2831 3013 2903 octoginta.

1819 3280 2020 3335 dicitur
2049 3288 2172 3351 post
2202 3281 2487 3335 stichirum
2520 3282 2682 3336 stichi
2717 3300 2728 3334 :
2782 3281 3056 3351 simulque
3117 3282 3391 3351 procime-

1819 3389 1951 3433 non.
1990 3381 2043 3427 et
2082 3373 2242 3428 lectio
2297 3373 2452 3427 Pauli
2496 3374 2576 3437 fit,
2621 3389 2722 3427 nec
2792 3388 2899 3428 non
2949 3373 3280 3443 pr0phetiae,
3340 3387 3396 3430 et.

1818 3463 2112 3536 Evangelii.

111 3291 252 3342 ὅτου
290 3287 533 3358 ἄρξηται
553 3288 612 3341 τὸ
640 3287 861 3340 ἑωθινὸν
884 3287 1186 3356 τρισάγιον,
1219 3289 1356 3360 ὅπερ
1377 3290 1594 3360 λέγεται
1627 3309 1719 3360 με-

108 3383 186 3434 τὰ
210 3381 278 3434 τὸ
309 3381 580 3451 στιχηρὸν
611 3380 706 3433 τοῦ
735 3380 938 3449 στίχου·
974 3381 1094 3449 μεθ’
1122 3373 1183 3433 οὗ
1212 3383 1591 3452 προκείμενον,
1627 3386 1719 3436 καὶ

127 3473 478 3526 Ἀπόστολον
511 3473 605 3526 καὶ
635 3473 975 3543 προφητείαν
1004 3473 1097 3524 καὶ
1132 3473 1484 3541 Εὐαγγέλιον.

193 3572 302 3630 ις’.
344 3563 472 3635 Χρὴ
509 3563 798 3632 γινώσκειν
822 3565 904 3619 ὅτι
933 3564 973 3617 δ’
1008 3565 1100 3618 καὶ
1117 3567 1444 3639 Παρασκευῇ
1477 3569 1569 3621 καὶ
1602 3569 1715 3620 Κυ-

118 3663 328 3730 ριακῇ,
375 3660 486 3712 τῶν
531 3658 775 3728 ἀδελφῶν
824 3659 1127 3730 ἱσταμένων
1176 3663 1314 3732 μετά
1346 3664 1524 3728 πάσης
1563 3664 1719 3715 εύλα-

114 3752 308 3816 ϐείας,
360 3751 503 3823 μετὰ
531 3750 627 3822 τὴν
648 3752 909 3804 ἀπόλυσιν
942 3751 1034 3805 τοῦ
1060 3752 1256 3823 ὄρθρου
1282 3753 1717 3820 ἀναγινώσκεται

115 3843 154 3912 ή
203 3845 532 3912 κατήχησις
583 3842 678 3895 τοῦ
730 3842 993 3912 θεοφόρου
1044 3843 1256 3914 [ἰατρὸς
1307 3845 1467 3914 ἡμῶν
1513 3843 1718 3896 Θεοδώ-

117 3953 222 4005 ρου
258 3936 408 4007 (ﬂ).
442 3931 574 3988 Εἶτα
596 3935 745 4002 λέγει
772 3935 954 3988 καὶτὰ
989 3936 1116 4004 παρ’
1141 3935 1338 3989 ἑαυτοῦ
1366 3939 1394 3988 ὁ
1413 3937 1718 4006 ἡγούμενος

117 4025 408 4078 νουθετῶν
431 4026 556 4087 τοὺς
582 4023 864 4091 ἀδελφούς.
888 4024 999 4076 Καὶ
1031 4024 1168 4093 μετὰ
1199 4025 1297 4094 τὴν
1322 4025 1716 4096 συμπλήρωσιν

114 4118 223 4187 τῆς
258 4119 647 4189 κατηχήσεως,
670 4115 1048 4181 δοξάζουσιν,
1077 4119 1170 4171 καὶ
1201 4117 1416 4185 λέγεται
1441 4119 1499 4170 τὸ
1527 4118 1716 4187 Πάτερ

116 4211 325 4278 ἡμῶν,
350 4211 449 4265 καὶ
478 4210 799 4279 εὐλογεῖτε,
822 4209 996 4278 ἅγιοι,
1016 4211 1374 4279 εὐλόγησον,
1394 4211 1603 4279 Πάτερ,
1627 4213 1718 4264 καὶ

116 4302 389 4356 ἀπολύει.
417 4301 605 4363 Οὕτως
643 4299 874 4354 καθόλου
899 4300 994 4352 τοῦ
1024 4300 1291 4353 ἐνιαυτοῦ.

190 4394 290 4458 ιζ’.
319 4394 446 4465 Χρὴ
474 4392 762 4460 γινώσκειν
802 4392 881 4443 ὅτι
919 4389 995 4460 τῷ
1030 4391 1290 4462 Σαϐϐάτῳ
1315 4393 1395 4454 είς
1423 4392 1484 4443 τὸ
1513 4393 1711 4459 Κύριε,

118 4481 457 4551 ἐκέκραξα,
483 4483 552 4536 τὰ
580 4481 927 4549 ἁναστάσιμα
957 4481 1191 4550 στιχηρὰ
1207 4480 1603 4550 τρισσεύονται·
1628 4485 1707 4546 εἰς

117 4569 177 4624 ea
233 4577 374 4639 τοὺς
424 4573 605 4636 αἴνους
653 4571 1011 4626 δισσεύονται.
1061 4571 1297 4641 Ὀμοίως
1352 4572 1442 4623 καὶ
1489 4573 1547 4624 ὲν
1593 4575 1710 4636 ταῖς

119 4668 498 4729 Δεσποτικαῖς
525 4666 759 4735 ἑορταῖς.

199 4757 296 4829 ιη’.
346 4759 546 4810 Ἰστέον
590 4759 672 4812 ὅτι
707 4757 796 4810 καὶ
830 4755 1300 4826 ἐπιστημονάρχαι
1337 4757 1475 4810 εἰσὶν
1516 4759 1594 4817 είς
1622 4755 1715 4820 οὒς

121 4851 192 4904 τὰ
228 4851 529 4922 σφάλματα
557 4851 665 4903 τῶν
699 4850 1039 4920 μικροτέρων
1063 4847 1305 4918 ἀδελφῶν
1335 4849 1715 4920 ἀναφερόμενα

118 4945 224 5013 τὴν
253 4944 546 5015 διόρθωσιν
576 4943 811 5011 δέχεται.
852 4942 962 4994 Καὶ
992 4941 1283 5012 ταξιάρχαι
1316 4942 1410 4994 δύο
1441 4941 1582 4994 κατά
1615 4956 1708 5009 χοο

125 5034 260 5102 ρῶν,
289 5035 388 5102 ὑφ’
410 5028 485 5088 ὧν
524 5033 575 5085 οἱ
603 5031 824 5100 ἀδελφοὶ
855 5031 1097 5102 κοσμίως
1123 5032 1368 5085 ἵστασθαι
1393 5033 1451 5084 ὲν
1481 5033 1594 5093 τοῖς
1613 5047 1706 5100 χο-

127 5130 244 5195 ροῖς
267 5127 807 5196 ὑπομιμνήσκονται,
847 5123 958 5177 Καὶ
986 5126 1326 5195 ἀφυπνιστὴς
1353 5125 1560 5194 ἕτερος,
1591 5125 1619 5175 ὁ
1647 5125 1705 5173 ὲν

124 5220 248 5282 ταῖς
279 5217 625 5288 ἀναγνώσεσι
669 5217 762 5270 τοῦ
812 5216 1030 5287 ὄρθρου,
1062 5216 1245 5288 ἡρέμα
1279 5214 1708 5286 περιερχόμενος

127 5312 254 5376 τοὺς
303 5312 601 5380 ἀδελφοὺς,
643 5310 734 5363 καί
782 5311 907 5373 τοὺς
956 5310 1333 5380 κοιμωμένους
1381 5304 1703 5372 ὲξυπνίξων.

143 5404 307 5457 ’Λλλά
337 5405 437 5459 καὶ
466 5399 797 5474 ὲπιτηρηταὶ
837 5401 957 5454 καθ’
1006 5402 1246 5471 ἑσπέραν
1295 5398 1391 5452 δύο
1419 5398 1707 5452 τάσσονται

127 5498 446 5564 ἀμοιϐαδὸν,
487 5496 542 5548 οἵ
569 5511 713 5556 τινες
742 5493 879 5563 μετά
912 5493 1010 5563 τὴν
1049 5493 1233 5562 φωνὴν
1264 5490 1357 5545 τοῦ
1383 5490 1541 5556 ξύλου
1573 5505 1706 5558 προ-

130 5589 422 5657 τρέπονται
465 5589 589 5649 τοὺς
613 5586 852 5656 νωθροὺς
887 5587 1210 5655 συνδραμεῖν
1231 5587 1312 5649 εἰς
1350 5585 1418 5637 τὰ
1445 5581 1705 5652 ἑσπερινά

1893 3559 1977 3613 16.
2036 3558 2195 3614 Feria
2245 3561 2438 3630 quarta
2495 3570 2549 3615 et
2598 3571 2750 3616 sexta
2813 3571 2867 3616 et
2926 3564 3014 3620 die
3063 3566 3389 3632 Dominico,

1816 3651 2122 3705 astantibus
2185 3669 2311 3707 cum
2375 3653 2687 3708 omnimoda
2743 3655 3029 3712 devotione
3107 3658 3392 3726 fratribus,

1818 3750 1939 3808 post
1959 3742 2264 3796 absolutum
2288 3745 2613 3798 matutinum
2689 3745 2884 3816 legitur
2913 3749 3212 3805 catechesis
3236 3751 3393 3808 theo-

1817 3834 1976 3902 phori
2037 3834 2218 3891 Patris
2276 3837 2446 3890 nostri
2503 3836 2796 3893 Theodori.
2845 3839 3041 3896 Postea
3081 3841 3211 3897 facit
3268 3860 3392 3914 pro-

1815 3927 1994 3996 priam
2045 3929 2215 3984 abbas
2269 3930 2337 3984 ad
2378 3929 2575 3984 fratres
2632 3932 3091 3988 adhortationem.
3143 3935 3392 3992 Ettiuita

1815 4023 2123 4086 cateclicsi,
2153 4021 2344 4076 dicunt
2392 4021 2558 4091 gloria
2597 4060 2613 4086 ,
2658 4039 2782 4078 cum
2835 4023 3000 4079 Pater
3050 4036 3228 4081 noster
3272 4069 3288 4093 ,
3337 4040 3392 4082 et

1815 4113 2120 4178 benedicite,
2141 4114 2332 4180 sancti,
2353 4114 2587 4181 benedic,
2613 4115 2791 4183 Pater,
2821 4127 2877 4171 et
2906 4116 3030 4173 ﬁnis
3055 4118 3132 4172 fit.
3156 4117 3247 4173 Sic
3278 4129 3390 4176 toto

1816 4220 1961 4259 anno
2001 4204 2275 4258 usuvenit.

1887 4383 1975 4438 17.
2003 4381 2240 4438 Sabbato
2282 4379 2350 4435 ad
2374 4381 2641 4450 psalmum
2667 4379 2907 4445 Domine,
2937 4379 3182 4446 clamavi,
3212 4379 3389 4451 tripli-

1814 4483 2010 4530 cantur
2051 4471 2382 4528 anastasima
2438 4471 2696 4526 stichira:
2730 4471 2797 4525 ad
2833 4470 3020 4525 laudes
3067 4482 3249 4525 autem
3278 4472 3385 4526 du-

1814 4568 2105 4639 plicantur.
2139 4565 2230 4621 Sic
2275 4565 2438 4619 etiam
2476 4565 2530 4621 in
2557 4564 2994 4620 solemnitatibus
3028 4563 3266 4620 Domini.

1882 4751 1970 4806 l8.
2002 4749 2142 4805 Sunt
2164 4751 2325 4805 etiam
2363 4749 2668 4820 disciplina.-
2701 4748 2960 4820 prwfecti,
2991 4748 3059 4802 ad
3103 4763 3242 4818 quos
3267 4747 3385 4804 cul-

1811 4858 1892 4914 pa:
1921 4844 2194 4898 minorum
2228 4843 2462 4897 fratrum
2496 4842 2848 4897 emendanda:
2888 4841 3222 4896 deferuntur.
3249 4838 3380 4896 Item

1815 4943 1955 4990 sunt
2012 4934 2263 4990 chorales
2296 4934 2666 4989 moderatores
2701 4932 2832 4996 duo.
2862 4948 2892 4987 a
2923 4934 3124 5003 quibus
3185 4933 3383 4990 fratres

1815 5031 2175 5083 admonentur
2234 5034 2294 5081 ut
2330 5027 2529 5081 decore
2557 5027 2609 5081 iu
2639 5026 2823 5080 choris
2858 5040 2917 5080 se
2979 5036 3192 5092 gerant.
3235 5027 3382 5082 Prai-

1812 5131 1960 5176 terea
1986 5120 2255 5175 excitator
2288 5119 2458 5185 alter,
2505 5119 2597 5189 qui
2627 5118 2751 5172 dum
2808 5120 2944 5172 fiunt
2985 5120 3266 5174 matutinae
3303 5121 3381 5175 le-

1813 5213 2029 5267 ctiones
2060 5250 2075 5277 ,
2120 5213 2286 5267 tacite
2338 5211 2539 5266 fratres
2585 5209 2936 5276 circumiens,
2975 5210 3379 5266 obdormientes

1807 5305 2031 5375 vigilare
2054 5305 2200 5360 facit.
2242 5304 2383 5370 Quin
2411 5305 2577 5358 etiam
2622 5303 2989 5372 speculatores
3015 5302 3125 5356 duo
3174 5304 3383 5357 consti-

1807 5403 2035 5450 tuuntur
2069 5395 2397 5459 alternatim,
2425 5396 2518 5464 qui
2572 5403 2694 5464 post
2748 5395 2878 5464 ligni
2917 5393 3155 5448 sonitum
3184 5402 3382 5462 urgent

1808 5488 2076 5558 pigriores
2107 5498 2167 5543 ut
2200 5488 2265 5544 ad
2313 5502 2566 5558 vesperas
2612 5496 2667 5545 et
2698 5485 3113 5555 completorium
3138 5499 3375 5541 concur—

1809 5591 1957 5635 rant.
1999 5581 2319 5652 Rursusque
2355 5581 2608 5637 absoluto
2652 5578 3026 5648 completorio,
3064 5577 3223 5633 iidem
3283 5594 3375 5631 se-

1645 5695 1877 5752 NOTAI.

202 5816 314 5884 (εΗ)
354 5815 538 5870 Lectio
583 5813 954 5869 catechesium
1017 5813 1250 5870 Studitae
1309 5814 1598 5882 incipiebat
1658 5815 1709 5868 in
1754 5813 2033 5871 Dominica
2066 5814 2509 5887 Septuagesitmc.
2544 5814 2704 5870 Allat.
2755 5828 2844 5882 op.
2871 5812 2961 5868 cit.
2993 5851 3007 5876 ,
3033 5811 3132 5865 col.
3173 5805 3333 5862 1490.
