3976 6322
150 377 285 444 1713

1223 379 1875 443 CONSTITUTIONES
1909 380 2376 444 STUDITANKE.

3260 382 3394 448 1714

142 497 334 562 αὑτοῦ,
374 497 516 568 μετὰ
545 496 608 550 τὸ
638 497 1113 570 διαμαρτύρασθαι
1139 500 1287 570 αὐτῷ
1311 499 1400 551 τὸν
1421 498 1723 568 ἡγούμενον

1836 497 1935 549 sim
1973 513 2073 550 suo
2101 496 2495 567 permanserit,
2531 508 2664 556 tunc
2686 507 2972 570 postquam
3013 499 3061 555 ei
3092 500 3260 556 abbas
3312 502 3392 555 tu-

140 596 208 646 τὰ
239 592 662 663 συμϐησόμενα,
681 593 981 661 τηνικαῦτα
1009 594 1101 645 ἐπὶ
1124 594 1478 664 κατηχήσεως
1507 592 1718 658 εἰσάγει

143 685 308 737 αὑτὸν
343 685 442 737 καὶ
469 684 890 754 συναριθμεῖτῇ
925 683 1123 738 ἑαυτοῦ
1154 686 1359 756 ποίμνῃ
1386 727 1399 745 ,
1435 683 1720 754 βάλλοντος

142 777 236 829 τοῦ
288 777 734 848 προσερχομένου
788 777 1078 844 μετάνοιαν
1129 779 1242 840 τοῖς
1295 776 1547 843 ἀδελφοῖς
1597 778 1720 828 κατ’

144 868 456 940 ἐπιτροπὴν
507 867 604 921 τοῦ
655 869 990 937 ἡγουμένου,
1021 868 1292 920 κάκείνων
1340 867 1722 938 ἐπευχομένων

143 959 314 1030 αὐτῷ.

214 1060 317 1106 κε’.
356 1052 482 1124 Χρὴ
513 1050 804 1118 γινώσκειν
838 1050 915 1114 ὡς
944 1050 1039 1103 καὶ
1079 1049 1428 1119 ἀφορίστριαι
1456 1046 1564 1100 εἰσὶ⁵
1591 1048 1724 1116 παρ’

143 1148 298 1216 ἡμῖν,
330 1147 389 1197 ὲν
412 1141 501 1207 αἷς
533 1145 580 1196 οί
615 1143 865 1204 ἀπειθεῖς
890 1143 986 1194 καὶ
1011 1141 1254 1209 δυσήνιοι
1289 1140 1720 1204 κατακλείονται,

145 1237 592 1308 ξηροφαγοῦντες
621 1236 717 1289 καὶ
747 1235 1124 1304 παιδευόμενοι
1147 1234 1246 1302 τὴν
1278 1235 1480 1302 ἀρετήν
1500 1250 1513 1262 ·
1551 1235 1584 1302 ἡ
1613 1232 1723 1302 γὰρ

143 1330 230 1383 διὰ
266 1329 551 1399 μαστίγων
594 1328 913 1394 παίδευσις,
956 1327 1033 1390 ὡς
1075 1329 1188 1389 τοῖς
1234 1329 1518 1396 κοσμικοῖς
1547 1328 1723 1396 ἁρμό-

144 1421 349 1486 ζουσα,
403 1422 520 1482 τοῑς
573 1419 852 1490 Πατράσιν
930 1417 1088 1489 ήμῶν
1142 1417 1446 1488 ἀπόϐλητος
1500 1419 1724 1481 εἰκότως

146 1511 364 1585 ἐκρίθη.

216 1611 333 1668 κς¹.
359 1604 453 1654 Δεῖ
477 1603 673 1662 εἰδέναι
701 1597 782 1656 ὅτι
817 1602 875 1655 ὲν
906 1597 995 1664 αἷς
1029 1601 1266 1672 ἡμέραις
1295 1601 1494 1672 ἀργίαν
1518 1602 1725 1671 ἄγομεν

142 1697 254 1749 τῶν
288 1695 621 1763 σωματικῶν
655 1694 854 1764 ἔργων,
887 1695 1072 1766 κρούει
1101 1696 1129 1747 ὁ
1157 1693 1506 1764 βιϐλιόφύλαξ
1538 1695 1597 1747 τὸ
1627 1694 1720 1760 ξύ-

145 1789 238 1841 λον
266 1786 437 1850 ἆπαξ,
472 1785 566 1838 καὶ
601 1788 924 1854 συνάγονται
967 1788 1015 1838 οἱ
1046 1786 1266 1854 ἀδελφοὶ
1311 1787 1390 1846 είς
1422 1787 1514 1838 τὸν
1557 1785 1723 1838 τόπον

146 1881 255 1933 τῶν
311 1879 554 1950 βιϐλίων,
619 1877 712 1931 καὶ
765 1877 1034 1947 λαμϐάνει
1091 1878 1319 1940 ἕκαστος
1360 1878 1581 1948 βιϐλίον,
1632 1879 1727 1931 καὶ
1757 1856 1797 1908 Β

146 1970 516 2040 ἀναγινώσκει
547 1971 652 2033 ἕως
687 1970 786 2039 ὀψέ
807 1988 820 2004 ο
875 1970 982 2040 πρὸ
1010 1970 1067 2022 δὲ
1097 1970 1204 2022 τῶν
1236 1971 1600 2041 σημαντήριον
1629 1970 1723 2024 τοῦ

146 2066 427 2136 λυχκκικοῦ,
464 2066 652 2135 κρούει
687 2065 848 2118 πάλιν
877 2065 1023 2131 ἅπαξ
1048 2067 1075 2118 ό
1110 2064 1202 2117 ἐπὶ
1236 2065 1344 2117 τῶν
1379 2064 1615 2134 βιϐλίων,
1631 2066 1726 2118 καὶ

147 2165 439 2236 ἐρχόμενοι
463 2163 665 2225 πάντες
699 2163 842 2215 κατά
871 2163 970 2232 τὴν
1001 2159 1326 2230 ἀναγραφὴν
1353 2160 1726 2230 ἀποστρέφου-

148 2274 236 2309 σιν
265 2255 443 2315 αὐτάο
473 2256 522 2306 εἰ
568 2254 625 2306 δέ
654 2270 738 2315 τις
767 2253 1044 2322 ύστερίσει
1081 2253 1163 2316 εἰς
1207 2253 1306 2322 τὴν
1336 2253 1591 2304 ἀπόδοσιν
1626 2254 1726 2324 τῆς

148 2346 360 2417 βίϐλου,
391 2346 652 2415 ἐπιτιμίῳ
689 2344 1074 2398 ὑποϐάλλεται.

218 2436 326 2501 κζ’.
369 2435 490 2506 Χρὴ
517 2436 715 2489 εἰδέναι
747 2436 822 2499 ὡς
848 2436 1012 2506 ἡνίκα
1041 2436 1270 2507 ὲννάτην
1297 2434 1577 2504 ποιοῦμεν,
1617 2434 1725 2489 ἀπὸ

145 2531 250 2599 τῆς
278 2527 333 2594 ς’
364 2528 672 2601 λειτουργεῖ
701 2529 729 2582 6
758 2529 1030 2600 arpi-16675
1042 2545 1165 2599 ρος·
1185 2531 1232 2582 εἰ
1258 2530 1315 2583 δὲ
1335 2530 1429 2583 καὶ
1461 2529 1726 2600 μέλλομεν

145 2618 375 2684 ἐσθίειν,
396 2620 503 2673 ἀπὸ
535 2621 634 2690 τῆς
663 2627 712 2692 γ’
733 2638 746 2652 ·
773 2621 868 2675 ἐὰν
891 2621 948 2678 δὲ
982 2621 1182 2690 ἀργίαν
1220 2620 1424 2690 ἄγομεν
1449 2620 1558 2673 τῶν
1583 2619 1727 2692 ὁρῶν

147 2713 249 2767 καὶ
294 2712 601 2783 κάμνομεν,
646 2715 680 2783 ή
714 2714 812 2782 μὲν
839 2713 959 2766 θεία
1015 2713 1326 2784 λειτουργία
1371 2713 1519 2779 ὥραν
1549 2719 1598 2777 γ’
1631 2729 1728 2784 ση-

153 2806 374 2875 μαίνειο
409 2805 546 2873 μετὰ
573 2805 630 2858 δὲ
661 2806 762 2876 τὴν
800 2807 1198 2878 συμπλήρωσιν
1231 2808 1420 2876 αὐτῆς,
1453 2809 1640 2877 κρούει
1666 2806 1727 2865 τὸ

154 2899 313 2962 ξύλον
346 2900 491 2968 τρὶς,
542 2900 639 2952 καὶ
698 2899 1024 2968 συνάγονται
1071 2900 1271 2963 πάντες
1299 2902 1346 2952 οἱ
1379 2900 1597 2953 ἀδελφοὶ
1633 2900 1725 2952 ἐπὶ

149 2990 215 3045 τὸ
247 2988 402 3057 αὐτὴ,
434 2990 531 3046 καὶ
567 2991 704 3061 μετά
734 2992 796 3045 τὸ
823 2992 994 3060 ψᾶλαι
1027 2993 1096 3045 τὰ
1147 2993 1370 3057 τυπικὰ,
1406 2993 1502 3046 καὶ
1540 2991 1725 3046 λαϐεῖν

152 3080 424 3151 εὐλογίαν,
457 3083 812 3154 ἀπερχόμεθα
844 3087 923 3148 είς
951 3085 1051 3154 τὴν
1082 3084 1381 3155 τράπεζαν.

1821 600 2005 643 turum
2041 591 2170 644 vitm
2199 607 2371 661 genus
2402 591 2757 658 intimaverit,
2821 594 3119 649 introducit
3154 596 3219 649 ad
3252 604 3398 649 eate-

1821 683 2066 748 ehesim,
2128 690 2182 736 et
2237 684 2383 752 gregi
2441 700 2540 737 sun
2593 686 2947 750 adnumerat;
3003 688 3131 741 dum
3180 688 3395 742 interim

1821 775 2117 837 admissus,
2159 776 2282 830 data
2317 776 2384 830 ab
2414 777 2607 831 abbate
2637 778 2874 843 licentia,
2911 779 3039 832 facit
3068 790 3394 835 metanmam

1821 883 2006 922 coram
2040 867 2327 935 fratribus,
2367 877 2531 940 atque
2564 871 2618 925 hi
2652 872 2895 926 vicissim
2927 889 3026 942 pro
3066 874 3155 929 illo
3181 877 3357 929 orant.

1891 1046 1982 1103 9.5.
2019 1047 2161 1104 Sunt
2207 1049 2371 1105 etiam
2404 1051 2546 1120 apud
2600 1066 2701 1106 nos
2746 1051 2850 1105 loci
2883 1047 3106 1122 quidam
3140 1054 3394 1122 separati,

1823 1143 1876 1196 in
1909 1144 2112 1212 quibus
2141 1144 2512 1200 inobedientes
2551 1155 2603 1200 et
2637 1153 2990 1200 contumaces
3027 1146 3395 1207 includuntur,

1824 1236 1979 1290 arido
2009 1238 2155 1292 victu
2182 1238 2394 1303 nutriti,
2429 1248 2591 1307 atque
2620 1238 2694 1292 ita
2723 1239 2976 1292 virtutem
3008 1239 3207 1294 edocti.
3231 1238 3396 1293 Nam-

1823 1344 1930 1398 que
1963 1329 2396 1384 emendationem
2455 1343 2554 1399 per
2614 1330 2867 1393 verbera,
2927 1346 3049 1400 qum
3105 1330 3396 1383 mundanis

1825 1421 2141 1476 hominibus
2171 1421 2451 1487 convehit,
2476 1422 2672 1476 merito
2695 1421 2881 1476 Patres
2911 1421 3084 1476 nostri
3111 1423 3397 1491 repudian-

1823 1511 1948 1566 dam
1987 1521 2342 1568 censuerunt.

1895 1602 1984 1656 26.
2027 1603 2230 1658 Diebus
2259 1604 2460 1672 quibus
2507 1620 2538 1658 a
2596 1604 2867 1674 corporali
2900 1619 3064 1674 opere
3113 1604 3396 1668 feriamur,

1826 1696 2043 1766 signum
2105 1696 2252 1764 ligno
2295 1697 2461 1750 semel
2516 1697 2629 1750 edit
2679 1697 3168 1761 bibliothecarius,
3200 1712 3401 1751 conve-

1828 1789 2090 1857 niuntque
2147 1787 2345 1842 fratres
2410 1788 2474 1842 ad
2536 1789 2797 1843 librorum
2838 1790 3064 1854 aulam,
3124 1790 3401 1857 sumitque

1828 1881 2211 1950 unusquisque
2241 1882 2463 1944 librum,
2515 1891 2569 1937 et
2599 1899 2772 1950 usque
2812 1883 2877 1935 ad
2916 1898 3197 1950 vesperam
3249 1883 3394 1952 legit.

1828 1971 1930 2025 Sed
1963 1972 2281 2040 priusquam
2315 1972 2552 2042 lychnici
2575 1972 2728 2042 signa
2761 1971 2982 2036 dentur,
3007 1973 3185 2042 pulsat
3209 1989 3401 2028 rursus

1828 2064 1995 2117 semel
2035 2064 2518 2125 bibliothecarius;
2577 2063 2871 2133 cunctique
2899 2065 3179 2119 venientes
3202 2080 3400 2118 secun-

1827 2153 1954 2206 dum
2007 2153 2269 2222 scriptam
2309 2153 2572 2208 schedam
2604 2153 2776 2209 libros
2831 2154 3085 2208 reddunt.
3152 2154 3306 2219 Quod
3355 2157 3399 2210 si

1826 2246 1952 2314 quis
1986 2245 2212 2300 reddere
2243 2245 2440 2300 librum
2472 2256 2782 2313 cunctatur,
2815 2262 2990 2316 poena:
3015 2247 3326 2317 subjicitur.

1890 2424 1988 2480 '27.
2023 2425 2142 2496 Quo
2173 2435 2415 2497 tempore
2460 2427 2649 2481 horam
2703 2441 2905 2482 nonam
2945 2427 3281 2491 recitamus,
3332 2428 3400 2482 ab

1827 2518 1962 2574 hora
2001 2529 2154 2576 sexta
2185 2536 2400 2577 sacrum
2430 2521 2558 2575 facit
2589 2521 2915 2591 presbyter:
2943 2521 3088 2590 quod
3141 2522 3185 2577 si
3233 2522 3397 2577 etiam

1827 2614 2084 2680 pransuri
2116 2627 2328 2675 sumus,
2356 2627 2419 2666 ac
2451 2612 2584 2666 hora
2611 2612 2790 2666 tertia.
2829 2611 2946 2669 Jam
2973 2614 3017 2667 si
3047 2613 3116 2668 ab
3143 2603 3293 2669 hor'is
3323 2613 3403 2668 fe-

1828 2702 2056 2767 riamur,
2086 2713 2140 2756 et
2194 2702 2528 2764 laboramus,
2561 2703 2747 2757 divina
2783 2703 3000 2773 liturgia
3050 2705 3202 2758 home
3230 2707 3402 2759 tertius

1827 2795 2124 2865 deputatur
2163 2815 2175 2849 :
2214 2812 2320 2866 qua
2356 2797 2588 2864 expleta,
2623 2796 2826 2866 lignum
2857 2806 2942 2852 ter
2964 2798 3235 2867 pulsatur,
3267 2812 3401 2853 con-

1826 2889 2167 2958 veniuntque
2197 2905 2387 2943 omnes
2419 2888 2639 2952 fratres,
2686 2898 2741 2945 et
2771 2892 3008 2946 cantatis
3037 2891 3255 2962 typicis,
3307 2907 3403 2946 ae-

1826 2992 2090 3052 ceptaquc
2129 2983 2526 3048 benedictione,
2560 2983 2628 3036 ad
2659 2999 2904 3038 mensam
2956 2985 3259 3055 pergimus.

152 3196 290 3264 ιΙερὶ
315 3195 430 3279 τῆς
452 3197 522 3250 ἐν
553 3198 837 3279 ,βρῶμςισι
867 3199 1592 3279 καὶίίόμασιὲοσότ-ητος.
1624 3199 1722 3253 καὶ

1836 3200 1905 3255 De
1937 3202 2172 3257 ciborum
2225 3211 2274 3279 et
2329 3211 2548 3279 potuum
2607 3199 2903 3279 quantitate
2933 3213 2983 3258 et
3035 3205 3316 3279 qualitate,
3354 3215 3402 3258 et

187 3269 529 3333 ποιότητος,
557 3268 656 3320 καί,
678 3268 787 3335 τῆς
813 3269 883 3320 ἐν
902 3269 1030 3334 ταῖς
1060 3269 1370 3337 τραπέζαις
1387 3271 1687 3335 εὐταξίας.

223 3378 334 3449 κη’.
360 3378 494 3430 ’Υπε
506 3378 783 3449 ρχομένων
809 3379 916 3430 τῶν
946 3379 1190 3448 ἀδελφῶν
1225 3382 1304 3444 είς
1327 3381 1386 3434 τὸ
1412 3383 1725 3452 ἀριστῆσαι,

150 3472 180 3525 6
215 3469 398 3540 στίχος
427 3469 605 3522 αὐτῶν
636 3470 728 3521 ἐπὶ
761 3469 1028 3538 στόματος
1072 3471 1296 3541 φέρεται
1317 3489 1333 3504 ο
1367 3472 1642 3542 κάθηνται
1671 3471 1729 3523 δὲ

153 3562 295 3615 κατὰ
363 3562 645 3631 τράπεζαν
753 3561 1051 3629 ἀκόϐητον
1102 3562 1211 3633 (45)
1289 3567 1357 3617 θ’⁶
1407 3565 1457 3615 οἱ
1515 3563 1731 3632 ταξιάρο

153 3672 246 3725 χαι
285 3653 343 3706 δὲ
383 3653 481 3716 τὰς
517 3651 945 3725 ἀναπληρώσεις
972 3653 1081 3706 τῶν
1104 3654 1394 3724 τραπεζῶν
1426 3654 1725 3720 ποιοῦνται,

153 3749 246 3798 καὶ
275 3745 552 3808 εὐτάκτως
583 3746 740 3810 ἐκτὸς
768 3745 1030 3814 θορύϐου·
1062 3747 1272 3815 γίνεται
1307 3747 1364 3800 δὲ
1415 3754 1449 3814 ή
1480 3747 1727 3815 ἀνάγνων

153 3856 259 3904 σις,
292 3839 402 3891 τῶν
432 3838 675 3907 ἀδελφῶν
713 3839 782 3892 τὰ
823 3839 1148 3896 κουκούλλια
1182 3841 1276 3894 ἐπὶ
1304 3840 1546 3910 κεφαλῆς
1579 3839 1730 3911 ὲχόνς-

151 3947 282 3985 των.
319 3931 392 3999 Ση
403 3933 554 3999 μεῖον
582 3931 639 3984 δὲ
671 3930 767 3988 τοῦ
797 3931 985 3995 τέλους
1009 3933 1109 4002 τῆς
1142 3931 1503 4001 ἀναγνώσεως
1528 3931 1728 4001 ταύτης

153 4021 305 4075 ἐστὶν
339 4022 368 4074 6
398 4016 534 4091 ἦχος
574 4024 684 4076 τῶν
720 4022 982 4096 κλιερίων
1015 4024 1074 4077 ἐν
1099 4026 1166 4094 τῇ
1201 4024 1408 4095 ὑστάτῃ
1444 4022 1727 4094 μαγειρία,

153 4115 376 4168 πάντων
413 4112 551 4186 ὁμοῦ
611 4116 704 4170 ἐπὶ
761 4115 872 4168 τῶν
913 4115 1236 4185 παροψίδων
1292 4114 1726 4187 ὲρῤιπτομένωνο

152 4206 356 4276 ὁμοίως
377 4205 433 4258 δὲ
457 4204 553 4258 καὶ
569 4204 631 4257 τὸ
655 4204 897 4275 κεράσαι
917 4205 1012 4257 καὶ
1035 4204 1094 4256 τὺ
1115 4204 1430 4275 παραθῆσαι
1450 4205 1538 4257 διὰ
1567 4202 1728 4274 κρού-

163 4313 380 4368 σματος
416 4296 648 4365 γίνεται.

227 4389 332 4444 κθ’.
386 4389 588 4442 ’ἰστέον
621 4389 676 4442 δὲ
706 4389 788 4443 ὅτι
823 4389 931 4443 ἀπὸ
959 4389 1060 4458 τῆς
1093 4391 1396 4461 πασχαλίας
1427 4389 1535 4461 (44)
1567 4389 1729 4461 μέχρι

150 4480 261 4533 τῶν
294 4479 466 4548 ἁγίων
499 4481 718 4533 πάντων
751 4482 888 4552 (45),
918 4482 1016 4545 τὰς
1052 4482 1099 4552 β’
1131 4482 1422 4553 μαγειρίας
1449 4482 1510 4535 τό
1537 4499 1597 4534 τε
1631 4483 1728 4535 λά·

151 4590 318 4646 χανον
345 4574 440 4625 καὶ
474 4573 535 4625 τὸ
559 4574 783 4643 ὄσπριον
835 4575 972 4644 μετά
1023 4575 1201 4629 ἐλαίου
1247 4576 1532 4646 ἐσθίομεν·
1579 4576 1727 4646 χρώ-

153 4665 299 4741 μεθα
327 4666 384 4718 δὲ
409 4665 506 4719 καὶ
540 4666 759 4735 ἰχθύων,
786 4668 881 4719 καὶ
905 4669 1092 4737 τυροῦ,
1117 4670 1210 4722 καὶ
1241 4670 1351 4723 ὠοῦ
1369 4688 1381 4702 ’
1414 4656 1640 4740 πίνομεν
1671 4669 1728 4722 δὲ

146 4758 220 4810 τὰ
252 4757 454 4828 ἄριστα
484 4754 567 4823 γ’⁶
619 4759 907 4827 κρούοντος
949 4759 1042 4812 τοῦ
1078 4760 1258 4826 ξύλου,
1308 4762 1635 4831 ἀπέρχονται
1675 4763 1724 4813 oi

147 4852 375 4919 ἀδελφοὶ
417 4852 512 4904 καὶ
544 4852 816 4906 ἐσθίουσιν
847 4855 1010 4924 ἄρτον
1034 4870 1048 4883 ⁸
1080 4857 1172 4908 καὶ
1213 4856 1310 4909 ἐὰν
1337 4842 1725 4923 ἐπερίσσευσεν

151 4944 420 5016 μαγειρία
472 4943 617 5014 πρωῒ
665 4944 942 5014 (ἐπίτηδες
1004 4945 1114 5014 γὰρ
1159 4945 1360 5017 ἔδεσμα
1402 4948 1462 4999 τὸ
1508 4946 1605 5015 ὀψὲ
1649 4944 1726 5016 τῷ

146 5035 318 5106 κοινῷ
346 5037 409 5088 οὐ
436 5036 721 5106 γίνεται),
755 5037 918 5106 κιρνὰ
955 5037 1008 5089 δὲ
1041 5038 1153 5094 δύο.
1186 5039 1277 5103 Εἰς
1310 5040 1368 5092 δὲ
1398 5040 1495 5110 τὴν
1529 5045 1580 5108 μ’
1617 5038 1728 5091 τῶν

144 5130 324 5198 ἁγίων
373 5127 689 5190 ἀποστόλων
742 5127 930 5197 ἰχθύας
971 5130 1068 5181 καὶ
1114 5130 1274 5202 τυρὸν
1316 5131 1412 5184 καὶ
1458 5130 1563 5182 ὠὸν
1624 5129 1726 5182 οὐκ

144 5223 431 5294 ἐσθίομεν,
462 5219 602 5295 πλὴν
635 5219 744 5274 τῶν
778 5221 999 5292 ήμερῶν
1029 5225 1087 5275 έν
1117 5217 1206 5286 αῖς
1248 5224 1396 5294 ὥραν
1428 5223 1489 5276 οὐ
1521 5221 1723 5290 ψάλλο-

2207 3273 2420 3327 decente
2444 3273 2499 3326 in
2533 3276 2726 3327 mensis
2760 3274 2946 3328 ordine

1897 3383 1988 3440 28.
2032 3384 2390 3440 Venientibus
2422 3386 2487 3440 ad
2520 3386 2808 3456 prandium
2833 3385 3121 3452 fratribus,
3153 3387 3405 3441 versicu-

1828 3477 1911 3532 lus
1941 3477 1993 3531 iu
2020 3493 2113 3531 ore
2133 3478 2400 3546 cujusque
2422 3487 2527 3537 est.
2558 3477 2858 3546 sedentque
2887 3477 2960 3531 ad
2995 3491 3240 3532 mensam
3273 3477 3406 3530 ἀκό-

1829 3570 1992 3640 ϐητον
2023 3571 2088 3623 θ’.
2126 3571 2226 3636 Qui
2256 3580 2438 3624 autem
2484 3579 2637 3624 recto
2687 3569 2867 3624 ordini
2922 3579 3052 3624 sunt
3101 3571 3403 3640 praepositi,

1831 3679 2049 3717 mensas
2085 3661 2308 3716 ferculis
2331 3663 2543 3731 replent
2566 3661 2870 3731 composite
2898 3671 2956 3718 et
2989 3662 3110 3716 sine
3140 3663 3400 3717 tumultu.

1830 3755 1897 3809 Et
1920 3757 2135 3810 interim
2167 3755 2348 3823 teetio,
2386 3757 2652 3811 fratribus
2686 3757 2959 3813 eucullata
2988 3757 3168 3825 capita
3198 3757 3404 3811 haben-

1829 3848 1995 3902 tibus.
2051 3849 2277 3917 Signum
2330 3863 2462 3903 vero
2514 3849 2765 3903 finienda:
2801 3849 2966 3920 hujus
3015 3850 3264 3904 lectionis
3295 3859 3401 3915 cst,

1830 3939 2045 3994 sonitus
2096 3938 2467 3994 cochlearium
2525 3940 2579 3994 in
2639 3949 2917 4010 postremo
2968 3940 3220 4007 ferculo,
3279 3955 3404 3994 cum

1829 4030 2010 4085 omnia
2043 4031 2203 4086 simul
2253 4031 2306 4084 in
2349 4033 2671 4102 parOpsides
2722 4033 3108 4103 projiciuntur.
3141 4032 3405 4088 Miscendi

1827 4123 2034 4194 pariter
2060 4131 2114 4179 et
2143 4123 2449 4194 apponendi
2475 4126 2690 4195 signum
2723 4126 3034 4196 pulsatione
3067 4125 3146 4183 lit.

1897 4392 1988 4447 ‘29.
2022 4392 2068 4444 Α
2097 4388 2335 4460 paschali
2369 4397 2614 4458 tempore
2644 4403 2818 4459 usque
2843 4389 2912 4444 ad
2956 4389 3153 4445 festum
3184 4399 3403 4446 sancto-

1832 4498 1953 4536 rum
1989 4483 2258 4544 omnium,
2295 4480 2405 4534 duo
2447 4480 2820 4546 fercula,olus
2853 4497 3047 4552 nempe
3075 4493 3128 4537 et
3151 4483 3402 4553 legumen

1834 4574 2073 4629 oleatnm
2096 4573 2458 4629 comedimus.
2491 4571 2781 4627 Vcseimur
2819 4574 2981 4627 etiam
3013 4574 3277 4642 piscibus,
3311 4590 3404 4628 ea-

1833 4681 1948 4730 seo,
1981 4674 2034 4720 et
2069 4666 2208 4720 ovis.
2243 4663 2490 4719 Bibimus
2529 4673 2710 4719 autem
2749 4664 2802 4718 in
2849 4666 3079 4735 prandio
3133 4675 3235 4720 ter.
3304 4666 3402 4721 Uhi

1831 4758 2036 4829 lignum
2065 4757 2413 4826 increpuerit,
2447 4756 2648 4810 abeunt
2669 4755 2889 4820 fratres,
2921 4764 2975 4812 et
3001 4771 3194 4826 panem
3225 4772 3405 4811 come-

1829 4853 1987 4916 dunt,
2021 4859 2073 4905 et
2104 4851 2150 4904 si
2179 4850 2307 4919 quid
2329 4865 2390 4904 ex
2425 4849 2635 4905 ferculo
2658 4849 2930 4903 matutino
2953 4848 3226 4916 superfuit
3254 4851 3399 4918 (nam

1828 4959 2055 5015 vespere
2086 4944 2365 5013 proprium
2402 4942 2644 4997 edulium
2673 4942 3063 4997 communitati
3097 4958 3201 4995 non
3245 4957 3404 5011 para-

1826 5039 1935 5108 tur)
1972 5047 2027 5092 et
2060 5036 2300 5090 bibimus
2329 5035 2526 5104 pocilla
2560 5034 2692 5089 duo.
2741 5033 2799 5088 lu
2827 5035 3241 5104 quadragesima
3274 5050 3402 5088 vero

1826 5137 2143 5183 sanctorum
2174 5125 2551 5195 apostolorum
2585 5126 2787 5195 pisces,
2808 5140 3055 5190 caseum,
3082 5133 3136 5180 et
3161 5139 3261 5180 ova
3293 5142 3399 5178 non

1826 5220 2420 5288 eomedimus,prteter
2475 5234 2642 5291 quam
2710 5218 2900 5274 diebus
2950 5218 3149 5288 quibus
3209 5219 3397 5273 horam

1645 5421 1873 5480 ΝΟΤᾹΞ.

220 5605 338 5678 (45)
366 5603 446 5659 ita
474 5601 598 5657 eod.
619 5600 746 5657 Mihi
780 5615 913 5678 vero
941 5602 1206 5678 obscurus
1237 5612 1291 5657 et
1319 5600 1606 5670 ambiguus
1631 5601 1719 5657 hic

143 5673 305 5736 locus
337 5685 444 5737 est,
481 5683 699 5743 propter
726 5673 978 5728 vocabuli
1015 5673 1333 5743 novitatem.

220 5747 336 5815 (Μ)
366 5741 556 5800 Pollux
581 5743 784 5815 Chron.
811 5743 951 5815 apud
977 5743 1230 5815 Allatium
1251 5742 1469 5815 dissert.
1494 5741 1586 5815 cit.
1610 5742 1713 5815 co_l_.

147 5819 282 5875 “5|
319 5812 336 5869 ξ
370 5815 474 5868 Δύο
508 5813 808 5881 πασχαλίας
841 5812 1132 5878 έϐδομάδες
1155 5853 1169 5875 ,
1217 5812 1315 5879 μία
1337 5812 1477 5879 οπρὺ,
1519 5813 1617 5878 μία
1662 5812 1718 5862 δὲ

148 5888 290 5978 μετά
314 5888 466 5943 ἀμαυ
495 5884 823 5956 paschalium
858 5881 1209 5947 hcbdonmda,
1240 5881 1405 5935 altera
1439 5898 1550 5944 ιιιιω
1585 5897 1719 5949 pm-

1826 5603 1983 5663 cedit.
2022 5603 2193 5674 aitera
2230 5619 2346 5674 qua:
2375 5606 2725 5674 subsequitur.

1899 5676 2010 5742 (45)
2042 5673 2255 5727 Festum
2290 5673 2547 5728 omnium
2569 5689 2885 5728 sanctorum
2924 5692 2953 5729 a
2987 5676 3189 5730 Graecis
3221 5675 3399 5744 agitur

1828 5744 1882 5815 i_n
1935 5745 2216 5798 Dominiea
2246 5746 2418 5810 prima
2461 5745 2730 5811 Mattluei;
2766 5761 2886 5812 quae
2933 5757 3016 5802 est
3061 5747 3230 5815 prima
3274 5756 3397 5814 post

1829 5813 2209 5872 Pentecosten.
2247 5815 2402 5869 Allat.
2438 5816 2569 5872 diss.
2600 5818 2691 5872 cit.
2730 5817 2832 5873 col.
2870 5815 3025 5869 1465.
