3976 6322
603 354 735 422 1715
1608 355 2254 416 CONSTITUTIONES
2291 359 2753 421 STUDITANE.

3730 369 3860 430 17m

598 487 709 526 non
743 468 1016 525 canimus.
1057 457 1450 522 Manducamus
1499 474 1683 519 autem
1726 467 1858 520 hora
1891 482 2030 520 nona
2067 467 2167 521 fer-

2279 487 2379 537 μεν
2401 487 2415 501 ·
2451 472 2734 542 τρώγομεν
2778 472 2833 525 δὲ
2868 471 2911 525 0'
2945 473 3234 544 μαγειρίας
3275 474 3341 543 β’,
3370 474 3431 526 τδ
3473 476 3579 544 μὲν
3623 476 3857 547 λάχανον

596 563 721 617 cula
746 560 856 614 duo
881 576 896 613 :
925 560 1049 613 olus
1075 558 1314 612 olealum
1340 597 1354 622 ,
1390 556 1640 627 legumen
1676 557 1886 626 absque
1924 558 2046 612 oleo
2077 571 2167 612 co-

2278 565 2416 632 μετά
2445 564 2650 630 ἐλαίου,
2687 565 2748 618 τὸ
2790 564 2852 618 δὲ
2889 564 3116 635 ὕσπριον
3156 566 3285 620 ἄνευ
3328 567 3518 621 ἐλαίου
3564 569 3856 641 ἐσθίομεν·

596 653 894 708 medimus.
929 648 1174 703 Bibimus
1197 650 1327 704 hom
1351 663 1491 703 nona
1519 647 1744 716 cyathos
1766 647 1922 711 duos,
1950 663 2167 716 vespere

2278 656 2437 725 κιρνά
2466 656 2522 709 δὲ
2551 655 2646 710 δύο
2671 660 2735 728 τῇ
2763 657 2829 722 θ’,
2861 658 2956 710 καὶ
2994 658 3087 711 δύο
3120 658 3218 728 ὀψέ
3239 674 3255 688 ·
3287 660 3346 711 ἐν
3370 659 3430 713 δὲ
3462 663 3592 725 ταῖς
3630 664 3860 733 ἀργησί-

597 746 728 800 item
758 744 917 799 duos.
966 741 1166 803 Diebus
1197 749 1379 796 autem
1413 738 1625 794 feriatis
1648 777 1664 802 ,
1695 739 1898 810 quibus
1932 739 2167 793 diximus

2278 762 2397 813 μοις
2426 747 2483 799 ἐν
2521 742 2610 810 αἶς
2650 749 2955 819 ᾐνιξάμεθα
2984 750 3148 820 τυρὸν
3187 749 3388 803 ἐσθίειν
3417 752 3518 806 καὶ
3552 752 3628 806 τὰ
3673 755 3856 818 λοιπὰ,

598 853 700 892 nos
725 850 888 890 caseo
913 842 970 888 et
1002 832 1230 901 reliquis
1257 831 1426 896 vesci,
1452 830 1586 887 hora
1618 839 1769 886 sexta
1800 830 2167 894 comedentes,

2278 837 2335 904 τῇ
2385 841 2439 901 ς’
2487 836 2812 907 τρώγοντες,
2860 845 2910 906 γ’
2954 840 3205 908 πίνομεν,
3253 842 3349 893 καὶ
3405 842 3508 912 ὀψὲ
3560 842 3648 912 β’·
3707 840 3857 907 οὗτος

600 937 683 982 ter
715 926 952 982 bibimus
979 943 992 991 ;
1029 937 1256 993 vespere
1290 922 1396 977 bis.
1433 920 1589 976 Hunc
1619 937 1827 977 morem
1851 923 1905 977 in
1938 923 2167 992 quadra-

2278 925 2440 990 τύπος
2470 928 2566 979 καὶ
2596 931 2663 999 τῇ
2694 934 2745 998 μ’
2773 929 2866 982 τοῦ
2895 930 3052 998 ἁγίου
3082 932 3381 984 ἀποστόλου
3407 933 3695 987 Φιλίππου
3710 936 3824 1005 (46)
3843 954 3855 967 ·

597 1020 805 1089 gesima
834 1017 1001 1074 etiam
1037 1015 1215 1072 sancti
1258 1014 1494 1085 apostoli
1547 1011 1781 1084 Philippi
1836 1029 2121 1070 servamus
2153 1030 2166 1067 :

597 1110 691 1164 sed
729 1117 948 1178 propter
996 1107 1316 1162 brevitatem
1343 1105 1554 1160 dierum
1583 1103 2015 1174 quadragesima:
2046 1119 2173 1158 sau-

597 1203 670 1255 cti
705 1202 964 1270 Philippi,
997 1197 1164 1254 semel
1191 1198 1245 1251 in
1272 1197 1361 1254 die
1399 1197 1762 1261 comedimus,
1799 1196 1891 1251 sed
1919 1204 2001 1252 ter
2030 1195 2169 1250 bibi-

599 1308 741 1347 mus.
770 1295 890 1346 .lam
933 1291 1002 1344 ab
1037 1289 1411 1360 apostolorum
1451 1289 1966 1344 commemoratione
1999 1303 2171 1359 usque

599 1383 669 1437 ad
700 1391 951 1437 sanctum
983 1381 1319 1451 Philippum,
1357 1396 1556 1434 nonam
1592 1379 1908 1434 recitamus.
1941 1378 2093 1444 Quod
2122 1379 2167 1433 si

597 1475 655 1528 in
691 1474 790 1529 hos
819 1472 939 1527 dies
969 1473 1215 1528 incurrat
1245 1471 1693 1528 commemoratio
1719 1471 1950 1540 alicujus
1973 1472 2166 1539 sancti,

599 1581 724 1634 quae
755 1581 856 1620 nos
883 1563 1108 1623 feriatos
1136 1565 1331 1620 reddat
1352 1565 1420 1619 ab
1448 1561 1599 1617 horis
1619 1573 1674 1617 et
1704 1563 2012 1628 metantnis,
2038 1573 2168 1617 tunc

599 1671 820 1711 caseum
855 1666 911 1710 et
938 1670 1038 1710 ova
1074 1664 1126 1710 et
1160 1655 1359 1726 pisces,
1395 1655 1661 1724 siquidem
1685 1652 1826 1708 Deus
1856 1654 2169 1724 suppedita-

598 1749 758 1811 verit,
792 1747 1170 1812 comedimus;
1204 1763 1328 1803 cum
1358 1748 1568 1819 cyathis
1598 1745 1775 1801 tribus
1805 1746 1860 1798 in
1891 1746 2121 1815 prandio
2145 1784 2161 1810 ,

597 1855 824 1910 vespere
850 1840 1086 1894 duobus.

893 1950 971 2005 De
1000 1958 1186 2004 sancta
1213 1965 1406 2020 magna
1447 1948 1888 2018 Quadragesima.

667 2041 758 2095 50.
791 2040 849 2095 In
880 2050 1072 2095 sancta
1098 2055 1294 2108 magna
1325 2039 1749 2108 Quadragesima
1789 2036 1955 2091 semel
1994 2038 2048 2091 in
2080 2036 2168 2092 die

594 2127 886 2192 vescimur,
919 2136 1144 2197 excepto
1182 2126 1440 2188 Sahbato.
1493 2137 1548 2182 et
1595 2129 1681 2181 die
1721 2126 2018 2180 Dominico.
2066 2125 2168 2180 Co-

595 2218 862 2273 medimus
883 2227 1063 2273 autem
1091 2219 1264 2289 prima
1290 2231 1343 2274 et
1365 2220 1609 2274 mediana
1629 2219 1960 2274 hebdomada
1979 2219 2166 2274 eodem

596 2309 779 2374 modo,
809 2310 860 2364 id
891 2321 974 2365 est
1003 2310 1156 2364 fabas
1189 2322 1373 2366 coclas
1403 2352 1417 2375 ,
1445 2322 1498 2365 et
1522 2312 1908 2366 salsamentum
1964 2311 2169 2380 absque

597 2402 736 2464 oleo,
773 2412 827 2456 et
855 2404 1064 2458 caricas
1095 2405 1338 2472 quinque
1358 2443 1372 2468 ,
1422 2413 1475 2457 et
1503 2405 1547 2457 si
1581 2403 1764 2459 adsint
1791 2412 2077 2467 castaneae,
2116 2412 2170 2458 et

597 2491 712 2562 pira
735 2500 910 2557 cocta,
933 2501 986 2545 et
1017 2492 1426 2547 Damascenica.
1461 2491 1707 2547 Secunda
1751 2501 1929 2546 autem
1964 2492 2168 2546 hebdo-

597 2585 781 2648 mada,
812 2593 865 2638 et
893 2585 1074 2650 tertia,
1109 2594 1163 2639 et
1190 2586 1403 2656 quinta,
1436 2593 1490 2640 et
1520 2595 1669 2639 sexta
1691 2585 1770 2640 sic
1798 2585 2166 2639 comedimus:

596 2692 772 2746 pruna
805 2677 1064 2731 nimirum
1099 2687 1252 2731 cocta
1298 2684 1351 2730 et
1381 2678 1768 2731 salsamentum
1811 2679 1863 2731 in
1897 2678 2167 2742 scutellis;

595 2779 650 2824 et
680 2769 877 2824 ferculi
906 2769 1026 2822 loco
1061 2769 1307 2839 legumen
1333 2784 1457 2823 cum
1492 2785 1628 2824 nuce
1652 2769 1856 2836 fracta;
1891 2785 2049 2839 poma
2091 2778 2169 2822 la-

595 2875 720 2917 nten
747 2870 801 2914 et
826 2860 964 2914 ficus
986 2861 1072 2915 bis
1101 2859 1463 2914 hebdomadis
1495 2877 1601 2914 non
1630 2861 1994 2916 comedimus.
2035 2858 2171 2915 Tota

595 2961 778 3005 autem
811 2962 998 3007 sancta
1045 2951 1469 3022 Quadragesima
1525 2952 1755 3006 mixtum
1794 2952 2052 3019 bibimus,
2085 2970 2172 3007 ex-

595 3045 768 3111 ceptis
801 3043 1037 3098 infirmis
1066 3053 1163 3099 aut
1210 3045 1453 3099 senibus.
1483 3043 1652 3100 Porro
1701 3045 1926 3100 mistum
1957 3055 2172 3101 constat

2271 1015 2359 1068 διὰ
2387 1015 2444 1069 δὲ
2470 1017 2569 1088 τὴν
2593 1020 2934 1088 σμικρότητα
2962 1019 3067 1074 τῶν
3102 1021 3322 1091 ἡμερῶν
3347 1021 3451 1090 τῆς
3485 1028 3540 1093 μ’
3563 1025 3669 1076 τοῦ
3703 1026 3857 1092 ἁγίου

2271 1102 2538 1158 Φιλίππου
2575 1107 2983 1178 μονοσιτοῦμεν,
3025 1110 3253 1179 πίνομεν
3282 1109 3337 1162 δὲ
3378 1115 3450 1177 γ’.
3493 1111 3638 1164 Ἀπὸ
3663 1111 3722 1165 δὲ
3751 1115 3857 1166 τῶν

2271 1195 2583 1249 ἀποστόλων
2609 1199 2827 1268 μνήμης
2861 1199 2967 1262 ’ἐως
2993 1199 3086 1252 τοῦ
3118 1200 3275 1266 ἁγίου
3299 1200 3599 1268 ⁶ιιιλίπττου,
3617 1205 3857 1271 τετράδα

2271 1288 2366 1338 καὶ⁵
2395 1289 2750 1361 παρασκευὴν
2778 1291 2823 1344 θ’
2851 1290 3134 1362 ποιοῦμεν·
3153 1291 3248 1345 ἐάν
3270 1292 3325 1346 δέ
3341 1293 3543 1347 ἔπεσεν
3571 1295 3636 1347 ἐν
3668 1296 3855 1359 αὑταῖς

2274 1377 2466 1446 μνήμη
2522 1377 2704 1443 ἁγίου,
2741 1379 2939 1449 σχολὴν
2971 1381 3101 1450 ἡμῖν
3134 1381 3438 1450 ἐμποιοῦσα
3470 1383 3586 1436 τῶν
3609 1401 3674 1435 τε
3699 1383 3857 1453 ὡρῶν

2271 1467 2366 1519 καὶ
2399 1470 2729 1537 μετανοιῶν,
2772 1471 2867 1523 καὶ
2898 1471 3063 1543 τυρὸν
3089 1472 3182 1525 καὶ
3207 1474 3312 1527 ὠὸν
3341 1474 3439 1528 καὶ
3471 1475 3664 1544 ἰχθὺν,
3699 1476 3857 1546 ειπερ

2269 1559 2531 1628 χορηγοίη
2585 1562 2715 1631 ἡμῖν
2757 1563 2785 1614 ὁ
2829 1562 2993 1630 Θεὸς,
3041 1563 3326 1636 ἐσθίομεν’
3367 1567 3537 1638 κιρνά
3578 1567 3646 1621 δὲ
3704 1566 3755 1637 γ’
3799 1570 3859 1623 τὲ

2269 1650 2516 1722 ἄριστον,
2550 1654 2644 1707 καὶ
2675 1653 2773 1724 ὀψὲ
2801 1654 2868 1725 β’.

2607 1942 2744 2010 Περὶ
2785 1941 2896 2011 τῆς
2924 1943 3096 2010 ἁγίας
3122 1943 3393 2013 μεγάλης
3416 1944 3516 1997 M'.

2339 2034 2403 2088 it".
2455 2035 2543 2087 'Ev
2593 2034 2650 2088 δέ
2699 2037 2765 2108 τῇ
2819 2035 2954 2103 ἁγίᾳ
3002 2035 3094 2089 καὶ
3142 2035 3353 2105 μεγάλῃ
3413 2035 3855 2106 Τεσσαρακοσ-τῇ

2272 2126 2680 2199 μονοσιτοῦμεν,
2712 2127 2849 2197 πλὴν
2883 2127 3158 2181 Σα66ἀτου
3189 2128 3282 2180 καὶ
3311 2126 3607 2196 Κυριακῆς
3629 2145 3644 2159 ·
3681 2129 3858 2181 ἐσθίο-

2271 2238 2370 2291 μεν
2397 2221 2453 2292 δξ
2483 2224 2547 2291 τῇ
2573 2221 2770 2291 πρώτῃ
2792 2221 2887 2274 καὶ
2913 2224 2978 2292 τῇ
3011 2221 3151 2293 μέσῃ
3177 2222 3432 2292 ἐϐδομάδι
3465 2221 3854 2291 μονοτρόπως,

2268 2314 2436 2383 ἤγουν
2468 2311 2616 2380 φάϐα
2648 2311 2884 2376 ἐξεστὺν,
2912 2313 3007 2365 καὶ
3033 2313 3266 2384 ἀλμαίαν
3299 2314 3472 2382 χωρὶς
3511 2311 3727 2377 ἐλαίου,
3764 2315 3857 2364 καὶ

2272 2405 2492 2475 ἰσχάδας
2548 2389 2655 2461 ἀνὰ
2691 2412 2752 2470 ε’,
2807 2406 2901 2458 καὶ
2933 2406 2982 2457 εί
3027 2406 3180 2476 τύχοι
3213 2405 3493 2468 κάστανα,
3549 2404 3654 2456 καὶ
3699 2406 3856 2457 ἀπίε-

2271 2497 2401 2565 φθα,
2433 2498 2527 2549 καὶ
2554 2497 2913 2568 δαμασκηνά·
2945 2499 3011 2566 τῇ
3046 2498 3102 2550 δέ
3134 2496 3178 2566 β’
3204 2496 3482 2565 sesama,
3516 2497 3618 2548 καὶ⁹
3654 2496 3728 2564 γ’,
3765 2500 3856 2550 καὶ

2299 2583 2311 2601 ρ
2919 2584 2941 2601 ,ν
3440 2588 3458 2613 ._
3640 2588 3653 2602 .

2270 2600 2332 2648 ε,
2374 2585 2466 2636 καὶ
2495 2591 2548 2651 ς’
2596 2585 2849 2655 ἐσθίομεν
2886 2603 3090 2648 ουτως·
3151 2585 3386 2648 κόκκους
3435 2586 3725 2651 εξεστους,
3765 2589 3856 2641 καὶ

2269 2675 2506 2745 ἀλμαίαν
2535 2678 2617 2739 είς
2650 2677 2718 2731 τὰ
2768 2676 3086 2731 σκουτὲλλια
3109 2716 3122 2741 ,
3154 2677 3249 2730 καὶ
3297 2677 3594 2746 μαγειρίαν
3627 2680 3856 2748 ὄσπριον

2274 2767 2414 2835 μετά
2459 2767 2654 2840 καρίου
2684 2769 2940 2840 τριπτοῦ·
2971 2768 3191 2839 ὀπώρας
3220 2769 3276 2821 δὲ
3307 2768 3338 2838 ἦ
3371 2768 3600 2837 ἰσχάδας
3628 2772 3687 2821 ἐν
3727 2769 3859 2822 ταύο

2271 2876 2393 2923 ταις
2423 2861 2484 2913 οὺ
2515 2863 2801 2932 τρώγομεν
2820 2876 2835 2892 ο
2865 2863 3046 2914 πᾶσαν
3070 2861 3244 2930 δὲτὴν
3271 2858 3434 2926 ἁγίαν
3471 2857 3523 2928 μ’
3576 2859 3853 2930 εεκρατον

2277 2951 2528 3019 πίνομεν,
2555 2951 2722 3020 χωρὶς
2761 2949 2868 3002 τῶν
2897 2949 3270 3003 ἀσθενούντων
3298 2948 3330 3018 ἢ
3364 2948 3666 3019 γερόντων·
3699 2949 3763 2999 τὸ
3800 2948 3856 3000 δὲ

2275 3039 2541 3110 εὔκρατον
2592 3039 2908 3092 συνίσταται
2942 3037 3007 3091 ἐκ
3049 3055 3108 3102 τε
3162 3038 3439 3108 πιπέρεως
3485 3039 3585 3092 καὶ
3621 3040 3854 3106 κυμίνου

593 3150 659 3188 cz
684 3135 889 3203 pipere,
919 3134 1140 3189 cumino
1164 3171 1180 3198 ,
1229 3142 1284 3187 et
1335 3134 1490 3187 auiso
1519 3135 1717 3190 calido.
1751 3135 1927 3190 Feriis
1959 3137 2167 3190 sanctis

2278 3132 2368 3181 καὶ
2401 3129 2584 3182 ἀνίσου
2616 3129 2819 3200 θερμοῦ
2852 3129 2986 3200 (47).
3013 3129 3092 3200 Τῇ
3124 3129 3182 3182 δέ
3233 3130 3364 3199 ἁγίᾳ
3403 3130 3470 3200 β’,
3517 3131 3618 3182 καὶ
3667 3131 3854 3203 τρίτῃ,

593 3225 858 3290 secunda,
888 3225 1070 3290 tertia,
1104 3232 1320 3294 quarta,
1349 3234 1401 3278 et
1424 3225 1634 3294 quinta,
1661 3234 1714 3280 et
1746 3234 1898 3280 sexta
1922 3226 2028 3280 cihl
2056 3227 2168 3296 pri-

593 3329 700 3370 ma:
739 3315 904 3384 hujus
939 3313 1294 3369 hebdomadas
1330 3313 1675 3368 adhibentur.
1703 3313 1955 3368 Attamen
1982 3321 2169 3368 sancta

596 3407 739 3462 feria
779 3407 968 3478 quinta
1000 3421 1170 3460 unum
1205 3405 1473 3462 ferculum
1506 3405 1847 3460 comedimus
1870 3446 1885 3470 ,
1919 3405 2168 3473 legumen

594 3495 809 3551 scilicet
830 3510 956 3550 cum
983 3509 1124 3549 nuce
1157 3493 1351 3561 fracta,
1375 3504 1431 3550 et
1454 3503 1637 3550 coctas
1667 3493 1843 3558 fabas,
1859 3503 1913 3549 et
1949 3495 2170 3550 mistum

593 3585 852 3641 bibimus.
888 3585 1128 3640 Sabbato
1165 3593 1345 3641 autem
1377 3594 1567 3640 sancto
1599 3586 1732 3641 hora
1763 3585 2051 3641 undecima
2085 3587 2171 3640 in-

593 3676 722 3744 cipit
769 3675 1103 3745 lychnicum,
1135 3691 1244 3746 quo
1282 3675 1551 3739 absoluto,
1584 3691 1800 3732 caseum
1831 3677 2169 3733 comedimus

593 3778 647 3824 et
676 3768 854 3838 pisces
876 3776 931 3822 et
955 3782 1080 3834 ova,
1108 3783 1172 3823 ac
1213 3769 1452 3825 bibimus
1492 3778 1596 3823 ter.

1026 3882 1100 3936 De
1131 3883 1265 3951 festo
1289 3882 1748 3937 Annuntiatiom‘s.

665 3977 757 4031 5|.
781 3975 925 4030 llora
952 3983 1104 4030 sexta
1123 3974 1190 4029 ad
1229 3975 1357 4044 ligni
1387 3975 1602 4045 pulsum
1616 3973 1970 4030 convenimus
1991 3975 2057 4030 ad
2080 3992 2168 4032 sa-

594 4071 789 4124 cellum
823 4068 1130 4139 purissime
1161 4067 1254 4121 Dei
1301 4066 1529 4132 Matris,
1573 4076 1631 4121 et
1688 4077 1865 4136 erepto
1893 4067 2165 4138 lychnico,

596 4171 846 4233 perstant
867 4162 978 4217 illic
1017 4159 1173 4231 pauci
1217 4161 1413 4214 fratres
1446 4159 1518 4213 ob
1547 4157 1679 4213 illud
1704 4158 2114 4228 persolvendum
2148 4179 2162 4216 :

595 4252 795 4322 reliqui
831 4252 1040 4306 faciunt
1079 4250 1507 4320 processionem,
1545 4256 1601 4303 et
1637 4249 2024 4304 monasterium
2055 4251 2168 4304 cir-

599 4345 1038 4399 cumambientes
1069 4344 1321 4409 veniunt,
1359 4343 1406 4397 si
1437 4351 1524 4398 est
1567 4343 1822 4397 introitus
1849 4352 1902 4397 et
1948 4344 2168 4413 liturgia

596 4439 857 4506 perfecta.
901 4436 1058 4494 Tunc
1095 4437 1366 4492 vescimur
1395 4437 1639 4509 piscibus
1667 4447 1721 4492 et
1754 4438 1897 4504 oleo,
1930 4447 1983 4493 et
2025 4439 2168 4494 bibi-

599 4547 720 4585 mus
751 4541 853 4587 lCl'.

669 4623 760 4678 52.
798 4621 856 4677 ln
888 4623 1066 4678 media
1101 4621 1440 4677 hebdomada
1476 4632 1794 4676 sanctorum
1835 4620 2167 4690 jejuniorum

598 4725 722 4786 post
752 4730 950 4768 nonam
969 4722 1261 4782 cantatam,
1290 4713 1617 4785 proponitur
1640 4713 1916 4769 vivificum
1939 4713 2166 4782 lignum,

599 4816 656 4858 et
686 4818 878 4859 omnes
907 4803 1223 4858 adoramus.

2275 3223 2369 3274 καὶ
2409 3221 2474 3285 δ’,
2505 3220 2599 3275 καὶ
2626 3227 2689 3287 ε’,
2742 3222 2837 3275 καὶ
2865 3221 2942 3288 ς’,
2968 3221 3040 3274 τὰ
3083 3219 3350 3293 βρώματα
3375 3221 3584 3290 ταύτης
3627 3221 3855 3290 πρώτης

2274 3313 2565 3384 ὲῦδομάδος
2593 3313 2916 3368 πίπτουσιν·
2952 3316 3022 3385 τῇ
3051 3313 3109 3366 δέ
3153 3314 3285 3384 ἁγίᾳ
3327 3320 3369 3366 ε’
3415 3313 3679 3380 ἐσθίομεν
3727 3315 3855 3381 μίαν

2278 3405 2574 3476 μαγειρίαν
2609 3405 2834 3476 ὄσπριον
2869 3406 3008 3475 μἐτά
3033 3404 3240 3475 καρύου
3265 3403 3521 3474 τριπτοῦ,
3556 3405 3659 3456 καὶ
3691 3406 3857 3467 ζεστά

2275 3498 2471 3551 κουκίά
2490 3515 2505 3546 °.
2539 3499 2765 3568 πίνομεν
2805 3499 2864 3550 δὲ
2889 3497 2982 3550 καὶ⁹
3010 3496 3144 3566 πρὸς
3176 3495 3432 3567 ἐνκρασιν
3453 3511 3467 3524 ·
3503 3495 3589 3564 τῷ
3618 3496 3676 3548 δέ
3718 3499 3855 3568 ἁγίῳ

2275 3590 2539 3644 Σαϐϐάτω
2583 3590 2703 3661 ὥρᾳ
2750 3589 3008 3660 ἑνδεκάτῃ
3060 3590 3284 3658 ἄρχεται
3313 3588 3375 3640 τὸ
3419 3587 3682 3657 λυχνικόν
3709 3606 3722 3618 ·
3763 3587 3854 3642 sui

2272 3684 2406 3735 ὅπου
2440 3681 2603 3734 σώσει
2631 3683 2664 3751 ἡ
2694 3681 2975 3745 ἀπόλυσις,
3008 3681 3260 3750 ἐσθίομεν
3289 3679 3346 3732 δὲ
3382 3681 3550 3750 τυρὸν
3579 3685 3675 3735 καὶ
3701 3681 3850 3752 ἰχθῦς

2276 3773 2370 3825 καὶ
2399 3771 2482 3824 ὠά
2503 3785 2517 3800 ⁸
2539 3771 2635 3824 καὶ
2660 3770 2889 3838 πίνομεν
2919 3768 3022 3822 ἀνά
3048 3767 3120 3836 γ’.

2679 3883 2821 3952 Περὶ
2847 3883 2953 3936 τοῦ
2975 3881 3434 3952 εὐαγγελισμοῦ.

2340 3973 2439 4029 λα’.
2485 3975 2688 4027 ’Ῑστεον
2720 3973 2796 4036 ὼς
2829 3972 2947 4043 ὥρᾳ
2977 3978 3030 4037 ς’
3069 3970 3163 4024 τοῦ
3201 3957 3360 4038 ξύλου
3392 3969 3695 4042 κρούοντσς
3731 3989 3849 4025 συν-

2272 4066 2520 4136 αγόμεθα
2565 4067 2646 4130 είς
2693 4066 2786 4119 τὸν
2819 4061 2964 4118 οἷκον
3017 4066 3114 4134 τῆς
3147 4063 3531 4134 παναχράντου
3584 4064 3848 4116 Bac-.6103

2272 4159 2366 4212 καὶ
2397 4157 2704 4229 ἀρξαμένου
2759 4156 2855 4210 τοῦ
2899 4155 3186 4225 λυχνικοῦ,
3237 4155 3488 4206 ἵστανται
3525 4154 3651 4206 ἐκεῖ
3682 4154 3847 4222 ὀλίγοι

2271 4251 2491 4321 ἀδελφοὶ
2513 4248 2859 4312 ἐκτελοῦντες
2883 4249 3018 4311 αὑτό
3037 4264 3050 4276 ·
3076 4249 3124 4300 οί
3152 4247 3209 4299 δὲ
3240 4244 3417 4298 λοιποὶ
3447 4245 3746 4315 ἐπαίρουσι
3773 4246 3847 4298 λι-

2273 4344 2390 4414 τὴν,
2414 4344 2508 4396 καὶ
2528 4341 3057 4413 περικυκλεύσαντες
3088 4344 3147 4393 τὸ
3177 4339 3544 4410 μοναστήριον
3573 4339 3846 4410 ἔρχονται,

2273 4441 2322 4490 εί
2356 4437 2577 4498 εἴσοδος,
2609 4436 2702 4488 καὶ
2731 4433 3042 4500 λειτουργία
3072 4432 3254 4484 τελεία
3274 4447 3287 4460 ·
3328 4429 3593 4500 ἐσθίομεν
3630 4433 3692 4484 δέ
3731 4434 3846 4485 τότε

2197 4513 2242 4568 Ῑ)
2276 4528 2461 4601 ἰχθύας
2497 4528 2588 4579 καὶ
2615 4527 2812 4591 ἔλαιον,
2838 4526 2934 4578 καὶ
2962 4523 3190 4593 πίνομεν
3213 4521 3318 4577 ἁνά
3341 4521 3411 4591 γ’.

2339 4621 2438 4690 λβ’.
2478 4619 2600 4691 Χρὴ
2648 4616 2941 4686 γινώσκειν
2992 4617 3075 4669 ὅτι
3123 4618 3190 4687 τῇ
3228 4615 3368 4686 μέσῃ
3420 4615 3688 4684 ἐϐδομάδι
3741 4618 3844 4668 τῶν

2270 4718 2441 4785 ἁγίων
2459 4713 2742 4784 νηστειῶν,
2759 4712 3105 4786 καθεκάστην
3125 4711 3264 4781 μετὰ
3278 4709 3340 4762 τὸ
3364 4709 3647 4779 ψαλθῆναι
3664 4711 3765 4781 τὴν
3781 4710 3839 4774 θ’,

2271 4809 2585 4881 προτίθεται
2628 4806 2691 4860 τὸ
2742 4805 3004 4869 ζωοποιὸν
3057 4803 3232 4868 ξύλον,
3277 4804 3374 4855 καὶ
3424 4803 3844 4874 προσκυνοῦμεν

2219 4960 2221 4962 _
2271 4901 2473 4962 πάντες
2499 4899 2636 4969 (48).

2095 5011 2325 5068 NOTAE.

670 5103 782 5172 (46)
815 5102 1611 5174 De,quadragesima"jejunio,
1639 5103 1697 5157 S.
1724 5104 1954 5174 Philippi
1978 5104 2165 5173 appel-

603 5178 721 5237 lati,
759 5173 902 5242 quod
956 5175 1094 5227 idem
1130 5173 1229 5227 est
1277 5189 1340 5227 ac
1380 5175 1651 5241 jejunium
1694 5173 1890 5228 natalis
1931 5175 2166 5235 Domini,

600 5250 807 5316 legatur
848 5244 1172 5316 Anastasius
1213 5242 1528 5316 Siuaitaiu
1573 5244 1835 5312 opusculo
1880 5243 1956 5316 De
1999 5244 2164 5316 tribus

602 5312 1052 5383 Quadragesimis,
1108 5314 1249 5381 apud
1303 5313 1629 5383 Cotelerium
1671 5329 1832 5382 opere
1867 5315 1960 5368 cit.
1995 5323 2032 5367 t.
2075 5312 2165 5374 Ill,

599 5404 654 5456 p.
693 5380 1178 5438 “uici-edebatur
1205 5384 1350 5436 enim
1379 5380 1614 5454 Philippi
1640 5380 1872 5454 apostoli
1908 5385 2165 5437 mandato

600 5457 929 5511 institutum.

673 5526 786 5590 (47)
807 5525 972 5576 Aliter
1003 5523 1248 5590 loquitur
1277 5523 1340 5577 de
1361 5527 1523 5580 misto
1549 5523 1850 5579 monastico
1872 5523 2167 5577 Martenius

604 5599 657 5650 iu
677 5594 889 5648 Comm.
921 5594 984 5645 ad
1017 5591 1145 5661 Reg.
1168 5593 1223 5645 S.
1253 5593 1407 5661 Ben.,
1439 5613 1489 5659 ιι.
1520 5597 1644 5650 495.
1677 5596 1779 5648 Sed
1805 5595 1942 5647 idem
1972 5592 2168 5647 Marte-

604 5682 727 5722 πιυδ
759 5664 928 5734 ιιιεησέῑε
967 5667 1219 5731 congruit
1251 5681 1372 5717 cum
1401 5667 1623 5730 Graecis,
1648 5682 1701 5734 p.
1728 5664 1849 5716 657.

677 5737 788 5802 (48)
826 5733 899 5786 De
944 5734 1046 5788 hoc
1096 5736 1198 5806 ritu
1243 5735 1566 5806 Euthyutius
1600 5733 1985 5806 Ncopstrensis
2026 5733 2166 5806 apud

607 5813 764 5868 Allat.
818 5820 904 5872 op.
965 5806 1056 5859 cit.
1124 5804 1941 5864 1438.8x5tatctiamStudita:
1992 5805 2164 5858 nostri

2276 5119 2457 5159 sermo
2482 5103 2547 5156 de
2587 5102 2688 5156 hac
2725 5099 2906 5156 crucis
2934 5096 3250 5155 adoratione
3276 5096 3330 5149 in
3367 5098 3548 5151 media
3598 5099 3840 5164 Quadra-

2275 5175 2502 5241 gesima.
2537 5172 2591 5224 In
2615 5172 2836 5225 basilica
2865 5171 3028 5241 etiam
3055 5166 3352 5241 Vaticana,
3405 5167 3512 5241 hoc
3547 5169 3672 5241 ipso
3717 5180 3841 5220 tem-

2272 5236 2425 5314 pore,
2456 5258 2606 5314 crux_
2635 5242 2734 5310 piol
2764 5238 3140 5314 frequentique
3172 5237 3374 5314 popqu
3403 5236 3693 5314 adoranda
3725 5253 3837 5304 pro-

2312 5316 2512 5366 onitur.
2569 5308 2646 5364 Et
2683 5312 2900 5379 quidem
2954 5310 3020 5361 de
3069 5308 3638 5379 crucisatluratioue,
3681 5323 3833 5376 quam

2298 5383 2616 5437 couomachi
2647 5377 2810 5435 etiam
2848 5379 3223 5446 retinuerunt,
3262 5377 3477 5446 legatur
3505 5379 3562 5429 in
3610 5379 3714 5431 hoc
3748 5395 3834 5429 no-

2275 5461 2390 5508 stro
2417 5452 2688 5505 volumine
2719 5465 2946 5517 magnus
2995 5445 3339 5517 Nicephorius:
3381 5448 3507 5517 adv.
3571 5447 3834 5517 Coprony—

2274 5539 2422 5577 mum
2457 5523 2690 5575 autirrh.
2721 5515 2909 5585 ΙΙΙξ55
2932 5524 2984 5569 et
3010 5532 3159 5584 seqq.
3193 5515 3439 5585 Plurima
3472 5516 3544 5570 de
3570 5519 3675 5571 hoc
3699 5515 3828 5570 cultu

2275 5593 2612 5647 coacervavit
2643 5583 2888 5644 eruditus
2946 5583 3243 5639 monachus
3272 5583 3526 5638 Leander
3561 5586 3831 5641 Correrius

2277 5658 2346 5717 de
2386 5663 2724 5716 Sessoriauis
2744 5655 3336 5729 prmeipuishpassionis
3363 5655 3427 5707 D.
3457 5656 3689 5729 Νπιηε.
3719 5660 3828 5710 reli—

2276 5735 2419 5804 quiis
2469 5742 2605 5800 part.
2646 5732 2707 5794 Il,
2741 5726 2795 5804 ὃ,
2828 5730 2922 5804 qui
2956 5727 3180 5804 ‘utiliter.
3225 5726 3458 5804 legetur.
3518 5728 3636 5804 Sed
3675 5729 3831 5804 instar

2280 5795 2521 5860 omnium
2572 5815 2698 5858 sunt
2742 5795 2925 5856 Jacobi
2950 5795 3184 5851 Gretseri
3237 5795 3307 5849 de
3333 5812 3507 5853 cruce
3556 5800 3830 5853 volumina.
