3976 6322
165 365 309 427 1717

389 474 528 542 Περὶ
558 472 662 541 τῆς
689 473 757 526 ἐν
784 472 1110 537 διακονίαις
1134 473 1536 541 συμμετρίαις.

249 565 352 635 λγ’.
394 567 516 635 Χρὴ
545 565 837 633 γινώσκειν
865 565 945 618 ὅτι
971 566 1037 634 τῇ
1066 563 1200 634 ἁγίᾳ
1229 563 1440 634 μεγάλῃ
1470 579 1744 631 τεσσαρα-

166 661 373 728 κοστῇ,
403 658 540 728 μετὰ
572 659 631 711 τὸ
655 658 852 727 ψάλλαι
875 659 1022 726 ἡμᾶς
1051 657 1149 724 τὴν
1181 661 1228 709 α’
1252 655 1418 725 ὥραν,
1457 655 1609 724 ἡλίου
1645 655 1746 725 ’ήδη

172 750 517 820 ἀνίσχοντος,
547 749 842 819 ἀπέρχεται
872 748 1100 808 ἕκαστος
1127 749 1207 809 εἰς
1235 747 1333 815 τήν
1364 745 1527 799 αὐτοῦ
1567 745 1747 798 διακο-

167 844 330 896 νίαν’
385 843 696 914 στιχολογία
739 841 796 893 δὲ
843 841 1050 907 γίνεται
1079 839 1172 891 τοῦ
1201 838 1474 909 ψαλτῆρος
1524 838 1646 891 ὅλου
1690 838 1749 890 ὲν

170 931 395 993 αὐταῖς,
447 931 588 998 πλὴν
621 928 726 980 τῶν
777 927 1190 996 καλλιγραφῶν·
1237 927 1505 996 κάμνουσί
1547 944 1607 978 τε
1646 926 1749 988 ἕως

171 1022 282 1090 τῆς
310 1021 376 1073 θ’.
424 1019 577 1075 Μετὰ
605 1019 660 1072 δὲ
703 1019 764 1071 τὸ
789 1019 1041 1087 λυχνικὸν
1077 1017 1276 1087 ψάλλαι
1302 1019 1470 1088 ἡμᾶς,
1501 1019 1596 1070 καὶ
1640 1016 1748 1071 85¢..-

172 1112 395 1175 πνίσαι,
430 1109 617 1174 ίδιάξει
640 1110 869 1172 ἕκαστος
892 1110 966 1172 ώς
994 1109 1262 1178 βούλεται.
1305 1110 1392 1161 Ἐν
1418 1109 1473 1161 δὲ
1505 1111 1624 1171 ταῖς
1647 1108 1751 1159 λοι-

172 1208 313 1268 παῖς
343 1203 436 1259 τοῦ
476 1202 723 1258 ἐνιαυτοῦ
768 1202 1001 1274 ἡμέραις
1027 1241 1042 1266 ,
1084 1203 1173 1255 ὅτε
1225 1202 1323 1272 μὲν
1371 1202 1430 1254 οὐ
1478 1201 1750 1270 ψάλλομεν

173 1297 353 1366 ὧρας,
382 1295 568 1364 κρούει
597 1293 674 1364 τῷ
701 1292 844 1363 πρωϊ
873 1300 944 1362 γ’,
979 1295 1073 1346 καὶ
1096 1293 1393 1362 ἀπέρχεται
1418 1292 1645 1354 ἕκαστος
1671 1292 1751 1353 είς

170 1387 280 1454 τὴν
322 1384 517 1440 ἑαυτοῦ
563 1384 862 1443 διακονίαν,
898 1382 992 1435 καὶ
1026 1383 1235 1452 ἐνεργεί
1267 1382 1458 1451 μέχρις
1503 1381 1748 1451 ἀρίστου.

173 1477 342 1532 Μετὰ
368 1477 423 1528 δὲ
459 1474 660 1544 βρῶσιν
694 1472 885 1535 ἱδιάζει
931 1473 1158 1535 ἕκαστος
1199 1473 1272 1535 ώς
1321 1473 1600 1542 βούλεται,
1641 1472 1750 1524 εἴτε

179 1570 431 1640 μελετῶν
457 1569 591 1635 (49),
617 1567 728 1618 εἴτε
759 1563 1098 1634 κοιμώμενος
1126 1563 1232 1626 ἓως
1259 1563 1403 1635 ὥρας
1431 1568 1481 1634 η’
1498 1579 1512 1595 ο
1539 1565 1604 1633 τῇ
1631 1562 1686 1614 δὲ
1703 1569 1750 1632 η’

179 1658 375 1730 κρούει
420 1659 480 1710 τὸ
524 1658 679 1723 ξύλον
726 1657 796 1723 γ’,
842 1658 934 1708 καὶ
981 1655 1141 1708 πάλιν
1192 1655 1496 1725 ἀπέρχεται
1542 1655 1620 1717 εἰς
1651 1654 1752 1723 τὴν

178 1749 384 1802 ἑαυτοῦ
413 1747 685 1801 διακονίαν
711 1747 941 1806 ἕκαστος
977 1746 1080 1807 ἓως
1109 1743 1204 1796 τοῦ
1232 1744 1507 1814 λυχνικοῦ.
1530 1745 1657 1797 Ὅτε
1695 1743 1751 1795 δὲ

1356 363 1414 422 S-
1448 361 1835 424 THEODORI
1886 363 2228 425 STUDlTxE

1778 480 1821 530 Α

3281 365 3416 433 1718

2219 474 2296 527 De
2327 485 2462 528 recto
2493 477 2546 529 in
2572 475 2802 543 ofﬁcinis
2841 476 3043 530 ordine.

1924 566 2012 619 ⁸55.
2063 565 2117 618 1η
2151 577 2338 620 sancta
2383 582 2576 636 magna
2608 551 3031 636 Quadrages‘ima
3055 608 3070 631 ,
3130 580 3414 637 postquam

1854 653 2044 708 horam
2077 656 2306 724 primam
2337 658 2699 720 cantavimus,
2737 658 2851 710 sole
2890 657 3004 726 jam
3045 658 3271 722 oriente,
3297 675 3419 728 per-

1855 748 1931 812 git
1978 748 2351 818 unusquisque
2407 749 2474 802 ad
2519 749 2790 817 propriam
2848 749 3142 812 olIiciham,
3223 751 3421 805 recita—

1855 847 2054 907 turque
2079 840 2131 892 in
2167 840 2246 894 eis
2271 840 2586 909 psalterium
2614 848 2808 904 totum,
2837 850 3031 909 praeter
3058 856 3224 908 quam
3259 858 3289 894 a
3311 842 3422 895 cal-

1856 930 2135 999 ligrapbis.
2189 929 2464 984 Laborant
2519 946 2648 985 vero
2687 947 2862 999 usque
2909 932 2978 986 ad
3033 946 3253 986 nonam.
3299 931 3420 986 Jam

1855 1031 2140 1091 postquam
2193 1019 2498 1090 lychnicum
2547 1022 2909 1082 cantavimus.
2957 1033 3010 1076 et
3061 1024 3421 1086 cogitavimus,

1859 1113 2238 1182 unusquisque
2269 1113 2374 1166 sibi
2406 1123 2565 1166 vacat
2613 1127 2712 1181 pro
2753 1113 2928 1168 libito.
2973 1112 3193 1168 Caeteris
3240 1125 3423 1168 tamen

1859 1205 1987 1256 anni
2015 1203 2228 1263 diebus,
2260 1217 2387 1255 cum
2420 1201 2585 1254 horas
2620 1215 2727 1254 non
2760 1200 3028 1266 canimus,
3060 1199 3193 1254 ﬁunt
3234 1201 3424 1270 pulsus

1858 1306 2018 1346 mane
2044 1300 2173 1354 tres,
2197 1298 2251 1344 et
2268 1291 2645 1359 unusquisque
2663 1291 2835 1360 pergit
2853 1291 2919 1344 ad
2947 1306 3103 1344 suam
3129 1290 3424 1353 officinam,

1857 1391 1912 1435 et
1938 1396 2110 1450 usque
2132 1381 2199 1435 ad
2225 1382 2513 1450 prandium
2537 1391 2815 1451 operatur.
2854 1381 2989 1437 Cibo
3017 1395 3256 1451 sumpto,
3314 1384 3429 1437 sin-

1857 1473 1967 1544 guli
2000 1472 2104 1527 sibi
2148 1483 2363 1537 vacant,
2390 1484 2552 1542 prout
2580 1473 2870 1538 voluerint,
2907 1475 3019 1528 sive
3042 1473 3245 1542 aliquid
3271 1489 3427 1527 com-

1857 1575 2203 1626 mentantes.
2251 1566 2368 1621 sive
2423 1566 2798 1621 dormientens
2843 1582 3016 1636 usque
3061 1567 3126 1621 ad
3177 1577 3424 1620 octavam

1857 1657 2046 1712 horam
2080 1674 2350 1727 :namque
2373 1659 2502 1713 hora
2527 1668 2720 1714 octava
2759 1660 2972 1729 lignum
3038 1660 3289 1727 pulsatur
3321 1668 3424 1721 ter.

1857 1747 2148 1819 denuoque
2201 1750 2376 1820 pergit
2433 1751 2814 1821 unusquisque
2852 1752 2920 1804 ad
2966 1749 3232 1805 officinam
3268 1765 3424 1804 suam

177 1839 464 1908 ψάλλομεν
509 1838 678 1908 ὥρας,
731 1836 1046 1897 τελέσαντες
1091 1837 1190 1905 τὴν
1251 1835 1400 1906 ὥραν
1453 1834 1620 1904 πρωῒ,
1651 1835 1751 1886 ἁπ-

1863 1857 2031 1911 usque
2059 1842 2124 1895 ad
2159 1842 2490 1912 lychuicum.
2519 1841 2625 1898 Sed
2656 1858 2765 1912 quo
2808 1853 3044 1911 tempore
3086 1842 3248 1896 horas
3282 1842 3427 1911 psal-

183 1935 441 2001 ἐρχονται
467 1930 517 1983 οἱ
545 1927 763 1994 ἀδελφοὶ
804 1928 884 1988 είς
918 1925 1017 1989 τὰς
1061 1926 1268 1979 ἑαυτῶν
1297 1925 1571 1987 διακονίας
1594 1964 1607 1987 ,
1647 1924 1753 1982 ἕως

182 2023 343 2090 ὥρας
379 2025 430 2082 ς’
461 2019 779 2088 κάμνοντες,
808 2017 908 2072 κᾶν
936 2034 996 2070 τε
1027 2017 1174 2070 ἐστὶν
1197 2017 1260 2080 θ’,
1293 2018 1396 2070 κάν
1432 2033 1491 2068 τε
1526 2016 1629 2085 μή⁸
1660 2013 1753 2067 καὶ

185 2111 337 2181 μετὰ
358 2109 456 2180 τήν
489 2117 542 2175 ς’
570 2105 851 2180 ἡσυχάζει,
877 2108 951 2172 ὡς
975 2109 1195 2180 εἴρηται
1218 2109 1322 2174 ἓως
1355 2110 1454 2179 τῆς
1481 2114 1555 2178 η’.

263 2287 359 2340 λδ’.
389 2286 508 2357 Χρὴ
530 2283 815 2353 γινώσκειν
842 2287 924 2338 ὅτι
950 2288 1092 2340 κατὰ
1135 2289 1324 2359 καιρὸν
1347 2290 1448 2359 τῆς
1498 2308 1750 2362 παραμο-

184 2381 293 2448 νῆς
312 2377 413 2444 τῆς
440 2376 726 2445 βαϊοφόρου
751 2377 832 2438 εἰς
868 2376 928 2429 τὸ
965 2379 1143 2444 Κύριε
1190 2377 1486 2446 ἐκέκραξα
1506 2419 1520 2442 ,
1553 2381 1750 2434 ἀλλάσ-

187 2482 378 2518 σονται
412 2465 461 2515 οἱ
492 2463 640 2533 χοροί
665 2479 680 2493 ⁸
707 2464 801 2516 καὶ
828 2466 874 2516 οἱ
913 2466 1012 2534 μὲν
1040 2465 1202 2529 δεξιοὶ
1227 2468 1553 2537 ἀπέρχονται
1579 2471 1658 2531 εἰς
1685 2469 1751 2522 τὰ

183 2554 476 2626 ἀριστερὰ,
509 2555 557 2606 οἱ
590 2554 644 2606 δὲ
673 2555 948 2626 άριστεροὶ
981 2558 1058 2618 εἰς
1091 2559 1156 2609 τὰ
1186 2557 1350 2620 δεξιά.

265 2646 356 2697 λε’.
390 2647 480 2695 Δεῖ
511 2645 798 2712 γινώσκειν
819 2645 896 2696 ὅτι
918 2646 1080 2713 ἡνίκα
1097 2647 1284 2700 κλάσει
1307 2647 1531 2715 ἀδελφὸς
1558 2646 1750 2711 σκεῦος

184 2736 307 2788 εἴτε
333 2733 652 2804 ὀστράκινον
696 2735 806 2787 εἴτε
847 2736 1116 2806 σιδήρεον,
1165 2737 1243 2807 τῷ
1273 2739 1448 2808 καιρῷ
1479 2738 1582 2810 ,τοῦ
1631 2738 1754 2808 ἀρί-

187 2840 326 2877 στου
355 2823 641 2876 ἐσθιόντων
673 2822 781 2875 τῶν
835 2824 1075 2892 ἀδελφῶν
1127 2827 1455 2896 παρίσταται
1525 2826 1752 2897 πλησίον

182 2916 293 2982 τῆς
323 2914 618 2985 τραπέζης,
668 2915 969 2984 ἡγουμένου
1011 2916 1108 2986 τὴν
1152 2917 1391 2986 κεφαλὴν
1435 2917 1511 2989 τῷ
1558 2916 1752 2971 ἑαυτοῦ

182 3006 689 3076 ’περικαλύπτοντος
718 3007 1069 3078 κουκουλλίῳ,
1093 3008 1188 3060 καὶ
1216 3009 1275 3060 τὸ
1305 3010 1396 3061 ὐπ’
1419 3008 1586 3065 αὐτοῦ
1633 3027 1754 3063 συν-

183 3100 381 3168 τριϐὲν
413 3102 547 3169 μετὰ
575 3102 783 3171 χεῖρας,
821 3100 1000 3169 φέρων
1031 3102 1110 3163 εἰς
1143 3100 1402 3168 ἐπίδειξιν
1432 3100 1526 3155 τοῦ
1551 3100 1752 3154 οἰκείου

187 3192 533 3262 σφάλματος.

265 3283 372 3347 λς’.
404 3284 523 3353 Χρὴ
581 3281 871 3350 γινώσκειν
935 3283 1019 3336 ὅτι
1076 3285 1212 3352 μετὰ
1266 3284 1324 3336 τὸ
1376 3286 1753 3357 στιχολογῆσαι

183 3375 341 3444 ἡμᾶς
361 3373 421 3425 τὸ
447 3373 767 3444 ψαλτήριον,
797 3375 878 3436 είς
905 3374 1004 3443 τὴν
1027 3381 1068 3442 γ’
1085 3374 1242 3438 δόξαν
1274 3375 1366 3427 τοῦ
1396 3377 1750 3446 καθίσματος,

185 3462 378 3534 κρούει
412 3465 480 3517 τὰ
508 3471 555 3530 γ’
591 3467 618 3517 ὁ
644 3465 738 3515 ἐπὶ
763 3463 858 3516 τοῦ
883 3467 1125 3530 κανόνος,
1154 3467 1220 3518 ἵν’
1247 3467 1678 3536 ἐπισυναχθῶσιν
1704 3469 1752 3520 οἱ

184 3558 253 3608 τὺ
289 3556 586 3625 ψαλτήριον
646 3554 724 3607 ἔτι
783 3555 1162 3622 μανθάνοντες,
1216 3555 1310 3608 τοῦ
1364 3556 1558 3626 ψάλλαι
1609 3559 1754 3628 ἡμᾶς

183 3646 327 3715 ὁμοῦ
352 3645 442 3698 τὸν
469 3647 669 3698 κανόνα
691 3662 704 3676 ο
737 3645 844 3698 ἀπὸ
892 3645 1001 3715 γὰρ
1044 3646 1138 3697 τοῦ
1170 3645 1480 3716 ὲξαψάλμου
1506 3648 1754 3718 ἐξέρχον-

183 3755 304 3800 ται,
336 3737 430 3788 καὶ
462 3735 755 3805 μελετῶσιν
787 3735 891 3797 ἕως
937 3736 1059 3788 τότε
1079 3751 1092 3767 ⁶
1121 3738 1247 3806 τρία
1270 3738 1326 3789 δὲ
1357 3738 1540 3807 κρούει
1568 3739 1750 3802 πάλιν,

185 3827 288 3880 καὶ
313 3826 392 3888 είς
415 3826 542 3888 τοὺς
559 3827 736 3888 αῐνους
754 3863 769 3887 ,
810 3825 899 3877 ὅτε
922 3825 1104 3894 μέλλει
1130 3828 1432 3899 κατήχησις
1482 3828 1754 3896 ἀναγινώ-

190 3917 421 3972 σκεσθαι
437 3917 529 3969 τοῦ
551 3918 782 3986 μεγάλου
799 3917 1009 3987 Πατρὸς
1025 3917 1118 3970 καὶ
1135 3919 1443 3989 καθηγητοῦ
1457 3921 1751 3992 Θεοδώρου.

264 4008 362 4072 λζ’.
393 4007 512 4077 Χρὴ
543 4006 834 4074 γινώσκειν
865 4009 946 4060 ὅτι
974 4009 1030 4060 ὲν
1077 4012 1142 4080 τῇ
1183 4014 1472 4082 παραμονῇ
1505 4013 1613 4064 τῶν
1639 4013 1752 4082 φώ-

188 4118 322 4163 των,
353 4099 492 4172 μετὰ
515 4100 574 4151 τὺ
595 4099 862 4152 ἀπολῦσαι
907 4099 1005 4169 τήν
1036 4100 1183 4154 θείαν
1221 4102 1581 4174 λειτουργίαν,
1627 4104 1755 4175 λαμ-

190 4192 429 4260 ϐάνομεν
454 4190 552 4260 τὴν
580 4191 827 4259 εὐλογίαν
849 4208 862 4222 ·
895 4189 1012 4244 εἶτα
1047 4193 1408 4264 διακλυόμεθα
1434 4197 1529 4264 μὲν
1557 4197 1606 4248 oi
1636 4214 1751 4249 κοι·

188 4283 556 4350 νωνήσαντες,
586 4283 684 4351 τὴν
713 4281 769 4333 δὲ
800 4281 1047 4349 εὐλογίαν
1077 4283 1175 4336 οὐκ
1200 4285 1447 4354 ἐσθίομεν
1478 4286 1588 4355 (50)
1613 4302 1628 4316 ⁸
1663 4303 1753 4339 συ-

192 4372 413 4434 στείλας
438 4372 494 4424 δὲ
519 4373 547 4422 ό
593 4372 769 4440 ἱερεὺς
802 4373 870 4423 τὰ
901 4374 1089 4442 σκεύη,
1119 4375 1334 4446 ἔρχεται
1385 4379 1464 4440 είς
1507 4379 1574 4431 τὰ
1621 4379 1753 4446 ἅγια

191 4463 378 4531 Θυρέα,
414 4462 507 4514 καὶ
533 4465 762 4531 ποιήσας
791 4463 976 4531 εὐχὴν,
1010 4465 1288 4535 ἐξέρχεται
1308 4468 1446 4536 μετὰ
1463 4469 1572 4522 τῶν
1593 4470 1749 4523 ἁδελ-

190 4555 309 4621 φῶν
338 4557 415 4618 είς
458 4554 549 4607 τὸν
577 4554 841 4624 λουτῆρα,
880 4555 1094 4622 ψάλλων
1119 4557 1178 4608 τὸ
1209 4559 1307 4611 Ἐν
1346 4559 1610 4629 Ἰορδάνῃ
1642 4563 1756 4626 ,βα-

189 4647 539 4716 πτιζομένου
566 4665 703 4713 σου,
735 4649 911 4714 Κυρίε
929 4665 942 4678 ·
973 4648 1064 4700 καὶ
1100 4650 1286 4703 τούτου
1303 4651 1592 4722 λεγομένου
1605 4655 1752 4721 γίνε-

189 4757 282 4791 ται
301 4739 435 4809 πρὸς
460 4738 553 4790 τοῦ
573 4740 816 4791 διακόνου
841 4739 973 4807 εὐχὴ
999 4743 1239 4810 συναπτή
1261 4757 1274 4770 ·
1300 4738 1366 4812 ἦς
1391 4743 1748 4814 τελεσθείσης,

190 4831 422 4900 ἄρχεται
467 4831 494 4882 ό
529 4832 704 4900 ἱερεὺς
741 4831 840 4899 τῆς
871 4832 1033 4898 εὐχῆς
1067 4833 1158 4883 τοῦ
1191 4835 1461 4903 άγιασμοῦ
1482 4852 1495 4864 ·
1529 4838 1664 4906 μετὰ
1695 4837 1750 4890 δὲ

190 4923 255 4973 τὸ
285 4921 610 4991 ἁγιασθῆναι
650 4920 719 4973 τὰ
765 4920 952 4984 ὕδατα,
989 4920 1082 4973 καὶ
1124 4923 1251 4984 τοὺς
1292 4924 1550 4992 ἀδελφοὺς
1579 4927 1758 4993 ῥαντι-

195 5013 415 5080 σθῆναι,
467 5011 726 5080 ψάλλεται
770 5013 1084 5082 τροπὰριον·
1116 5015 1144 5065 ό
1191 5009 1322 5083 ἦχος
1370 5016 1460 5069 πλ.
1484 5016 1546 5081 δ’,
1582 5017 1753 5084 Φωνὴ

193 5107 414 5171 Κυρίου
437 5105 536 5157 ἐπὶ
569 5104 686 5158 τῶν
725 5105 959 5160 ὑδάτων
993 5103 1114 5172 ,βοᾷ
1153 5105 1448 5174 λέγουσα·
1509 5125 1646 5177 στιχ.
1682 5108 1750 5173 α’,

207 5193 268 5244 Ἠ
287 5190 570 5245 θάλασσα
591 5192 718 5246 ἴδεν
739 5194 840 5247 καὶ
867 5195 1111 5263 ἔφυγεν·
1140 5210 1281 5265 στιχ.
1308 5197 1372 5265 β’,
1392 5196 1453 5250 Τί
1468 5212 1566 5250 σοι
1582 5199 1754 5252 ἐστιν

1787 4517 1830 4570 D

1853 1933 2038 1996 limus,
2065 1934 2315 1988 absoluta
2345 1949 2450 1988 una
2488 1934 2644 1996 liora,
2673 1942 2904 2004 pergunt
2943 1933 3137 1987 fratres
3169 1933 3234 1987 ad
3261 1933 3430 1987 ofﬁci-

1853 2040 1952 2079 nas
1991 2040 2142 2090 suas,
2172 2039 2348 2094 usque
2396 2025 2463 2079 ad
2507 2035 2715 2080 sextam
2769 2025 3104 2089 laborantes,
3129 2025 3244 2079 sive
3284 2027 3427 2079 reci-

1851 2116 2018 2170 tanda
2044 2116 2116 2169 sit
2144 2132 2286 2169 nona
2321 2117 2436 2171 sive
2457 2131 2634 2173 secus.
2665 2116 2731 2172 Et
2754 2129 2876 2187 post
2905 2127 3112 2172 sextam
3144 2117 3302 2188 quies
3321 2125 3426 2182 est,

1851 2221 1907 2262 ut
1936 2209 2196 2270 diximus,
2235 2223 2413 2278 usque
2454 2209 2522 2264 ad
2558 2218 2829 2264 octavam.

1918 2302 2002 2354 54.
2061 2299 2117 2353 lo
2145 2299 2452 2354 Palmarum
2489 2302 2787 2371 pervigilio,
2813 2302 2879 2355 ad
2909 2301 3072 2355 verba
3102 2301 3186 2354 Ad
3212 2310 3280 2366 te,
3317 2300 3432 2354 Do-

1850 2394 2010 2457 mine,
2042 2393 2283 2454 clamavi,
2331 2402 2710 2461 permutantur
2757 2394 2932 2458 chori,
2957 2395 3027 2448 ita
3052 2401 3111 2447 ut
3136 2394 3342 2449 dexteri
3372 2393 3427 2446 in

1850 2486 2129 2539 sinistram
2167 2493 2372 2552 partem
2427 2494 2727 2549 transeant,
2755 2486 2966 2541 sinistri
3010 2496 3192 2540 autem
3221 2491 3274 2540 in
3300 2487 3430 2541 dex-

1852 2587 2045 2631 teram.

1919 2672 2009 2724 55‘.
2042 2671 2323 2741 Siquando
2369 2671 2582 2742 frangat
2620 2687 2717 2726 vas
2747 2672 2916 2726 frater
2965 2672 3084 2727 sive
3133 2672 3424 2742 ﬁgulinum

1853 2762 1970 2817 sive
2023 2763 2283 2830 ferreum,
2337 2765 2549 2834 prandii
2601 2775 2846 2834 tempore
2902 2766 3034 2819 dum
3093 2764 3294 2820 fratres
3335 2782 3427 2818 ve-

1853 2863 2100 2920 scuntur,
2134 2865 2241 2910 stat
2294 2856 2384 2911 ille
2421 2872 2591 2927 prope
2650 2873 2919 2922 mensam,
2949 2857 3147 2913 abbate
3199 2859 3423 2912 interim

1853 2948 2070 3017 caputio
2100 2956 2262 3017 caput
2285 2962 2442 3002 suum
2477 2946 2788 3001 obnubente
2814 2964 2828 3014 ;
2861 2957 2914 3002 et
2931 2963 3026 3002 vas
3055 2963 3085 3004 a
3111 2962 3170 3002 se
3194 2945 3426 3003 fractum

1854 3042 2108 3098 manibus
2131 3040 2370 3112 praefert,
2413 3046 2480 3097 ad
2515 3041 2688 3111 culpae
2711 3058 2823 3097 sua:
2848 3043 3245 3098 ostensionem.

1929 3300 2019 3353 '56.
2049 3299 2343 3369 Postquam
2375 3301 2688 3369 psalterium
2718 3302 3093 3369 recitarimus,
3114 3303 3181 3357 ad
3216 3303 3428 3358 tertiam

1861 3391 2204 3446 cathismatis
2224 3393 2470 3462 gloriam,
2505 3402 2587 3448 ter
2607 3395 2787 3462 pulsat
2815 3395 2862 3450 is
2882 3396 3182 3465 quicanoni
3212 3407 3427 3467 praeest,

1863 3491 1922 3534 ut
1955 3483 2284 3537 conveniant
2333 3484 2368 3537 ii
2418 3485 2509 3551 qui
2542 3487 2721 3540 adhuc
2777 3491 3100 3557 psalterium
3153 3493 3427 3558 ediscunt,

1864 3582 1922 3626 ut
1973 3575 2316 3643 conjunctim
2374 3591 2634 3631 canonem
2688 3590 2994 3637 cantemus.
3058 3582 3306 3653 Namque
3357 3585 3429 3638 ab

1864 3667 2212 3735 hexapsalmo
2237 3668 2495 3738 deinceps
2529 3682 2750 3735 exeunt,
2801 3682 2857 3726 et
2887 3689 3062 3744 usque
3103 3676 3168 3728 ad
3216 3677 3266 3728 id
3294 3685 3428 3730 tem-

1862 3775 1962 3826 pus
1990 3761 2250 3827 przedicto
2282 3761 2464 3815 studio
2500 3777 2722 3832 operam
2754 3763 2907 3818 dant.
2937 3764 3060 3819 Mox
3094 3781 3287 3821 rursus
3313 3775 3428 3820 tres

1864 3847 2217 3913 pulsationes,
2249 3858 2305 3902 et
2330 3849 2394 3903 ad
2425 3850 2614 3904 laudes
2649 3852 2894 3921 pergitur
2933 3854 3154 3922 quando
3203 3854 3427 3924 legenda

1860 3945 1943 3990 est
1968 3936 2269 3991 catechesis
2299 3940 2480 4007 magni
2519 3940 2700 3996 Patris
2725 3950 2780 3996 et
2805 3943 3018 3997 abbatis
3047 3943 3341 4000 Theodori.

1930 4024 2021 4078 57.
2054 4024 2114 4078 ln
2151 4025 2418 4080 luminum
2451 4029 2755 4096 pervigilio,
2797 4040 2916 4098 post
2951 4033 3222 4099 expletam
3283 4032 3426 4086 divi-

1862 4132 1988 4172 nam
2018 4118 2321 4188 liturgiam,
2358 4120 2798 4176 benedictionem
2844 4123 3145 4193 accipimus
3182 4142 3194 4176 :
3228 4124 3427 4181 deinde

1862 4223 1924 4260 os
1953 4208 2170 4277 quidem
2208 4210 2502 4264 colluimus
2539 4212 2632 4280 qui
2681 4213 3232 4281 communicavimus,
3274 4217 3429 4272 eulo-

1861 4299 2002 4365 giam
2036 4310 2217 4353 tamen
2247 4315 2354 4354 non
2401 4304 2762 4360 comedimus.
2797 4304 2933 4359 Tum
2985 4308 3243 4364 sacerdos
3271 4325 3425 4364 com-

1860 4389 2052 4457 positis
2085 4391 2254 4457 vasis,
2301 4391 2367 4446 ad
2400 4405 2619 4448 sanctas
2668 4397 2886 4464 januas,
2934 4399 3190 4470 dictaque
3238 4420 3425 4473 prece,

1859 4482 2139 4549 egreditur
2199 4498 2323 4538 cum
2379 4484 2641 4542 fratribus
2675 4489 2742 4542 ad
2786 4490 3162 4560 baptisterium
3196 4508 3427 4552 cantans

1863 4572 2030 4627 illud:
2074 4573 2204 4628 Cum
2244 4577 2298 4628 in
2329 4575 2566 4632 Iordane
2589 4579 2961 4650 baptizareris,
3008 4585 3266 4655 Domine;
3317 4605 3427 4659 quo

1861 4665 2027 4724 dicto.
2054 4669 2440 4735 pronuntiatur
2465 4686 2494 4723 a
2527 4671 2760 4727 diacono
2790 4675 2965 4730 oratio
3004 4679 3228 4734 collecta
3263 4698 3276 4734 ι
3316 4699 3426 4751 qua

1863 4753 2033 4819 ﬁnita,
2063 4756 2251 4826 incipit
2275 4759 2531 4813 sacerdos
2551 4777 2764 4830 precem
2791 4766 3259 4825 sanctiﬁcationis.
3297 4769 3429 4828 Post

1858 4861 2028 4915 aquas
2067 4852 2457 4915 sanctilicatas,
2491 4863 2546 4907 et
2593 4867 2718 4922 post
2761 4871 3013 4924 aspersos
3064 4862 3267 4923 eisdem
3313 4865 3426 4920 fra-

1863 4945 1990 5001 tres,
2023 4941 2238 4993 canitur
2274 4944 2571 5012 troparium
2603 4954 2732 5001 tono
2773 4949 2998 5018 obliquo
3033 4965 3270 5020 quarto:
3321 4955 3429 5011 Vox

1864 5029 1959 5083 Dei
1991 5048 2149 5101 super
2199 5051 2365 5103 aquas
2404 5037 2602 5088 clamat
2652 5040 2850 5096 dicens.
2907 5041 3130 5098 Stichus
3180 5047 3425 5114 primus:

1861 5121 2010 5176 Mare
2039 5126 2252 5187 vidit,et
2284 5127 2436 5195 fugit.
2469 5127 2689 5186 Stichus
2710 5135 3021 5190 secundus:
3053 5134 3192 5201 Quid
3215 5140 3422 5206 esttibi,

1865 5229 2032 5280 mare,
2065 5220 2204 5285 quod
2239 5219 2424 5287 fugisti
2454 5223 2478 5276 Σ)
2510 5221 2572 5275 Ει
2603 5233 2727 5292 post
2759 5235 2842 5280 ter
2871 5239 3148 5284 cantatum
3185 5232 3289 5287 hoc
3315 5244 3429 5290 tro-

1681 5293 1910 5361 NOTAE.

194 5379 591 5436 Celeberrimos
626 5381 751 5436 item
787 5391 870 5436 est
912 5383 1090 5436 crucis
1121 5383 1300 5438 cultus
1355 5385 1407 5439 in
1440 5387 1750 5442 Graecorum

194 5465 259 5524 et
280 5449 668 5518 Orientalium,
711 5453 1085 5522 pra-cipueque
1138 5453 1520 5524 Armenorum,
1577 5458 1752 5512 eccle-

195 5537 310 5573 SIIS.

267 5589 378 5654 (49)
397 5590 660 5659 Μελετᾷν,
684 5589 948 5654 meditari,
975 5609 1070 5661 pro
1086 5593 1315 5662 simplici
1340 5596 1499 5650 etiam
1521 5596 1753 5652 lectione

195 5663 278 5710 vel
311 5662 488 5729 studio
520 5662 720 5713 dictum
758 5662 823 5712 ab
859 5664 1119 5729 antiquis,
1152 5668 1408 5720 observat
1456 5667 1753 5722 Marteuius

196 5730 249 5780 in
290 5728 499 5798 Comm.
535 5732 654 5792 cit.,
691 5747 741 5798 p.
776 5731 898 5794 “259,
933 5728 1058 5787 231.

267 5797 378 5867 (50)
411 5797 629 5854 Scilicet
657 5797 873 5867 propter
905 5801 1190 5868 jejunium.
1228 5807 1442 5877 AliOqui
1487 5825 1601 5864 mos
1639 5819 1757 5863 erat

1860 5414 1982 5484 post
2035 5407 2503 5484 commun_ionem__
2531 5412 2779 5479 gustandi
2827 5413 3028 5484 aliquid
3072 5431 3136 5470 ex
3177 5417 3421 5473 oblatis?

1859 5479 2096 5559 itemque
2150 5492 2210 5559 os
2254 5479 2529 5559 abluendi,
2577 5493 2798 5559 auctore
2841 5479 3001 5559 etiam
3065 5487 3188 5541 divo
3245 5489 3423 5559 Cl_iry-

1859 5555 2122 5625 sostotuo.
2156 5546 2393 5625 Legatur
2417 5552 2633 5625 isagoge
2685 5554 2931 5622 liturgica
2961 5557 3014 5609 in
3053 5571 3176 5625 opp.
3212 5573 3257 5610 s.
3289 5546 3423 5612 Grie-

1859 5617 1993 5694 gorii
2026 5615 2128 5669 PP.
2152 5615 2411 5694 ed.'_Ven.
2462 5615 2884 5694 t.'lX,_cap.ii'I,
2917 5628 3002 5687 18,
3044 5615 3103 5694 βξ
3127 5615 3260 5681 ’161.
3320 5629 3426 5680 Eu-

1862 5684 2354 5762 logiiiromﬂvarios
2382 5706 2514 5744 usus
2541 5692 2704 5762 tradit
2739 5684 3292 5762 'Mar’tenius'Comm,
3328 5700 3423 5753 cit.

1861 5755 1924 5806 ad
1965 5753 2093 5824 Reg.
2134 5758 2190 5811 S.
2225 5759 2352 5814 Ben.
2383 5776 2502 5830 cap.
2545 5761 2632 5818 54.
