3976 6322
146 381 278 448 1721
1327 383 1385 442 S.
1423 379 1812 441 THEODORI
1853 378 2198 442 STUDITE
3246 378 3382 444 1722

147 655 300 744 DE
379 648 1201 742 CONFESSIONE
1257 651 1404 739 ET
1485 649 1717 741 PRO
1815 650 2370 740 PECCATIS
2439 649 3372 740 SATISFACTIONE
3454 612 3458 616 ἢ

1594 840 1982 906 CANONES.

149 1154 263 1209 Τοῦ
303 1154 482 1208 ὁσίου
521 1152 740 1224 Πατρός
776 1151 946 1222 ἡμῶν
971 1152 1070 1219 καί
1098 1153 1468 1224 ὀμολογητοῦ
1496 1153 1712 1208 Θεοδώ-

1819 1154 1993 1210 Sancti
2063 1152 2240 1207 Patris
2277 1152 2443 1207 nostri
2480 1159 2526 1204 et
2548 1150 2860 1224 confessoris
2899 1149 3152 1205 Theodori
3174 1153 3382 1224 presby-

209 1242 326 1292 ρου
363 1223 769 1290 πρεσϐυτέρου
794 1226 891 1276 καί
917 1223 1252 1292 ἡγουμένου
1282 1224 1400 1278 τῶν
1423 1225 1710 1278 Στουδίου

217 1294 352 1360 περὶ
393 1294 832 1360 ἑξατορεύσεως
852 1296 948 1349 καί
973 1293 1091 1346 τῶν
1122 1295 1343 1360 ταύτης
1378 1294 1716 1351 διαλύσεων

219 1364 479 1428 κανόνες
507 1364 845 1428 ἐκτεθέντες
877 1365 1011 1431 παρ’
1030 1363 1215 1417 αὑτοῦ
1248 1364 1347 1437 (1).

573 1481 641 1528 α’.
658 1475 796 1542 Περὶ
827 1475 1288 1545 ἐξαγορεύσεως.

218 1586 380 1659 [Cod.
417 1596 531 1640 vat.
580 1587 703 1652 840,
745 1587 784 1640 f.
833 1587 956 1650 195,
1011 1586 1093 1657 b.]
1147 1586 1528 1657 Ἐξαγόρευσίς
1597 1590 1713 1642 ἐστι

141 1679 325 1745 λόγων
355 1679 450 1730 καὶ
477 1677 820 1748 ἐνθυμήσεων
843 1673 1082 1749 αἰσχρῶν
1101 1678 1356 1748 ἁνήδονος
1385 1679 1710 1750 ὑπόμνησις·

143 1769 392 1832 διάλυσις
427 1770 483 1822 δὲ
513 1772 547 1839 ἡ
583 1769 790 1823 τούτων
851 1771 1145 1840 διάκρισις,
1197 1771 1292 1823 ἐπὶ
1341 1771 1550 1841 ἀγαθὴν
1596 1771 1716 1825 ὁδὸν

143 1859 419 1928 ὸδηγοῦσα
447 1863 574 1924 τοὺς
607 1861 1077 1932 προσερχομένους
1097 1878 1109 1891 ·
1147 1861 1294 1930 Λέγε
1321 1863 1430 1933 γὰρ
1458 1863 1540 1920 σὺ
1562 1863 1716 1932 πρῶ-

145 1969 254 2014 τος
279 1951 384 2015 τὰς
412 1952 702 2019 ἁμαρτίας
717 1964 833 2004 σου
856 1952 976 2016 ,ἵνα
1009 1951 1324 2021 δικαιωθῇς
1343 1971 1358 1985 ·
1391 1955 1500 2023 Kq‘t
1530 1955 1713 2007 πάλινο

143 2037 328 2102 Εἶπα,
372 2041 780 2108 Ἐξατορεύσω
816 2041 930 2107 τὴν
975 2042 1100 2096 κατ’
1145 2043 1290 2112 ἐμοῦ
1329 2046 1717 2115 ἐτγινομένην

146 2151 275 2202 μου
303 2134 598 2202 rigantur
619 2130 699 2198 τῷ
733 2135 927 2203 Κιιοίῳ
950 2151 964 2168 ο
1005 2134 1103 2188 καὶ
1129 2134 1262 2192 ιδοὺ
1294 2137 1572 2204 ἀφειλετο
1605 2135 1716 2187 πά-

140 2242 268 2290 σας
301 2225 406 2290 τὰς
432 2225 717 2294 ἁμαρτίας
741 2243 882 2295 μου.
902 2225 1132 2280 Δύναται
1153 2227 1261 2303 γὰρ
1290 2227 1673 2298 ἐξομολόγησις
1697 2268 1714 2292 ,

141 2320 245 2370 καὶ
281 2317 390 2387 πῦρ
418 2318 635 2370 αἰώνιον
666 2316 965 2372 ἀποσϐέσαι
989 2334 1004 2348 ·
1037 2319 1132 2372 καὶ
1165 2320 1273 2391 γὰρ
1299 2319 1549 2388 λογισμοὶ
1579 2337 1713 2391 κρυ-

139 2409 431 2479 πτόμενοι,
468 2410 713 2463 τίκτουσι
741 2409 890 2481 πάθη
915 2426 930 2441 ο
955 2411 1404 2483 ὲξαγορευόμενοι
1440 2413 1519 2477 δὲ,
1549 2413 1718 2466 θεοει-

1888 1228 1984 1278 teri
2017 1236 2063 1275 et
2086 1225 2350 1293 prmpositi
2392 1221 2761 1274 monachorum
2802 1221 2980 1277 Studii
3011 1221 3381 1276 cauonesusu-

1884 1297 2124 1363 prodicta
2149 1296 2296 1351 editi.

2300 1476 2353 1530 1.
2386 1475 2462 1529 De
2492 1474 2837 1544 confessione.

1880 1588 2166 1644 Confessio
2194 1598 2280 1645 est
2299 1590 2590 1644 verborum
2613 1598 2667 1644 et
2697 1587 3090 1658 cogitationum
3125 1588 3368 1656 turpiqu

1815 1681 2003 1735 dolens
2068 1681 2378 1750 expositio:
2433 1679 2733 1736 satisfactio
2781 1687 2958 1735 autem
3028 1689 3112 1732 est
3169 1679 3378 1732 illorum

1815 1782 2164 1846 peccatorum
2198 1771 2492 1832 discussio.
2523 1787 2644 1841 qum
2684 1772 2736 1825 in
2783 1771 2981 1824 bonam
3037 1771 3181 1823 viam
3230 1785 3384 1825 acce-

1815 1865 2002 1918 dentes
2034 1864 2262 1919 reducit.
2301 1863 2396 1917 Dic
2428 1874 2482 1916 tu
2506 1865 2652 1932 prior
2682 1873 2896 1932 peccata
2923 1872 3013 1914 tua
3037 1903 3051 1924 ,
3085 1872 3141 1914 ut
3173 1863 3384 1930 justi/i-

1816 1956 1991 2017 ceris‘.
2016 1956 2331 2024 Rursusque
2365 1974 2377 2010 :
2414 1954 2716 2023 Conﬁtebor
2741 1955 2987 2008 adversus
3015 1969 3093 2006 me
3114 1963 3384 2021 peccatum

1816 2064 1986 2101 meum
2043 2047 2288 2101 Domino.
2346 2047 2414 2100 Et
2479 2063 2592 2100 ecce
2650 2046 2868 2099 abstulit
2924 2048 3102 2099 omnia
3173 2056 3384 2113 peccata

1818 2156 1931 2195 mea
1953 2142 1998 2194 ².
2026 2141 2212 2194 Potest
2231 2139 2375 2193 enim
2394 2138 2668 2192 confessio
2693 2140 2867 2209 ignem
2889 2152 3104 2206 quoque
3123 2145 3384 2190 mlernum

1815 2231 2176 2301 exstinguere.
2207 2229 2272 2283 Et
2295 2230 2511 2284 silentio
2537 2229 2754 2300 quidem
2779 2245 2979 2298 pressae
3026 2228 3385 2298 cogitationes

1816 2323 2010 2393 culpas
2038 2323 2262 2392 pariunt
2289 2339 2303 2376 :
2335 2337 2471 2392 quas
2491 2323 2535 2376 si
2565 2321 2804 2377 confessi
2842 2321 3111 2376 fuerimus
3143 2322 3382 2375 divinam

1817 2416 2278 2487 pulchritudinem
2321 2415 2678 2481 acquirimus.
2741 2414 2965 2470 Denuda
3041 2415 3198 2470 ulcus
3229 2425 3382 2468 tuum

139 2504 261 2565 δεῖς
300 2504 741 2572 ἀπεργάζονται·
784 2504 992 2574 γύμνου
1055 2505 1147 2558 σὸν
1201 2505 1443 2575 μώλωπα
1501 2505 1580 2577 τῷ
1635 2505 1712 2576 σῷ

1819 2507 2020 2561 medico
2050 2523 2062 2559 :
2101 2505 2234 2566 fare,
2266 2518 2442 2573 neque
2462 2502 2755 2558 erubescas
2781 2519 2796 2556 :
2822 2502 3017 2558 accede
3091 2517 3215 2557 cum
3280 2502 3385 2558 [ide

143 2592 326 2664 δατρῷ
350 2609 363 2622 ⁸
399 2594 539 2655 εἰπὲ,
587 2593 682 2645 καὶ
716 2595 791 2665 μὴ
838 2595 1170 2666 αἰσχυνθῇς*
1215 2594 1479 2668 πρόσελθε
1512 2597 1607 2649 σὺν
1643 2599 1710 2664 τῇ

140 2685 334 2738 πίστει
362 2685 438 2754 τῷ
472 2683 550 2754 σῷ
590 2685 901 2756 ἡγουμένῳ,
929 2687 1184 2758 ἀπονήρῳ
1214 2686 1494 2756 ἁπλότητι,
1522 2688 1614 2739 καὶ
1637 2688 1713 2750 ὡς

139 2779 211 2830 ὲκ
245 2775 382 2830 Θεοῦ
419 2777 684 2844 στόματος
725 2778 795 2832 τὰ
840 2780 970 2849 παρ’
1023 2777 1187 2832 αὐτοῦ
1237 2778 1714 2849 συμϐουλευόμενά

140 2888 233 2924 σοι
265 2869 441 2938 δέχου,
478 2871 526 2921 εἰ
557 2871 648 2921 καὶ
678 2871 892 2924 ἐναντία
927 2871 1004 2943 τῷ
1035 2871 1113 2942 σῷ
1143 2872 1332 2946 σκοπῷ
1359 2873 1429 2924 τὰ
1453 2873 1713 2942 εἰρημένα

137 2962 505 3027 τυγχάνουσιν
527 2975 541 2990 ο
575 2961 622 3012 εί
662 2961 755 3012 καὶ
803 2960 877 3031 μὴ
922 2963 1061 3014 πάνυ
1096 2965 1453 3032 πνευματικοὶ
1479 2965 1526 3015 οἱ
1551 2963 1714 3032 ἡγού-

143 3067 302 3124 μενοι
331 3049 727 3121 καθεστήκασι,
766 3051 840 3122 μὴ
877 3052 1258 3116 σκανδαλίζουο
1293 3054 1354 3105 οὐ
1385 3055 1494 3125 γὰρ
1531 3055 1714 3116 ἄδικος

138 3137 169 3195 ὁ
203 3141 362 3205 Θεὸς,
393 3143 571 3195 πίστει
601 3143 695 3200 καὶ
717 3143 923 3213 ἀκακία
946 3144 1125 3213 ψυχὰς
1149 3146 1348 3210 ἑαυτὰς
1372 3146 1716 3199 ταπεινωσά-

142 3248 270 3296 σας,
303 3235 368 3302 τῇ
392 3233 485 3284 τοῦ
520 3233 825 3303 ἡγουμένου
863 3234 1142 3307 συμϐουλῇ
1173 3237 1265 3289 καὶ
1287 3237 1466 3306 κρίσει
1497 3239 1716 3308 ἀπατη-

141 3326 332 3396 θῆναι,
367 3326 473 3379 κᾶν
497 3326 680 3396 ἄλογοι
703 3328 750 3380 oi
776 3327 1148 3397 ἀπατηθέντες
1172 3331 1533 3400 τυγχάνωσιν.

468 3441 532 3510 β’.
574 3442 712 3510 Περὶ
731 3442 1125 3511 μνησικάκων
1155 3426 1395 3509 ἓντολή.

233 3533 294 3586 '0
332 3533 667 3603 μνησίκακος
693 3536 759 3604 τῇ
784 3532 874 3585 τοῦ
909 3533 1104 3585 Ἰακὼό
1131 3534 1352 3602 κλίματι
1377 3535 1454 3604 (2)
1480 3536 1710 3605 προσελ-

140 3623 278 3687 θὼν,
309 3627 375 3697 τῇ
427 3622 521 3676 τοῦ
580 3623 876 3698 κορυφαίου
928 3623 1135 3694 Πέτρου
1181 3622 1487 3696 ὲκπεσούσῃ
1525 3623 1712 3678 ἁλύσει

138 3718 414 3771 ἐνδέδεται
437 3722 452 3735 ⁸
478 3716 573 3769 καὶ
603 3716 713 3787 γὰρ
744 3717 1098 3788 μνησικακία,
1128 3715 1300 3786 θυμοῦ
1330 3717 1445 3768 ἐστι
1473 3717 1712 3785 κατάλη-

141 3807 249 3873 ξις,
280 3807 632 3878 δικαιοσύνης
659 3809 834 3878 μῖσος.
874 3807 1036 3859 Κατὰ
1053 3807 1151 3876 μὲν
1173 3808 1298 3870 τοὺς
1325 3807 1435 3860 τῶν
1461 3800 1710 3878 μεγάλων
1736 3827 1780 3885 c

139 3897 411 3966 ἰΙατὲρων
448 3897 702 3960 κανόνας,
749 3899 806 3949 ὲν
848 3896 1025 3966 τρισὶν
1051 3897 1198 3949 ἔτεσι
1225 3896 1332 3950 τῶν
1356 3898 1711 3968 ἀγιασμάτων

141 3988 435 4058 ἀπεχέσθω
455 4005 468 4018 ·
504 3992 650 4042 κατὰ
675 3989 732 4042 δὲ
760 3988 886 4051 τοὺς
911 3991 1177 4059 μοναχοὺς
1203 3990 1446 4042 ἐνιαυτὸν
1477 3990 1713 4059 ξηροφα-

139 4081 314 4148 γείτω
354 4082 412 4133 ὲν
465 4082 531 4150 τῇ
586 4079 705 4150 ὥρα
737 4078 837 4145 τῆς
881 4077 991 4130 τῶν
1044 4077 1287 4148 ἀδελφῶν
1337 4079 1709 4155 καταλύσεως,

139 4171 316 4230 ποιῶν
346 4171 633 4241 μετανοίας
673 4169 791 4227 καθ’
824 4168 1038 4239 ἡμέραν
1065 4174 1136 4238 μ’.

588 4289 658 4349 γ’.
699 4281 839 4349 Περὶ
875 4279 1260 4345 κατωαλιᾶς.

215 4367 385 4442 Οἶμαι
407 4373 474 4424 ἐκ
529 4371 717 4440 μίσους
750 4371 841 4422 καὶ
874 4369 1237 4439 μνησικακίας
1256 4368 1355 4438 τὴν
1381 4367 1708 4424 καταλαλιὰν

136 4464 424 4520 τίκτεσθαι
453 4482 468 4495 ο
493 4466 586 4516 καὶ
612 4462 718 4535 γὰρ
767 4462 1067 4515 καταλαλιὰ
1118 4463 1264 4514 ἐστιν
1293 4460 1590 4530 ἀποκῠημα
1621 4461 1710 4528 μί-

139 4573 294 4619 σους,
343 4557 532 4627 βδέλλα
579 4557 819 4626 ἀγάπης,
875 4554 1270 4620 ἐξαφανίξουσα
1320 4555 1415 4608 καὶ
1477 4555 1711 4607 ἐκδαπα-

138 4647 292 4702 νῶσα
327 4644 465 4719 αἷμα
499 4648 711 4719 ψυχῆς·
737 4649 969 4716 λέγομεν
997 4645 1053 4698 δὲ
1088 4645 1366 4711 ὡσαύτως,
1415 4645 1562 4699 κατὰ
1612 4647 1709 4715 μὲν

221 4840 238 4873 ⁸
269 4839 364 4896 Gr.
396 4836 520 4893 lsai.
547 4854 697 4903 me,
725 4837 814 4891 ΞΟ.
876 4839 896 4868 ¹
937 4837 1083 4914 Ps_al.
1113 4852 1264 4904 xxxv,
1308 4839 1361 4893 5.

1814 2597 1881 2651 ad
1902 2597 2095 2651 ducem
2121 2605 2298 2660 tuum,
2328 2604 2525 2648 etcum
2559 2593 2909 2662 simplicitate
2955 2595 3070 2648 sine
3120 2593 3327 2646 malitia
3363 2639 3379 2663 ,

1813 2699 1866 2741 et
1897 2695 2154 2755 tanquam
2186 2699 2252 2739 ex
2279 2699 2374 2739 ore
2405 2683 2498 2738 Dei
2555 2684 2783 2738 consilia
2818 2683 2936 2751 ejus
2962 2682 3168 2750 excipe,
3189 2693 3387 2750 quam-

1811 2779 1893 2841 vis
1926 2779 2039 2832 haec
2069 2786 2163 2831 tuo
2205 2776 2482 2831 contraria
2533 2775 2814 2846 proposito
2865 2774 2994 2827 sint.
3048 2772 3115 2827 Et
3165 2772 3211 2828 si
3247 2771 3385 2825 forte

1811 2871 1956 2924 haud
1987 2871 2119 2925 satis
2147 2869 2419 2940 spiritales
2469 2869 2757 2922 videantur
2813 2866 3104 2928 ducestui,
3139 2877 3207 2917 ne
3229 2878 3386 2919 scan-

1812 2961 2064 3015 dalizeris
2101 2978 2113 3014 :
2163 2975 2270 3013 non
2307 2961 2452 3014 enim
2481 2959 2719 3026 iniustus
2775 2967 2858 3011 est
2883 2955 3044 3019 Dens,
3079 2964 3140 3008 ut
3171 2955 3386 3019 animas

1813 3067 1934 3120 qua:
1961 3066 2020 3106 se
2041 3065 2163 3104 cum
2183 3050 2286 3104 fide
2310 3060 2363 3104 et
2381 3050 2692 3105 sinceritate
2726 3048 3030 3111 humiliant,
3055 3046 3196 3100 sinat
3222 3061 3251 3098 a
3279 3046 3385 3098 du-

1813 3143 1892 3195 cis
1921 3141 2150 3195 consilio
2183 3150 2238 3194 et
2301 3141 2506 3210 judicio
2543 3140 2717 3208 decipi
2751 3157 2766 3204 ;
2818 3147 3097 3206 utcunque
3147 3135 3375 3191 hebetes

1812 3234 1976 3290 sintii
2008 3233 2208 3302 quibus
2247 3232 2396 3287 fraus
2426 3232 2746 3287 intenditur.

1883 3432 1939 3488 2.
1996 3433 2259 3488 Adversus
2292 3434 2614 3502 injuriarum
2647 3448 2900 3487 memores
2933 3432 3219 3487 decretum.

1881 3524 2209 3594 lnjuriarum
2245 3541 2452 3579 memor
2487 3526 2550 3578 ad
2598 3523 2787 3579 Jacobi
2828 3526 3028 3579 scalam
3083 3524 3372 3590 accedens,

1812 3617 2082 3687 coryphati
2122 3615 2267 3670 Petri
2327 3618 2551 3672 cadente
2611 3625 2799 3670 catena
2869 3617 3123 3686 illigatur.
3169 3599 3384 3685 Quippe

1814 3709 2135 3778 iniuriarum
2173 3709 2457 3770 memoria,
2493 3717 2576 3764 est
2605 3709 2698 3762 irae
2716 3708 3110 3769 habitaculum,
3139 3707 3378 3774 etjusti-

1813 3799 1902 3852 tia:
1934 3797 2323 3853 odium.Juxta
2376 3799 2592 3868 quidem
2647 3814 2966 3868 magnorum
3021 3800 3242 3850 Patrum
3283 3812 3380 3851 ca-

1814 3904 2007 3954 nones,
2055 3889 2220 3944 bomo
2254 3890 2529 3957 ejusmodi
2582 3890 2820 3944 triennio
2863 3904 2894 3943 a
2949 3887 3152 3944 sanctis
3219 3887 3383 3942 rebus

1813 3982 2310 4044 arceatur,\'erum
2366 3984 2509 4040 inter
2555 3984 2854 4039 monachos
2923 3996 3067 4036 anno
3136 3997 3245 4034 uno
3290 3996 3384 4035 ve-

1813 4084 2002 4128 scatur
2036 4074 2200 4129 aridis
2227 4075 2358 4129 hora
2390 4091 2497 4146 qua
2544 4075 2738 4129 fratres
2759 4074 3026 4143 jejunium
3051 4071 3290 4134 solvunt,
3326 4080 3384 4128 et

1813 4174 2110 4220 metanmas
2139 4167 2383 4234 quotidie
2428 4166 2591 4220 faciat
2618 4164 2996 4236 quadraginta.

2299 4280 2353 4334 5.
2387 4280 2462 4334 De
2507 4281 2897 4334 obtrectatione.

1884 4369 2135 4426 Arbitror
2162 4385 2227 4425 ex
2262 4371 2390 4425 odio
2414 4381 2468 4424 et
2494 4371 2817 4440 injuriarum
2867 4368 3127 4424 memoria
3162 4367 3378 4422 obtrec-

1816 4463 2071 4517 tationem
2135 4466 2300 4532 gigni.
2355 4462 2566 4518 Etenim
2615 4465 2936 4518 obtrectatio
2979 4472 3063 4517 est
3083 4462 3188 4515 odii
3223 4461 3328 4514 filia
3360 4500 3377 4525 ,

1816 4556 2101 4610 charitatis
2152 4556 2346 4610 hirudo
2377 4572 2500 4626 quae
2527 4557 2724 4611 animae
2776 4557 3096 4625 sanguinem
3155 4569 3378 4622 prorsus

1813 4649 2110 4705 consumit.
2143 4648 2405 4703 Similiter
2456 4657 2636 4704 autem
2703 4649 2956 4711 dicimus,
3003 4661 3069 4700 ex
3144 4644 3378 4699 aliorum

1635 5013 1869 5071 ΝΟΤΕ.

210 5194 288 5265 (Ι)
305 5193 381 5247 Ne
401 5192 523 5261 quis
552 5191 689 5265 forte
705 5190 915 5265 dubitet
933 5191 1000 5244 de
1021 5191 1124 5246 hoc
1140 5189 1311 5265 nostri
1332 5187 1558 5265 Studitm
1579 5201 1715 5265 opu-

141 5257 318 5324 sculo.
345 5257 592 5316 elrtestis
612 5262 818 5314 accedit
848 5261 1008 5314 etiam
1061 5260 1230 5320 codex
1272 5260 1538 5312 Arabicus
1591 5257 1708 5309 Vat.

140 5333 419 5394 HLXXIV,
470 5333 522 5385 in
548 5333 788 5398 catalogo
828 5345 856 5380 a
911 5345 997 5381 me
1047 5330 1314 5395 impresso
1342 5344 1406 5398 7p.
1443 5328 1585 5398 5l6._
1627 5327 1710 5398 his
1807 5328 1961 5394 plura
1991 5331 2155 5398 verba
2219 5329 2369 5392 facit,

150 5407 355 5460 verbis:
385 5421 402 5452 ι
427 5396 862 5456 ConstitutiOnes
893 5399 1064 5452 sancti
1104 5399 1281 5452 Patris
1321 5396 1589 5450 Theodori
1612 5397 1708 5446 ah-

141 5473 282 5526 batis
305 5471 614 5526 monasterii
641 5470 837 5527 Studii.
869 5483 964 5520 seu
1019 5469 1412 5520 monachorum
1465 5465 1706 5518 Studita-

1813 5190 1951 5243 vitiis
1994 5198 2048 5244 et
2085 5191 2148 5242 de
2170 5191 2470 5246 rirtutious.

1880 5262 1957 5326 (9.)
1989 5260 2060 5312 De
2084 5261 2522 5340 scala‘Jaeobi
2558 5264 2887 5340 benedictus
2944 5269 3071 5340 Reg.
3129 5286 3250 5340 cap.
3305 5275 3370 5337 7.

2432 5335 2660 5401 plurima
2725 5350 2910 5406 postea
2967 5335 3259 5395 Nartenius
3319 5335 3371 5398 in

1806 5399 2017 5454 Comm.
2060 5397 2203 5453 Nihil
2258 5397 2445 5456 tamen
2494 5406 2561 5458 ad
2610 5397 2754 5462 hunc
2803 5409 3072 5462 Theodori
3131 5413 3306 5465 locum
3350 5433 3363 5468 :

1802 5481 2116 5548 gitanquam
2145 5469 2471 5548 Benedictus
2529 5490 2719 5543 reapse
2767 5478 2833 5532 de
2885 5481 3186 5532 humilitate
3218 5485 3367 5548 agit,

139 5558 285 5617 rum.
312 5546 377 5596 de
405 5541 792 5617 paenitentibus
822 5539 910 5617 qui
932 5537 1277 5617 (ienpccmotis
1309 5538 1422 5617 suis
1475 5535 1703 5617 occultis
1805 5535 1924 5617 hcic
1955 5535 2134 5591 autem
2161 5541 2315 5617 haud
2340 5544 2454 5596 scio
2477 5558 2566 5617 _an
2599 5535 2850 5617 superbia
2888 5549 3161 5601 inuuatur.
3210 5535 3370 5604 νῖηρέ

141 5605 489 5671 conﬁtentur,
515 5611 686 5678 deque
715 5605 1092 5678 confessor-iis.
1119 5607 1209 5674 qui
1244 5621 1338 5659 eos
1383 5607 1448 5658 de
1480 5605 1585 5678 illis
1621 5605 1693 5678 iu-

143 5692 466 5748 terrogant.»
522 5673 615 5731 Est
643 5688 820 5730 autem
849 5673 1166 5748 hielihellus
1202 5678 1369 5728 instar
1421 5685 1500 5748 tot
1551 5673 1694 5748 Lali-

143 5745 330 5822 nprum
356 5754 447 5823 qni
494 5758 709 5805 exstant
768 5757 878 5801 tum
913 5747 1039 5801 editi
1065 5755 1174 5798 tum
1233 5746 1582 5814 rnanuseripti
1633 5745 1695 5795 de

1801 5614 2032 5730 hii:ngth
2061 5610 2244 5676 potius
2279 5613 2624 5680 proverbium
2659 5610 2955 5685 quoddam.
2998 5619 3100 5673 Sed
3135 5618 3225 5673 alii
3281 5620 3376 5691 ju-

1875 5692 1997 5730 .‘Cill.
