3976 6322
587 348 725 413 1723

1425 358 1522 418 DE
1552 357 2060 418 CONFESSIONE
2102 358 2198 417 ΕΤ
2231 358 2829 423 SATISFACTIONE.

3682 360 3835 423 1ἲὲιὸ

576 457 793 527 quidem
829 461 1144 533 praescripto
1167 463 1313 519 hunc
1363 480 1472 519 uno
1530 482 1675 522 anno
1728 466 1895 522 ﬂere:
1956 483 2147 521 mona—

2260 471 2369 532 τοὺς
2398 471 2631 541 ἐτέρους,
2662 473 2905 528 ἐνιαυτὸν
2933 473 3359 543 προσκλαυσάτω
3383 488 3396 504 ⁸
3436 473 3583 526 κατά
3606 474 3664 526 δὲ
3693 477 3835 538 τοὺς

576 551 739 604 chum
762 561 940 606 autem
976 565 1212 622 quatuor
1250 557 1528 611 mensibus
1558 558 1710 612 arido
1748 558 1871 613 cibo
1917 560 1996 613 uti
2045 558 2142 611 de-

586 641 716 695 bcrc
744 642 873 696 dum
926 644 1120 715 reliqui
1149 646 1481 713 comedunt;
1510 657 1563 701 et
1605 656 1901 704 metanteas
1960 649 2145 703 facere

578 731 822 799 quotidie
850 742 1086 789 centum.
1120 736 1255 801 Quia
1281 737 1639 793 detrahentem
1668 750 1863 793 secreto
1892 741 2134 809 proximo

577 838 695 890 suo,
724 822 861 877 hunc
887 827 1226 896 persequebar
1256 828 1298 881 ⁸.

1135 918 1189 971 4.
1219 918 1292 971 De
1318 919 1653 988 garrulitate.

648 1004 910 1060 Garrulus
938 1006 1136 1077 lingua:
1175 1009 1306 1062 vitio
1337 1008 1590 1073 infectus,
1648 1026 1742 1065 sex
1762 1026 1975 1066 menses
2018 1026 2145 1081 poe-

578 1098 799 1150 nitendu
822 1097 1071 1166 expleat:
1107 1099 1186 1153 sic
1236 1101 1379 1153 enim
1433 1116 1669 1155 canones
1698 1100 1766 1155 de
1819 1102 2134 1171 huiusmodi

579 1185 892 1243 hominibus
957 1190 1273 1246 decernunt.
1329 1191 1536 1261 Quippe
1566 1194 1858 1259 garrulitas
1929 1205 2016 1248 est
2061 1195 2145 1247 in-

582 1278 754 1331 scitia:
818 1278 1100 1344 indicium,
1156 1282 1568 1336 obtrectationis
1626 1282 1819 1350 janua,
1869 1284 2140 1338 mendacii

586 1369 860 1423 ministra.
906 1369 1016 1424 Nos
1043 1380 1153 1427 tres
1186 1372 1466 1428 mensibus
1507 1372 1653 1427 hunc
1682 1390 1713 1428 a
1761 1376 2146 1430 communione

578 1472 945 1524 removemus,
977 1462 1143 1515 aridis
1182 1463 1411 1517 omnino
1445 1474 1748 1518 vescentem
1789 1466 1923 1520 hora
1956 1474 2106 1521 sexta
2128 1506 2143 1530 ,

577 1559 631 1601 et
659 1559 956 1607 metanteas
980 1553 1221 1621 quotidie
1250 1564 1467 1608 centum
1513 1556 1906 1626 quinquaginta
1936 1556 2145 1612 facien-

583 1647 715 1691 tem.
748 1640 957 1694 Etenim
990 1643 1143 1698 valde
1200 1644 1470 1699 lubricum
1520 1648 1960 1715 periculosumve
2016 1649 2147 1718 ipsis

576 1742 797 1799 quoque
846 1733 1206 1789 aestimatione
1230 1735 1410 1805 dignis
1471 1738 1785 1794 hominibus
1836 1739 2144 1795 hocvitium

577 1826 683 1873 est.

1080 1916 1135 1972 5.
1160 1917 1245 1985 lle
1269 1919 1568 1976 mendacio.

650 2001 878 2059 Mendax
902 2007 1061 2075 quasi
1107 2008 1318 2077 lepidus
1352 2011 1517 2066 homo
1554 2012 1921 2071 existimatur.
1979 2015 2146 2086 Atqui

580 2095 923 2151 mendacium
977 2100 1257 2155 charitatis
1311 2102 1611 2159 destructio
1657 2116 1775 2174 est;
1853 2106 2151 2177 perjurium

580 2198 786 2251 autem,
819 2189 909 2243 Dei
942 2192 1175 2261 negatio.
1204 2191 1376 2248 Nemo
1407 2196 1609 2265 itaque,
1639 2199 1684 2253 si
1719 2199 1882 2253 modo
1926 2199 2145 2269 sapiat,

583 2278 701 2332 leve
727 2280 915 2333 credat
946 2296 1068 2335 esse
1123 2293 1405 2351 peccatum
1453 2287 1818 2343 mendacium.
1849 2287 1985 2343 Nam
2036 2290 2153 2357 ipse

582 2367 820 2438 Spiritus
851 2381 1073 2425 sanctus
1116 2372 1228 2441 jam
1259 2374 1431 2429 dixit:
1474 2375 1671 2430 Perdes
1706 2395 1881 2433 omnes
1949 2380 2037 2448 qui
2077 2383 2155 2433 ιο-

582 2470 819 2530 quuntur
852 2463 1181 2516 mendacium
1236 2465 1259 2495 ⁸
1283 2504 1298 2521 .
1324 2467 1516 2523 Cuncti
1542 2478 1725 2524 autem
1755 2470 2004 2525 mendaci
2055 2470 2156 2525 ho-

583 2553 716 2605 mini
754 2552 1077 2607 trimestrem
1108 2557 1480 2624 poenitentiam
1561 2560 1882 2615 decernunt.
1913 2559 2025 2617 Nos
2070 2573 2153 2616 ta-

589 2656 713 2694 men
742 2643 1102 2712 quadraginta
1151 2646 1361 2700 dierum
1418 2648 1630 2703 aridum
1674 2652 1897 2705 omnino
1955 2652 2155 2706 victum

586 2733 719 2787 hora
746 2744 896 2788 sexta
934 2736 1061 2788 huic
1100 2736 1453 2805 imperamus,
1483 2750 1537 2795 et
1554 2750 1850 2797 metanmas
1876 2744 2153 2812 quotidia-

585 2836 925 2880 nascentum
970 2829 1396 2901 quinquaginta.
1448 2830 1663 2885 Etenim
1723 2834 2018 2888 timendum
2072 2845 2158 2891 est

586 2930 697 2985 pra:
731 2918 940 2972 ceteris
967 2918 1072 2972 hoc
1092 2930 1391 2989 peccatum.

1008 3012 1062 3063 6.
1095 3010 1169 3064 De
1206 3014 1467 3067 acedioso.

658 3100 956 3157 Acadiosus
981 3102 1139 3171 quasi
1170 3103 1237 3157 de
1267 3118 1366 3159 sua
1404 3103 1580 3160 salute
1607 3102 1898 3175 desperans
1937 3116 2156 3177 reputa-
2183 3131 2225 3191 α

589 3200 698 3246 tur.
752 3191 961 3246 Etenim
1017 3194 1202 3248 acedia
1255 3204 1339 3249 est
1395 3197 1709 3251 monasticae
1747 3200 1943 3268 regulae
1969 3200 2158 3255 obser-

589 3283 778 3336 vandzc
849 3284 1074 3347 odium,
1131 3284 1528 3341 mundanarum
1586 3304 1767 3343 rerum
1851 3292 2157 3346 admiratio.

588 3372 887 3428 Acediosus
920 3372 1085 3428 Deum
1125 3386 1364 3442 accusat,
1402 3379 1557 3447 quasi
1595 3380 2077 3437 immisericordem
2098 3392 2151 3437 et

593 3460 874 3515 hominum
905 3476 1117 3516 osorem
1146 3480 1161 3529 ;
1190 3465 1255 3518 ad
1285 3466 1639 3534 psalmodiam
1697 3485 1992 3542 precesque
2047 3483 2159 3526 tor-

591 3560 699 3621 pet.
731 3550 879 3607 Vitio
931 3552 1057 3607 huic
1137 3554 1481 3611 decernimus
1535 3559 1906 3628 quadraginta
1948 3563 2155 3621 dierum

592 3643 965 3712 paenitentiam
1002 3663 1019 3713 ;
1050 3654 1104 3700 et
1144 3657 1203 3702 ut
1233 3662 1328 3716 per
1365 3656 1478 3703 tres
1517 3648 1887 3708 hebdomadas
1931 3653 2055 3705 vino
2103 3664 2157 3709 et

592 3736 714 3789 oleo
737 3737 1023 3792 acediosus
1051 3754 1157 3792 non
1187 3748 1393 3806 utatur,
1438 3740 1690 3809 quotidie.
1726 3740 1925 3797 faciens
1964 3756 2136 3800 meta-

595 3840 747 3879 noeas
785 3827 1047 3881 ducentas
1076 3830 1488 3900 quinquaginta.
1546 3830 1793 3901 Namque
1821 3834 1875 3887 in
1924 3835 2154 3905 profun-

592 3918 723 3969 dum
763 3917 959 3973 inferni
1001 3928 1177 3989 potest
1209 3921 1475 3976 deducere
1501 3924 1701 3978 acedia‘.
1720 3926 1930 3981 vitium.

1085 4010 1136 4063 7.
1172 4012 1245 4065 De
1275 4011 1477 4080 guloso.

664 4094 901 4151 Gulosus
940 4097 1135 4153 similis
1152 4110 1233 4154 est
1251 4101 1499 4169 sepulcro
1546 4106 1985 4171 putrescentibus
2028 4123 2151 4164 car-

599 4187 761 4242 nibus
785 4189 964 4257 pleno.
1015 4190 1288 4246 Gulositas
1329 4201 1414 4246 est
1446 4196 1651 4250 ventris
1697 4196 2023 4267 hypocrisis,
2058 4203 2151 4271 qui

595 4296 723 4335 cum
784 4282 855 4337 sit
892 4291 1065 4345 satur,
1110 4284 1459 4339 nihilominus
1509 4301 1568 4340 se
1607 4302 1765 4357 egere
1816 4290 2051 4360 clamat;
2098 4303 2152 4348 et

596 4384 870 4443 gravatus,
899 4375 1106 4429 esurire
1132 4376 1293 4445 cogit.
1335 4376 1608 4432 Gulositas
1633 4388 1716 4433 est
1743 4381 2019 4437 oculorum
2051 4385 2147 4439 de-

2176 1804 2223 1864 Ρ

2247 562 2532 629 μοναχοὺς,
2584 563 2919 633 τετράμηνον
2971 562 3366 633 ξηροφαγείτω,
3407 564 3504 616 ὅτε
3554 566 3608 616 οἱ
3640 564 3836 616 λοιπτιὶ

2244 651 2502 717 ἐσθίουσι,
2548 654 2832 722 μετανοίας
2886 654 3052 706 ποιῶν
3122 654 3247 706 καθ’
3302 654 3523 724 ἡμέραν
3588 656 3834 707 ἑκατόν

2244 742 2373 795 Ὀτι
2408 743 2513 796 τὸν
2545 747 2998 799 καταλαὰοῦντα
3027 746 3218 814 λάθρα
3265 746 3373 800 τοῦ
3397 748 3685 813 πλησίον
3720 749 3836 801 σὺ·

2241 834 2369 899 τοῦ,
2400 835 2618 889 τοῦτον
2641 836 2978 900 ἐξεδίωκον.

2685 929 2749 982 δ’.
2788 930 2928 997 Περὶ
2959 930 3351 998 πολυλογίας.

2323 1018 2384 1074 Ὃ
2409 1021 2721 1088 πολυλογῶν
2758 1021 2863 1074 ὑπὸ
2886 1021 3129 1092 γλώττης
3172 1022 3583 1092 σκπιξὸμενος,
3614 1022 3839 1093 ἑξαμη-

2244 1112 2415 1165 νιαῖον
2442 1111 2632 1181 χρόνον
2670 1115 2727 1163 ὲν
2760 1112 3021 1183 μετανοίᾳ
3060 1112 3380 1181 πληρούτωο
3413 1112 3599 1176 οὕτως
3631 1114 3751 1181 γάρ
3784 1114 3837 1165 οἱ

2246 1203 2471 1265 κανόνες
2499 1203 2628 1271 περὶ
2658 1203 2768 1255 τῶν
2798 1202 3054 1257 τοιούτων
3083 1203 3354 1273 ὁρίζονται
3372 1222 3388 1235 ⁸
3428 1205 3628 1275 ἐπειδὴ
3660 1205 3838 1257 πολυ-

2244 1292 2398 1360 λογία
2434 1295 2580 1347 ἐστὶν
2620 1294 2895 1362 ἀγνωσίας
2930 1298 3245 1365 τεκμήριον,
3275 1295 3621 1359 καταλαλιὸς
3661 1296 3835 1365 θύρα,

2242 1384 2472 1451 ψεύδους
2503 1386 2775 1455 ὑπουργὸς
2796 1400 2810 1414 ⁸
2837 1388 2997 1457 ἡμεῖς
3016 1386 3073 1439 δὲ
3104 1388 3366 1457 τρίμηνον
3407 1386 3654 1457 λέγομεν
3678 1389 3840 1441 ἀκοι-

2243 1471 2477 1544 νώνητον
2508 1468 2668 1537 εἶναι,
2702 1474 3113 1544 ξηροφαγοῦντα
3145 1477 3328 1547 ἄκρως
3356 1475 3479 1548 ὥρα
3529 1476 3695 1547 ἓκτῃ,
3730 1494 3835 1546 με-

2244 1563 2463 1626 τανοίας
2488 1562 2743 1616 ποιοῦντα
2787 1564 2909 1617 καθ’
2941 1566 3152 1637 ἡμέραν
3200 1572 3317 1636 ρκ¹ο
3360 1568 3674 1635 ἐπισφαλὲς
3721 1569 3839 1639 γάρ

2243 1650 2362 1705 λίαν
2386 1653 2481 1706 καὶ
2500 1650 2694 1715 ἀὐτοῖς
2721 1654 2833 1717 τοῖς
2858 1652 3074 1708 δοκοῦσι
3098 1654 3159 1707 τὸ
3190 1654 3362 1719 πάθος
3389 1654 3567 1710 ἐστίν.

2758 1921 2823 1979 ε’.
2862 1920 3001 1989 Περὶ
3025 1920 3309 1988 ψεύδους.

2333 2013 2393 2067 '0
2420 2012 2657 2083 ψεύστης
2703 2014 2780 2076 ὡς
2834 2012 3161 2081 εὐτράπελος
3210 2010 3528 2078 λογίζεταν
3574 2011 3677 2065 καὶ
3716 2010 3837 2081 γάρ

2249 2103 2440 2173 ψεῦδός
2474 2105 2620 2156 ἐστιν
2661 2104 2878 2173 ἀγάπης
2904 2102 3207 2172 ἀφανισμός
3228 2118 3245 2132 ·
3278 2102 3538 2171 ἐπιορκία
3570 2102 3653 2166 δὲ,
3680 2102 3827 2155 Θεοῦ

2251 2196 2476 2264 ἄρνησις
2497 2210 2511 2223 ’
2545 2193 2733 2262 μηδεὶς
2752 2190 2844 2247 οὖν
2864 2194 2971 2246 τῶν
3001 2190 3426 2264 εὐφρονούντων.
3462 2194 3674 2263 μικράν
3708 2211 3834 2245 τινα

2250 2284 2349 2354 τὴν
2389 2281 2483 2337 τοῦ
2528 2282 2756 2351 ψεύδους
2806 2283 3080 2352 ἁμαρτίαν
3130 2278 3270 2336 εἶναι
3295 2282 3546 2351 νομίσον
3587 2284 3689 2336 καὶ
3722 2285 3835 2351 γὰρ

2253 2374 2384 2428 αὐτὸ
2406 2375 2467 2426 τὸ
2496 2372 2650 2440 ἅγιον
2696 2371 2920 2441 Πνεῦμα
2950 2373 3310 2443 προείρηκεν·
3357 2372 3633 2438 Ἀπολεῖς
3677 2372 3836 2425 3dr-

2250 2482 2355 2530 τας
2377 2465 2518 2531 τοὺς
2536 2464 2880 2529 λαλοῦντας
2905 2465 2971 2516 τὸ
3002 2463 3247 2531 ψεῦδος.
3267 2464 3573 2533 Ὀρίζονται
3602 2465 3659 2516 δὲ
3692 2466 3834 2517 πάντ

2252 2573 2341 2619 τες
2369 2558 2450 2610 ὅτι
2484 2557 2748 2627 τρίμηνον
2792 2558 2850 2609 ὲν
2898 2554 3156 2624 μετανοίᾳ
3196 2554 3506 2607 διατελείτω
3527 2572 3542 2585 ·
3577 2557 3749 2625 ἡμεῖς
3776 2556 3834 2609 δὲ

2256 2654 2308 2718 μ’
2336 2648 2555 2718 ἡμερῶν
2592 2646 2925 2717 ξηροφαγίαν
2951 2648 3135 2715 ἄκρως
3174 2645 3292 2715 ὥρᾳ
3328 2644 3487 2715 ἕκτῃ,
3517 2647 3620 2698 καὶ
3661 2664 3834 2714 μετα-

2253 2740 2400 2801 νοίας
2423 2738 2542 2791 καθ’
2573 2739 2781 2808 ἡμέραν
2817 2736 2893 2808 ρν⁹
2917 2752 2931 2767 ⁸
2964 2738 3060 2791 καὶ
3093 2737 3202 2805 γὰρ
3226 2734 3435 2804 φοϐερὰ
3461 2736 3607 2806 ὑπὲρ
3647 2738 3835 2801 πάσας

2255 2830 2289 2899 ἡ
2324 2830 2565 2899 ἁμαρτία
2593 2827 2753 2899 αὕτη.

2707 3013 2781 3073 ς’.
2816 3009 2952 3076 Περὶ
2977 3008 3363 3076 ἀκηδιαστοῦ.

2340 3101 2398 3155 Ὀ
2426 3102 2761 3172 άκηδιαστὴς
2794 3101 2867 3161 ὡς
2890 3101 3278 3169 ἀπογινώσκων
3296 3101 3397 3170 τῆς
3429 3101 3629 3155 ἑαυτοῦ
3662 3120 3832 3172 σωτη-

2262 3195 2383 3266 ρίας
2417 3193 2720 3263 λογίζεται·
2750 3193 2844 3247 καὶ
2873 3194 2984 3265 γάρ
3008 3194 3203 3265 ἁκηδία
3231 3194 3379 3247 ἐστὶν
3406 3196 3705 3265 ἀσκήσεως
3744 3199 3831 3266 μῖο

2260 3304 2351 3349 σος
2377 3286 2469 3338 τοῦ
2527 3283 2817 3355 μοξιαχικοῦ
2868 3285 3297 3353 ἐπαγγέλματος,
3333 3284 3622 3351 κοσμικῶν
3652 3302 3830 3353 μακα-

2260 3378 2496 3449 ρίστρια,
2543 3375 2678 3430 Θεοῦ
2725 3374 3045 3445 διαϐλὴτωρ,
3077 3373 3152 3436 ὠς
3196 3373 3544 3442 ἀσπὶάγχνου
3572 3376 3670 3427 καὶ
3704 3377 3830 3442 dipt-

2258 3469 2598 3542 λανθρώπου,
2644 3468 2831 3523 ἀτονία
2875 3466 3187 3537 ψαλμῳδίας
3213 3467 3272 3518 ὲν
3311 3468 3648 3536 προσευχαῖς
3679 3466 3829 3521 ἀςθε-

2258 3560 2453 3615 νσῦσα·
2506 3560 2760 3631 ὁρίζομεν
2813 3557 2871 3610 δὲ
2932 3558 3025 3610 καὶ
3076 3555 3277 3626 ταύτην
3310 3561 3361 3625 μ’
3394 3556 3613 3625 ἡμέρας
3663 3572 3831 3625 μετα-

2256 3654 2398 3709 νοεῖν
2415 3666 2428 3677 ·
2467 3649 2763 3719 ἑϐδομάδας
2791 3650 2939 3718 τρεῖς
2967 3647 3111 3699 οῐνου
3153 3646 3225 3717 μὴ
3254 3646 3710 3724 ,μεταλαμϐάνειν
3736 3647 3830 3700 καὶ

2257 3742 2469 3798 ἐλαίου·
2523 3739 2809 3809 μετανοίας
2854 3739 3030 3789 ποιεῖν
3077 3736 3200 3789 καθ’
3227 3736 3440 3806 ἡμέραν
3470 3742 3548 3788 ml
3568 3751 3584 3765 °
3633 3737 3719 3790 ὅτι
3753 3740 3831 3800 εἰς

2261 3833 2420 3905 βυθὸν
2451 3831 2578 3903 ᾆδον
2604 3829 2829 3885 δύναται
2854 3828 3112 3898 κατάγειν
3142 3826 3203 3880 τὸ
3230 3826 3403 3890 πάθος
3431 3827 3531 3898 τῆς
3575 3828 3828 3899 ἀκηδίας.

2675 4006 2740 4070 ζ’,
2780 4005 2921 4073 Περὶ
2951 4002 3421 4073 γαστριμάργου.

2303 4101 2361 4153 'O
2377 4099 2782 4169 γαστρίμαργος
2803 4096 2944 4149 ἔοικε
2959 4097 3114 4165 τάφῳ
3130 4095 3349 4163 γέμοντι
3369 4092 3687 4160 σεσηπυιῶν
3706 4110 3834 4163 σαρ-

2251 4193 2385 4247 κῶνο
2425 4188 2867 4261 γαρστριμαργία
2896 4187 3010 4239 ἐστὶ
3047 4186 3251 4247 κοιλίας
3278 4185 3587 4253 ὑπόκρισις·
3608 4202 3832 4255 κεκορε-

2252 4287 2423 4356 σμὲνη
2441 4278 2918 4354 γὰροῦσα,ὲνδείας
2938 4279 3156 4347 ἀναϐοᾷ·
3176 4277 3267 4329 καὶ
3277 4276 3834 4345 πεφορτισμένη,πει,

2250 4380 2348 4429 νᾶν
2374 4373 2702 4443 ἀναγκάζει·
2733 4372 3143 4441 γαστριμαργία
3171 4371 3335 4433 ἐστὶν,
3363 4368 3667 4439 ὀφθαλμῶν
3694 4373 3832 4423 ἀπά-

597 4465 794 4534 ceptio.
838 4464 1191 4521 Decernimus
1214 4467 1340 4520 huic
1369 4484 1584 4537 quoque
1610 4470 1743 4524 vitio
1772 4473 1996 4542 triginta
2036 4476 2151 4530 die—

2262 4484 2328 4538 τη
2353 4483 2367 4497 ο
2403 4467 2655 4537 ὁρίζομεν
2701 4464 2757 4516 δὲ
2793 4463 2887 4515 καὶ
2933 4462 3137 4532 ταύτην
3174 4463 3231 4513 ὲν
3270 4462 3567 4531 τριάκοντα
3596 4463 3829 4533 ἡμέραις

596 4572 719 4609 rum
764 4556 1008 4623 luctum;
1040 4570 1092 4611 et
1122 4558 1283 4613 unius
1316 4559 1669 4619 hebdomadas
1692 4563 1902 4618 aridum
1951 4567 2154 4623 victum

597 4647 728 4699 lmra
772 4661 914 4699 nona
953 4662 1086 4711 ,nec
1112 4662 1216 4701 non
1263 4649 1608 4717 quotidianas
1657 4663 1960 4709 metanceas
2004 4667 2154 4712 octo-

594 4738 767 4806 ginta.
827 4737 1038 4809 Quippe
1060 4740 1323 4810 gulositas
1370 4741 1473 4796 sibi
1524 4742 1737 4799 deditos
1774 4756 1977 4802 aeterno
2046 4750 2156 4818 igni

594 4829 931 4884 transmittit.

1188 4920 1242 4976 8.
1284 4922 1362 4977 De
1390 4941 1570 4980 avaro.

672 5005 886 5064 Avarus
914 5009 1201 5064 insanabili
1229 5012 1416 5067 morbo
1449 5014 1678 5080 laborat,
1710 5016 1803 5085 qui
1839 5016 2153 5073 interiorem

594 5099 868 5151 hominem
902 5100 1104 5153 exedit.
1153 5099 1393 5156 Avaritia
1426 5108 1508 5158 est
1558 5104 1827 5160 idolorum
1877 5109 2112 5164 servitus
2138 5149 2154 5175 ,

600 5189 935 5243 inﬁdelitatis
973 5191 1101 5254 tilia,
1136 5191 1515 5249 inﬁrmitatum
1549 5207 1864 5265 przetextus,
1898 5200 2155 5255 volunta-

592 5279 675 5333 ria
719 5279 1013 5347 apostasia.
1066 5278 1208 5336 Huic
1255 5281 1381 5336 item
1433 5283 1777 5340 decernimus
1833 5290 2149 5356 quadrime-

593 5381 758 5423 strem
789 5370 1158 5437 paenitentiam
1186 5411 1201 5436 ,
1249 5374 1605 5444 quadraginta
1676 5377 1885 5431 dierum
1943 5380 2155 5435 aridum

592 5463 799 5515 victum
834 5462 965 5515 hora
1001 5478 1142 5517 nona
1165 5503 1180 5527 ,
1211 5473 1266 5517 et
1287 5467 1638 5534 quotidianas
1663 5479 1964 5524 metantnas
1995 5473 2160 5540 quin-

596 5555 887 5624 quaginta;
928 5570 1050 5610 cum
1085 5557 1156 5611 sit
1180 5557 1371 5613 vitium
1399 5561 1633 5615 animam
1664 5576 2011 5620 consumens.

668 5738 686 5768 ⁸
718 5739 870 5794 Psal.
911 5757 962 5804 c,
986 5740 1036 5794 5.
1096 5740 1269 5795 ‘Psal.
1307 5755 1358 5801 ν,
1394 5740 1443 5794 7.

2263 4559 2648 4636 προσκλαίεινο
2684 4555 2952 4626 ἑϐδομάδα
2993 4555 3120 4625 μίαν
3159 4552 3488 4624 ξηροφαγεῖν
3526 4551 3652 4625 ὥρα
3681 4556 3833 4608 ἐννά-

2262 4668 2327 4721 τῃ
2354 4668 2369 4682 ο
2401 4650 2574 4703 ποιεῖν
2607 4646 2889 4718 μετανοίας
2930 4646 3052 4699 καθ’
3083 4646 3295 4716 ἡμέραν
3329 4650 3417 4697 π’·
3451 4644 3535 4697 ὅτι
3583 4645 3666 4717 τῷ
3698 4649 3827 4699 αἰω-

2262 4743 2358 4813 νίῳ
2387 4742 2519 4812 πυρὶ
2546 4740 2903 4812 παραπέμπει
2926 4740 3052 4801 τοὺς
3081 4736 3432 4807 πειθομένους
3462 4737 3629 4808 αὐτῇ.

2711 4922 2785 4989 η’.
2819 4900 2953 4985 Περὶ
2977 4915 3367 4985 φιλαργύρου.

2342 5012 2399 5066 '0
2436 5012 2771 5083 φιλάργυρος
2824 5010 2970 5062 νοσεῖ
3010 5008 3162 5060 νόσον
3206 5006 3448 5069 ἀνίατον,
3494 5005 3826 5061 δαπανῶσαν

2255 5105 2347 5158 τὸν
2409 5103 2557 5166 ἐντὸς
2601 5101 2918 5171 ἀνθρωπονο
2967 5098 3300 5169 φιλαργυρία
3358 5098 3533 5160 ἐστὶν,
3591 5098 3821 5154 εἰδώλων

2257 5190 2911 5265 προσκύνησις,ἀπιστίας
2938 5189 3204 5261 θυγάτηρ,
3237 5186 3539 5242 ἀσθενειῶν
3557 5190 3828 5259 προφασί-

2267 5302 2425 5355 στρια
2452 5325 2468 5348 ,
2500 5275 2745 5346 ὲκόυσίος
2786 5281 3104 5353 παραϐάτης
3126 5296 3138 5309 ’
3187 5279 3443 5350 ὁρίζομεν
3476 5280 3534 5332 δὲ
3571 5280 3669 5336 καὶ
3702 5280 3828 5333 ταύ-

2264 5397 2385 5447 την,
2415 5378 2751 5447 τετράμηνον
2777 5377 2835 5450 ἐν
2860 5374 3113 5445 μετανοίᾳ
3142 5368 3302 5437 εἶναι,
3328 5374 3553 5444 ἡμέρας
3587 5379 3639 5443 μ’
3671 5373 3827 5445 ξηρο-

2267 5474 2462 5538 φαγεῖν
2487 5469 2606 5543 ὥρα
2638 5468 2705 5533 θ’,
2741 5468 3025 5539 μετανοίας
3049 5468 3221 5519 ποιεῖν
3251 5464 3375 5520 καθ’
3404 5466 3630 5540 ἡμέραν
3651 5473 3697 5521 ν’
3715 5486 3729 5501 ·
3760 5468 3827 5531 ὡς

2268 5563 2360 5619 τοῦ
2385 5560 2587 5624 πάθους
2610 5559 2920 5623 ἐκκαίοντος
2957 5556 3053 5626 τὴν
3081 5556 3277 5627 ψυχήν.
