3976 6322
190 353 340 423 1725

663 470 727 526 θ’.
760 473 896 542 Περί
921 474 1313 542 ἀναισθήτου.

281 563 344 616 ’0
373 561 702 633 ἀναίσθητος
739 564 882 619 ἔοικε
929 568 1062 637 λίθῳ
1092 569 1368 640 ὀξυγώνῳ,
1395 573 1646 643 κρούοντι
1679 576 1771 629 καὶ

191 655 278 726 μὴ
303 655 664 725 διαλυομένῳ.
710 658 1060 736 Ἀναισθὴσία
1081 662 1200 713 ἐστὶ
1242 663 1510 731 νέκρωσις
1564 666 1766 735 μελῶν,

185 747 615 817 δαιμονιώντων”
633 748 859 820 ἀδελφὴ,
893 751 1197 820 μεθυόντων
1233 755 1486 825 ὁμόνοια·
1517 757 1770 829 ὁρίζομεν

186 839 261 892 δὲ
294 839 391 891 καὶ
419 838 644 908 ταύτην,
674 840 958 911 διμηναῖον
989 843 1340 912 προσκλαίειν
1381 847 1592 917 χρόνον,
1625 849 1767 919 ἡμέ-

190 946 304 998 ρας
335 927 411 980 κε’
441 929 621 984 ἐλαίου
648 932 742 984 καὶ
771 933 930 1001 μόνου
956 937 1416 1008 μεταλαμϐάνειν,
1442 940 1549 992 τῶν
1573 941 1628 993 δὲ
1656 941 1766 994 lat-

187 1018 323 1078 πῶν
361 1022 686 1092 ἀπέχεσθαι,
719 1026 894 1076 ποιεῖν
944 1029 1232 1096 μετανοίας
1285 1029 1402 1084 καθ’
1439 1031 1653 1102 ἡμέραν
1683 1039 1764 1103 ρο·

190 1115 294 1166 καὶ
320 1114 431 1186 γάρ
457 1117 486 1168 ό
515 1115 838 1187 ἀναίσθητος
863 1117 1088 1174 δύναται
1118 1121 1300 1192 βαλεῖν
1322 1122 1414 1176 τὸν
1436 1123 1661 1193 ἀδελφὺν
1686 1124 1768 1188 είς

191 1203 499 1278 βάραθρον.

679 1299 730 1355 ι’.
765 1302 906 1369 Περὶ
935 1304 1283 1370 κενοδόξου.

281 1388 345 1442 Ὀ
379 1389 656 1456 κενόδοξος
683 1392 757 1457 ώς
785 1394 1132 1463 ὑπερήφανος
1168 1396 1582 1465 καταλογίζεται
1606 1412 1620 1428 ⁸
1671 1399 1766 1454 καὶ

189 1479 309 1548 γὰρ
335 1481 367 1547 ἡ
401 1480 674 1545 κενοδοξία
704 1484 840 1548 ἐστὶ,
871 1485 1012 1538 κατά
1039 1485 1136 1555 μὲν
1167 1486 1227 1540 τὸ
1256 1481 1394 1550 εἶδος
1425 1488 1637 1556 φύσεως
1673 1491 1762 1543 ὲν-

190 1570 436 1642 αλλαγὴ,
497 1573 590 1624 καὶ
633 1573 781 1643 ἡϐῶν
839 1574 1173 1646 διαστροφὴ,
1229 1577 1326 1639 καὶ
1383 1581 1765 1650 παρατήρησις

193 1662 487 1731 μέμψεων,
517 1665 894 1736 ὑπερηφανίας
923 1668 1167 1739 τρίϐολος
1193 1670 1442 1739 ἐργασία.
1482 1671 1764 1743 Ὀρίζομεν

187 1753 250 1805 δὲ
281 1755 380 1805 καὶ
412 1755 617 1825 ταύτην
643 1757 701 1808 ἐν
721 1757 765 1808 λ’
791 1759 1025 1828 ἡμέραις
1064 1761 1432 1829 προσκλαίειν,
1465 1763 1762 1834 ἑϐδομάδας

187 1841 292 1893 δύο
347 1844 532 1912 ἄκρως
587 1845 915 1914 ξηροφαγεῖν
968 1848 1087 1919 ῶρᾳ
1131 1849 1196 1913 θ’,
1254 1851 1542 1920 μετανοίας
1588 1854 1762 1906 ποιεῖν

189 1936 326 2019 καθῖ
353 1937 567 2006 ἡμέραν
607 1945 718 2009 ρμ’,
755 1938 830 2003 ὡς
876 1939 1128 2011 δαίμονος
1164 1942 1337 1996 αἴτιον
1362 1942 1424 1997 τὸ
1455 1943 1625 2008 πάθος
1666 1945 1762 2000 καὶ

186 2025 484 2096 πρόξενον.

603 2228 687 2283 ια’.
723 2233 859 2299 Περὶ
882 2232 1083 2288 δειλοῦ
1115 2235 1356 2305 (λείπει).

632 2321 720 2392 ιβ’.
746 2325 882 2391 Περὶ
917 2327 1325 2395 ὑπερηφάνου.

298 2415 338 2464 0
384 2413 732 2483 ὑπερήφανος
781 2416 964 2484 ὅμοιός
995 2420 1110 2470 ἐστι
1140 2419 1216 2488 τῷ
1253 2419 1485 2490 διαϐόλῳ
1513 2419 1590 2491 τῷ
1619 2420 1760 2474 κατᾶ

181 2501 331 2555 θεοῦ
369 2505 762 2574 τραχηλίσαντι
785 2522 798 2534 ·
837 2508 932 2559 καί
957 2509 1063 2579 γὰρ
1096 2509 1437 2580 ὑπερηφανία
1479 2511 1592 2564 ἐστὶ
1625 2510 1758 2564 Θεοῦ

182 2595 445 2664 ἄρνησις,
485 2598 754 2666 δαιμόνων
784 2600 1023 2672 εὕρημα,
1061 2604 1408 2668 ὲξουδένωσις
1435 2604 1755 2674 ἀνθρώπων,

181 2685 576 2752 κατακρίσεως
608 2688 812 2756 μήτηρ,
838 2689 1010 2757 θυμοῦ
1042 2692 1213 2761 πηγὴ,
1243 2694 1581 2763 ὑποκρίσεως
1610 2695 1755 2764 ῥίζα·

179 2775 450 2844 ὁρίζομεν
482 2779 576 2829 καὶ
603 2778 806 2848 ταύτην
831 2779 888 2832 ὲν
917 2780 976 2844 ἒξ
1009 2786 1138 2850 μησὶ
1167 2784 1518 2853 προσκλαίειν
1538 2788 1602 2854 τῇ
1627 2785 1758 2856 ἁγίᾳ

181 2868 490 2938 ἐκκλησίᾳ·
531 2869 830 2939 ἑϐδομάδας
860 2871 901 2925 δ’
945 2873 1272 2942 ξηροφαγεῖν
1300 2877 1483 2946 ἄκρως
1518 2876 1638 2948 ὥρᾳ
1669 2879 1756 2930 ὲν-

180 2961 326 3030 νάτῃ
354 2978 366 2990 ·
396 2960 519 3014 καθ’
553 2963 765 3036 ἡμέραν
796 2967 1081 3034 μετανοίας
1115 2973 1208 3035 ρο⁸.

641 3076 730 3146 ιγ’.
763 3078 897 3145 Περὶ
920 3079 1314 3148 βλασφήμου.

1362 367 1422 426 S.
1461 366 1847 428 THEODORI
1894 368 2234 430 STUDsz‘E

3299 361 3432 426 1726

2438 482 2494 536 9.
2538 483 2612 537 De
2645 483 2868 549 torpida.

1943 573 2574 645 Torpidus‘assimilatur
2618 575 2780 643 lapidi
2823 571 2997 627 acutis
3046 572 3259 642 angulis
3299 589 3436 640 prat-

1870 669 2004 733 dito,
2033 669 2125 739 qui
2151 669 2400 736 percutit,
2424 681 2600 737 neque
2629 678 2806 720 tamen
2839 667 2954 735 ipse
2993 665 3280 734 frangitur.
3296 666 3434 719 Tor-

1869 761 2008 832 pedo
2061 759 2408 814 mortificatio
2479 759 2862 813 membrorum
2919 766 3042 820 est,
3100 756 3430 812 furiosorum

1868 850 2224 921 germanitas,
2250 848 2526 902 ebriorum
2561 848 2878 902 concordia.
2920 847 3270 902 Decermmus
3305 846 3433 900 huic

1868 944 2030 997 etiam
2079 941 2212 996 vitio
2240 940 2553 995 bimestrem
2595 939 2814 999 ﬂetum,
2861 948 2914 991 et
2955 954 3049 1007 per
3091 938 3210 991 dies
3242 937 3431 1007 viginti

1871 1034 2036 1088 unius
2059 1031 2162 1086 olei
2193 1045 2392 1094 usum,
2424 1027 2808 1082 abstinentiam
2840 1043 2869 1081 a
2897 1028 3130 1092 caeteris,
3167 1037 3220 1081 et
3251 1028 3432 1095 quoti-

1868 1126 2061 1180 dianas
2133 1131 2432 1176 metanmas
2477 1129 2714 1174 centum.
2771 1117 2970 1188 Utique
3027 1119 3274 1188 torpidos
3321 1118 3432 1175 fra-

1867 1227 2004 1272 trem
2030 1229 2190 1270 suum
2219 1212 2271 1266 in
2305 1211 2621 1265 barathrum
2653 1210 2923 1280 conjicere
2953 1219 3142 1280 potest.

2214 1303 2300 1360 10.
2334 1302 2411 1358 De
2439 1303 2615 1356 inanis
2648 1302 2834 1372 gloria:
2862 1301 3072 1371 cupido.

1932 1398 2116 1454 Inanis
2169 1398 2353 1468 gloriae
2402 1395 2632 1465 cupidus
2683 1394 2905 1464 superbi
2953 1393 3126 1448 instar
3174 1393 3424 1448 habetur.

1863 1491 2112 1562 Namque
2140 1490 2324 1545 inanis
2372 1489 2556 1560 glorise
2603 1485 2910 1556 cupiditas,
2964 1487 3142 1556 specie
3182 1486 3423 1555 quidem,

1864 1593 2070 1638 natura:
2095 1590 2180 1636 est
2208 1581 2535 1644 immutatio,
2568 1594 2784 1634 morum
2815 1577 3116 1648 perversio,
3144 1576 3423 1645 vitupera-

1864 1677 2071 1730 tionum
2104 1673 2362 1743 captatio,
2396 1672 2665 1742 superbia:
2695 1671 2969 1726 senticosa
2994 1668 3256 1738 operatio.
3286 1667 3427 1723 Huic

1863 1780 2078 1836 quoque
2131 1764 2475 1819 decernimus
2520 1762 2741 1832 triginta
2783 1760 2994 1814 dierum
3034 1759 3250 1823 ﬂetum,
3285 1758 3426 1811 dua-

1862 1856 1965 1911 bus
2031 1854 2389 1910 hebdomadis
2459 1851 2672 1907 aridum
2733 1865 2961 1920 prorsus
3018 1849 3224 1903 victum
3288 1847 3424 1900 hora

1862 1961 2027 2012 nona,
2073 1956 2126 2000 et
2183 1956 2480 1999 metanmas
2525 1941 2872 2012 quotidianas
2917 1949 3136 1995 centum
3197 1939 3426 2009 quadra-

1860 2037 2032 2105 ginta.
2069 2033 2313 2103 Namque
2345 2035 2450 2088 hoc
2478 2033 2669 2086 vitium
2709 2047 2931 2087 causam
2971 2030 3202 2086 dminoni
3230 2043 3425 2099 suppe-

1860 2129 1997 2182 ditat
2021 2136 2075 2181 et
2107 2126 2422 2196 hospitium.

2213 2239 2298 2292 11.
2340 2239 2416 2292 De
2444 2239 2627 2294 timido
2659 2236 2820 2304 (deest
2854 2236 2906 2288 in
2938 2233 3102 2295 cod.).

2388 2330 2474 2384 12.
2539 2329 2616 2383 De
2649 2329 2892 2396 superbo.

1932 2420 2210 2490 Superbus
2243 2421 2435 2475 similis
2485 2419 2699 2474 diabolo
2727 2429 2847 2480 est,
2904 2417 2996 2486 qui
3041 2415 3151 2469 Deo
3202 2411 3420 2468 restitit.

1859 2511 1992 2566 Nam
2026 2511 2278 2579 superbia
2309 2510 2524 2578 negatio
2558 2507 2652 2563 Dei
2683 2516 2785 2568 est,
2819 2507 3124 2560 daemonum
3160 2500 3416 2566 inventio,

1861 2605 2143 2659 hominum
2186 2603 2366 2666 ruina,
2395 2600 2759 2655 damnationis
2791 2607 2987 2659 mater,
3021 2597 3115 2649 irae
3143 2594 3288 2654 fons,
3323 2593 3421 2661 hy-

1860 2696 2135 2766 pocriseos
2166 2693 2340 2746 radix.
2376 2691 2514 2745 l‘luic
2555 2691 2684 2745 item
2714 2688 3063 2743 decernimus
3102 2692 3420 2740 semestrem

1858 2787 2042 2842 ﬂetum
2074 2784 2128 2837 in
2157 2792 2344 2838 sancta
2373 2783 2625 2842 ecclesia,
2659 2790 2893 2849 quatuor
2929 2773 3281 2831 hebdomadis
3311 2771 3421 2825 ari-

1858 2881 2051 2934 dorum
2083 2877 2329 2931 strictum
2364 2891 2530 2928 usum
2577 2874 2709 2927 hora
2755 2887 2922 2935 nona,
2973 2879 3031 2924 et
3073 2869 3422 2940 quotidianae

1859 2980 2156 3025 mctanmas
2189 2966 2531 3037 septuaginta
2559 2979 2722 3032 supra
2755 2973 3004 3018 centum.

2360 3081 2447 3135 15.
2495 3079 2566 3132 De
2595 3078 2915 3146 blaspheme.

271 3168 331 3221 Ὀ
361 3140 684 3239 βλάσφημος⁷
703 3172 768 3238 τῇ
798 3140 895 3221 τοῦ
925 3140 1064 3222 Κάῖν
1095 3140 1285 3240 ⁷μερίδι
1311 3168 1750 3237 καταλογίζεταιο

1930 3172 2286 3242 Blasphemus
2345 3172 2396 3224 in
2447 3171 2600 3226 Caini
2651 3171 2899 3240 partibus
2938 3175 3240 3237 reputatur.
3294 3161 3420 3220 Dira

179 3261 404 3331 χαλεπὴ
445 3260 555 3330 γὰρ
606 3262 640 3328 ἡ
687 3261 813 3330 ρίζα
863 3261 962 3335 τῇς
1014 3262 1308 3331 σατανικῆς
1354 3261 1751 3331 ὑπερηφανίας,

180 3353 410 3422 ἀδελφοί
435 3369 448 3381 ·
473 3351 554 3403 διὸ
577 3351 873 3418 ἀναγκαῖον
902 3351 1070 3421 αὑτὴν
1097 3353 1174 3414 είς
1207 3351 1370 3420 μέσον
1398 3351 1628 3421 ἀχθῆναι
1649 3368 1664 3383 ·
1692 3353 1754 3405 οὑ

179 3445 300 3515 γὰρ
334 3444 444 3496 τῶν
483 3444 777 3512 τυχόντων,
800 3442 936 3495 ἀλλά
973 3460 1037 3511 γε
1067 3442 1244 3513 πολλῷ
1281 3444 1478 3513 μᾶλλον
1507 3443 1754 3514 χαλεπώ-

182 3551 347 3605 τερος
399 3535 428 3586 ό
481 3533 677 3603 ἐχθρὸς
733 3536 949 3586 πάντων
997 3532 1353 3586 καθίσταται’
1405 3534 1655 3606 ὁρίζομεν
1699 3534 1756 3586 δὲ

185 3623 546 3690 προσκλαὶειν
571 3622 730 3693 μέχρι
753 3621 1144 3692 κατορθώσεως
1167 3623 1260 3676 τοῦ
1283 3623 1507 3690 πάθους,
1533 3622 1757 3676 ἀκοινώο

186 3733 350 3786 νὴτον
393 3711 558 3776 εἶναι,
608 3717 937 3785 ξηροφαγεῖν
981 3714 1134 3784 ἡλίου
1166 3715 1417 3784 δυσμαῖς,
1468 3716 1757 3784 μετανοίας

187 3811 366 3860 ποιεῖν
390 3807 510 3860 καθ’
534 3806 746 3878 ἡμέραν
764 3804 829 3868 τ’,
859 3807 1050 3877 μέχρις
1069 3805 1133 3860 ἂν
1155 3808 1364 3877 ἀποστῇ
1385 3808 1479 3876 τῆς
1499 3806 1754 3876 ἀθεμίτου

189 3897 562 3968 βλασφημίας.

673 4009 752 4063 ιδ’.
780 4011 916 4078 Περὶ
945 4010 1272 4079 θυμώδους.

273 4103 333 4156 Ὀ
363 4101 622 4170 θυμώδης
656 4101 800 4152 ἔοικε
841 4101 1216 4167 δαιμονιῶντιδ
1251 4101 1420 4170 θυμὸς
1467 4103 1574 4172 γάρ
1610 4103 1756 4156 ἐστιν

186 4192 408 4262 ἑταιρία
453 4191 744 4260 δαιμόνων.
813 4191 993 4259 Ἀνὴρ
1029 4192 1321 4261 θυμώδης,
1367 4197 1478 4247 οὐκ
1533 4196 1756 4264 εὐσχή-

181 4301 317 4354 μων
343 4285 394 4314 ⁸·
423 4283 452 4334 ὁ
473 4281 641 4350 θυμὸς
674 4281 814 4335 ἔστω
850 4299 931 4334 σοι
965 4284 1105 4335 κατά
1143 4285 1305 4352 μόνου
1334 4284 1428 4337 τοῦ
1461 4285 1656 4353 ὄφεως,
1688 4288 1755 4340 δι’

185 4377 248 4432 ὃν
295 4375 598 4440 ὲξέπεσαςο
638 4375 891 4445 ὁρίζομεν
930 4375 986 4427 δὲ
1035 4373 1088 4444 μ’
1122 4376 1334 4446 ἡμέρας
1383 4378 1752 4446 προσκλαίειν,

187 4468 462 4537 ἑϐδομάδα
489 4466 654 4535 τυροῦ
689 4468 782 4520 καί
807 4467 914 4518 ώοῦ
947 4470 1038 4520 καὶ
1057 4469 1200 4522 οῖνου
1229 4470 1321 4520 καὶ
1347 4469 1524 4522 ἐλαίου
1556 4471 1755 4540 ἀπέχει

1859 3275 1943 3321 est
1963 3268 2136 3330 enim,
2161 3265 2374 3329 fratres,
2396 3264 2663 3318 Satanicze
2689 3262 2957 3331 superbia:
2997 3260 3148 3313 radix
3178 3277 3190 3312 :
3227 3271 3422 3326 quam-

1861 3362 2047 3413 obrem
2117 3374 2236 3414 eam
2292 3358 2346 3411 in
2382 3367 2630 3426 apertum
2681 3356 2987 3424 producere
3029 3366 3254 3406 necesse
3294 3357 3417 3402 est:

1861 3448 2302 3519 quandoquidem
2337 3448 2480 3501 haud
2517 3447 2754 3515 vulgaris
2786 3454 2870 3499 est
2910 3445 3085 3498 hostis
3113 3482 3129 3506 ,
3175 3440 3267 3495 sed
3302 3455 3420 3492 om-

1862 3541 2010 3594 nium
2043 3541 2396 3609 asperrimus.
2442 3539 2794 3593 Decernimus
2842 3537 3116 3589 hominem
3151 3528 3420 3600 ejusmodi

1861 3629 1916 3683 in
1963 3629 2091 3684 ﬂetu
2124 3629 2328 3683 versari
2366 3628 2543 3696 quoad
2597 3627 2687 3680 hic
2733 3627 2956 3680 morbus
2997 3633 3236 3684 sanetur,
3266 3629 3420 3678 extra

1861 3719 2302 3774 communionem
2342 3733 2486 3780 esse,
2513 3717 2682 3772 aridis
2715 3715 2856 3769 vesci
2889 3715 2990 3768 sub
3035 3713 3167 3766 solis
3198 3726 3417 3772 occasu,

1861 3823 1912 3866 et
1935 3809 2280 3879 quotidianas
2307 3807 2485 3862 facere
2515 3817 2813 3863 metanmas
2839 3813 3130 3869 trecentas,
3151 3802 3324 3856 donec
3350 3801 3421 3854 ab

1863 3902 2027 3971 impia
2060 3900 2394 3968 blasphemia
2423 3900 2663 3954 recedat.

2390 4011 2478 4064 M.
2522 4009 2597 4064 De
2630 4008 2908 4063 iracundo.

1931 4104 2230 4160 iracundus
2259 4103 2458 4157 similis
2497 4112 2580 4157 est
2621 4101 2952 4157 daemonium
2985 4098 3233 4164 habenti;
3267 4111 3423 4150 nam-

1861 4213 1969 4266 que
2012 4198 2090 4250 ira
2128 4196 2521 4248 dmumniorum
2553 4195 2818 4248 sodalitas
2848 4201 2948 4246 est.
3004 4190 3097 4244 Vir
3129 4188 3419 4242 iracundus

1864 4303 1965 4340 non
2002 4297 2076 4339 est
2105 4286 2321 4338 decorus
2348 4287 2389 4338 ³.
2442 4286 2522 4338 Ira
2572 4284 2666 4337 tibi
2713 4286 2784 4340 sit
2813 4284 3068 4338 adversus
3112 4288 3418 4350 serpentem

1865 4377 2241 4430 tantummodo
2303 4376 2462 4443 cujus
2521 4390 2688 4430 causa
2745 4373 3010 4432 cecidisti.
3072 4369 3422 4424 Decernimns

1865 4466 2221 4537 quadraginta
2265 4466 2474 4519 dierum
2520 4463 2704 4518 fletum
2731 4503 2746 4526 ,
2793 4471 2846 4517 et
2883 4478 2990 4516 una
3021 4457 3355 4517 hebdomada
3387 4473 3419 4512 a

189 4561 347 4620 σθαι,
379 4558 668 4628 μετανοίας
721 4560 893 4610 ποιεῖν
950 4558 1064 4611 καθ’
1114 4560 1324 4629 ἡμέραν
1381 4568 1464 4630 ρ”
1495 4562 1602 4615 Καὶ
1647 4566 1756 4630 τὰρ

1869 4573 2050 4620 caseo,
2083 4558 2219 4620 ovis,
2251 4556 2399 4620 vino,
2429 4554 2657 4623 oleoque
2685 4553 2960 4607 abstinere
2981 4593 2996 4615 ,
3041 4561 3092 4605 et
3122 4561 3422 4605 metanmas

179 4647 346 4716 ῥοπὴ
387 4647 494 4700 τοῦ
523 4647 713 4714 θυμοῦ
747 4647 954 4709 αὑτοῦ,
979 4647 1205 4715 πτῶσις
1233 4651 1391 4715 αὐτῷ
1409 4652 1537 4704 ἐστι
1562 4654 1582 4684 ⁸
1607 4669 1621 4683 ο
1656 4655 1755 4708 καὶ

187 4739 338 4808 ὀργὴ
369 4739 683 4793 ἀπόλλυσι
708 4737 806 4790 καί
828 4739 1173 4805 φρονίμους.

701 4850 782 4906 ιε’.
813 4851 948 4919 Περὶ
975 4852 1241 4920 ὀργίλου.

279 4957 338 5013 '0
358 4959 708 5030 ὀργιζόμενος
749 4962 932 5029 ὅμοιος
977 4957 1090 5023 τοῖς
1126 4961 1218 5014 τοῦ
1270 4962 1464 5032 Ἰωσὴφ
1507 4963 1751 5032 ἀδελφοῖς

188 5053 528 5121 καθέστηκεν
546 5051 702 5121 ’ὀργὴ
723 5053 828 5121 γάρ
853 5055 969 5104 ἐστι
993 5054 1302 5122 φρονήσεως
1332 5054 1630 5124 διαρπαγὴ,
1660 5059 1753 5110 καὶ

191 5145 580 5205 καταστάσεως
609 5143 855 5212 ἀδελφῶν
886 5145 1280 5215 ὲιιτρεποσύνη,
1311 5147 1406 5198 καὶ
1438 5147 1756 5218 ἡγριωμένη

196 5235 381 5306 μορφὴ
428 5236 700 5304 κράσεως.
761 5235 1043 5305 Ὀρίζομεν
1087 5236 1143 5289 δὲ
1187 5235 1276 5288 τὸν
1320 5237 1534 5306 ὀργίλον
1585 5239 1757 5305 μῆνας

191 5328 287 5380 δύο
315 5325 692 5396 προσκλαὶειν,
724 5332 775 5394 μ’
795 5327 1007 5396 ἡμέρας
1038 5327 1362 5395 ξηροφαγεῖν
1388 5328 1505 5397 ὥρᾳ
1533 5327 1749 5398 ὲννάτῃ,

197 5419 482 5489 μετανοίας
504 5417 678 5469 ποιεῖν
702 5414 743 5468 o’
768 5433 781 5446 '
813 5417 904 5469 τὸν
931 5416 1037 5486 γάρ
1058 5418 1408 5487 ὀργιζόμενον
1435 5420 1510 5485 τῷ
1541 5417 1752 5486 ἀδελφῷ

194 5509 358 5562 αὑτοῦ
388 5511 416 5561 ὁ
442 5507 648 5576 Κύριος
682 5507 879 5576 ἔφησεν
901 5508 1080 5576 ἔνοχον
1105 5504 1242 5561 εἶναι
1280 5511 1376 5578 τῆς
1403 5509 1674 5573 κολάσεως
1693 5510 1712 5539 ⁷
1735 5530 1747 5540 ·

193 5597 313 5653 ὅθεν
341 5601 434 5652 καὶ
467 5599 529 5652 τὸ
565 5599 766 5669 πτῶμα
802 5599 1027 5669 φοϐερόν
1058 5601 1220 5652 ἐστιν.

245 5805 263 5838 ⁸
300 5804 460 5861 Prov.
498 5817 581 5862 ιιι,
614 5801 701 5856 ‘25.
733 5820 809 5874 gr.
889 5805 907 5834 ‘
939 5799 1104 5857 Eccli.
1135 5819 1169 5867 I,
1198 5805 1257 5858 l9
1281 5821 1360 5873 gr.
1435 5803 1655 5858 ’Matth.
1687 5805 1843 5867 ν,22.

1859 4660 2072 4706 centum
2105 4647 2347 4720 quotidie
2379 4647 2576 4700 facere.
2611 4644 2818 4698 Etenim
2862 4645 3082 4708 impetus
3125 4643 3220 4696 ire
3261 4641 3376 4710 ejus
3403 4679 3420 4704 ,

1855 4743 2012 4795 ruina
2040 4741 2202 4808 ipsius
2230 4746 2328 4791 est.
2363 4737 2426 4791 Et
2449 4738 2530 4790 ira
2554 4737 2722 4805 perdit
2744 4736 2903 4789 etiam
2931 4736 3210 4803 prudentes
3233 4735 3275 4786 ⁸.

2172 4851 2256 4904 15.
2299 4848 2376 4902 De
2403 4865 2463 4902 eo
2503 4849 2592 4918 qui
2641 4848 2798 4917 facile
2830 4849 3100 4900 irascitur.

1929 4960 2030 5026 Qui
2076 4962 2330 5016 irascitur
2378 4962 2572 5016 similis
2623 4971 2708 5015 est
2745 4959 2964 5030 Josephi
3002 4960 3282 5014 fratribus.
3327 4958 3421 5013 Est

1861 5053 2007 5106 enim
2059 5054 2138 5108 ira
2184 5051 2491 5106 intellectus
2541 5051 2806 5120 direptio,
2857 5052 3134 5119 tranquilli
3188 5051 3415 5104 fratrum

1855 5154 2031 5199 status
2062 5145 2292 5206 eversio,
2316 5154 2369 5197 et
2401 5159 2556 5198 sava:
2585 5146 2828 5214 quaedam
2856 5144 3186 5213 compaginis
3217 5143 3414 5198 forma.

1856 5235 2212 5290 Decernimus
2257 5250 2433 5302 prono
2484 5235 2549 5288 ad
2593 5235 2730 5290 iram
2766 5236 3074 5290 bimestrcm
3118 5235 3324 5299 ﬂetum,
3365 5245 3418 5290 et

1861 5326 2219 5396 quadraginta
2262 5326 2455 5382 diebus
2501 5326 2657 5380 arido
2697 5327 2818 5380 cibo
2853 5329 2927 5379 uti
2973 5329 3099 5379 hora
3146 5342 3309 5388 nona,
3363 5336 3417 5378 et

1862 5427 2160 5472 metanmas
2187 5417 2362 5471 facere
2389 5419 2669 5471 ducentas.
2704 5415 2940 5485 Namque
2972 5419 3282 5469 irascentem
3302 5415 3416 5483 [ra-

1861 5511 1927 5560 tri
1977 5525 2070 5561 suo
2118 5508 2373 5562 Dominus
2426 5524 2569 5562 reum
2615 5523 2776 5576 paene
2821 5508 2987 5577 agit".
3035 5506 3213 5571 Quare
3257 5505 3412 5573 culpa

1858 5600 2214 5654 formidabilis
2241 5609 2344 5654 est.
