3976 6322
165 382 288 448 1721

167 655 308 743 DE
384 650 1201 744 CONFESSIONE
1258 653 1405 742 ET
1487 653 1718 745 PRO

1328 385 1387 444 S.
1425 382 1814 444 THEODORI
1854 382 2199 447 STUDITJ‘I

3248 385 3384 450 1722

1815 654 2371 745 PECCATIS
2439 655 3373 746 SATISFACTIONE
3455 620 3458 623 ’

1595 844 1982 910 CANONES.

165 1154 268 1208 Τοῦ
306 1155 481 1208 ὁσίου
519 1154 740 1230 ηατρὸς
776 1153 946 1230 ἡμῶν
971 1154 1070 1221 καί
1099 1155 1468 1230 ὁμολογΨοῦ
1497 1157 1709 1230 Θεοδώ-

1814 1157 1994 1213 Sancti
2063 1156 2241 1212 Patris
2277 1157 2443 1212 nostri
2479 1164 2526 1209 ct
2548 1156 2860 1230 confessoris
2899 1155 3153 1230 Theodori
3174 1159 3382 1230 presby-

218 1243 328 1292 ρου
364 1225 769 1292 πρεσϐυτέρου
794 1228 892 1279 καὶ
917 1225 1253 1294 ἡγουμένου
1282 1226 1401 1280 τῶν
1423 1229 1710 1282 Στουδίου

225 1295 353 1360 περὶ
394 1296 832 1362 ἐξαγορεύσεως
851 1295 1092 1351 καὶτῶν
1122 1298 1344 1362 ταύτης
1379 1297 1716 1354 διαλύσεων

225 1364 478 1429 κανόνες
505 1365 845 1430 ἐκτεθέντες
877 1366 1011 1433 παρ’
1030 1366 1215 1420 αὑτοῦ

572 1483 640 1530 α’.
658 1477 796 1544 Περὶ
827 1477 1288 1546 ἐξαγορεύσεως.

224 1586 380 1658 [Cod.
417 1597 530 1642 vat.
579 1588 702 1655 840,
745 1588 784 1642 f.
833 1590 956 1652 193,
1011 1589 1092 1660 b.]
1147 1589 1528 1660 Ἐξαγόρευσίς
1597 1593 1713 1645 ἐστι

154 1678 324 1744 λόγων
354 1680 448 1731 καὶ
476 1678 820 1750 ἐνθυμήσεων
842 1675 1082 1752 αἰσχρῶν
1101 1681 1356 1751 ἁνήδονος
1384 1683 1710 1754 ὑπόμνησις·

155 1768 392 1833 διάλυσις
426 1770 482 1823 δὲ
513 1773 546 1840 ἡ
583 1770 789 1825 τούτων
850 1773 1144 1842 διάκρισις,
1196 1774 1291 1826 ἐπὶ
1341 1774 1549 1845 ἀγαθὴν
1596 1775 1716 1829 ὁδὸν

155 1860 419 1928 ὸδηγοῦσα
446 1864 574 1925 τοὺς
605 1863 1076 1934 προσερχομένους
1096 1881 1109 1894 ⁸
1147 1865 1294 1934 Λέγε
1321 1867 1430 1936 γὰρ
1458 1868 1539 1923 σὺ
1561 1866 1716 1936 πρῶ-

156 1968 255 2014 τος
277 1952 383 2016 τὰς
412 1953 701 2020 ἁμαρτίας
715 1966 832 2006 σου
854 1955 976 2018 ,ἵνα
1009 1953 1358 2024 δικαιωθῇςο
1390 1959 1499 2026 καὶ
1529 1958 1712 2011 πάλινο

154 2036 326 2103 Εἷπα,
370 2041 778 2110 Ἐξαγορεύσω
815 2043 928 2109 τὴν
974 2045 1100 2098 κατ’
1144 2046 1289 2115 ἐμοῦ
1328 2049 1716 2118 enare/term-

156 2151 272 2201 μου
300 2135 597 2202 ἁμαμίαν
618 2132 698 2199 τῷ
733 2137 925 2204 Rupta)
948 2153 963 2170 ο
1003 2137 1102 2190 καὶ
1129 2137 1261 2194 ιδοὺ
1293 2139 1570 2207 ἀφείλετο
1604 2139 1715 2190 πάι

151 2241 264 2290 σας
298 2225 405 2290 τὰς
431 2227 715 2294 ἁμαρτίας
741 2245 880 2296 μου.
901 2227 1130 2282 Δύναται
1151 2229 1260 2306 γὰρ
1289 2230 1672 2300 ἐξομολόγησις
1696 2270 1712 2296 ,

151 2320 243 2369 καὶ
276 2318 389 2388 πῦρ
417 2318 634 2372 αίώνιον
665 2317 964 2373 ἀποσϐέσαι
988 2336 1003 2350 ο
1036 2321 1130 2374 καὶ
1164 2322 1271 2392 γὰρ
1297 2321 1548 2390 λογισμοὶ
1578 2340 1711 2393 κρυ·

149 2409 430 2480 πτόμενοι,
467 2411 712 2465 τίκτουσι
739 2411 889 2483 πάθη
914 2428 928 2443 ο
953 2413 1402 2485 ὲξαγορευόμενοι
1439 2415 1518 2479 δὲ,
1548 2415 1716 2468 θεοει-

1888 1232 1984 1282 teri
2017 1240 2063 1280 et
2087 1229 2350 1297 prazpositi
2391 1227 2761 1279 monachorum
2802 1227 2980 1283 Studii
3011 1227 3381 1282 cauonesasu-

1885 1300 2124 1367 prodicta
2149 1300 2296 1355 editi.

2300 1480 2351 1535 l.
2385 1480 2462 1534 De
2491 1479 2835 1548 confessione.

1880 1592 2165 1648 Confessio
2194 1602 2280 1649 est
2299 1594 2589 1648 verborum
2611 1603 2666 1649 et
2696 1592 3089 1664 cogitationum
3123 1593 3368 1662 turpium

1815 1685 2003 1739 dolens
2067 1685 2377 1754 expositio:
2433 1685 2731 1741 satisfactio
2779 1693 2956 1742 autem
3027 1695 3110 1738 est
3167 1685 3377 1738 illorum

1814 1786 2162 1850 peccatorum
2197 1776 2490 1837 discussio.
2522 1792 2642 1846 qua:
2682 1777 2734 1831 in
2781 1777 2979 1830 bonam
3036 1776 3179 1829 viam
3229 1792 3383 1831 acce-

1814 1869 2001 1922 dentes
2033 1869 2260 1924 reducit.
2301 1868 2395 1922 Dic
2427 1878 2481 1920 tu
2505 1871 2651 1937 prior
2681 1878 2894 1936 peccata
2921 1878 3012 1920 tua
3035 1909 3050 1930 ,
3084 1878 3140 1920 ut
3170 1869 3383 1936 justi/i-

1815 1961 1990 2022 σει-ἕδη
2014 1960 2330 2029 Rursusque
2365 1979 2376 2014 :
2413 1959 2714 2028 Conﬁtebor
2740 1961 2985 2013 adversus
3013 1976 3092 2012 me
3112 1970 3383 2027 peccatum

1815 2068 1984 2105 meum
2041 2052 2286 2106 Domino.
2345 2051 2412 2105 Et
2478 2069 2590 2105 ecce
2649 2052 2866 2105 abstulit
2922 2054 3100 2105 omnia
3171 2062 3382 2120 peccata

1816 2160 1930 2198 mea
1951 2146 1995 2198 ³.
2024 2145 2210 2199 Potest
2229 2144 2373 2198 enim
2392 2143 2667 2197 confessio
2692 2145 2865 2214 ignem
2887 2159 3102 2212 quoque
3120 2152 3381 2197 aeternum

1814 2235 2175 2305 exstinguere.
2206 2233 2270 2287 Et
2292 2235 2509 2289 silentio
2536 2235 2752 2306 quidem
2777 2250 2976 2304 pressa:
3023 2234 3383 2304 cogitationes

1815 2326 2008 2396 culpas
2037 2327 2260 2396 pariunt
2287 2345 2300 2381 :
2333 2343 2469 2397 quas
2489 2329 2533 2381 si
2564 2327 2801 2382 confessi
2840 2326 3108 2381 fuerimus
3140 2327 3380 2381 divinam

1816 2420 2275 2490 pulchritudinem
2319 2420 2676 2487 acquirimus.
2738 2420 2962 2475 Denuda
3038 2421 3196 2475 ulcus
3227 2431 3379 2474 tuum

149 2503 256 2566 δεῖς
297 2504 740 2573 ἀπεργάζονται
783 2506 990 2577 γύμνου
1053 2507 1145 2560 σὺν
1199 2507 1441 2578 μώλωπα
1499 2507 1578 2579 τῷ
1634 2507 1709 2578 σῷ

1816 2510 2060 2563 medico:
2099 2509 2231 2571 fare,
2264 2523 2440 2578 neque
2460 2508 2752 2563 erubescas
2779 2525 2793 2562 :
2819 2508 3014 2563 accede
3089 2523 3213 2563 cum
3278 2508 3382 2566 ﬁde

151 2593 321 2665 ἰατρῷ
347 2610 360 2622 ·
396 2595 537 2656 εἰπὲ,
585 2595 680 2646 καὶ⁹
715 2596 790 2666 μὴ
836 2597 1168 2669 αἰσχυνθῇςο
1213 2597 1476 2670 πρόσελθε
1509 2599 1605 2651 σὺν
1642 2601 1708 2667 τῇ

149 2685 330 2738 πίστει
359 2686 437 2756 τῷ
470 2685 548 2756 σῷ
588 2687 899 2758 ἡγουμένῳ,
927 2689 1181 2760 ἀπονήρῳ
1211 2688 1492 2759 ἁπλότητι,
1519 2690 1611 2742 καὶ
1635 2690 1711 2752 ὡς

147 2777 210 2829 ὲκ
241 2776 378 2830 Θεοῦ
415 2778 682 2846 στόματος
723 2779 792 2834 τὰ
838 2781 967 2851 παρ’
1021 2780 1184 2834 αὐτοῦ
1235 2781 1711 2851 συμϐουλευόμενά

149 2886 230 2923 σοι
261 2869 438 2939 δέχου,
475 2873 524 2923 εί
555 2873 646 2923 καὶ
676 2873 889 2926 ἐναντία
924 2874 1001 2945 τῷ
1032 2874 1111 2945 σῷ
1141 2875 1330 2947 σκοπῷ
1356 2875 1426 2928 τὰ
1450 2876 1710 2946 εἰρημένα

145 2963 503 3028 τυγχάνουσιν
525 2977 539 2991 ·
572 2963 620 3013 εί
659 2963 753 3014 καὶ
800 2963 874 3033 μὴ
919 2966 1058 3016 πάνυ
1094 2967 1450 3034 πνευματικοὶ
1475 2967 1523 3019 οἱ
1547 2966 1711 3036 ἡγού-

149 3067 296 3121 μενοι
325 3050 724 3123 καθεστήκασι,
763 3053 837 3124 μὴ
874 3054 1255 3118 σκανδαλίζου·
1291 3056 1351 3108 οὐ
1383 3057 1490 3128 γὰρ
1528 3059 1711 3120 ἄδικος

144 3136 172 3192 ὀ
203 3140 356 3207 Θεὸς,
388 3143 568 3196 πίστει
598 3145 692 3203 καὶ
714 3145 920 3215 ἀκακία
944 3146 1122 3215 ψυχὰς
1147 3148 1346 3212 ἑαυτὰς
1370 3150 1713 3202 ταπεινωσά-

148 3247 265 3296 σας,
297 3236 362 3303 τῇ
387 3233 482 3286 τοῦ
516 3234 821 3304 ἡγουμένου
859 3235 1138 3309 συμϐουλῇ
1170 3240 1262 3291 καὶ
1284 3240 1463 3309 κρίσει
1494 3242 1712 3311 ἀπατη-

146 3325 326 3395 θῆναι,
361 3327 469 3380 κᾶν
494 3327 677 3396 ἄλογοι
700 3329 747 3381 oi
773 3329 1144 3399 ἀπατηθέντες
1169 3333 1529 3402 τυγχάνωσιν.

463 3442 529 3510 β’.
570 3443 708 3511 Περὶ
727 3443 1121 3512 μνησικάκων
1151 3428 1392 3511 ἓντολή.

229 3533 287 3586 '0
326 3534 663 3605 μνησίκακος
690 3537 755 3606 τῇ
779 3534 871 3587 τοῦ
905 3534 1101 3587 Ἰακὼϐ
1128 3536 1349 3604 κλίματι
1373 3537 1450 3606 (2)
1476 3539 1707 3608 προσελ-

144 3621 272 3688 θὼν,
302 3629 369 3698 τῇ
422 3623 517 3678 τοῦ
576 3624 872 3698 κορυφαίου
925 3625 1131 3696 Πέτρου
1178 3624 1484 3698 ὲκπεσούσῃ
1522 3627 1710 3681 ἁλύσει

141 3717 409 3771 ἐνδέδεται
433 3724 447 3736 ⁶
474 3717 570 3770 καὶ
599 3717 709 3789 γὰρ
740 3719 1094 3789 μνησικακία,
1125 3717 1296 3788 θυμοῦ
1326 3719 1442 3770 ἐστι
1470 3720 1710 3788 κατάλη-

143 3804 244 3871 ξις,
273 3807 627 3878 δικαιοσύνης
654 3811 830 3879 μῖσος.
870 3809 1031 3861 Κατὰ
1049 3809 1146 3878 μὲν
1169 3809 1294 3872 τοὺς
1321 3809 1431 3862 τῶν
1458 3803 1708 3881 μεγάλὼν
1734 3831 1777 3888 C

141 3897 405 3968 ῐῐατέρων
443 3898 698 3962 κανόνας,
745 3899 802 3951 ὲν
844 3898 1021 3967 τρισὶν
1046 3898 1194 3952 ἔτεσι
1220 3898 1328 3952 τῶν
1352 3901 1708 3971 ἀγιασμάτων

141 3989 430 4059 ἀπεχέσθω
451 4006 463 4020 ·
500 3993 645 4043 κατὰ
671 3991 728 4042 δὲ
756 3990 881 4053 τοὺς
907 3992 1172 4061 μοναχοὺς
1198 3992 1442 4044 ἐνιαυτὸν
1473 3992 1710 4063 ξηροφα-

140 4080 306 4145 γείτω
346 4084 406 4134 ὲν
460 4083 527 4151 τῇ
581 4079 701 4150 ὦρᾳ
732 4079 832 4147 τῆς
877 4079 986 4132 τῶν
1039 4079 1283 4150 ἀδελφῶν
1332 4081 1705 4158 καταλύσεως,

139 4171 307 4228 ποιῶν
338 4172 629 4242 μετανοίας
669 4170 787 4229 καθ’
819 4169 1033 4240 ἡμέραν
1060 4176 1132 4240 μ’.

584 4290 653 4350 γ’.
694 4282 835 4351 Περὶ
871 4281 1256 4347 καταλαλιᾶς.

207 4367 377 4443 Οἶμαι
401 4373 469 4425 ἐκ
524 4371 712 4440 μίσους
745 4373 837 4423 καὶ
869 4371 1232 4441 μνησικακίας
1251 4371 1350 4440 τὴν
1376 4369 1704 4426 καταλαλιὰν

134 4463 417 4534 τίκτεσθαι
449 4483 462 4495 ·
488 4466 581 4518 καὶ
607 4464 714 4536 γὰρ
761 4463 1062 4517 καταλαλιά
1113 4466 1259 4516 ἐστιν
1289 4463 1585 4533 ἁποκύημα
1616 4464 1706 4531 μί-

137 4572 284 4620 σους,
333 4558 527 4630 βδέλλα
574 4558 814 4627 ἀγάπης,
869 4555 1266 4622 ὲξαερανίξουσα
1316 4557 1410 4610 καὶ
1472 4557 1706 4609 ἐκδαπα-

135 4647 281 4702 νῶσα
316 4647 460 4722 αἷμα
494 4649 706 4722 ψυχῆς·
733 4649 964 4718 λέγομεν
991 4647 1048 4699 δὲ
1083 4647 1360 4713 ὡσαύτως,
1410 4647 1557 4701 κατὰ
1607 4650 1704 4718 μὲν

212 4841 228 4874 ¹
258 4841 353 4898 Gr.
387 4839 513 4895 lsai.
541 4855 691 4903 xum,
719 4838 809 4892 26.
871 4840 891 4869 ²
931 4838 1077 4915 Psal.
1107 4853 1258 4905 xxxv,
1303 4839 1356 4894 5.

1813 2599 1880 2654 ad
1901 2599 2093 2654 ducem
2120 2609 2296 2664 tuum,
2325 2609 2523 2652 etcum
2557 2598 2906 2668 simplicitate
2952 2600 3067 2653 sine
3118 2601 3325 2653 malitia
3360 2646 3376 2670 ,

1811 2701 1866 2743 et
1896 2697 2151 2757 tanquam
2184 2703 2250 2742 ex
2277 2703 2372 2743 ore
2402 2687 2496 2743 Dei
2553 2689 2780 2743 consilia
2815 2689 2933 2757 ejus
2959 2689 3165 2756 excipe,
3187 2700 3384 2757 quam-

1808 2781 1892 2844 vis
1925 2781 2037 2834 hinc
2069 2789 2160 2833 tuo
2202 2781 2480 2835 contraria
2530 2780 2811 2850 preposito
2862 2780 2992 2833 sint.
3046 2778 3112 2833 Et
3162 2779 3208 2834 si
3243 2777 3381 2831 forte

1810 2873 1954 2927 haud
1985 2873 2117 2928 satis
2146 2872 2417 2943 spiritales
2466 2874 2754 2928 videantur
2809 2874 2978 2926 duces
2997 2872 3102 2935 tui,
3137 2883 3203 2924 ne
3225 2884 3383 2924 scan-

1809 2964 2062 3018 dalizeris
2099 2981 2111 3017 :
2161 2978 2267 3017 non
2305 2965 2450 3018 enim
2479 2963 2716 3031 iniustus
2773 2973 2856 3017 est
2880 2961 3041 3025 Deus,
3076 2971 3136 3015 ut
3167 2961 3382 3026 animas,

1810 3070 1931 3124 quae
1959 3070 2018 3109 se
2039 3069 2160 3108 cum
2180 3053 2283 3109 fide
2308 3064 2361 3108 et
2379 3054 2689 3109 sinceritate
2722 3054 3026 3116 humiliant,
3051 3053 3192 3106 sinat
3218 3068 3247 3105 a
3275 3053 3381 3105 du-

1810 3147 1889 3199 cis
1917 3145 2147 3199 consilio
2181 3154 2235 3198 et
2298 3145 2503 3214 judicio
2540 3145 2714 3213 decipi
2747 3162 2763 3210 ;
2815 3153 3094 3212 utcunque
3143 3143 3371 3197 hebetes

1809 3237 1973 3294 sintii
2005 3237 2206 3306 quibus
2244 3236 2393 3291 fraus
2423 3236 2742 3292 intenditur.

1879 3437 1936 3492 2.
1993 3438 2256 3492 Adversus
2288 3439 2610 3507 injuriarum
2643 3454 2894 3494 memores
2928 3439 3215 3493 decretum.

1879 3527 2206 3598 lnjuriarum
2242 3546 2448 3582 memor
2483 3531 2546 3583 ad
2595 3529 2782 3584 Jacobi
2822 3533 3022 3585 scalam
3078 3531 3367 3597 accedens,

1809 3621 2079 3690 coryphaii
2118 3619 2263 3673 Petri
2323 3623 2547 3675 cadente
2607 3630 2793 3676 catena
2863 3624 3118 3692 illigatur.
3164 3607 3380 3693 Quippe

1811 3713 2131 3781 injuriarum
2169 3713 2452 3774 memoria,
2488 3722 2572 3768 est
2601 3713 3104 3777 irmhabitaeulum,
3134 3714 3374 3782 etjusti-

1810 3802 1899 3855 tiae
1931 3800 2320 3856 odium.Juxta
2372 3803 2587 3871 quidem
2642 3820 2960 3872 magnorum
3014 3807 3236 3858 Patrum
3279 3821 3374 3859 ca-

1812 3907 2004 3957 nones,
2051 3892 2216 3947 homo
2250 3893 2524 3960 ejusmodi
2576 3895 2814 3948 triennio
2857 3910 2888 3949 a
2942 3895 3147 3951 sanctis
3213 3895 3378 3950 rebus

1811 3994 2081 4047 arceatur,
2105 3985 2306 4040 Verum
2361 3987 2503 4042 inter
2550 3988 2847 4042 monachos
2916 4003 3061 4042 anno
3130 4005 3239 4042 uno
3284 4003 3378 4042 ve-

1810 4086 1998 4130 scatur
2032 4077 2195 4132 aridis
2222 4078 2354 4131 hora
2385 4093 2491 4148 qua
2539 4077 2732 4133 fratres
2752 4078 3019 4147 jejunium
3044 4079 3284 4142 solvunt,
3320 4087 3378 4134 et

1809 4177 2106 4222 metanaaas
2135 4169 2378 4236 quotidie
2423 4169 2586 4223 faciat
2612 4169 2990 4241 quadraginta.

2295 4282 2349 4336 5.
2382 4282 2456 4336 De
2501 4284 2890 4338 obtrectatione.

1880 4371 2130 4428 Arbitror
2158 4387 2223 4428 ex
2257 4373 2384 4427 odio
2408 4383 2462 4426 et
2488 4373 2810 4442 injuriarum
2861 4374 3121 4428 memoria
3157 4375 3372 4429 obtrec-

1811 4466 2066 4520 tationem
2131 4468 2296 4534 gigni.
2351 4465 2560 4519 Etenim
2609 4468 2929 4520 obtrectatio
2972 4469 3183 4521 estodii
3217 4468 3321 4521 filia
3354 4507 3370 4531 ,

1811 4558 2096 4612 cbaritatis
2147 4558 2341 4611 hirudo
2372 4573 2493 4628 qua:
2521 4559 2718 4612 animae
2770 4561 3090 4627 sanguinem
3149 4575 3372 4628 prorsus

1809 4652 2104 4707 consumit.
2138 4651 2399 4706 Similiter
2449 4659 2630 4705 autem
2696 4651 2950 4713 dicimus,
2997 4666 3064 4704 ex
3138 4651 3372 4704 aliorum

1629 5015 1864 5073 NOTAE.

200 5195 276 5265 (ι)
293 5194 370 5249 Ne
391 5193 516 5262 quis
548 5192 682 5246 forte
698 5191 909 5265 dubitet
927 5192 994 5245 de
1015 5192 1118 5248 hoc
1133 5190 1305 5265 nostri
1325 5188 1551 5265 Studita:
1572 5191 1710 5265 opu-

134 5261 306 5323 sculo.
334 5261 585 5318 entestis
605 5263 811 5316 accedit
842 5263 1002 5314 etiam
1055 5261 1223 5322 codex
1265 5262 1530 5314 Arabicus
1584 5261 1702 5312 Vat.

132 5334 411 5396 CLXXIV,
463 5335 515 5386 in
542 5334 782 5398 catalogo
822 5346 850 5382 a
905 5345 990 5383 me
1040 5331 1306 5397 impresso
1347 5345 1398 5397 p.
1436 5329 1563 5388 516,
1621 5330 1704 5384 his

141 5408 344 5462 verbis:
375 5424 392 5454 ι
420 5403 855 5458 Constitutiones
887 5401 1058 5454 sancti
1098 5401 1274 5454 Patris
1314 5398 1582 5453 Theodori
1605 5401 1701 5450 ah-

133 5472 272 5527 batis
295 5473 607 5528 monasterii
634 5471 831 5529 Studii,
863 5484 959 5522 seu
1013 5470 1404 5522 monachorum
1459 5469 1699 5521 Studita-

132 5557 275 5600 rum.
302 5548 367 5598 de
395 5542 786 5611 pmnitenlibus
816 5541 904 5611 qui
926 5539 1270 5611 de__pcc:~a_tis
1301 5540 1415 5611 suis
1468 5539 1697 5611 occultis

134 5607 480 5673 conlitcntitr,
507 5612 679 5679 deque
709 5607 1085 5679 conl‘essariis,
1113 5608 1202 5676 qui
1237 5623 1331 5660 cos
1376 5609 1441 5660 dc
1473 5608 1578 5679 illis
1615 5609 1686 5679 in-

135 5692 457 5749 termgant.»
513 5676 607 5733 Est
635 5689 813 5732 autem
842 5680 927 5730 hic
951 5678 1159 5749 libellus
1195 5679 1362 5729 instar
1414 5686 1493 5749 tot
1544 5676 1687 5728 Lati-

137 5748 322 5822 norum
348 5757 438 5826 qui
486 5759 702 5807 exstant
761 5759 872 5802 tum
907 5748 1032 5803 editi
1058 5756 1167 5800 tum
1226 5748 1576 5817 manuscripti
1626 5749 1688 5798 de

1807 5192 1946 5245 vitiis
1989 5201 2042 5246 et
2079 5194 2142 5244 de
2163 5194 2464 5248 virtutious.

1875 5264 1951 5329 (9.)
1982 5262 2054 5315 De
2077 5263 2431 5341 scala_Jacobi
2552 5267 2879 5341 Denedictus
2935 5270 3063 5341 Reg.
3121 5288 3240 5341 cap.
3297 5276 3360 5337 7,

1801 5331 1955 5407 plura
1985 5332 2362 5407 verbaiacit,
2425 5337 2654 5403 plurima
2719 5351 2902 5407 postea
2959 5331 3250 5396 Nat-tertius
3310 5331 3362 5399 in

1799 5402 2011 5458 Comm.
2053 5399 2197 5455 Nihil
2251 5399 2438 5458 tamen‘
2487 5408 2554 5461 ad
2603 5399 2747 5463 hunc
2796 5410 3064 5464 Theodori
3123 5415 3297 5465 locum
3341 5433 3353 5468 :

1796 5484 2110 5550 quanquam
2139 5471 2464 5550 benedictus
2522 5493 2712 5546 reapse
2760 5479 2825 5534 de
2876 5481 3178 5535 humilitate
3210 5485 3357 5548 agit,

1797 5538 1917 5592 heic
1948 5538 2127 5594 autem
2153 5543 2308 5618 haud
2332 5547 2446 5598 scio
2470 5561 2559 5618 _an
2592 5538 2842 5618 superbia
2880 5551 3152 5603 immatur.
3203 5538 3360 5604 Vide;

1795 5618 2025 5733 t'urertgo
2054 5612 2237 5678 potius
2272 5616 2616 5683 proverbium
2651 5612 2947 5688 duoddam.
2990 5621 3092 5676 Sed
3126 5619 3217 5676 alii
3272 5619 3368 5690 λιι..

1795 5695 1944 5732 ucen
1977 5718 1990 5733 .

1794 5695 1990 5733 ιιιςοιιι.
