3976 6322
596 337 733 401 1723

1435 345 1530 406 DE
1561 345 2068 406 CONFESSIONE
2110 347 2205 405 ET
2240 347 2838 410 SATISFACTIONE.

3690 347 3826 409 17%

586 446 801 515 quidem
839 449 1320 520 przescriptohunc
1371 469 1480 506 uno
1539 470 1682 510 anno
1736 455 1903 509 ﬂere:
1965 472 2155 509 mona-

2268 459 2377 519 τοὺς
2407 461 2639 529 ἐτέρους,
2671 462 2912 515 ἐνιαυτὸν
2942 461 3366 530 προσκλαυσάτω
3391 477 3404 491 ·
3443 462 3585 514 κατὰ
3608 461 3668 514 δὲ
3699 465 3828 524 τοὺς

586 539 748 592 chum
771 551 948 594 autem
985 553 1220 610 quatuor
1260 545 1536 599 mensibus
1567 546 1718 599 arido
1756 547 1879 600 cibo
1926 549 2003 600 uti
2053 547 2150 600 de-

596 630 725 683 bere
753 631 881 684 dum
935 633 1128 703 reliqui
1158 635 1488 700 comedunt;
1519 645 1571 688 et
1613 645 1909 692 metanteas
1968 638 2152 692 facere

588 720 831 787 quotidie
859 731 1094 777 centum.
1129 724 1263 790 Quia
1291 725 1648 780 detrahentem
1677 739 1871 781 secreto
1901 730 2142 796 proximo

587 826 704 878 suo,
733 811 870 865 hunc
896 816 1235 884 persequebar
1265 817 1306 870 ³.

1144 907 1197 959 4.
1227 907 1300 959 De
1327 907 1661 976 garrulitate.

657 993 918 1048 Garrulus
947 995 1144 1064 lingua:
1184 999 1312 1050 vitio
1345 998 1598 1061 infectus,
1657 1015 1750 1053 sex
1771 1014 1983 1054 menses
2028 1015 2153 1069 pm-

588 1087 807 1139 nitendo
832 1086 1079 1154 expleat:
1116 1087 1194 1141 sic
1245 1089 1387 1141 enim
1442 1105 1678 1143 canones
1707 1089 1774 1144 de
1827 1091 2142 1158 huiusmodi

588 1174 900 1231 hominibus
967 1179 1281 1234 decernunt.
1338 1180 1544 1248 Quippe
1575 1182 1866 1247 garrulitas
1937 1194 2024 1236 est
2070 1183 2152 1235 in-

590 1266 763 1319 scitia:
827 1267 1108 1332 indicium,
1165 1270 1576 1324 obtrectationis
1635 1271 1826 1339 janua,
1879 1272 2148 1326 mendacii

595 1357 869 1411 ministra.
915 1358 1025 1413 Nos
1052 1369 1161 1414 tres
1195 1361 1474 1416 mensibus
1516 1361 1660 1415 hunc
1691 1378 1721 1416 a
1769 1365 2154 1418 communione

588 1461 954 1512 removemus,
987 1450 1151 1502 aridis
1190 1452 1418 1504 omnino
1453 1462 1756 1506 vescentem
1798 1454 1931 1508 hora
1965 1463 2115 1508 sexta
2137 1495 2151 1517 ,

587 1547 640 1588 et
669 1547 964 1594 metanmas
989 1541 1229 1609 quotidie
1259 1552 1476 1596 centum
1522 1545 1914 1614 quinquaginta
1946 1545 2153 1600 facien-

593 1635 724 1678 tem.
756 1629 966 1682 Etenim
998 1631 1151 1685 valde
1210 1632 1478 1687 lubricum
1529 1637 1968 1703 periculosumve
2025 1637 2156 1705 ipsis

587 1731 806 1787 quinque
856 1721 1214 1777 aestimatione
1240 1723 1419 1794 dignis
1481 1726 1793 1781 hominibus
1845 1727 2153 1782 bocvitium

588 1816 692 1861 est.

1090 1905 1144 1960 5.
1170 1905 1254 1973 De
1278 1908 1576 1964 mendacio.

660 1989 886 2046 Mendax
911 1996 1069 2063 quasi
1116 1997 1327 2065 lepidus
1362 1999 1524 2054 homo
1563 2001 1930 2059 existimatur.
1988 2003 2154 2074 Atqui

591 2084 932 2139 mendacium
986 2088 1266 2144 cbaritatis
1321 2091 1619 2147 destructio
1666 2105 1783 2161 est;
1863 2095 2159 2165 perjurium

590 2187 794 2239 autem,
827 2177 916 2230 Dei
951 2180 1183 2248 negatio.
1214 2179 1384 2234 Nemo
1417 2184 1617 2253 itaque,
1648 2188 1692 2240 si
1727 2187 1890 2240 modo
1935 2189 2154 2256 sapiat,

593 2267 710 2320 leve
737 2268 923 2321 credat
955 2285 1076 2323 esse
1132 2281 1413 2338 peccatum
1462 2275 1826 2331 mendacium.
1858 2275 1994 2330 Nam
2045 2279 2161 2346 ipse

591 2356 828 2426 Spiritus
861 2369 1081 2412 sanctus
1125 2361 1237 2429 jam
1268 2363 1439 2416 dixit:
1484 2363 1679 2418 Perdes
1715 2383 1889 2421 omnes
1958 2369 2046 2436 qui
2086 2371 2164 2421 to-

592 2459 827 2517 quuntur
861 2451 1190 2505 mendacium
1245 2454 1267 2483 ⁶
1292 2492 1306 2508 .
1333 2455 1524 2511 Cuncti
1551 2465 1732 2511 autem
1764 2458 2012 2512 mendaci
2065 2458 2165 2513 bo-

595 2542 725 2593 mini
763 2541 1086 2595 trimestrem
1117 2545 1489 2611 puanitentiam
1571 2549 1891 2603 decernunt.
1922 2547 2034 2604 Nos
2079 2561 2162 2604 ta-

600 2645 721 2682 men
752 2632 1109 2699 quadraginta
1160 2634 1369 2687 dierum
1427 2637 1638 2691 aridum
1683 2639 1906 2693 omnino
1965 2641 2164 2694 victum

596 2721 726 2774 liora
756 2732 904 2776 sexta
944 2724 1070 2776 huic
1110 2725 1461 2793 imperamus,
1492 2738 1858 2785 etmetanaeas
1885 2733 2162 2800 quotidia-

595 2825 932 2868 nascentum
980 2818 1404 2888 quinquaginta.
1458 2818 1671 2874 Etenim
1733 2822 2027 2875 timendum
2083 2833 2167 2879 est

596 2919 707 2972 prae
741 2907 949 2960 caeteris
977 2907 1080 2960 hoc
1102 2919 1399 2977 peccatum.

1017 3001 1070 3051 6.
1104 2999 1178 3052 De
1215 3003 1476 3054 acedioso.

669 3088 964 3145 Aeediosus
992 3091 1147 3159 quasi
1179 3091 1246 3144 de
1276 3106 1374 3146 sua
1413 3091 1588 3148 salute
1616 3091 1907 3164 desperans
1946 3104 2165 3164 reputa-
2192 3119 2234 3178 α

599 3187 707 3233 tur.
762 3179 970 3234 Etenim
1026 3183 1210 3236 acedia
1265 3193 1347 3236 est
1404 3185 1718 3240 monasticaa
1757 3189 1952 3255 regultr
1979 3188 2166 3242 obser-

599 3272 787 3324 vanda:
859 3273 1082 3336 odium,
1139 3273 1537 3329 mundanarum
1596 3293 1775 3330 rerum
1860 3281 2166 3333 admiratio.

598 3360 896 3416 Acediosus
929 3361 1093 3416 Deum
1133 3374 1373 3429 accusat,
1411 3367 1565 3435 quasi
1605 3368 2086 3424 immisericordem
2107 3382 2160 3424 et

603 3449 882 3503 hominum
914 3465 1125 3505 osorem
1155 3469 1169 3517 ;
1198 3453 1262 3505 ad
1294 3455 1648 3522 psalmodiam
1707 3473 2001 3529 precesque
2057 3471 2168 3514 tor-

601 3548 709 3608 pet.
742 3537 887 3595 Vitio
940 3541 1066 3595 huic
1145 3543 1490 3599 decernimus
1545 3561 1650 3614 qua
1670 3547 1914 3616 draginta
1958 3551 2164 3608 dierum

602 3631 974 3699 paenitentiam
1012 3652 1027 3700 ;
1060 3643 1113 3688 et
1153 3646 1211 3689 ut
1242 3650 1336 3703 per
1374 3645 1486 3690 tres
1527 3636 1895 3696 hebdomadas
1941 3641 2064 3693 vino
2113 3652 2167 3697 et

602 3725 724 3777 oleo
747 3725 1031 3780 acediosus
1060 3743 1166 3780 non
1197 3737 1402 3795 utatur,
1447 3729 1699 3797 quotidie.
1736 3728 1934 3785 faciens
1974 3745 2146 3788 meta-

605 3828 757 3867 nceas
795 3815 1055 3868 ducentas
1085 3819 1497 3887 quinquaginta.
1556 3818 1801 3889 Namque
1831 3822 1883 3875 in
1933 3823 2164 3892 profun-

602 3907 731 3957 dum
773 3906 967 3960 inferni
1011 3917 1185 3976 potest
1219 3910 1484 3964 deducere
1511 3912 1710 3967 acedia:
1730 3915 1940 3969 vitium.

1093 3999 1145 4051 7.
1181 4000 1253 4053 De
1285 4000 1486 4068 guloso.

674 4083 910 4139 Gulosus
949 4087 1144 4142 similis
1162 4098 1243 4142 est
1261 4090 1508 4157 sepulcro
1555 4094 1995 4158 putrescentibus
2037 4112 2161 4152 car-

610 4176 769 4230 nibus
794 4177 972 4245 pleno.
1024 4179 1298 4235 Gulositas
1339 4190 1422 4235 est
1457 4184 1660 4237 ventris
1707 4185 2031 4255 hypocrisis,
2067 4192 2160 4259 qui

605 4284 732 4323 cum
793 4271 864 4324 sit
902 4281 1074 4333 satur,
1121 4273 1468 4328 nihilominus
1519 4290 1577 4327 se
1618 4291 1774 4345 egere
1826 4279 2060 4348 clamat;
2109 4292 2162 4336 et

606 4372 879 4430 gravatus,
909 4363 1115 4417 esurire
1141 4365 1303 4433 cogit.
1345 4364 1618 4420 Gulositas
1643 4377 1726 4421 est
1753 4371 2029 4425 oculorum
2061 4373 2156 4427 de-

2185 1792 2232 1852 P

2255 551 2540 618 μοναχοὺς,
2593 552 2926 621 τετράμηνον
2980 550 3373 621 ξηροφαγείτω,
3415 552 3506 603 ὅτε
3559 554 3610 603 οί
3642 552 3830 602 λοιποὶ

2253 639 2510 705 ἐσθίουσι,
2557 642 2840 710 μετανοίας
2895 643 3061 694 ποιῶν
3132 642 3256 693 καθ’
3311 643 3527 711 ἡμέραν
3591 643 3826 694 ὲκατὲνο

2253 731 2380 783 ’Ότι
2417 731 2522 784 τὸν
2553 735 3007 786 καταλαάοὗψτα
3037 734 3226 802 λάθρα
3275 734 3379 787 τοῦ
3405 736 3688 801 πλησίον
3722 737 3829 788 αὑ-

2250 822 2377 887 τοῦ,
2409 823 2626 877 τοῦτον
2650 825 2987 888 ἐξεδίωκεν.

2695 918 2758 970 δ’.
2798 918 2936 985 Περὶ
2968 918 3358 985 πολυλογίας.

2331 1007 2392 1062 '0
2419 1008 2730 1076 πολυλογῶν
2767 1009 2870 1062 ὑπὸ
2895 1009 3138 1080 γλώττης
3182 1011 3582 1080 σκοτιζόμενος,
3614 1011 3834 1081 ἐξαμη-

2253 1101 2424 1152 νιαῖον
2451 1099 2640 1169 χρόνον
2679 1102 2736 1152 ἐν
2770 1100 3029 1170 μετανοίᾳ
3069 1100 3386 1169 πληρούτω·
3420 1101 3599 1164 οὕτως
3631 1103 3750 1169 γὰρ
3783 1103 3832 1153 οἱ

2255 1192 2479 1253 κανόνες
2509 1192 2637 1259 περὶ
2667 1191 2776 1243 τῶν
2808 1191 3062 1244 τοιούτων
3092 1192 3394 1261 ὁρίζονταιο
3433 1193 3626 1262 ἐπειδὴ
3664 1193 3833 1244 πολυ-

2253 1281 2407 1348 λογία
2444 1284 2589 1335 ἐστὶν
2629 1282 2903 1350 ἀγνωσίας
2939 1285 3253 1353 τεκμήριον,
3284 1284 3621 1348 καταλαλιᾶς
3666 1284 3831 1353 θύρα,

2252 1372 2481 1439 ψεύδους
2513 1375 2783 1443 ὑπουργός
2805 1389 2818 1402 ·
2846 1376 3006 1444 ἡμεῖς
3025 1375 3081 1427 δὲ
3113 1376 3372 1444 τρίμηνον
3416 1375 3656 1444 λέγομεν
3686 1377 3834 1428 ἀκοι-

2253 1459 2485 1531 νώνητον
2517 1457 2676 1525 εἶναι,
2711 1463 3122 1532 ξηροφαγοῦντα
3154 1465 3336 1535 ἄκρως
3364 1464 3481 1535 ὥρᾳ
3534 1463 3700 1534 ἕκτῃ,
3734 1483 3830 1533 μεο

2253 1551 2471 1614 τανοίας
2498 1549 2752 1604 ποιοῦντα
2797 1553 2918 1604 καθ’
2950 1554 3160 1624 ἡμέραν
3208 1560 3326 1623 ρκ’·
3369 1556 3682 1622 ἐπισφαλὲς
3726 1557 3832 1626 γάρ

2253 1640 2371 1693 λίαν
2397 1641 2490 1693 καὶ
2509 1638 2702 1703 ἀὐτοῖς
2730 1642 2842 1704 τοῖς
2867 1641 3082 1695 δοκοῦσι
3108 1643 3168 1695 τὸ
3198 1642 3368 1706 πάθος
3397 1643 3570 1697 ἐστίν.

2767 1909 2830 1966 ε’.
2871 1908 3009 1976 Περὶ
3035 1908 3317 1975 ψεύδους.

2343 2001 2401 2054 '0
2430 2001 2666 2071 ψεύστης
2712 2001 2788 2062 ὥς
2843 2000 3169 2069 εὐτράπελος
3220 1999 3492 2064 λογίζεται
3519 2013 3538 2030 ο
3583 1998 3689 2052 καὶ
3727 2000 3835 2068 γάρ

2259 2091 2449 2161 ψεῦδός
2483 2093 2629 2143 ἐστιν
2670 2092 2885 2161 ἀγάπης
2913 2091 3216 2159 ἀφανισμός
3237 2105 3252 2119 ·
3286 2090 3548 2158 ἐπιορκία
3580 2089 3664 2150 δὲ,
3694 2090 3828 2142 Θεοῦ

2261 2185 2485 2251 ἄρνησις
2507 2198 2520 2210 ·
2555 2181 2741 2249 μηδεὶς
2762 2178 2853 2233 οὖν
2873 2181 2980 2233 τῶν
3011 2178 3434 2251 εὑφρονούντων,
3471 2182 3688 2249 μικράν
3720 2198 3834 2232 τινα

2260 2273 2358 2342 τὴν
2398 2270 2491 2323 τοῦ
2537 2270 2764 2339 ψεύδους
2815 2271 3089 2338 ἁμαρτίαν
3141 2266 3277 2323 εἶναι
3305 2270 3555 2338 νομίσοι·
3597 2272 3700 2323 καὶ
3733 2272 3836 2338 γὰρ

2262 2363 2392 2416 αὐτὸ
2415 2363 2476 2413 τὸ
2506 2361 2658 2428 ἆγιον
2705 2359 2929 2428 Πνεῦμα
2959 2361 3319 2430 προείρηκεν·
3364 2360 3642 2425 Ἀπολεῖς
3691 2360 3836 2412 πάν-

2260 2471 2365 2518 τας
2387 2453 2527 2518 τοὺς
2545 2452 2888 2516 λαλοῦντας
2915 2452 2980 2503 τὸ
3011 2451 3255 2518 ψεῦδος.
3275 2451 3583 2520 Ὀρίζονται
3613 2453 3672 2504 δὲ
3705 2454 3835 2505 πάντ

2261 2561 2350 2607 τες
2378 2546 2459 2597 ὅτι
2494 2545 2756 2614 τρίμηνον
2801 2545 2858 2596 ὲν
2908 2542 3164 2612 μετανοίᾳ
3204 2542 3516 2594 διατελείτω
3540 2560 3554 2574 ·
3589 2546 3755 2612 ἡμεῖς
3783 2545 3834 2596 δὲ

2266 2642 2317 2706 μ’
2346 2637 2563 2706 ἡμερῶν
2601 2635 2934 2704 ξηροφαγίαν
2961 2636 3145 2703 ἄκρως
3183 2634 3301 2702 ὥρᾳ
3339 2633 3496 2702 ἕκτῃ,
3529 2636 3629 2686 καὶ
3674 2652 3836 2702 μετα-

2263 2729 2408 2788 νοίας
2431 2727 2550 2779 καθ’
2582 2727 2790 2795 ἡμέραν
2827 2725 2902 2796 ρν¹
2927 2741 2940 2754 ·
2974 2725 3069 2778 καὶ
3103 2725 3211 2793 γάρ
3235 2723 3444 2793 φοϐερά
3471 2725 3617 2794 ὑπὲρ
3659 2726 3836 2787 πάσας

2264 2819 2297 2886 ἡ
2333 2819 2573 2886 ἁμαρτία
2602 2815 2762 2886 αὕτη.

2717 3002 2790 3061 ς’.
2827 2998 2961 3064 Περὶ
2986 2997 3372 3064 ἀκηδιαστοῦ.

2349 3089 2407 3143 '0
2435 3090 2770 3160 ἀκηδιαστὴς
2804 3091 2876 3148 ὡς
2899 3089 3286 3156 ἀπογινώσκων
3307 3089 3406 3158 τῆς
3440 3090 3641 3143 ἑαυτοῦ
3676 3109 3836 3158 σωτη-

2271 3183 2392 3253 ρίας
2427 3182 2729 3250 λογίζεται·
2759 3183 2853 3235 καὶ
2883 3182 2992 3253 γὰρ
3018 3181 3212 3253 ἀκηδία
3241 3183 3387 3235 ἐστὶν
3417 3184 3715 3252 ἀσκήσεως
3753 3187 3835 3253 μῖ-

2271 3293 2359 3336 σος
2387 3274 2478 3326 τοῦ
2536 3271 2826 3343 μοειαχικοῦ
2878 3273 3306 3340 ἐπαγγέλματος,
3343 3273 3633 3339 κοσμικῶν
3666 3291 3834 3341 μακα-

2271 3367 2504 3436 ρίστρια,
2553 3363 2687 3417 Θεοῦ
2734 3363 3055 3433 διαϐλήτωρ,
3087 3361 3161 3424 ὥς
3205 3362 3557 3430 άσπλάγχνου
3586 3366 3684 3415 καὶ
3715 3366 3835 3429 ἀφι-

2268 3458 2607 3529 λανθρῶπου,
2655 3457 2840 3511 ἀτονία
2885 3455 3195 3525 ψαλμῳδίας
3224 3456 3280 3506 ὲν
3321 3457 3661 3524 προσευχαῖς
3694 3455 3836 3508 ἀσθε-

2268 3549 2462 3602 νοῦσα·
2516 3549 2769 3619 ὁρίζομεν
2823 3545 2880 3598 δὲ
2941 3547 3034 3599 καὶ
3086 3545 3286 3613 ταύτην
3320 3550 3369 3613 μ’
3404 3545 3625 3612 ἡμέρας
3678 3560 3836 3613 μετα-

2267 3643 2407 3697 νοεῖν
2426 3654 2437 3665 ⁸
2476 3638 2772 3707 ἑϐδομάδας
2802 3638 2947 3706 τρεῖς
2977 3636 3120 3687 οίνου
3163 3635 3235 3704 μὴ
3264 3635 3722 3711 μεταλαμϐάνειν
3748 3635 3836 3687 καὶ

2267 3731 2478 3785 ὲλαίου’
2532 3727 2818 3798 μετανοίας
2864 3727 3038 3778 ποιεῖν
3087 3725 3209 3777 καθ’
3237 3725 3450 3793 ἡμέραν
3481 3732 3561 3776 σν¹
3580 3740 3595 3753 °
3646 3726 3730 3778 ὅτι
3764 3727 3838 3786 εἰς

2271 3822 2429 3892 βυθὸν
2461 3820 2587 3891 ᾇδου
2614 3818 2839 3871 δύναται
2864 3816 3122 3885 κατάγειν
3152 3815 3212 3868 τὸ
3240 3815 3413 3877 πάθος
3442 3815 3545 3885 τῆς
3587 3816 3834 3887 ἁκηδίας.

2685 3995 2749 4058 ζ’.
2791 3993 2929 4061 Περὶ
2962 3990 3430 4061 γαστριμάργου.

2313 4090 2370 4141 '0
2387 4087 2792 4157 γαστρίμαργος
2813 4085 2953 4136 ἔοικε
2969 4086 3124 4152 τάφῳ
3140 4083 3356 4151 γέμοντι
3378 4080 3699 4148 σεσηπυιῶν
3720 4098 3840 4148 σαρ-

2262 4182 2394 4235 κῶν·
2435 4176 2877 4249 γαρστριμαργία
2906 4175 3019 4227 ἐστὶ
3057 4175 3260 4234 κοιλίας
3287 4173 3597 4242 ὑπόκρισις·
3621 4191 3836 4241 κεκορε-

2262 4276 2432 4344 σμένη
2452 4267 2626 4342 γάροῦ
2636 4267 2927 4333 σα,ὲνδείας
2948 4267 3164 4334 ἀναϐοᾷ·
3185 4265 3275 4316 καὶ
3286 4265 3838 4333 πεφορτισμένηπςει,

2261 4369 2358 4418 νᾶν
2384 4362 2679 4431 ἀναγκάζει
2699 4379 2712 4392 ο
2743 4359 3151 4429 γαστριμαργία
3180 4359 3343 4420 ἐστὶν,
3371 4357 3679 4427 ὀφθαλμῶν
3706 4361 3836 4410 ἀπά-

607 4453 802 4522 ceptio.
848 4453 1200 4509 Decernimus
1224 4456 1349 4508 huic
1379 4473 1593 4526 quoque
1620 4459 1753 4512 vitio
1782 4461 2005 4530 triginta
2047 4465 2160 4519 die-

2271 4472 2337 4525 τη
2363 4471 2376 4486 ο
2412 4455 2664 4524 ὁρίζομεν
2712 4451 2767 4504 δὲ
2803 4452 2897 4503 καὶ
2943 4450 3145 4519 ταύτην
3183 4451 3240 4501 ὲν
3279 4450 3577 4519 τριάκοντα
3607 4451 3835 4520 ἡμέραις

606 4561 728 4597 rum
775 4544 1017 4610 luctum;
1049 4559 1101 4600 et
1133 4547 1293 4602 unius
1325 4547 1678 4607 hebdomadaa
1702 4553 1912 4607 aridum
1961 4556 2164 4612 victum

607 4637 737 4687 hora
782 4650 923 4688 nona
962 4651 1096 4700 ,nec
1122 4652 1225 4690 non
1273 4639 1616 4705 quotidianas
1668 4653 1969 4698 metanmas
2014 4657 2164 4700 octo-

605 4727 776 4794 ginta.
837 4726 1047 4799 Quippe
1069 4730 1332 4798 gulositas
1380 4731 1482 4784 sibi
1534 4731 1746 4787 deditos
1785 4745 1987 4791 aeterno
2056 4740 2166 4807 igni

604 4827 940 4872 transmittit.

1198 4909 1251 4964 8.
1295 4911 1371 4965 De
1399 4931 1580 4968 avaro.

683 4994 896 5052 Avarus
925 4998 1210 5052 insanabili
1239 5002 1425 5055 morbo
1459 5003 1687 5067 laborat,
1721 5005 1812 5072 qui
1849 5006 2162 5062 interiorem

604 5088 878 5140 hominem
912 5089 1114 5141 exedit.
1163 5088 1402 5144 Avaritia
1435 5098 1517 5145 est
1568 5093 1836 5148 idolorum
1887 5098 2121 5152 servitus
2147 5137 2163 5163 ,

610 5178 944 5231 inﬁdelitatis
983 5181 1111 5242 ﬁlia,
1147 5180 1524 5236 infirmitatum
1559 5196 1874 5253 praetextus,
1909 5189 2164 5243 volunta-

603 5270 684 5321 ria
729 5268 1021 5336 apostasia.
1076 5267 1217 5324 Huic
1265 5270 1390 5323 item
1443 5272 1786 5328 decernimus
1843 5278 2158 5344 quadrime-

604 5370 768 5410 strem
798 5360 1211 5426 paenitentiam,
1259 5363 1614 5432 quadraginta
1686 5365 1894 5419 dierum
1954 5369 2164 5422 aridmn

604 5451 808 5502 victum
844 5452 975 5503 hora
1011 5466 1151 5504 nona
1175 5491 1189 5515 ,
1222 5462 1275 5505 et
1297 5455 1648 5522 quotidianas
1674 5467 1974 5512 metanmas
2006 5461 2169 5528 quin-

606 5545 896 5612 quaginta;
938 5559 1059 5598 cum
1095 5545 1165 5599 sit
1191 5546 1380 5601 vitium
1409 5549 1642 5603 animam
1675 5565 2020 5607 consumens.

679 5727 696 5756 ⁸
728 5727 880 5781 Psal.
922 5745 971 5791 (ι,
996 5728 1046 5782 5.
1107 5728 1279 5782 ³1³531.
1318 5744 1368 5789 ν,
1404 5728 1453 5781 7.

2273 4548 2657 4622 προσκλαίεινο
2695 4544 2961 4613 ἑϐδομάδα
3003 4543 3130 4612 μίαν
3168 4540 3499 4611 ξηροφαγεῖν
3540 4541 3666 4612 ὥρᾳ
3694 4543 3835 4594 tm-

2272 4657 2336 4708 τη
2364 4656 2377 4670 ⁶
2412 4638 2584 4691 ποιεῖν
2617 4635 2898 4706 μετανοίας
2941 4634 3061 4687 καθ’
3093 4633 3305 4703 ἡμέραν
3339 4639 3393 4684 π’
3411 4649 3428 4663 ο
3462 4633 3548 4684 ὅτι
3594 4634 3678 4705 τῷ
3711 4636 3831 4686 αἰω-

2272 4732 2368 4801 νίῳ
2397 4731 2529 4799 πυρὶ
2555 4728 2913 4800 παραπέμπει
2936 4728 3060 4788 τοὺς
3091 4725 3442 4794 πειθομένους
3473 4726 3640 4795 αὐτῇ.

2721 4911 2794 4976 η’.
2829 4889 2961 4972 Περὶ
2986 4904 3377 4974 φιλαργύρου.

2352 5001 2408 5054 Ὀ
2446 4999 2780 5072 φιλάργυρος
2834 4999 2979 5050 νοσεῖ
3019 4996 3170 5048 νόσον
3217 4995 3459 5057 ἀνίατον,
3508 4994 3829 5048 δαπανῶσιν

2265 5094 2357 5146 τὸν
2420 5092 2566 5154 ἐντὸς
2611 5091 2926 5159 ἄνθρωπον·
2977 5086 3312 5157 φιλαργυρία
3370 5087 3548 5149 ἐστὶν,
3603 5085 3824 5139 εἰδώλων

2267 5179 2920 5253 προσκύνησις,ἀπιστίας
2948 5177 3212 5248 θυγάτηρ,
3247 5175 3552 5230 ἀσθενειῶν
3571 5176 3830 5248 προφασί-

2278 5291 2434 5344 στρια
2463 5314 2478 5337 ,
2511 5264 2755 5334 ὲκάυσίος
2796 5269 3112 5340 παραϐάτης
3136 5285 3147 5296 ·
3197 5268 3458 5339 ὁρίζομεν
3491 5269 3549 5322 δὲ
3584 5269 3680 5324 καὶ
3711 5266 3832 5318 ταύ-

2274 5385 2394 5434 την,
2426 5367 2761 5436 τετράμηνον
2787 5366 2844 5437 έν
2870 5363 3122 5432 μετανοίᾳ
3152 5356 3314 5425 εἶναι,
3340 5365 3566 5434 ἡμέρας
3599 5369 3652 5432 μ’
3683 5361 3829 5430 5.13.0.6-

2277 5463 2472 5526 φαγεῖν
2498 5458 2616 5529 ὥρᾳ
2649 5457 2714 5520 θ’,
2751 5457 3034 5526 μετανοίας
3059 5457 3232 5507 ποιεῖν
3262 5455 3389 5509 καθ’
3421 5457 3641 5530 ἡμέραν
3664 5462 3735 5508 ν¹’
3767 5454 3829 5514 o;

2278 5551 2370 5606 τοῦ
2396 5549 2597 5612 πάθους
2621 5547 2929 5611 ἐκκαίοντος
2967 5545 3063 5613 τὴν
3087 5544 3288 5614 ψυχήν.
