3976 6322
221 338 354 408 1725
1375 352 1435 411 S.
1473 351 1791 414 THEODO]

1906 355 2246 417 S'l‘UDlTxE
3310 352 3443 416 1726

675 455 739 511 θ’.
773 458 909 527 Περὶ
933 458 1325 527 ἀναισθήτου.
1810 474 1856 530 Α

1311 505 1325 518 .
1810 474 1856 530 Α
2451 471 2506 525 9.
2550 472 2624 526 De
2656 471 2879 540 torpida.

297 547 358 601 '0
387 546 715 617 ἀναίσθητος
751 549 894 604 ἔοικε
941 553 1073 622 λίθῳ
1104 554 1379 626 ὀξυγώνῳ,
1407 559 1658 629 κρούοντι
1691 562 1783 615 καὶ

1956 560 2586 632 Torpidus‘assimilatur
2629 564 2791 632 lapidi
2835 561 3008 618 acutis
3057 562 3270 632 angulis
3311 579 3445 631 pra-

217 639 294 710 μὴ
318 640 676 710 διαλυομένῳ.
722 643 1071 722 Ἀναισθησία
1093 647 1212 699 ἐστὶ
1253 649 1522 717 νέκρωσις
1576 651 1778 722 μελῶν,

1882 655 2015 720 dito,
2044 656 2137 726 qui
2163 657 2412 724 percutit,
2435 669 2611 726 neque
2640 667 2817 710 tamen
2850 656 2965 725 ipse
3003 655 3443 724 frangitur.Tor-

212 731 871 805 δαιμονιώντων’ἁδελφὴ,
905 736 1208 806 μεθυόντων
1244 741 1498 811 ὁμόνοια·
1529 743 1782 816 ὁρίζομεν

1881 748 2020 818 pedo
2073 747 2419 802 mortificatio
2490 748 2872 802 membrorum
2929 756 3053 810 est,
3110 746 3439 803 furiosorum

213 823 274 877 δὲ
308 823 404 876 καὶ
432 822 656 893 ταύτην,
686 825 969 896 διμηναῖον
1001 829 1352 897 προσκλαίειν
1393 834 1604 903 χρόνον,
1637 836 1778 906 ἡμέ-

1880 838 2236 909 germanitas,
2262 837 2537 890 ebriorum
2571 837 2888 892 concordia.
2931 837 3280 892 Decermmus
3315 837 3442 890 huic

215 930 318 983 ρας
347 911 424 965 κε’
453 913 632 968 ὲλαίου
660 916 754 968 καὶ
783 918 941 986 μόνου
968 922 1427 994 μεταλαμϐάνειν,
1453 926 1560 979 τῶν
1583 927 1639 980 δὲ
1667 928 1777 981 λοι-

1879 931 2041 984 etiam
2090 929 2223 984 vitio
2251 928 2564 983 bimestrem
2605 928 2824 989 ﬂetum,
2871 937 2924 981 et
2964 944 3059 997 per
3101 928 3220 982 dies
3251 927 3441 998 viginti

212 1002 336 1063 πῶν
373 1007 697 1076 ἀπέχεσθαι,
731 1010 905 1060 ποιεῖν
955 1014 1243 1080 μετανοίας
1295 1016 1413 1071 καθ’
1451 1018 1664 1090 ἡμέραν
1694 1025 1775 1090 ρ’·

1882 1021 2047 1075 unius
2070 1018 2173 1074 olei
2205 1033 2403 1083 usum,
2435 1017 2819 1072 abstinentiam
2851 1032 2879 1070 a
2907 1018 3140 1082 cateris,
3177 1027 3230 1072 et
3260 1017 3441 1086 quoti-

213 1100 311 1151 καὶ
334 1099 443 1170 γὰρ
469 1101 498 1154 ό
525 1099 850 1172 ἀναίσθητος
875 1102 1099 1160 δύναται
1129 1107 1312 1178 βαλεῖν
1333 1109 1425 1162 τὸν
1447 1109 1672 1180 ἀδελφὸν
1697 1111 1780 1176 είς

1879 1113 2071 1167 dianas
2143 1119 2443 1164 metanaas
2488 1118 2724 1163 centum.
2781 1107 2979 1178 Utique
3036 1109 3283 1178 torpidus
3330 1108 3440 1166 fra-

212 1187 510 1263 βάραθρον.

1877 1214 2014 1260 trem
2041 1216 2200 1259 suum
2229 1201 2282 1254 in
2316 1199 2631 1253 barathrum
2663 1199 2932 1269 conjicere
2963 1209 3150 1270 potest.

690 1283 741 1340 ι’.
776 1288 917 1355 Περὶ
946 1290 1294 1355 κενοδόξου.
2225 1294 2260 1348 1'

2225 1291 2310 1348 10.
2344 1290 2422 1346 De
2450 1292 2625 1344 inanis
2659 1291 2844 1361 gloria
2871 1291 3081 1360 cupido.

298 1373 357 1427 Ὀ
391 1375 667 1441 κενόδοξος
694 1377 769 1442 ὡς
796 1379 1143 1449 ὑπερήφανος
1179 1383 1593 1451 καταλογίζεται
1616 1399 1631 1414 °
1681 1387 1777 1440 xui.

1943 1385 2126 1442 Inanis
2179 1386 2364 1456 gloria
2413 1383 2642 1453 cupidus
2694 1383 2916 1453 superbi
2961 1383 3135 1438 instar
3183 1383 3431 1438 habetur.

208 1463 322 1532 γὰρ
347 1466 378 1532 ἡ
413 1465 685 1530 κενοδοξία
714 1469 850 1534 ἐστὶ,
882 1470 1023 1523 κατὰ
1049 1471 1147 1540 μὲν
1178 1473 1237 1526 τὸ
1266 1467 1405 1537 εἶδος
1435 1475 1647 1542 φύσεως
1683 1478 1772 1530 ὲν-

1873 1478 2121 1550 Namque
2150 1478 2333 1534 inanis
2382 1477 2566 1549 gloria
2613 1474 2919 1545 cupiditas,
2973 1476 3151 1545 specie
3191 1476 3431 1545 quidem,

208 1555 447 1626 αλλαγὴ,
506 1558 600 1609 καὶ
644 1558 792 1628 ἡθῶν
850 1559 1183 1632 διαστροφὴ,
1239 1563 1336 1626 καὶ
1392 1568 1775 1638 παρατήρησις

1873 1581 2080 1626 natura
2104 1577 2190 1625 est
2217 1570 2545 1633 immutatio,
2577 1583 2793 1623 morum
2823 1567 3124 1637 perversio,
3152 1566 3431 1636 vitupera-

211 1647 496 1716 μέμψεων,
527 1649 904 1721 ὑπερηφανίας
933 1654 1177 1725 τρίὸολος
1203 1656 1452 1726 ἐργασία.
1492 1658 1774 1732 Ὀρίζομεν

1874 1664 2080 1718 tionum
2114 1663 2372 1732 captatio,
2407 1661 2674 1731 superbia
2704 1660 2978 1716 senticosa
3003 1659 3263 1728 operatio.
3294 1657 3434 1714 Huic

206 1737 267 1789 δὲ
296 1738 391 1790 καὶ
422 1739 627 1810 ταύτην
653 1742 711 1793 ἐν
731 1741 775 1793 λ’
801 1743 1035 1814 ἡμέραις
1073 1746 1442 1815 προσκλαίειν,
1474 1749 1772 1821 ἑϐδομάδας

1873 1767 2087 1824 quoque
2140 1752 2484 1807 decernimus
2531 1751 2750 1820 triginta
2791 1749 3003 1804 dierum
3043 1749 3259 1813 ﬂetum,
3293 1748 3433 1802 dua-

206 1825 305 1878 δύο
358 1829 542 1897 ἄκρως
596 1830 925 1899 ξηροφαγεῖν
978 1833 1096 1905 ῶρᾳ
1141 1834 1206 1900 θ’,
1263 1837 1552 1906 μετανοίας
1597 1841 1772 1892 ποιεῖν

1873 1843 1974 1898 bus
2039 1842 2399 1898 hebdomadis
2468 1840 2681 1896 aridum
2743 1855 2970 1910 prorsus
3027 1839 3232 1893 victum
3297 1837 3431 1891 hora

209 1919 336 2000 κοιθῖ
363 1921 576 1991 ἡμέραν
617 1929 727 1994 pp},
765 1923 839 1988 ὡς
886 1925 1137 1997 δαίμονος
1173 1929 1346 1982 αῖτιον
1371 1929 1432 1984 τὸ
1464 1929 1634 1995 πάθος
1675 1932 1771 1987 καὶ

1871 1949 2036 1999 nona,
2082 1944 2135 1988 et
2191 1943 2489 1988 metanoeas
2534 1930 2881 2000 quotidianas
2926 1939 3143 1985 centum
3205 1929 3433 1998 quadra-

206 2009 492 2080 πρόξενον·
1870 2024 2041 2092 ginta.
2079 2021 2322 2092 Namque
2354 2023 2460 2077 hoc
2487 2021 2678 2075 vitium
2718 2036 2939 2076 causam
2979 2020 3210 2076 damoui
3238 2034 3433 2090 suppe-

1869 2115 2006 2170 ditat
2029 2123 2084 2169 et
2116 2114 2432 2184 hospitium.

612 2213 696 2268 ια’.
732 2218 868 2285 Περὶ
891 2217 1091 2274 δειλοῦ
1124 2220 1365 2293 (λείπει).

2222 2228 2306 2280 11.
2349 2227 2424 2282 De
2453 2228 2636 2283 timido
2669 2225 2829 2294 (deest
2862 2225 2915 2277 in
2947 2221 3109 2285 cod.).

641 2306 729 2378 ιβ’.
755 2310 891 2377 Περὶ
926 2312 1333 2382 ὑπερηφάνου.

1329 2360 1333 2368 .
2397 2319 2482 2373 12.
2547 2318 2624 2373 De
2658 2317 2899 2386 superbo.

307 2400 348 2450 Ο
393 2399 741 2469 ὑπερήφανος
789 2402 972 2470 ὅμοιός
1003 2406 1118 2456 ἐστι
1148 2405 1224 2474 τῷ
1261 2406 1493 2478 διαϐόλῳ
1521 2406 1597 2478 τῷ
1626 2407 1770 2462 κατᾶ

1941 2408 2219 2478 Superbus
2251 2410 2444 2464 similis
2493 2409 2708 2464 diabolo
2736 2418 2855 2471 est.
2912 2406 3003 2476 qui
3049 2405 3159 2459 Deo
3209 2401 3426 2458 restitit.

198 2486 341 2540 Θεοῦ
379 2490 770 2560 τραχηλίσαντι
794 2509 807 2521 ·
845 2494 1072 2565 καὶγὰρ
1105 2495 1444 2566 ὑπερηφανία
1486 2498 1600 2552 ἐστὶ
1633 2497 1766 2552 Θεοῦ

1867 2499 2001 2554 Nam
2035 2499 2287 2568 superbia
2318 2499 2533 2568 negatio
2566 2497 2661 2552 Dei
2691 2505 2793 2557 est,
2827 2497 3131 2549 damonum
3167 2490 3423 2556 inventio,

200 2580 454 2650 ἄρνησις,
494 2583 763 2652 δαιμόνων
792 2586 1031 2658 εὕρημα,
1069 2590 1415 2654 ἐξουδένωσις
1442 2591 1764 2662 ἀνθρώπων,

1869 2593 2151 2648 hominum
2195 2592 2375 2656 ruina,
2404 2590 2767 2644 damnationis
2799 2597 2994 2649 mater,
3028 2587 3122 2639 ira
3150 2584 3295 2645 fons,
3330 2583 3428 2652 hy-

198 2670 583 2738 κατακρίσεως
616 2673 820 2742 μήτηρ,
846 2675 1018 2744 θυμοῦ
1050 2678 1220 2748 πηγὴ,
1250 2681 1588 2750 ὑποκρίσεως
1617 2681 1763 2751 ῥίζα⁹

1868 2684 2143 2754 pocriseos
2174 2682 2349 2735 radix.
2385 2680 2522 2734 Huic
2564 2681 2691 2735 item
2722 2677 3070 2733 decernimus
3109 2681 3427 2730 semestrem

196 2760 460 2830 ὁρίζομεν
490 2764 584 2815 καὶ
611 2764 813 2834 ταύτην
839 2766 896 2819 ὲν
925 2766 983 2831 ἒξ
1016 2772 1146 2837 μησὶ
1174 2772 1525 2840 προσκλαίειν
1545 2775 1610 2842 τῇ
1635 2773 1766 2845 ἁγίᾳ

1866 2775 2050 2830 ﬂetum
2082 2773 2136 2827 in
2165 2781 2352 2827 sancta
2382 2773 2632 2833 ecclesia,
2667 2779 2900 2838 quatuor
2935 2763 3288 2821 hebdomadis
3318 2762 3428 2816 ari-

197 2853 498 2924 ἐκκλησίᾳ·
538 2855 837 2926 ἑϐδομάδας
867 2858 908 2912 δ’
951 2859 1278 2929 ξηροφαγεῖν
1307 2864 1490 2934 ἄκρως
1526 2863 1645 2936 ὥρᾳ
1676 2867 1764 2918 ὲν-

1866 2869 2059 2922 dorum
2091 2867 2338 2920 strictum
2372 2879 2538 2918 usum
2586 2864 2717 2917 hora
2763 2876 2929 2925 nona,
2980 2868 3038 2915 et
3080 2859 3428 2929 quotidianas

197 2946 336 3015 νὰτῃ
364 2963 376 2976 ·
405 2947 527 3000 καθ’
561 2949 773 3023 ἡμέραν
803 2953 1088 3021 μετανοίας
1121 2959 1215 3022 ρο⁸.

1867 2969 2164 3013 metanaas
2197 2955 2539 3026 septuaginta
2567 2969 2730 3022 supra
2763 2963 3010 3008 centum.

649 3063 738 3132 ιγ’.
769 3065 904 3131 Περὶ
927 3066 1321 3135 βλασφήμου.
1800 3129 1832 3136 _

1800 3129 1832 3136 _
2368 3071 2455 3124 13.
2503 3068 2574 3123 De
2603 3067 2921 3136 blasphemo.

280 3153 341 3206 Ὀ
370 3129 690 3225 βλάσφημος*
709 3158 775 3225 τῇ
805 3129 901 3207 τοῦ
935 3157 1070 3208 Κάῐν
1101 3129 1292 3228 *μερίδι
1317 3156 1758 3226 καταλογίζεταιο
1790 3129 1833 3188 c

1938 3161 2295 3231 Blaspltemus
2352 3161 2404 3214 in
2455 3160 2607 3215 Caini
2659 3160 2906 3229 partibus
2944 3165 3246 3226 reputatur.
3299 3152 3424 3212 Dira

195 3245 413 3316 καλεπὴ
454 3245 562 3316 γὰρ
613 3248 646 3314 ἡ
695 3247 819 3316 ῥίζα
869 3248 967 3323 τῇς
1020 3249 1314 3318 “uvam
1361 3249 1758 3320 ὑπερηφανίας’

1867 3264 1950 3310 est
1970 3256 2144 3320 enim,
2169 3254 2382 3319 fratres,
2403 3253 2671 3307 Satanira
2697 3251 2964 3321 superbia
3004 3249 3154 3303 radix
3185 3267 3196 3302 :
3233 3262 3427 3317 quam-

195 3337 419 3406 ἀδελφοί
443 3354 457 3367 ·
481 3337 561 3389 διὸ
584 3337 879 3404 ἀναγκαῖον
907 3338 1076 3408 αὐτὴν
1103 3341 1181 3402 εἰς
1213 3339 1375 3408 μέσον
1403 3339 1634 3409 ἀχθῆναι
1655 3357 1670 3372 ο
1699 3343 1760 3395 οὑ

1867 3350 2055 3402 obrem
2125 3364 2244 3403 eam
2299 3348 2353 3401 in
2389 3356 2637 3416 apertum
2687 3345 2994 3414 producere
3035 3356 3259 3396 necesse
3299 3348 3421 3394 est:

194 3431 309 3500 γὰρ
344 3429 453 3481 τῶν
491 3429 782 3499 τυχόντων,
806 3429 942 3482 ἀλλά
979 3448 1043 3498 γε
1073 3429 1250 3501 πολλῷ
1287 3432 1484 3501 μᾶλλον
1512 3431 1760 3502 χαλεπώ-

1868 3438 2310 3508 quandoquidem
2345 3438 2486 3491 haud
2523 3437 2761 3506 vulgaris
2793 3443 2877 3489 est
2916 3434 3092 3488 hostis
3120 3472 3135 3497 ,
3181 3431 3273 3486 sed
3307 3446 3424 3484 om-

194 3536 356 3590 τερος
409 3520 437 3571 ὁ
489 3518 683 3589 ἐχθρὸς
739 3523 955 3574 πάντων
1002 3519 1358 3574 καθίσταται·
1410 3522 1661 3594 ὁρίζομεν
1705 3523 1762 3575 δὲ

1868 3530 2018 3583 nium
2051 3531 2403 3599 asperrimus.
2448 3529 2800 3583 Decernimus
2847 3526 3121 3579 hominem
3157 3519 3424 3592 ejusmodi

198 3609 552 3675 προσκλαίειν
577 3609 736 3680 μέχρι
759 3609 1149 3679 κατορθώσεως
1173 3611 1266 3664 τοῦ
1288 3611 1512 3679 πάθους,
1537 3612 1763 3665 άκοινώο

1867 3618 1922 3672 in
1970 3619 2098 3674 ﬂetu
2131 3618 2336 3675 versari
2373 3618 2550 3687 quoad
2604 3617 2693 3670 hie
2739 3616 2962 3670 morbus
3002 3623 3241 3675 sanetur,
3271 3620 3423 3670 extra

197 3717 360 3770 νητον
402 3697 563 3762 εἶναι,
614 3703 942 3772 ξηροφαγεῖν
986 3701 1138 3771 ἡλίου
1171 3703 1422 3773 δυσμαῖς,
1473 3706 1764 3773 μετανοίας

1867 3709 2309 3763 communionem
2349 3723 2493 3771 esse,
2520 3708 2688 3764 aridis
2721 3705 2862 3760 vesci
2895 3705 2996 3759 sub
3040 3703 3172 3758 solis
3203 3717 3420 3764 occasu,

199 3795 376 3844 ποιεῖν
399 3793 516 3845 καθ’
540 3792 751 3864 ἡμέραν
769 3790 834 3855 τ’,
865 3793 1055 3864 μέχρις
1074 3793 1138 3846 ἂν
1160 3795 1369 3866 ἀποστῇ
1390 3797 1484 3865 τῆς
1504 3795 1760 3865 ἀθεμίτου

1867 3813 1918 3855 ει
1942 3799 2288 3869 quotidianas
2314 3798 2491 3853 facere
2521 3807 2818 3854 metanaas
2844 3803 3135 3860 trecentas,
3156 3793 3329 3847 donec
3355 3791 3423 3845 ab

200 3882 568 3952 βλασφημίας.

1868 3892 2034 3961 impia
2067 3889 2401 3958 blasphemia
2429 3891 2667 3945 recedat.

679 3995 757 4050 ιδ’.
785 3998 921 4065 Περὶ
950 3997 1277 4067 θυμώδους.

2395 4001 2483 4055 14.
2528 4000 2602 4054 De
2636 3999 2911 4055 iracundo.

284 4086 342 4140 '0
372 4086 627 4156 θυμώδης
661 4087 805 4139 ἔοικε
846 4088 1221 4155 δαιμονιῶντιο
1255 4089 1424 4160 θυμὸς
1471 4092 1578 4160 γάρ
1615 4092 1761 4147 ἐστιν

1936 4094 2236 4151 Iracundus
2266 4093 2462 4148 similis
2502 4103 2586 4148 est
2627 4093 2956 4149 damonium
2989 4089 3237 4155 babenti;
3270 4102 3425 4142 nam-

199 4176 415 4246 ἑταιρία
460 4177 748 4246 δαιμόνων.
817 4178 997 4246 Ἀνὴρ
1033 4180 1325 4249 θυμώδης,
1371 4185 1482 4236 οὐκ
1538 4186 1762 4254 εὐσχή-

1867 4203 1975 4256 que
2019 4188 2096 4241 ira
2135 4187 2526 4239 damoniorum
2558 4186 2823 4239 sodalitas
2853 4191 2953 4237 est.
3008 4181 3102 4235 Vir
3133 4179 3421 4233 iracundus

192 4285 327 4337 μων
353 4269 402 4298 ⁵·
430 4269 458 4320 ό
479 4267 646 4337 θυμὸς
679 4268 819 4322 ἔστω
855 4286 936 4321 σοι
968 4271 1110 4323 κατὰ
1146 4272 1309 4340 μόνου
1338 4273 1432 4327 τοῦ
1465 4275 1661 4342 δφεως,
1693 4278 1761 4331 δι’

1869 4293 1971 4331 non
2007 4288 2083 4330 est
2111 4277 2327 4329 decorus
2353 4278 2394 4329 ³.
2444 4277 2526 4330 Ira
2576 4275 2670 4329 tibi
2717 4277 2788 4330 sit
2816 4275 3072 4329 adversus
3116 4279 3419 4341 serpentem

198 4360 259 4415 ὃν
307 4359 602 4426 ὲξέπεσας·
642 4361 896 4432 ὁρίζομεν
934 4362 989 4415 δὲ
1039 4361 1092 4432 μ’
1126 4364 1338 4435 ἡμέρας
1387 4367 1758 4436 προσκλαίειν,

1870 4369 2246 4422 tantummodo
2308 4367 2465 4434 cujus
2525 4381 2691 4423 causa
2749 4363 3014 4423 cecidisti,
3075 4360 3423 4415 Decernitnus

200 4452 468 4522 ἑϐδομάδα
494 4453 659 4522 τυροῦ
693 4455 787 4506 καὶ
811 4453 918 4506 ώοῦ
951 4457 1042 4508 καὶ
1061 4457 1203 4510 οἴνου
1232 4459 1324 4510 καὶ
1351 4459 1528 4512 ἐλαίου
1560 4461 1760 4531 ἀπέχε·

1870 4457 2227 4527 quadraginta
2271 4458 2477 4511 dierum
2523 4456 2707 4511 ﬂetum
2734 4494 2750 4518 ,
2796 4462 2850 4508 et
2887 4468 2994 4506 una
3024 4447 3358 4510 ltebdomada
3389 4463 3420 4502 a

201 4544 356 4605 σθαι,
387 4545 674 4613 μετανοίας
724 4547 896 4596 ποιεῖν
954 4546 1068 4598 καθ’
1118 4548 1327 4618 ἡμέραν
1385 4557 1468 4620 ρ’·
1499 4552 1608 4604 Καὶ
1651 4556 1761 4621 γὰρ

1870 4563 2055 4612 caseo,
2087 4548 2223 4612 ovis,
2255 4548 2402 4612 vino,
2433 4546 2660 4616 oleoque
2688 4545 2963 4600 abstinere
2984 4585 2999 4608 ,
3044 4552 3096 4596 et
3125 4551 3422 4596 metanoeas

191 4632 354 4701 ῥοπὴ
394 4633 499 4687 τοῦ
527 4633 717 4700 θυμοῦ
752 4634 958 4697 αὑτοῦ,
982 4635 1208 4703 πτῶσις
1237 4640 1395 4706 αὐτῷ
1413 4641 1541 4693 ἐστι
1567 4643 1587 4674 ⁸
1612 4659 1625 4673 ·
1661 4645 1760 4698 καί

1865 4651 2077 4696 centum
2110 4640 2351 4711 quotidie
2382 4637 2579 4693 facere.
2614 4636 2821 4690 Etenim
2865 4637 3084 4701 impetus
3128 4635 3223 4688 ira
3264 4632 3378 4700 ejus
3404 4668 3421 4695 ,

200 4723 344 4794 ὀργὴ
375 4726 688 4779 ἀπόλλυσι
712 4723 810 4776 καί
831 4727 1176 4793 φρονίμους.

1860 4734 2017 4787 ruina
2044 4732 2206 4800 ipsius
2233 4738 2331 4783 est.
2366 4728 2429 4782 Et
2451 4730 2533 4782 ira
2557 4729 2725 4798 perdit
2746 4728 2905 4781 etiam
2934 4727 3212 4795 prudentes
3235 4726 3275 4778 ⁸.

705 4836 786 4893 ιε’.
817 4838 951 4906 Περὶ
979 4839 1244 4909 ὀργίλου.
2175 4842 2259 4896 15.

2175 4842 2259 4896 15.
2302 4840 2378 4893 De
2405 4857 2464 4893 eo
2505 4841 2594 4911 qui
2644 4840 2800 4909 facile
2831 4839 3101 4892 irascitur.

283 4945 341 5001 '0
361 4947 712 5017 ὀργιζόμενος
753 4949 935 5016 ὅμοιος
981 4945 1093 5012 τοῖς
1129 4950 1220 5003 τοῦ
1273 4951 1468 5023 Ἰωσὴφ
1510 4953 1757 5024 ἀδελφοῖς

1934 4952 2034 5018 Qui
2080 4953 2332 5008 irascitur
2379 4953 2573 5008 similis
2625 4962 2710 5007 est
2747 4951 2966 5021 Josephi
3004 4951 3283 5007 fratribus.
3327 4950 3420 5004 Est

197 5041 532 5109 καθέστηκεν
550 5039 705 5108 ’ὀργὴ
726 5040 832 5108 γάρ
856 5042 972 5092 ἐστι
996 5042 1306 5111 φρονήσεως
1335 5044 1636 5117 διαρπαγὴ,
1665 5051 1758 5102 καὶ

1865 5044 2011 5097 enim
2062 5045 2141 5100 ira
2185 5042 2492 5098 intellectus
2542 5043 2806 5111 direptio,
2858 5043 3136 5111 tranquilli
3189 5042 3415 5096 fratrum

199 5132 583 5192 καταστάσεως
613 5130 858 5198 ἀδελφῶν
888 5133 1284 5205 ὲκτρεποσύνη,
1313 5136 1409 5188 καὶ
1442 5137 1760 5209 ἡγριωμένη

1859 5144 2034 5190 status
2065 5135 2294 5198 eversio,
2318 5145 2370 5188 et
2401 5150 2558 5190 sava
2586 5136 2829 5205 quadam
2857 5136 3187 5204 compaginis
3216 5135 3413 5189 forma.

203 5223 383 5294 μορφὴ
432 5223 702 5291 κράσεως.
764 5222 1046 5294 Ὀρίζομεν
1089 5225 1146 5278 δὲ
1190 5226 1280 5279 τὸν
1323 5227 1539 5297 ὀργίλον
1590 5231 1762 5298 μῆνας

1860 5225 2213 5281 Decernimus
2258 5240 2434 5294 prono
2485 5227 2551 5281 ad
2594 5226 2730 5280 iram
2766 5227 3076 5281 bimestrem
3119 5227 3324 5292 ﬂetum,
3364 5236 3417 5281 et

199 5315 291 5366 δύο
318 5312 695 5383 προσκλαίειν,
727 5319 778 5381 μ’
798 5315 1010 5384 ἡμέρας
1040 5316 1365 5385 ξηροφαγείν
1391 5318 1510 5388 ὥρᾳ.
1537 5318 1753 5389 ὲννάτη,

1864 5317 2221 5385 quadraginta
2264 5317 2456 5373 diebus
2501 5318 2658 5372 arido
2697 5318 2819 5372 cibo
2854 5319 2928 5371 uti
2974 5320 3100 5371 hora
3146 5333 3309 5380 nona,
3362 5326 3415 5369 et

204 5406 485 5474 μετανοίας
506 5404 681 5457 ποιεῖν
705 5401 746 5455 σ¹
770 5420 784 5434 ·
815 5405 906 5458 τὸν
933 5405 1040 5475 γὰρ
1061 5408 1411 5478 ὀργιζόμενον
1439 5409 1514 5476 τῷ
1545 5408 1756 5478 ἀδελφῷ

1865 5419 2161 5463 metanmas
2189 5407 2363 5462 facere
2390 5409 2670 5464 ducentas.
2703 5407 2940 5477 Namque
2973 5410 3282 5461 irascentem
3302 5406 3415 5474 fra-

201 5495 362 5548 αὺτοῦ
392 5499 420 5548 ό
445 5495 651 5565 Κύριος
684 5494 882 5563 ἔφησεν
903 5497 1083 5567 ἔνοχον
1108 5494 1246 5552 εἶναι
1283 5501 1379 5569 τῆς
1406 5499 1678 5564 κολάσεως
1697 5502 1716 5532 τ
1739 5521 1751 5532 ·

1863 5503 1929 5552 tri
1979 5517 2072 5553 suo
2119 5499 2374 5554 Dominus
2427 5516 2570 5555 reum
2615 5515 2777 5570 paena
2823 5500 2987 5570 agit'.
3035 5498 3213 5564 Quare
3256 5496 3411 5565 culpa

200 5583 319 5638 ὅθεν
346 5588 438 5638 καὶ
470 5587 530 5640 τὸ
566 5587 768 5656 πτῶμα
804 5587 1030 5659 φοϐερόν
1061 5591 1223 5642 ἐστιν.

804 5587 1030 5659 φοϐερόν
1061 5591 1223 5642 ἐστιν.
1860 5591 2215 5647 formidabilis
2242 5600 2344 5646 est.

253 5791 270 5823 ³
307 5790 464 5846 Prov.
500 5805 582 5851 XL,
616 5789 703 5844 25.
735 5808 812 5862 gr.
893 5794 910 5823 ⁸
941 5789 1108 5847 Eccli.
1139 5808 1173 5858 ι,
1201 5795 1261 5849 19
1285 5811 1363 5863 gr.
1438 5794 1658 5849 'Matth.
1689 5795 1845 5859 v,2‘2.
