3976 6314
550 321 680 389 1727

1087 433 1174 488 i6.
1221 433 1291 488 De
1327 434 1572 488 tristitia.

622 523 869 578 Tristitia
892 525 1172 580 demersus
1204 526 1398 579 similis
1429 537 1513 579 est
1537 527 1743 581 homini
1776 528 1868 597 qui
1895 529 1946 580 in
1977 529 2112 582 mari

552 625 928 683 tempestatem
971 617 1197 684 patitur.
1232 615 1478 669 Tristitia
1512 628 1597 673 est
1622 619 1816 672 anima:
1843 620 2067 672 ariditas
2101 635 2114 670 :

570 704 678 757 Viri
725 706 859 757 enim
888 706 1058 758 tristis
1106 708 1439 759 exsiccantur
1500 724 1618 760 ossa
1640 708 1684 761 ⁸.
1737 708 1803 762 Et
1846 708 2118 761 tristitiam

553 794 706 863 longe
736 796 923 864 repelle
971 814 1003 848 a
1053 800 1163 850 te”.
1198 796 1550 852 Decernimus
1604 799 1881 852 hominem
1927 800 2117 867 hujus-

557 887 700 939 modi
724 888 1118 941 incessantihns
1150 889 1398 956 precibus
1430 890 1568 957 apud
1594 891 1764 944 altare
1792 890 1940 954 ﬂere,
1977 906 2116 959 quo-

557 978 690 1032 tidie
737 987 1037 1033 metantnas
1084 989 1306 1032 centum
1354 981 1748 1050 quinquaginta
1801 981 2016 1045 facere,
2069 993 2122 1038 et

558 1069 900 1138 quingenties
925 1070 1104 1124 dicere
1133 1087 1146 1122 :
1178 1070 1416 1135 Domine,
1441 1073 1705 1126 miserere.
1731 1073 1868 1127 Nam
1901 1074 2121 1130 tristitia

557 1170 734 1229 potest
764 1160 829 1214 ad
860 1160 1253 1230 blasphemiam
1287 1162 1582 1230 impellere.

1082 1250 1167 1303 17.
1203 1249 1279 1302 De
1301 1251 1590 1306 homicida.

632 1338 911 1392 Homicida
978 1340 1111 1410 legis
1173 1342 1392 1411 quidem
1453 1343 1766 1413 praescripto
1836 1345 2122 1400 moriatur.

565 1428 668 1484 Sed
705 1439 926 1483 sanctus
953 1429 1193 1485 Basilius
1230 1433 1357 1486 huic
1389 1447 1658 1492 annorum
1692 1436 2002 1503 quindecim
2032 1436 2124 1490 ﬂe-

563 1529 675 1576 tum
714 1521 1015 1584 constituit,
1051 1532 1104 1576 et
1141 1525 1307 1578 aridis
1341 1525 1586 1580 districte
1619 1527 1765 1581 vesci
1795 1527 1923 1581 hora
1957 1542 2121 1591 nona,

563 1621 615 1665 et
642 1621 795 1668 extra
830 1616 1268 1669 communionem
1314 1632 1555 1671 manere.
1598 1617 1707 1672 Nos
1735 1620 1800 1672 ad
1833 1620 2124 1673 triennium

565 1717 833 1755 canonem
869 1705 1015 1756 hunc
1061 1705 1380 1773 redigimus,
1415 1708 1682 1776 siquidem
1713 1709 2042 1777 pmnituerit,
2072 1716 2126 1762 et

1427 326 1524 387 DE
1563 326 2068 389 CONFESSIONE
2099 329 2192 390 ET
2231 332 2828 394 SATI‘SFACTIONE.

3673 338 3807 401 1728

2737 450 2830 506 ις’.
2862 441 2999 510 Περὶ
3021 443 3244 508 λύπης.

2306 536 2363 589 '0
2384 537 2448 605 τῇ
2479 534 2622 604 λύπῃ
2652 534 3038 603 βεϐυϐισμένος
3073 535 3248 586 ἔοικεν
3277 533 3436 601 diripi
3470 532 3808 597 κλυδωνιζοα

2225 627 2367 697 μένῳ
2390 629 2447 680 ἐν
2473 626 2550 694 τῷ
2577 626 2835 693 πελάγει·
2865 625 3008 694 λύπη
3037 626 3144 693 γάρ
3175 627 3291 677 ὲστι
3320 623 3508 693 ψυχῆς
3544 624 3806 694 ξηρότης

2232 721 2464 788 Ἀνδρὸς
2491 719 2600 789 γὰρ
2619 721 2894 787 λυπηροῦ
2918 720 3259 787 ξηραίνεται
3284 719 3440 773 ὀστᾶ
3462 736 3476 748 ·
3517 721 3654 782 Καὶ,
3690 725 3809 775 Ma-

2220 812 2371 878 κρὰν
2412 812 2671 877 ,ποίησον
2717 811 2836 864 ἀπὸ
2869 811 2984 864 σοῦ
3027 812 3258 877 λύπην·
3296 811 3568 882 ὁρίζομεν
3618 812 3679 864 δὲ
3722 815 3810 866 τὸν

2219 901 2459 955 τοιοῦτον
2506 901 2857 972 προσκλαίειν
2883 903 2960 969 τῷ
2989 902 3360 971 θυσιαστηρίῳ
3407 902 3606 971 εὐχαῖς
3654 904 3808 956 ἀδιά-

2220 992 2470 1046 λειπτονο
2528 996 2701 1046 ποιεῖν
2766 992 2888 1046 καθ’
2937 993 3148 1063 ἡμέραν
3217 994 3518 1063 μετανοίας
3587 992 3691 1057 ον’,
3752 997 3809 1047 τὸ

2220 1088 2394 1154 Κύριε
2408 1087 2670 1154 ἐλέησον
2686 1092 2756 1155 φ’·
2778 1085 2999 1139 δύναται
3027 1085 3134 1157 γὰρ
3160 1086 3304 1157 λύπη
3336 1086 3419 1148 είς
3445 1085 3812 1155 βλασφημίαν

2224 1177 2400 1249 ῥίψαι.

2743 1267 2827 1333 ιζ’.
2857 1267 2994 1337 Περὶ
3019 1269 3268 1337 φονέως.

2302 1361 2361 1415 '0
2386 1361 2579 1429 φονεὺς
2605 1359 2747 1413 κατὰ
2785 1360 2881 1426 μὲν
2912 1359 3004 1411 τὸν
3034 1361 3197 1428 νόμον
3228 1359 3674 1428 ἀποθνησκέτω·
3709 1362 3735 1412 ὁ
3759 1361 3812 1412 δὲ

2225 1454 2378 1520 ἅγιος
2427 1453 2703 1515 Βασίλειος
2749 1459 2812 1504 ιε’
2839 1452 2934 1519 ἔτη
2979 1450 3176 1521 ὥρισεν
3223 1451 3386 1504 αὐτὸν
3424 1451 3812 1519 προσκλαίειν,

2226 1546 2555 1616 Εηροφαγεῖν
2615 1547 2800 1614 ἄκρως
2854 1543 2973 1614 ὥρᾳ
3030 1543 3243 1613 ὲννάτῃ.
3284 1543 3382 1594 καὶ⁵
3436 1541 3814 1610 ἀκοινώνητον

2226 1633 2366 1689 εἶναι
2386 1655 2398 1667 ο
2424 1639 2586 1706 ἡμεῖς
2606 1636 2662 1689 δὲ
2683 1636 2870 1706 τριετῆ
2898 1635 3089 1703 χρόνον
3110 1634 3198 1685 τὸν
3231 1633 3441 1685 κανόνα
3471 1631 3674 1684 τοῦτον
3701 1633 3815 1701 ὁρί-

2231 1728 2416 1796 ζομεν,
2457 1727 2550 1780 ἐὰν
2589 1729 2842 1797 μετανοῇ,
2877 1729 2970 1779 καὶ
2999 1730 3027 1778 ὁ
3056 1727 3252 1796 μόχθος
3293 1724 3466 1777 αὐτοῦ
3506 1725 3809 1794 φαίνηται·

565 1793 785 1846 alllictio
831 1794 950 1860 ejus
997 1807 1273 1863 appareat.
1308 1795 1462 1862 Quod
1501 1801 1547 1852 si
1582 1815 1794 1866 poenam
1848 1800 1987 1853 hanc
2033 1815 2124 1854 ne-

2360 1772 2416 1871 δέ
2443 1772 2638 1890 ἄμελξιν,
2679 1819 2747 1873 τὰ
2863 1772 3157 1872 sat-zelach
3178 1772 3297 1887 ἔτή,
3326 1817 3471 1870 κατὰ
3499 1772 3599 1869 τὸν
3637 1772 3811 1886 μίέγαν

566 1883 814 1954 glexerit,
860 1884 1168 1952 quindecim
1210 1887 1369 1940 annis
1399 1887 1532 1950 luat,
1561 1899 1720 1956 prout
1749 1904 1981 1958 magnus
2018 1889 2132 1942 vult

566 1972 825 2028 Basilius.

1106 2065 1194 2118 18.
1239 2065 1310 2119 De
1347 2070 1610 2124 adultero.

639 2157 864 2212 Adulter
896 2158 1178 2213 homicidae
1216 2162 1411 2215 similis
1449 2171 1552 2216 est.
1597 2161 1730 2216 Nam
1764 2163 1856 2232 qui
1897 2162 2132 2232 proximi

570 2249 653 2301 sui
680 2250 833 2302 uxori
871 2249 1181 2310 insidiatur.
1215 2253 1456 2321 gladium
1486 2257 1780 2323 ancipitem
1825 2264 2024 2322 movet,
2075 2264 2130 2310 et

569 2341 854 2393 dissidium
896 2340 1122 2396 inducit.
1152 2341 1383 2399 Sanctus
1407 2346 1623 2414 quidem
1648 2346 1880 2402 Basilius
1921 2348 2130 2401 consti-

572 2434 693 2492 tuit.
722 2433 867 2489 hunc
893 2437 1051 2490 annis
1080 2437 1388 2505 quindecim
1412 2440 1566 2494 arido
1597 2442 1840 2496 districto
1872 2442 1995 2496 cibo
2030 2442 2131 2505 uti,

572 2525 706 2578 hora
745 2540 911 2580 nona.
942 2524 1054 2582 Nos
1093 2544 1244 2592 vero,
1295 2531 1338 2585 si
1385 2529 1581 2584 vitium
1623 2532 1911 2602 abruptum
1948 2531 2131 2595 fuerit,

572 2614 777 2670 biennii
799 2619 1425 2675 excommunicationem
1449 2622 1817 2686 decernimus,
1839 2639 1960 2677 cum
1984 2624 2135 2678 arido

573 2707 794 2761 omnino
821 2707 964 2773 cibo,
1007 2717 1060 2763 et
1098 2713 1385 2766 metanmis
1423 2713 1760 2781 quotidianis
1791 2714 2060 2769 ducentis.

1066 2799 1150 2853 19.
1194 2799 1271 2855 De
1296 2802 1638 2869 fornicatore.

643 2891 961 2948 Fornicalor
999 2909 1095 2948 sex
1144 2897 1302 2950 annis
1348 2911 1500 2950 extra
1548 2898 1988 2951 communionem
2045 2898 2134 2962 sit,

574 2979 697 3035 cibo
725 2982 879 3037 arido
910 2999 1132 3039 vescens
1168 2987 1299 3039 hora
1327 2999 1493 3049 nona,
1529 3002 1653 3040 cum
1694 2989 1977 3041 metanmis
2008 3003 2137 3048 cen-

2230 1911 2530 1965 Βασίλειον.

2759 2086 2846 2158 ιη’.
2881 2088 3018 2154 Περὶ
3042 2085 3282 2156 μοιχοῦ.

2313 2183 2370 2234 '0
2405 2180 2588 2251 μοιχὸς
2618 2181 2799 2250 ὅμοιος
2835 2178 2913 2249 τῷ
2945 2182 3130 2247 φονεῖ·
3161 2180 3188 2232 ὁ
3217 2179 3325 2246 γὰρ
3354 2178 3421 2246 τῇ
3457 2175 3559 2228 τοῦ
3586 2176 3812 2243 πλησίον

2233 2273 2451 2340 γυναικὶ
2494 2270 2881 2334 ἐπιϐουλεύων,
2917 2271 3188 2340 μάχαιραν
3222 2266 3480 2336 δίστομον
3514 2271 3688 2332 κινεῖ,
3724 2268 3812 2318 καί

2233 2360 2509 2431 χωρισμὸν
2536 2361 2806 2414 ἀποτελεῖ.
2830 2363 2938 2413 Καὶ
2965 2361 2994 2412 ὁ
3023 2360 3118 2429 μὲν
3152 2357 3308 2425 ἆγιος
3342 2359 3635 2420 Βασίλειος
3663 2357 3813 2426 (ὤρι-

2234 2454 2347 2520 σεν)
2369 2452 2463 2522 ἐτη
2493 2459 2552 2504 ιε’
2586 2452 2994 2522 ξηροφαγοῦντα
3022 2452 3204 2519 ἄκρως
3236 2449 3355 2520 ὥρᾳ
3382 2452 3621 2518 ὲννάτῃο
3650 2450 3811 2517 ἡμεῖς

2232 2544 2289 2598 δὲ
2314 2543 2410 2597 τοῦ
2452 2544 2654 2605 πάθους
2683 2542 3104 2611 ἐκκοπτομένου,
3136 2540 3283 2609 διετῆ
3335 2542 3532 2610 χρόνον
3575 2538 3808 2592 ἀκοινώ-

2234 2653 2395 2706 νητον
2438 2631 2600 2700 εἶναι,
2645 2633 3054 2705 ξηροφαγοῦντα
3093 2633 3295 2704 ἄκρως,
3334 2631 3636 2700 μετανοίας
3688 2631 3807 2684 καθ’

2235 2729 2445 2800 ἡμέραν
2470 2727 2766 2790 διακοσίας.

2749 2819 2835 2872 tO'.
2865 2819 3003 2886 Περὶ
3033 2820 3278 2885 πόρνου.

2336 2915 2377 2965 0
2424 2911 2619 2982 πόρνος
2661 2910 2721 2974 ἓξ
2767 2909 2860 2979 ἔτη
2895 2908 3276 2978 ἀκοινώνητος,
3309 2905 3647 2984 ξηροφαγῶν
3692 2906 3807 2975 ὥρᾳ

2238 3003 2452 3076 ἒννάτῃ,
2482 3005 2768 3073 μετανοίας
2797 3000 2904 3071 ρν’·
2931 3004 2979 3057 si.
3014 3001 3068 3055 δὲ
3095 3000 3292 3071 ἀμελῇ,
3323 3001 3398 3071 τῷ
3431 3003 3658 3069 μεγάλῳ
3688 3003 3804 3051 sm

576 3082 688 3124 tum
736 3074 1152 3143 quinquaginta.
1195 3074 1350 3139 Quod
1399 3077 1444 3129 si
1498 3076 1814 3145 neglexerit,
1859 3075 2134 3144 grandiori

2243 3074 2526 3164 τιμίῳ-ίτοῦ
2555 3093 2710 3161 ἁγίου
2744 3092 3023 3147 Βασιλείου
3051 3092 3521 3153 καταδικαζέσθω.

573 3176 745 3232 postue
778 3165 955 3218 sancti
982 3164 1166 3219 Basilii
1203 3166 1275 3220 sit
1305 3167 1598 3220 obnoxius.

852 3256 941 3310 20.
985 3257 1059 3310 De
1084 3257 1435 3311 masculorum
1467 3258 1819 3321 concubitore,

646 3347 750 3414 Qui
805 3348 1194 3417 turpitudinem
1250 3364 1374 3403 cum
1441 3351 1699 3406 masculis
1757 3353 2135 3419 commiserit,

575 3436 723 3492 hunc
750 3447 975 3494 sanctus
1001 3438 1233 3494 Basilius
1261 3441 1573 3510 quindecim
1612 3442 1773 3497 annis
1806 3453 1960 3503 extra
1987 3461 2140 3500 com-

575 3530 889 3585 munionem
936 3545 1059 3586 esse
1112 3531 1353 3588 decrevit
1392 3533 1728 3602 jejunantem
1785 3551 1850 3589 ac
1901 3535 2137 3592 ﬂentem.

575 3621 687 3676 Nos
730 3630 934 3687 tamen,
969 3624 1237 3691 siquidem
1275 3640 1303 3678 a
1334 3637 1557 3694 peccato
1595 3643 1656 3682 se
1694 3630 1988 3682 recessisse
2025 3645 2142 3681 cre-

576 3715 818 3771 dibiliter
841 3717 1198 3784 demonstret,
1232 3718 1453 3772 biennio
1479 3728 1684 3773 tantum
1719 3729 1868 3774 extra
1897 3735 2143 3774 commu-

578 3807 795 3861 nionem
828 3823 951 3861 eum
984 3824 1127 3869 esse,
1164 3809 1320 3862 arido
1359 3811 1481 3864 cibo
1508 3819 1749 3864 utentem
1788 3811 1923 3864 hora
1976 3826 2140 3874 nona,

574 3895 854 3962 iubemus.
883 3895 1039 3961 Quod
1068 3898 1114 3951 si
1147 3912 1360 3965 poenam
1386 3899 1526 3953 hanc
1556 3901 1875 3970 neglexerit,
1908 3901 2141 3970 quinde-

579 3987 685 4042 cim
715 4001 983 4046 annorum
1015 4005 1231 4058 pmnam
1267 3991 1554 4047 sustineat.

928 4078 1018 4134 21.
1065 4079 1142 4133 De
1190 4089 1405 4135 coeunte
1452 4097 1571 4133 cum
1614 4081 1798 4135 bestia.

653 4175 756 4243 Qui
813 4189 936 4229 cum
990 4173 1181 4228 bestiis
1223 4189 1337 4227 rem
1387 4181 1596 4243 turpem
1652 4175 1938 4238 habuerit,
1991 4175 2148 4244 juxta

584 4275 833 4324 sanctum
869 4264 1130 4317 Basilium
1163 4263 1476 4332 quindecim
1511 4265 1670 4318 annis
1713 4278 1864 4320 extra
1903 4283 2149 4321 commu-

585 4357 802 4408 nionem
849 4355 974 4407 erit.
1023 4352 1132 4409 Nos
1181 4363 1357 4408 tamen
1411 4354 1456 4406 si
1511 4368 1541 4405 a
1579 4353 1785 4421 ﬂagitio
1832 4356 2146 4418 cessaverit,

2655 3263 2724 3320 κ’.
2754 3263 2893 3332 Περὶ
2930 3264 3380 3332 ἁρσενοκοὶτου.

2318 3357 2380 3410 '0
2411 3357 2509 3427 τὴν
2538 3356 2927 3427 ἀσχημοσύνην
2949 3359 3006 3409 ὲν
3032 3360 3143 3418 τοῖς
3165 3357 3388 3426 ἄρρεσιν
3416 3354 3806 3425 ἐπιδεικνύμε-

2241 3466 2350 3514 νος,
2374 3450 2401 3502 ὁ
2439 3451 2534 3518 μὲν
2561 3448 2715 3516 ἅγιος
2743 3447 3019 3510 Βασίλειος
3055 3454 3114 3501 ιε’
3144 3446 3238 3516 ἔτη
3268 3445 3469 3517 ὥρισεν
3504 3447 3805 3512 ἀκοινώνη-

2241 3557 2334 3595 τον
2394 3540 2720 3609 νηστεύοντα
2761 3537 2856 3591 καὶ
2909 3537 3336 3607 προσκλαίοντα·
3388 3539 3556 3607 ἡμεῖς
3607 3539 3665 3591 δὲ
3718 3540 3806 3589 ἐὰν

2242 3634 2451 3702 ἀποστῇ
2501 3629 2592 3683 τοῦ
2630 3631 2798 3683 κακοῦ
2838 3629 2974 3700 μετὰ
3008 3629 3398 3699 πληροφορίας,
3437 3629 3588 3700 διετῆ
3619 3632 3804 3701 χρόνον

2243 3721 2625 3791 ἀκοινώνητον,
2659 3719 3069 3793 ξηροφαγοῦντα
3107 3719 3224 3790 ὥρᾳ
3262 3720 3481 3791 ὲννάτῃ,
3519 3721 3803 3789 μετανοίας

2247 3822 2290 3867 σ¹
2315 3832 2330 3846 ·
2360 3817 2406 3868 εἱ
2431 3816 2488 3868 δὲ
2514 3814 2710 3885 ἀμελῇ,
2735 3815 2804 3867 τὰ
2831 3812 3126 3868 δεκαπέντε
3153 3813 3247 3884 ἐτη
3284 3814 3577 3866 ἐκτελείτω
3603 3813 3665 3867 τὺ
3689 3816 3802 3865 im-

2243 3904 2443 3977 τίμιον.

2673 4080 2778 4136 κα¹.
2815 4081 2954 4150 Περὶ
2997 4080 3383 4148 κτηνοϐἀτου.

2329 4177 2387 4229 '0
2422 4176 2478 4226 ἐν
2510 4173 2725 4242 ἀλόγοις
2753 4175 2851 4240 τὴν
2879 4171 3262 4242 ἀσχημοσύνην
3291 4170 3637 4240 ποιούμενος,
3673 4170 3800 4222 κατὰ

2247 4269 2338 4320 τὸν
2400 4269 2552 4335 ἅγιον
2611 4265 2884 4318 Βασίλειον
2939 4269 2999 4315 ιε·
3046 4262 3137 4330 ἐτη
3197 4259 3562 4329 ἀκοινώνητος
3620 4259 3800 4310 ἔσται’

2248 4359 2407 4426 ἡμεῖς
2469 4357 2524 4408 δὲ
2583 4356 2676 4409 ἐὰν
2741 4354 2831 4407 τοῦ
2881 4351 3051 4406 κακοῦ
3105 4353 3339 4419 ἀποστῇ,
3401 4351 3551 4420 διετῆ
3618 4351 3806 4420 χρόνον,

586 4445 790 4500 biennii
847 4444 1472 4498 excomnmnicationem
1537 4445 1584 4497 ei
1644 4444 1958 4507 inferimus,
2020 4463 2134 4500 cum

2249 4448 2610 4518 ἁκοινιὲινητον
2673 4441 2812 4498 εἶναι
2870 4443 3142 4515 ὁρίζομεν,
3207 4442 3626 4512 ξηροφαγοῦντα
3692 4443 3802 4510 ὥρᾳ.

585 4536 740 4589 arido
766 4535 888 4590 cibo
927 4535 1060 4589 hora
1093 4548 1258 4594 nona,
1293 4543 1346 4587 et
1375 4548 1499 4586 eum
1548 4536 1836 4587 metamnis
1877 4536 2147 4590 ducentis.

587 4628 740 4695 Quod
790 4627 834 4682 si
886 4626 1206 4698 neglexerit,
1251 4625 1562 4695 quindecim
1615 4641 1884 4678 annorum
1931 4639 2148 4696 pennam

587 4719 818 4789 expleat.

1128 4811 1218 4864 22.
1261 4809 1338 4863 De
1368 4811 1588 4863 incestu.

658 4905 762 4971 Qui
798 4905 851 4956 in
889 4917 1131 4958 sororem
1165 4904 1441 4972 propriam
1487 4903 1672 4971 lapsus
1709 4902 1892 4966 fuerit,
1919 4902 2148 4972 quinde-

589 4998 694 5052 cim
729 4997 890 5050 annis
920 4995 1306 5050 communione
1346 5004 1548 5055 careat,
1581 5004 1742 5063 prout
1770 4996 1880 5047 vult
1915 5011 2145 5064 magnus

592 5086 848 5140 Basilius.
895 5083 1009 5138 Nos
1052 5093 1258 5147 tamen,
1290 5087 1336 5137 si
1367 5085 1615 5151 posthinc
1639 5085 1843 5153 ﬂagitio
1874 5085 2149 5138 abstinue-

588 5179 682 5240 rit,
718 5175 1040 5230 triennalem
1075 5190 1290 5244 pmnam
1328 5175 1671 5229 decernimus
1709 5175 1846 5230 aridi
1879 5177 1984 5231 cibi
2017 5177 2148 5230 hora

591 5283 757 5333 nona,
788 5282 913 5321 cum
951 5266 1199 5321 ducentis
1234 5267 1537 5321 metanoeis.

984 5359 1076 5413 25.
1118 5358 1193 5411 De
1216 5359 1415 5411 incestu
1444 5375 1562 5411 cum
1599 5375 1759 5412 nuru.

666 5448 768 5515 Qui
812 5450 864 5502 in
909 5465 1107 5502 nurum
1136 5449 1318 5517 lapsus
1350 5448 1533 5512 fuerit,
1583 5451 1833 5504 undecim
1885 5452 2042 5506 annis
2081 5468 2146 5506 ex

594 5541 770 5596 sancti
816 5540 1000 5594 Basilii
1046 5541 1314 5595 sententia
1368 5551 1521 5595 extra
1565 5544 2000 5598 communionem
2051 5545 2140 5599 sit.

668 5719 688 5750 '
711 5719 866 5775 Prov.
902 5736 1031 5782 χιιι,
1063 5719 1132 5772 ‘25
1166 5735 1244 5787 gr.
1323 5721 1340 5750 ⁹
1368 5717 1528 5774 Eccli.
1568 5735 1691 5782 xxx,
1723 5719 1809 5773 οι.

2245 4538 2457 4613 ἐννάτῃ,
2488 4537 2774 4607 μετανοίας
2801 4540 2846 4586 σ¹
2869 4550 2882 4563 '
2915 4536 2962 4587 εί
2991 4533 3049 4587 δὲ
3078 4532 3274 4604 ἀμελῇ,
3298 4535 3367 4585 τὰ
3397 4534 3459 4586 ιε’
3485 4533 3584 4602 ἐτη
3609 4532 3801 4602 ιρυλατο

2242 4629 2402 4683 τέτω.

2387 4809 2490 4879 κβ’.
2522 4807 2663 4875 Περὶ
2689 4806 3117 4876 ἁδελφομιείας
3146 4805 3276 4874 ἦτοι
3301 4805 3668 4874 αΙμομιείιις.

2336 4901 2393 4954 Ὀ
2417 4904 2493 4962 είς
2522 4899 2753 4969 ἀδελφὴν
2784 4899 2917 4951 ἰδίαν
2943 4898 3253 4966 ἐμπίπτων,
3294 4897 3356 4948 ιε’
3386 4896 3484 4964 ἐτη
3515 4893 3802 4961 ἀκοινώνη-

2251 5011 2341 5055 τος
2363 4991 2501 5045 ma
2521 4991 2610 5043 τὸν
2637 4993 2806 5060 μέγαν
2833 4987 3106 5041 Βασίλειον
3130 5003 3144 5017 ·
3173 4986 3290 5039 καθ’
3314 4989 3462 5056 ἡμᾶς
3487 4987 3545 5039 δὲ
3570 4987 3665 5038 ἐὰν
3687 4988 3803 5036 ἀπο-

2256 5087 2353 5152 στῇ
2396 5081 2489 5135 τοῦ
2515 5081 2706 5144 κακοῦ,
2745 5081 2928 5151 τριετῆ
2956 5079 3143 5149 χρόνον
3173 5078 3547 5148 ὲπιτιμάσοω,
3581 5078 3802 5147 ξηροφα-

2251 5174 2365 5240 γῶν
2397 5173 2514 5243 ὥρᾳ
2545 5172 2760 5242 ὲννὰτῃ,
2791 5170 3077 5239 μετανοίας
3107 5166 3152 5228 α’
3172 5184 3186 5198 ⁸
3220 5167 3316 5221 ἐὰν
3351 5168 3407 5220 δὲ
3433 5168 3634 5237 ἀμελῇ,
3665 5168 3728 5218 τὰ
3753 5161 3802 5216 ιε’

2253 5267 2345 5337 ἔτη
2369 5266 2672 5318 ἐκτελείτω.

2445 5355 2552 5425 κγ’.
2583 5355 2720 5424 Περὶ
2745 5357 2982 5425 ’νύμφης
3009 5353 3232 5418 οἰκείας.
3251 5352 3619 5421 αἱμομιξιάς.

2335 5451 2394 5502 '0
2425 5453 2502 5514 εἰς
2535 5449 2748 5518 νύμφην
2778 5449 3082 5517 ἐμπίπτων,
3127 5452 3195 5500 ια’
3236 5445 3333 5516 ἔτη
3371 5446 3518 5498 κατὰ.
3547 5447 3638 5497 τὸν
3669 5445 3802 5510 ᾰγιρν

2255 5546 2530 5607 Βασίλειον
2573 5541 2931 5614 ἀκοινώνητος
2972 5542 3115 5595 ἐστιν
3139 5555 3152 5570 ·
3183 5539 3348 5610 ἡμεῖς
3379 5539 3439 5592 δὲ
3472 5541 3570 5594 ἐὰν
3614 5538 3804 5604 ἀποστῇ
