3976 6314
233 355 341 419 729

1385 361 1444 420 S.
1480 360 1870 420 THEODORI
1911 361 2050 420 STU
2061 359 2254 419 DITKE

3299 356 3433 421 1730

197 466 294 518 τοῦ
353 462 552 529 κακοῦ,
605 463 751 534 διετῆ
801 464 992 535 χρόνον
1027 466 1392 538 ἀκοινώνητον
1421 463 1561 521 εἶναι
1602 486 1772 538 προσ-

1886 467 1985 520 Nos
2023 478 2231 531 autem,
2278 465 2322 519 si
2359 463 2621 534 ﬂagitium
2667 463 3059 526 emendaverit,
3093 462 3312 518 biennio
3337 481 3432 519 ea-

195 555 497 622 τάσσομεν,
567 553 979 624 ξηροφαγοῦντα
1031 554 1150 626 ὥρα
1215 556 1435 628 ἐννάτῃ,
1488 558 1774 627 μετανοεας

201 645 464 698 ποιοῦντα
526 646 611 697 τ’·
675 648 724 698 εἰ
778 646 834 698 δὲ
890 647 1064 718 ἀμελῇ
1125 649 1318 702 τούτου
1372 648 1470 702 τοῦ
1524 651 1770 715 κανόνος,

203 738 302 788 καὶ
333 738 572 809 ἐπιμένῃ
598 740 663 807 τῇ
689 738 876 809 κακία,
909 739 976 792 τά
1017 747 1083 792 ια’
1114 739 1208 810 ἔτη
1235 740 1524 795 ὲκτελείτω
1565 742 1628 795 τὸ
1656 743 1777 796 ἐπι-

202 845 408 897 τιμιον.

700 917 799 974 κδ’.
825 920 963 985 Περὶ
996 922 1280 979 κλέπτου.

289 1010 349 1062 '0
408 1010 671 1080 κλέπτης,
729 1013 778 1063 εἰ
841 1012 914 1082 μὴ
963 1013 1274 1086 ἐξαγγείλῃ,
1322 1017 1488 1086 φησὶν
1547 1019 1576 1070 ὁ
1624 1017 1778 1086 ἅγιος

208 1099 514 1162 Βασίλειος,
579 1100 669 1152 δύο
723 1100 885 1169 μόνας
939 1101 1236 1170 ἑϐδομάδας
1283 1105 1668 1175 ἐπιτιμάσθω³
1729 1105 1776 1156 εἰ

207 1193 266 1244 δὲ
334 1191 464 1257 παρ’
520 1191 680 1244 ἄλλοι)
733 1192 983 1261 ἐλεγχθῇ,
1032 1193 1181 1263 διετῆ
1236 1196 1462 1265 χρόνονο
1509 1198 1670 1265 ἡμεῖς
1720 1196 1777 1249 δὲ

211 1289 264 1348 μ’
309 1283 524 1351 ἡμέρας
564 1282 839 1352 ὁρίζομεν,
878 1284 1208 1354 ξηροφαγεῖν
1241 1286 1358 1358 ὥρᾳ
1387 1287 1451 1350 ϐ’,
1483 1289 1582 1341 καί¹
1614 1307 1779 1352 μετα-

207 1373 362 1434 νοίας
419 1377 596 1426 ποιεῖν
655 1373 721 1444 ρ’,
773 1377 1174 1446 ἐκκοπτομένου
1227 1379 1470 1450 δηλονότι
1523 1381 1618 1434 τοῦ
1669 1381 1779 1434 πά-

209 1463 362 1526 οους.

648 1555 744 1610 κε’.
774 1559 915 1626 Περὶ
942 1562 1353 1628 τυμϐωρύχου.

295 1645 351 1698 Ὀ
382 1647 752 1718 τυμϐωρύχος,
780 1650 921 1701 κατὰ
958 1651 1050 1704 τὸν
1091 1652 1246 1718 ἅγιον
1280 1652 1557 1705 Βασίλειον
1595 1653 1654 1705 ιε’
1686 1654 1778 1725 ἔτη

204 1736 574 1808 ἀκοινώνητος
589 1739 761 1793 ἔσται·
783 1743 943 1812 ἡμεῖς
957 1742 1013 1795 δὲ
1025 1743 1118 1795 τοῦ
1138 1743 1339 1807 πάθους
1357 1745 1779 1814 ἐκκοπτομένου,

203 1825 455 1880 ἐνιαυτὸν
497 1810 856 1901 ἀκοινώνητον
886 1828 1033 1885 εἶναι
1063 1834 1340 1904 ὁρίζομεν,
1370 1810 1781 1908 ξηροφαγοῦντα
1813 1810 1854 1866 Β

204 1918 332 1989 ὥρα
361 1917 430 1986 0',
453 1921 711 1976 ποιοῦντα
741 1925 1025 1992 μετανοίας
1054 1931 1119 1980 α’.

441 2101 554 2167 κς’.
585 2105 722 2172 Περὶ
746 2108 1022 2176 γοητείας
1045 2108 1142 2164 καί
1167 2112 1555 2180 φαρμακείας.

285 2191 352 2244 '0
377 2191 634 2263 γοητείαν
660 2198 753 2249 καὶ
782 2199 1128 2267 φαρμακείαν
1150 2201 1507 2273 ἐξαγορεύων,
1530 2203 1669 2256 κατὰ
1690 2204 1781 2256 τὸν

203 2281 368 2350 ἅγιον
418 2286 699 2341 Βασίλειον
745 2296 804 2342 ιε’
844 2291 938 2358 ἐτη
983 2293 1308 2362 ξηροφαγιῖη
1351 2294 1506 2348 ἔσται
1551 2296 1669 2367 ὥρᾳ
1695 2295 1778 2348 0"

203 2375 374 2442 ἡμεῖς
421 2375 478 2427 δὲ
517 2378 706 2448 τριετῆ
750 2380 940 2450 χρόνον
969 2382 1226 2454 ὁρίζομεν
1261 2385 1352 2438 τὸν
1387 2386 1551 2439 αὐτὸν
1579 2387 1782 2439 κανόνα

209 2468 356 2535 μετὰ
410 2467 471 2520 τὸ
521 2471 824 2540 ἀποστῆναι
873 2474 972 2542 τῆς
1013 2476 1309 2546 ἅμαρτίας,
1348 2479 1442 2532 καὶ
1493 2478 1780 2549 μετανοίας

205 2560 385 2610 ποιεῖν
417 2557 541 2611 καθ’
576 2561 790 2630 ἡμέραν
822 2563 1121 2628 διακοσίας.

481 2735 586 2798 κζ’.
619 2739 760 2806 Περὶ
796 2741 1071 2808 γοητείας
1095 2741 1192 2795 καὶ
1213 2743 1516 2812 μαντείας.

281 2828 386 2879 Τὸν
423 2828 646 2896 μάντεσι
680 2833 1138 2902 προσερχόμενον,
1187 2837 1215 2888 ὁ
1265 2836 1364 2904 μὲν
1415 2837 1587 2905 μέγας
1616 2837 1780 2890 Βασί-

202 2919 352 2984 λειος
384 2929 443 2974 ιε’
476 2921 568 2990 ἐτη
601 2922 802 2991 ὥρισεν
831 2924 1192 2997 ἀκοινώνητον
1219 2923 1356 2980 εἶναι
1375 2945 1390 2960 ο
1423 2929 1580 3000 ἡμεῖς
1608 2929 1663 2981 δὲ
1690 2930 1784 2984 τὸν

207 3011 558 3079 τερολαόὁντα
581 3014 780 3067 κανόνα
802 3014 892 3069 τὸν
915 3015 1043 3084 περὶ
1066 3018 1441 3087 φαρμακειῶν,
1469 3022 1780 3076 ἀποστάντα

205 3099 309 3169 τῆς
339 3101 597 3171 τοιαύτης
628 3103 915 3174 ἐργασίας.

564 3280 669 3343 κη’.
696 3274 833 3344 Περὶ
862 3275 1088 3345 ἀγαθοῦ
1116 3277 1260 3341 βίου
1295 3279 1413 3351 (2°).

286 3365 354 3416 Εἴ
374 3382 459 3427 τις
495 3365 738 3434 βούλοιτο
781 3367 895 3436 βίον
927 3369 1198 3438 ἀτάραχον
1238 3373 1329 3425 καὶ
1354 3371 1603 3442 ἀκύμονα
1631 3375 1782 3428 ὁδεῦ-

210 3473 328 3518 σαι,
378 3456 681 3524 λογιζέσθω
742 3458 935 3511 ὲαυτὸν
997 3460 1100 3529 γῆν
1158 3463 1252 3514 καὶ
1311 3464 1520 3527 σποδὸν,
1561 3465 1658 3519 καὶ
1693 3469 1782 3519 εύ-

211 3549 542 3619 χαριστείτω
589 3550 664 3613 ὡς
719 3552 948 3620 ἄγγελος
993 3553 1163 3608 Θεοῦ’
1208 3559 1254 3610 εί
1304 3557 1362 3611 δὲ
1400 3560 1577 3630 συμϐῇ
1613 3577 1783 3613 κατα-

210 3641 444 3710 λαλῆσαι
489 3641 671 3706 αὑτὸν,
698 3643 968 3712 ἑϐδομάδα
1010 3645 1139 3715 μίαν
1184 3649 1578 3718 ξηροφαγείτω,
1615 3669 1781 3721 μετα-

212 3733 361 3796 νοίας
418 3734 586 3788 ποιῶν
645 3736 1004 3806 πεντήκοντα,
1050 3737 1124 3802 ὡς
1156 3741 1250 3794 τοῦ
1291 3741 1426 3795 Θεοῦ
1471 3744 1778 3815 καταλαλή-

216 3841 334 3885 σας.

1873 574 1994 611 rere
2026 557 2415 611 communione
2442 558 2716 621 jubemus,
2767 555 2934 608 aridis
2965 563 3271 608 vescentem
3304 557 3434 609 hora

1876 661 2038 709 nona,
2073 661 2198 700 eum
2245 645 2533 699 metanaais
2563 645 2838 697 trecentis.
2877 643 3032 708 Quod
3068 644 3114 697 si
3149 646 3294 698 hune
3341 661 3440 697 no-

1878 744 2050 788 strum
2086 750 2349 787 eanonem
2380 734 2698 803 neglexerit,
2733 743 2787 786 et
2817 734 2867 785 in
2900 735 3029 787 vitio
3056 749 3439 802 perseverave-

1876 824 1967 890 rit,
2002 823 2250 878 undecim
2293 824 2450 878 annis
2485 838 2697 891 poenam
2730 823 2886 876 ierat.

2465 916 2556 968 24.
2602 915 2678 968 De
2716 916 2854 984 fure.

1944 1005 2074 1071 Fur,
2098 1007 2144 1061 si
2169 1006 2397 1077 ipsemet
2432 1007 2717 1062 confessus
2746 1005 2932 1069 luerit,
2965 1006 3199 1060 duarum
3231 1015 3437 1059 tantum

1877 1099 2340 1154 hebdomadarum
2370 1114 2584 1168 poenam
2625 1098 2780 1162 ferat,
2820 1099 2996 1167 inquit
3028 1107 3250 1154 sanctus
3287 1098 3438 1150 Basi-

1878 1193 1981 1247 lius
2012 1211 2024 1246 :
2050 1193 2197 1261 quod
2240 1193 2286 1248 si
2315 1194 2384 1246 ab
2425 1191 2547 1246 aliis
2591 1190 2721 1245 furti
2768 1202 3065 1260 coargutus
3093 1191 3278 1251 iuerit,
3308 1191 3443 1244 dno-

1879 1302 1998 1340 rum
2031 1302 2325 1340 annorum.
2377 1285 2491 1340 Nos
2523 1295 2702 1339 tamen
2730 1285 3091 1354 quadraginta
3120 1284 3311 1338 diebus
3345 1299 3439 1334 vo-

1879 1379 2060 1433 lumus
2107 1394 2233 1432 eum
2289 1379 2459 1432 aridis
2518 1377 2660 1431 vesci
2701 1376 2832 1429 liora
2880 1392 3043 1439 nona,
3094 1390 3218 1429 cum
3269 1383 3440 1427 meta-

1881 1466 2020 1521 ntnis
2059 1477 2278 1520 centum
2306 1483 2320 1531 ;
2353 1467 2399 1520 si
2436 1475 2580 1521 certe
2607 1482 2636 1518 a
2666 1463 2796 1517 vitio
2825 1465 3138 1518 cessaverit.

2184 1559 2273 1612 25.
2316 1559 2388 1611 De
2421 1558 2776 1626 sepulcrorum
2812 1555 3127 1624 prwdatore.

1955 1646 2346 1716 Sepulerorum
2396 1648 2686 1716 praedator,
2733 1648 2888 1716 juxta
2931 1647 3114 1699 divum
3165 1646 3443 1704 Basilium,

1884 1738 2199 1807 quindecim
2229 1738 2391 1793 anuis
2430 1747 2581 1792 extra
2615 1738 3056 1792 communionem
3092 1734 3309 1789 futurus
3339 1743 3440 1788 est.

1883 1829 1995 1884 Nos
2037 1839 2243 1894 tamen,
2283 1829 2417 1884 vitio
2450 1829 2761 1893 emendato,
2797 1844 2941 1882 anno
2975 1843 3084 1882 uno
3110 1839 3260 1880 extra
3291 1842 3445 1879 com-

1881 1922 2196 1976 munionem
2231 1935 2352 1975 esse
2379 1920 2749 1982 decernimus,
2779 1936 2904 1974 cum
2952 1921 3106 1974 arido
3148 1919 3273 1973 cibo
3312 1918 3447 1972 hora

1881 2029 2044 2077 nona,
2074 2023 2127 2068 et
2167 2014 2450 2067 metanmis
2488 2012 2783 2067 trecentis.

1879 2105 1969 2159 26.
2021 2104 2096 2158 De
2131 2104 2537 2157 incantamentis
2596 2112 2643 2156 et
2694 2103 2955 2170 veneﬁciis
3004 2119 3094 2155 seu
3135 2103 3443 2171 prwstigiis.

1950 2194 2054 2260 Qui
2102 2195 2505 2248 incantamenta
2549 2202 2604 2248 et
2662 2195 2920 2250 veneﬁcia
2966 2210 3061 2249 seu
3119 2196 3444 2265 praestigias,

1881 2290 2195 2349 conﬁtetur,
2237 2286 2286 2341 is
2334 2286 2490 2354 juxta
2537 2299 2785 2342 sanctum
2825 2287 3085 2341 Basilium
3137 2288 3446 2356 quindecim

1881 2377 2041 2431 atinis
2090 2388 2341 2433 vescetur
2388 2378 2514 2432 cibo
2564 2380 2718 2433 arido
2761 2379 2894 2432 hora
2939 2394 3102 2432 nona.
3154 2377 3264 2432 Nos
3321 2393 3448 2431 vero

1880 2470 2132 2524 eumdem
2166 2483 2432 2524 canouem
2469 2471 2536 2524 ad
2580 2471 2873 2524 triennium
2910 2481 3276 2532 coarctamus,
3299 2479 3447 2538 post-

1881 2577 2046 2630 quam
2093 2562 2254 2616 homo
2293 2578 2322 2615 a
2368 2570 2590 2632 peccato
2639 2562 2947 2628 recesserit,
2996 2578 3120 2616 cum
3161 2561 3446 2616 mctanmis

1881 2655 2126 2722 quotidie
2159 2654 2432 2708 ducentis.

2103 2745 2193 2798 27.
2238 2744 2310 2798 De
2337 2746 2745 2801 incantamentis
2789 2756 2837 2800 et
2879 2747 3222 2800 divinatione.

1950 2832 2013 2887 Ei
2064 2835 2160 2904 qui
2219 2836 2288 2890 ad
2345 2846 2499 2890 vates
2556 2839 2868 2900 accesserit,
2921 2853 3149 2907 magnus
3213 2835 3447 2890 Basilius

1880 2925 2188 2993 quindecim
2223 2943 2494 2982 annorum
2526 2929 3150 2984 excommunicationem
3183 2929 3443 2984 decrevit.

1883 3015 1994 3072 Nos
2043 3027 2226 3074 tamen
2275 3019 2323 3073 ei
2374 3035 2588 3088 pinnam
2642 3031 2850 3075 tantum
2887 3020 3244 3090 przecedentis
3279 3020 3448 3073 nostri

1809 3086 1852 3144 ο
1884 3111 2112 3163 canonis
2143 3110 2210 3163 de
2253 3112 2528 3166 veneﬁciis
2567 3123 2659 3166 aut
2690 3112 2981 3182 prestigiis
3014 3112 3365 3180 imponimus,
3403 3110 3450 3166 si

1884 3201 1952 3255 ab
1982 3200 2300 3271 hujusmodi
2341 3218 2502 3271 opere
2530 3219 2588 3258 se
2617 3205 2926 3258 retraxerit.

2406 3293 2498 3350 28.
2541 3295 2616 3348 De
2640 3297 2774 3348 bona
2804 3297 2934 3350 vita.

1958 3383 2014 3438 Si
2059 3385 2184 3455 quis
2233 3388 2347 3441 vult
2381 3388 2835 3456 imperturbatum
2879 3388 3041 3441 vitam
3074 3395 3127 3441 et
3177 3386 3447 3454 tranquil-

1884 3475 1988 3528 lam
2029 3480 2350 3546 transigere,
2393 3479 2673 3531 existimet
2712 3495 2769 3531 se
2799 3494 2920 3532 esse
2961 3487 3160 3531 terram
3198 3493 3262 3531 ac
3303 3477 3452 3531 cine-

1892 3581 2025 3628 rem,
2055 3568 2370 3636 gratiasque
2406 3577 2531 3636 agat
2582 3567 2737 3636 quasi
2787 3569 3014 3637 angelus
3066 3568 3177 3620 Dei.
3217 3567 3366 3631 Quod
3406 3565 3450 3620 si

1888 3659 2182 3726 aliquando
2234 3660 2456 3728 obloqui
2502 3660 2548 3714 ei
2599 3661 2908 3729 contigerit,
2956 3660 3292 3713 hebdomada
3345 3675 3448 3711 una

1887 3761 2139 3804 vescatur
2181 3752 2369 3815 aridis,
2413 3763 2711 3807 metanwas
2745 3753 2907 3807 simul
2943 3753 3149 3806 faciens
3177 3755 3452 3820 quinqua-

1893 3839 2061 3908 ginta,
2090 3856 2188 3893 ceu
2217 3840 2263 3893 si
2293 3851 2492 3895 contra
2520 3841 2682 3895 Deum
2712 3842 2998 3895 oblocutus
3032 3840 3244 3894 fuisset.

2801 4055 2827 4057 __
2838 4047 3418 4059 .._—__...———---—-—-——-.

1384 4053 1390 4054 ,
1454 4053 1550 4054 γέ
1575 4053 1616 4055 ,κ
1640 4053 2382 4060 ,s___-___________
2399 4053 3418 4059 ___________________..

1416 4213 2055 4318 QUIESTION
2080 4216 2242 4301 ES.

1779 4432 1850 4444 —-

226 4543 341 4598 Τοῦ
369 4547 544 4599 ὁσίου
573 4545 801 4630 [largaeq-
823 4546 1010 4630 ἡμων.
1030 4548 1126 4600 καὶ
1173 4552 1538 4630 όμολογῃτοῇ
1570 4549 1779 4630 Θεοδώ-

1896 4555 2079 4612 Sancti
2106 4558 2284 4612 Patris
2331 4560 2498 4611 nostri
2534 4569 2576 4612 rt
2605 4560 2914 4626 confessoris
2948 4559 3204 4612 Theodori
3234 4563 3446 4630 presby-

275 4633 388 4683 pov
428 4617 830 4682 πρεσϐυτέρου
858 4617 952 4669 καὶ
980 4618 1314 4685 ἡγουμένου
1343 4617 1458 4673 τῶν
1491 4626 1778 4676 Στουόιόυ

281 4685 414 4750 περὶ
444 4686 785 4752 ἐρωτήσεως
815 4688 909 4738 καὶ
939 4685 1055 4738 τῶν
1076 4689 1294 4754 ταύτης
1316 4691 1652 4746 διαλύσεων
1673 4708 1779 4746 κα-

282 4756 458 4819 νόνες
487 4756 891 4824 συλλεγέντες
931 4757 1065 4823 παρ’
1094 4760 1298 4812 αὑτοῦ.

282 4838 439 4920 [Cet].
473 4847 591 4901 Vat.
617 4849 721 4901 840
749 4848 783 4902 Γ.
818 4849 923 4902 202
954 4849 1034 4919 b.]
1066 4849 1134 4904 α’.
1178 4849 1515 4919 Ἐρώτησις.
1561 4855 1648 4906 Ἐν
1667 4855 1780 4917 τοῖς

212 4944 510 5005 συνοδικοῖς
535 4944 723 4996 κανόσι
750 4947 859 5007 τοῖς
885 4944 1047 5007 Θείοις
1073 4946 1378 5017 γέγραπται
1407 4949 1534 5019 περὶ
1559 4950 1656 5016 τῆς
1686 4967 1778 5020 με-

209 5034 382 5104 γάλης
417 5036 696 5105 πέμπτης,
741 5036 822 5087 ὃτι
865 5037 925 5088 ού
956 5035 1036 5088 δεῖ
1070 5039 1125 5088 ὲν
1156 5041 1220 5108 τῇ
1258 5044 1662 5110 τεσσαρακοστῇ
1711 5044 1778 5110 τῇ

212 5127 480 5197 ὑστεραία
511 5129 761 5198 ἑϐδομάδι
783 5131 878 5198 τὴν
908 5133 1348 5201 τεσσαρακοστὴν
1384 5133 1700 5200 ἀτιμάζεινο
1734 5135 1782 5186 εἰ

209 5211 301 5266 οὖν
324 5214 494 5277 οὕτως
521 5218 636 5269 ἐστὶ
658 5221 768 5280 τοῖς
797 5219 963 5281 Θείοις
989 5219 1205 5272 κανόσιν
1229 5221 1780 5291 ἐμπεριειλημμένον,

210 5305 329 5368 πῶς
380 5308 538 5375 ἡμεῖς
589 5310 930 5378 καταλύομεν
968 5313 1065 5380 τὴν
1121 5311 1361 5380 μεγάλην
1407 5313 1664 5383 πέμπτην
1703 5316 1783 5376 είς

212 5399 389 5452 ελαιον
416 5403 509 5454 καὶ
538 5398 679 5455 οἶνον
699 5419 714 5468 ;

1963 4632 2062 4681 teri
2102 4641 2149 4681 et
2191 4631 2460 4696 pra-positi
2510 4635 2879 4701 ittOtlUC/tOt‘ttm
2929 4630 3107 4701 Stntlii
3145 4632 3205 4683 de
3234 4633 3446 4701 quibus-

1957 4703 2078 4751 dam
2105 4701 2481 4767 quastionibus
2510 4716 2734 4752 canones
2765 4700 2826 4751 ab
2852 4715 2910 4751 eo
2940 4700 3165 4753 collecti.

1958 4859 2010 4911 1.
2051 4858 2429 4929 Interrogatio.
2473 4860 2530 4914 In
2569 4861 2744 4914 sacris
2777 4861 3110 4930 synodorum
3143 4859 3448 4913 canonilius

1885 4950 2147 5019 scriptum
2179 4961 2261 5006 est
2287 4952 2353 5004 de
2398 4967 2588 5019 magna
2633 4951 2763 5005 feria
2793 4951 3005 5016 quinta,
3040 4965 3148 5003 non
3196 4958 3449 5015 oportere

1890 5042 1943 5094 in
1986 5043 2428 5112 quadragesima,
2493 5045 2685 5098 ultima
2734 5042 3092 5100 hebdomade,
3135 5041 3335 5109 quintae
3368 5041 3448 5093 fe—

1889 5133 1984 5186 ria:
2013 5135 2536 5204 solverejejunium,
2575 5145 2738 5203 atque
2780 5134 2851 5186 ita
2906 5142 3068 5186 totam
3099 5129 3449 5200 quadragesi-

1889 5242 2032 5278 mam
2068 5228 2414 5280 inlionorare.
2465 5227 2520 5280 Si
2568 5242 2696 5295 ergo
2745 5227 2797 5279 in
2837 5223 3009 5277 sacris
3040 5221 3340 5274 canonibus
3375 5223 3446 5272 ita

1889 5330 1976 5369 res
2008 5331 2066 5368 se
2107 5316 2286 5380 habet,
2321 5333 2420 5369 cur
2455 5332 2554 5370 nos
2591 5317 2643 5368 in
2692 5327 2886 5384 magna
2930 5311 3064 5367 feria
3097 5311 3284 5380 quinta
3325 5310 3444 5362 oleo

1873 5407 2080 5461 utimur
2105 5417 2268 5476 atque
2307 5408 2481 5462 vino?

1691 5583 1919 5640 ΝυΤιεΕ.

282 5694 391 5763 (2⁸)
432 5693 546 5751 Huc
603 5697 743 5751 refer
795 5707 955 5767 caput
1000 5697 1508 5767 praestantissimum
1569 5694 1927 5751 Benedictio-.9
1970 5697 2188 5768 Regula:
2213 5710 2422 5755 sextum
2465 5700 2528 5755 de
2568 5697 2724 5755 bouis
2791 5694 3038 5765 operibus
3096 5706 3188 5746 seu
3217 5690 3280 5744 de
3303 5688 3439 5743 bona

213 5765 341 5814 vita.
