3976 6314
566 345 696 411 1731
748 292 749 295 Ἰ

1348 346 1917 410 RESPONSIONES
1954 349 2053 409 AD
2092 345 2627 410 INTERROGATA
2663 350 3015 423 QUEDAM.

3669 347 3799 412 I732

632 458 936 527 Responsio.
993 456 1137 513 Olim
1175 456 1393 528 quidem
1446 472 1513 512 ex
1571 458 1804 526 quadam
1857 456 2123 527 peculiari

2309 459 2662 526 Ἀπόκρισις.
2689 458 2862 511 Πάλαι
2895 457 2995 527 μὲν
3018 456 3082 510 έκ
3112 474 3256 520 τινος
3279 457 3571 529 συνηθείας
3595 459 3797 512 ἰδιωτι-

558 550 959 607 consuetudine
998 550 1052 605 in
1101 565 1294 621 magna
1337 549 1473 605 feria
1511 550 1703 621 quinta
1737 550 1988 604 homines
2033 562 2128 603 co-

561 644 847 698 medehant
884 643 1103 699 caseum
1131 653 1185 699 et
1216 659 1340 698 ova.
1382 642 1581 699 Verum
1607 644 1701 713 qui
1738 651 1925 712 postea
1957 642 2128 697 exsti-

560 741 747 789 terunt
775 735 983 797 Patres,
1014 732 1329 803 praedictam
1365 749 1480 789 rem
1529 732 1823 789 absurdam
1869 743 2130 802 reputan-

563 834 667 887 tes.
715 840 982 879 canonem
1036 825 1184 880 hunc
1227 825 1556 893 ediderunt;
1615 839 1793 895 neque
1844 834 2024 879 tamen
2060 825 2130 881 de

563 915 683 970 oleo
710 914 946 984 vinoque
986 915 1039 970 id
1071 916 1469 986 intelligebant.
1514 915 1729 969 Etenim
1769 924 1854 969 est
1880 916 1995 970 haec
2036 930 2131 969 su-

564 1007 819 1065 stentatio
862 1015 917 1061 et
958 1006 1204 1061 solamen
1252 1022 1318 1062 ex
1351 1022 1562 1064 summa
1624 1006 1914 1062 aﬂlictione
1938 1004 2129 1076 jejunii

563 1115 753 1157 eorum
786 1099 879 1169 qui
908 1099 1091 1153 divina
1120 1102 1379 1170 mysteria
1414 1108 1658 1155 sumunt.

634 1189 690 1244 2.
733 1187 844 1244 Int.
891 1189 1158 1245 Similiter
1187 1190 1256 1245 de
1288 1199 1477 1244 sancta
1503 1189 1823 1243 Pentecoste
1864 1188 2126 1258 scriptum

564 1291 670 1342 est.
706 1297 776 1337 ne
818 1298 959 1353 genu
1007 1282 1291 1339 ﬂectamus
1347 1298 1481 1337 neve
1533 1281 1758 1336 omnino
1798 1280 2128 1351 jejunemus.

564 1373 677 1428 Cur
719 1389 850 1444 ergo
880 1377 971 1443 qui
1007 1376 1061 1429 in
1110 1375 1225 1430 suis
1264 1374 1417 1429 cellis
1464 1374 1727 1438 resident,
1779 1374 1832 1427 id
1868 1388 1975 1426 non
2013 1387 2129 1426 ser-

564 1472 715 1527 vant,
747 1466 841 1520 sed
884 1475 937 1520 ct
958 1465 1230 1537 jejunant,
1269 1476 1323 1521 et
1357 1482 1496 1537 genu
1530 1465 1755 1520 ﬂectunt
1784 1471 1895 1519 tota
1925 1464 2131 1519 hebdo-

564 1558 745 1625 mada,
773 1565 999 1630 excepto
1028 1559 1286 1614 nimirum
1335 1559 1574 1615 Sahbato
1597 1573 1660 1614 ac
1688 1558 1775 1613 die
1807 1555 2132 1613 Dominico?

632 1734 789 1805 Resp.
829 1736 1109 1809 Evangelii
1135 1736 1473 1808 praedicatio,
1504 1735 1812 1792 communis
1833 1750 1955 1792 cum
1985 1741 2130 1789 esset

2226 549 2332 618 κῆς
2354 552 2419 620 τῇ
2447 551 2656 621 μεγάλῃ
2682 550 2909 623 πέμπτῃ
2931 550 3107 603 ἐσθιον
3127 551 3177 602 οί
3201 548 3478 619 ἄνθρωποι
3508 550 3683 621 τυρὸν
3713 553 3802 603 καὶ

2225 641 2310 711 ᾠά
2329 658 2344 673 ·
2381 641 2622 705 ἐλθόντες
2648 641 2705 695 δὲ
2734 640 2957 713 ὕστερον
2982 641 3033 695 οἱ
3071 642 3323 710 πατέρες,
3353 642 3450 695 καὶ
3481 641 3652 696 τοῦτο
3678 645 3801 698 ἀτο-

2226 751 2327 787 πον
2354 733 2682 802 διαγνόντες,
2712 733 2803 787 τὸν
2831 733 3035 788 κανόνα
3065 733 3251 785 τοῦτον
3284 732 3564 797 ἐξέθεντο,
3600 733 3667 785 οὖ
3701 736 3803 802 μὴν

2225 823 2283 877 δὲ
2313 824 2441 896 περῖ⁵
2468 823 2651 877 ἐλαίου
2677 823 2774 877 καὶ
2795 822 2941 876 οῐνου
2973 821 3136 876 τοῦτο
3162 821 3479 887 ἐξελάθοντο
3500 836 3519 850 ·
3556 822 3801 893 συγκρά-

2226 935 2383 990 τησις
2418 918 2527 989 γάρ
2553 918 2711 973 τοῦτο
2739 920 2834 973 καὶ
2860 916 3182 988 παραμυθία
3212 916 3311 987 τῆς
3341 916 3524 987 ἄκρας
3550 933 3802 970 κακοπα-

2228 1008 2379 1073 θείας
2408 1012 2473 1064 ὲκ
2510 1009 2763 1081 νηστείας
2795 1008 2904 1064 τῶν
2940 1008 3467 1080 μεταλαμϐανόντων
3496 1008 3615 1061 τῶν
3646 1007 3805 1061 θείων

2230 1101 2565 1173 μυστηρίων.

2300 1189 2367 1261 β’.
2402 1190 2596 1260 Ἐρὼτ.
2645 1190 2914 1254 Ὡσαύτως
2943 1189 3038 1243 καὶ
3078 1189 3207 1257 περὶ
3239 1188 3336 1257 τῆς
3378 1187 3551 1255 ἁγίας
3593 1186 3804 1254 nev-21;-

2227 1283 2430 1353 κοστῆς
2459 1284 2766 1355 γέγραπται
2796 1284 2871 1354 μὴ
2907 1283 3107 1336 κλίνειν
3144 1280 3346 1349 γόνυ,ἢ
3380 1281 3521 1342 ὅλως
3546 1280 3807 1348 νηστείαν

2228 1372 2604 1444 ἔργάσασθαι’
2644 1373 2760 1436 πῶς
2799 1368 2891 1426 οὖν
2932 1374 2983 1425 oi
3034 1372 3332 1443 καθήμενοι
3371 1374 3431 1424 έν
3463 1373 3585 1433 τοῖς
3624 1371 3807 1423 αὐτῶν

2229 1464 2463 1527 κελλίοις
2492 1464 2553 1517 οὐ
2586 1463 2742 1517 τοῦτο
2770 1464 3160 1533 φυλάσσουσιν,
3185 1463 3319 1517 ἁλλά
3342 1464 3441 1517 καὶ
3471 1465 3807 1533 νηστεύουσι

2227 1559 2324 1612 καὶ
2342 1558 2471 1626 γόνὺ
2500 1556 2775 1610 κλίνουσιν
2806 1556 2935 1626 δλην
2958 1556 3056 1629 τὴν
3081 1556 3377 1627 ὲὸδομάδα,
3414 1556 3550 1609 ἄνευ
3585 1556 3807 1610 £16651-

2226 1658 2321 1702 του
2345 1647 2587 1718 δηλονότι
2614 1646 2710 1700 καὶ
2737 1647 3063 1719 Κυριακῆς;

2311 1736 2513 1790 Ἀπόκ.
2551 1734 2626 1789 Τὸ
2658 1737 2918 1807 κήρυγμα
2950 1736 3044 1790 τοῦ
3069 1735 3405 1805 Εὑαγγελίου
3458 1735 3649 1789 κοινὸν
3708 1736 3808 1789 πά-

564 1826 667 1881 toti
720 1829 948 1895 mundo,
1010 1844 1298 1899 nuperque
1348 1828 1510 1889 facta,
1559 1828 1827 1899 generalia
1881 1826 2125 1881 tradebat

2234 1842 2302 1900 σῃ
2348 1829 2415 1898 τῇ
2471 1827 2761 1898 οἰκουμένῃ
2798 1867 2814 1890 ,
2862 1826 2957 1879 καὶ
3006 1828 3202 1880 νεωστὶ
3263 1826 3573 1896 διδόμενον,
3639 1825 3807 1879 καθο-

564 1919 725 1974 etiam
760 1929 1050 1990 praecepta.
1079 1919 1144 1975 Et
1176 1920 1304 1990 quia
1346 1919 1548 1975 Christi
1596 1920 1924 1975 resurrectio
1947 1934 1978 1973 a
2008 1918 2126 1988 ple-

564 2010 750 2080 risque
796 2026 903 2065 non
961 2011 1306 2077 credebatur,
1352 2012 1420 2066 ob
1464 2027 1584 2067 eam
1636 2011 1969 2067 suadendam
2023 2009 2128 2063 hoc

562 2098 728 2153 etiam
782 2099 1062 2155 decretum
1108 2100 1313 2155 editum
1350 2099 1472 2167 fuit,
1502 2108 1690 2156 vetans
1729 2098 2129 2169 quodammodo

566 2204 635 2245 ac
673 2191 897 2258 docens,
931 2192 1077 2262 quod
1120 2192 1283 2247 sicuti
1317 2193 1525 2263 peccati
1563 2207 1730 2248 causa
1762 2190 1962 2247 mortui
2008 2206 2129 2245 era—

563 2296 713 2348 mus,
755 2290 812 2337 et
841 2282 994 2337 humi
1024 2285 1208 2347 strati,
1242 2298 1345 2339 nec
1397 2298 1683 2354 resurgere
1715 2283 1981 2347 valentes,
2019 2280 2125 2337 nisi

562 2380 850 2441 appareret
891 2372 940 2427 is
979 2372 1075 2442 qui
1124 2386 1227 2427 nos
1263 2382 1619 2427 revocaturus
1652 2368 1721 2424 ad
1758 2370 1926 2424 vitam
1974 2380 2124 2433 erat;

562 2464 647 2520 sic
691 2463 1016 2519 adveniente
1045 2465 1340 2534 postremis
1382 2463 1740 2533 temporibus,
1786 2461 1881 2516 illo
1908 2460 1998 2515 cui
2044 2475 2128 2514 re-

560 2555 801 2626 positum
847 2563 967 2610 erat
987 2556 1128 2621 ¹⁰·¹¹,
1161 2555 1379 2610 Christo
1405 2554 1515 2609 Deo
1540 2564 1747 2619 nostro,
1776 2562 1833 2608 et
1856 2552 2128 2621 impecca-

562 2646 656 2702 bili
679 2662 778 2718 pro
792 2648 1027 2717 peccatis
1044 2647 1244 2702 nostris
1272 2647 1527 2717 patiente,
1559 2661 1659 2701 nos
1698 2647 2124 2709 resurreximus,

567 2753 633 2794 ac
686 2748 973 2808 propterea
1020 2739 1262 2809 mysterii
1312 2738 1478 2809 hujus
1528 2737 1879 2794 conﬁrmandi
1935 2751 2123 2804 causa,

564 2843 742 2882 canon
790 2829 891 2882 iste
933 2829 1187 2883 conditus
1229 2828 1350 2893 fuit,
1406 2828 1500 2897 qui
1538 2838 1592 2882 et
1634 2828 1743 2880 vim
1776 2827 2032 2891 obtinuit,
2072 2834 2128 2881 et

565 2919 755 2988 utique
784 2917 1044 2973 obtineat.
1083 2916 1271 2988 Neque
1297 2917 1504 2972 idcirco
1530 2927 1711 2970 tamen
1742 2924 1968 2985 peccant
2006 2928 2126 2968 mo-

563 3012 746 3077 nachi,
799 3010 1051 3080 privatim
1108 3011 1195 3065 his
1225 3011 1417 3065 diebus
1456 3025 1597 3080 genu
1652 3009 1944 3064 ﬂectentes.
1989 3005 2123 3061 Nam

560 3119 686 3159 cum
714 3119 772 3158 se
803 3103 1057 3173 reosjam
1087 3102 1496 3165 constituerint,
1530 3110 1585 3156 et
1608 3103 1766 3171 quasi
1797 3105 2000 3158 carceri
2026 3118 2125 3157 vo—

559 3199 797 3254 luntario
843 3198 1293 3268 mancipaverint,
1336 3212 1552 3266 semper
1594 3196 1792 3251 debent
1827 3198 1895 3250 ad
1948 3198 2123 3250 Domi-

559 3307 691 3346 num
738 3291 995 3354 clamare,
1062 3298 1118 3345 et
1163 3289 1471 3343 humilitate
1533 3303 1632 3343 sua
1680 3288 2121 3343 misericordiam

560 3383 875 3454 implorare.
904 3382 1091 3452 Neque
1113 3381 1257 3437 enim
1284 3379 1557 3435 monacho
1607 3378 1927 3434 solemnitas
1948 3393 2032 3435 est
2068 3380 2121 3433 in

559 3483 726 3541 terra,
758 3484 816 3529 ut
842 3474 1064 3544 quidam
1100 3474 1255 3528 dixit.

626 3568 679 3622 5.
724 3565 833 3621 Ini.
864 3568 919 3622 Si
971 3567 1095 3637 quis
1153 3576 1265 3619 tum
1314 3578 1543 3618 numero
1570 3572 1683 3617 tum
1719 3564 1981 3633 qualitate
2012 3578 2123 3619 non

558 3674 748 3730 parum
782 3660 1016 3729 peccatis
1040 3656 1352 3712 carnalibus
1386 3663 1556 3712 semet
1605 3656 1885 3725 impiavit;
1932 3656 2127 3711 deinde

556 3766 686 3806 vero
742 3750 810 3805 de
860 3750 945 3805 his
990 3750 1296 3812 confessus,
1345 3761 1587 3817 congrua
1634 3747 1811 3817 culpis
1853 3746 2123 3816 ejusmodi

558 3845 795 3900 remedia
830 3845 1035 3914 accepit
1062 3844 1276 3912 sibique
1300 3843 1549 3897 adhibuit
1576 3861 1590 3909 ;
1616 3842 1892 3912 quomodo
1922 3858 2127 3913 cogno-

557 3948 671 3993 scet
702 3938 954 4008 praedicta
988 3946 1207 4007 peccata
1257 3936 1360 3990 sibi
1412 3934 1584 3989 fuisse
1614 3937 1866 4002 remissa,
1905 3945 1964 3990 ut
2000 3950 2125 3995 per-

556 4044 779 4084 suasum
847 4029 1040 4084 habeat
1101 4029 1206 4083 tale
1279 4043 1341 4082 se
1416 4027 1616 4082 bonum
1695 4042 1820 4083 esse
1900 4043 2127 4084 assecu-

556 4131 669 4176 tum
692 4120 715 4174 ‘i

626 4212 779 4282 Resp.
814 4211 991 4267 Nemo
1033 4226 1272 4280 unquam
1318 4211 1719 4282 comperiretur
1767 4212 2029 4281 poenitere
2074 4220 2128 4267 et

555 4302 821 4367 conliteri,
857 4302 962 4357 nisi
1000 4302 1212 4357 ﬁrmam
1251 4312 1409 4357 antea
1439 4317 1589 4372 spem
1631 4301 1875 4367 haberet,
1904 4302 2049 4374 quod
2079 4305 2127 4359 si

555 4400 790 4462 sincere,
840 4396 1085 4466 inquam,
1135 4393 1399 4450 conﬁtear
1444 4406 1499 4448 et
1551 4394 1856 4463 impositam
1910 4409 2124 4464 pcnnam

2231 1919 2395 1984 λικῶς
2456 1920 2709 1973 ἑποιείτω
2768 1922 2866 1975 καὶ
2918 1919 2991 1972 τὰ
3047 1920 3431 1989 ἐπιτάγματα*
3471 1920 3575 1972 καὶ
3620 1920 3748 1971 ἐπεὶ
3774 1920 3808 1988 ἡ

2231 2009 2325 2064 τοῦ
2388 2010 2622 2080 Χριστοῦ
2677 2011 2979 2073 ἀνάστασις
3037 2012 3150 2074 τοῖς
3186 2010 3400 2073 πολλοῖς
3464 2010 3757 2079 ἡπιστεῖτο
3789 2050 3806 2071 ,

2231 2102 2375 2174 πρὸς
2426 2103 2800 2173 πληροφορίαν
2855 2102 3062 2174 ταύτης
3102 2102 3468 2173 ὲδογματίσθη
3536 2104 3698 2155 τουτὶ
3749 2104 3807 2155 τὸ

2229 2194 2425 2266 δόγμα,
2451 2193 2765 2266 διαγορεῦον
2803 2194 3002 2248 ὡσανεὶ
3042 2196 3139 2249 καὶ
3183 2195 3457 2259 διδάσκον,
3492 2197 3580 2249 ὅτι
3612 2195 3807 2266 ὥσπερ

2227 2288 2294 2358 τῇ
2345 2284 2588 2357 ἁμαρτίᾳ
2636 2285 3021 2357 ὲνεκρὼθημεν
3058 2286 3312 2350 πεσόντες
3360 2286 3536 2350 κάτω,
3588 2288 3687 2340 καὶ
3731 2287 3808 2358 μὴ

2229 2378 2516 2449 δυνάμενοι
2544 2378 2839 2449 ἀναστῆναι
2870 2378 2945 2449 μὴ
2973 2380 3297 2449 φαινομένου
3330 2378 3427 2432 τοῦ
3460 2381 3806 2450 ἀναστήσον-

2226 2486 2339 2537 τος,
2369 2469 2541 2535 οὕτως
2570 2471 2814 2534 ἐλθόντος
2844 2473 2902 2525 ὲν
2932 2471 3180 2534 ὑστάτοις
3225 2474 3438 2543 καιροῖς
3468 2472 3584 2525 τοῦ⁴
3602 2468 3651 2541 ᾧ
3700 2476 3807 2526 ἀττ-

2227 2563 2403 2619 ἐκειτο
2458 2564 2697 2636 Χριστοῦ
2747 2563 2843 2619 τοῦ
2888 2563 3023 2618 Θεοῦ
3063 2563 3237 2635 ἡμῶν,
3276 2554 3372 2617 καλ
3404 2565 3676 2628 παθόντος
3710 2566 3807 2618 ἀν·

2227 2657 2557 2729 αμαρτήτως
2596 2656 2685 2711 διὰ
2716 2657 2817 2721 τὰς
2846 2655 3120 2728 ἁμαρτίας
3145 2655 3325 2726 ἡμῶν,
3363 2656 3531 2726 ἡμεῖς
3571 2656 3805 2722 ἀνέστη-

2229 2735 2362 2821 μεν·
2388 2748 2480 2804 διά
2504 2750 2663 2803 τοῦτο
2693 2748 2831 2816 πρὸς
2864 2750 3126 2802 πίστωσιν
3158 2746 3253 2801 τοῦ
3294 2748 3600 2818 μυστηρίου
3643 2748 3802 2818 ὲτὲθη

2225 2841 2404 2894 οὑτοσὶ
2455 2842 2484 2893 δ
2534 2839 2734 2903 κανὼν,
2769 2840 2863 2893 καὶ
2890 2841 3180 2912 ἐκράτησε,
3213 2839 3309 2893 καὶ
3354 2839 3669 2909 κρατείτω·
3706 2840 3805 2892 οὐκ

2225 2933 2333 3003 ἀρα
2389 2932 2445 2986 δὲ
2500 2932 2901 3004 ἁμαρτάνουσιν
2956 2934 3005 2987 οἱ
3075 2931 3300 3004 μοναχοὶ¹
3362 2931 3616 3003 κρυφίως
3677 2934 3805 2998 γόνυ

2224 3025 2497 3089 κλίνοντες
2551 3026 2610 3080 ὲν
2663 3024 2889 3088 ταύταις
2925 3026 3048 3089 ταῖς
3106 3026 3377 3095 ἡμέραιςο
3428 3026 3805 3094 κατακρίτους

2224 3119 2333 3189 γὰρ
2379 3116 2602 3181 ἑαυτοὺς
2644 3118 2989 3189 ποιήσαντες.
3030 3117 3125 3170 καὶ
3175 3116 3336 3170 οἱονεὶ
3390 3115 3664 3179 ἑκουσίως
3707 3117 3805 3183 ἐμ-

2225 3208 2755 3280 πεφυλακισμένους,
2809 3208 3113 3278 ὀφείλουσιν
3165 3206 3254 3259 ἀεὶ
3309 3206 3438 3278 βοᾷν
3506 3205 3644 3275 πρὸς
3693 3205 3806 3258 Κύ-

2228 3320 2361 3374 ριον,
2392 3301 2485 3356 καὶ
2513 3299 2762 3370 ὲκξητεῖν
2787 3298 2877 3351 διὰ
2904 3296 3283 3360 ταπεινώσεως
3306 3298 3407 3368 τὴν
3431 3300 3802 3368 συμπάθειαν*

2225 3395 2286 3448 ού
2341 3392 2450 3463 γάρ
2496 3393 2612 3445 ἐστι
2650 3390 2867 3463 μοναχῷ
2912 3390 3003 3444 ἐπὶ
3029 3388 3129 3459 τῆς
3159 3389 3261 3460 γῆς
3290 3389 3474 3462 ἑορτὴ,
3527 3392 3675 3445 κατά
3715 3392 3805 3444 τὶν

2226 3484 2469 3538 εἰπόντα.

2296 3572 2365 3644 γ’.
2404 3574 2747 3643 Ἐρώτ.⁹Εὰν
2774 3590 2860 3637 τις
2889 3574 3103 3645 ἥμαρτε
3145 3573 3405 3644 ποσότητί
3436 3591 3497 3625 τε
3529 3574 3627 3627 καὶ
3652 3576 3802 3628 residi

2226 3680 2347 3732 τητι
2377 3663 2476 3716 οὑκ
2519 3661 2674 3732 ὀλίγα
2705 3661 2815 3716 τῶν
2845 3661 3173 3731 σωματικῶν
3206 3663 3652 3733 ἁμαρτημάτων,
3688 3662 3805 3717 εἶτα

2226 3755 2678 3826 έξωμολογήσατο
2722 3755 2816 3807 καὶ
2866 3752 3083 3818 ἐδέξατο
3135 3755 3482 3823 προσήκοντα
3532 3758 3803 3825 φάρμακα

2226 3852 2338 3912 τοῖς
2380 3847 2646 3910 τοιούτοις
2692 3846 3090 3917 ἁμαρτήμασι,
3136 3847 3233 3901 καὶ
3279 3848 3577 3917 εἰργάσατο
3637 3849 3800 3911 asa,

2226 3940 2393 3995 πόθεν
2434 3941 2549 4012 ἔχει
2591 3939 2797 4008 γνῶναι
2824 3938 2874 3992 εί
2902 3938 3078 3993 ταῦτα
3106 3939 3173 3993 τά
3200 3941 3584 4012 προρρηθέντα
3617 3943 3803 4011 ἁμαρ-

2225 4032 2446 4102 τήματα
2493 4028 2646 4102 αὐτῷ
2690 4028 2994 4101 ἀφέθησαν,
3047 4029 3187 4083 ὥστε
3236 4030 3616 4101 πληροφορίαν
3654 4038 3800 4103 σχεῐν

2224 4123 2303 4194 τῷ
2328 4119 2579 4192 λογισμῷ
2604 4120 2733 4190 περὶ
2760 4118 2870 4175 τῶν
2898 4119 3161 4173 τοιούτων
3188 4120 3442 4187 ἀγαθῶν;

2308 4212 2511 4267 Ἀπόκ.
2561 4210 2828 4266 Οὐδέποτέ
2879 4225 2965 4272 τις
3006 4210 3318 4280 εὑρίσκεται
3368 4213 3661 4281 μετανοῶν
3707 4216 3801 4269 καὶ

2227 4304 2740 4374 ἐξομολογούμενος,
2770 4305 2819 4356 εί
2853 4303 2928 4374 μὴ
2952 4302 3167 4373 πρῶτον
3192 4302 3418 4374 βεϐαίαν
3443 4307 3545 4375 σχῇ
3575 4306 3797 4370 ἐλπίδα,

2226 4396 2308 4450 ὃτι
2333 4395 2459 4449 Ἐὰν
2496 4394 2977 4465 ὲξομολογήσωμαι
3009 4392 3280 4464 καθαρῶς,
3303 4393 3399 4447 καὶ
3420 4395 3703 4461 καταδέξω
3733 4398 3798 4449 τὰ

555 4489 856 4552 admittam,
901 4501 1127 4557 prorsus
1160 4485 1293 4540 mihi
1346 4486 1600 4541 remissio
1628 4485 1738 4541 ﬁet.
1782 4484 1920 4551 Quia
1952 4487 2119 4559 igitur

2234 4486 2495 4557 ίπιτίμια,
2523 4489 2588 4540 ὲκ
2616 4487 2818 4549 παντὸς
2844 4486 3135 4558 γενήσεταί
3182 4502 3274 4556 μοι
3315 4484 3512 4554 ἄφεσις
3533 4501 3547 4514 ·
3579 4488 3706 4541 ἐπεὶ
3741 4490 3797 4542 δὲ

556 4582 808 4639 homines
834 4580 1234 4636 multitudinem
1283 4578 1567 4647 culparum
1600 4589 1909 4633 nostrarum
1938 4580 2119 4636 consi-

554 4676 831 4739 deramus,
884 4672 1113 4742 ideoque
1144 4670 1213 4726 de
1257 4670 1426 4725 multa
1455 4684 1584 4740 erga
1624 4684 1726 4725 nos
1771 4668 1865 4725 Dei
1902 4672 2120 4727 miseri-

555 4765 739 4822 cordia
800 4764 955 4835 quasi
991 4763 1325 4827 dubitamus,
1378 4761 1582 4815 idcirco
1630 4762 1696 4815 ad
1754 4761 2119 4819 confessarios

554 4867 773 4912 nostros
807 4855 1171 4926 confugimus,
1220 4853 1554 4923 postulantes
1580 4852 1793 4922 plenam
1830 4870 1927 4925 per
1970 4857 2121 4926 ipso—

553 4966 677 5005 rum
726 4962 920 5002 manus
964 4946 1367 5015 impositionem
1426 4947 1829 5014 remissionem,
1874 4948 1967 5018 qui
2003 4964 2123 5019 per-

555 5056 744 5096 sonam
798 5038 1032 5094 tollentis
1082 5045 1303 5108 peccata
1350 5048 1533 5094 nostra
1585 5050 1974 5109 repraesentare
2002 5056 2123 5096 cre-

553 5135 779 5189 duntur.

625 5310 679 5364 4.
718 5308 829 5363 Im.
864 5308 922 5363 Si
952 5309 1075 5378 quis
1125 5308 1430 5378 peccaverit
1480 5306 1562 5361 vel
1618 5321 1872 5361 sermone
1924 5307 2124 5373 otioso,

554 5405 637 5459 vel
670 5402 1047 5472 improbando,
1100 5402 1183 5457 vel
1213 5400 1620 5469 interrogando,
1648 5398 1731 5452 vel
1763 5398 2122 5469 stultiloquio,

628 5518 745 5550 ¹⁰·“
777 5516 913 5572 Gen.
941 5530 1089 5583 nix,
1125 5515 1213 5571 l0.

2224 4577 2522 4651 ἀφορῶμεν
2551 4578 2599 4631 oi
2633 4576 2910 4649 ἄνθρωποι
2954 4578 3090 4647 πρὸς
3116 4576 3177 4629 τὸ
3222 4575 3428 4647 πλῆθος
3454 4574 3567 4629 τῶν
3591 4578 3797 4649 ἡμετέ-

2227 4688 2336 4744 ρων
2371 4669 2750 4739 πταισμάτων,
2780 4671 2876 4722 καὶ
2905 4670 3071 4722 οίονεὶ
3094 4669 3154 4721 ὲν
3186 4666 3475 4738 δισταγμῷ
3503 4682 3614 4723 τινι
3644 4673 3797 4741 εὑρι-

2227 4761 2469 4833 σκόμεθα
2497 4762 2595 4832 τῆς
2626 4760 2829 4830 πολλῆς
2866 4760 2995 4831 περὶ
3026 4760 3173 4831 ἡμᾶς
3193 4757 3289 4812 τοῦ
3322 4757 3459 4811 Θεοῦ
3491 4759 3800 4831 φιλανθρω-

2226 4854 2398 4916 πίας,
2442 4851 2533 4905 διά
2576 4850 2734 4904 τοῦτο
2766 4851 3186 4921 καταφεύγομεν
3235 4849 3374 4922 πρὸς
3420 4852 3551 4913 τοὺς
3599 4851 3793 4905 ἀναδό-

2225 4961 2352 5016 χους
2381 4944 2458 5016 (ὅ)
2486 4942 2665 5014 ἡμῶν,
2698 4942 3067 5011 ἐξαιτούμενοι
3101 4944 3202 5014 τὴν
3232 4942 3452 4996 τελείαν
3480 4943 3687 5011 ἄφεσιν
3713 4944 3798 4999 διὰ

2222 5036 2325 5106 τῆς
2374 5034 2674 5099 ἐπιθέσεως
2714 5035 2822 5089 τῶν
2868 5035 3068 5107 χειρῶν
3111 5034 3312 5101 αὐτῶν,
3357 5035 3797 5104 ἀντιπροσώπων

2223 5123 2365 5182 εἶναι
2426 5131 2856 5199 πεπιστωμένων
2912 5125 3009 5180 τοῦ
3064 5128 3311 5198 αἴροντος
3364 5128 3465 5192 τὰς
3522 5128 3796 5202 ἁμαρτίας

2226 5220 2260 5290 ἡ
2268 5218 2403 5288 μῶν.

2293 5310 2355 5365 δ’.
2396 5310 2588 5377 Ἐρώτ.
2626 5310 2751 5364 Ἐάν
2775 5327 2858 5373 τις
2887 5309 3171 5380 προσπέσῃ
3198 5306 3290 5359 διά
3310 5324 3369 5359 τε
3396 5307 3566 5377 λόγου
3596 5308 3789 5381 ἀργοῦ,

2225 5403 2261 5472 ἢ
2291 5403 2380 5456 διὰ
2411 5403 2813 5472 κατακρίσεως,
2844 5402 2879 5473 ἢ
2911 5399 3270 5471 ἀνακρίσεως,
3304 5397 3339 5468 ἦ
3374 5402 3789 5473 μωρολογξας,ῆ

2041 5607 2274 5666 NOTAE.

624 5767 700 5840 ('5)
744 5767 1011 5836 ’Δνάδοχοι
1045 5766 1204 5837 vulgo
1233 5766 1490 5824 dicuntur
1533 5777 1849 5837 susceptare:
1901 5769 1953 5823 in
1986 5767 2266 5835 baptismo.
2308 5765 2407 5825 Hic
2440 5777 2618 5826 tamen
2651 5769 2985 5838 intelligendi
3032 5768 3283 5825 videntur
3311 5770 3679 5828 confessas-ii.
