3976 6314
133 381 282 448 1733

1337 381 1397 440 S.
1422 380 1808 442 TIIEODORI
1858 381 2198 443 STUDIT/E

3239 381 3374 444 1734

127 491 512 567 εὐτραπελίας
536 530 551 555 ,
584 490 618 562 ἦ
648 490 820 552 ἄλλως
867 488 953 542 διὰ
986 487 1233 559 γλώττης
1264 489 1566 560 ἁμαρτίας,
1611 493 1702 544 καὶ
1731 504 1751 554 ε

1840 494 1886 547 el
1915 493 2122 560 jocosis
2165 490 2365 554 verbis,
2409 489 2490 544 vel
2533 489 2818 559 jactantia,
2871 499 2964 544 aut
3018 490 3124 545 alio
3177 492 3376 562 lingua:

131 586 356 656 ἐπιγνῷ
397 585 494 636 καὶ
548 582 803 652 καταγνῷ
852 580 1068 644 ἑαυτοῦ,
1118 580 1172 633 τί
1231 581 1435 649 ὀφείλει
1484 583 1709 652 ποιῆσαι

128 677 475 747 ἀντισηκοῦν
505 679 586 739 είς
619 676 908 746 μετάνοιαν
931 673 1088 740 ἀξίαν
1112 674 1208 728 καὶ
1235 675 1314 738 είς
1335 674 1709 746 πληροφορίαν

130 771 238 824 τοῦ
280 769 412 822 ἰδίου
438 767 700 837 λογισμοῦ
721 784 736 832 ;

229 864 427 917 Ἀπόκ.
465 861 636 915 Τοῦτο
683 862 781 913 οὐκ
833 860 948 913 ἐστι
995 860 1390 929 νομοκανόνου,
1439 857 1574 912 ἀλλὰ
1615 860 1712 930 τῆς

138 954 450 1024 μοναχικῆς
477 991 492 1013 ,
538 953 634 1004 καὶ
676 951 750 1013 ὡς
793 950 858 1003 ἂν
883 951 1027 1003 εῐποι
1057 969 1140 1012 τις
1167 951 1516 1020 κοινοὸιακῆς
1540 968 1712 1006 κατα-

138 1046 394 1106 στάσεως
435 1043 691 1113 άκρίδεια
717 1083 733 1109 ,
772 1043 1146 1113 καθημερινὰς
1176 1043 1368 1113 ἔχοντα
1409 1045 1507 1107 τὰς
1533 1046 1712 1098 ἐπιτι-

142 1138 370 1206 μήσεις,
400 1137 432 1205 ἢ
462 1135 551 1188 καὶ
578 1135 960 1203 ἐϐδομαδιαίας
979 1175 995 1197 ,
1026 1135 1207 1198 καθὼς
1238 1137 1486 1207 περιέχει
1515 1137 1584 1190 τὰ
1615 1135 1712 1189 τοῦ

143 1229 311 1296 ἁγίου
329 1225 611 1279 Βασιλείου
645 1227 912 1296 ἐνκρυφῆ,
931 1225 1152 1278 καὶτῶν
1181 1226 1319 1294 μετὰ
1342 1225 1518 1278 ταῦτα
1538 1226 1712 1293 ἁγίων

140 1319 434 1390 Πατέρων.
467 1315 590 1370 Οίόν
622 1316 675 1369 τί
703 1333 843 1386 φημι
863 1332 877 1347 ο
913 1316 1264 1387 Ῥᾳθυμήσας
1285 1334 1366 1378 τις
1401 1316 1496 1371 καὶ
1515 1318 1714 1370 ἀπονυ-

144 1395 358 1473 στάξας
405 1407 664 1470 ἑκουσίως
707 1408 765 1459 ἐν
794 1406 873 1473 τῷ
917 1406 1098 1478 ὖρθρῳ
1140 1407 1237 1476 οὐχ
1284 1407 1517 1478 εὑρέθηο
1553 1406 1713 1460 τοῦτο

144 1499 690 1571 ἐξομολογησάμενος
711 1496 788 1568 τῷ
817 1499 991 1567 Πατρὶ
1019 1497 1409 1563 αὑτοῦ,ἐλα6εν
1436 1499 1714 1570 ἐπιτίμιον

147 1589 491 1660 ξηροφαγίαν
524 1588 688 1658 ἄρτου
723 1589 818 1642 καὶ
847 1588 1056 1653 ὓδατος,
1092 1590 1187 1642 καὶ
1223 1590 1519 1660 μετανοιῶν
1548 1593 1712 1644 ποσό-

143 1696 318 1747 τητος
369 1683 540 1734 τόσων
587 1683 682 1735 καὶ
711 1681 885 1734 τόσων
918 1682 1059 1736 κατὰ
1091 1680 1188 1752 τὴν
1220 1683 1434 1753 ἡμέραν
1473 1684 1711 1752 ἐκείνην.

146 1772 343 1835 Οὕτως
368 1773 647 1843 νοήσωμεν
676 1774 771 1826 καὶ
807 1773 876 1826 τὰ
902 1773 1067 1826 λοιπὰ
1096 1772 1236 1826 κατὰ
1261 1775 1462 1844 τρόπον
1493 1776 1715 1830 παιδεύ-

148 1884 295 1928 σεως
325 1865 690 1937 εὑρισκόμενα
719 1865 854 1936 πρὸς
879 1867 1005 1924 τοὺς
1028 1864 1514 1935 καταδεχομένους.

1741 1832 1788 1891 Β

1810 595 2030 657 peccato
2054 625 2070 651 ,
2102 594 2156 639 et
2184 593 2364 639 tamen
2414 585 2694 653 resipiscat
2722 594 2776 636 et
2809 593 2981 638 semet
3010 585 3373 652 condemnet;

1811 677 1938 746 quid
1961 676 2009 730 ei
2032 677 2296 745 agendum
2325 683 2426 736 est,
2451 674 2594 742 quod
2639 674 2797 742 justae
2848 675 3176 742 poenitentiae
3203 679 3378 745 aequi-

1811 769 2030 840 polleat,
2060 778 2113 820 et
2139 767 2305 819 animi
2335 767 2419 820 sui
2456 767 2614 819 Iidem
2647 764 2854 819 faciat?

1885 859 2041 928 Resp.
2076 857 2189 913 Hoc
2215 873 2323 911 non
2377 859 2611 928 pertinet
2653 857 2720 910 ad
2769 872 3239 923 nomocanonem;
3282 859 3378 912 sed

1812 960 1895 1007 est
1923 951 2263 1006 monachalis
2292 965 2354 1004 ac
2377 950 2540 1003 veluti
2567 949 2909 1004 cmnobiticae
2937 951 3062 1003 vita:
3127 965 3376 1004 severum

1813 1043 2093 1108 ofﬁcium,
2141 1043 2514 1112 quotidianam
2591 1057 2752 1111 agere
2807 1041 3220 1110 paenitentiam,
3283 1048 3380 1094 aut

1815 1136 2316 1200 liebdomadariam,
2361 1135 2505 1189 sicut
2541 1143 2626 1189 est
2665 1134 2718 1187 in
2766 1135 2938 1189 sancti
2990 1132 3175 1186 Basilii
3200 1148 3377 1187 secre-

1814 1223 2066 1288 tioribus,
2118 1234 2172 1278 et
2226 1235 2540 1279 sanctorum
2609 1225 2863 1294 deinceps
2916 1223 3154 1278 Patrum.
3217 1223 3378 1277 Verbi

1816 1315 2011 1384 gratia,
2042 1314 2196 1369 deses
2222 1314 2417 1384 aliquis
2446 1324 2500 1369 et
2536 1314 2833 1368 dormitans
2860 1326 3074 1381 sponte,
3111 1314 3378 1368 matutino

1815 1406 1990 1461 ofﬁcio
2043 1421 2151 1460 non
2213 1405 2402 1460 affuit:
2434 1422 2597 1476 quam
2654 1421 2767 1461 rem
2823 1406 2970 1459 Patri
3013 1421 3112 1459 suo
3145 1406 3377 1474 spiritali

1815 1499 2118 1564 confessus,
2161 1498 2493 1567 paenitentiae
2512 1499 2632 1553 loco
2654 1498 2868 1568 accepit
2893 1498 3174 1552 aridorum
3200 1513 3375 1562 esum,

1815 1591 1870 1644 id
1895 1599 1977 1644 est
2001 1589 2156 1659 panis
2192 1600 2245 1642 et
2280 1604 2452 1657 aqum,
2497 1599 2550 1644 et
2582 1598 2789 1644 certum
2840 1599 3234 1642 metanmaruni
3273 1605 3378 1641 nu-

1818 1696 2027 1734 merum
2061 1679 2153 1733 illo
2182 1679 2269 1734 die
2301 1678 2690 1734 faciendarum.
2746 1679 2836 1734 Sic
2863 1681 3026 1733 etiam
3054 1681 3260 1749 reliqua
3291 1681 3377 1732 in—

1818 1773 2141 1842 telligemus,
2170 1789 2292 1835 qua:
2330 1773 2653 1827 emendandi
2698 1788 2862 1828 causa
2904 1782 3034 1828 sunt
3077 1775 3380 1842 excogitata

1815 1881 1941 1935 erga
1968 1865 2089 1919 illos
2117 1865 2210 1933 qui
2239 1878 2302 1918 ea
2341 1863 2638 1934 excipiunt.

1022 2265 1404 2357 P(EN}E
1486 2260 2513 2359 MONASTEBIALES.

1727 2483 1799 2499 σω

153 2616 243 2673 A'.
297 2618 410 2672 Τοῦ
464 2621 639 2674 ὁσίου
701 2619 932 2688 Πατρὸς
983 2619 1153 2684 ἡμῶν
1202 2617 1298 2671 καὶ
1350 2612 1722 2688 ὁμολογῃτοῦ

235 2689 536 2756 Θεοδώρου
576 2683 919 2758 ἡτουμένίού
953 2683 1071 2740 τῶν
1113 2683 1400 2758 Στουδίοὺ
1425 2683 1721 2758 ἐπιτίμια.

231 2754 566 2826 Κοινὰ-τῆς
605 2754 755 2826 ὅληξ·
787 2759 1196 2825 ἀδελφότητος
1241 2757 1339 2808 ἐπὶ
1376 2754 1498 2807 τῶν
1536 2768 1723 2820 παρα-

230 2833 566 2884 λειπόντωγ
582 2829 650 2882 ἐν
683 2829 756 2896 τῇ
784 2829 1111 2893 Ἐκκλησία
1129 2830 1215 2892 εὶς
1237 2828 1344 2879 τὸν
1375 2826 1621 2876 κανόνα.

236 2964 396 3037 [Cod.
431 2965 554 3020 Vat.
599 2962 725 3028 450,
781 2963 819 3016 1”.
865 2961 938 3016 ‘20
992 2961 1046 3015 b.
1104 2958 1289 3015 Ottob.
1337 2957 1462 3023 350,
1510 2958 1548 3011 ι.
1583 2954 1716 3028 1Ᾱ.]

154 3064 230 3111 α’.
271 3058 329 3110 Ὀ
364 3057 437 3126 μὴ
463 3056 846 3126 εὑρισκόμενος
873 3056 952 3116 εἰς
981 3054 1080 3122 τὴν
1126 3051 1328 3104 εἴσοδον
1356 3051 1448 3104 τοῦ
1474 3050 1628 3114 Δόξα
1651 3050 1722 3102 ἐν

154 3145 471 3212 ὑψίστοις,
496 3145 620 3197 ἄνευ
654 3144 932 3206 ἀσθενείας
948 3142 980 3212 ἢ
998 3139 1187 3209 ἐτέρας
1214 3140 1438 3208 εὐλόγου
1463 3140 1718 3210 κατοχῆς,

155 3238 223 3288 ἐν
259 3238 324 3305 τῇ
371 3233 587 3305 εὐλογίᾳ
630 3235 838 3304 μενέτω
870 3231 1121 3301 κεκυφὼς
1158 3233 1318 3302 μέχρι
1346 3231 1722 3302 παρελεύσεως

156 3328 273 3380 τῶν
321 3327 590 3394 ἀδελφῶν.
639 3323 1021 3394 ἐξαιτούμενος
1070 3323 1447 3394 συγχώρησιν’
1499 3323 1593 3374 καὶ
1625 3317 1721 3374 εἷθ’

159 3418 340 3480 οὕτως
367 3416 690 3486 λαμϐανέτω
722 3416 820 3484 τὴν
848 3413 1117 3480 εὐλογίαν.

243 3510 308 3578 β’.
346 3507 405 3561 Ὀ
454 3506 848 3575 ὑστερούμενος
890 3503 981 3559 τοῦ
1028 3503 1339 3572 ἐξαψὰλμου
1358 3516 1407 3566 ι,
1452 3519 1728 3573 παρεστη-

161 3600 315 3653 κέτω
353 3600 410 3650 ἐν
451 3600 517 3666 τῇ
563 3593 843 3666 τραπέζῃ
884 3596 933 3648 εί
965 3593 1021 3645 δὲ
1051 3593 1450 3662 καθίσματοςὶ),
1487 3593 1727 3661 βαλλέτω

162 3693 273 3745 ἁνὰ
309 3689 595 3761 μετανοίας
633 3687 712 3741 ιε’.
739 3687 894 3740 Μετὰ
922 3685 1014 3740 τὸν
1042 3685 1348 3756 ἐξάψαλμον
1374 3684 1728 3754 ἐξερχόμενος

161 3784 200 3850 ἢ
235 3781 655 3850 περιερχόμενος
688 3778 813 3832 ἄνευ
845 3777 1222 3847 ὑπομνήσεως,
1249 3774 1647 3845 παραστηκέτω
1671 3776 1728 3826 ἐν

163 3876 237 3942 τῇ
274 3873 539 3944 τραπέζῃ.

241 3970 314 4032 τ’.
356 3964 420 4016 ’0
457 3962 534 4033 μὴ
581 3961 938 4032 ἀνιστάμενος
960 3960 1065 4023 ἕως
1088 3959 1181 4013 τοῦ
1213 3955 1604 4028 πεντηκοστ⁰ῦ’
1634 3955 1728 4025 En-

169 4072 378 4132 ροφαγε
389 4054 504 4108 ίτω.

241 4148 304 4201 δ.
341 4148 398 4200 'O
428 4147 520 4200 τὸν
556 4145 677 4200 ὅλον
715 4147 955 4199 κανόναο
990 4143 1537 4214 ἀπολιμπανόμενος,
1567 4142 1730 4214 ξηρο-

171 4238 377 4309 φαγίαν
406 4238 700 4291 ἀκάθιστον
732 4236 1093 4306 ἐπιτιμάσθω.

246 4338 311 4384 ε’.
351 4331 407 4384 Ὀ
450 4331 524 4400 μὴ
555 4328 772 4398 φθάνων
797 4329 877 4391 είς
906 4327 966 4380 τὸ
992 4327 1272 4397 προοίμιον
1301 4326 1534 4394 ἑκάστης
1561 4322 1725 4395 ὥρας,

169 4422 253 4490 τῷ
291 4420 548 4489 ἐπιτιμίῳ
581 4417 961 4472 ὑποδαλλέσθω
986 4416 1079 4470 τοῦ
1115 4417 1191 4489 μὴ
1229 4416 1617 4487 εὑρισκομένου
1648 4417 1730 4479 είς

174 4514 237 4566 τὸ
264 4511 422 4574 Δόξα
450 4510 519 4563 ἐν
547 4510 849 4578 ὑψίστοις.

1819 2611 1859 2668 1.
1921 2611 2104 2686 Sancti
2134 2610 2312 2684 Patris
2351 2613 2594 2686 nostriet
2634 2611 2942 2686 confessoris
2966 2612 3229 2686 Theodori
3248 2636 3386 2686 pra?-

1887 2684 2016 2736 sidis
2059 2681 2234 2737 Studii
2286 2701 2466 2752 poema.
2503 2681 2570 2733 Et
2628 2682 2795 2750 primo
2849 2685 3056 2750 quidem
3088 2681 3384 2741 comniunes

1889 2753 2342 2829 t_oti__[ra‘lernitati
2373 2754 2620 2805 adversus
2658 2769 2744 2805 eos
2791 2754 2880 2821 qui
2928 2766 3111 2808 contra
3151 2761 3386 2829 regulam.

1887 2825 1944 2878 in
1975 2823 2211 2877 Ecclesia
2241 2832 2476 2889 peccant.

1897 2957 1947 3010 1.
1997 2954 2100 3021 Qui
2127 2971 2232 3009 non
2257 2954 2559 3010 interfuerit
2599 2957 2753 3011 initio
2782 2967 2976 3015 cantus
3002 2959 3186 3015 Gloria
3217 2963 3270 3015 in
3292 2979 3385 3016 ea:-

1827 3049 1997 3113 celsis,
2039 3050 2243 3118 absque
2273 3049 2585 3103 infirmitate
2612 3051 2696 3103 vel
2728 3051 2834 3104 alio
2864 3052 3130 3121 probabili
3156 3053 3387 3122 impedi-

1828 3150 2029 3205 mento,
2073 3143 2195 3195 dum
2247 3142 2407 3195 datur
2436 3143 2756 3207 benedictio,
2818 3153 3033 3198 maneat
3074 3145 3389 3201 incurvatus

1828 3233 1881 3286 in
1908 3233 2138 3287 transitu
2162 3232 2407 3297 fratrum,
2435 3236 2646 3288 veniam
2671 3243 2884 3302 petens;
2909 3245 3073 3306 atque
3098 3239 3168 3292 ita
3189 3238 3386 3295 deinde

1825 3324 2054 3393 accipiat
2091 3324 2538 3381 benedictionem.

1900 3504 1955 3558 ‘2.
1990 3504 2090 3570 Qui
2124 3520 2228 3559 non
2271 3505 2486 3560 attﬂ‘erit
2507 3507 2878 3576 liexapsalmo,
2897 3517 3002 3562 stet
3027 3508 3093 3562 ad
3121 3522 3388 3562 mensam.

1826 3593 1978 3659 Quod
2018 3595 2064 3650 si
2120 3598 2429 3650 cathismati
2484 3598 2740 3661 defuerit,
2790 3600 3054 3668 puniatur
3099 3600 3386 3653 metanmis

1827 3687 2154 3755 quindecim.
2227 3687 2283 3740 Si
2346 3696 2469 3756 post
2527 3691 2935 3759 hexapsalmum
2998 3691 3228 3744 exiverit
3296 3700 3390 3745 aut

1828 3779 2274 3842 obambulaverit,
2307 3781 2422 3834 sine
2454 3781 2843 3847 admonitione,
2882 3791 2989 3837 stet
3027 3798 3228 3838 mensa:
3256 3793 3390 3839 tem-

1828 3885 1958 3939 pore

1897 3963 1950 4016 3.
1997 3963 2099 4029 Qui
2146 3976 2327 4020 rectus
2377 3982 2482 4019 non
2533 3967 2746 4021 steterit
2800 3983 2974 4037 usque
3008 3966 3076 4022 ad
3114 3967 3392 4037 psalmum

1829 4054 2361 4125 quinquagesimum,
2393 4058 2559 4113 aridis
2579 4067 2860 4112 vescatur.

1897 4146 1955 4200 4.
1994 4146 2096 4213 Qui
2135 4156 2309 4202 totum
2354 4165 2623 4205 eanonem
2657 4150 2984 4217 deseruerit,
3038 4151 3211 4207 aridis
3242 4161 3394 4206 stans

1829 4233 1973 4286 vesci
1996 4233 2271 4298 jubeatur.

1901 4324 1955 4377 5.
1994 4325 2096 4391 Qui
2139 4343 2247 4380 non
2277 4326 2512 4383 adfuerit
2539 4329 2693 4384 initio
2730 4329 2995 4400 cujusque
3023 4329 3191 4396 horae,
3221 4333 3391 4387 eidem

1833 4428 2005 4482 pmnae
2051 4415 2372 4483 subjiciatur
2433 4428 2599 4489 atque
2645 4419 2732 4476 ille
2761 4423 2853 4488 qui
2893 4422 3078 4476 cantui
3120 4421 3308 4478 Gloria
3340 4426 3398 4477 in

1831 4506 2048 4560 excelsis
2072 4507 2326 4563 defuerit.

251 4611 326 4668 ς’.
356 4603 413 4655 '0
443 4602 952 4672 ἀπολιμπανόμενος
984 4601 1076 4655 τοῦ
1106 4602 1466 4673 προκειμένου
1490 4600 1728 4672 ἑκάστης

1903 4597 1955 4651 6.
1994 4598 2097 4664 Qui
2149 4601 2436 4656 recesserit
2491 4613 2617 4658 ante
2685 4604 3090 4673 responsorium
3136 4604 3400 4674 cujusque

176 4696 406 4769 ὥρας,ἢ
443 4696 533 4748 καὶ
555 4695 659 4756 ἓως
691 4695 898 4757 τέλους,
931 4693 1326 4763 ξηροφαγείτω.

251 4784 317 4850 ζ’.
356 4787 414 4838 '0
464 4785 537 4855 μὴ
581 4783 964 4854 εὑρισκόμενος
1012 4783 1118 4836 ἀπὸ
1165 4785 1264 4853 τῆς
1306 4782 1610 4855 ἐνάρξεως,
1655 4783 1734 4854 τῷ

181 4876 443 4944 ἐπιτιμίῳ
472 4872 856 4926 ὑποδαλλέσθω
900 4869 993 4924 τοῦ
1026 4871 1100 4941 μὴ
1133 4871 1521 4941 εὑρισκομένου
1554 4872 1635 4934 εἰς
1673 4865 1736 4923 τὸ

181 4967 338 5028 Δόξα
370 4967 439 5019 ἐν
464 4967 766 5033 ὑψίστοις.

252 5064 324 5128 η’.
363 5058 420 5109 '0
443 5057 536 5108 τοῦ
561 5057 881 5126 μεταλείου
911 5057 985 5127 μὴ
1012 5055 1320 5123 ὑπακούων,
1339 5054 1737 5127 παραστηκέτω

183 5153 242 5205 ἐν
270 5151 336 5220 τῇ
361 5149 625 5219 τραπέζῃ.

260 5239 324 5291 θ’.
367 5236 424 5289 Ὀ
459 5239 806 5307 ἐναπομένων
835 5239 938 5303 ἔξω
973 5238 1081 5292 τῶν
1114 5239 1311 5311 θυρῶν,
1341 5239 1737 5310 ξηροφαγείτω.

263 5334 319 5385 t’;
353 5329 410 5382 '0
454 5330 527 5399 μὴ
564 5330 834 5382 κοινωνῶν
870 5330 987 5382 κατ’
1025 5331 1158 5384 ἰδίαν
1205 5330 1450 5400 γνώμην,
1486 5332 1743 5401 ἀφοριζέ-

191 5420 303 5474 σθω
330 5423 539 5491 ἡμέραν
574 5421 722 5490 μίαν.

1837 4687 2004 4754 horae,
2039 4691 2122 4745 vel
2170 4693 2332 4746 etiam
2375 4702 2500 4748 ante
2523 4695 2643 4762 ejus
2705 4698 2887 4757 finem,
2914 4695 3082 4749 aridis
3127 4706 3400 4750 vescatur.

1908 4779 1961 4832 7.
2009 4780 2111 4846 Qui
2145 4781 2300 4834 initio
2337 4796 2444 4835 non
2474 4780 2800 4847 interfuerit,
2842 4782 3016 4836 eidem
3057 4796 3231 4850 paena:
3266 4783 3401 4836 sub—

1835 4869 2056 4939 jiciatur
2099 4881 2260 4942 atque
2290 4872 2379 4926 ille
2409 4874 2503 4944 qui
2545 4872 2774 4928 defuerit
2800 4873 2983 4928 cantni
3017 4872 3200 4928 Gloria
3226 4875 3278 4927 in
3309 4889 3403 4927 ex-

1840 4960 2012 5018 celsis.

1911 5053 1962 5108 8.
1994 5056 2095 5121 Qui
2122 5056 2392 5125 psalmum
2421 5057 2728 5128 magniﬁcat
2762 5073 2870 5112 non
2902 5058 3159 5121 audierit,
3203 5066 3308 5112 stet
3333 5059 3400 5112 ad

1839 5163 2104 5202 mensam.

1911 5235 1964 5288 9.
1997 5235 2100 5301 Qui
2128 5237 2390 5290 manserit
2418 5247 2573 5292 extra
2603 5237 2771 5302 fores,
2805 5238 2970 5293 aridis
2993 5249 3261 5292 vescatur.

1916 5326 2000 5380 10.
2039 5327 2143 5393 Qui
2199 5342 2300 5381 sua
2355 5329 2636 5382 voluntate
2691 5344 2902 5382 sacram
2965 5329 3404 5383 communionem

1849 5421 2113 5485 omiserit,
2147 5430 2299 5474 extra
2326 5423 2662 5474 consortium
2701 5421 2792 5474 fiat
2819 5437 2926 5475 uno
2960 5422 3066 5474 die.

266 5516 350 5564 ια’.
380 5511 437 5562 '0
469 5512 524 5562 ἐν
548 5511 802 5580 ἐπιτιμία
833 5510 927 5576 ὣν,
963 5511 1056 5564 καὶ
1088 5512 1159 5582 μὴ
1184 5510 1584 5580 παριστάμενος
1611 5513 1747 5579 μετὰ

1924 5512 2010 5566 ll.
2051 5511 2154 5576 Qui
2228 5527 2400 5580 poenae
2475 5513 2826 5580 suppositus,
2919 5528 3024 5566 non
3095 5509 3409 5565 interfuerit

193 5598 299 5653 τῶν
330 5602 754 5670 κατηχουμένων
796 5603 852 5652 ἐν
886 5599 963 5671 τῷ
995 5603 1224 5671 νάρθηκι
1272 5602 1368 5670 τῆς
1409 5600 1748 5668 λειτουργίας

1853 5621 1976 5658 cum
2045 5605 2447 5660 catechumenis
2510 5606 2563 5658 in
2615 5605 2870 5658 narthece
2939 5603 3069 5657 dum
3132 5603 3408 5673 peragitur

198 5693 637 5762 ἐπιτελουμένης,
673 5694 959 5762 μετανοίας
989 5692 1227 5760 βαλλέτω
1260 5692 1618 5760 πεντήκοντα.

1852 5693 2094 5763 liturgia,
2127 5694 2409 5748 metanoais
2438 5694 2755 5763 subjiciatur
2786 5695 3206 5763 quinquaginta.

267 5803 292 5830 ει
329 5790 546 5846 Confer.
572 5788 730 5847 Goar.
766 5807 817 5859 p.
851 5789 939 5854 27,
964 5790 1028 5846 de
1044 5791 1274 5860 Hexaps.
1351 5788 1378 5828 δ
1413 5787 1574 5844 Goar.
1599 5789 1726 5847 ibid.
1760 5791 1824 5848 de
1849 5790 2186 5848 catltismate.
2264 5801 2285 5829 ε
2320 5787 2549 5860 Goar.p.
2579 5791 2664 5856 9.6,
2703 5791 2765 5848 de
2787 5804 3009 5847 canone.
