3976 6314
137 309 278 374 1737

133 516 540 588 συνταράσσων
568 517 668 590 τὴν
707 519 1074 592 ἀδελφότητα,
1114 523 1457 596 ἁφοριζέσθω
1490 527 1706 597 ἡμέραν

139 611 295 678 μίαν.

203 700 309 754 λα’.
337 701 414 754 Εἴ
446 719 530 763 τις
581 702 656 765 ὡς
703 702 892 773 Ετυχεν
921 703 1150 770 ἐξελθὼν
1189 708 1268 770 είς
1311 708 1530 779 ἀγάπην
1556 710 1613 762 ἔν
1639 711 1705 781 τῇ

132 790 466 863 ὑποστροφῇ
491 793 805 863 διηγήσεται
827 793 893 847 τὰ
920 795 1200 866 συμϐάντα
1222 798 1340 851 καθ’
1365 796 1474 852 οἷον
1507 800 1705 871 δήποτε

129 884 340 951 τρόπον
377 885 612 953 μάλιστα
640 887 698 938 ὲν
726 889 792 957 τῇ
833 889 1098 961 τραπέζῃ,
1148 890 1306 953 ἐκτὸς
1344 891 1454 944 τῶν
1495 893 1710 962 ἐρωτω-

135 975 322 1043 μένων
384 977 492 1030 ὑπὸ
545 975 639 1030 τοῦ
697 979 1057 1049 προεστῶτος,
1102 981 1440 1053 ἀφοριζέσθω
1495 985 1706 1056 ἡμέραν

137 1065 294 1134 μίαν.

201 1156 306 1225 λβ’.
339 1157 414 1210 El.’
442 1175 526 1220 τις
547 1156 616 1210 τὰ
669 1157 777 1213 τῶν
808 1160 982 1214 ἄλλων
1010 1164 1386 1234 μοναστηρίων
1408 1165 1707 1234 ἐπιφοιτῶν

132 1252 243 1319 πρὸ
286 1252 405 1304 τῶν
456 1254 798 1324 γραμμάτων
847 1255 1230 1329 έξαγγείλοι,ἢ
1272 1261 1364 1314 καὶ
1422 1263 1496 1334 μὴ
1540 1263 1707 1319 ὄντων

130 1341 513 1411 γραμμάτων,
546 1343 672 1396 ἄνευ
701 1345 794 1398 τοῦ
825 1346 1189 1417 προεστῶτος,
1217 1351 1337 1402 καθ’
1368 1347 1479 1406 οἷον
1507 1353 1704 1423 δήποτε

129 1429 338 1499 τρόπον
370 1431 467 1484 καὶ
490 1433 722 1518 μέιλιστα
745 1436 838 1489 ἐπὶ
857 1437 1111 1507 βρώσεως
1131 1439 1164 1510 ἢ
1183 1439 1342 1495 ἄλλον
1359 1444 1502 1508 τινος
1530 1448 1708 1518 πράγ-

132 1529 332 1582 ματος,
377 1517 722 1588 ἀφοριζέσθω
748 1523 964 1593 ἡμέρας
987 1524 1057 1594 γ’.

201 1603 309 1672 λγ.
350 1607 423 1660 Εἴ
447 1625 527 1671 τις
562 1612 619 1663 ἐν
643 1613 916 1685 κυριακῇ,
946 1617 1040 1670 καὶ
1067 1618 1296 1688 μάλιστα
1325 1622 1382 1676 έν
1401 1624 1706 1697 ἑορτασίμῳ

129 1694 344 1767 ἡμέρᾳ,
385 1699 462 1768 μὴ
514 1701 719 1772 φορέσῃ
750 1708 813 1755 τὸ
843 1705 1026 1774 μεῖζον
1075 1711 1237 1764 αὐτοῦ
1299 1694 1530 1780 ἱμάτιον,
1557 1694 1708 1770 cour-

1321 329 1383 387 S.
1415 323 1804 386 THEODORI
1835 324 2176 384 STUDITE

204 425 271 482 λ’.
304 426 430 490 Πᾶς
457 427 486 479 ὁ
524 427 869 499 φρατριάζων
894 430 1035 484 κατὰ
1072 431 1166 486 τοῦ
1192 436 1533 505 προεστῶτος
1551 477 1567 500 ,
1606 437 1701 490 καὶ
1727 438 1776 495 Α

3239 329 3368 395 1738

1871 435 1958 492 50.
1997 435 2308 506 Conjurans
2337 437 2390 491 in
2425 436 2738 506 praesidem,
2787 435 3124 509 turbamque
3177 439 3368 500 frater-

1807 527 2050 594 nitatem,
2089 538 2371 599 separetur
2397 544 2506 584 uno
2535 531 2644 586 die.

1875 700 1965 754 3i.
1997 700 2053 754 Si
2091 704 2217 771 quis
2251 701 2389 758 forte
2436 719 2688 776 egressus
2722 709 2789 763 ad
2817 726 3045 781 agapen,
3087 713 3141 767 in
3191 711 3362 768 reditu

1806 800 1990 847 narret
2035 807 2099 848 ea
2142 807 2263 863 quae
2297 797 2703 864 quomodolibet
2747 803 3052 870 praesertim
3089 801 3142 855 in
3179 818 3363 857 mensa

1806 881 2126 949 acciderint,
2162 884 2269 943 nisi
2317 900 2348 938 a
2403 887 2641 955 praeside
2707 889 3088 961 interrogetur,
3118 907 3228 946 uno
3279 892 3367 947 die

1806 985 2109 1047 separetur.

1875 1148 1968 1204 32.
1997 1149 2055 1204 Si
2089 1150 2135 1205 is
2163 1151 2252 1220 qui
2289 1153 2463 1208 aliena
2506 1155 2837 1211 monasteria
2881 1157 3016 1223 adit,
3054 1167 3179 1211 ante
3218 1158 3363 1212 litte-

1806 1255 1898 1295 ras
1922 1242 2132 1296 nuntiet
2156 1243 2380 1313 aliquid,
2408 1246 2488 1300 vel
2531 1247 2695 1302 etiam
2736 1248 2902 1304 nullis
2932 1265 3055 1304 cum
3089 1250 3286 1304 litteris
3311 1260 3365 1303 ct

1808 1332 1924 1387 sine
1959 1334 2204 1403 praesidis
2233 1335 2509 1401 facultate,
2541 1340 2842 1408 praesertim
2892 1341 3034 1395 circa
3065 1344 3253 1411 epulas
3283 1343 3365 1396 vel

1806 1423 1952 1478 aliud
1978 1425 2248 1494 negotium
2268 1427 2569 1496 quodlibet,
2587 1438 2870 1498 separetur
2904 1431 3106 1486 triduo.

1875 1596 1962 1651 33.
1988 1595 2041 1651 Si
2077 1598 2196 1668 quis
2231 1599 2318 1655 die
2365 1599 2673 1666 Dominico,
2700 1612 2754 1658 et
2779 1606 3076 1675 praesertim
3136 1607 3364 1662 solemni

1806 1697 2008 1743 vestem
2036 1703 2189 1742 suam
2219 1691 2480 1760 majorem
2521 1707 2630 1747 non
2658 1702 2848 1765 gestet,
2885 1694 2939 1750 id
2981 1705 3064 1752 est
3099 1713 3270 1768 usque
3298 1701 3364 1752 ad

129 1781 282 1838 ἐστιν
298 1765 396 1848 Ἰεεέ
421 1765 485 1840 τα
501 1765 596 1842 δυο
613 1765 919 1861 lui-vutg”
940 1765 1032 1851 παὶ
1051 1802 1131 1862 είς
1151 1801 1240 1855 τὸν

1828 1777 1917 1831 luo
1955 1779 2202 1848 lychnica
2227 1789 2280 1835 et
2319 1783 2673 1850 matutinum,
2712 1785 2760 1840 is
2800 1785 2961 1842 faciat
2998 1765 3365 1844 coram-altari

131 1875 241 1944 πρὸ
269 1875 373 1928 τοῦ
417 1879 802 1953 θυσιαστηρίου
824 1886 926 1938 ἀνὰ
967 1893 1254 1957 μετανοίας
1283 1901 1346 1961 ν’,
1369 1875 1461 1950 atat
1499 1895 1706 1952 εἷθόὖ-

128 1982 242 2027 τως
272 1969 625 2041 ἀναστρέψας
651 1977 1057 2047 περιϐαλλέσθω
1086 1984 1238 2041 αὑτό.

200 2056 300 2112 λε’.
337 2054 416 2113 Οὗ
455 2078 599 2126 τινος
627 2064 877 2138 εὑρεθείη
913 2070 972 2121 ἐν
1007 2072 1084 2141 τῷ
1130 2075 1242 2144 ἰδίῳ
1293 2076 1480 2130 πίνακι
1523 2079 1706 2150 διαγε-

135 2151 468 2243 γραμμένον
506 2153 694 2223 ἕτερον
728 2173 781 2210 τι
820 2159 852 2229 ἦ
887 2161 1164 2230 Γραφικὸν
1187 2165 1222 2236 ἦ
1273 2167 1535 2241 λεξικὸνῆ
1571 2174 1708 2243 πρὸς

132 2236 378 2332 ἀδελφὸν
414 2245 816 2316 έπισταλτικδν,
856 2251 996 2324 πλὴν
1042 2249 1211 2330 οὗπερ
1238 2236 1567 2332 ἐκμανθάνοι
1591 2236 1706 2319 στιν

129 2330 307 2399 χηροῦ
345 2332 381 2403 ἢ
416 2335 769 2408 καθίσματος,
816 2344 1156 2415 ἀφοριζέσθω
1205 2330 1417 2424 ἡμέραν
1451 2354 1598 2422 μίαν.

201 2505 297 2562 λε’.
327 2509 407 2605 -Ὅ
431 2517 783 2583 συνεγνωκὼς
814 2521 1039 2592 ἀδελφοῦ
1062 2525 1161 2597 τὴν
1206 2527 1270 2580 ὲκ
1301 2529 1399 2585 τοῦ
1431 2549 1703 2605 μοναστηο

134 2597 252 2665 ρίου
290 2600 550 2676 ἕξοδον.ῆ
603 2611 1044 2685 συνομιλήσας,ἢ
1096 2597 1444 2688 σονοδεύσας,
1481 2625 1574 2677 καὶ
1627 2597 1703 2696 μὴ

129 2696 583 2764 προαναγγείλοι,
622 2699 962 2772 ἀφοριζέσθω
1013 2707 1279 2780 ἑϐδομάδα
1310 2714 1460 2783 μίαν.

603 2917 743 2986 Περὶ
771 2920 878 2974 τοῦ
901 2927 1268 2996 κελλαρὶτου.

198 3019 318 3088 λς’.
348 3023 688 3096 Χῦμα-οῐνου
735 3035 829 3086 ἐὰν
866 3036 1123 3107 γένηται,
1158 3045 1436 3112 μετάνοιαι
1477 3051 1698 3106 κατὰτὸ

129 3113 336 3182 μέτρον
366 3118 460 3170 τοῦ
488 3119 727 3189 χύματος
751 3125 854 3180 ἀνὰ
889 3127 950 3194 ε’,
986 3130 1082 3184 καὶ
1121 3134 1221 3203 τὴν
1251 3135 1363 3191 ἄνω
1385 3153 1401 3170 °
1441 3140 1698 3206 ὡσαύτως

125 3207 224 3306 atat
270 3208 642 3306 gutta-650w,
675 3216 706 3287 ἢ
753 3221 1053 3293 παράχυμα
1092 3225 1359 3300 ἑλαίου,ἢ
1404 3234 1700 3306 παράχυμα

123 3294 360 3367 ὀσπρίου
392 3300 486 3353 ἐὰν
512 3303 756 3375 γένηται.

196 3384 302 3449 λζ’.
334 3388 506 3458 Σῆψις
535 3393 708 3458 εἴδους
737 3398 988 3453 παντοίου
1016 3401 1454 3477 βιϐρωσκομένου
1486 3408 1580 3463 ἐὰν
1612 3413 1701 3465 τύ.

124 3491 236 3544 χοι,
275 3482 425 3532 κατὰ
461 3487 530 3535 τὰ
556 3488 747 3540 ταυτα.

195 3568 306 3640 λη’.
355 3572 480 3626 Ἐάν
509 3593 562 3628 τι
597 3579 788 3643 σκεῦος
816 3583 1062 3658 εὑρεθείη
1093 3590 1436 3646 ἀσκέπαστον
1473 3596 1565 3649 ἐπὶ
1597 3615 1695 3650 πο-

123 3657 212 3725 λὺ,
240 3664 298 3715 αἱ
337 3665 502 3719 αὑταὶ
528 3669 831 3738 μετάνοιαι.

195 3752 298 3853 λθέ.
343 3756 468 3810 Ἐὰν
485 3759 658 3853 πλείω
679 3764 1062 3838 παραθήσηται
1083 3775 1149 3844 τῇ
1169 3778 1419 3852 τραπέζῃ
1440 3781 1472 3853 ἢ
1491 3781 1696 3838 ἐλάττω

124 3840 233 3894 τῶν
258 3844 764 3920 διατετυπωμένων,
811 3856 916 3911 ἀνὰ
961 3865 1008 3928 ρ’
1036 3840 1345 3931 μετανοίας.

198 3939 274 4001 μ’.
307 3938 577 4012 Συντρισὴ
603 3943 696 3996 ἐὰν
726 3945 950 4017 γένηται
995 3951 1305 4025 οίουδήποτε
1344 3959 1568 4024 σκεύους
1594 3961 1692 4015 μέ-

125 4039 217 4093 χρι
246 4025 566 4096 βαυκαλίου,
596 4036 875 4102 μετάνοιαι
905 4045 953 4110 ρ’
982 4042 1074 4095 καὶ
1108 4052 1152 4096 σ¹
1184 4048 1278 4101 καὶ
1310 4047 1377 4116 τ’,
1406 4051 1438 4122 ἢ
1465 4051 1560 4106 καὶ
1584 4069 1692 4107 πα-

126 4120 466 4190 ραστάσιμον
497 4126 634 4192 μετὰ
655 4127 748 4183 τοῦ
775 4129 1001 4196 σκεύους
1027 4135 1216 4192 αὑτοῦ.

588 4344 727 4411 Περὶ
775 4347 881 4401 τοῦ
911 4350 1226 4418 ὀψοποιοῦ.
1367 4412 1371 4416 .

195 4453 308 4537 μα’.
354 4449 482 4502 Ἐὰν
508 4450 583 4520 μὴ
608 4454 752 4525 γέμῃ
775 4459 803 4509 ὁ
824 4457 1006 4530 λέϐης,
1028 4479 1318 4532 μετανοιας
1339 4469 1404 4537 λ’,
1428 4468 1690 4537 ὡσαύτως

121 4534 216 4586 καὶ
242 4537 270 4586 ὁ
295 4537 627 4608 κούκουμος.

197 4625 306 4726 μ.βῖ
352 4630 482 4682 Ἐὰν
519 4632 860 4708 περίσσευμα
893 4641 1162 4717 ἀφανισθῇ
1202 4647 1250 4713 ά,
1288 4653 1574 4719 μετανοίας
1605 4663 1684 4726 ρ’·

124 4716 181 4857 εἰί
199 4717 255 4770 δὲ
285 4723 420 4789 ριφῇ
461 4721 779 4791 ἀχρειωθὲν,
830 4716 1240 4807 παραστάσιμον
1276 4716 1415 4809 μετὰ
1445 4716 1684 4813 ξηροςία-

125 4821 158 4857 γ
183 4827 270 4857 ας-

125 4821 270 4873 γιας.

356 4901 484 4955 Ἐὰν
518 4903 594 4974 μὴ
625 4907 984 4982 προεισσάλλῃ
1007 4914 1063 4967 ἑν
1088 4919 1264 4990 καιρῷ
1294 4923 1356 4976 τὸ
1390 4923 1565 4978 ἔλαιον
1595 4930 1687 4982 καὶ

123 4985 182 5037 τὸ
215 4989 352 5054 ἅλας
393 4991 479 5043 ἵνα
514 4996 873 5067 συνεψηθῶσι,
925 4985 1202 5069 μετάνοιαι
1233 4985 1306 5063 it'.

194 5083 298 5151 μδ’.
377 5084 438 5137 Ei
493 5085 676 5157 ζωμὸν
740 5093 1066 5165 ὲλαιωμένον
1135 5102 1437 5174 ἀποχύσει,
1516 5111 1683 5177 μετὰ-

123 5190 258 5232 νοιαι
281 5180 346 5237 λ’.

194 5280 296 5340 με’.
337 5274 405 5327 Εἴ
432 5291 516 5338 τις
557 5274 664 5346 ἄρῃ
711 5276 996 5344 βαυκάλιον
1037 5282 1141 5337 ἀπὸ
1185 5286 1280 5340 τοῦ
1329 5290 1680 5359 ἀριστηρίου,

128 5363 216 5414 καὶ
253 5367 326 5436 μὴ
358 5367 523 5420 πάλιν
548 5369 875 5441 ἀντιστρέψῃ
909 5373 1038 5426 αὐτὸ
1065 5377 1146 5440 είς
1186 5379 1276 5430 τὸν
1326 5381 1458 5434 ῐδιον
1495 5381 1678 5449 τόπον,

130 5457 407 5519 μετάνοιαι
433 5463 496 5510 ν’.

197 5632 257 5672 ⁸⁸
281 5635 356 5693 De
389 5639 607 5710 lychnio
635 5640 798 5706 Goar,
819 5658 870 5712 p.
905 5643 995 5698 τι.
1070 5645 1097 5684 δ
1130 5649 1200 5701 al.
1231 5652 1349 5705 cod.
1381 5652 1738 5724 ἀναφανισθῇ.

465 5758 732 5820 Parnm.
785 5764 895 5823 Gs.
939 5764 1157 5827 XCIX.

1716 4419 1770 4480 D

1807 1879 2105 1926 metaumas
2141 1873 2568 1946 quinquaginta;
2600 1887 2764 1947 atque
2799 1881 2872 1933 ita
2917 1894 3172 1935 reversus
3207 1892 3356 1936 veste

1809 1963 1897 2017 illa
1927 1963 2209 2020 induatur.

1875 2054 1963 2110 54.
2001 2057 2057 2110 Si
2091 2058 2143 2110 in
2169 2059 2400 2130 alicujus
2423 2059 2604 2130 pluteo
2642 2063 2904 2131 scriptum
2944 2063 3147 2134 aliquid
3185 2079 3367 2134 reper-

1805 2155 1920 2200 tum
1969 2145 2172 2212 fuerit,
2220 2159 2315 2202 aut
2376 2165 2443 2203 ex
2485 2150 2692 2213 bibliis,
2749 2161 2843 2205 aut
2899 2168 2962 2207 ex
3032 2155 3241 2219 lexicis,
3273 2163 3388 2208 aut.

1805 2236 2100 2305 quidquam
2132 2235 2419 2305 epistolare
2467 2242 2532 2293 ad
2571 2241 2815 2305 fratrem,
2876 2255 3068 2312 preter
3138 2245 3188 2299 id
3222 2246 3366 2314 quod

1804 2329 2126 2384 didiceritex
2158 2332 2397 2387 metricis
2444 2333 2751 2400 versiculis,
2771 2345 2868 2390 aut
2911 2352 2975 2390 ex
3008 2337 3362 2403 cathismale.

1804 2435 1914 2474 uno
1968 2423 2054 2476 die
2095 2432 2391 2490 separetur.

1874 2512 1960 2566 35.
1997 2513 2369 2578 Quiconscius
2425 2515 2587 2572 fuerit
2634 2518 2823 2574 fratris
2863 2523 3195 2577 monasterio
3214 2535 3368 2590 egre-

1802 2603 2020 2663 dientis.
2060 2606 2143 2658 vel
2181 2621 2303 2659 cum
2335 2621 2402 2660 eo
2449 2609 2756 2665 collocutus
2787 2611 2964 2675 fuerit,
3008 2621 3104 2666 aut
3139 2613 3367 2666 comita-

1803 2703 1914 2760 tus,
1950 2710 2125 2767 neque
2173 2699 2642 2769 prmnuntiaverit,
2677 2717 2783 2756 una
2830 2702 3168 2758 bebdomada
3201 2717 3364 2774 sepa-

1801 2797 1967 2841 retur.

2399 2927 2478 2982 De
2529 2930 2761 2987 cellario.

1867 3033 1954 3089 56.
1989 3036 2047 3089 Si
2089 3036 2201 3091 vini
2240 3037 2434 3118 effusio
2479 3039 2677 3107 fuerit,
2727 3055 3024 3102 metanmas
3063 3046 3227 3103 faciat
3267 3062 3367 3116 pro

1803 3139 2058 3180 mensura
2101 3126 2383 3184 eil‘usionis
2421 3131 2662 3201 quinque
2701 3137 2786 3190 vel
2820 3138 2981 3192 ultra.
3019 3136 3281 3192 Similiter
3317 3138 3365 3194 si

1799 3217 1992 3270 eﬂ'usio
2025 3219 2190 3284 aceti,
2225 3222 2312 3275 vel
2346 3223 2782 3291 superemuentia
2823 3229 2949 3294 olei,
2983 3231 3066 3284 vel
3099 3229 3226 3284 item
3273 3245 3370 3284 suo

1799 3307 2167 3377 perellluentia
2197 3311 2529 3381 leguminum
2554 3317 2854 3386 contigerit.

1868 3399 1956 3454 37.
1985 3400 2275 3472 Corruptio
2303 3403 2611 3461 eduliornm
2642 3409 2890 3478 cujusvis
2937 3411 3152 3482 generis
3178 3413 3365 3468 eadem

1796 3505 1953 3560 pcena
1980 3494 2468 3551 animadvertatur.

1866 3581 1954 3636 58.
1992 3581 2049 3636 Si
2084 3599 2178 3638 vas
2215 3586 2586 3655 comperiatur
2635 3588 2730 3643 diu
2783 3591 3066 3659 intectum,
3098 3595 3232 3650 flant
3263 3613 3368 3654 eae-

1793 3668 1915 3724 dem
1946 3682 2246 3729 metanmaa.

1861 3761 1950 3816 59.
1985 3761 2041 3817 Si
2071 3780 2271 3821 mensae
2318 3767 2579 3825 obtulerit
2643 3772 2767 3842 plus
2810 3774 3061 3833 minusve
3090 3794 3257 3850 quam
3295 3782 3368 3837 sit

1791 3853 2186 3923 prescriptum,
2221 3867 2438 3913 centum
2477 3859 2642 3917 faciat
2672 3877 2993 3924 metanmas.

1860 3942 1951 3996 ιο.
1987 3941 2254 4002 Coutritio
2287 3948 2334 4003 si
2380 3951 2636 4006 acciderit
2682 3957 2976 4028 cujuslibet
3011 3962 3156 4016 vasis
3191 3979 3366 4033 usque

1791 4037 1860 4091 ad
1889 4048 2129 4108 pateram
2149 4080 2165 4106 ,
2197 4050 2496 4098 metanmas
2533 4045 2700 4103 faciat
2740 4060 2954 4106 centum
2983 4063 3082 4107 aut
3105 4055 3370 4112 ducentas

1790 4127 1876 4182 vel
1929 4139 2240 4199 trecentas;
2313 4142 2409 4189 aut
2462 4135 2627 4190 etiam
2691 4148 2796 4194 stet
2843 4157 3028 4198 coram
3077 4159 3201 4199 cum
3251 4147 3368 4214 ipso

1790 4233 1937 4275 V858.

2419 4356 2498 4412 De
2540 4373 2730 4428 coquo.

1862 4462 1953 4518 41.
1973 4463 2086 4521 Nisi
2117 4467 2264 4524 lebes
2285 4469 2478 4542 plenus
2505 4471 2694 4539 fuerit,
2719 4472 2804 4528 vel
2820 4488 3111 4539 cucumus,
3143 4475 3361 4546 triginta

1790 4553 1956 4608 faciat
1983 4565 2305 4614 metattmas.

1860 4647 1949 4699 42.
1989 4647 2045 4702 Si
2096 4650 2340 4722 reliquiae
2396 4653 2594 4726 aliqua:
2628 4669 2878 4726 pereant,
2930 4670 3143 4717 centum
3200 4657 3361 4714 faciat

1790 4748 2109 4798 metanmas.
2144 4741 2301 4809 Quod
2344 4747 2387 4800 si
2433 4747 2545 4816 jam
2577 4749 2732 4807 factae
2761 4753 2978 4809 inutiles
3008 4754 3356 4824 abjiciautur,

1788 4842 1895 4888 stet
1927 4850 2135 4900 coram,
2161 4847 2215 4890 et
2249 4838 2419 4894 aridis
2441 4852 2714 4896 vescatur.

1857 4921 1947 4978 43.
1983 4922 2100 4978 Nisi
2132 4924 2327 4981 idoneo
2358 4937 2597 4998 tempore
2628 4932 2806 4986 oleum
2866 4933 3155 4988 immiserit
3177 4944 3232 4987 et
3255 4934 3357 4998 sal,

1787 5025 1846 5069 ut
1875 5017 2038 5070 simul
2064 5028 2391 5087 coquantur,
2418 5032 2718 5078 metanaaas
2744 5023 2908 5078 faciat
2943 5027 3152 5094 viginti.

1854 5107 1943 5162 44.
1975 5106 2032 5162 Si
2079 5108 2353 5178 jusculum
2415 5113 2650 5168 oleatum
2719 5117 3004 5184 effuderit,
3060 5127 3357 5174 mctanmas

1787 5199 2029 5268 triginta.

1856 5291 1946 5344 45.
1974 5292 2028 5347 Si
2060 5294 2188 5364 quis
2214 5304 2452 5366 pateram
2486 5313 2552 5352 ex
2582 5297 2870 5354 refectorio
2918 5301 3223 5364 sustulerit,
3257 5316 3360 5356 nec

1790 5384 1933 5437 illam
1975 5385 2027 5438 in
2060 5387 2240 5443 locum
2284 5403 2443 5444 suum
2495 5391 2820 5460 reposuerit,
2858 5400 3160 5448 metanteas
3194 5391 3355 5458 quin-

1789 5479 2071 5550 quaginta.
