3976 6314
625 325 760 388 1739
1809 329 2044 389 ΡίΕΝιΕ
2079 325 2175 385 ΜΟ

2314 324 2729 384 STERIALES.
3751 323 3873 383 Ιτείιῖι

697 442 785 495 46.
809 439 864 494 Si
888 441 1266 513 confringatur
1281 451 1442 508 testa,
1461 455 1518 497 ut
1539 444 1666 508 olla,
1697 455 1789 498 aut
1816 443 2081 504 cacabus,
2101 455 2175 493 au

2367 455 2450 507 μς
2471 475 2486 491 .
2531 437 2657 490 Ἐἀν
2693 435 2954 507 συντριϐῇ
2985 435 3160 506 χύτρα
3187 435 3221 506 ἢ
3248 436 3604 506 πυροστάτης
3630 436 3667 507 ἢ
3716 447 3871 490 κακα-

624 533 907 594 craticula.
941 543 1033 587 aut
1067 535 1210 588 aliud
1242 535 1475 605 quodvis
1501 537 1744 589 culinare
1767 550 1862 588 vas
1891 550 1953 588 ex
2009 533 2175 602 negle

2314 530 2409 584 itov
2443 533 2476 602 ἢ
2509 531 2772 602 ὲσχάραῆ
2803 531 2930 585 ἄλλό
2958 548 3010 582 τι
3047 530 3238 592 σκεῦος
3267 530 3599 600 μαγειρικὸν
3629 533 3698 583 ὲκ
3723 548 3875 583 κατε-

625 638 736 690 ctu,
760 639 975 682 centum
1004 629 1083 682 vel
1110 627 1370 683 ducentas
1397 629 1480 683 vel
1505 637 1776 683 trecentas
1810 628 1975 682 faciat
2011 635 2175 680 meta-

2314 624 2630 693 ρρονήσεως,
2651 622 2755 676 ἀνὰ
2788 629 2836 695 ρ’
2862 623 2956 675 καὶ
2991 627 3036 675 σθ
3073 623 3166 675 καὶ
3194 628 3241 676 τ’
3283 622 3608 692 μετανοίας.

623 735 795 775 uaeas.

1098 831 1177 886 De
1209 832 1461 886 librorum
1490 834 1720 887 custode.

2667 815 2806 885 Περὶ
2834 814 2940 870 τοῦ
2973 814 3472 883 βιϐλιοφύλακος.

693 943 782 998 47.
824 942 878 998 Si
913 945 1036 1013 quis
1063 945 1259 999 librum
1292 947 1579 1016 acceperit,
1615 945 2041 1024 nequenitidum
2071 961 2175 1000 ser-

2365 938 2476 1008 μί’.
2524 938 2648 990 Ἐάν
2670 955 2754 1001 τις
2804 936 2945 1008 λάθῃ
3003 935 3228 1006 βιϐλίον,
3269 936 3363 988 καὶ
3422 934 3499 1004 μὴ
3558 933 3868 1001 φιλοκάλως

623 1035 849 1099 vaverit,
877 1035 956 1088 vel
995 1035 1159 1087 alium
1221 1037 1463 1104 attigerit
1509 1037 1627 1090 sine
1682 1036 2041 1105 permissione
2066 1035 2175 1103 ejus

2314 1031 2465 1098 ερατῇ
2505 1027 2656 1089 αὐτὸ,
2689 1028 2722 1097 ἢ
2754 1027 2957 1096 ἅψηται
3015 1026 3176 1080 ἀλλου
3218 1025 3346 1078 ἀνευ
3395 1028 3498 1094 τῆς
3561 1024 3868 1093 ἐπιτροπῆς

622 1127 712 1193 qui
760 1135 923 1186 tenet.
949 1128 1029 1179 vel
1058 1126 1224 1180 alium
1265 1127 1575 1196 quaesiverit
1606 1143 1956 1180 murmurans
1991 1137 2175 1195 praeter

2314 1117 2380 1172 τοῦ
2407 1118 2758 1186 κρατοῦντος,
2805 1119 2837 1188 ἢ
2878 1119 3162 1188 ὲπιζητοίη
3214 1119 3404 1188 ἕτερον
3451 1119 3593 1187 παρ’
3632 1119 3664 1169 ὃ
3717 1118 3871 1170 ἔλαϐε

622 1217 772 1269 illum
822 1233 978 1286 quem
1026 1217 1137 1287 jam
1177 1207 1486 1287 acceperat,
1526 1234 1752 1288 prorsus
1802 1219 1893 1272 illo
1944 1219 2030 1272 die
2074 1232 2181 1271 non

621 1308 949 1378 impetrabit.

690 1402 776 1455 48.
814 1402 1151 1458 Silibrorum
1183 1414 1368 1460 custos
1398 1405 1631 1458 debitam
1665 1404 2005 1459 sedulitatem
2040 1404 2180 1457 haud

617 1511 728 1563 prae
756 1512 815 1550 se
853 1497 1056 1562 tulerit,
1091 1498 1258 1552 libros
1291 1498 1536 1566 singulos
1591 1498 1896 1562 excutiens,
1928 1508 2180 1567 transpo-

617 1603 772 1649 nens,
803 1588 1020 1653 pulvere
1049 1605 1310 1658 purgans,
1354 1589 1524 1643 aridis
1553 1600 1822 1643 vescatur.

683 1678 772 1730 49.
800 1679 853 1732 Si
883 1681 1004 1748 quis
1031 1681 1224 1734 librum
1257 1681 1459 1735 abdens
1491 1682 1544 1734 in
1579 1681 1855 1742 cubiculo,
1895 1679 2039 1734 hunc
2063 1680 2182 1749 pul-

2287 1210 2591 1281 γογγύζων,
2623 1209 2698 1282 μὴ
2725 1210 2929 1282 ἅψηται
2959 1210 3094 1275 ὅλως
3122 1213 3188 1282 τῇ
3224 1211 3407 1281 ἡμέρα
3436 1210 3657 1280 ἐκείνῃ.

2361 1381 2472 1452 μη’.
2511 1379 2635 1434 Ἐἀν
2670 1382 2699 1434 ὁ
2727 1378 3075 1450 βιϐλιοφὺλαξ
3115 1379 3218 1450 τὴν
3265 1377 3500 1432 δέουσαν
3549 1376 3872 1446 ἐπιμέλειαν

2291 1476 2365 1546 μὴ
2394 1473 2783 1540 ἐπιδείκνυται,
2809 1473 3078 1526 τινάσσων
3135 1472 3228 1526 καὶ
3270 1468 3737 1543 μεταστοιϐἀζων
3788 1476 3871 1522 καί

2285 1567 2579 1638 κονιορτῶν
2607 1566 2860 1629 ἕκαστον,
2891 1563 3289 1637 ξηροφαγείτω.

2359 1659 2465 1730 μθ’.
2501 1660 2690 1723 Ὅστις
2712 1659 2906 1730 εὑρεθῇ
2929 1657 3300 1730 ἀποκρύπτων
3329 1657 3413 1722 εἰς
3434 1657 3754 1728 κοιτάριον,
3790 1656 3872 1707 καὶ

616 1770 843 1824 sationis
880 1747 1120 1839 tempore
1169 1772 1378 1825 custodi
1413 1757 1519 1825 non
1567 1771 1881 1836 reddiderit,
1930 1771 2049 1826 sine
2084 1773 2175 1826 bo-

2314 1750 2363 1822 ιὴ
2396 1750 2538 1804 κατὰ
2557 1751 2649 1804 τὸν
2685 1751 2872 1822 καιρὸν
2910 1750 3005 1803 τοῦ
3050 1749 3400 1821 κρούσματος
3433 1748 3678 1818 ἀποδοίη
3724 1747 3874 1799 τοίτο

2325 1839 2352 1859 μ
2418 1840 2443 1859 n
2476 1840 2528 1859 αἱ
2575 1858 2582 1859 ,
2651 1840 2690 1859 ΙΝ
2767 1858 2770 1859 ,
2869 1839 2987 1859 l,,_,_
3045 1839 3256 1859 _,’\l___,.
3315 1840 3662 1859 _-_-41__.__
3735 1854 3837 1859 _._-

615 1874 767 1915 ιιειειε
787 1877 974 1926 causa,
1007 1872 1114 1917 stet
1147 1878 1353 1917 mensa:
1383 1873 1647 1931 tempore.

1243 2063 1318 2116 De
1345 2073 1546 2118 sutore.

681 2176 769 2232 50.
827 2174 884 2229 Si
941 2176 1063 2246 quis
1097 2192 1162 2231 ex
1215 2179 1543 2248 negligentia
1597 2181 1846 2235 subulam
1900 2191 1994 2236 aut
2030 2192 2182 2238 suto-

609 2268 750 2322 rium
795 2267 942 2321 aliud
993 2268 1410 2323 instrumentum
1445 2270 1682 2340 fregerit,
1717 2283 2015 2328 metanceas
2057 2289 2184 2329 cen-

612 2369 747 2421 tum.
781 2369 828 2412 et
857 2360 1267 2427 quinquaginta,
1303 2370 1354 2414 et
1383 2361 1602 2431 triginta
1630 2361 1821 2416 faciat.

683 2450 768 2503 5i.
820 2449 875 2502 Si
925 2451 1089 2504 coriis
1123 2452 1324 2505 abusus
1375 2451 1542 2504 fuerit
1586 2463 1672 2505 aut
1731 2454 1960 2514 malleis,
1998 2469 2051 2508 et
2078 2455 2181 2509 nisi

611 2542 756 2595 coria
790 2550 946 2595 caute
983 2542 1255 2606 inciderit,
1289 2543 1593 2613 calceisque
1657 2547 2027 2614 supposuerit,
2083 2548 2181 2602 iis-

610 2633 729 2685 dem
765 2633 937 2701 pugnis
983 2635 1254 2687 obnoxius
1283 2645 1421 2690 esto.

683 2724 766 2778 52.
803 2724 858 2778 Si
890 2740 953 2779 ex
979 2727 1236 2793 peculiari
1256 2727 1449 2782 affectu
1468 2729 1759 2794 detalicui,
1787 2740 1883 2788 aut
1908 2732 2025 2787 sine
2049 2749 2180 2789 usus

611 2821 958 2884 necessitate,
985 2821 1154 2874 aridis
1188 2831 1469 2876 Vescatur.

1156 2934 1232 2988 De
1262 2935 1614 3005 calligrapho.

680 3046 769 3100 53.
796 3048 848 3101 Si
875 3058 1074 3116 praeter
1097 3065 1255 3103 usum
1282 3050 1464 3118 gluten
1491 3050 1678 3106 fecerit
1707 3054 1869 3124 idque
1886 3054 1992 3110 situ
2025 3070 2174 3110 mar—

612 3151 810 3201 cescat,
843 3152 1140 3195 mctanmas
1170 3143 1333 3196 faciat
1359 3145 1778 3214 quinquaginta.

681 3231 768 3282 54.
805 3229 858 3283 Si
887 3233 1024 3284 haud
1059 3232 1320 3285 mundum
1353 3244 1533 3288 servet
1557 3239 1996 3305 quateruionem,
2031 3241 2179 3309 pari-

613 3331 800 3390 terque
834 3323 1029 3375 librum
1067 3327 1209 3377 unde
1262 3327 1544 3390 exscribit,
1579 3345 1753 3395 neque
1793 3347 1891 3385 suo
1939 3342 2182 3402 tempore

613 3425 902 3482 utrumque
932 3417 1162 3482 operiat,
1197 3432 1372 3485 neque
1426 3434 1613 3473 curam
1660 3431 1812 3490 gerat
1855 3425 2182 3480 antisticho-

615 3521 752 3566 rum,
808 3516 1153 3571 accentuum,
1205 3521 1259 3561 et
1298 3510 1824 3579 iuterpunctiouum,
1882 3529 2181 3575 metanaaas

613 3597 773 3650 faciat
805 3600 1020 3671 triginta
1069 3617 1232 3666 supra
1265 3612 1506 3657 centum.

681 3689 769 3741 55.
794 3689 849 3742 Si
880 3692 1000 3756 quis
1036 3693 1349 3747 memoriter
1378 3695 1690 3750 recitaverit
1727 3701 1930 3769 scripta
1955 3703 2008 3753 in
2038 3702 2179 3755 libro

615 3784 753 3833 unde
780 3785 890 3848 ipsc
930 3784 1210 3848 exscribit,
1238 3797 1522 3853 separetur
1547 3787 1750 3842 triduo.

682 3874 765 3926 56.
804 3873 856 3926 Si
902 3877 1025 3943 quis
1074 3878 1194 3944 plus
1221 3893 1382 3944 quam
1415 3887 1499 3931 est
1540 3879 1593 3932 in
1628 3881 1834 3948 scripto
1879 3883 2066 3953 legerit
2109 3901 2174 3940 ex

611 3980 674 4016 eo
705 3980 863 4031 quem
891 3967 1152 4018 exscribit
1176 3967 1336 4031 libro,
1365 3968 1532 4024 aridis
1551 3981 1820 4034 vescatur,

680 4055 766 4109 57.
799 4056 855 4110 Si
879 4073 942 4110 ex
972 4058 1049 4111 ira
1079 4059 1346 4114 calamum
1376 4060 1620 4133 fregerit,
1660 4075 1956 4120 metanceas
2008 4065 2173 4122 faciat

611 4147 851 4214 triginta.

680 4236 766 4290 58.
810 4237 863 4290 Si
901 4239 1035 4293 alter
1073 4242 1297 4296 alterius
1340 4245 1775 4314 quateruionem,
1805 4247 2009 4316 absque
2039 4249 2176 4304 scri-

607 4326 784 4379 bentis
815 4342 1105 4392 consensu,
1130 4331 1230 4384 sibi
1260 4334 1610 4388 vindicaverit
1636 4377 1650 4399 ,
1685 4346 1982 4393 metanmas
2013 4337 2174 4394 faciat

609 4421 1022 4490 quinquaginta.

2284 1839 2362 1911 τῷ
2416 1840 2820 1911 βιϐλιοφύλακι,
2863 1839 2991 1893 ἄνευ
3039 1839 3281 1908 εὐλόγου.
3311 1840 3686 1910 προφάσεως,
3733 1854 3869 1905 παρ-

2285 1931 2564 2003 εστηκέτω
2590 1934 2648 1985 ὲν
2668 1934 2735 2002 τῇ
2761 1931 3033 2004 τραπέζῃ.

2771 2046 2913 2116 Περὶ
2935 2044 3044 2100 τοῦ
3075 2043 3366 2110 σκυτέως.

2355 2167 2418 2213 ν’.
2459 2159 2589 2214 Ἐὰν
2613 2160 2677 2213 ὲκ
2696 2161 3154 2231 καταφρονήσεως
3172 2160 3348 2230 κλάσῃ
3370 2157 3657 2223 σουϐλίον,
3694 2159 3728 2228 ἢ
3756 2159 3868 2212 ἓτε-

2288 2245 2377 2322 ρον
2405 2251 2686 2322 ἐργαλεῖον
2726 2250 3140 2322 σκυτοτομικὸν,
3178 2252 3283 2305 ἀνά
3324 2251 3630 2322 μετανοίας
3673 2260 3742 2323 ρ’,
3784 2255 3868 2304 καὶ

2283 2351 2349 2410 ν’,
2381 2344 2477 2398 καὶ
2505 2344 2570 2397 λ’.

2352 2443 2450 2490 να’.
2491 2435 2618 2489 Ὲάν
2656 2437 3078 2507 παραχρήσηται
3106 2438 3216 2500 τοῖς
3234 2434 3507 2505 δέρμασιν
3529 2436 3564 2507 ἢ
3595 2435 3863 2504 ταῑςσφύο

2285 2545 2427 2598 ραις,
2459 2529 2553 2582 καὶ
2587 2527 2663 2598 μὴ
2706 2527 2845 2598 μετά
2872 2527 3171 2597 ἀσφαλείας
3193 2510 3466 2598 διακόπτῃ
3490 2529 3592 2581 καὶ
3620 2528 3862 2599 ὑποϐάλῃ

2281 2621 2340 2673 ὲν
2368 2621 2480 2683 τοῖς
2511 2618 2872 2688 ὑποδήμασιν,
2902 2619 3075 2689 ἐχέτω
3095 2618 3164 2672 τὰ
3193 2619 3334 2672 αὐτά
3367 2621 3653 2691 ἐπιτίμια.

2353 2710 2457 2780 νβ’.
2496 2710 2622 2764 Ἐἀν
2660 2711 2996 2782 προσπαθῶς
3023 2711 3100 2782 δῷ
3133 2711 3262 2778 τινὶ,
3291 2712 3326 2783 ἢ
3360 2712 3461 2766 καὶ
3492 2713 3856 2783 ἀχρειάστως,

2283 2795 2688 2872 ξηροφαγέίτω.

2700 2915 2839 2985 Περὶ
2864 2915 2971 2970 τοῦ
2990 2914 3428 2985 καλλιτρὰερου.

2350 3019 2452 3089 νγῖ
2496 3019 2622 3074 Ἐὰν
2648 3021 2788 3093 ὑπὲρ
2815 3022 2915 3092 τὴν
2937 3023 3128 3093 χρείαν
3147 3024 3317 3076 ποιῶν
3336 3024 3564 3089 κόλλαν,
3771 3028 3857 3081 σὺν

2205 3155 2248 3212 C
2284 3109 2382 3180 τὴν
2403 3110 2491 3163 διὰ
2519 3112 2620 3180 τῆς
2647 3113 2951 3184 ἀπομονῆς,
2983 3113 3260 3184 μετάνοιαι
3294 3122 3358 3169 ν’.

2352 3199 2447 3254 νδ’.
2470 3201 2541 3252 Ἐί
2577 3202 2651 3275 μὴ
2684 3201 2989 3269 φιλοκάλως
3011 3205 3202 3274 κρατεῖ
3226 3204 3285 3257 τὺ
3310 3205 3622 3276 τετράδιον,
3652 3209 3748 3261 καὶ
3777 3208 3854 3260 τί-

2284 3290 2411 3362 Θησι
2443 3292 2503 3346 τὸ
2525 3293 2618 3362 ἀφ’
2647 3288 2707 3348 οὗ
2741 3295 2938 3364 γράφει
2966 3295 3191 3365 βιϐλίον,
3232 3297 3328 3349 καὶ
3359 3301 3560 3350 σκέπει
3594 3303 3657 3352 ὲν
3685 3300 3852 3368 καιρῷ

2282 3385 2538 3455 ἑκάτερα,
2606 3386 2700 3438 καὶ
2759 3390 3159 3457 παρατηρείται
3215 3388 3284 3441 τά
3325 3405 3387 3440 τε
3434 3389 3731 3460 ἀντίστιχα
3770 3392 3854 3444 καὶ

2279 3479 2405 3540 τοὺς
2465 3477 2651 3541 τόνους
2715 3479 2809 3531 καὶ
2862 3477 2965 3540 τάς
3021 3478 3275 3548 στιγμὰς,
3310 3478 3417 3532 ἀνὰ
3474 3483 3773 3549 μετανοίας
3795 3482 3852 3544 λ’,

2281 3570 2374 3622 καὶ
2406 3575 2470 3638 ρ’.

2348 3665 2441 3711 νε⁹.
2489 3659 2613 3711 Ἐάν
2637 3676 2721 3720 τις
2750 3659 3075 3731 ὲκστηθήσει
3101 3662 3164 3714 ὲκ
3193 3661 3302 3714 τῶν
3324 3667 3742 3734 γεγραμμένων
3764 3665 3849 3718 τοῦ

2277 3750 2336 3815 ἐξ
2367 3745 2426 3804 οὗ
2457 3751 2660 3820 γράφει
2690 3751 2922 3821 βιϐλίου,
2958 3752 3302 3823 ἀφοριζέσθω
3333 3757 3552 3825 ἡμέρας
3580 3765 3653 3825 γ’.

2347 3853 2457 3910 νς’.
2490 3847 2558 3899 Εί
2581 3864 2664 3907 τις
2694 3846 2857 3899 πλέον
2884 3845 2997 3898 τῶν
3027 3846 3426 3916 γεγραμμένων
3458 3846 3772 3915 ἀναγνώσει
3797 3847 3849 3912 ἐξ

2275 3931 2334 3990 οὗ
2364 3937 2566 4005 γράφει
2611 3934 2841 4004 βιϐλίου,
2873 3936 3276 4006 ξηροφαγείτω.

2345 4023 2440 4088 νζ’.
2504 4025 2564 4076 Εί
2627 4027 2692 4077 ὲκ
2750 4023 2926 4096 θυμοῦ
2999 4023 3277 4096 συντρίψει
3330 4022 3625 4094 κάλαμον,
3683 4027 3843 4094 μετά-

2275 4136 2414 4171 νοιαι
2445 4122 2507 4169 λ’.

2345 4215 2444 4279 νην.
2474 4209 2537 4262 Ei
2559 4209 2738 4279 ἐπάρῃ
2768 4209 2955 4280 ἔτερος
2997 4208 3183 4279 ἑτέρου
3224 4206 3504 4278 τετράδιον
3549 4208 3682 4261 ἀνευ
3713 4207 3844 4277 γνώ-

2277 4317 2385 4370 μης
2416 4299 2508 4352 τοῦ
2540 4300 2863 4370 γράφοντος,
2896 4300 3173 4369 μετάνοιαι
3202 4297 3263 4353 ν’.

676 4512 763 4565 59.
800 4511 853 4564 Si
885 4514 1104 4566 minime
1141 4512 1598 4584 obtemperaverit
1625 4518 1906 4588 imperatis
1934 4537 1964 4574 a
1990 4522 2168 4592 primo

2342 4522 2440 4575 νϐ’.
2470 4523 2531 4574 ΕΞ
2570 4521 2644 4592 μὴ
2679 4522 2916 4594 στοιχείῃ
2962 4525 3075 4587 τοῖς
3117 4523 3528 4593 τετυπωμένοις
3565 4527 3720 4597 παρά
3751 4528 3838 4580 τοῦ

605 4602 822 4671 calligra
834 4604 960 4671 pho,
993 4613 1278 4673 separetur
1310 4605 1498 4660 biduo.

675 4695 762 4747 60.
799 4693 854 4746 Si
905 4694 1112 4764 primus
1148 4696 1522 4767 calligrap’hus
1556 4699 1817 4768 peculiari
1854 4701 2036 4771 aliquo
2081 4701 2164 4758 af-

605 4782 744 4837 fectu
805 4799 967 4852 pensa
1020 4785 1378 4850 distribuerit,
1429 4803 1605 4857 neque
1645 4789 1780 4843 bene
1825 4791 2164 4846 membranas

603 4879 896 4945 paraverit,
934 4887 987 4930 et
1016 4881 1200 4933 omnia
1233 4880 1441 4950 reliqua
1472 4882 1537 4935 ad
1576 4881 1836 4949 tegendos
1875 4882 2044 4937 libros
2076 4883 2162 4936 in-

603 4979 903 5022 strumenta
933 5010 948 5035 ,
982 4971 1052 5023 ita
1099 4981 1156 5025 ut
1206 4973 1338 5025 nihil
1381 4976 1472 5026 fiat
1509 4972 1698 5026 inutile
1737 4987 1923 5026 eorum
1952 4989 2071 5043 qua:
2101 4973 2169 5027 ad

604 5061 654 5111 id
711 5060 1072 5114 ministerium
1139 5061 1480 5125 conferunt,
1542 5063 1830 5117 metanmis
1896 5064 2169 5134 quinqua-

602 5162 748 5217 gmta
779 5158 832 5202 et
859 5157 1076 5203 centum
1111 5159 1165 5205 et
1197 5152 1542 5220 separatione
1575 5151 1853 5220 puniatur.

1216 5261 1290 5316 De
1333 5272 1555 5316 sartore.

671 5375 758 5428 6f.
789 5375 846 5429 Si
882 5393 947 5430 ex
982 5377 1304 5445 negligentia
1331 5375 1549 5446 fregerit
1572 5393 1728 5431 acum
1756 5388 1849 5432 aut
1881 5377 2121 5432 forficem
2142 5418 2156 5443 ,

600 5479 693 5520 aut
749 5469 1030 5521 subtemen
1075 5468 1408 5532 conciderit,
1447 5478 1650 5522 vestem
1708 5470 1949 5532 sciderit,
1989 5480 2159 5525 meta-

601 5576 751 5614 meas
775 5560 933 5614 faciat
962 5561 1202 5629 triginta,
1226 5569 1317 5613 aut
1340 5560 1754 5632 quinquaginta,
1784 5573 1876 5616 aut
1915 5573 2155 5619 centum.

672 5775 697 5801 ο
729 5765 881 5816 Deest
921 5762 1008 5816 bic
1037 5762 1221 5817 titulus
1246 5764 1298 5815 in
1327 5763 1446 5818 cod.

2271 4611 2491 4683 πρώτου
2546 4613 2942 4684 καλλιγράφου,
2973 4612 3317 4686 ἀφοριζέσθω
3346 4616 3566 4684 ἡμέρας
3585 4617 3702 4669 δύο.

2342 4703 2408 4769 ξ’.
2448 4703 2574 4756 Ἐὰν
2621 4703 2650 4756 ό
2691 4705 3248 4775 πρωτοκαλλιγράφος
3287 4703 3554 4773 ἐμπαθῶς
3614 4705 3836 4784 διανέμῃ

2267 4792 2336 4847 τά
2363 4794 2674 4865 ὲργόχειρα,
2707 4797 2803 4848 καὶ
2831 4798 2881 4848 εί
2917 4797 2992 4867 μὴ
3015 4796 3342 4868 περιστέλλῃ
3365 4796 3549 4858 καλῶς
3579 4798 3679 4861 τὰς
3702 4819 3832 4867 μιμ-

2268 4886 2473 4956 ϐράνας
2501 4887 2592 4939 καὶ
2647 4888 2824 4941 πάντα
2864 4889 2936 4941 τά
2980 4889 3328 4957 ἀμφιαστικά
3373 4889 3658 4959 ἐργαλεῖα,
3703 4893 3829 4946 ὥστε

2267 4976 2344 5047 μή
2374 4995 2425 5029 τι
2452 4977 2818 5049 ἀχρειωθῆναι
2840 4978 2950 5031 τῶν
2970 4979 3415 5049 χρησιμευὼτων
3437 4982 3519 5044 εἰς
3537 4982 3635 5052 τὴν
3659 4985 3829 5036 τοιαύ-

2263 5086 2363 5139 την
2386 5069 2682 5131 διακονίαν.
2733 5073 2835 5126 ἀνά
2877 5071 3160 5142 μετανοίας
3189 5078 3254 5138 ν’,
3290 5073 3386 5126 καὶ
3419 5081 3488 5145 ρ’,
3529 5078 3624 5128 καὶ
3653 5080 3828 5146 ἀφοριο

2269 5158 2406 5227 σμδν
2439 5161 2788 5231 ἐπιτίμησον.

2793 5272 2931 5341 Περὶ
2963 5273 3223 5328 ἀκεστοῦ
3249 5287 3294 5330 ο.

2340 5383 2438 5447 ξω.
2486 5385 2610 5438 Ἑάν
2637 5387 2700 5438 ἐκ
2729 5389 3183 5458 καταφρονήσεως
3232 5391 3502 5464 συντρίψει
3564 5393 3834 5464 βελόνηνῆ

2265 5476 2454 5544 ψαλία,
2495 5478 2527 5546 ἦ
2561 5479 2805 5548 συγκόψῃ
2853 5479 3120 5551 τροιὰν,ἢ
3162 5482 3424 5557 διασχίσῃ
3474 5487 3714 5556 ἱμάτιον,
3745 5503 3832 5557 με·

2266 5567 2472 5620 τάνοιαι
2510 5567 2572 5632 λ’,
2603 5568 2635 5637 ἦ
2667 5575 2730 5634 ν’,
2763 5569 2794 5639 ἢ
2830 5578 2894 5641 ρ’.
