3976 6314
120 392 254 460 1741

1330 389 1387 448 S.
1415 385 1804 448 THEODORI
1835 383 2179 446 STUDITE

3220 383 3353 448 1742

191 508 292 576 ξβ’.
327 506 388 558 Εἰ
415 502 736 576 παραϐλέψῃ
781 503 878 559 καὶ
922 502 986 558 τὸ
1034 502 1196 574 τυχδν
1262 502 1470 571 ῥάκιον,
1523 500 1557 570 ἢ
1615 499 1684 552 τὰ

1852 498 1942 554 62.
1969 497 2026 552 Si
2051 497 2133 552 vel
2164 497 2404 551 lacerum
2437 493 2685 566 quamvis
2718 493 3068 566 panniculum
3101 497 3350 565 neglexe-

118 598 476 670 ἠχρειωμένα
505 598 581 668 μὴ
623 596 974 666 άνακαινίσῃ,
1022 596 1118 650 καὶ
1173 593 1551 665 προσεμπαλοῖ
1595 591 1688 646 καὶ

121 689 551 761 ἁποφθειργοῖΐ,
616 691 706 742 καὶ
742 689 966 751 ἀπαθῶς
1011 687 1284 740 καταδιδοῖ
1323 686 1537 756 ἑκάστῳ
1579 683 1691 736 τῶν

119 783 370 851 ἀδελφῶν
419 782 516 845 τὰς
558 781 682 836 καθ’
707 780 1007 850 ἑϐδομάδας
1061 778 1400 845 ὑπαλλαγάς,
1455 776 1692 847 ξηροφα-

121 877 330 942 γεὶτω,
384 873 420 944 ἦ
492 872 918 943 παραστηκέτω,
972 869 1006 938 ἢ
1073 869 1416 940 ἀφοριζέσθω
1475 869 1690 938 ἡμέραν

125 967 278 1038 μίαν.

582 1093 722 1162 Περὶ
765 1093 874 1148 τοῦ
934 1091 1240 1158 ὀστιαροῦ.

192 1210 275 1280 ξγ¹
309 1210 435 1264 Ἐάν
459 1212 488 1264 ὁ
517 1209 791 1280 ὀστιάριος
822 1208 880 1274 ἐξ
923 1206 1186 1277 ἀμελείας
1229 1205 1364 1276 ἐάσῃ
1409 1205 1471 1257 τὸ
1515 1203 1693 1276 θυρώ-

123 1316 262 1370 ριον,
299 1301 389 1350 καὶ
420 1296 643 1366 γένηται
675 1295 850 1360 ἔξοδος
877 1294 1105 1363 ἀδελφοῦ
1146 1295 1400 1364 λαθραία,
1439 1292 1694 1362 ἁφοριζέ-

121 1390 240 1443 σθω
275 1388 548 1457 ἑϐδομάδα
582 1387 730 1456 μίαν.

198 1481 293 1546 ξδ’.
358 1481 482 1533 Ἐὰν
529 1481 594 1532 ἐκ
648 1477 1109 1549 καταφρονήσεως
1160 1475 1294 1547 ἐάσῃ
1353 1475 1692 1548 εἰσέρχεσθαι

120 1573 402 1643 κοσμικὰς
450 1570 775 1640 ἀποκρίσεις
810 1571 961 1642 παρὰ
988 1569 1096 1623 τῶν
1125 1567 1576 1641 προσφοιτώντων
1607 1567 1694 1634 ξέ-

119 1684 236 1720 νων
262 1668 320 1717 ἐν
349 1667 415 1734 τῇ
447 1665 606 1734 μονῇ,
634 1662 923 1732 μετανοίας
955 1665 1020 1732 ρ’.

201 1758 297 1821 ξε’.
338 1757 461 1810 Ἐὰν
493 1757 566 1827 μὴ
595 1756 711 1826 μετ’
744 1754 1030 1816 εὐλαϐείας
1053 1752 1186 1806 διδοῖ
1211 1751 1306 1805 καὶ
1333 1750 1584 1826 λαμϐάνῃ
1601 1750 1692 1804 λό-

1792 589 1881 655 rit,
1923 597 2016 643 aut
2059 587 2253 642 detrita
2306 602 2412 642 non
2461 587 2708 652 sarserit,
2760 601 2935 656 neque
2983 588 3265 644 inverterit
3299 599 3355 644 et

1788 681 2051 751 pediculis
2081 679 2473 743 emundaverit.
2504 689 2560 733 et
2591 679 2697 734 nisi
2718 678 3090 735 indifferenter
3123 680 3356 751 singulis

1789 771 2051 827 fratribus
2095 772 2305 826 dederit
2347 771 2642 825 mutatoria
2689 770 3116 826 hebdomadaria
3143 788 3159 837 ;
3187 773 3357 827 aridis

1789 871 2061 926 vescatur,
2093 870 2188 916 aut
2215 869 2322 916 stet
2359 862 2411 915 in
2447 861 2568 917 loco
2601 861 2859 924 convivii,
2894 871 2990 917 aut
3015 877 3122 917 una
3155 863 3245 919 die
3271 879 3358 918 se-

1790 961 2032 1022 paretur.

2400 1082 2480 1137 De
2500 1084 2739 1138 ostiario.

1866 1198 1956 1254 63.
1989 1196 2046 1254 Si
2091 1198 2353 1254 ostiarius
2402 1197 2629 1268 januam
2665 1199 2898 1264 deserat,
2934 1209 2990 1256 et
3022 1200 3357 1258 clandestina

1793 1289 1982 1345 fratris
2031 1288 2276 1359 egressio
2327 1289 2625 1358 contingat,
2677 1299 2959 1359 separetur
3015 1307 3120 1347 una
3152 1293 3357 1349 hebdo-

1794 1381 1976 1436 mada.

1865 1474 1960 1529 64.
2007 1473 2065 1528 Si
2125 1474 2461 1546 negligenter
2533 1473 2678 1528 sinat
2738 1474 3012 1530 introduci
3083 1475 3358 1531 mundana

1792 1577 2057 1633 responsa
2090 1577 2120 1617 a
2144 1564 2658 1633 supervenientibus
2716 1563 3023 1633 hospitibus
3077 1563 3133 1617 in
3173 1579 3363 1619 mona-

1795 1655 2053 1721 sterium,
2100 1669 2402 1710 metanmas
2442 1665 2660 1711 centum
2686 1654 2869 1710 faciat.

1864 1746 1954 1802 65.
1983 1747 2040 1801 Si
2075 1747 2254 1802 minus
2291 1747 2379 1815 pie
2405 1747 2489 1803 vel
2520 1748 2634 1818 ipse
2665 1747 2929 1817 loquatur
2964 1747 3048 1803 vel
3080 1748 3363 1818 loquentes

121 1866 226 1916 γον
257 1847 405 1915 παρὰ
432 1846 540 1898 τῶν
567 1843 990 1914 ὲπιξενομένων,
1021 1840 1054 1911 ἢ
1095 1841 1194 1903 τὰς
1216 1839 1408 1909 φάσεις
1438 1837 1512 1909 μὴ
1540 1836 1696 1907 ποιῆ-

1831 1848 2052 1893 xternos
2081 1847 2176 1892 aut
2207 1840 2451 1908 hospites
2471 1840 2677 1905 audiat,
2697 1839 2782 1894 vel
2800 1855 2924 1895 cum
2957 1840 3188 1910 praeside
3201 1847 3364 1910 prout

120 1956 220 1990 ται
254 1936 388 2007 πρὸς
428 1934 520 1987 τὸν
560 1935 860 2005 ἡγούμενον
915 1930 1186 2003 ἁρμοδίως
1227 1930 1323 1984 καὶ
1361 1929 1692 2002 πρεπόντως,

122 2028 236 2079 ἀνὰ
271 2025 559 2095 μετανοίας
597 2023 661 2094 ρ’.

202 2117 312 2181 ξς¹.
348 2115 474 2169 Ἐὰν
506 2115 565 2182 ἐξ
596 2113 922 2187 ὰπροσεξίας
961 2114 1203 2186 ἀπολέσῃ
1241 2112 1497 2175 κλειδίον.
1536 2113 1698 2185 ξηρο-

125 2209 400 2280 φαγείτω.

584 2341 722 2410 Περὶ
749 2342 857 2397 τοῦ
892 2343 1253 2413 νοσοκόμου.

207 2455 304 2522 ξζ’.
351 2452 477 2508 Ἐάν
503 2453 578 2524 μὴ
612 2455 939 2526 ἐπιμελῆται
976 2455 1095 2510 καθ’
1125 2457 1248 2510 ὅσον
1289 2455 1513 2510 δυνατὸν
1568 2456 1699 2509 ἐκά-

127 2565 263 2600 στου
297 2547 403 2599 τῶν
440 2547 762 2618 άρῤὠστων,
790 2548 884 2600 καὶ
918 2547 1168 2618 προσάγῃ
1223 2546 1295 2600 τά
1323 2547 1468 2601 κατὰ
1514 2546 1702 2618 χρείαν

123 2638 428 2708 ἁρμοδίως,
457 2637 598 2690 κατὰ
631 2638 698 2690 τὰ
727 2638 1176 2708 διατετυπωμένα
1204 2638 1492 2708 ἐμμέτρως
1515 2655 1529 2668 ·
1551 2637 1643 2690 καὶ
1667 2637 1699 2708 ἦ

127 2729 499 2800 ὑπερϐάλλοι,
521 2729 556 2798 ἢ
587 2731 680 2782 καὶ
733 2729 963 2798 ἐλλεὶψοι
984 2769 998 2794 ,
1031 2730 1310 2798 μετάνοιαι
1369 2735 1435 2795 ν’,
1488 2729 1580 2781 καὶ
1635 2726 1701 2799 ρ’,

129 2821 166 2890 ἢ
197 2822 578 2892 ξηροφαγείτω
603 2822 699 2876 καὶ¹
737 2819 1082 2892 άφοριζέσθω
1130 2821 1342 2894 ἡμέραν
1373 2823 1526 2893 μίαν.

207 2995 310 3066 ξη’.
358 2994 487 3049 Ἐάν
518 2997 592 3066 μὴ
626 2998 655 3050 ὁ
679 2998 1129 3067 παρανοσοκόμος
1158 2997 1439 3070 στρωννύῃ
1463 2999 1557 3062 τὰς
1589 2998 1706 3051 κλί-

129 3106 234 3152 νας
259 3088 368 3142 τῶν
389 3089 645 3161 νοσερῶν,
666 3091 756 3142 καὶ
782 3089 1008 3161 διατηρῇ
1047 3091 1227 3155 καλῶς
1250 3093 1320 3145 τὰ
1338 3093 1510 3154 ἔλαια,
1536 3093 1629 3145 καὶ
1658 3094 1705 3144 εί

1795 1949 1894 2005 par
1914 1941 1999 1988 est
2023 1932 2287 2002 decetque
2307 1932 2474 1988 verba
2515 1948 2623 1988 non
2676 1931 2859 1998 faciat,
2891 1931 3178 1988 metanoeis
3234 1946 3364 1986 cen-

1802 2034 1913 2080 tum
1941 2025 2219 2096 puniatur.

1866 2113 1957 2168 66.
2005 2112 2060 2168 Si
2097 2127 2194 2182 per
2225 2110 2494 2166 incuriam
2540 2109 2862 2166 claviculam
2893 2109 3167 2175 amiserit,
3194 2109 3364 2165 aridis

1797 2209 2071 2256 vescatur.

2215 2339 2292 2394 De
2319 2340 2606 2393 nosocomii
2649 2331 2913 2392 curatore.

1870 2452 1959 2508 67.
1987 2452 2043 2507 Si
2073 2453 2408 2524 singulorum
2436 2461 2766 2522 aegrotorum
2801 2467 2988 2508 curam
3019 2465 3119 2521 pro
3156 2449 3364 2507 viribus

1803 2558 1911 2597 non
1961 2553 2146 2614 gerat,
2213 2559 2334 2614 quae
2386 2557 2525 2612 opus
2573 2543 2736 2598 fuerit
2787 2541 3173 2598 convenienter
3227 2555 3369 2611 pre-

1803 2636 1979 2691 bendo
2029 2645 2085 2690 et
2135 2650 2234 2704 pro
2280 2651 2536 2690 mensura
2584 2636 2920 2705 praescripta,
2961 2649 3124 2704 quam
3152 2634 3238 2688 vel
3270 2649 3369 2689 ex-

1804 2729 1959 2784 cedat
1981 2729 2066 2783 vel
2104 2720 2334 2790 minuat,
2367 2737 2672 2785 metanmas
2697 2728 2862 2784 faciat
2894 2729 3286 2799 quinquaginta
3313 2738 3368 2782 et

1804 2831 2059 2886 centum,
2114 2821 2199 2874 vel
2250 2822 2418 2876 aridis
2475 2831 2746 2886 vescatur,
2798 2831 2856 2877 et
2917 2829 3200 2890 separetur
3254 2834 3367 2877 uno

1805 2914 1910 2968 die.

1875 3005 1963 3059 68.
2003 3003 2060 3060 Si
2099 3005 2399 3062 nosocomii
2431 3005 2839 3061 mansionarius
2868 3021 2977 3061 non
3016 3005 3271 3060 straverit
3293 3019 3367 3058 a2—

1808 3106 2083 3165 grotorum
2118 3097 2307 3161 lectos,
2343 3111 2443 3151 nec
2471 3105 2718 3151 sanctum
2772 3097 2950 3151 oleum
3008 3097 3144 3151 bene
3177 3110 3367 3150 serva-

131 3183 216 3250 μὴ
245 3182 350 3254 ἔχῃ
381 3182 670 3252 ἀκρίϐειαν
719 3181 879 3252 μέχρι
911 3187 1005 3237 καὶ
1031 3185 1148 3247 ἐνὸς
1175 3185 1418 3250 κοκκίου,
1471 3185 1702 3258 ξηροφα-

1827 3188 1965 3250 terit,
2016 3203 2119 3244 nec
2163 3190 2496 3258 diligentiam
2554 3204 2728 3258 usque
2799 3190 2865 3244 ad
2925 3205 3088 3245 unam
3150 3205 3369 3261 quoque

128 3274 325 3342 γείτω,
398 3276 491 3329 καί
546 3274 889 3346 ὰφοριζέσθω
923 3276 1136 3347 ἡμέραν
1170 3277 1319 3346 μίαν.

213 3451 314 3519 ξδ’.
360 3453 486 3507 Ἐάν
514 3471 596 3516 τις
621 3452 717 3506 τοῦ
758 3453 1058 3522 νοσοκόμου
1107 3454 1280 3526 χωρὶς
1314 3455 1575 3508 ἀναπέσοι
1629 3457 1708 3518 είς

129 3543 358 3613 κλίνην,
389 3544 422 3612 ἢ
452 3546 539 3595 καί
576 3543 795 3608 ἀλλάξοι
826 3545 992 3616 άλλην
1019 3545 1173 3618 παρὰ
1199 3546 1299 3618 τὴν
1329 3547 1576 3600 δοθεῖσαν
1609 3549 1707 3600 αὖ-

133 3634 239 3703 τῷ,
277 3633 556 3702 μετάνοιαι
589 3643 650 3686 ν’.

212 3733 275 3778 ο’.
325 3726 450 3778 Ἐάν
479 3726 870 3797 παραχρῆσθαι
900 3729 1013 3791 τοῖς
1045 3729 1393 3800 καρϐωνίοις,
1427 3729 1460 3800 ἢ
1496 3729 1709 3800 συντρι-

132 3820 216 3889 ψῃ
250 3821 315 3870 ἐκ
348 3818 622 3889 ῥᾳθυμίας
659 3837 712 3871 τι
741 3819 848 3871 τῶν
902 3821 1272 3889 χαλκευτικῶν
1325 3822 1641 3892 ἐργαλείων,
1674 3822 1708 3894 ἢ

139 3911 474 3981 ἁπολέσῃ,ἢ
527 3912 655 3965 ἄνευ
688 3912 1036 3980 προστάξεως
1073 3912 1214 3984 λάϐῃ
1266 3913 1491 3984 τίπαρά
1543 3931 1708 3978 τινος,

137 4004 237 4054 καὶ
270 4001 567 4072 ἐργάσηται
599 4003 900 4071 ἐργαλεῖον,
936 4002 1001 4067 λ’,
1032 4002 1065 4071 ἢ
1096 4001 1158 4068 ν’,
1201 4003 1294 4057 καὶ
1324 4010 1368 4076 ρ’
1409 4005 1708 4074 μετάνοιαι,

138 4092 174 4163 ἢ
218 4093 313 4144 καὶ
345 4091 742 4162 ξηροφαγείτω.

633 4310 772 4376 Περὶ
811 4311 1235 4382 κανδηλαρίου.

215 4425 316 4473 οα’.
361 4419 488 4473 Ἐάν
524 4419 598 4492 μὴ
630 4422 849 4492 ποιῆται
885 4424 982 4494 τὴν
1013 4426 1154 4498 άφὴν
1170 4428 1269 4497 τῆς
1299 4429 1588 4500 κανδήλας,
1617 4430 1711 4483 καὶ

1807 3278 2037 3347 pilulam
2095 3280 2629 3346 adltibuerit,aridis
2681 3295 2952 3347 vescatur,
3000 3293 3054 3338 et
3085 3293 3370 3352 separetur

1809 3383 1920 3421 uno
1950 3369 2057 3422 die.

1885 3458 1974 3512 69.
2017 3457 2199 3529 Siquis
2221 3461 2337 3516 sine
2364 3463 2664 3517 nosocomii
2699 3473 2952 3519 curatore
2976 3465 3026 3518 in
3070 3464 3269 3519 lectum
3313 3481 3373 3520 se

1810 3551 2054 3617 recipiat,
2103 3549 2184 3604 vel
2236 3553 2382 3607 hunc
2431 3568 2554 3608 cum
2588 3554 2690 3607 sibi
2723 3555 2834 3624 jant
2864 3556 2992 3610 dato
3047 3565 3368 3619 commutet,

1810 3648 2108 3694 tnetanmas
2133 3641 2523 3712 quinquaginta
2545 3643 2729 3699 faciat.

1879 3729 1968 3785 70.
1998 3730 2054 3785 Si
2094 3731 2420 3789 carbonibus
2447 3734 2727 3798 abutatur,
2761 3746 2854 3791 aut
2883 3752 2979 3807 per
3004 3736 3270 3792 incuriam
3300 3755 3374 3792 2e-

1811 3835 1973 3874 neum
2001 3821 2218 3890 aliquod
2240 3821 2663 3880 instrumentum
2679 3825 3006 3898 confringet,
3040 3837 3132 3882 aut
3162 3831 3372 3898 perdat,

1811 3917 1905 3962 aut
1936 3925 2041 3963 non
2066 3910 2258 3979 jussus
2313 3913 2608 3983 quidquam
2649 3915 2718 3970 ab
2757 3918 2942 3987 aliquo
2981 3919 3235 3988 accipiat,
3293 3921 3374 3974 fa-

1811 4000 2026 4070 ciatque
2052 4000 2473 4057 instrumentum
2521 4005 2760 4075 aliquod,
2818 4011 3036 4078 triginta
3086 4020 3181 4065 aut
3210 4014 3376 4082 quin-

1810 4091 2068 4161 quaginta
2109 4101 2162 4144 et
2192 4103 2406 4147 centum
2443 4100 2727 4153 tnetanmis
2757 4103 3037 4169 puniatur,
3082 4103 3166 4156 vel
3207 4105 3372 4158 etiam

1812 4184 1980 4237 aridis
2012 4193 2281 4238 vescatur.

2382 4316 2455 4370 De
2474 4316 2798 4378 lucernaria.

1885 4427 1970 4480 7f.
2010 4427 2063 4482 Si
2110 4429 2412 4500 lampadem
2457 4448 2563 4486 non
2622 4436 2952 4497 accenderit.
2999 4454 3102 4494 nec
3133 4442 3378 4500 ecclesia:

148 4511 246 4580 τῆς
279 4512 576 4584 ἐκκλησίας
602 4515 898 4584 ἀξιολόγως
937 4519 1030 4570 καὶ
1071 4521 1362 4592 ἐμμέτρως
1394 4523 1492 4586 τὰς
1543 4523 1702 4594 ἀρτύ-

1827 4519 2194 4573 :onvenienter
2219 4519 2653 4593 suﬂicienterque
2687 4527 3001 4582 condituras
3039 4528 3246 4598 fecerit,
3283 4549 3380 4587 ne-

143 4619 281 4666 σεις,
318 4605 454 4674 μήτε
493 4606 936 4676 ὑπερϐαλλούσας
974 4613 1112 4680 μήτε
1154 4613 1527 4678 ἐλλειπούσας,
1581 4632 1713 4685 προ-

145 4692 372 4762 μύσσων
400 4697 494 4748 καὶ
525 4696 914 4768 άποκαθαίρων
962 4703 1030 4752 τὰ
1063 4705 1208 4774 ρύπη
1269 4705 1379 4756 τῶν
1435 4707 1712 4777 κανδήλων

144 4783 293 4835 κατὰ
345 4783 406 4836 τὸ
439 4785 630 4849 είωθὸς
692 4791 792 4859 τῆς
832 4789 1143 4859 ἑϐδομάδος,
1186 4797 1464 4862 μετάνοιαι
1489 4802 1556 4866 ρ’,
1617 4797 1712 4848 καὶ

143 4875 211 4941 ξη
221 4892 425 4943 ροφαγε
437 4876 552 4930 ίτω.

217 4965 313 5034 οβ’.
360 4965 486 5018 Ἐάν
516 4968 783 5042 συντρίψει
813 4968 1095 5041 κανδήλαν,
1126 4973 1265 5027 κατὰ
1291 4972 1388 5045 τὴν
1413 4971 1572 5043 τιμὴν
1613 4971 1712 5041 τῆς

143 5056 415 5125 κανδήλας
437 5056 608 5126 ἐχέτω
634 5059 694 5110 τὸ
715 5061 1009 5129 ἐπιτίμιον.

219 5144 318 5214 ογ’.
350 5148 475 5200 Ἐὰν
504 5149 812 5220 ἀδιαφόρως
829 5152 1044 5218 καίηται
1063 5150 1128 5203 τὰ
1149 5151 1416 5220 παπύρια,
1447 5153 1716 5225 ἢποιῆται

147 5238 308 5308 χύσιν
335 5240 905 5312 άποκανδηλίσματος,
935 5242 966 5312 ἢ
1003 5245 1176 5315 ἐξάψῃ
1221 5239 1454 5316 λάϐρως,
1509 5248 1541 5318 ἢ
1580 5249 1705 5301 ὑπο.

148 5333 427 5403 στυγνάσῃ
455 5333 610 5402 παρὰ
639 5333 699 5384 τὸ
731 5334 1028 5402 προσῆκον,
1059 5335 1160 5387 ἀνὰ
1197 5338 1487 5404 μετανοίας
1542 5337 1606 5389 λ’.

218 5419 312 5474 οδ⁰.
347 5421 475 5474 Ἐὰν
509 5424 582 5492 μὴ
619 5422 857 5492 καθαίρῃ
887 5425 954 5476 τὰ
980 5425 1355 5488 πολυκάνδηλα
1401 5427 1430 5496 ἦ
1462 5426 1528 5478 τὰ
1587 5443 1713 5497 κρε-

151 5512 432 5584 μαστάρια
463 5513 499 5582 ἢ
523 5513 588 5565 τὰ
617 5513 824 5576 τοὺϐια,
849 5513 988 5567 ὥστε
1019 5515 1093 5585 μὴ
1130 5517 1186 5581 ἐξ
1233 5517 1433 5580 idm-ato;
1484 5520 1712 5589 ἁχρειωο

149 5604 292 5674 Θείη,
331 5604 434 5658 ἀνά
458 5605 745 5676 μετανοίας
780 5604 846 5677 ρ’.

271 5783 292 5823 ί
335 5781 492 5850 Puto,
521 5782 919 5854 άποφθειρίζοι.

1817 4626 1922 4679 que
1953 4611 2274 4668 immodicas
2317 4630 2492 4685 neque
2539 4618 2856 4683 defectivas,
2887 4622 3154 4678 emunctis
3182 4640 3380 4695 purga-

1815 4701 1994 4770 tisque
2025 4702 2334 4773 lampadum
2368 4706 2641 4771 sordibus,
2673 4720 2835 4777 prout
2874 4727 2991 4765 mos
3019 4721 3102 4766 est
3139 4712 3193 4766 in
3247 4714 3381 4768 lteb-

1813 4791 2066 4856 domada,
2099 4804 2396 4851 metanmas
2445 4808 2661 4853 centum
2717 4799 2879 4858 faciat
2906 4812 2958 4859 et
2986 4815 3245 4874 praeterea
3277 4810 3381 4862 ari-

1813 4881 1896 4938 dis
1922 4895 2190 4940 vescatur.

1882 4975 1972 5029 72.
2013 4975 2068 5031 Si
2102 4978 2403 5047 lampadem
2437 4979 2679 5051 fregerit,
2735 4993 2895 5053 prout
2923 4982 3088 5040 fuerit
3112 4985 3380 5058 lampadts

1812 5072 2067 5141 pretium,
2109 5088 2323 5143 poenam
2357 5076 2574 5132 referat.

1887 5163 1975 5217 75.
2016 5163 2073 5216 Si
2103 5166 2398 5221 oscitanter
2453 5169 2748 5225 inflammet
2785 5172 3031 5243 papyria,
3070 5182 3167 5228 aut
3213 5173 3380 5233 faciat

1813 5252 2137 5323 lampadarii
2182 5258 2284 5311 olei
2318 5259 2659 5325 effusionem,
2715 5272 2810 5317 aut
2859 5264 3065 5333 largius
3102 5266 3376 5336 incendat,

1818 5356 1911 5398 aut
1942 5348 2154 5402 exiliter
2181 5359 2374 5418 praeter
2408 5355 2648 5419 modum,
2687 5365 2987 5412 metanaeas
3030 5360 3268 5429 triginta.

1888 5438 1977 5492 Ἠ.
2006 5439 2062 5494 Si
2092 5441 2369 5513 lampades
2429 5461 2536 5499 non
2573 5451 2969 5512 cmundaverit,
3000 5451 3082 5505 vel
3114 5453 3380 5521 pendulas

1818 5541 2072 5594 coronas,
2097 5533 2180 5586 vel
2221 5544 2562 5603 ornamenta,
2613 5541 2910 5607 quominus
2952 5541 3199 5614 rubigine
3251 5558 3379 5598 cor-

1823 5631 2164 5690 rumpantur,
2201 5635 2498 5684 metanceas
2530 5639 2746 5686 centum
2778 5631 2961 5690 faciat.
