3976 6314
199 334 341 394 1745

695 450 836 516 Περὶ
883 453 988 506 τοῦ
1019 455 1320 522 κτηνιτου.

270 534 379 604 ιιαθ.
437 537 563 590 Ἐάν
600 538 676 610 μὴ
708 540 804 610 τὴν
839 545 1227 614 προσήκουσαν
1261 550 1577 619 ἐπιμέλειαν
1606 555 1771 624 ποιῆ-

193 641 290 677 ται
333 628 391 680 ἐν
439 628 556 689 τοῖς
606 629 877 698 κτήνεσιν,
909 632 1085 688 εῐτουν
1117 637 1178 688 τὸ
1203 638 1262 688 ἐν
1289 639 1462 710 καιρῷ
1510 640 1650 712 ὕδωρ
1692 643 1772 695 διο·

192 715 350 769 δόναι
378 717 472 770 καὶ
511 719 610 788 τὴν
633 721 860 790 τροφὴν,
894 724 988 774 καὶ
1013 727 1362 795 στρωννύειν,
1395 730 1487 783 καὶ
1516 731 1771 796 ἀναξύειν

195 805 295 857 καὶ
328 805 658 875 φιλοκαλεῖν,
691 811 784 864 καὶ
819 813 1236 888 ἀποκαθαίρειν,
1291 823 1383 875 καὶ
1427 822 1768 896 ψηκτρίζειν,

195 902 485 970 μετάνοιαι
509 903 576 958 λ’.

271 992 378 1062 ῑιβ’.
418 995 543 1048 Ἐάν
569 997 703 1050 πολὺ
755 1000 1056 1073 κατελαύνῃ
1083 1003 1140 1056 ἐν
1166 1004 1242 1075 τῷ
1293 1006 1551 1081 μύλωνιὴ
1599 1013 1658 1065 ἐν
1673 1015 1768 1068 ἄλ-

190 1084 265 1157 λῃ
295 1085 419 1155 όδῷ,
453 1087 484 1157 ἡ
522 1091 953 1166 καταρραϐδίζῃ,
1011 1094 1043 1164 ἢ
1097 1097 1422 1171 ἐπιφορτίζῃ
1471 1104 1632 1158 πλέον
1671 1104 1766 1159 τοῦ

189 1173 430 1239 δέοντος,
493 1175 890 1250 ξηροφαγείτω,
938 1181 971 1254 ἢ
1026 1186 1121 1239 καὶ
1172 1190 1512 1260 ἀφοριζέσθω
1556 1197 1768 1268 ἡμέραν

191 1265 350 1334 μίαν.

680 1362 824 1431 Περὶ
851 1365 956 1419 τοῦ
983 1365 1288 1425 διακόνου.

266 1450 377 1512 ἥγ’.
419 1447 547 1502 Ἐὰν
574 1451 802 1524 εἰσφέρῃ
836 1455 1046 1524 λόγους.
1083 1459 1115 1529 ἢ
1145 1460 1262 1532 εἴδη
1295 1463 1447 1535 παρὰ
1483 1465 1593 1520 τῶν
1660 1467 1764 1532 ἔξω

185 1536 222 1607 ἡ
260 1541 412 1610 παρὰ
458 1542 565 1597 τῶν
625 1547 901 1615 συγγενῶν
946 1553 1064 1614 τοῖς
1099 1553 1371 1623 ἀδελφοῖς,
1421 1558 1764 1629 ἀφοριζέσθω

183 1631 408 1701 ἡμέραν
444 1635 591 1702 μίαν.

271 1725 364 1789 ιιδν.
411 1724 533 1776 Ἐὰν
562 1727 620 1778 ἐν
653 1730 772 1790 ταῖς
799 1730 1118 1801 ἀγορασίαις
1164 1736 1196 1805 ἢ
1251 1739 1309 1790 ἐν
1345 1740 1463 1800 ταῖς
1491 1739 1760 1810 πράσεσι,

1393 350 1453 409 S.
1491 349 1875 413 THEODORI
1919 356 2261 417 STUDITE

3303 373 3435 436 1746

2439 473 2513 526 De
2537 476 2885 543 iumentario,

1942 557 2032 614 9i.
2063 556 2120 613 Si
2148 560 2382 616 debitam
2427 564 2803 630 jumentorum
2835 585 3022 624 curam
3053 587 3157 623 non
3184 577 3434 642 gesserit,

1870 647 1984 702 sive
2015 657 2255 719 tempore
2301 651 2494 707 idoneo
2529 665 2716 724 potum
2771 668 3098 729 pastumque
3125 665 3434 730 prmbendo,

1872 740 1989 794 sive
2022 742 2283 797 stramine
2303 744 2663 814 subiiciendo,
2694 758 2745 802 et
2777 749 3040 817 fricando,
3070 762 3123 806 et
3151 755 3423 822 polieudo,

1870 841 1935 879 ac
1988 829 2297 884 mundando
2358 841 2522 903 atque
2559 835 2967 907 destringendo,
2997 852 3298 898 metanmas
3339 847 3434 898 tri-

1869 915 2040 986 ginta.

1940 1010 2028 1066 99..
2054 1011 2109 1066 Si
2142 1012 2234 1066 diu
2274 1015 2560 1084 agitaverit
2592 1017 2646 1070 in
2693 1018 2926 1087 pistrino
2962 1021 3045 1076 vel
3088 1023 3140 1076 in
3186 1026 3299 1084 via.
3338 1041 3434 1081 aut.

1869 1099 2017 1168 virga
2051 1101 2214 1155 nimis
2253 1103 2577 1166 contuderit,
2619 1106 2702 1158 vel
2753 1107 2873 1175 plus
2910 1123 3066 1177 aequo
3093 1125 3231 1167 onus
3262 1114 3434 1184 impo-

1869 1190 2070 1254 suerit,
2126 1189 2292 1244 aridis
2345 1200 2550 1258 utatur,
2620 1192 2700 1246 vel
2758 1196 2916 1249 etiam
2978 1206 3261 1265 separetur
3324 1216 3431 1253 uno

1866 1280 1972 1334 die.

2452 1370 2529 1424 De
2555 1372 2889 1426 administro.

1937 1458 2028 1513 95.
2057 1459 2110 1512 Si
2142 1460 2350 1514 deferat
2374 1475 2672 1526 sermones,
2723 1475 2817 1517 aut
2872 1481 3154 1536 responsa,
3205 1482 3295 1524 aut
3342 1487 3428 1526 res

1865 1548 2193 1602 arounaticas
2217 1551 2284 1602 ab
2299 1551 2573 1605 extraneis
2597 1563 2690 1607 aut
2728 1553 2796 1607 ab
2825 1555 3074 1610 allinibus
3100 1558 3165 1611 ad
3211 1559 3425 1622 fratres.

1863 1648 2147 1705 separetur
2169 1655 2275 1694 uno
2303 1639 2410 1695 die.

1934 1727 2022 1780 9L
2052 1727 2108 1781 Si
2141 1729 2193 1782 in
2238 1730 2604 1797 emptionibus
2631 1740 2726 1787 aut
2754 1733 3158 1792 venditionibus
3200 1748 3427 1792 conten-

181 1812 546 1885 διαμάχηται,
594 1819 627 1888 ἢ
685 1819 1088 1893 παροξύνηται,
1147 1827 1179 1895 ἡ
1233 1809 1608 1900 ὀρκοποιῆται,
1660 1834 1755 1886 καὶ

1875 1819 2030 1884 derit,
2073 1829 2166 1872 aut
2225 1821 2615 1883 excanduerit,
2650 1831 2744 1877 aut
2786 1825 3069 1894 juravcrit,
3105 1836 3289 1882 etnon
3331 1846 3421 1900 po-

185 1901 271 1970 μὴ
304 1902 465 1974 μέχρι
514 1905 580 1975 β’,
611 1909 702 1960 καὶ
731 1915 777 1976 γ’
838 1913 1020 1979 φωνῆς
1057 1914 1275 1982 ποιῆται
1308 1918 1407 1987 τὴν
1451 1935 1512 1972 τε
1554 1920 1753 1992 πράσιν

183 1991 289 2044 καὶ
317 1993 412 2064 τὴν
439 1995 762 2068 ἀγορασίαν,
787 1999 892 2053 ἀνά
918 2003 1204 2071 μετανοίας
1239 2006 1301 2071 ν’,
1332 2009 1426 2062 καὶ
1444 2015 1510 2080 ρ’.

260 2171 363 2239 κε’.
411 2172 538 2228 Ἐὰν
569 2175 643 2246 μὴ
673 2175 812 2247 μετά
837 2182 1224 2255 προσηκούσης
1254 2186 1538 2251 εὐλαϐείας
1593 2191 1756 2261 ποιῆ-

177 2277 279 2313 ται
299 2262 397 2325 τὰς
415 2264 521 2317 ἀπὸ
543 2265 637 2318 τοῦ
673 2270 1035 2341 μοναστηρίου
1068 2274 1305 2340 ἐξόδους,
1349 2276 1490 2331 ὥστε
1523 2279 1640 2348 μετ’
1669 2280 1757 2333 εὑ-

179 2354 288 2422 χῆς
317 2358 639 2424 περιπατεῖν
669 2359 764 2409 καὶ
810 2361 1169 2431 στιχολογίας,
1225 2366 1298 2438 μὴ
1354 2369 1756 2441 περιδλεπόμε-

179 2461 278 2506 νος
331 2446 409 2507 εἰς
437 2447 751 2512 γυναικείας
788 2449 962 2519 ὄψεις,
993 2455 1025 2526 ἦ
1083 2456 1212 2509 ἄλλα
1239 2459 1512 2531 ἀνωφελῆ,
1553 2461 1640 2516 ἵνα
1697 2463 1757 2515 τὸ

182 2539 317 2590 ὅσον
344 2538 433 2591 ἐπ’
461 2538 624 2593 αὑτὸν
645 2541 935 2612 δοξάζηται
972 2548 1000 2598 ὁ
1029 2547 1159 2609 Θεὸς
1191 2548 1280 2601 διά
1307 2550 1408 2620 τῆς
1459 2551 1566 2605 τῶν
1590 2552 1758 2623 ὁρών-

176 2645 294 2682 των
329 2628 616 2697 ὠφελείας,
641 2629 1019 2704 ξηροφαγείτω
1047 2637 1258 2711 ἡμέραν
1292 2642 1440 2710 μίαν.

428 2723 565 2790 Περὶ
592 2724 699 2778 τοῦ
732 2725 1104 2783 διδασκάλου
1138 2729 1255 2783 τῶν
1277 2734 1527 2790 παίδων.

256 2813 372 2879 ιιςν.
422 2812 547 2866 Ἐὰν
586 2815 662 2886 μὴ
706 2817 990 2888 σπλάγχνα
1020 2822 1320 2892 οἰκτιρμῶν
1351 2829 1447 2880 καὶ
1479 2831 1756 2900 πατρικὴν

177 2903 424 2958 διάθεσιν
455 2907 574 2979 ἐχῃ,
599 2908 740 2962 ὥστε
793 2912 1080 2981 ἐκτρέφειν
1129 2915 1197 2968 τὰ
1237 2919 1405 2988 νήπια
1451 2922 1508 2973 ἐν
1539 2922 1757 2993 παιδεία

178 2995 278 3048 καὶ
309 2997 555 3069 νουθεσίᾳ
587 3000 815 3070 Κυρίου,
839 3004 1184 3074 ἱμειρόμενος
1239 3009 1417 3062 αὐτῶν
1465 3011 1606 3076 κατά
1649 3013 1755 3081 ψυ-

176 3086 286 3156 χὴν
333 3088 427 3140 καὶ
470 3087 608 3141 κατά
639 3090 823 3160 σῶμα,
868 3092 1111 3160 θάλπων,
1147 3099 1240 3150 καὶ
1265 3102 1545 3168 περιέπων
1574 3106 1757 3160 πᾶσαν

176 3178 281 3246 τὴν
328 3179 646 3250 σωματικὴν
676 3179 856 3234 αὐτῶν
910 3183 1245 3253 ἐπιμέλειαν,
1298 3192 1401 3247 ἀνὰ
1462 3194 1750 3262 μετανοίας

179 3275 228 3338 ρ’
263 3309 279 3334 ,
329 3269 424 3322 καὶ
476 3269 852 3342 ξηροφαγείτω
884 3316 900 3343 ,
962 3277 996 3349 ἡ
1065 3280 1410 3349 ἀφοριζέσθω
1481 3284 1750 3358 ἑϐδομάδα

181 3359 336 3429 μίαν.

252 3451 358 3517 ιιςν.
389 3451 571 3506 Πάντα
594 3454 817 3524 αἰσχρὸν
838 3455 996 3523 λόγον
1049 3457 1082 3529 ἢ
1132 3459 1507 3528 ὀνειδιστικὸν,
1571 3465 1748 3537 πάρεξ

173 3539 289 3591 τῶν
320 3541 596 3612 ἀρχόντων
621 3545 716 3595 καὶ
746 3546 1111 3612 παιδευτικῶς
1145 3550 1315 3604 ταῦτα
1357 3553 1686 3626 λαλούντων,
1717 3560 1746 3612 ὁ

176 3630 430 3704 ἐκφέρων
468 3633 526 3686 ἐν
558 3636 624 3704 τῇ
649 3635 992 3708 ἀδελφότητι,
1039 3640 1142 3693 ἁ.νά
1174 3644 1462 3709 μετανοίας
1487 3653 1551 3702 ν’.

632 3809 774 3878 Περὶ
820 3812 928 3867 τοῦ
975 3817 1301 3886 κοσμήτου.

250 3901 359 3967 ιιι-λ’.
404 3898 530 3952 Ἐὰν
581 3901 654 3972 μὴ
680 3903 760 3964 δὶς
797 3903 895 3971 τῆς
923 3906 1217 3976 ἑϐδομάδος
1242 3913 1420 3966 πᾶσαν
1451 3914 1551 3986 τὴν
1576 3916 1742 3990 μονὴν

177 3988 462 4061 φιλοωλῇ,
499 3992 780 4060 μετάνοιαι
807 3994 872 4058 ν’,
902 3995 936 4066 ἢ
972 3997 1369 4070 ξηροφαγείτω.

554 4167 695 4234 Περὶ
741 4167 849 4222 τοῦ
902 4171 1279 4243 κανονὰρχου
1300 4177 1350 4232 ιι.

245 4256 350 4322 ῑςθκ
404 4256 530 4310 Ἐἀν
561 4259 714 4329 παρά
746 4261 845 4331 τὴν
874 4261 1188 4337 ὡρισμένην
1219 4267 1387 4339 ὥραν,
1414 4272 1581 4342 ἡγουν
1641 4274 1735 4328 τοῦ

1861 1915 1967 1967 tius
1993 1920 2119 1980 post
2172 1927 2339 1965 unum
2378 1921 2469 1964 aut
2510 1912 2738 1966 alterum
2783 1916 3006 1969 verbum
3056 1918 3419 1973 venditionem

1855 2005 2294 2072 emptionemqne
2343 2002 2554 2069 fecerit,
2597 2012 2898 2062 metanwas
2941 2010 3339 2082 quinquaginta
3373 2021 3428 2068 et

1856 2105 2072 2150 centum

1926 2190 2015 2244 95.
2041 2189 2097 2243 Si
2128 2190 2333 2260 absque
2369 2209 2606 2264 congrua
2629 2193 2976 2264 religiositate
3005 2194 3070 2248 de
3093 2195 3426 2249 monasterio

1857 2278 2197 2346 egressiones
2236 2280 2442 2348 faciat,
2487 2284 2740 2337 videlicet
2804 2285 3077 2353 precative
3137 2285 3424 2340 ambulan-

1857 2364 1945 2430 do,
1992 2366 2234 2433 psalmos
2284 2369 2584 2433 recitando,
2621 2372 2910 2426 muliebres
2931 2381 3181 2442 aspectus
3210 2374 3427 2441 aliaque

1856 2471 1994 2510 vana
2027 2461 2266 2522 vitando,
2299 2473 2356 2514 ut
2378 2473 2641 2532 quantum
2682 2463 2734 2515 in
2769 2462 2887 2531 ipso
2908 2474 2990 2517 est
3015 2463 3155 2517 Deus
3189 2467 3426 2518 honore-

1858 2555 1966 2607 tur,
1994 2563 2116 2600 cum
2154 2554 2515 2618 spectantium
2552 2551 2804 2617 utilitate,
2838 2553 3004 2608 aridis
3034 2561 3286 2608 vescatur
3312 2569 3422 2608 uno

1857 2635 1963 2689 die.

2292 2731 2370 2786 De
2401 2750 2679 2803 puerorum
2711 2736 2982 2805 magistro.

1927 2816 2016 2870 96.
2044 2818 2097 2870 Si
2130 2818 2342 2874 viscera
2373 2823 2764 2877 misericordiae
2780 2836 2832 2878 et
2855 2834 3137 2894 paternum
3169 2824 3418 2880 affectum

1865 2922 1974 2962 non
2019 2910 2234 2974 habeat,
2260 2923 2317 2965 ut
2347 2896 2545 2981 pueros
2565 2917 2854 2985 disciplina
2889 2925 2941 2969 et
2969 2917 3188 2970 monitis
3209 2917 3422 2971 Domini

1858 3000 2074 3066 educet,
2110 3002 2341 3071 diligens
2393 3019 2581 3058 eorum
2614 3006 2826 3059 animas
2858 3006 3020 3060 simul
3075 3016 3130 3061 et
3166 3022 3418 3076 corpora,

1858 3087 2069 3155 fovens,
2118 3107 2444 3161 omnemque
2486 3096 2819 3163 corporalem
2855 3112 3041 3150 curam
3078 3099 3417 3168 impendens,

1855 3190 2158 3237 metanmas
2189 3196 2403 3239 centum
2448 3185 2631 3253 faciat,
2683 3198 2738 3242 et
2781 3190 3059 3244 aridorum
3111 3208 3208 3248 esu
3254 3207 3418 3263 atque

1851 3271 2013 3326 unius
2062 3274 2410 3331 hebdomadae
2443 3280 2784 3347 separatione
2817 3281 3092 3351 puniatur.

1917 3448 2007 3504 97.
2051 3448 2361 3516 Quemlibet
2409 3461 2620 3523 turpem
2669 3466 2762 3510 aut
2795 3459 3245 3514 contumeliosum
3297 3477 3412 3515 ser-

1848 3555 2085 3608 monem,
2129 3543 2371 3612 exceptis
2420 3545 2746 3613 praesulibus
2789 3557 2842 3601 et
2895 3548 2962 3602 iis
2990 3550 3408 3622 quicorrigendi

1847 3647 2012 3685 causa
2052 3636 2132 3688 sic
2161 3633 2455 3700 aliquando
2478 3636 2796 3706 loquuntur,
2823 3640 2869 3693 si
2911 3643 3034 3712 quis
3064 3658 3245 3698 coram
3299 3645 3410 3701 fra-

1848 3727 2102 3782 ternitate
2122 3728 2431 3797 protulerit,
2465 3742 2764 3789 metanceas
2803 3736 3191 3810 quinquaginta
3221 3741 3405 3799 faciat.

2454 3820 2530 3874 De
2558 3823 2796 3879 atriensi.

1912 3908 2002 3963 98.
2035 3909 2148 3964 Nisi
2176 3910 2260 3964 bis
2313 3911 2367 3964 in
2394 3910 2732 3968 hebdomada
2783 3926 2952 3970 totum
3009 3923 3402 3979 monasterium

1841 4001 2207 4066 mttndaverit,
2243 4007 2528 4059 metanceis
2561 4004 2972 4078 quinquaginta,
3012 4012 3094 4066 vel
3123 4013 3404 4072 aridorum

1840 4106 1936 4145 esu
1957 4092 2235 4161 puniatur.

2384 4184 2462 4240 De
2503 4192 2852 4247 canonarcha.

1909 4273 1996 4329 99.
2028 4274 2084 4329 Si
2119 4286 2314 4345 praeter
2349 4275 2626 4332 deﬁnitam
2686 4281 2898 4348 horam,
2952 4284 3004 4339 id
3049 4294 3132 4340 est
3183 4299 3400 4346 noctem

175 4348 530 4417 μεσονυκτίου
560 4350 619 4401 τὸ
653 4351 995 4423 καθημέραν,
1026 4358 1120 4408 καὶ
1147 4358 1242 4411 τοῦ
1269 4366 1733 4432 προμεσονυκτίου

1883 4364 2122 4418 imidiam
2156 4366 2420 4433 quotidie,
2450 4376 2646 4421 etante
2675 4371 2955 4427 dimidium
2978 4378 3153 4432 noctis
3173 4379 3259 4434 die
3286 4381 3399 4436 Do—

169 4439 232 4491 τδ
259 4440 396 4493 κατά
423 4441 703 4511 Κυριακὴν
727 4443 824 4495 ὐπε
836 4444 1120 4518 ρϐἀλλωνῆ
1151 4451 1429 4518 ἐλλείπων,
1458 4457 1556 4524 τὴν
1582 4474 1741 4512 πνευ-

1875 4457 2072 4518 ninico.
2119 4458 2389 4511 excedens
2419 4469 2514 4513 aut
2553 4460 2826 4526 minuens,
2875 4467 3172 4535 spiritalem
3211 4474 3395 4530 tubam

173 4532 408 4600 ματικήν
437 4536 824 4604 καταφρονήσῃ
854 4535 1144 4605 σάλπιγγα,
1179 4544 1280 4596 ἀνά
1329 4548 1616 4614 μετανοίας
1663 4551 1728 4618 λ’,

170 4623 265 4676 καὶ
295 4629 359 4689 ν’,
387 4625 478 4678 καὶ
516 4633 582 4694 ρ’.

242 4718 308 4782 ρ’.
347 4715 470 4767 Ἐὰν
500 4717 574 4786 μὴ
610 4718 790 4772 πᾶσαν
818 4717 968 4788 ὥραν
1018 4718 1396 4796 λειωυργικὴν
1453 4729 1726 4800 ἐγκαίρως

169 4806 432 4877 σημαίνῃ,
464 4808 560 4877 τὴν
599 4809 935 4880 ἀδελφότητα
961 4811 1160 4876 καλῶν,
1191 4816 1470 4883 μετάνοιαι
1501 4816 1569 4887 ρ’.

239 4986 340 5049 ρα’.
385 4978 509 5033 Ἑάν
537 4980 858 5051 καταληφθῇ
887 4983 1026 5036 κατὰ
1046 4985 1377 5058 πρόσκλησιν
1407 4990 1439 5060 ἦ
1484 4992 1730 5060 προαπά-

1831 4547 2150 4616 neglexerit,
2181 4557 2479 4606 metanceas
2535 4551 2755 4621 triginta
2796 4563 2849 4610 et
2895 4559 3292 4631 quinquaginta
3341 4574 3395 4621 et

1831 4647 2071 4692 centum.

1903 4729 2025 4784 100.
2055 4729 2170 4784 Nisi
2206 4747 2422 4786 omnem
2453 4734 2642 4787 horam
2675 4735 2982 4806 liturgicam
3015 4750 3254 4814 tempore
3287 4763 3390 4804 suo

1833 4817 2221 4887 designaverit,
2304 4820 2700 4879 fraternitatem
2780 4831 3047 4896 vocando,
3090 4845 3392 4893 metanreas

1829 4919 2066 4964 centum.

1904 5001 2026 5056 lOI.
2071 5002 2126 5057 Si
2175 5003 2222 5057 is
2271 5005 2708 5072 deprehendatur
2757 5012 2941 5068 favore
2973 5025 3067 5069 aut
3128 5019 3386 5086 peculiari

164 5071 314 5124 θειαν
344 5071 636 5126 εἰσϐάλλων
675 5073 924 5143 ἀδελφὸν,
960 5077 1014 5129 εἴ
1066 5095 1125 5131 τε
1189 5081 1324 5150 πρὸς
1385 5081 1726 5149 κατάγνωσιν

1875 5092 2027 5147 [fectu
2063 5094 2282 5149 fratrem
2316 5099 2609 5166 prosequi,
2648 5103 2726 5155 vel
2753 5105 2914 5157 etiam
2945 5105 3258 5175 improbare
3285 5113 3386 5164 mi-

162 5163 195 5231 ἢ
257 5163 350 5214 καὶ
377 5165 718 5235 ἀποστερῶν,
751 5165 785 5235 ἡ
815 5166 909 5218 καὶ
960 5167 1428 5240 ὑπερπλεονάζων,
1485 5171 1724 5242 ξηροφα-

162 5251 348 5319 γείτω.

237 5342 338 5414 ρβ’.
379 5343 503 5398 Ἐὰν
535 5345 608 5418 μὴ
643 5346 744 5413 τὴν
764 5311 990 5401 δέουσαν
1036 5350 1351 5421 ἐπιμέλειαν
1403 5355 1495 5407 καὶ
1554 5355 1720 5409 καθα-

1826 5198 1930 5238 nus
1959 5193 2055 5239 aut
2087 5186 2210 5255 plus
2233 5201 2409 5256 aequo,
2441 5189 2610 5245 aridis
2647 5204 2915 5250 vescatur.

1900 5356 2021 5411 102.
2060 5357 2116 5412 Si
2139 5358 2371 5412 debitam
2404 5375 2592 5413 curam
2621 5371 2674 5415 et
2713 5364 3031 5418 munditiem
3069 5382 3176 5422 non
3227 5369 3382 5425 adhi~

165 5436 416 5506 ρειότητα
448 5438 782 5491 ἐνδείκνυται
812 5440 869 5490 ἐν
890 5441 1003 5502 τοῖς
1035 5445 1435 5511 πρωτολογίοις,
1470 5444 1553 5507 εἴς
1573 5463 1630 5498 τε
1653 5449 1721 5501 τὰ

1875 5449 2006 5502 uerit
2041 5450 2092 5502 in
2142 5451 2483 5522 protologiis,
2530 5463 2582 5506 et
2629 5470 2753 5525 erga
2805 5458 3074 5525 contacia,
3132 5469 3186 5513 et
3233 5463 3380 5518 circa

163 5528 424 5581 κοντάκια
457 5530 535 5592 εἰς
567 5530 797 5583 ἕκαστον
832 5529 1034 5602 βιϐλίον
1062 5533 1090 5584 ὃ
1135 5536 1442 5606 ἐπικρατεῖ,
1473 5537 1620 5599 ὅπως
1645 5539 1718 5608 μὴ

1875 5542 2075 5596 uemvis
2106 5543 2300 5598 librum
2329 5546 2627 5618 possideat,
2675 5551 2965 5618 quominus
3010 5552 3258 5622 depereat
3295 5555 3376 5610 vel

230 5723 259 5765 λ
292 5723 490 5780 Confer
523 5725 748 5783 Studitze
765 5743 979 5783 carmen
1016 5727 1091 5794 X;
1130 5729 1203 5787 De
1228 5732 1568 5788 canonarclia
1601 5735 1762 5799 Goar,
1806 5751 1860 5805 p.
1891 5736 1982 5804 25,
2011 5748 2062 5794 et
2081 5740 2365 5811 Cangium.
