3976 6314
586 357 719 422 1747

1763 371 1821 428 S.
1861 366 2255 429 THEODORI
2283 373 2630 435 STUDITA!

3702 380 3830 443 [148

578 472 874 541 iactatione
923 483 1342 546 praeentorum,
1383 478 1467 532 vel
1515 493 1580 533 ex
1641 479 1985 550 impendente
2014 482 2145 536 lam-

2272 502 2316 554 ιχ
2323 487 2518 557 ρειωθῇ
2531 487 2565 557 ἦ
2579 489 2642 540 ἐκ
2656 486 2815 541 σάλου
2829 487 2938 542 τῶν
2951 489 3448 563 κανοναρχούντων,
3465 492 3504 563 ἢ
3530 492 3593 558 ἐξ
3607 494 3838 546 ἐπιστει-

580 562 736 630 pade,
766 563 850 619 vel
889 566 1183 622 ceromatis
1221 567 1504 636 eﬂ‘usione,
1542 570 1629 624 vel
1673 572 1930 626 sordibus
1959 581 2016 627 et
2052 587 2146 628 suo

576 655 709 709 dore
737 671 958 721 manus,
983 667 1162 713 rectus
1193 669 1300 715 stet
1321 672 1472 715 extra
1499 662 1722 731 januam
1757 663 2002 718 triclinii.

664 746 788 801 103.
817 747 874 800 Si
915 748 1180 802 lecturum
1213 750 1296 803 vel
1347 753 1587 820 psalmos
1637 762 1983 808 cantaturum
2033 769 2142 810 non

578 844 991 912 pramonuerit,
1040 851 1100 898 ιιι
1124 853 1348 912 paratus
1397 846 1799 915 meditatusque
1831 847 1899 902 ad
1938 848 2145 902 alteru-

577 945 710 988 tram
743 949 858 988 rem
887 935 1126 999 accedat,
1159 947 1460 992 metanteas
1488 937 1699 1008 viginti,

649 1025 772 1081 104.
809 1025 866 1080 Si
893 1026 1017 1095 quis
1050 1041 1226 1080 canon
1253 1043 1360 1083 non
1407 1028 1573 1084 fuerit
1623 1038 1878 1085 cantatus
1924 1031 2146 1102 proprio

574 1116 682 1181 die,
711 1125 1012 1172 inetanmas
1042 1127 1282 1172 centum.

1160 1208 1239 1262 De
1269 1210 1564 1265 taxiarclta.

647 1301 772 1358 105.
793 1298 908 1355 Nisi
938 1309 1143 1355 rectum
1171 1300 1420 1355 ordinem
1461 1304 1575 1371 ipse
1609 1305 1820 1371 primus
1849 1305 2144 1370 custodiat,

575 1394 774 1448 deinde
828 1407 928 1461 pro
984 1393 1069 1446 s'ui
1108 1391 1268 1446 oﬂicii
1335 1403 1598 1462 potestate
1634 1397 1888 1450 eumdem
1936 1397 1990 1451 in
2024 1399 2146 1452 uni-

577 1501 734 1542 versa
770 1484 1114 1539 fraternitate
1161 1486 1413 1549 retineat,
1441 1494 1496 1540 et
1552 1487 1656 1541 nisi
1705 1503 1897 1544 omnes
1941 1505 2143 1545 conve-

578 1577 798 1631 nienter
837 1575 892 1628 in
919 1574 1088 1629 choro
1111 1574 1390 1645 disponat,
1418 1586 1472 1629 et
1500 1575 1554 1629 in
1590 1578 1782 1645 primis
1812 1591 2142 1648 Opportune,

577 1681 673 1736 pro
690 1673 868 1729 aetate,
907 1664 1121 1734 peritia,
1161 1673 1216 1720 et
1265 1666 1414 1719 vocis
1451 1666 1779 1731 harmonia;
1846 1679 2144 1726 tnetanwas

577 1755 740 1813 faciat
770 1755 1016 1826 triginta,
1049 1764 1103 1810 et
1139 1756 1558 1827 quinquaginta,
1597 1767 1906 1812 etcentum.

2252 575 2370 638 σίας
2382 577 2668 647 κανδήλας,
2681 579 2714 648 ἢ
2732 579 2792 644 ἐξ
2805 581 3080 650 ὲκχύσεως
3089 599 3157 651 κη
3167 581 3384 654 ραψίας,
3404 583 3439 652 ἢ
3453 585 3522 635 ὲκ
3545 583 3614 654 ρύ
3625 602 3734 638 mu
3747 589 3837 638 καὶ

2253 666 2569 737 ίδρωμάτων
2581 671 2781 740 χειρὸς,
2797 673 3104 742 παραστάσι
3111 692 3208 743 μον
3220 677 3279 727 ἐν
3291 677 3395 745 τῇτ
3422 677 3655 747 ραπέζῃ
3671 678 3794 740 ἔξω.

2323 764 2427 827 ρι’·
2483 759 2607 810 Ἐάν
2636 757 3016 833 [μὴιπρολέγῃ
3037 763 3114 833 τῷ
3145 763 3394 832 μέλλοντι
3423 766 3832 832 ἀναγινώσκει-ο

2251 846 2286 916 ἢ
2319 848 2564 916 ψάλλειν,
2593 850 2668 913 ὡς
2695 854 3237 923 προκατηρτισμὲνον
3261 850 3406 908 εἷναι
3434 857 3539 910 καὶ
3579 857 3829 925 διεσκεμ-

2255 939 2415 1010 μένον
2449 942 2526 1002 εἰς
2551 942 2810 1013 ἑκάτερα,
2844 944 2947 997 ἀνὰ
2979 947 3264 1012 μετανοίας
3285 945 3353 1001 κ’.

2327 1025 2420 1096 ρδ’.
2461 1029 2588 1082 Ἐὰν
2613 1031 2887 1102 ἀπομείνῃ
2932 1030 3114 1084 κανὼν
3155 1033 3231 1104 μὴ
3261 1033 3496 1102 ψαλθεὶς
3556 1038 3710 1090 κατά
3743 1039 3834 1106 τὴν

2250 1119 2474 1172 δέουσαν
2497 1119 2736 1191 ἡμέραν,
2770 1121 3050 1190 μετάνοιαι
3079 1130 3142 1194 ρ’.

2677 1212 2817 1281 Περὶ
2859 1213 2966 1267 τοῦ
2987 1215 3309 1284 ταξιάρχου
3345 1219 3394 1271 ί.

2322 1300 2421 1370 ρε⁹.
2457 1302 2643 1355 Πᾶσαν
2667 1303 2919 1370 εὐταξίαν
2945 1307 2994 1358 εί
3040 1306 3115 1377 μὴ
3147 1308 3429 1376 φυλάττοι,
3469 1312 3704 1381 πρῶτον
3737 1316 3830 1367 αὖ·

2249 1394 2362 1457 τὸς,
2386 1393 2580 1447 ἔπειτα
2604 1395 2671 1449 δι’
2695 1395 2940 1460 ἔξουσίας
2963 1399 3062 1466 τῆς
3086 1399 3295 1463 οἰκείας
3326 1401 3616 1466 διακονίας
3653 1423 3832 1476 παρα·

2249 1487 2388 1556 τηρῇ
2420 1487 2516 1538 καὶ
2549 1486 2606 1540 ὲν
2639 1486 2788 1561 πάσῃ
2823 1491 2890 1558 τῇ
2919 1489 3260 1560 ἀδελφότητι,
3286 1490 3430 1544 ὥστε
3471 1500 3831 1564 χοροπατείν

2249 1577 2449 1640 αὐτοὺς
2470 1579 2744 1648 ἁρμοδίως
2760 1620 2776 1644 ,
2811 1580 2907 1633 καὶ
2934 1581 3166 1652 μάλιστα
3187 1583 3244 1636 ὲν
3269 1585 3450 1655 καιρῷ
3470 1589 3831 1656 καταλλήλως

2251 1668 2387 1738 πρὸς
2423 1671 2636 1739 ἠλικίαν
2664 1672 2761 1725 καὶ
2787 1673 2885 1735 τὰς
2907 1673 3140 1742 εἰδήσεις
3177 1674 3394 1739 καὶτὰς
3454 1678 3829 1750 εὐφωνήσεις,

2250 1759 2356 1814 ἀνὰ
2386 1761 2452 1826 λ’,
2481 1762 2576 1815 καὶ
2605 1768 2671 1827 ν’,
2707 1763 2800 1816 καὶ
2829 1769 2874 1835 ρ’
2904 1765 3210 1833 μετανοίας.

646 1849 773 1904 NG.
811 1847 927 1904 Nisi
977 1847 1325 1902 matriculam
1379 1849 1571 1903 sedulo
1626 1857 1832 1910 teneat,
1893 1861 1952 1905 ut
2013 1852 2148 1907 sciat

2287 1884 2301 1900 ο
2324 1859 2434 1924 pg’.
2477 1853 2602 1906 Ἐὰν
2635 1853 2792 1924 μὴτὸ
2816 1855 3102 1924 ματρίκιον
3162 1861 3337 1929 κρατῇ
3391 1861 3700 1926 ἐπιπόνως,
3753 1864 3829 1925 είς

578 1941 1028 2010 uniuscujusque
1056 1940 1308 2010 gradum,
1354 1949 1409 1994 et
1456 1940 1623 1994 totius
1660 1940 2016 1996 fraternitatis
2049 1960 2150 1998 nu-

578 2049 811 2097 merum,
837 2031 1070 2102 ideoque
1091 2031 1326 2102 negligat
1342 2029 1627 2085 defunctos
1646 2031 1952 2102 significare
1968 2044 2152 2103 proto-

575 2125 808 2179 diacono
841 2125 933 2192 qui
968 2129 1136 2194 ponat
1179 2123 1234 2176 in
1283 2122 1556 2193 diptycbis
1616 2138 1630 2174 :
1680 2132 1734 2177 et
1783 2124 1830 2177 si
1879 2125 1972 2193 qui
2015 2125 2150 2180 insi-

578 2217 791 2287 pienter
825 2214 1167 2287 diffugerint,
1189 2229 1285 2271 eos
1332 2214 1628 2283 quaerendo
1671 2230 1778 2269 non
1807 2226 1988 2272 teneat
2019 2235 2033 2284 ;
2067 2219 2150 2273 vel

577 2312 623 2366 si
655 2308 786 2380 quid
820 2308 970 2363 aliud
1018 2305 1342 2378 hujusmodi
1368 2306 1641 2372 inciderit,
1678 2316 1980 2365 metanmas
2019 2326 2148 2365 cen-

577 2413 691 2456 tum
720 2400 902 2456 faciat.

648 2492 774 2548 107.
794 2491 851 2547 Si
880 2507 1036 2548 sacra
1056 2489 1228 2546 divini
1244 2490 1498 2547 sacrificii
1513 2492 1878 2548 instrumenta
1900 2508 2004 2546 non
2023 2508 2148 2547 cum

579 2587 779 2640 timore
806 2593 862 2639 et
889 2593 1128 2639 tremore
1182 2593 1508 2649 contrectet,
1544 2585 1615 2639 ita
1663 2599 1724 2639 ut
1761 2599 1861 2639 suo
1910 2593 2152 2654 tempore

579 2675 951 2729 venerabilem
984 2691 1229 2730 mensam
1279 2678 1498 2741 vestiat,
1529 2691 1631 2731 nec
1669 2691 1774 2730 non
1804 2686 1998 2731 extera
2040 2677 2150 2745 Spi-

576 2766 762 2820 ritalia
817 2766 1051 2836 liturgia‘.
1107 2767 1346 2831 cimelia,
1397 2778 1452 2821 et
1496 2769 1600 2822 nisi
1660 2769 1824 2838 plicet
1873 2784 2150 2839 superque

581 2857 830 2926 imponat
886 2867 1220 2928 tegumenta,
1259 2867 1563 2916 metanteas
1617 2861 1863 2933 triginta,
1898 2873 1950 2915 et
1989 2863 2151 2931 quin-

577 2952 859 3020 quaginta.

1193 3042 1272 3097 οε
1316 3053 1533 3098 textore.

654 3131 777 3188 l08.
811 3131 929 3188 Nisi
960 3135 1077 3204 ipse
1111 3136 1321 3204 primus
1350 3151 1507 3190 mane
1530 3134 1823 3192 distribuat
1859 3137 2151 3208 unicuique

581 3239 836 3293 pensum,
871 3226 1073 3296 detque
1093 3242 1314 3296 operam
1346 3243 1414 3281 ne
1437 3229 1560 3298 quis
1588 3229 1682 3282 llat
1719 3229 1927 3285 abusus
1962 3230 2015 3283 in
2041 3231 2155 3284 vel-

583 3316 791 3371 leribus
821 3326 876 3370 et
923 3317 1096 3372 laneis
1142 3318 1496 3385 staminibus,
1550 3330 1853 3376 metanteas
1884 3323 2155 3392 quinqua-

580 3405 748 3474 ginta.

652 3496 772 3552 109.
808 3494 864 3551 Si
889 3513 983 3567 per
1004 3497 1268 3553 incuriam
1295 3500 1600 3569 praeciderit
1640 3503 1942 3570 subtemen,
1971 3506 2052 3560 vel
2077 3507 2154 3563 ira

581 3598 886 3643 commotus
905 3590 1169 3660 pectinem
1185 3590 1729 3662 fregerit,metanteas
1742 3597 2153 3669 quinquaginta.

653 3681 777 3734 110.
833 3680 950 3734 Nisi
993 3682 1247 3736 decenter
1300 3693 1560 3738 texantur
1602 3688 1819 3754 tunicae,
1849 3699 2060 3743 servata
2100 3691 2153 3744 in

581 3773 816 3829 texendo
871 3782 926 3827 et
976 3775 1201 3828 llmbriaa
1230 3775 1525 3839 densitate,
1576 3786 1630 3832 et
1701 3777 1772 3831 ﬁli
1817 3781 2151 3850 aequalitate,

579 3877 634 3918 et
663 3880 859 3920 manus
890 3865 1145 3935 puritate,
1185 3877 1486 3924 tnetanceas
1538 3870 1933 3941 quinquaginta
1967 3873 2151 3929 faciat.

580 4039 651 4096 ll.
706 4040 1048 4116 Quotidianae
1101 4045 1474 4116 monachorum
1525 4064 1687 4116 paena:
1745 4069 1777 4103 a
1822 4053 2153 4107 sanctissimo

809 4111 974 4166 Patre
1011 4126 1188 4167 nostra
1221 4114 1490 4172 Theodoro
1523 4111 1864 4189 prwscriptaz.

691 4270 742 4324 l.
777 4269 856 4325 De
882 4273 1138 4327 monacho
1167 4290 1376 4328 carnem
1406 4277 1544 4331 clam
1576 4281 1871 4336 comedente
1897 4296 2051 4339 extra

1181 4345 1382 4414 inﬁrmi
1392 4359 1568 4403 tatem.

651 4431 753 4499 Qui
791 4449 1011 4489 carnem
1034 4435 1173 4490 clam
1202 4438 1500 4494 comederit
1522 4443 1728 4510 absque
1757 4445 2079 4502 necessitate
2096 4461 2150 4503 et

2251 1942 2314 1996 τδ
2341 1944 2536 1997 είδέναι
2565 1944 2684 2008 ἑνὸς
2715 1945 2947 2000 ἑκάστου
2977 1946 3069 1999 τὸν
3097 1946 3324 2018 βαθμὸν,
3345 1951 3442 2002 καὶ
3464 1951 3563 2002 τὸν
3593 1953 3830 2023 ἀριθμὸν

2249 2035 2349 2104 τῆς
2399 2034 2526 2104 ὅλης
2561 2035 2941 2108 άδελφότητος,
2977 2037 3065 2090 ἵνα
3088 2041 3212 2101 τοὺς
3233 2042 3688 2110 κεκοιμημένους
3724 2062 3828 2095 πα-

2256 2127 2541 2196 ραπέμψαι
2564 2129 2938 2199 ἐγγράφεσθαι
2957 2130 3034 2198 τῷ
3063 2131 3485 2202 πρωτοδιακὸνῳ
3515 2136 3574 2186 ὲν
3611 2138 3731 2199 τοῖς
3760 2138 3832 2189 δι-

2251 2216 2477 2287 πτύχοις
2503 2235 2518 2248 °
2545 2219 2670 2282 τοὺς
2701 2221 2746 2272 δ’
2777 2220 2837 2284 ἐξ
2868 2221 3124 2284 ἀϐουλίας
3151 2222 3571 2294 ὑποδράσαντας
3615 2226 3713 2280 διὰ
3741 2229 3832 2298 ζη-

2249 2311 2460 2380 τήσεως
2489 2310 2731 2380 κατέχοι,
2755 2312 2852 2364 καλ⁵
2879 2313 2933 2365 εἴ
2954 2329 3008 2366 τι
3034 2313 3161 2368 ἄλλο
3219 2316 3524 2382 autem“,
3568 2320 3679 2372 ἀνὰ
3737 2338 3832 2390 με-

2248 2401 2468 2465 τανοίας
2505 2408 2572 2470 ρ’.

2324 2492 2426 2562 ρξ’.
2467 2494 2594 2547 Ἐὰν
2622 2493 2791 2565 μὴτά
2823 2495 2942 2567 ἱερά
2976 2495 3074 2548 καὶ
3097 2495 3216 2549 θεῖα
3245 2498 3576 2570 ἀναθύματα
3614 2502 3632 2552 ι
3697 2506 3832 2573 μετά

2252 2583 2418 2651 φόϐου
2448 2586 2541 2638 καὶ
2572 2586 2776 2657 τρόμου
2807 2586 3224 2658 διαχωρίζηται,
3247 2589 3390 2643 ὥστε
3425 2593 3529 2655 τὰς
3551 2597 3698 2645 κατά
3720 2613 3833 2647 και-

2256 2676 2346 2746 ρὸν
2379 2677 2696 2743 ὑπενδύσεις
2724 2679 2992 2733 ποιεῖσθαι
3037 2680 3138 2749 τῆς
3195 2681 3343 2744 θείας
3391 2684 3682 2754 τραπέζης
3743 2689 3832 2738 καὶ

2251 2764 2360 2818 τῶν
2419 2767 2592 2820 ἀλλων
2630 2769 3015 2839 πνευματικῶν
3071 2770 3426 2840 ίερουργικῶν
3484 2777 3829 2844 κειμηλίων-

2253 2859 2350 2908 καὶ
2387 2858 2436 2908 εἰ
2482 2858 2558 2927 μὴ
2589 2858 2767 2911 διπλοῖ
2794 2860 2888 2911 καὶ
2919 2859 3136 2930 τίθησιν
3189 2861 3602 2932 ὲπισπάστρας,
3661 2869 3830 2933 μετά-

2251 2964 2390 3001 νοιαι
2425 2951 2491 3014 λ’,
2524 2949 2620 3003 καὶ
2644 2949 2708 3004 ν’.

2705 3041 2845 3109 Περὶ
2903 3043 3016 3098 τοῦ
3068 3044 3360 3114 ὑφάντου.

2327 3137 2430 3201 ρη’.
2478 3131 2603 3186 Ἐὰν
2633 3132 2706 3204 μὴ
2737 3137 2766 3186 ὁ
2796 3134 3013 3206 πρῶτος
3061 3138 3280 3209 ἐπιδιδῷ
3333 3141 3580 3210 πρωῖθεν
3613 3143 3829 3213 ἑκάστῳ

2257 3220 2319 3274 τὸ
2340 3221 2519 3293 ἔργον,
2537 3225 2632 3276 καὶ
2656 3224 2909 3292 φυλάττοι
2925 3226 3082 3278 τοῦτο
3102 3227 3177 3297 μὴ
3197 3229 3452 3295 γενέσθαι
3481 3234 3828 3304 παράχρησίν

2255 3331 2379 3369 τινα
2425 3315 2481 3367 ἔν
2506 3331 2566 3368 τε
2597 3317 2708 3378 τοῖς
2741 3315 2908 3386 ἐρίοις
2939 3317 3034 3368 καὶ
3053 3319 3162 3379 τοῖς
3183 3319 3590 3390 ὲριουργηθεῖσι
3625 3330 3825 3395 στήμο-

2258 3420 2363 3467 σιν,
2411 3403 2513 3457 ἀνά
2574 3405 2861 3474 μετανοίας
2914 3410 2980 3459 ν’.

2328 3495 2428 3565 ρθν.
2448 3495 2570 3549 Ἐὰν
2591 3495 2651 3560 ἐξ
2666 3496 2924 3566 ἀμελείας
2939 3497 3169 3570 ριακόψῃ
3186 3498 3432 3572 τῳιάν,ἢ
3449 3503 3515 3554 ὲκ
3533 3502 3712 3574 θυμοῦ
3729 3524 3826 3560 κα-

2255 3586 2324 3639 τά
2345 3586 2444 3656 τῆς
2456 3587 2703 3657 κερκίδος
2720 3587 2962 3656 κινηθεὶς
2979 3605 3102 3642 συντ
3114 3591 3242 3661 ρίψῃ
3259 3591 3750 3662 αὑτὴν,μετάνοιαι
3767 3605 3824 3652 ν.

2329 3684 2414 3748 ρι’.
2461 3679 2586 3731 Ἐὰν
2619 3679 2696 3749 μὴ
2730 3679 3049 3749 πρεπόντως
3077 3682 3384 3750 ὑφαίνοιντο
3399 3687 3448 3736 ot
3480 3687 3708 3754 χιτῶνες
3731 3706 3826 3742 πα-

2259 3767 2678 3839 ρατηρουμένης
2722 3771 2779 3822 ὲν
2813 3773 2881 3840 τῇ
2911 3771 3149 3844 ὑφανσίᾳ
3189 3773 3284 3826 καὶ
3343 3773 3597 3844 λὼματος
3655 3780 3827 3834 στιϐα-

2258 3860 2478 3930 ρότητος
2526 3861 2618 3913 καὶ
2672 3862 2962 3931 ίσονημίας
3010 3864 3104 3916 καὶ
3156 3863 3604 3936 καθαροχειρίας,
3663 3874 3824 3940 μετά-

2257 3969 2397 4005 νοιαι
2417 3948 2420 3951 ’
2450 3952 2529 4022 (5)
2581 3953 2941 4024 πεντήκοντα.

2257 4065 2331 4118 B'.
2367 4064 2450 4144 Tf‘t.
2477 4067 2839 4144 καθημερινὰ
2870 4068 3130 4144 eaEa-Qua
3153 4068 3226 4144 (6)
3256 4069 3376 4123 τῶν
3408 4076 3701 4144 μον-σιῶν
3735 4079 3827 4130 ἐκ·

2324 4134 2566 4216 τεθέἵτα
2624 4137 2783 4203 παρὰ
2841 4136 2946 4189 τοῦ
3001 4134 3326 4194 ὁσιωτάτου
3377 4134 3612 4212 Haupt}?
3665 4147 3826 4216 ἡμῶν

2326 4204 2646 4273 Θεοδώρου.

2254 4305 2324 4351 α’.
2371 4297 2510 4365 Περὶ
2528 4296 2801 4365 μονοκοῦ
2839 4297 3153 4373 ἐᾳθίοντοσ
3208 4299 3352 4368 κρέα
3379 4301 3598 4372 λάθρα,
3654 4308 3824 4373 ἐκτὸς

2861 4367 3198 4436 ἀσθενείας.

2336 4460 2395 4512 '0
2427 4459 2566 4529 κρέα
2603 4457 3026 4531 λαθροφαγήσας
3070 4463 3225 4526 ἐκτὸς
3257 4463 3509 4536 ἀνάγκης
3558 4471 3655 4522 καὶ
3683 4472 3825 4524 εὐλο-

581 4525 799 4581 abbatis
837 4527 1229 4589 benedictione.
1265 4531 1311 4586 is
1342 4533 1635 4588 obsonium
1670 4545 1765 4590 aut
1815 4553 1915 4592 ova
1941 4551 2033 4594 aut
2061 4558 2148 4596 ca-

2272 4549 2378 4618 ria;
2403 4523 2496 4601 του
2528 4523 2759 4620 Πατρὸς,
2786 4523 3033 4620 οψάριον,
3066 4523 3239 4618 quia),
3259 4551 3292 4623 ἢ
3313 4523 3584 4627 τυρὸν-μὴ
3609 4523 3825 4612 ἐσθιέτῷ

581 4633 735 4671 seum
797 4633 894 4687 per
917 4618 1033 4673 dies
1063 4619 1423 4688 quadraginta
1445 4637 1552 4676 non
1580 4627 1843 4680 comedat.
1875 4629 2147 4699 Scriptum

578 4720 663 4763 est
690 4709 870 4766 enim:
907 4709 976 4764 Et
1032 4711 1213 4765 caruit
1239 4729 1423 4767 curam
1467 4732 1528 4769 ne
1552 4716 1782 4784 feceritis
1807 4719 1876 4770 ad
1907 4720 2151 4791 concupi-

577 4798 833 4851 stantiam
855 4799 899 4830 ¹⁶
930 4797 1031 4867 (8).

645 4890 690 4922 ⁸⁸
737 4887 893 4944 Rom.
924 4906 1047 4952 xm,
1084 4891 1175 4952 H.

587 5008 598 5045 ί
639 4980 844 5035 Confer
883 4980 1114 5036 Studita:
1135 4997 1304 5038 carm.
1338 4999 1410 5036 ιιι.
1489 4981 1504 5031 ι
1539 4980 1612 5035 lla
1637 4984 1819 5049 codd.,
1849 4985 1913 5038 θυ
1948 5004 2053 5043 non
2082 4990 2155 5049 θε.

2254 4640 2468 4711 ἡμέρας
2498 4646 2569 4710 μ’·
2589 4641 2895 4709 γέγραπται
2913 4642 3529 4716 γάροΚαὶτῆςσαρκὸς
3545 4654 3827 4720 πρόνοιαν

2251 4732 2336 4800 μὴ
2360 4731 2580 4785 ποιεῖτε
2606 4733 2693 4796 εις
2714 4732 3032 4802 ἐπιθυμίαν
3047 4733 3146 4806 (7).

2078 5085 2311 5144 NOTAi.

652 5168 729 5236 (5)
768 5167 908 5233 Quid
964 5172 1037 5224 sit
1091 5178 1385 5233 metanma,
1441 5169 1574 5223 satis
1620 5169 1778 5225 docet
1822 5173 2056 5232 Goarius
2087 5179 2140 5233 in

582 5236 934 5315 Euchologio
963 5255 1025 5315 p.
1057 5239 1147 5315 ll),
1182 5255 1376 5315 nempe
1416 5239 1564 5315 illam
1597 5256 1637 5315 a_
1662 5239 1885 5315 Gracia,
1914 5262 2144 5315 praeser-

581 5307 681 5379 tim
721 5307 1031 5370 monachis.
1073 5310 1274 5379 duplici
1308 5307 1484 5379 inodo
1525 5310 1684 5363 fieri:
1722 5314 1802 5366 vel
1861 5307 2028 5378 enim,
2062 5321 2145 5372 in-

582 5378 723 5452 quit,
749 5393 845 5432 ore
869 5378 1230 5452 manibusque
1255 5378 1624 5452 terrraegallixis,
1652 5397 1773 5434 cum
1798 5400 2030 5452 genuum
2063 5391 2147 5442 in-

584 5446 818 5502 ﬂexione
843 5446 1271 5525 profundissime
1302 5449 1638 5525 inclinantur
1663 5462 1718 5505 et
1753 5446 2143 5525 procumbunt,

582 5527 640 5598 et
682 5526 816 5572 tunc
847 5529 928 5598 est
972 5519 1510 5598 μετάνοια-μεγάλη.
1545 5535 1672 5598 quas
1694 5519 1858 5578 etiam
1909 5519 2145 5598 στρῳτή.

585 5587 642 5640 Si
661 5602 790 5666 vero
814 5587 992 5645 minus
1020 5606 1219 5666 corpus
1249 5587 1769 5666 inﬂecta_nt,’dicitur
1795 5587 1987 5666 pupa.
2011 5587 2147 5652 Cum

583 5660 956 5740 veroIplures-
978 5659 1344 5740 ρφτεοινιιηιἸ
1373 5659 1624 5740 ultimas_
1656 5659 1868 5740 semper
1897 5659 2149 5740 'minores

581 5738 630 5780 et
659 5729 896 5854 nfiinores
931 5730 1161 5798 faciunt,
1186 5732 1457 5801 simulque
1487 5729 1885 5792 oratiunculam
1913 5739 2146 5808 aliquam

581 5813 678 5854 pro
703 5810 876 5854 erunt.

580 5810 876 5868 protei-unt.

2323 5183 2356 5235 6
2392 5183 2468 5237 De
2498 5184 2810 5258 Graecorum
2845 5189 3109 5258 epitimiis
3149 5203 3328 5249 exstat
3365 5197 3437 5252 L.
3484 5200 3675 5257 Allatii
3729 5220 3822 5258 non

2250 5253 2698 5329 longauepistola
2735 5259 2800 5311 ad
2830 5253 2956 5329 Joh.
2987 5259 3254 5318 Morinum
3282 5273 3428 5322 inter
3473 5253 3821 5329 miscellanea

2252 5323 2578 5400 Balnaiied.
2617 5341 2742 5380 nov.
2775 5336 2816 5381 t.
2848 5327 2937 5390 Ill,
2962 5347 3015 5400 p.
3049 5332 3170 5387 H5.

2325 5393 2402 5461 (7)
2439 5393 2601 5480 Yides
2637 5412 2858 5480 novum,
2889 5393 3057 5455 ίιιιὶιιο
3082 5405 3343 5480 alic_n_nm,
3389 5408 3611 5465 Paulini
3664 5427 3824 5471 textus

2255 5469 2596 5546 propositum
2626 5482 2654 5519 a
2679 5469 2888 5549 Studita
2909 5487 3149 5555 sensum.
3179 5475 3361 5599 iConf.
3390 5483 3456 5533 ad
3482 5481 3608 5536 Gal.
3644 5484 3702 5538 ν.
3727 5469 3824 5552 lli.)

2255 5531 2428 5587 Graec:
2455 5537 2973 5619 quttlein_obpmuttt
2995 5545 3415 5619 nobts__.atuns,
3450 5555 3603 5619 quod
3664 5570 3820 5609 nosm

2257 5607 2512 5694 nitinaclti
2533 5608 2790 5694 crat-nibus
2817 5624 3130 5694 vescantur;
3148 5615 3371 5694 Marte".
3397 5607 3619 5677 Cdmm.

2330 5675 2407 5751 (δ)
2431 5675 2630 5751 (letifer
2657 5681 3072 5751 constitutiones
3100 5685 3421 5745 Studitanas
3453 5675 3513 5746 ὴ.
3548 5675 3820 5751 ἒξ.τᾶιῆ

2256 5744 2622 5826 cogitationes
2651 5750 2978 5826 monachum
3006 5756 3189 5810 abbati
3211 5773 3314 5816 suo
3341 5744 3822 5823 revelat-emendat

2258 5812 2315 5867 S.
2350 5813 2622 5872 Benedicti
2651 5816 2852 5890 Hcgula
2878 5836 2996 5894 cap.
3028 5827 3079 5881 4.
3112 5833 3166 5882 et
3193 5828 3244 5882 7.
