3976 6314
167 336 318 401 1749

1101 347 1638 408 MONACHORUM
1677 352 1913 412 ΡίΕΝιΕ
1977 354 2490 423 ΟΠΟΤΙΒΙΑΝίΕ.

3274 365 3410 430 1750

170 451 251 522 β’.
295 450 434 520 Περὶ
457 449 562 504 τοῦ
577 451 665 521 μὴ
695 451 1166 547 ἐξαγζίξλοιςξος
1186 458 1458 527 μωαχοῦ
1499 458 1574 514 δι’
1602 459 1729 528 ὅλης

1879 463 1934 518 2.
1968 462 2048 518 De
2070 466 2324 520 monacho
2359 468 2450 536 qui
2491 478 2601 547 tota
2629 470 2954 547 hebdomada
2981 490 3079 528 non
3111 477 3384 547 confessus

705 523 817 592 τῆς
851 523 1192 593 ἑϐδομάδος.

260 614 323 666 '0
356 614 429 683 μὴ
459 613 799 682 ἐξαγγέλλων
843 615 941 680 τὰς
973 616 1095 670 καθ’
1125 618 1317 672 ἐαυτὸν
1370 621 1596 691 πράξεις
1653 624 1747 677 καὶ

2537 542 2690 607 fuerit
2701 579 2713 593 .

1917 623 2020 690 Qui
2051 625 2339 682 confessus
2369 642 2476 682 non
2533 629 2700 685 fuerit
2749 641 3071 688 actussuos
3105 645 3159 689 et
3207 637 3412 706 cogita-

163 707 471 776 λογισμοὺς
498 705 576 775 τῷ
623 707 797 777 Πατρὶ
832 707 917 760 διὰ
946 709 1054 766 τῶν
1087 709 1226 764 ἐπτά
1263 713 1486 781 ἡμερῶν
1516 717 1616 783 τῆς
1653 715 1729 767 ἐϐ-

1860 712 2020 768 .iones
2049 715 2228 768 abbati
2265 731 2360 784 per
2393 725 2599 786 septem
2652 720 3002 777 hebdomade
3032 723 3166 789 dies,
3219 705 3410 780 deinde

162 795 426 862 δομάδος,
460 797 524 847 ἐκ
551 795 671 848 τότε
706 796 778 866 μὴ
807 797 1031 850 ἐσθιέτω
1063 798 1168 861 ἕως
1201 792 1260 852 οὗ
1291 801 1600 874 ἐξαγγείλῃ.

163 906 245 973 γ’.
292 907 430 973 Περι
463 907 568 962 τοῦ
589 907 779 982 λᾴρρα
805 909 1128 982 γευομένου
1153 911 1385 979 ὀπώρας
1409 913 1550 982 πρὶν
1567 917 1742 970 εὐλο-

547 978 803 1045 γηθῆναι
835 982 994 1046 παρὰ
1014 981 1120 1034 τοῦ
1139 978 1354 1050 ἱερέως.

258 1069 317 1124 Ὀ
349 1070 639 1140 γευόμενος
670 1070 727 1136 ἐξ
787 1070 1106 1140 οίασδήποτε
1152 1071 1373 1143 ὀπώρας
1409 1075 1538 1145 πρὶν
1589 1075 1743 1141 δέξα.

163 1162 302 1213 σθαι
350 1161 598 1229 εὐλογίαν
629 1161 778 1230 παρὰ
808 1162 903 1215 τοῦ
938 1164 1170 1235 Πατρὸς,
1205 1165 1281 1236 μὴ
1315 1169 1541 1222 ἐσθιέτω
1568 1169 1627 1237 ἐξ
1655 1170 1744 1224 αὖε

161 1252 273 1322 τῆς
297 1252 388 1304 τὸν
417 1253 609 1321 χρόνον
633 1254 864 1310 ἐκεῖνον.

161 1369 235 1420 δ’.
275 1371 410 1437 Περὶ
436 1368 544 1423 τοῦ
580 1369 671 1422 ὅτι
729 1372 801 1425 οὐ
835 1370 951 1440 χρὴ
984 1370 1161 1437 ἐκτὸς
1188 1371 1466 1443 μανδύου
1511 1373 1742 1444 ἐργάζε-

702 1445 840 1495 σθαι
885 1445 1179 1510 μοναχόν.

259 1531 318 1587 ’0
343 1531 467 1586 ἄνευ
484 1533 578 1586 τοῦ
611 1533 842 1604 μανδύου
873 1535 1039 1590 αὐτοῦ
1074 1536 1106 1607 ἢ
1140 1537 1236 1590 τοῦ
1269 1538 1620 1592 κουκουλλίου
1646 1540 1740 1610 ἐρ-

160 1623 475 1694 γαζόμενος
517 1626 617 1696 τὴν
667 1626 881 1680 οίανοῦν
911 1628 1195 1699 ἐργασίαν,
1226 1628 1300 1693 ὼς
1324 1631 1741 1702 καταφρονητὴς

160 1714 536 1783 ἐπιτιμάσθω.

1845 819 1914 859 ne
1952 808 2200 862 comedat
2228 811 2380 878 prius
2413 825 2575 879 quam
2605 814 2946 870 confiteatur.

1964 924 2018 978 3.
2055 924 2130 978 De
2155 942 2214 978 eo
2245 928 2334 995 qui
2364 929 2502 1002 clam
2533 946 2689 1002 poma
2721 941 2887 998 gustet
2911 945 3032 986 ante
3065 949 3224 1002 quam
3253 953 3282 986 a

2284 1000 2552 1052 sacerdote
2572 1000 2961 1056 benedicuntur.

1913 1086 2017 1154 Qui
2044 1091 2322 1158 quodlibet
2357 1108 2574 1160 pomum
2603 1097 2897 1163 gustaverit
2921 1105 3045 1150 ante
3084 1097 3294 1152 abbatis
3325 1102 3386 1153 be

1845 1180 2230 1247 nedictionetn,
2266 1199 2331 1236 ex
2369 1184 2473 1239 illis
2498 1200 2604 1239 non
2641 1187 2892 1240 comedat
2917 1202 3062 1241 anno
3089 1189 3197 1242 illo.

1844 1350 1898 1405 4.
1931 1348 2084 1416 Quod
2115 1370 2217 1406 non
2246 1364 2483 1424 oporteat
2517 1357 2626 1410 sine
2656 1359 2821 1427 pallio
2839 1361 3151 1414 monac/tum
3181 1365 3414 1430 operari.

1914 1527 2016 1595 Qui
2050 1529 2168 1584 sine
2197 1545 2362 1599 parvo
2395 1546 2493 1584 suo
2525 1532 2690 1600 pallio
2727 1531 2822 1587 aut
2867 1537 3084 1590 cucullo
3109 1539 3414 1608 quamlibet

1841 1633 2062 1690 Operam
2088 1621 2304 1688 fecerit,
2333 1639 2436 1678 ceu
2462 1635 2806 1695 contemptor
2830 1629 3107 1697 puniatur.

158 1835 234 1880 ε’.
294 1828 435 1895 Περὶ
499 1825 606 1880 τοῦ
665 1827 752 1898 μὴ
802 1829 1003 1900 πίνειν
1051 1830 1208 1900 ὕδωρ
1279 1832 1428 1900 μετὰ
1488 1831 1560 1887 τὰ
1593 1833 1729 1888 ἁπό-

1892 1819 1944 1872 5.
1987 1817 2105 1872 Non
2127 1836 2237 1875 esse
2263 1836 2458 1891 aquam
2493 1823 2770 1879 bibendam
2796 1837 2912 1894 post
2947 1828 3364 1897 completorium.

838 1899 1069 1954 δειπνα.

262 1989 321 2042 '0
354 1989 490 2060 μετὰ
526 1991 825 2046 ἀπόδειπνα
859 1993 1027 2046 πίνων
1082 1992 1246 2064 ὕδωρ,
1299 1993 1333 2064 ἢ
1369 1997 1743 2067 συντυγχάνων

156 2081 300 2148 τινὶ,
336 2082 556 2135 ποιείτω
590 2082 878 2152 μετανοίας
903 2089 970 2154 ρ’.

160 2203 249 2263 ς’.
303 2197 440 2265 Περὶ
511 2196 619 2252 τοῦ
671 2197 757 2267 μὴ
811 2198 1378 2268 μεταλαμϐάνοντος
1442 2200 1514 2265 ἐξ
1591 2201 1743 2271 ἀμε-

864 2272 1055 2335 λείας.

252 2358 311 2411 '0
353 2360 507 2422 ἐκτὸς
545 2365 596 2430 μ’
627 2360 873 2431 ἡμερῶν,
899 2361 1028 2415 ἀνευ
1050 2362 1351 2433 ἐπιτιμίου,
1392 2363 1568 2431 μένων
1593 2367 1742 2418 ἀκοι-

1916 1973 2020 2041 Qui
2056 1986 2176 2045 post
2205 1980 2622 2050 completorium
2651 1997 2848 2052 aquam
2897 1983 3114 2047 biberit,
3149 1997 3244 2039 aut
3286 2001 3408 2040 cum

1842 2070 2028 2139 aliquo
2060 2071 2361 2126 collocutus
2391 2073 2578 2138 fuerit,
2611 2086 2832 2130 centum
2889 2075 3056 2131 faciat
3090 2087 3409 2135 metanmas.

1972 2181 2026 2236 6.
2056 2181 2132 2236 De
2163 2200 2222 2237 eo
2269 2186 2358 2255 qui
2391 2201 2455 2239 ea:
2490 2187 2724 2271 neglectu
2757 2187 3150 2271 @ucharistiam
3183 2205 3285 2245 non

2413 2268 2832 2326 partmpaverit.

1910 2341 2013 2407 Qui
2061 2343 2204 2396 ultra
2252 2346 2612 2416 quadraginta
2661 2348 2776 2404 dies
2832 2351 3214 2420 (preterquam
3268 2352 3313 2406 si
3357 2353 3412 2406 in

157 2448 426 2520 νώνητος,
477 2451 682 2520 λεγέτω
711 2453 809 2524 τὴν
839 2452 1015 2507 αἰτίαν
1046 2469 1060 2484 ο
1108 2454 1203 2507 καὶ
1251 2455 1301 2506 εί
1354 2455 1413 2519 ἐξ
1482 2455 1729 2526 ἀμελείας

1860 2447 2016 2486 mna:
2047 2435 2419 2502 persolutione
2458 2438 2530 2492 sit
2559 2439 2790 2510 positus)
2828 2441 2894 2495 ad
2917 2457 3125 2496 sacram
3158 2458 3409 2496 commn-

158 2543 485 2612 εὑρίσκεται
529 2542 686 2597 τοῦτο
713 2544 903 2612 ποιῶν,
937 2546 1282 2616 ἐπιτιμάσθω
1313 2548 1524 2619 ἡμέρας
1557 2546 1632 2618 μ’.

156 2832 234 2898 ζ’.
261 2831 406 2902 Περὶ,
437 2831 846 2900 προσενέξεως
871 2832 1219 2902 προσφορᾶς
1263 2834 1333 2887 ἐν
1357 2838 1738 2902 μοναστηρίῳ

385 2901 473 2955 ὅτι
496 2905 568 2956 οὑ
598 2903 713 2970 χρὴ
736 2902 923 2955 πάλιν
965 2904 1186 2969 αὐτοὺς
1214 2901 1525 2971 ἐπιζητεῖν.

240 2992 311 3046 Et
331 3009 415 3055 τις
453 2993 684 3062 μοναχδς
717 2993 860 3047 ἐλθοι
889 2995 969 3058 είς
1021 2996 1404 3066 μοναστήριον,
1454 2997 1548 3049 καὶ
1582 2995 1736 3066 φέρει

157 3082 274 3146 ἕως
319 3084 672 3154 κεντηναρίου
699 3085 1017 3152 ὑπόστασιν,
1045 3085 1156 3137 εἴτε
1183 3085 1286 3148 ἓως
1325 3085 1558 3154 φόλλεως
1583 3087 1734 3157 μιᾶς,

1841 2523 2059 2578 nionem
2091 2527 2352 2580 accedere
2386 2528 2649 2592 omiserit,
2694 2546 2915 2585 causam
2959 2533 3037 2586 rei
3068 2533 3215 2587 dicat
3243 2551 3256 2586 :
3281 2543 3334 2587 et
3365 2533 3410 2586 si

1838 2635 1903 2672 cx
1940 2620 2266 2690 negligentia
2292 2624 2364 2674 ita
2407 2637 2466 2676 se
2498 2623 2732 2692 gessisse
2769 2627 3156 2694 comperiatur,
3192 2639 3408 2694 ptenam

1841 2708 2200 2778 quadraginta
2230 2709 2440 2763 dierum
2469 2712 2682 2765 subeat.

1901 2822 1955 2876 7.
1989 2824 2142 2889 Quod
2177 2827 2492 2880 oblationem
2516 2829 2834 2900 monasterio
2858 2828 3092 2895 illatam,
3125 2840 3383 2900 nequeant

2367 2898 2611 2950 monachi
2647 2907 2892 2964 repetere.

1913 2984 1968 3039 Si
2001 2987 2129 3056 quis
2161 2989 2463 3042 monachus
2494 2988 2561 3041 ad
2597 2991 2979 3044 monasterium
3017 2992 3184 3056 venit,
3215 3001 3269 3046 et
3294 2993 3410 3046 sive

1844 3087 2195 3133 centenarum
2229 3080 2496 3134 librarum
2531 3082 2914 3148 subsmntiam,
2957 3085 3072 3138 sive
3121 3101 3287 3138 unum
3318 3102 3409 3140 so-

156 3175 264 3228 οὐκ
296 3173 410 3244 ἔχει
442 3153 689 3238 ἐξουσίαν
740 3175 799 3242 ἐξ
839 3176 1006 3247 αὐτῆς
1058 3177 1163 3242 ἕως
1194 3177 1375 3249 τριχὸς
1438 3153 1729 3248 μιᾶς-ἐπι-

1862 3167 2008 3222 idum
2033 3169 2187 3233 ferat,
2231 3186 2337 3225 non
2367 3173 2417 3226 ei
2458 3181 2700 3240 potestas
2728 3186 2810 3229 est
2831 3175 2954 3229 inde
2983 3177 3186 3246 aliquid
3214 3183 3410 3248 exqui-

155 3269 620 3428 ζηῖιῗῗνίίοσμικὸς
653 3357 894 3412 ἀσθενῶν
949 3358 1353 3423 ἀπατάξασθαι,
1391 3361 1484 3412 καὶ
1525 3360 1614 3413 τὸν
1643 3378 1736 3430 μο-

155 3451 387 3520 ναχικὸν
435 3449 547 3519 βίον
571 3449 846 3514 είσελθὼν,
878 3447 937 3501 τδ
957 3448 1161 3521 ἔνδυμα
1199 3453 1293 3504 καὶ
1323 3452 1434 3522 (τὰ)
1470 3452 1570 3522 τῆς
1622 3453 1736 3506 κλί-

157 3562 261 3613 νης
293 3542 458 3597 αὑτοῦ
485 3545 550 3612 τῇ
586 3541 848 3612 ἐκκλησίᾳ
875 3541 1104 3611 μενέτω.

236 3637 302 3689 θ’.
344 3637 400 3688 '0
448 3635 620 3698 λέγων
677 3635 906 3705 μοναχδς
963 3635 1155 3704 λόγους
1194 3638 1512 3707 κοσμικοὺς,
1564 3638 1597 3708 ἢ
1652 3640 1733 3692 ὅτι

162 3727 320 3797 Ἐχω
345 3729 536 3795 γενεάν
561 3725 663 3779 πού
687 3743 838 3792 ποτε,
865 3726 1211 3796 ἀφοριζέσθω
1233 3728 1307 3796 (9)
1336 3727 1546 3796 ἡμέρας
1563 3730 1730 3797 τρεῖς,

160 3818 489 3888 ξηροφαγῶν
515 3857 530 3882 ,
566 3817 658 3871 καὶ
698 3816 866 3869 ποιῶν
894 3818 1179 3886 μετανοίας
1205 3815 1248 3869 ν’
1274 3832 1289 3848 °
1331 3816 1440 3870 ἀπὸ
1468 3817 1577 3888 γὰρ
1633 3818 1734 3887 τῆς

157 3911 377 3978 ἡμέρας
406 3902 473 3978 ἧς
498 3908 563 3961 τὸ
593 3908 774 3978 σχῆμα
799 3905 1012 3968 ἔλαϐεν,
1043 3904 1453 3977 ἀποταξάμενος
1501 3908 1612 3968 τοῖς
1633 3923 1732 3958 κα-

157 4003 229 4054 τὰ
279 3999 459 4070 σάρκα
490 4002 773 4068 συγγενέσι
813 3997 890 4070 τῷ
923 3997 1146 4069 Χριστῷ
1177 3997 1588 4069 προσηρμὼθη.

235 4187 284 4234 ι’.
318 4180 386 4233 Et
405 4198 487 4243 τις
508 4180 600 4233 τὸν
629 4181 1022 4252 ἐπιστρέφοντα
1050 4180 1158 4234 ἀπὸ
1185 4181 1456 4251 ἁμαρτίας
1477 4180 1537 4233 οὑ
1565 4197 1731 4250 προσ-

157 4275 396 4343 δέχεται,
424 4273 562 4325 ἀλλά
589 4273 751 4325 λυπεῖ
781 4275 960 4339 αὑτὸν,
991 4274 1233 4344 ἐλύπησε
1262 4274 1354 4326 τὸν
1384 4273 1617 4343 Χριστὸν
1649 4273 1728 4324 εί-

159 4366 334 4419 πόντα
369 4381 383 4396 ·
413 4365 571 4434 Χαρά
604 4363 810 4432 γίνεται
832 4367 890 4418 ἐν
929 4365 1144 4436 οὐρανῷ
1184 4366 1274 4418 ἐπὶ
1300 4366 1382 4418 ἐνὶ
1421 4363 1729 4435 ἁμαρτωλῷ

163 4457 531 4528 μετανοοῦντι.

235 4555 324 4603 ια’.
385 4549 510 4601 Ἐὰν
561 4549 764 4620 φιλήσῃ
827 4549 1054 4620 μοναχὸς
1107 4548 1424 4618 οἱανδήποτε
1477 4546 1725 4614 γυναῖκα,

158 4642 299 4694 ἔστω
333 4640 695 4711 ἀκοινώνητος
733 4642 943 4714 ἡμέρας
976 4641 1028 4712 μ’
1059 4658 1074 4674 ⁸
1119 4641 1232 4695 ἀλλ’
1256 4642 1372 4694 οὐδὲ
1407 4641 1528 4693 κατ’
1557 4639 1728 4708 αὐτὴν

157 4733 255 4801 τὴν
290 4732 502 4802 ἡμέραν
531 4731 633 4798 τῆς
668 4731 1045 4795 ’Δναστάσεως
1081 4729 1176 4785 τοῦ
1208 4731 1413 4802 Κυρίου
1432 4729 1531 4801 τὴν
1562 4728 1726 4782 αὑτοῦ

160 4823 371 4891 μητέρα
401 4823 709 4893 ἀσπάσηται
738 4824 872 4893 (10).

230 4912 318 4982 ιβ’.
358 4915 418 4966 '0
451 4915 512 4967 τὸ
547 4913 703 4982 ἀγιον
732 4916 916 4986 σχῆμα
951 4915 1178 4981 ἀθετῶν,
1202 4913 1341 4970 ἔστω
1368 4911 1728 4979 ἀκοινώνητος

156 5004 251 5074 ἐτη
276 5004 424 5075 τρία.

1837 3260 2014 3324 rendi,
2047 3277 2114 3316 ne
2134 3263 2390 3332 capillum
2418 3265 2661 3333 quidem.

1906 3355 1960 3410 8.
1998 3355 2057 3410 Si
2088 3356 2252 3410 homo
2281 3358 2562 3412 saecularis
2601 3358 2654 3411 in
2695 3359 3011 3414 infirmitate
3037 3362 3404 3428 abrenuntiet,

1835 3457 1889 3503 et
1935 3448 2312 3503 monacbalem
2348 3450 2515 3503 vitam
2546 3451 2831 3519 suscipiat,
2862 3456 3027 3508 vestis
3059 3454 3180 3522 ejus
3205 3464 3260 3509 et
3287 3456 3406 3509 lecti

1835 3540 2076 3610 stragula
2115 3553 2370 3594 maneant
2391 3542 2658 3596 ecclesiae.

1905 3631 1956 3683 9.
1991 3630 2293 3687 Monachus
2335 3633 2637 3688 mundanos
2683 3651 2966 3691 sermones
2994 3637 3277 3706 eloquens,
3311 3651 3408 3694 aut

1833 3723 1978 3792 quod
2035 3724 2344 3792 prosapiam
2374 3740 2531 3779 suam
2592 3726 2790 3780 alicubi
2845 3729 3064 3792 habeat,
3121 3743 3406 3798 separetur

1833 3814 1901 3868 ad
1955 3823 2064 3869 tres
2094 3816 2232 3880 dies,
2288 3833 2414 3871 cum
2470 3818 2592 3872 cibo
2623 3820 2797 3882 arido,
2839 3829 2894 3874 et
2936 3836 3060 3874 cum
3117 3827 3403 3879 metanazis

1833 3907 2251 3978 quinquaginta.
2315 3908 2447 3963 Nam
2506 3927 2572 3965 ex
2630 3927 2739 3980 quo
2769 3913 2856 3966 die
2906 3928 3122 3968 sacrum
3181 3917 3402 3972 schema

1833 4002 2088 4068 sumpsit,
2122 4001 2430 4057 valedicens
2487 4005 2734 4072 cognatis
2787 4007 3121 4072 carnalibus,
3178 4008 3400 4065 Christo

1831 4090 2076 4145 cohmsit.

1905 4183 1990 4236 10.
2019 4182 2073 4236 Si
2113 4183 2235 4250 quis
2289 4185 2702 4254 resipiscentem
2745 4205 2808 4243 ex
2846 4201 3067 4260 peccato
3110 4209 3217 4247 non
3248 4196 3402 4250 exci-

1829 4275 1965 4343 piat,
2005 4275 2100 4330 sed
2122 4292 2245 4330 eum
2277 4278 2582 4344 contristet,
2606 4280 2652 4334 is
2681 4280 2961 4336 Christum
2989 4287 3278 4342 contristat
3301 4291 3396 4358 qui

1829 4367 2000 4421 dixit:
2035 4367 2304 4422 Gaudium
2330 4369 2387 4422 fit
2408 4369 2461 4422 in
2485 4371 2622 4425 coelo
2645 4386 2809 4442 super
2828 4390 2934 4430 uno
2967 4387 3252 4444 peccatore
3278 4395 3398 4449 pce-

1751 4494 1805 4554 D
1834 4459 2117 4512 nitentiam
2149 4470 2360 4528 agente,

1904 4546 1991 4599 ll.
2035 4546 2091 4600 Si
2124 4549 2427 4603 monachus
2459 4550 2760 4618 quamlibet
2796 4554 3077 4609 mulierem
3114 4558 3395 4616 osculatus

1832 4638 2017 4703 fuerit,
2054 4640 2125 4694 sit
2152 4653 2303 4694 extra
2335 4643 2774 4699 communionem
2800 4646 2991 4703 diebus
3012 4651 3392 4720 quadraginta,

1831 4727 1971 4794 Quin
1999 4729 2135 4783 adeo
2179 4745 2245 4783 ne
2281 4731 2399 4799 ipso
2439 4733 2655 4798 quidem
2708 4740 3129 4794 resurrectionis
3175 4740 3391 4797 Domini

1828 4821 1916 4876 die
1941 4835 2167 4875 matrem
2202 4823 2472 4891 propriam
2500 4823 2548 4876 ei
2572 4827 2805 4879 osculari
2839 4828 3039 4883 licebit.

1903 4914 1987 4968 12.
2025 4913 2128 4980 Qui
2171 4925 2414 4969 sanctam
2458 4918 2711 4971 monachi
2743 4931 2944 4972 vestem
2996 4921 3275 4991 abiecerit,
3319 4927 3390 4980 sit

1824 5015 1975 5059 extra
2006 5007 2446 5059 communionem
2487 5009 2645 5060 annis
2669 5008 2860 5062 tribus.

1670 5137 1899 5194 NOTAE.

228 5247 302 5323 (9)_
337 5248 596 5315 Quaenam
621 5251 738 5323 haec
758 5260 905 5323 esset
925 5252 996 5307 ob
1027 5252 1260 5308 leviores
1284 5255 1471 5323 culpas
1491 5266 1710 5323 excomf

1821 5245 1910 5320 ille
1939 5243 2108 5320 frater
2140 5259 2318 5320 nona;
2351 5244 2395 5297 si
2431 5243 2625 5299 fratres
2660 5262 2825 5320 nona.
2860 5249 2951 5303 ille
2981 5266 3222 5320 vespera.
3252 5273 3270 5304 ι
3312 5254 3382 5307 Ita

156 5315 474 5377 munientio,
507 5321 800 5402 intelligere
824 5322 946 5376 licet
967 5338 1031 5376 ex
1063 5323 1275 5392 θηλῇ
1308 5315 1524 5391 Regula:
1545 5321 1717 5402 sancti
1822 5315 2090 5394 intelliges
2142 5316 2340 5394 multas
2387 5318 2977 5373 excommunicationes
3035 5315 3089 5373 in
3157 5322 3386 5377 Studitae

157 5387 484 5444 Benedictio
513 5390 567 5444 Si
596 5387 720 5460 quis
752 5391 913 5444 frater
947 5392 999 5445 in
1032 5387 1327 5447 levioribus
1366 5387 1538 5459 culpis
1571 5392 1718 5443 inve-

158 5460 320 5523 nitur,
345 5477 544 5515 mensze
575 5461 986 5530 participatione
1009 5464 1270 5532 privetur.
1311 5463 1514 5517 Privati
1536 5473 1714 5514 autem

1819 5385 2082 5453 epitimiis
2108 5385 2362 5450 scriptas.

1893 5453 2002 5523 (10)
2031 5453 2268 5522 Respicit
2285 5468 2489 5508 morem
2507 5453 2817 5510 Graecorum
2836 5458 3116 5511 osculandi
3150 5460 3380 5515 invicem

161 5522 358 5584 mensa,
403 5522 679 5584 consohio
738 5522 838 5585 ίέιει
888 5522 1205 5596 εειίιἠηξο’
1266 5544 1324 5588 υι
1374 5535 1426 5586 in
1474 5532 1715 5584 οηιοι-ίο
1905 5522 2177 5596 paschalis
2208 5523 2311 5596 diei
2342 5523 2632 5584 lietita,de
2658 5541 2940 5591 quomore
2967 5527 3378 5585 Allati‘ustract.

158 5602 420 5672 psalmum
480 5612 572 5655 aut
615 5601 962 5668 antiplionam
994 5617 1100 5672 non
1154 5603 1416 5672 imponat,
1455 5611 1572 5672 ctc.
1604 5599 1710 5654 Re-

159 5670 439 5724 fectionem
469 5672 597 5731 cihi,
617 5681 740 5738 post
759 5672 985 5723 fratrum
1017 5670 1363 5727 refectionem
1389 5671 1537 5726 solus
1563 5671 1705 5725 acci-

159 5745 284 5806 piat.
305 5738 376 5796 Ut
402 5742 468 5804 si,
491 5740 635 5796 verbi
667 5739 1071 5810 gratia,fratres
1097 5742 1348 5800 reficiunt
1383 5751 1534 5798 sexta
1557 5741 1708 5807 hora,

1814 5591 2213 5717 yfsgonnnicis
2233 5591 2542 5649 Gracorum
2571 5607 2692 5662 post
2715 5613 2850 5662 opus
2879 5597 2952 5651 De
2976 5613 3241 5653 consensu
3270 5602 3376 5656 col.

1972 5677 2088 5717 sea.

1972 5677 2088 5733 seq.
