3976 6314
591 355 718 417 1751

588 560 818 621 naverit,
857 557 987 612 feria
1036 574 1232 628 magna
1283 560 1496 628 quinta,
1545 559 1913 615 distinctionis
1957 575 2142 623 causa,

586 652 857 721 jejunium
911 651 1154 717 solverit,
1208 651 1254 706 is
1298 661 1464 706 totam
1524 651 1846 707 dehonestat
1904 659 2152 707 sanctam

585 742 1076 812 quadragesitnam.

659 834 744 890 H.
779 833 834 886 Si
886 835 1203 903 ignoranter
1231 835 1615 889 antimensium
1642 835 1808 890 lotum
1839 835 2024 900 fuerit,
2043 853 2150 892 non

585 927 888 995 polluitur;
925 927 1053 995 quia
1084 928 1136 980 in
1178 927 1299 996 ipso
1329 929 1692 983 sanctificatio
1729 940 1945 996 manet;
1977 946 2152 1000 neque

585 1034 672 1072 res
695 1033 874 1080 sacra,
906 1017 962 1071 fit
991 1016 1237 1086 profana.

653 1108 742 1164 15.
781 1108 836 1162 Si
863 1111 987 1178 quis
1042 1109 1305 1162 sacerdos
1357 1118 1479 1178 post
1516 1113 1738 1165 missam
1779 1114 2063 1173 vomuerit.
2103 1112 2148 1167 si

583 1203 684 1254 hoc
727 1201 797 1253 ob
822 1201 1099 1268 crapulam
1125 1201 1173 1255 ei
1202 1203 1448 1271 contigit,
1493 1204 1686 1257 diebus
1717 1203 1945 1273 integris
1988 1220 2146 1259 sexa-

581 1293 726 1359 ginta
760 1291 831 1345 sit
883 1301 1036 1344 extra
1066 1295 1531 1354 communionem.
1582 1293 1862 1362 jejunans.
1913 1303 1967 1348 et
2002 1295 2148 1349 mille

580 1381 825 1450 quotidie
872 1392 1172 1436 metanmas
1212 1383 1441 1438 faciens:
1492 1385 1576 1438 sin
1619 1395 1807 1440 contra
1855 1402 1919 1440 ex
1961 1387 2144 1456 aliqua

580 1472 892 1526 valetudine
939 1472 988 1525 id
1048 1487 1243 1541 passus
1289 1473 1380 1535 sit,
1439 1473 1634 1527 diebus
1699 1487 1903 1542 septem
1970 1491 2145 1545 poenae

578 1560 805 1620 suberit,
847 1559 1118 1630 facietque
1143 1571 1442 1616 metanteas
1464 1562 1653 1632 viginti
1683 1566 1946 1633 quinque.

652 1654 738 1706 16.
769 1651 824 1705 Si
848 1653 973 1722 quis
1005 1655 1199 1707 canoni
1235 1655 1488 1717 defuerit,
1535 1656 1704 1710 aridis
1753 1666 2005 1711 vescatur
2036 1673 2145 1711 uno

578 1742 686 1805 die,
716 1751 770 1794 et
798 1742 961 1796 faciat
1000 1754 1303 1798 metanteas
1337 1755 1578 1798 centum.

1767 356 1826 412 S.
1869 354 2256 414 THEODORI
2284 354 2627 412 STUDITE

662 467 749 521 15.
779 463 882 532 Qui
916 474 1205 534 postquam
1240 465 1292 520 in
1320 475 1507 520 sancta
1561 467 1974 538 quadragesima
2005 467 2149 535 jeju-
2179 474 2228 531 Α

3707 357 3842 417 1752

2327 472 2414 531 ιγ’.
2454 465 2512 517 '0
2539 469 2604 534 τῇ
2647 465 2776 535 ἁγία
2799 467 3218 537 Τεσσαρακοστῇ
3263 467 3570 534 νηστεύων,
3624 470 3727 520 καὶ

2263 557 2473 626 μεγάλῃ
2506 557 2733 627 πέμπτῃ
2784 557 2925 610 λύων
2983 558 3124 627 λόγῳ
3178 557 3535 628 διακρίσεως,
3579 559 3843 628 ἀτιμαζει

2250 650 2380 721 ὅλην
2409 650 2506 720 τὴν
2544 650 2705 718 ἁγίαν
2730 651 3202 722 Τεσσαρακοστὴν.

2327 827 2406 880 ιδ’.
2450 827 2575 880 Ἐὰν
2604 826 2744 880 κατά
2771 829 2995 895 ἄγνοιαν
3023 829 3195 899 πλυθῇ
3227 829 3603 898 ἀντιμίνσιον,
3647 832 3710 883 οὐ
3747 849 3842 899 μο-

2249 919 2466 972 λύνεται
2489 934 2502 948 ⁸
2531 920 2560 971 ὁ
2580 919 2688 990 γὰρ
2719 920 2988 990 ἁγιασμὸς
3013 923 3068 974 ἐν
3096 922 3245 991 αὐτῷ
3271 923 3419 976 ἐστι’
3441 923 3509 976 τὸ
3535 923 3653 992 γὰρ
3679 926 3840 992 ἱερὸν,

2252 1011 2448 1079 μιαρὸν
2474 1011 2534 1063 οὐ
2575 1011 2806 1077 γίνεται.

2324 1109 2406 1155 ιε’.
2453 1102 2511 1155 '0
2538 1103 2647 1156 ἀπὸ
2669 1103 3010 1171 λειτουργίας
3039 1106 3213 1176 ἱερεὺς
3247 1106 3478 1174 ἐμέσας,
3516 1109 3566 1160 εἰ
3601 1107 3709 1176 μὶν
3735 1109 3840 1161 ἀπὶ.

2257 1201 2695 1268 γαστριμαργίας
2727 1215 2886 1253 τουτο
2916 1197 3195 1258 πέπονθεν,
3223 1199 3442 1268 ἡμέρας
3484 1198 3530 1264 ξ’
3546 1199 3836 1267 πληρώσει

2253 1287 2428 1358 μένων
2445 1290 2828 1358 ἀκοινώνητος,
2849 1289 3123 1361 νηστεύων
3142 1292 3234 1344 καὶ
3257 1291 3488 1361 πληρῶν
3550 1292 3684 1345 καθ’
3709 1294 3837 1345 ἑκά-

2249 1394 2381 1448 στην
2410 1379 2623 1449 ἡμέραν
2647 1381 2933 1450 μετανοίας
2963 1382 3160 1451 χιλίαςο
3182 1383 3231 1434 εί
3255 1382 3311 1435 δὲ
3337 1384 3448 1435 ἀπὸ
3465 1383 3685 1454 βλάσης
3717 1386 3836 1450 έγέ-

2246 1484 2386 1532 νετο,
2406 1469 2621 1539 ἡμέρας
2671 1470 2713 1534 ζ’
2739 1472 2850 1538 ἕξει
2879 1471 2938 1525 τὸ
2963 1472 3256 1541 ἐπιτίμιον,
3289 1473 3463 1526 ποιῶν
3511 1477 3615 1528 καὶ
3670 1493 3835 1545 μετα·

2246 1561 2394 1621 νοίας
2428 1568 2530 1615 κε’.

2319 1660 2411 1719 ις’.
2441 1655 2507 1707 Ei
2526 1671 2610 1717 τις
2631 1655 2941 1725 καταλείψει
2964 1657 3054 1709 τέιν
3078 1657 3275 1712 κανόνα
3287 1658 3335 1723 (1
3347 1659 3460 1728 0'),
3487 1660 3835 1731 ξηροφαγίαν

2248 1745 2464 1815 ἡμέραν
2500 1747 2627 1814 μίαν
2651 1747 2891 1809 ποιείτω,
2926 1749 3023 1801 καὶ
3051 1751 3336 1818 μετανοίας
3368 1759 3431 1821 ρ’.

651 1836 736 1888 17.
773 1834 829 1887 Si
857 1834 980 1902 quis
1011 1835 1261 1905 lychnico
1292 1851 1401 1890 non
1434 1836 1744 1891 interfuerit
1783 1848 1877 1891 aut
1900 1838 2140 1908 comple-

2313 1835 2398 1899 ιζ’.
2451 1836 2516 1888 Εἴ
2555 1852 2639 1899 τις
2686 1837 2970 1908 ἀπολείψει
3013 1839 3106 1893 τοῦ
3142 1841 3419 1910 λυχνικοῦ.
3458 1845 3492 1914 ἢ
3541 1845 3658 1898 τῶν
3702 1847 3836 1898 ἀπο-

581 1925 739 1990 ιοι·ἰο,
771 1926 954 1980 vinum
988 1942 1095 1981 una
1120 1926 1208 1982 die
1239 1941 1348 1982 non
1372 1928 1542 1991 bibat,
1565 1939 1618 1984 et
1658 1929 1818 1984 faciat
1851 1940 2145 1985 metanueas

577 2018 994 2088 quinquaginta.

647 2110 733 2164 18.
771 2110 827 2164 Si
861 2111 989 2180 quis
1017 2111 1177 2178 hora,
1220 2127 1329 2182 qua
1364 2111 1579 2182 eulogia
1610 2111 1791 2176 datur,
1814 2114 2148 2184 negligenter

577 2203 830 2268 abfuerit,
846 2203 1056 2273 jejuuet
1079 2220 1254 2274 usque
1287 2204 1355 2259 ad
1386 2220 1689 2276 vesperam,
1713 2220 1837 2260 cum
1862 2207 2146 2262 metanteis

577 2295 992 2364 quinquaginta.

655 2385 737 2438 l9.
786 2383 844 2438 Si
886 2386 1009 2454 quis
1036 2385 1369 2440 monasterio
1402 2385 1736 2456 egrediatur,
1773 2387 1976 2456 absque
2008 2402 2147 2457 prae-

581 2477 740 2542 pOsili
787 2477 1064 2540 facultate,
1117 2489 1338 2533 maneat
1389 2490 1540 2532 extra
1566 2479 2003 2534 communionem
2038 2493 2146 2533 una

581 2566 937 2629 hcbdomada,
975 2581 1097 2619 cum
1132 2568 1420 2622 metanmis
1454 2568 1836 2637 quadraginta.

645 2655 736 2710 20.
772 2656 826 2710 Si
856 2658 982 2726 quis
1010 2659 1212 2728 aliquid
1258 2659 1566 2728 possederit
1608 2660 1784 2714 inscio
1831 2660 2146 2730 praeposito,

577 2747 650 2802 sit
703 2757 856 2801 extra
893 2750 1340 2804 communionem
1374 2751 1566 2804 diebus
1611 2753 1942 2821 quindecim,
1978 2754 2148 2808 aridis

611 2855 804 2894 escens
825 2840 958 2894 hora
980 2856 1149 2905 nona,
1177 2857 1302 2896 cum
1331 2846 1620 2900 metanaeis
1644 2847 2061 2916 quinquaginta.

645 2931 737 2986 2|.
782 2929 838 2984 Si
899 2932 1024 3000 quis
1049 2947 1172 2986 cum
1205 2934 1391 3002 aliquo
1418 2937 1833 3005 conspiraverit,
1882 2948 1974 2991 aut
2010 2939 2148 2993 clam

577 3022 643 3076 de
681 3024 1016 3077 monasterio
1058 3025 1368 3090 recesserit,
1397 3027 1469 3082 sit
1498 3039 1648 3082 extra
1709 3031 2146 3084 communionem

579 3117 772 3171 diebus
807 3118 1055 3187 triginta,
1088 3119 1324 3191 ciboque
1353 3121 1506 3176 arido
1529 3132 1707 3189 utens,
1739 3135 2035 3180 metanteas
2065 3127 2147 3180 fa-

576 3211 685 3265 ciat
707 3219 946 3267 centum.

650 3302 742 3356 22.
773 3304 829 3358 Si
857 3306 982 3375 quis
1009 3306 1321 3377 impositam
1364 3321 1395 3362 a
1442 3310 1732 3378 praposito
1776 3323 1992 3378 pugnam
2037 3325 2146 3364 non

579 3396 973 3461 observaverit,
994 3410 1277 3467 separetur
1303 3401 1640 3455 hebdomada
1659 3416 1767 3454 una
1801 3416 1829 3453 a
1862 3399 2145 3468 fratribus,

577 3502 703 3541 cum
742 3487 867 3542 cibo
921 3490 1110 3554 arido,
1152 3500 1207 3544 et
1267 3490 1602 3561 quotidianis
1669 3494 1957 3547 metauaeis
2023 3509 2150 3547 cen-

578 3585 712 3630 tum.

645 3669 738 3722 23.
776 3668 832 3722 Si
868 3669 994 3738 quis
1050 3668 1234 3725 fratris
1283 3671 1510 3727 alterius
1538 3683 1767 3739 vestem,
1811 3685 1906 3728 aut
1935 3674 2148 3743 quidvis

583 3761 728 3813 aliud
761 3770 960 3830 praeter
997 3762 1142 3816 illius
1169 3763 1504 3817 voluntatem
1527 3765 1735 3831 tulerit,
1778 3767 1961 3821 triduo
1981 3767 2147 3821 aridis

581 3864 831 3907 vescatur
863 3870 986 3908 cum
1013 3865 1230 3908 centum
1263 3857 1568 3910 metanmis.

647 3944 740 3997 21.
797 3945 854 3998 Si
893 3948 1018 4014 quis
1049 3947 1492 4014 deprehendatur
1541 3956 1704 4003 noctu
1754 3949 1893 4002 clam
1940 3950 2146 4004 versari

576 4051 701 4091 cum
731 4037 934 4106 aliquo,
993 4046 1088 4092 aut
1118 4039 1316 4093 cubilis
1344 4039 1522 4093 locum
1586 4048 1820 4105 mutare,
1868 4050 1962 4095 aut
2013 4041 2146 4096 foris

582 4139 824 4190 manere,
857 4125 979 4179 sine
1009 4126 1286 4195 praepositi
1318 4135 1477 4192 nutu,
1509 4137 1790 4196 separetur
1814 4143 1917 4182 una
1944 4130 2148 4184 hebdo-

582 4216 762 4278 mada,
800 4216 973 4272 aridis
998 4225 1182 4280 utens,
1222 4233 1344 4273 cum
1374 4219 1717 4288 septuaginta
1748 4221 2056 4274 metanaais.

650 4305 741 4358 25.
771 4303 1069 4374 Praeposito
1117 4323 1226 4362 non
1256 4317 1552 4371 annuente,
1583 4311 1627 4362 si
1651 4309 1774 4378 quis
1811 4307 1980 4364 frater
2011 4325 2148 4379 opus

578 4411 740 4448 suum
766 4396 1018 4450 manuale
1035 4399 1348 4462 mutaverit,
1365 4399 1555 4453 diebus
1576 4401 1936 4470 quadraginta
1962 4416 2148 4455 vesca-

582 4499 669 4540 tur
689 4486 883 4550 aridis,
915 4502 1038 4540 cum
1081 4489 1369 4543 metanceis
1391 4489 1686 4557 Octoginta.

2245 1925 2498 1988 beimwv,
2545 1928 2755 2000 ἡμέραν
2806 1933 2936 2000 μίαν
2983 1926 3123 1987 οἶνον
3167 1934 3241 2006 μὴ
3296 1937 3496 2000 πιέτω,
3532 1942 3832 2006 μετανοίας

2247 2018 2422 2071 ποιῶν
2453 2026 2514 2072 ν’.

2320 2108 2408 2180 ιη’.
2441 2112 2628 2176 Ὅστις
2651 2113 2708 2165 ὲν
2732 2116 2797 2185 τῇ
2819 2114 2938 2186 ὥρᾳ
2964 2115 3061 2185 τῆς
3083 2116 3280 2180 δόσεως
3308 2117 3412 2185 τῆς
3437 2119 3701 2185 εὐλογίας
3725 2120 3834 2172 λεξο

2245 2198 2336 2267 ψει
2387 2201 2530 2254 κατὰ
2571 2203 2850 2271 ἀμέλειαν,
2883 2207 3186 2274 νηστευέτω
3227 2207 3330 2270 ἕως
3371 2209 3498 2278 ὀψὲ,
3536 2211 3633 2263 καὶ
3667 2227 3833 2279 μετα·

2245 2290 2390 2352 νοίας
2417 2293 2636 2346 ποιείτω
2659 2291 2720 2348 ν’.

2319 2381 2404 2435 ιθ’.
2429 2384 2503 2446 ,Εί
2528 2401 2610 2447 τις
2633 2384 2834 2448 ἐξέλθοι
2860 2384 2953 2438 τοῦ
2993 2388 3353 2458 μοναστηρίου
3396 2390 3572 2459 χωρὶς
3604 2389 3708 2455 τῆς
3735 2390 3827 2443 τοῦ

2245 2474 2550 2544 ἡγουμένου
2574 2477 2946 2546 παραθέσεως,
2974 2481 3178 2549 μενέτω
3201 2481 3572 2553 ἀκοινώνητος
3595 2483 3827 2553 ἑϐδομά-

2246 2565 2312 2617 δα
2341 2566 2488 2633 μίαν,
2521 2569 2806 2634 μετανοίας
2833 2570 3004 2622 ποιῶν
3030 2569 3102 2639 μ’.

2318 2659 2386 2707 κ’.
2422 2655 2487 2708 Εί
2512 2673 2595 2718 τις
2621 2660 2876 2726 κτήσεται
2906 2661 3135 2730 πρᾶγμα
3163 2659 3331 2730 χωρὶς
3358 2661 3453 2714 τοῦ
3489 2665 3825 2733 ἡγουμένου,

2251 2748 2462 2816 μενέτω
2492 2749 2853 2819 ἀκοινώνητος
2894 2753 3106 2824 ἡμέρας
3135 2759 3215 2820 ιε’,
3243 2754 3580 2824 ξηροφαγιῖη
3604 2758 3725 2828 ὥρᾳ
3760 2759 3824 2823 θ’,

2249 2840 2340 2892 καὶ
2370 2840 2656 2908 μετανοίας
2682 2843 2846 2895 ποιῶν
2870 2844 2933 2898 ν’.

2317 2936 2421 2982 κα⁹.
2454 2927 2521 2982 Et
2548 2947 2632 2993 τις
2665 2934 2945 2987 συνδυάσει
3001 2936 3140 3005 μετά
3177 2953 3340 3001 τινος,
3398 2939 3430 3008 ἡ
3475 2941 3822 3011 ἀναχωρήσει

2248 3021 2339 3074 τοῦ
2370 3040 2608 3094 μοναστη
2621 3026 2733 3094 ρίου
2758 3027 2959 3096 κρύφα,
2991 3029 3198 3095 μενέτω
3219 3030 3589 3102 ἀκοινώνητος
3613 3035 3823 3104 ἡμέρας

2248 3111 2312 3177 λ’,
2340 3111 2682 3183 ξηροφαγῶν,
2711 3121 2802 3168 καὶ
2833 3117 3120 3184 μετανοίας
3147 3118 3316 3170 ποιῶν
3341 3125 3408 3190 ρ’.

2319 3294 2420 3363 κβ’.
2472 3295 2541 3348 Εἴ
2573 3314 2654 3360 τις
2686 3297 2864 3351 λαεὼν
2900 3300 3171 3369 ἐπιτίμιον
3201 3303 3353 3372 παρά
3386 3304 3482 3357 τοῦ
3513 3308 3819 3375 ἡγουμένου

2251 3383 2325 3454 μὴ
2360 3385 2606 3453 φυλάξει,
2637 3389 2977 3458 ἀφοριζέσθω
3003 3392 3270 3461 ἑϐδομάδα
3306 3395 3438 3462 μίαν
3462 3397 3564 3462 τῆς
3594 3398 3818 3465 ἀδελφά.

2247 3493 2428 3546 τητος,
2469 3477 2812 3550 Εηροφαγῶν,
2844 3483 2937 3535 καὶ
2969 3485 3255 3552 μετανοίας
3290 3485 3462 3539 ποιῶν
3493 3489 3820 3560 ηθημὲραν

2251 3567 2464 3622 ἑκατόν.

2320 3667 2425 3726 κγ’.
2464 3659 2531 3712 Εἴ
2554 3678 2637 3722 τις
2663 3661 2889 3729 ἀδελφοῦ
2917 3663 3147 3731 ἱμάτιον.
3175 3663 3206 3733 ἢ
3242 3663 3372 3717 ἄλλο
3399 3683 3452 3720 τι
3489 3670 3644 3739 παρὰ
3681 3672 3818 3740 γνώ-

2251 3766 2360 3818 μην
2386 3750 2550 3802 αὑτοῦ
2580 3753 2820 3820 φορέσει,
2857 3755 3066 3825 ἡμέρας
3098 3759 3244 3828 τρεῖς
3277 3756 3684 3830 ξηροφαγείτω,
3715 3783 3810 3836 με-

2248 3841 2465 3902 τανοίας
2502 3841 2672 3894 ποιῶν
2703 3845 2919 3898 ἑκατόν.

2318 3930 2416 3983 κδ’.
2458 3931 2524 3984 Εἴ
2555 3948 2636 3994 τις
2678 3933 2870 4003 εὑρεθῇ
2903 3937 2969 4005 τῇ
2998 3939 3150 3990 νυκτὶ
3189 3939 3407 4004 ίδιάζων
3451 3944 3642 4012 κρύφα
3676 3946 3813 4015 μετά

2246 4035 2408 4083 τινος,
2440 4021 2472 4091 ἢ
2503 4021 2784 4081 ἀλλάσσων
2818 4025 2905 4077 τὸν
2930 4027 3094 4080 τόπον
3119 4029 3212 4082 τοῦ
3239 4034 3540 4101 κοιταρίου.
3572 4035 3606 4104 ἡ
3641 4038 3813 4104 μένων

2247 4109 2352 4174 ἔξω
2390 4113 2557 4181 χωρὶς
2595 4113 2695 4182 τῆς
2725 4114 2818 4168 τοῦ
2847 4117 3149 4189 ἡγουμένου
3183 4122 3425 4192 γνώμης.
3473 4127 3811 4196 ἀφοριςέσθω

2247 4203 2540 4274 ἑϐδομάδα,
2573 4205 2918 4277 ξηροφαγῶν,
2951 4213 3238 4280 μετανόίας
3267 4215 3438 4268 ποιῶν
3464 4223 3529 4270 o’.

2317 4303 2415 4350 κε’.
2444 4298 2549 4351 Τοῦ
2579 4300 2882 4369 ἡγουμένου
2920 4301 2993 4373 μὴ
3020 4305 3428 4373 ἐπιτρέψαντος,
3454 4308 3553 4362 ἐὰν
3587 4310 3809 4379 ἀδελφὸς

2247 4389 2450 4460 ἀλλάξῃ
2480 4391 2540 4442 τὸ
2567 4391 2898 4463 ὲργόχειρον,
2923 4395 3134 4464 ἡμέρας
3177 4395 3230 4464 μ’
3263 4395 3666 4468 ξηροφαγείτω,
3714 4419 3804 4472 με·

2246 4482 2461 4544 τανοίας
2492 4482 2660 4533 ποιῶν
2697 4488 2771 4536 π’.

651 4577 744 4632 26.
796 4578 851 4633 Si
886 4579 1012 4648 quis
1047 4595 1160 4632 rem
1198 4596 1352 4634 suam
1400 4580 1637 4649 aliquam
1689 4595 1812 4634 cum
1843 4581 1952 4634 alio
1982 4580 2146 4636 fratre

2319 4576 2430 4633 κς’.
2467 4570 2534 4620 Εἴ
2564 4587 2646 4632 τις
2679 4571 2910 4640 πρᾶγμα
2953 4571 3147 4625 ἑαυτοῦ
3195 4572 3414 4640 ἀλλάξει
3469 4581 3609 4646 μετά
3647 4597 3803 4646 τινος,

583 4671 1030 4735 commutaverit,
1063 4671 1380 4726 inconsulto
1409 4671 1724 4741 pra'posito,
1751 4671 1836 4725 vel
1887 4673 2001 4741 ipse
2055 4687 2151 4741 per

579 4781 638 4818 se
668 4762 1042 4833 acquisiverit,
1096 4774 1191 4816 aut
1229 4765 1296 4816 ab
1327 4764 1514 4831 aliquo
1538 4764 1826 4832 acceperit,
1865 4775 2150 4832 separetur

580 4858 776 4911 diebus
807 4857 1118 4920 duodecim,
1147 4867 1202 4910 et
1233 4865 1537 4910 mctanoaas
1569 4857 1841 4923 octoginta
1877 4855 2059 4910 faciat.

648 4948 738 5002 27.
774 4946 830 5001 Si
889 4948 1016 5016 quis
1061 4958 1216 5005 extra
1265 4961 1511 5002 mensam
1559 4946 1891 5008 comederit,
1943 4946 2150 5013 absque

581 5037 858 5108 praepositi
894 5038 1293 5101 benediCtione,
1327 5037 1409 5090 vel
1428 5047 1582 5091 extra
1616 5036 2008 5101 inlirtnitatem,
2039 5036 2148 5089 ari-

580 5134 665 5188 dis
691 5133 873 5187 triduo
900 5140 1177 5196 vescatur,
1202 5147 1325 5184 cqu
1356 5131 1644 5184 metanosis
1660 5130 1928 5184 ducentis.

648 5305 740 5360 28.
766 5303 821 5358 Si
846 5304 968 5374 quis
986 5313 1108 5371 post
1123 5303 1531 5372 completorium
1550 5303 1830 5356 comedere
1846 5299 2146 5370 deprehen-

580 5396 759 5460 datur,
791 5395 960 5449 aridis
999 5395 1274 5448 nutriatur
1319 5409 1425 5446 una
1481 5392 1842 5446 ltebdomada.
1873 5391 1928 5446 Si
1963 5401 2141 5446 autem

584 5487 768 5541 ridens
807 5487 1199 5555 comperiatur,
1238 5492 1538 5538 metanmas
1572 5483 1736 5537 faciat
1768 5481 2049 5537 ducentas.

2245 4661 2416 4730 χωρὶς
2459 4661 2552 4714 τοῦ
2604 4664 2928 4732 ἡγουμένου,
2981 4664 3013 4733 ἡ
3067 4665 3158 4733 ἀφ’
3206 4667 3402 4720 ἑαυτοῦ
3448 4672 3730 4739 κτήσεται.
3773 4675 3801 4742 ἡ

2245 4752 2385 4824 λάϐῃ
2415 4754 2566 4823 παρὰ
2596 4770 2759 4820 τινος,
2793 4754 3132 4825 ἀφοριζέσθω
3161 4757 3379 4828 ἡμέρας
3407 4759 3495 4830 ιβ’,
3526 4765 3804 4832 μετανοίας

2245 4845 2413 4896 ποιῶν
2436 4851 2508 4898 π’.

2317 4937 2419 5000 κζ’.
2470 4937 2538 4990 Et
2584 4955 2666 5003 τις
2722 4939 2825 5004 ἔξω
2875 4939 2976 5009 τῆς
3007 4941 3284 5012 τραπέζης
3330 4943 3528 5009 ἐσθίει,
3574 4946 3671 5012 τῆς
3721 4946 3801 4999 τοῦ

2253 5030 2558 5098 ἡγουμένου
2599 5034 2765 5100 χωρὶς
2810 5031 3139 5104 εὐλογίας,ἡ
3187 5035 3503 5104 ἀρρωστίας
3548 5037 3691 5107 δίχα,
3727 5038 3806 5108 ξη-

2253 5121 2558 5190 ροφαγείτω
2613 5123 2831 5195 ἡμέρας
2869 5128 3036 5194 τρεῖς,
3083 5125 3252 5178 ποιῶν
3301 5128 3599 5197 μετανοίας
3644 5131 3805 5183 διακοο

2251 5211 2391 5274 σίας.

2319 5302 2427 5374 κη’.
2467 5305 2536 5359 Εῐ
2581 5322 2666 5369 τις
2722 5306 2859 5375 μετά
2902 5305 2970 5360 τὰ
3011 5307 3312 5362 ἀπόδειπνα
3355 5309 3560 5384 εὑρεθῇ
3608 5313 3805 5375 ἰσθίων,

2253 5390 2633 5463 ξηροφαγείτω
2655 5394 2920 5466 ἑϐδομάδα
2944 5412 2957 5428 ·
2985 5398 3036 5449 εἰ
3057 5396 3114 5450 δὲ
3139 5396 3340 5470 εὑρεθῇ
3373 5400 3575 5469 γελῶν,
3607 5405 3808 5456 ποιείτω

2253 5485 2536 5556 μετανοίας
2567 5486 2632 5541 δ’.

2034 5664 2266 5724 ΝΟΤιΕ.

651 5761 785 5829 (10⁵)
814 5760 996 5815 Canou
1025 5770 1107 5814 est
1157 5776 1282 5829 pars
1330 5759 1484 5816 cilicii
1526 5758 1858 5815 Graecorum.
