3976 6314
143 387 308 454 1753

1078 394 1609 455 MONACHORUM
1669 393 1906 453 PCENE
1968 393 2458 463 QUOTIDIAN/‘E

3235 387 3376 450 1⁸754

215 502 342 556 κθ’.
371 502 439 555 Εἴ
471 516 556 563 τις
588 501 646 553 ιν
683 499 928 572 τραπέζῃ
960 502 1329 570 συντυγχάνει,
1362 501 1396 572 ἡ
1428 500 1718 569 γελοιάζει,

1888 500 1980 556 29.
2026 501 2084 556 Si
2118 501 2242 570 quis
2283 501 2336 556 in
2367 513 2555 555 mensa
2583 499 2798 556 locutus
2837 497 2999 554 fuerit
3051 506 3144 552 aut
3167 497 3374 557 riserit,

125 587 463 659 ἑγειρέσθω
484 588 665 650 εὐθὺς,
694 589 862 642 ποιῶν
886 591 1170 659 μετανοίας
1201 596 1267 662 ρ’.

215 679 291 734 λ’.
334 680 396 732 Et
419 696 501 742 τις
541 678 770 749 λυπήσει
808 680 898 732 τὸν
934 679 1158 746 ἀδελφὸν
1197 679 1382 743 αὑτοῦ,
1415 679 1509 732 καὶ
1551 696 1720 732 κατα-

126 775 441 840 φρονήσας
495 770 568 840 μὴ
605 771 884 838 διαλλαγῇ,
930 771 1046 824 ἀλλ’
1091 771 1182 824 ἐπὶ
1234 769 1312 840 τῷ
1358 768 1720 841 παροργισμῷ

130 863 349 933 μείνῃ.
395 861 736 932 ἀφοριζέσθω
771 862 1068 932 ἑϐδομάδας
1110 861 1225 930 δύο,
1273 861 1592 932 ξηροφαγῶν
1626 861 1721 914 καὶ

127 953 336 1005 ποιῶν
374 953 661 1022 μετανοίας
693 959 756 1006 ν’.

211 1040 334 1094 λα’.
375 1044 440 1096 Εἰ
464 1060 545 1104 τις
576 1046 634 1093 ἐν
661 1041 841 1113 ἡμέρῃ
865 1059 960 1112 της
985 1041 1324 1111 λειτουργίας
1353 1043 1413 1096 οὐ
1441 1043 1734 1123 μεταλαμτ

127 1135 336 1197 δάνει,
360 1136 567 1188 εἰπάτω
588 1134 648 1187 τὸ
678 1136 848 1186 αἰτιον
867 1150 882 1165 ο
929 1135 976 1186 εἰ
1019 1134 1076 1188 δὲ
1113 1136 1188 1207 μὴ
1223 1136 1389 1202 εῐποι,
1415 1136 1720 1207 νηστευέτω

125 1226 255 1288 ἕως
282 1227 405 1296 ὀψὲ.
431 1225 599 1279 ποιῶν
634 1223 919 1294 μετανοίας
944 1224 1008 1280 ν’.

216 1319 334 1390 λβ’.
367 1320 555 1382 Ὅστις
587 1319 668 1370 ἐνὶ
691 1317 799 1370 τῶν
832 1317 1076 1387 ἀδελφῶν
1103 1317 1434 1386 προσπαθῶς
1479 1321 1598 1389 μετ’
1622 1319 1720 1371 αὖ·

124 1412 242 1465 τοῦ
297 1409 593 1482 ψιθυρίζει,
639 1409 1082 1480 ἀφοριζέσθωσαν
1124 1410 1174 1462 οἱ
1211 1408 1325 1474 δύο,
1355 1411 1459 1472 ἕως
1485 1410 1551 1464 ἂν
1580 1411 1716 1464 ἀπο·

130 1504 360 1557 στῶσιν
388 1501 651 1573 ἀλλήλων,
684 1499 961 1563 ποιοῦντες
997 1499 1102 1554 ἀνά
1143 1501 1427 1571 μετανοίας
1465 1508 1528 1573 ρ’.

216 1681 332 1752 λγ’.
359 1682 548 1745 Ὅστις
572 1679 852 1748 ἀπολείψει
876 1681 954 1742 εἰς
975 1676 1070 1749 τὴν
1093 1675 1266 1748 ἀρχὴν
1289 1677 1521 1747 ἑκάστης
1541 1677 1717 1750 ψαλμ-

128 1775 344 1844 ῳδίας,
396 1775 560 1844 χωρὶς
614 1772 890 1835 διακονίας
941 1770 975 1841 ἢ
1024 1768 1348 1840 προφάσεως
1391 1771 1715 1839 ἀναγκαίας.

131 1849 384 1921 ποιείτω
412 1866 700 1935 μετανοίας
726 1871 794 1936 ρ’.

217 1961 321 2014 λδν.
355 1961 541 2023 Ὅστις
569 1962 634 2012 ὲκ
665 1958 935 2031 ῥᾳθυμίας
955 1959 1127 2030 λείψοι
1154 1957 1248 2014 τοῦ
1276 1957 1515 2021 κανόνος,
1551 1956 1585 2027 ἢ
1610 1954 1717 2007 ἀπὸ

129 2052 431 2125 ).υχνικοῦ,
471 2051 505 2123 ἢ
535 2050 702 2120 ἄλλης
729 2049 1067 2122 ψαλμῳδίας,
1098 2049 1473 2123 ξηροφαγείτω
1503 2045 1716 2117 ἡμέραν

137 2151 312 2222 μίαν,
340 2146 510 2200 ποιῶν
539 2145 823 2216 μετανοίας
851 2150 918 2216 ρ’.

218 2241 322 2296 λε’.
368 2238 557 2299 Ὅστις
602 2236 745 2289 κατά
784 2235 1042 2305 ἀμέλειαν
1078 2235 1138 2288 οὐ
1180 2233 1392 2289 καθίσει
1436 2229 1574 2300 μετά
1608 2228 1718 2281 τῶν

135 2329 403 2402 ἀδελφῶν
454 2330 534 2392 εἰς
577 2328 677 2399 τὴν
717 2326 1021 2399 τράπεζαν,
1057 2325 1363 2397 νηστευὲτω
1404 2320 1716 2386 λοιπὸν-ἓως

222 2423 272 2478 ί.

362 2510 550 2572 Ὅστις
581 2506 710 2562 ἄνευ
750 2505 998 2576 ἀνάγκης
1039 2504 1345 2576 προεγερθῇ
1381 2501 1480 2573 τῆς
1510 2499 1718 2572 τραπέ-

137 2603 276 2676 ζης,
325 2604 473 2675 τρεῖς
518 2598 729 2672 ἡμέρας
773 2594 912 2652 οἶνον
948 2599 1023 2670 μὴ
1057 2597 1315 2664 πινεσθω,
1345 2595 1513 2650 ποιῶν
1549 2609 1717 2664 μετα-

137 2699 307 2755 νοίας
335 2691 400 2762 ρ’.

220 2787 324 2850 λζ’.
346 2786 532 2846 Ὅστις
558 2781 866 2854 ἀργολογετ,
893 2780 926 2851 ἢ
948 2780 1253 2851 εὐτράπελα
1277 2779 1565 2848 φθέγγεται
1582 2775 1716 2845 (H),

140 2876 301 2934 οἶνον
347 2876 422 2948 μὴ
455 2876 658 2930 πινέτω
690 2873 787 2944 τὴν
821 2873 1035 2944 ἡμέραν
1071 2873 1307 2944 ἐκείνην,
1347 2869 1514 2922 ποιῶν
1552 2883 1718 2937 μετα-

139 2971 303 3032 νοίας
333 2967 406 3038 μ’.

221 3063 331 3131 λη’.
358 3059 424 3112 Et
451 3076 536 3123 τις
557 3057 666 3112 τῶν
695 3055 1097 3124 παιδευομένων
1124 3052 1248 3109 τινὰ
1274 3054 1361 3110 διὰ
1387 3057 1607 3129 σφάλμα
1629 3061 1720 3114 ικ.

1818 592 2000 647 statim
2035 606 2264 659 surgens
2290 589 2458 645 faciat
2491 598 2790 644 metanmas
2815 597 3055 643 centum.

1888 683 1976 737 50.
2011 680 2068 734 Si
2110 681 2236 751 quis
2304 680 2458 734 fratri
2512 696 2614 736 suo
2645 679 2945 735 molestiam
3004 678 3287 742 creaverit,
3322 687 3375 732 et

1818 771 2013 826 deinde
2041 771 2384 825 reconciliari
2410 771 2729 841 neglexerit,
2761 770 2853 825 sed
2889 770 2940 822 in
2961 770 3234 824 simultate
3258 784 3378 836 por-

1824 861 2108 924 manserit,
2149 871 2438 930 separetur
2465 862 2676 916 duabus
2705 860 3260 923 hebdomadis,aridis
3290 876 3380 912 κε-

1818 968 1996 1017 scena,
2032 968 2154 1006 cum
2189 954 2471 1007 metantnis
2501 953 2913 1022 quinquaginta.

1885 1043 1974 1098 5f.
2006 1042 2066 1096 Si
2085 1043 2208 1112 quis
2234 1043 2322 1095 die
2348 1042 2600 1112 liturgico
2624 1041 3018 1096 Eucharistiam
3046 1056 3152 1094 non
3173 1049 3374 1106 sumat,

1818 1135 1896 1188 rei
1924 1149 2148 1190 causam
2194 1135 2356 1188 dicat.
2395 1134 2451 1187 Si
2488 1149 2593 1187 non
2620 1134 2836 1198 dixerit,
2867 1133 3078 1202 jejuuet
3107 1147 3279 1202 usque
3308 1133 3375 1186 ad

1815 1243 2118 1298 vesperam,
2142 1242 2266 1281 cum
2300 1227 2582 1281 metanteis
2610 1226 3028 1294 quinquaginta.
3067 1249 3070 1252 λ

1888 1317 1980 1372 52.
2031 1315 2089 1370 Si
2142 1315 2266 1386 quis
2318 1329 2384 1370 ex
2429 1316 2687 1385 peculiari
2709 1330 2836 1385 erga
2877 1314 3100 1368 fratrem
3141 1314 3375 1382 aliquem

1817 1408 2033 1471 affectu,
2065 1423 2191 1464 cum
2219 1423 2284 1464 eo
2313 1410 2583 1469 mussitet,
2612 1417 2932 1477 separentur
2989 1408 3171 1472 ambo,
3203 1409 3379 1461 donec

1817 1499 2161 1555 sodalitatem
2195 1499 2475 1566 dirimant,
2536 1499 2846 1569 faciantque
2899 1506 3198 1553 metanteas
3248 1512 3380 1553 cen-

1815 1599 1953 1646 tum.

1882 1681 1972 1738 55.
2014 1679 2220 1751 Siquis
2243 1680 2677 1751 uniuscujusque
2721 1681 3038 1752 psalmodia:
3092 1681 3250 1736 initio
3284 1681 3380 1736 de-

1817 1774 1996 1839 fuerit,
2037 1791 2215 1847 neque
2266 1777 2597 1841 ministerio,
2633 1793 2808 1847 neque
2855 1793 3020 1832 causa
3073 1777 3379 1834 necessaria

1822 1868 2138 1936 impeditus,
2168 1878 2385 1924 centum
2427 1870 2591 1924 faciat
2617 1878 2937 1926 metanmas.

1889 1961 1982 2015 54.
2003 1961 2060 2014 Si
2083 1963 2208 2031 quis
2239 1961 2310 2015 ob
2338 1961 2611 2031 pigritiam
2673 1963 2866 2016 canoui
2900 1977 3006 2016 non
3051 1961 3377 2026 interfuerit,

1820 2060 1914 2105 aut
1941 2050 2225 2121 lychuico,
2277 2063 2372 2107 aut
2399 2052 2491 2107 alii
2540 2053 2856 2123 psalmodia:
2894 2054 3054 2122 parti,
3087 2051 3256 2108 aridis
3289 2068 3382 2106 ve-

1821 2149 2008 2196 scatur
2037 2157 2145 2196 uuo
2184 2142 2290 2206 die,
2328 2157 2452 2196 cum
2484 2143 2773 2198 metanmis
2805 2154 3044 2196 centum.

1891 2231 1979 2285 '55.
2006 2231 2063 2286 Si
2091 2232 2216 2301 quis
2249 2233 2317 2286 ob
2343 2233 2647 2288 socordiam
2671 2247 2779 2288 non
2809 2233 3010 2288 sederit
3034 2248 3158 2286 cum
3195 2231 3383 2286 fratri-

1819 2321 1922 2378 bus
1982 2323 2049 2378 ad
2104 2338 2371 2389 mensam,
2417 2323 2630 2395 jejunet
2666 2323 2864 2378 deinde
2895 2337 3068 2394 usque
3089 2322 3157 2376 ad
3185 2337 3380 2393 vespe-

1819 2431 1960 2471 ram.

1891 2504 1980 2558 56.
2007 2502 2063 2558 Si
2093 2505 2220 2574 quis
2268 2504 2387 2559 sine
2418 2505 2744 2560 necessitate
2794 2513 2920 2560 ante
2950 2503 3088 2559 alios
3116 2518 3148 2558 a
3190 2518 3380 2558 mensa

1821 2597 2142 2660 surrexerit,
2177 2595 2360 2651 triduo
2379 2595 2565 2649 vinum
2601 2610 2710 2650 non
2751 2594 2920 2660 bibat,
2957 2594 3165 2650 faciens
3215 2593 3380 2650 simul

1823 2693 2123 2740 metanwas
2161 2696 2402 2740 centum.

1888 2778 1976 2832 57.
2001 2777 2106 2844 Qui
2127 2777 2303 2832 otiosa
2321 2779 2482 2832 verba
2516 2786 2610 2832 aut
2621 2777 2809 2847 jocosa
2845 2773 3161 2837 eﬂ‘utiverit,
3195 2774 3380 2829 viuum

1822 2883 1887 2922 ne
1925 2870 2076 2924 bibat
2107 2870 2197 2924 die
2233 2869 2349 2935 illo,
2399 2869 2494 2924 sed
2544 2867 2908 2939 quadraginta
2958 2876 3256 2922 metanteas
3295 2865 3382 2921 fa-

1821 2961 1947 3016 ciat.

1891 3052 1981 3107 58.
2033 3052 2093 3108 Si
2151 3051 2275 3123 quis
2304 3054 2561 3123 aliquem,
2596 3056 2689 3125 qui
2741 3057 2811 3111 ob
2861 3055 3075 3125 culpam
3101 3062 3383 3110 correctus

141 3157 390 3223 δικήσει,
440 3150 814 3224 ξηροφαγείτω
869 3148 1142 3221 ἑϐδομάδα
1183 3150 1338 3221 μίαν,
1386 3153 1555 3206 ποιῶν
1597 3153 1715 3208 καθ’

1839 3144 2008 3209 έιιοτίι,
2038 3144 2315 3214 defendat,
2372 3146 2540 3203 aridis
2588 3159 2842 3203 vescatur
2873 3162 2979 3202 una
3019 3144 3379 3210 ltebdomada,

145 3247 374 3317 ἡμέραν
406 3245 692 3314 μετανοίας
721 3249 788 3314 ρ’.

224 3336 328 3391 λθ’.
365 3337 428 3389 Εἰ
461 3353 542 3399 τις
581 3335 894 3404 πολεμεῖται
924 3335 1004 3398 είς
1032 3335 1310 3406 πορνείαν,
1342 3334 1722 3407 ξηροφαγείτω

146 3429 372 3498 ἡμέρας
405 3431 455 3496 μ’
481 3443 496 3456 υ
531 3427 578 3476 εἰ
612 3424 668 3476 δὲ
702 3423 776 3493 μὴ
800 3423 1065 3478 παύσεται
1113 3427 1141 3477 ὁ
1171 3425 1427 3493 πόλεμος,
1459 3424 1562 3488 ἕως
1594 3425 1722 3477 ἀνα·

149 3518 429 3571 παύσεται
479 3515 879 3586 ξηροφαγείτω,
919 3514 1085 3567 ποιῶν
1120 3515 1404 3585 μετανοίας
1446 3517 1535 3569 τὸν
1563 3515 1724 3586 νυχθ-

148 3611 366 3680 ήμερον
396 3615 463 3662 τ’.

234 3707 310 3768 μ’.
336 3701 400 3753 Et
423 3717 506 3764 τις
542 3695 826 3769 χαρίζεταί
863 3714 968 3750 τινι
1017 3696 1078 3751 τὸ
1118 3697 1347 3752 παλαιὸν
1390 3697 1554 3751 αὐτοῦ
1594 3697 1722 3768 ἱμά-

150 3811 296 3856 τιον,
322 3795 486 3862 χωρὶς
517 3790 818 3860 ἒπιτροπῆς
842 3789 935 3842 τοῦ
967 3789 1291 3859 ἡγουμένου,
1344 3789 1725 3862 ξηροφαγείτω

151 3882 427 3949 ἑϐδομάδα
455 3880 605 3950 μίαν,
629 3878 799 3932 ποιῶν
829 3879 1111 3949 μετανοίας
1141 3878 1202 3944 ξ’.

234 3981 343 4044 μα’.
400 3975 463 4027 Et
494 3989 579 4035 τις
623 3971 948 4041 ἐνυπνιασθῇ
984 3971 1062 4034 είς
1111 3971 1387 4042 πορνείαν,
1429 3970 1723 4042 ἀκοινώνη-

149 4083 250 4127 τος
293 4063 443 4117 ἕσται
483 4063 582 4133 τὴν
614 4063 830 4132 ἡμέραν
865 4063 1100 4131 ἐκείνην.
1130 4063 1298 4116 ποιῶν
1332 4064 1615 4133 μετανοίας
1648 4063 1721 4133 μ’,

150 4155 336 4220 λέγων
361 4152 452 4204 τὸν
479 4149 522 4203 ν’
547 4149 782 4220 ψαλμὸν,
813 4150 907 4204 καὶ
933 4151 1015 4216 τὸ,
1038 4153 1236 4221 Κύριε,
1267 4153 1552 4220 ἐλέησον,
1590 4155 1722 4207 ἑκα-

149 4246 270 4298 τόν.

233 4333 344 4406 μβ’.
384 4333 442 4387 ’0
469 4332 710 4404 μαλακὸς
739 4334 950 4404 ἡμέρας
982 4333 1036 4406 μ’
1067 4333 1428 4406 ἀκοινώνητος
1458 4334 1618 4391 ἔστω.

235 4517 347 4578 μγ’.
383 4508 441 4562 ’0
471 4507 707 4577 ψεύστης
738 4507 877 4561 ἔστω
909 4508 1270 4578 ἀκοινώνητος
1295 4512 1505 4583 ἡμέρας
1543 4517 1617 4578 μ’.

238 4601 344 4671 μὸν.
388 4600 448 4651 Ὀ
478 4597 777 4662 κατάλαλος
801 4600 1001 4669 ὁμοίως
1031 4602 1240 4670 ἡμέρας
1265 4608 1339 4670 μ’.

239 4695 342 4758 με’.
381 4687 438 4740 Ὀ
468 4685 782 4756 βλάσφημος
814 4689 954 4741 κατὰ
977 4689 1150 4743 πάντα
1179 4693 1378 4762 τρόπον
1411 4692 1505 4746 καὶ
1541 4695 1721 4747 ὁπωσ-

157 4781 384 4846 δήποτε,
440 4777 632 4839 άλαλος
679 4777 818 4830 ἔστω
860 4778 1072 4848 ἡμέρας
1113 4785 1186 4850 μ’,
1235 4783 1403 4845 ποιῶν
1438 4783 1724 4854 μετανοίας

159 4869 286 4924 καθ’
313 4867 525 4939 ἡμέραν
548 4865 612 4920 ν’.

1824 3252 1947 3293 cum
1990 3238 2273 3294 metanmis
2305 3239 2637 3310 quotidianis
2659 3250 2903 3294 centum.

1896 3330 1986 3385 59.
2020 3330 2076 3385 Si
2115 3331 2238 3401 quis
2279 3339 2520 3386 tentatur
2553 3333 2618 3386 ad
2651 3332 3054 3397 fornicandum,
3102 3331 3253 3385 arida
3289 3344 3387 3386 co-

1827 3424 2005 3477 medat
2049 3423 2241 3478 diebus
2286 3423 2669 3495 quadraginta.
2707 3423 2864 3491 Quod
2918 3425 2964 3481 si
2998 3423 3223 3480 tentatio
3274 3438 3382 3476 non

1826 3515 2058 3581 desinat,
2104 3516 2289 3572 tandiu
2329 3517 2499 3573 aridis
2542 3528 2794 3573 vescatur
2819 3517 2995 3572 donec
3016 3533 3079 3572 ea
3113 3517 3381 3587 quiescat,

1830 3606 2100 3676 faciatque
2128 3611 2219 3663 diu
2257 3619 2531 3679 noctuque
2561 3619 2863 3664 metanmas
2885 3619 3175 3664 trecentas.

1898 3695 1987 3749 40.
2023 3695 2080 3752 Si
2106 3697 2231 3768 quis
2253 3697 2416 3752 alicui
2439 3709 2673 3752 veterem
2697 3711 2852 3751 suam
2879 3707 3082 3752 vestem
3104 3693 3383 3768 largiatur,

1828 3790 1946 3845 sine
1969 3789 2239 3860 praepositi
2270 3790 2508 3855 licentia,
2549 3789 2716 3845 aridis
2743 3797 2995 3845 vescatur
3025 3804 3132 3844 una
3177 3789 3386 3845 hebdo-

1833 3881 2012 3949 mada,
2048 3898 2171 3937 cum
2202 3884 2493 3937 metanteis
2526 3884 2829 3952 sexaginta.

1899 3969 1989 4022 41.
2041 3968 2098 4024 Si
2147 3971 2271 4040 quis
2329 3971 2562 4026 somniet
2627 3969 3065 4037 fornicationem,
3117 3969 3389 4026 abstineat

1828 4061 2210 4114 communione
2239 4059 2326 4114 die
2350 4059 2464 4122 illo,
2498 4058 2660 4115 faciat
2688 4070 2982 4116 metanmas
3006 4062 3384 4132 quadraginta,

1831 4151 2129 4221 recitetque
2160 4153 2427 4221 psalmum
2449 4151 2985 4223 quinquagesimum,
3017 4169 3140 4208 cum
3165 4152 3388 4208 Domine

1828 4238 2069 4292 miserere
2097 4239 2320 4293 centies.

1898 4325 1988 4379 42.
2034 4325 2210 4382 Mollis
2246 4329 2454 4398 absque
2502 4329 2886 4385 communione
2913 4330 2986 4385 sit
3033 4328 3226 4386 diebus
3255 4344 3365 4402 qua

1828 4415 2097 4484 draginta.

1897 4506 1988 4560 45.
2019 4505 2246 4561 Mendax
2278 4506 2405 4562 item
2436 4507 2630 4565 diebus
2668 4508 3050 4579 quadraginta.

1901 4596 1986 4651 ﬂ.
2023 4599 2373 4654 Obtrectator
2393 4599 2649 4656 similiter
2680 4600 2871 4656 diebus
2902 4604 3282 4675 quadraginta.

1894 4683 1985 4738 45.
2035 4686 2397 4757 Blaspliemus
2445 4691 2856 4759 quomodolibet
2901 4702 2958 4746 et
3012 4695 3387 4763 quandolibet,

1826 4785 2009 4832 mutus
2046 4781 2119 4832 sit
2148 4779 2340 4834 diebus
2372 4782 2755 4854 quadraginta,
2786 4798 2911 4837 cum
2943 4785 3228 4840 metanaeis
3251 4799 3388 4852 quo-

1825 4865 1955 4919 tidie
1985 4869 2400 4941 quinquaginta.

236 4960 354 5031 μς’.
399 4961 521 5013 Ἐἀν
550 4960 719 5014 θέλων
759 4977 844 5024 τις
883 4966 1291 5037 μιαροφαγήσῃ,
1322 4966 1459 5020 ἔστω
1490 4966 1718 5020 ἀκοινώ-

1898 4956 1991 5012 46.
2027 4960 2084 5014 Si
2115 4961 2238 5030 quis
2270 4962 2406 5016 cibis
2439 4966 2621 5020 vetitis
2652 4977 2923 5032 vescatur,
2951 4969 3021 5023 sit
3055 4977 3206 5023 extra
3238 4983 3382 5022 com-

157 5068 320 5122 νητος
349 5050 442 5123 ἔτη
474 5058 513 5104 ε’
540 5067 554 5083 ο
588 5052 638 5104 εἰ
661 5051 717 5104 δὲ
745 5053 810 5106 ἐκ
833 5052 952 5123 βίας
982 5055 1140 5109 τοῦτο
1164 5057 1331 5128 πάθῃ,
1361 5059 1571 5130 ἡμέρας
1592 5076 1718 5112 τεσ-

161 5144 491 5214 σαράκοντα.

235 5234 342 5304 μς.
391 5234 516 5287 Ἐὰν
561 5233 792 5304 μοναχὺς
822 5235 1234 5307 μεγαλόσχημος
1261 5238 1402 5310 πέσῃ
1425 5240 1502 5300 είς
1529 5239 1716 5304 πάθος,

160 5328 300 5381 ἔστω
329 5326 692 5397 ἀκοινώνητος
725 5326 820 5397 ἐτη
862 5333 902 5380 ε’
929 5342 943 5357 ⁶
985 5330 1035 5381 εί
1079 5329 1138 5382 δὲ
1186 5330 1578 5402 μικρὸσχημος,
1625 5332 1718 5402 ἔτη

1825 5050 2136 5105 munionem
2165 5055 2321 5107 anuis
2349 5054 2610 5126 quinque.
2635 5057 2788 5124 Quod
2820 5059 2866 5114 si
2899 5070 3122 5117 coactus
3157 5062 3259 5117 hoc
3305 5061 3387 5115 fe-

1823 5142 1980 5206 cerit,
2014 5145 2208 5199 diebus
2231 5146 2610 5217 quadraginta,

1899 5235 1988 5289 £7.
2029 5238 2084 5291 Si
2113 5240 2419 5294 monachus
2451 5241 2630 5312 magni
2662 5243 2956 5298 schematis
2985 5244 3196 5298 labatur
3230 5244 3279 5296 in
3307 5244 3382 5296 lu-

1827 5329 2068 5396 xuriam,
2104 5331 2176 5386 sit
2202 5340 2356 5386 extra
2404 5334 2848 5389 communionem
2893 5338 3306 5407 quinquennio:
3340 5338 3386 5391 si

1661 5506 1892 5567 ΝΟΤΛΕ.

230 5660 337 5726 (ll)
369 5659 607 5715 Sanctus
640 5657 963 5714 Benedictus
991 5659 1124 5729 Reg.
1155 5675 1273 5729 cap.
1306 5660 1341 5715 6
1372 5679 1386 5714 :
1419 5679 1439 5712 σ
1470 5660 1726 5715 δεκννίτίο

164 5742 292 5786 tates
318 5731 395 5784 vel
420 5734 573 5787 verba
602 5731 773 5783 otiosa
803 5740 852 5782 et
875 5732 1038 5782 risum
1062 5733 1339 5792 mouentia,
1361 5741 1554 5785 (eterna
1578 5732 1725 5784 clau-

160 5819 282 5856 sura
311 5805 364 5857 in
387 5801 628 5858 omnibus
655 5801 784 5854 locis
817 5799 1129 5856 damnamus
1151 5816 1170 5865 ;
1191 5811 1239 5855 et
1267 5802 1336 5855 ad
1359 5803 1491 5855 talia
1519 5801 1727 5868 eloquio

1830 5665 2394 5740 disciprtlumuaperire
2431 5686 2487 5723 os
2531 5687 2632 5726 non
2672 5671 3041 5740 permittimus.
3095 5689 3114 5722 ι
3156 5669 3389 5737 Legatur

1951 5735 2198 5814 Mar_t_en_ii
2230 5735 2697 5814 Commentarius.
2732 5739 2932 5814 lgladem
2970 5755 3134 5814 porro
3163 5735 3385 5796 senten-

1834 5805 1907 5858 tia
1937 5816 2023 5861 est
2057 5808 2113 5862 S.
2147 5805 2330 5863 Basilii
2362 5807 2549 5867 Const.
2584 5827 2702 5877 cap.
2742 5812 2825 5866 12.
