3976 6314
597 369 733 435 1755

1771 371 1834 430 S.
1869 369 2257 430 TIIEODORI
2299 373 2641 432 STUDITAS

3707 365 3839 426 1756

595 501 724 540 vero
762 483 912 555 parvi
942 481 1258 548 schematis,
1304 481 1543 537 biennio.
1571 479 1773 538 Eadem
1806 483 1891 538 lex
1938 483 2005 539 de
2035 498 2154 537 mo-

2294 484 2387 536 ύο·
2445 488 2474 541 ὁ
2521 486 2680 551 αὐτὸς
2726 484 2784 539 δὲ
2835 483 2961 556 ὅρος
3011 481 3280 553 κρατείτω
3367 479 3466 532 καὶ
3505 476 3608 530 ἐπὶ
3675 495 3839 545 μονα-

593 576 830 630 nialibus
859 589 1080 644 quoque
1105 575 1304 628 valeat.

666 669 756 722 48.
801 667 856 721 Si
888 668 1188 722 monachus
1213 667 1401 722 ebrius
1427 666 1538 730 fiat,
1577 665 1843 720 habeatur
1875 675 1936 719 ut
1983 663 2156 720 forni-

596 759 797 816 carius.
825 768 880 812 et
903 758 970 812 sit
995 768 1144 810 extra
1171 756 1606 810 communionem
1647 757 1884 811 biennio.

671 851 758 905 49.
785 849 843 903 Si
877 851 928 903 in
964 849 1179 919 publico
1208 849 1409 914 riserit,
1453 850 1522 902 sit
1549 860 1699 904 extra
1717 848 2155 904 communionem

595 939 789 991 diebus
822 936 1206 1006 quadraginta.

666 1026 754 1079 50.
793 1023 849 1078 Si
894 1026 965 1079 ob
995 1024 1270 1093 crapulam
1311 1025 1604 1086 vomuerit,
1639 1024 1710 1077 sit
1756 1024 1964 1092 pariter
2003 1031 2157 1076 extra

597 1118 1036 1172 communionem
1069 1117 1260 1170 diebus
1288 1117 1667 1185 quadraginta.

667 1211 757 1263 51.
793 1209 848 1262 Si
879 1208 1058 1278 magni
1110 1208 1405 1261 schematis
1437 1207 1737 1261 monachus
1769 1208 1886 1262 sine
1942 1207 2160 1262 cucullo

598 1317 700 1357 suo
736 1300 1116 1365 ambulaverit,
1177 1299 1247 1354 sit
1279 1308 1431 1353 extra
1485 1299 1918 1352 communionem
1969 1299 2160 1353 diebus

597 1394 977 1464 quadraginta.
1022 1389 1207 1461 Neque
1244 1392 1389 1445 enim
1426 1390 1478 1442 in
1515 1391 1634 1459 ejus
1677 1399 1945 1459 potestate
1967 1399 2070 1453 est,
2103 1399 2164 1443 ut

598 1486 718 1540 sine
751 1485 1042 1540 schematis
1059 1485 1142 1539 sui
1162 1483 1466 1552 insignibus
1495 1491 1767 1552 operetur,
1798 1492 1887 1536 aut
1904 1482 2159 1548 dormiat,

599 1587 692 1632 aut
721 1577 1158 1648 quandocunque
1192 1579 1273 1631 vel
1297 1578 1536 1646 quolibet
1569 1576 1833 1630 ambulet.

671 1670 759 1724 52.
793 1669 847 1724 Si
880 1673 1004 1739 quis
1033 1669 1432 1722 contradixerit
1470 1666 1687 1737 praesidi
1723 1681 1847 1731 suo,
1883 1663 1966 1719 vel
1997 1662 2161 1717 alicui

601 1761 779 1831 fratri,
802 1763 869 1816 sit
895 1769 1049 1816 extra
1082 1761 1523 1816 communionem
1556 1759 1747 1813 diebus
1777 1755 2158 1826 quadraginta.

674 1940 760 1994 53.
789 1939 1088 1996 Monachus
1115 1941 1209 2008 qui
1249 1955 1372 1994 cum
1437 1937 1789 1994 saecularibus
1821 1937 1874 1990 in
1915 1936 2166 1990 convivio

605 2033 825 2100 sederit,
867 2036 940 2090 sit
999 2047 1150 2090 extra
1184 2034 1627 2089 communionem
1691 2030 1882 2085 diebus
1930 2029 2167 2100 quadra-

605 2126 774 2196 ginta.

677 2218 764 2273 54.
820 2217 876 2273 Si
917 2219 1218 2274 monachus
1248 2228 1342 2273 aut
1385 2217 1640 2272 monialis
1705 2214 2036 2271 monasterio
2069 2228 2168 2268 suo

605 2310 912 2379 diffugiant.
951 2325 1165 2378 pinnam
1194 2309 1776 2363 excommunicatimiis
1800 2309 2167 2363 duodecennis

607 2397 913 2451 incurrunt.
941 2395 995 2449 Si
1030 2411 1158 2449 vero
1207 2398 1392 2450 vitiata
1428 2397 1608 2449 anima
1645 2397 1780 2449 clam
1836 2394 2169 2449 monasterio

606 2501 666 2540 se
692 2486 1072 2551 subduxerint,
1114 2500 1251 2554 opus
1281 2494 1365 2540 est
1410 2495 1468 2537 ut
1516 2485 1568 2538 hi
1608 2485 1843 2554 aliquem
1881 2485 2165 2552 probatum

608 2576 934 2629 monachum
963 2576 1261 2639 inveniant,
1293 2576 1452 2644 eique
1482 2590 1655 2644 pauca
1683 2591 1746 2628 ex
1787 2576 1969 2629 multis
1998 2577 2167 2646 signi-

608 2668 789 2730 ficent,
843 2684 965 2735 quae
1027 2669 1092 2721 ad
1147 2670 1221 2722 rei
1276 2667 1711 2721 emendationem
1746 2669 2065 2734 conferant;
2112 2678 2171 2722 ut

609 2772 703 2825 per
730 2758 1028 2813 sacerdotis
1062 2760 1402 2827 prudentiam
1461 2759 1804 2813 reconciliari
1848 2760 2170 2829 praesidibus

609 2851 724 2904 suis
792 2852 1019 2918 possint,
1080 2861 1133 2906 et
1184 2853 1237 2905 in
1301 2854 1519 2923 propria
1545 2854 1899 2918 monasteria,
1965 2854 2170 2909 sanatis

609 2940 807 2995 animae
835 2942 1030 3011 culpis,
1067 2944 1283 2997 reverti.

2191 1821 2238 1880 B

2261 593 2478 647 στριων.

2333 676 2443 740 μη’.
2496 671 2621 723 Ἐὰν
2650 669 2880 740 μοναχὸς
2912 666 3137 737 μεθύσῃ,
3172 665 3528 736 ὲπόρνευσεν,
3569 661 3670 714 καὶ
3707 661 3841 714 ἔστι..

2260 761 2622 830 ἀκοινώνητος
2655 761 2747 830 ἔτη
2772 763 2884 813 δύο.

2333 851 2438 921 μθ’.
2486 852 2609 905 Ἐὰν
2657 853 2748 904 ἐπὶ
2791 852 2960 920 δήμου
3007 848 3232 919 γελάσῃ,
3275 847 3417 902 ἔστω
3465 846 3840 915 ἀκοινώνητος

2260 944 2472 1013 ἡμέρας
2507 951 2578 1015 μ’·

2329 1040 2393 1087 ν’.
2430 1034 2556 1087 Ἐάν
2586 1034 2692 1086 ἀπὸ
2723 1031 3168 1104 γαστριμαργίας
3208 1031 3404 1102 ἐμέσῃ,
3439 1029 3652 1100 ὁμοίως
3693 1031 3836 1081 ἀκω-

2261 1124 2494 1198 νώνητος
2516 1126 2652 1179 ἔστω
2673 1126 2884 1196 ἡμέρας
2907 1124 2979 1194 μ’.

2331 1225 2430 1272 vel.
2471 1219 2594 1272 Ἐάν
2622 1219 2968 1290 περιπατήσῃ
2995 1216 3407 1286 μεγαλόσχημος
3435 1215 3571 1269 ἄνευ
3595 1214 3698 1267 τοῦ
3726 1232 3843 1266 κου-

2261 1310 2508 1364 κουλλίου
2540 1311 2724 1374 αὑτοῦ,
2761 1311 2900 1363 ἔστω
2947 1307 3306 1377 ἀκοινώνητος
3347 1308 3571 1377 ἡμέρας
3609 1314 3694 1376 μ’·
3752 1310 3845 1359 οὐκ

2262 1400 2376 1469 ἔχει
2410 1400 2518 1470 γὰρ
2547 1399 2796 1464 ἐξουσίαν
2827 1397 3067 1460 τοιοῦτος
3102 1398 3230 1451 ἀνευ
3276 1395 3383 1448 τῶν
3419 1395 3724 1464 συμϐόλων
3753 1399 3840 1449 τοῦ

2261 1493 2418 1560 ἁγίου
2451 1492 2725 1562 σχήματος
2755 1488 3114 1560 ἐργάσασθαι,
3144 1488 3178 1558 ἦ
3213 1488 3576 1559 κοιμηθῆναι,
3608 1489 3642 1558 ἢ
3684 1505 3843 1560 περι-

2265 1581 2504 1651 πατῆσαι
2529 1599 2656 1634 ποτε
2691 1580 2791 1634 πού
2800 1596 2947 1633 ποτε.

2332 1669 2430 1740 νβ’.
2474 1669 2597 1722 Ἐὰν
2623 1669 3039 1740 ἀντιλογήσηταί
3062 1687 3144 1732 τις
3166 1667 3243 1738 τῷ
3269 1668 3583 1739 προεστῶτι
3601 1668 3842 1740 αὖτοῦ,ή

2263 1779 2367 1815 τινι
2397 1762 2610 1832 ἀδελφῷ
2642 1761 2826 1828 αὐτοῦ,
2855 1761 2997 1815 ἔστω
3045 1760 3405 1830 ἀκοινώνητος
3460 1761 3688 1830 ἡμέρας
3721 1778 3842 1813 τεσ-

2267 1872 2334 1908 σα
2342 1855 2595 1926 ράκοντα.

2336 1944 2436 2013 ·;γ⁹.
2474 1945 2598 1998 Ἐάν
2631 1944 2766 2014 μετὰ
2798 1943 3078 2013 κοσμικῶν
3107 1943 3308 2016 καθίσῃ
3338 1945 3577 2016 μοναχδς
3600 1947 3684 2006 είς
3712 1963 3843 2014 συμ-

2268 2037 2476 2104 πόσιον,
2506 2037 2647 2090 ἔστω
2673 2035 3036 2108 ἀκοινώνητος
3063 2035 3272 2107 ἡμέρας
3305 2044 3379 2106 μ’.

2338 2209 2429 2264 νδ¹.
2478 2209 2600 2262 Ἐάν
2632 2208 2861 2279 μοναχὸς
2901 2208 2934 2277 ἢ
2967 2208 3172 2280 μοναχῆ
3209 2208 3301 2263 τοῦ
3337 2209 3716 2280 μοναστηρίου
3747 2212 3840 2262 αὖ·

2268 2301 2377 2354 τῶν
2427 2299 2824 2368 ἀποδράσωσιν,
2863 2298 3077 2367 ἔχουσιν
3116 2300 3514 2367 ἀκοινωνησίας
3563 2300 3842 2366 ἐπιτίμιον

2270 2392 2362 2462 ἔτη
2397 2391 2464 2460 ιβ’
2487 2408 2499 2420 ο
2542 2393 2588 2443 εἰ
2620 2392 2674 2444 δέ
2715 2408 2778 2459 γε
2813 2383 2952 2444 κᾱτά
2989 2391 3164 2463 ψυχὴν
3189 2391 3535 2461 βλάπτωνται
3567 2393 3666 2443 καὶ
3697 2391 3844 2456 ἐξέλ-

2270 2483 2402 2535 θωσι
2434 2482 2702 2549 λαθραίως
2731 2481 2838 2535 τῶν
2871 2483 3268 2551 μοναστηρίων,
3299 2481 3377 2532 δεῖ
3411 2480 3638 2540 τούτους
3665 2483 3842 2552 εὑρεῖν

2269 2573 2487 2642 δόκιμον
2522 2574 2773 2643 μοναχὸν,
2805 2573 2901 2626 καὶ
2925 2576 2989 2626 ὲκ
3019 2572 3126 2626 τῶν
3156 2571 3366 2624 πολλῶν
3387 2572 3548 2639 ὀλίγα
3576 2573 3842 2640 ἀναγγεῖ-

2271 2665 2358 2717 λαι
2382 2665 2531 2734 αὐτῷ
2555 2666 2689 2736 πρὸς
2721 2666 3006 2736 διόρθωσιν
3036 2665 3132 2733 τῆς
3161 2664 3344 2726 αἰτίας
3362 2664 3456 2715 τοῦ
3485 2664 3840 2733 πράγματος,

2273 2757 2359 2810 ἵνα
2390 2757 2475 2811 διά
2505 2761 2601 2828 τῆς
2627 2759 2893 2821 συνέσεως
2923 2758 3016 2811 τοῦ
3049 2758 3234 2826 ἱερέως
3264 2756 3533 2825 δυνηθῶσι
3576 2759 3844 2809 καταλλα-

2271 2849 2436 2918 γῆναι
2455 2853 2567 2913 τοῖς
2605 2850 2940 2921 προεστῶσιν
2965 2848 3163 2908 αὐτῶν,
3191 2849 3283 2900 καὶ
3314 2847 3741 2915 ὑποστρέψωσιν
3768 2851 3843 2908 είς

2271 2941 2340 2995 τά
2393 2943 2500 2996 ίδια
2555 2944 2908 3012 μοναστήρια,
2970 2940 3363 3011 διορθουμένων
3418 2938 3529 2992 τῶν
3593 2940 3843 3010 ψυχικῶν

2277 3036 2624 3104 σφαλμάτων.

683 3117 771 3170 55.
804 3117 1097 3173 Monachus
1122 3121 1216 3189 qui
1247 3122 1544 3175 comederit
1580 3131 1674 3176 aut
1726 3123 1921 3177 biberit
1954 3133 2076 3175 ante
2111 3124 2171 3176 li-

2344 3135 2434 3182 νε”.
2475 3127 2722 3195 Μοναχὺς
2785 3125 2978 3194 φαγὼς
3035 3128 3069 3194 ἢ
3130 3123 3268 3179 πιὼν
3323 3125 3430 3194 πρὸ
3493 3127 3598 3195 τῆς
3643 3125 3845 3182 ἀπολύ-

612 3223 734 3261 netn
764 3224 1051 3278 synaxeos,
1095 3209 1256 3264 faciat
1283 3212 1350 3265 ad
1401 3227 1642 3265 mensam
1687 3224 1984 3268 metanmas
2007 3215 2168 3283 quin-

611 3301 893 3369 quaginta.

684 3389 843 3444 56.Si
874 3392 996 3458 quis
1020 3393 1317 3447 monachus
1343 3394 1532 3462 synaxi
1559 3395 1610 3447 in
1632 3395 1860 3449 ecclesia
1887 3395 2172 3459 assistens,

615 3479 758 3535 haud
793 3496 963 3550 usque
990 3483 1055 3535 ad
1099 3482 1260 3536 tinent
1306 3483 1376 3536 ibi
1417 3485 1737 3552 reperiatur,
1765 3494 1987 3554 excepto
2015 3500 2175 3554 supe-

616 3570 980 3639 riorisjussu,
1023 3584 1116 3626 aut
1163 3589 1359 3644 magna
1404 3575 1744 3640 necessitate,
1795 3576 1954 3631 faciat
2001 3588 2170 3631 meta-

618 3675 769 3714 nmas
789 3662 1166 3732 quadraginta,
1191 3665 1460 3735 totiesque
1480 3665 1626 3720 dicat
1653 3667 1894 3733 Domina,
1912 3670 2172 3722 miserere.

687 3755 773 3808 57.
809 3754 864 3809 Si
885 3758 1185 3813 monachus
1211 3774 1334 3814 cum
1352 3761 1473 3815 aliis
1499 3763 1782 3816 monachis
1809 3763 1877 3815 ob
1902 3762 2177 3830 quodlibet

618 3851 895 3916 negotium
959 3853 1419 3922 conspirationem
1465 3852 1672 3918 fecerit,
1734 3865 1947 3908 centqu
2016 3853 2181 3908 faciat

619 3951 938 4007 metanaeas,
974 3952 1029 3996 et
1056 3944 1222 3998 biduo
1261 3955 1514 3999 vescatur
1547 3945 1715 4000 aridis
1757 3960 1998 4013 vespere.

689 4026 779 4081 58.
821 4027 1030 4099 Siquis
1091 4033 1391 4088 monachus
1423 4033 1724 4089 discinctus
1780 4035 1834 4088 in
1889 4035 2027 4089 lecto
2078 4050 2180 4091 suo

619 4119 916 4185 dormierit,
946 4133 1243 4180 metanmas
1273 4123 1438 4179 faciat
1470 4126 1886 4196 quinquaginta.

689 4212 779 4267 59.
808 4213 863 4268 Si
903 4216 1027 4284 quis
1069 4218 1373 4272 monachus
1403 4218 1458 4272 in
1487 4219 1681 4273 balneo
1738 4220 2049 4275 unctionem
2101 4218 2180 4275 fe-

619 4305 774 4372 cerit,
811 4318 1112 4365 metanoeas
1134 4317 1259 4381 agat
1307 4319 1600 4367 trecentas.
1626 4311 1919 4368 Saecularis
1973 4320 2178 4377 autem,

622 4408 838 4451 centum
858 4439 872 4459 .
905 4410 1131 4470 uterque
1161 4417 1287 4457 vero
1314 4402 1385 4458 sit
1409 4411 1561 4458 extra
1592 4403 2030 4458 communionem
2057 4402 2185 4457 beb-

623 4487 851 4541 doutada
887 4505 1014 4542 una.

692 4578 780 4632 60.
811 4577 1104 4634 Monachus
1145 4582 1238 4651 qui
1279 4581 1332 4636 in
1389 4597 1527 4652 pago
1584 4581 1668 4638 vel
1702 4583 1864 4637 etiam
1905 4581 2176 4646 cmnobio,

622 4669 747 4724 sine
775 4673 1045 4740 praepositi
1072 4673 1157 4727 sui
1209 4673 1588 4729 benedictione
1619 4689 1726 4729 uno
1779 4689 2006 4745 vespere
2052 4675 2180 4728 dor-

622 4764 824 4829 mierit,
885 4765 1123 4831 vigilabit
1150 4774 1308 4820 nocte
1364 4766 1571 4836 integra
1617 4766 1824 4823 faciens
1881 4777 2182 4822 metanmas

621 4865 841 4910 centum
873 4858 1286 4929 quinquaginta.

693 4950 780 5004 61.
823 4949 1119 5005 Monachus
1146 4952 1240 5020 qui
1275 4953 1327 5006 in
1368 4953 1560 5024 synaxi
1586 4953 1790 5018 riserit,
1825 4955 2182 5027 quadraginta

623 5053 927 5098 metaumas
951 5041 1137 5098 faciat.

695 5136 784 5190 62.
826 5135 1120 5191 Monachus
1148 5146 1241 5191 aut
1271 5137 1569 5202 saecularis,
1609 5138 1701 5207 qui
1746 5154 1850 5193 non
1883 5140 1986 5194 sub
2023 5156 2180 5211 paena

623 5228 884 5282 canonica
914 5228 1263 5294 constitutus,
1295 5245 1387 5297 per
1406 5230 1761 5302 quadraginta
1786 5232 1905 5288 dies
1938 5250 2184 5288 commu-

624 5323 839 5375 nionem
874 5321 1204 5393 negligenter
1230 5323 1498 5386 omiserit,
1544 5338 1687 5379 anno
1731 5339 1841 5378 uno
1900 5336 2184 5395 separetur

620 5413 690 5465 ah
720 5412 971 5467 ecclesia.

692 5502 779 5557 65.
823 5502 1118 5558 Monachus
1147 5505 1241 5573 qui
1283 5519 1407 5558 cum
1444 5505 1666 5559 moniali
1711 5521 1824 5561 rem
1888 5507 2179 5574 habuerit,

623 5603 909 5662 postquam
973 5591 1028 5645 bi
1089 5607 1120 5647 a
1183 5603 1402 5662 peccato
1453 5596 1821 5663 cessaverint,
1883 5598 2181 5668 puniantur

623 5683 879 5739 triennali
917 5685 1503 5741 excommunicatione.

701 5774 790 5830 64.
823 5773 1114 5831 Saecularis
1159 5775 1413 5833 sacerdos
1441 5776 1533 5848 qui
1564 5777 1983 5847 sacrificaverit,
2018 5788 2073 5835 et
2118 5795 2182 5835 ex

2202 4491 2256 4552 D

2275 3235 2410 3280 σεως
2442 3219 2541 3286 τῆς
2575 3217 2864 3284 συνάξεως,
2907 3217 3127 3270 ποιείτω
3172 3217 3228 3269 ἐν
3259 3218 3325 3289 τῇ
3366 3216 3630 3290 τραπέζῃ
3682 3233 3816 3288 μετα

2273 3311 2421 3369 νοίας
2447 3316 2509 3364 ν’.

2345 3399 2449 3466 νς’.
2492 3400 2616 3454 Ἐἀν
2643 3400 2871 3468 μοναχὸς
2901 3400 3116 3454 ἵσταται
3153 3402 3234 3465 εἰς
3263 3401 3482 3466 σύναξιν
3508 3400 3612 3467 τῆς
3643 3399 3842 3464 ἐκκλη-

2276 3493 2416 3558 σίας,
2451 3495 2542 3545 καὶ
2573 3495 2652 3556 είς
2679 3492 2740 3545 τὺ
2769 3492 2917 3556 τέλος
2942 3494 3040 3562 οὐχ
3069 3494 3260 3565 εὑρεθῇ
3292 3495 3462 3565 χωρὶς
3491 3494 3843 3562 προστάξεως

2275 3585 2368 3638 τοῦ
2401 3583 2735 3655 μειζοτέρουν
2762 3585 2795 3656 ἢ
2827 3587 2994 3655 χωρὶς
3023 3586 3261 3654 μεγάλης
3291 3587 3564 3654 divinus;
3621 3586 3841 3639 ποιείτω

2279 3675 2564 3744 μετανοίας
2598 3681 2670 3745 μ’,
2700 3675 2901 3743 λεγέτω
2921 3676 3001 3739 τὸ,
3021 3677 3211 3743 Κύριε,
3231 3677 3514 3742 ἐλέησον,
3552 3676 3629 3747 μ’.

2347 3767 2441 3828 νζν.
2476 3766 2542 3819 Ei'
2567 3784 2649 3831 τις
2675 3767 2905 3838 μοναχὸς
2937 3767 3207 3838 φρατρίας
3237 3768 3380 3819 ποιεῖ
3441 3766 3584 3837 μετά
3643 3767 3843 3836 ἑτέρων

2281 3857 2526 3927 μοναχῶν
2575 3860 2652 3921 είς
2715 3859 3024 3926 οἱονδήποτε
3071 3857 3323 3926 πρᾶγμα,
3390 3856 3620 3910 ποιείτω
3688 3874 3843 3926 μετα-

2279 3949 2424 4011 νοίας
2470 3956 2534 4021 ρ’,
2602 3948 2924 4020 ξηροφαγῶν
2949 3949 3053 4010 ἔως
3078 3948 3314 4017 ἑσπέρας
3342 3949 3558 4018 ἡμέρας
3590 3949 3711 4002 δύο.

2349 4048 2450 4111 νη⁹.
2480 4042 2551 4096 Εἴ
2572 4059 2654 4104 τις
2681 4040 2908 4110 μοναχδς
2950 4039 3190 4102 ἄζωστος
3218 4039 3477 4111 κοιμᾶται
3527 4042 3607 4104 είς
3631 4042 3735 4110 τὴν
3756 4041 3844 4092 a5-

2282 4133 2377 4186 τοῦ
2419 4135 2626 4203 κοίτην,
2659 4132 2883 4185 ποιείτω
2911 4132 3199 4201 μετανοίας
3228 4138 3305 4186 v.-

2349 4224 2444 4278 νϐ’.
2479 4225 2546 4277 Εἴ
2573 4241 2656 4286 τις
2689 4223 2919 4294 μοναχὸς
2946 4226 3004 4277 ὲν
3033 4224 3295 4295 βαλανείῳ
3344 4225 3558 4294 χρίσμα
3607 4227 3839 4294 ποιήσει.

2281 4317 2500 4369 ποιείτω
2530 4315 2814 4385 μετανοίας
2842 4323 2908 4380 τ’,
2939 4317 2968 4367 ὁ
2997 4316 3056 4370 δὲ
3109 4316 3373 4384 κοσμικὸς
3403 4321 3450 4389 ρ’
3476 4330 3490 4344 ⁶
3517 4315 3763 4369 ἔστωσαν
3791 4315 3841 4365 δὲ

2280 4409 2580 4480 ἀμφότεροι
2609 4409 2980 4480 ἀφωρισμένοι
3011 4407 3277 4478 ἑϐδομάδα
3313 4407 3462 4476 μίαν.

2352 4587 2415 4654 ξ’.
2441 4589 2686 4660 Μοναχδς
2708 4591 2767 4643 ἔν
2787 4588 2941 4660 χώρᾳ.
2966 4589 2999 4661 ἢ
3025 4588 3271 4657 κοινοὸίῳ
3291 4588 3420 4642 ἀνευ
3441 4587 3546 4659 τῆς
3564 4586 3661 4640 τοῦ
3685 4588 3840 4656 ἡγου-

2285 4681 2444 4752 μένου
2483 4681 2646 4752 εὐχῆς
2667 4681 2945 4752 κοιμηθεὶς
2975 4680 3102 4749 μίαν
3135 4679 3394 4747 ἑσπέραν,
3431 4678 3576 4731 ἔστω
3620 4680 3838 4749 ἱστάμε-

2281 4788 2369 4835 νος
2387 4771 2556 4824 νύκτα
2585 4771 2894 4842 όλὸκληρον,
2920 4769 3086 4823 ποιῶν
3127 4769 3419 4840 μετανοίας
3453 4768 3554 4839 ρν’.

2355 4952 2452 5020 ξα’.
2479 4952 2726 5023 Μοναχδς
2756 4952 2813 5005 ἔν
2847 4949 3060 5015 συνάξει
3108 4948 3340 5019 γελάσας
3360 4986 3377 5014 ,
3411 4949 3644 5002 ποιείτω
3689 4966 3842 5021 μετα-

2285 5046 2430 5105 νοίας
2461 5050 2533 5114 μ’.

2358 5135 2454 5206 ξβν.
2481 5134 2724 5203 Μοναχδς
2759 5133 2792 5204 ἢ
2826 5131 3085 5201 κοσμικδς
3138 5130 3212 5202 μὴ
3249 5129 3324 5183 ὢν
3362 5131 3836 5204 ὲπιτετιμημένος,

2285 5233 2380 5284 καὶ
2434 5227 2711 5297 ἀμελήσας
2745 5225 2955 5295 ἡμέρας
3011 5230 3062 5292 μ’
3104 5223 3181 5293 μὴ
3227 5224 3581 5294 κοινωνῆσαι,
3605 5225 3842 5278 ἐνιαυτὸν

2287 5319 2598 5394 χωριζέσθω
2621 5320 2719 5385 τῆς
2750 5315 3061 5385 ἐκκλησίας.

2356 5497 2454 5566 ξγ¹.
2485 5493 2730 5564 Μοναχὸς
2762 5491 3058 5563 μοναστρίᾳ
3075 5490 3439 5561 συμφθαρεὶς,
3463 5493 3604 5563 μετὰ
3631 5495 3694 5546 τδ
3716 5495 3842 5547 παῦ.

2289 5591 2483 5646 σασθαι
2536 5589 2728 5650 αὐτοὺς
2769 5588 2868 5656 τῆς
2915 5584 3204 5657 ἁμαρτίας,
3251 5585 3536 5656 ἐχέτωσαν
3583 5591 3842 5661 ἐπιτίμιον

2286 5681 2676 5751 ἀκοινωνησίας
2701 5678 2794 5749 ἔτη
2819 5685 2888 5748 γ’.

2358 5775 2446 5840 ξδ’.
2491 5773 2687 5841 ’ἱερεὺς
2713 5771 2972 5843 κοσμικὺς
2997 5771 3380 5841 ἱερουργήσας,
3417 5774 3514 5827 καὶ
3539 5777 3604 5828 ιχ
3651 5791 3840 5844 γςεπτρ,⁴
