3976 6314
144 370 272 438 1⁵157

1046 376 1294 441 CANON
1332 378 1416 440 IN
1452 377 1998 442 ADORATIONEM
2039 381 2105 445 S.
2141 380 2434 452 CRUCIS.

3216 382 3351 450 1758

144 487 375 560 μαρτίας
409 485 612 558 ἑμέσας
651 489 718 558 τῇ
762 489 900 563 αὐτῇ
948 490 1152 562 ἡμέρᾳ,
1198 489 1370 563 ιχὲτω
1421 491 1692 562 ἐπιτίμιον

1811 493 2010 563 :rapula
2061 491 2150 548 die
2199 493 2390 549 eadem
2421 493 2732 562 vomuerit,
2766 492 2872 549 hac
2906 508 3066 565 pcena
3093 495 3352 552 multetur

141 579 348 651 ἡμέρας
380 585 433 648 μ’
464 578 559 634 τοῦ
587 579 664 650 μὴ
695 581 1065 654 ίερουργῆσαι.

207 672 298 736 ξε’.
321 671 390 725 Et
412 688 496 735 τις
544 673 649 727 ὑπὸ
681 673 775 727 τοῦ
816 674 1062 729 διαϐόλου
1107 675 1513 748 πολεμούμενος
1555 676 1691 732 ἁπο-

143 764 441 834 σκιρτήσει,
477 763 572 816 καὶ
601 764 763 818 πάλιν
794 768 1030 836 στραφῇ,
1060 766 1172 837 ἔχει
1205 769 1479 838 ἐπιτίμιον
1500 769 1690 838 χρόνον

140 852 252 906 ἕνα.
283 852 341 906 Ei
362 853 420 906 δὲ
448 855 540 905 καὶ
569 854 647 918 εἰς
677 855 775 925 τὴν
798 853 944 926 ὥραν
962 854 1056 910 τοῦ
1087 855 1315 911 θανάτου
1344 855 1510 911 αὑτοῦ
1536 874 1694 926 μετα-

141 949 339 1012 νοήσει.
373 945 584 1014 δέχεται
610 945 769 999 αὑτὸν
810 948 840 1001 6
877 947 1043 1012 Θεόςο
1076 948 1274 1020 ἠλέησε
1315 948 1421 1019 γὰρ
1467 948 1628 1001 αὐτὸν
1663 949 1693 1002 6

142 1037 371 1106 Χριστὸς
420 1037 610 1092 εἰπών’
655 1038 813 1110 Χαρά
862 1041 1069 1108 γίνεται
1107 1042 1166 1095 ὲν
1219 1031 1431 1113 οὐρανῷ
1476 1041 1571 1095 ἰπὶ
1615 1042 1695 1095 ἑνὶ

145 1127 447 1198 ἁμαρτωλῷ
482 1129 844 1198 μενανοοῦντι.

155 1321 337 1336 -

1796 595 1855 639 ut
1879 584 2236 655 quadraginta
2264 583 2458 640 diebus
2483 586 2844 641 sacrilicando
2873 587 2945 641 sit
2973 586 3314 644 interdictus.

1863 677 1952 732 65.
1989 676 2046 732 Si
2091 679 2218 748 quis
2267 687 2610 749 oppugnatus
2655 693 2685 732 a
2728 677 2945 733 diabolo
2970 678 3353 747 praevaricatus

1795 769 1980 835 fuerit,
2021 771 2116 826 sed
2158 780 2348 841 postea
2382 771 2691 840 resipuerit,
2717 769 2844 824 anni
2879 767 3042 824 unius
3082 775 3351 840 poeniten-

1799 863 1871 916 tia
1896 861 2172 916 multetur.
2208 859 2364 928 Quod
2384 862 2431 917 si
2463 873 2644 918 tamen
2674 862 2726 915 in
2752 861 2871 930 ipso
2905 861 3096 915 mortis
3126 862 3351 913 articulo

1797 953 2128 1024 paenituerit,
2175 953 2368 1021 recipit
2400 969 2521 1007 eum
2572 951 2736 1008 Deus.
2774 950 3014 1020 Namque
3042 950 3092 1004 ei
3141 952 3350 1004 veniam

1799 1046 2024 1101 contulit
2045 1043 2294 1100 Christus
2323 1044 2504 1100 verbis
2541 1044 2648 1099 illis
2677 1063 2690 1099 :
2723 1042 2988 1098 Gaudium
3027 1051 3109 1096 est
3139 1042 3191 1095 in
3215 1043 3353 1094 cmlo

1803 1150 1965 1205 super
1998 1150 2108 1190 uno
2139 1145 2423 1206 peccatore
2461 1136 2833 1206 paenitentiam
2871 1143 3082 1202 agente.

345 1318 3346 1356 Ν

1396 1475 1533 1531 ΤΟΥ
1576 1476 1780 1530 ΑΓΙΟΥ
1836 1475 2106 1529 ΠΑΤΡΟΣ

711 1647 1509 1769 ΘΕΟΔΩΡΟΥ
1579 1645 1875 1761 ΤΟΥ
1932 1646 2763 1764 ΣΤΟΥΔΙΤΟΥ

683 1870 1066 1956 ΚΑΝΩΝ
1121 1870 1288 1955 ΕΙΣ
1315 1869 1541 1955 ΤΗΝ
1579 1867 2813 1962 ΣΤΑΥΡΟΠΡΟΣΚΥΝΗΣΙΝ.

781 2222 897 2332 S.
1008 2223 1132 2332 P.
1248 2220 1978 2336 THEODORI
2071 2223 2738 2341 STUDleE

716 2457 1103 2552 CANON
1182 2461 1309 2550 IN
1385 2459 2248 2550 ADORATIONEM
2326 2462 2776 2552 CRUCIS.

1204 2657 1498 2724 (Gns'rssn.
1536 2654 1609 2710 De
1651 2654 1836 2720 Cruce,
1874 2663 1916 2710 t.
1960 2654 2048 2721 Ill,
2082 2671 2138 2724 ρ,
2169 2655 2318 2726 521.)

818 2957 949 3031 om
985 2960 1059 3015 A'.

233 3049 595 3124 Πανηγύρεως
621 3051 823 3123 ἡμέρα.
868 3053 945 3122 Τῇ
977 3053 1190 3122 ὲγέρσει
1219 3054 1453 3124 Χριστοῦ
1490 3057 1714 3122 θάνατος

158 3144 387 3216 φροῦδος
444 3142 620 3213 ὤφθη,
684 3143 829 3212 ζωῆς
889 3143 1157 3195 ἀνέτειλεν
1220 3145 1382 3216 αὐγὴ,
1449 3149 1477 3200 6
1545 3148 1716 3220 Ἀδὰμ

157 3233 456 3300 ἐξαναστάς
487 3232 698 3305 χορεύει
737 3234 902 3304 χαρᾷ,
937 3232 1016 3285 διὸ
1058 3231 1411 3306 ἀλαλάζωμεν
1453 3237 1717 3292 ἐπινίκιον

157 3326 393 3399 ᾄδοντες.

235 3415 662 3487 Προσκυνήσεως
702 3417 884 3486 ἡμέρα
929 3415 1018 3471 τοῦ
1059 3417 1240 3485 τιμίου
1275 3419 1529 3490 σταυροῦ,
1563 3419 1717 3474 δεῦτε

161 3508 300 3578 πρὸς
329 3506 517 3560 τοῦτον
544 3506 762 3569 πάντες.
787 3508 897 3576 Τῆς
924 3507 1032 3576 γὰρ
1051 3507 1323 3578 ὲγέρσεως
1350 3509 1586 3580 Χριστοῦ
1619 3511 1718 3575 τὰς

159 3598 336 3666 αὐγὰς
357 3597 674 3667 φωτοϐολῶν
700 3598 1010 3669 προτίθεται
1031 3598 1148 3664 νῦν,
1166 3599 1327 3654 αὐτὸν
1347 3601 1719 3670 άσπασώμεθα

157 3692 408 3763 ψυχικῶς
436 3692 810 3760 ἀγαλλόμενοι.

249 3782 593 3851 Ἐπιφάνηθι,
614 3783 642 3835 6
682 3783 852 3852 μέγας
899 3782 993 3837 τοῦ
1018 3783 1223 3854 Κυρίου
1255 3785 1505 3857 σταυρός.
1538 3784 1718 3850 Δεϊξόν

164 3891 257 3942 μοι
320 3873 442 3941 ϐψιν
495 3873 644 3926 θείαν
702 3875 800 3943 τῆς
855 3872 1182 3942 ὼραιότητός
1243 3890 1335 3927 σου
1401 3874 1516 3940 νῦν,
1573 3876 1720 3940 ἄξιον

163 3960 444 4034 [ἀξίωσον]
477 3963 856 4033 προσκυνητὴν
910 3962 1164 4026 αίνέσεώς
1213 3981 1327 4018 σου.
1372 3966 1481 4019 Καὶ
1508 3967 1615 4036 γὰρ
1646 3966 1722 4031 ὡς

161 4054 395 4126 ἐμψύχῳ
419 4070 523 4114 σοι,
551 4055 645 4106 καὶ
673 4053 857 4121 φωνῶ,
887 4054 980 4106 καὶ
1004 4054 1475 4125 προσπτύσσομαι.

233 4147 614 4202 Αίνεσάτωσαν
665 4144 964 4215 συμφώνως
1004 4145 1249 4214 οὐρανὸς,
1303 4147 1395 4200 καὶ
1433 4150 1467 4218 ή
1517 4147 1608 4218 γῆ,
1640 4147 1723 4201 ὄτι

164 4240 454 4310 πρόκειται
482 4241 645 4308 πᾶσιν
668 4239 696 4290 6
717 4236 1172 4306 παμμακάριστος
1193 4239 1440 4308 σταυρὸς,
1465 4232 1510 4306 ᾧ
1529 4240 1724 4307 παγεὶς

169 4331 496 4404 σωματικῶς
530 4329 693 4398 ἐτύθη
731 4329 983 4401 Χριστὸς,
1015 4329 1175 4382 αὑτὸν
1208 4330 1582 4401 άσπασώμεθα
1626 4330 1728 4400 ψυ-

169 4423 340 4495 χικῶς
364 4421 744 4491 ἀγαλλόμενοι.

2473 2963 2610 3018 ODA
2648 2965 2690 3020 Ι.

1883 3054 2007 3112 Dies
2035 3055 2234 3110 laetitia:
2264 3065 2366 3111 est.
2391 3056 2592 3111 Christi
2624 3057 3038 3114 resuscitatione
3062 3075 3208 3114 mors
3237 3076 3367 3118 eva-

1814 3150 1949 3211 nuit,
1985 3148 2104 3200 vitaa
2133 3147 2388 3217 splendor
2415 3149 2660 3214 exstitit;
2697 3149 2867 3202 Adam
2904 3165 3192 3220 resurgens
3239 3167 3365 3206 cum

1815 3236 2010 3307 gaudio
2031 3236 2258 3291 choreas
2280 3236 2447 3298 ducit,
2489 3246 2770 3306 promeres
2790 3238 3086 3307 jubilemus
3122 3242 3367 3298 victricia

1816 3328 2059 3386 carmina
2081 3328 2452 3382 concinentes.

1884 3422 2113 3477 Advenit
2148 3421 2261 3475 dies
2289 3419 2551 3475 adorandi
2583 3421 2877 3489 pretiosam
2902 3433 3120 3474 crucem
3148 3436 3164 3486 ;
3188 3420 3373 3476 adeste

1817 3526 2025 3567 omnes.
2053 3509 2273 3565 Jaciens
2306 3510 2450 3564 enim
2486 3508 2907 3564 resurrectionis
2931 3508 3130 3563 Christi
3167 3510 3376 3565 lucidos

1820 3607 2029 3668 radios,
2059 3620 2203 3660 nunc
2242 3610 2481 3674 prostat;
2511 3619 2630 3657 eam
2656 3602 2884 3672 proinde
2914 3602 3143 3672 spiritali
3179 3603 3376 3672 gaudio

1819 3695 1962 3767 pleni
1990 3695 2380 3764 amplectamur
2411 3702 2464 3746 et
2489 3693 2892 3747 exosculemur.

1889 3786 2184 3857 Appareto,
2210 3801 2243 3840 ο
2267 3785 2532 3839 immensa
2571 3782 2786 3838 Domini
2815 3797 2971 3846 crux,
2994 3782 3218 3836 ostende
3243 3780 3379 3835 mihi

1821 3893 1970 3934 nunc
2002 3877 2239 3932 divinam
2269 3875 2464 3930 faciem
2490 3872 2792 3929 venustatis
2818 3880 2943 3927 tum.
2978 3871 3210 3941 Dignare
3248 3870 3382 3924 ado-

1823 3975 2085 4029 ratorem,
2114 3971 2171 4017 ut
2196 3963 2464 4032 praeconia
2492 3969 2589 4015 tua
2611 3961 2882 4015 decantet.
2922 3957 3056 4011 Nam
3090 3967 3147 4012 ut
3176 3973 3297 4012 cum
3323 3973 3383 4012 re

1825 4061 2064 4113 animata
2087 4064 2263 4111 tecum
2291 4055 2511 4124 loquor,
2545 4061 2707 4123 teque
2741 4052 3062 4121 amplector.

1897 4147 2107 4202 Laudes
2135 4161 2370 4201 consona
2404 4159 2539 4199 voce
2573 4144 2862 4199 decantent
2885 4141 3082 4196 caelum
3128 4149 3182 4194 et
3217 4150 3380 4204 terra,

1829 4237 1956 4305 quia
1979 4235 2232 4290 omnibus
2261 4249 2398 4288 crux
2414 4233 2728 4289 beatissima
2762 4232 3038 4301 proposita
3073 4239 3178 4295 est,
3208 4231 3384 4296 inqua

1827 4328 2079 4384 Christus
2114 4341 2217 4382 suo
2254 4341 2482 4395 corpore
2537 4325 2679 4380 ﬁxus
2721 4323 3032 4378 immolatus
3071 4329 3172 4386 est,
3213 4321 3384 4390 ipsam

1831 4419 1970 4475 laetis
2008 4417 2280 4472 mentibus
2306 4415 2634 4472 osculemur.

802 4511 1124 4580 τριαδικόν.

2443 4505 2767 4559 Triadicum.

239 4605 310 4659 Ὦ
339 4607 509 4677 Τριάς
537 4607 648 4666 τοῖς
687 4607 1077 4678 χαρακτῆρσιν,
1121 4597 1374 4672 ὣμονὰς
1415 4605 1482 4674 τῇ
1525 4604 1703 4673 μορφῇ

1892 4598 1938 4658 0
1986 4601 2226 4656 Trinitas
2264 4597 2533 4669 personis,
2603 4611 2638 4651 o
2686 4595 2866 4648 unitas
2931 4600 3150 4655 natura,
3211 4589 3388 4653 Paler,

167 4700 375 4768 Πάτερ,
425 4697 521 4756 Υἱὲ
578 4698 674 4751 καὶ
721 4699 960 4767 Πνεῦμα.
1002 4697 1068 4750 Ἢ
1122 4695 1455 4765 ὁμοδύναμος
1507 4693 1630 4758 ὲνὰς
1674 4697 1711 4747 επ

1830 4693 1956 4759 Fili,
1989 4703 2043 4749 et
2071 4693 2305 4763 Spiritus
2327 4698 2532 4746 sancte.
2558 4687 2750 4743 Unitas
2773 4687 3016 4755 ejusdem
3045 4692 3098 4737 et
3169 4682 3391 4751 aequalis

172 4791 366 4862 βουλῇ,
393 4792 488 4844 καὶ
523 4790 759 4861 θελήσει,
805 4791 900 4844 καὶ
939 4790 1172 4859 κράτους
1219 4786 1382 4858 ἀρχῇ,
1413 4785 1503 4839 τὸν
1529 4787 1711 4857 κόσμοτ

1831 4786 2085 4858 potentiae
2159 4783 2411 4848 consilio,
2481 4781 2785 4846 voluntate,
2824 4784 3108 4848 potestate,
3167 4774 3394 4844 imperio

173 4900 272 4935 σου
300 4881 560 4950 φύλαττε,
587 4880 686 4950 τὴν
715 4881 938 4950 εἰρήνην
966 4876 1328 4948 βραϐεύουσα.

1834 4877 2094 4934 mundum
2128 4884 2282 4932 tuum
2325 4872 2564 4938 custodi,
2592 4885 2888 4941 pacemque
2926 4867 3187 4922 concede.

791 4969 1121 5023 Θεοτόκιον.

2445 4964 2803 5019 Theotocium.

249 5062 454 5132 IIei’pav
482 5061 617 5124 ὅλως
650 5062 683 5130 ὴ
705 5059 974 5131 Παρθένος
1011 5060 1085 5130 μὴ
1115 5060 1288 5112 εἰδυῖα
1313 5058 1522 5129 ἀνδρὸς,
1563 5057 1711 5109 ἇσποι

1909 5059 2145 5116 Omnino
2181 5071 2374 5127 expers
2398 5055 2526 5118 viri,
2558 5055 2677 5108 sine
2699 5051 2906 5108 semine
2922 5049 3071 5119 paris
3109 5047 3384 5112 infantem,

176 5171 273 5225 ρον
319 5155 524 5216 τίκτεις
579 5151 796 5222 βρέφος,
832 5150 1099 5221 ἄχραντον
1148 5150 1330 5221 φέρεις
1376 5147 1613 5210 τοκετὸν,
1647 5145 1711 5199 τδι

1836 5161 2159 5223 partumque
2205 5149 2349 5220 geris
2380 5147 2812 5207 immaculatum,
2842 5142 3101 5212 [omnium
3148 5138 3386 5193 condito-

173 5245 290 5298 τῶν
339 5245 476 5298 ὅλων
519 5241 746 5313 ποιητὴν
781 5242 1010 5313 Χριστὸν
1041 5241 1131 5293 τὸν
1161 5240 1313 5304 Θεὸν,
1360 5238 1520 5292 αὐτὸν
1550 5237 1711 5290 ὲκδυσ

1843 5258 1954 5296 rem
1970 5241 2246 5297 Christum
2268 5239 2458 5303 Deum,
2483 5237 2661 5307 ipsum
2679 5249 2867 5300 exora,
2892 5240 2950 5286 ut
2970 5230 3181 5286 cunctis
3214 5243 3395 5297 pacem

173 5336 402 5407 ώπησον
429 5334 742 5407 είρηνεῦσαι
765 5333 834 5387 τὰ
865 5333 1170 5402 σύμπαντα.

1841 5333 2124 5403 largiatur.

785 5425 1141 5481 Κατάϐασία.

2458 5418 2767 5475 Catabasia.

263 5518 325 5573 ὐ
351 5520 622 5575 θειότατος
648 5520 998 5589 προετύπωσε
1016 5517 1182 5569 πάλαι
1201 5515 1403 5582 Μωσῆς
1426 5513 1484 5567 ὲν
1511 5511 1711 5583 Ἐρυθρ

1914 5515 2055 5584 Olim
2085 5513 2301 5570 divinus
2327 5509 2539 5582 Moyses
2596 5507 2957 5580 praeliguravit
2985 5519 3198 5559 crucem
3232 5512 3401 5566 tuam,

177 5615 428 5684 θαλάσσῃ
461 5612 784 5674 διαϐιϐάσας
827 5609 1038 5681 Ἰσραὴλ
1087 5607 1176 5659 τὸν
1223 5604 1451 5674 σταυρόν
1492 5621 1609 5670 σου,
1643 5605 1711 5673 τὴ

1811 5644 1822 5690 μ
1851 5605 2139 5660 traducens
2168 5600 2426 5672 populum
2456 5598 2814 5653 lsraeliticum
2837 5610 2934 5665 per
2965 5608 3112 5698 mare
3135 5591 3402 5698 Riihl-um,

177 5707 360 5777 ὑγρὰν
480 5703 658 5774 ῥάϐδῳ
686 5700 888 5772 τεμὼν,
913 5700 1055 5772 ᾠδήν
1075 5715 1155 5751 σοι
1182 5696 1378 5762 ἐξόδιον
1400 5695 1711 5767 ἀναμέλπωι

1811 5681 1818 5690 ’
1852 5699 2001 5767 virga
2035 5695 2191 5767 aquis
2211 5691 2430 5756 divisis;
2464 5690 2734 5744 canticum
2756 5688 2936 5742 exitus
2956 5681 3261 5741 celebrandi
3285 5695 3409 5751 gra-

176 5798 386 5864 Χριστὲ
418 5800 446 5852 6
475 5796 628 5857 Θεός.

1853 5791 1926 5842 tia
1955 5787 2073 5849 tibi.
2114 5783 2324 5842 Christe
2353 5781 2514 5845 Deus.
2540 5781 2858 5838 decantans.
