  <div class='ocr_page' id='page_1' title='image "/cluster/home/n/w/nwhite01/storage/ocr_20150623/99/pst.000005714063/945.png"; bbox 0 0 3976 6314; ppageno 0'>
   <div class='ocr_carea' id='block_1_1' title="bbox 615 367 752 432">
    <p class='ocr_par' dir='ltr' id='par_1_1' title="bbox 615 367 752 432">
     <span class='ocr_line' id='line_1_1' title="bbox 615 367 752 432; baseline 0 0"><span class='ocrx_word' id='word_1_1' title='bbox 615 367 752 432; x_wconf 79' lang='lat'><strong>1759</strong></span> 
     </span>
    </p>
   </div>
   <div class='ocr_carea' id='block_1_2' title="bbox 1292 474 1532 532">
    <p class='ocr_par' dir='ltr' id='par_1_2' title="bbox 1292 474 1532 532">
     <span class='ocr_line' id='line_1_2' title="bbox 1292 474 1532 532; baseline 0 0"><span class='ocrx_word' id='word_1_2' title='bbox 1292 474 1429 532; x_wconf 82' lang='lat' dir='ltr'><strong>00A</strong></span> <span class='ocrx_word' id='word_1_3' title='bbox 1467 474 1532 532; x_wconf 88' lang='grc' dir='ltr'><strong>Π.</strong></span> 
     </span>
    </p>
   </div>
   <div class='ocr_carea' id='block_1_3' title="bbox 680 568 2175 634">
    <p class='ocr_par' dir='ltr' id='par_1_3' title="bbox 680 568 2175 634">
     <span class='ocr_line' id='line_1_3' title="bbox 680 568 2175 634; baseline -0.001 -11"><span class='ocrx_word' id='word_1_4' title='bbox 680 568 900 630; x_wconf 80' lang='lat' dir='ltr'><strong>Adeste,</strong></span> <span class='ocrx_word' id='word_1_5' title='bbox 935 582 1136 621; x_wconf 80' lang='lat' dir='ltr'><strong>novum</strong></span> <span class='ocrx_word' id='word_1_6' title='bbox 1167 569 1441 622; x_wconf 76' lang='lat' dir='ltr'><strong>canticum</strong></span> <span class='ocrx_word' id='word_1_7' title='bbox 1499 577 1803 634; x_wconf 75' lang='lat' dir='ltr'><strong>cantemus,</strong></span> <span class='ocrx_word' id='word_1_8' title='bbox 1843 569 2175 622; x_wconf 83' lang='lat' dir='ltr'><strong>destructio-</strong></span> 
     </span>
    </p>
   </div>
   <div class='ocr_carea' id='block_1_4' title="bbox 611 657 2177 728">
    <p class='ocr_par' dir='ltr' id='par_1_4' title="bbox 611 657 2177 728">
     <span class='ocr_line' id='line_1_4' title="bbox 611 657 2177 728; baseline -0.003 -12"><span class='ocrx_word' id='word_1_9' title='bbox 611 677 733 716; x_wconf 88' lang='lat' dir='ltr'><strong>nem</strong></span> <span class='ocrx_word' id='word_1_10' title='bbox 761 659 952 714; x_wconf 79' lang='lat' dir='ltr'><strong>inferni</strong></span> <span class='ocrx_word' id='word_1_11' title='bbox 983 659 1337 715; x_wconf 75' lang='lat' dir='ltr'><strong>celebrantes.</strong></span> <span class='ocrx_word' id='word_1_12' title='bbox 1374 657 1509 713; x_wconf 84' lang='lat' dir='ltr'><strong>Nam</strong></span> <span class='ocrx_word' id='word_1_13' title='bbox 1538 659 1790 714; x_wconf 79' lang='lat' dir='ltr'><strong>Christus</strong></span> <span class='ocrx_word' id='word_1_14' title='bbox 1825 673 1890 713; x_wconf 78' lang='lat' dir='ltr'><strong>ex</strong></span> <span class='ocrx_word' id='word_1_15' title='bbox 1929 660 2177 728; x_wconf 85' lang='lat' dir='ltr'><strong>sepulcro</strong></span> 
     </span>
    </p>
   </div>
   <div class='ocr_carea' id='block_1_5' title="bbox 613 750 1976 820">
    <p class='ocr_par' dir='ltr' id='par_1_5' title="bbox 613 750 1976 820">
     <span class='ocr_line' id='line_1_5' title="bbox 613 750 1976 820; baseline -0.002 -13"><span class='ocrx_word' id='word_1_16' title='bbox 613 753 843 817; x_wconf 80' lang='lat' dir='ltr'><strong>exstitit,</strong></span> <span class='ocrx_word' id='word_1_17' title='bbox 877 753 1087 807; x_wconf 78' lang='lat' dir='ltr'><strong>devicta</strong></span> <span class='ocrx_word' id='word_1_18' title='bbox 1111 761 1309 816; x_wconf 89' lang='lat' dir='ltr'><strong>morte,</strong></span> <span class='ocrx_word' id='word_1_19' title='bbox 1341 752 1704 820; x_wconf 85' lang='lat' dir='ltr'><strong>omnibusque</strong></span> <span class='ocrx_word' id='word_1_20' title='bbox 1737 750 1976 805; x_wconf 80' lang='lat' dir='ltr'><strong>salvatis.</strong></span> 
     </span>
    </p>
   </div>
   <div class='ocr_carea' id='block_1_6' title="bbox 681 847 2178 911">
    <p class='ocr_par' dir='ltr' id='par_1_6' title="bbox 681 847 2178 911">
     <span class='ocr_line' id='line_1_6' title="bbox 681 847 2178 911; baseline 0.001 -9"><span class='ocrx_word' id='word_1_21' title='bbox 681 851 880 902; x_wconf 87' lang='lat' dir='ltr'><strong>Adeste</strong></span> <span class='ocrx_word' id='word_1_22' title='bbox 921 849 1122 911; x_wconf 83' lang='lat' dir='ltr'><strong>ﬁdeles,</strong></span> <span class='ocrx_word' id='word_1_23' title='bbox 1174 847 1493 902; x_wconf 89' lang='lat' dir='ltr'><strong>hauriamus</strong></span> <span class='ocrx_word' id='word_1_24' title='bbox 1533 864 1598 901; x_wconf 81' lang='lat' dir='ltr'><strong>ex</strong></span> <span class='ocrx_word' id='word_1_25' title='bbox 1647 847 1793 901; x_wconf 79' lang='lat' dir='ltr'><strong>fonte</strong></span> <span class='ocrx_word' id='word_1_26' title='bbox 1848 848 2178 904; x_wconf 87' lang='lat' dir='ltr'><strong>scaturiente</strong></span> 
     </span>
    </p>
   </div>
   <div class='ocr_carea' id='block_1_7' title="bbox 613 935 2176 1007">
    <p class='ocr_par' dir='ltr' id='par_1_7' title="bbox 613 935 2176 1007">
     <span class='ocr_line' id='line_1_7' title="bbox 613 935 2176 1007; baseline 0.001 -16"><span class='ocrx_word' id='word_1_27' title='bbox 613 953 720 991; x_wconf 89' lang='lat' dir='ltr'><strong>non</strong></span> <span class='ocrx_word' id='word_1_28' title='bbox 753 953 948 1006; x_wconf 84' lang='lat' dir='ltr'><strong>aquam</strong></span> <span class='ocrx_word' id='word_1_29' title='bbox 980 938 1418 1007; x_wconf 85' lang='lat' dir='ltr'><strong>corruptibilem,</strong></span> <span class='ocrx_word' id='word_1_30' title='bbox 1461 938 1553 991; x_wconf 92' lang='lat' dir='ltr'><strong>sed</strong></span> <span class='ocrx_word' id='word_1_31' title='bbox 1587 935 1787 991; x_wconf 77' lang='lat' dir='ltr'><strong>furttem</strong></span> <span class='ocrx_word' id='word_1_32' title='bbox 1819 939 2176 994; x_wconf 86' lang='lat' dir='ltr'><strong>illuminatio-</strong></span> 
     </span>
    </p>
   </div>
   <div class='ocr_carea' id='block_1_8' title="bbox 613 1029 1932 1099">
    <p class='ocr_par' dir='ltr' id='par_1_8' title="bbox 613 1029 1932 1099">
     <span class='ocr_line' id='line_1_8' title="bbox 613 1029 1932 1099; baseline 0.001 -17"><span class='ocrx_word' id='word_1_33' title='bbox 613 1029 718 1093; x_wconf 91' lang='lat' dir='ltr'><strong>nis,</strong></span> <span class='ocrx_word' id='word_1_34' title='bbox 755 1030 1072 1083; x_wconf 87' lang='lat' dir='ltr'><strong>adoratione</strong></span> <span class='ocrx_word' id='word_1_35' title='bbox 1099 1031 1301 1088; x_wconf 89' lang='lat' dir='ltr'><strong>crucis.</strong></span> <span class='ocrx_word' id='word_1_36' title='bbox 1327 1030 1379 1082; x_wconf 94' lang='lat' dir='ltr'><strong>in</strong></span> <span class='ocrx_word' id='word_1_37' title='bbox 1402 1045 1508 1098; x_wconf 91' lang='lat' dir='ltr'><strong>qua</strong></span> <span class='ocrx_word' id='word_1_38' title='bbox 1532 1039 1585 1083; x_wconf 92' lang='lat' dir='ltr'><strong>et</strong></span> <span class='ocrx_word' id='word_1_39' title='bbox 1613 1029 1932 1099; x_wconf 82' lang='lat' dir='ltr'><strong>gloriamur.</strong></span> 
     </span>
    </p>
   </div>
   <div class='ocr_carea' id='block_1_9' title="bbox 673 1116 2173 1191">
    <p class='ocr_par' dir='ltr' id='par_1_9' title="bbox 673 1116 2173 1191">
     <span class='ocr_line' id='line_1_9' title="bbox 673 1116 2173 1191; baseline 0.003 -21"><span class='ocrx_word' id='word_1_40' title='bbox 673 1116 845 1182; x_wconf 87' lang='lat' dir='ltr'><strong>Quam</strong></span> <span class='ocrx_word' id='word_1_41' title='bbox 868 1118 998 1172; x_wconf 90' lang='lat' dir='ltr'><strong>olim</strong></span> <span class='ocrx_word' id='word_1_42' title='bbox 1029 1118 1237 1189; x_wconf 80' lang='lat' dir='ltr'><strong>Moyses</strong></span> <span class='ocrx_word' id='word_1_43' title='bbox 1264 1120 1516 1174; x_wconf 86' lang='lat' dir='ltr'><strong>manibus</strong></span> <span class='ocrx_word' id='word_1_44' title='bbox 1552 1120 1932 1191; x_wconf 76' lang='lat' dir='ltr'><strong>przeligurabat</strong></span> <span class='ocrx_word' id='word_1_45' title='bbox 1959 1135 2173 1174; x_wconf 87' lang='lat' dir='ltr'><strong>crucem</strong></span> 
     </span>
    </p>
   </div>
   <div class='ocr_carea' id='block_1_10' title="bbox 614 1207 2175 1276">
    <p class='ocr_par' dir='ltr' id='par_1_10' title="bbox 614 1207 2175 1276">
     <span class='ocr_line' id='line_1_10' title="bbox 614 1207 2175 1276; baseline 0.002 -19"><span class='ocrx_word' id='word_1_46' title='bbox 614 1212 762 1257; x_wconf 82' lang='lat' dir='ltr'><strong>tuam</strong></span> <span class='ocrx_word' id='word_1_47' title='bbox 799 1221 942 1260; x_wconf 93' lang='lat' dir='ltr'><strong>nunc</strong></span> <span class='ocrx_word' id='word_1_48' title='bbox 960 1207 1294 1268; x_wconf 81' lang='lat' dir='ltr'><strong>osculantes,</strong></span> <span class='ocrx_word' id='word_1_49' title='bbox 1320 1207 1542 1260; x_wconf 89' lang='lat' dir='ltr'><strong>Amalec</strong></span> <span class='ocrx_word' id='word_1_50' title='bbox 1573 1207 1868 1276; x_wconf 85' lang='lat' dir='ltr'><strong>spiritalem</strong></span> <span class='ocrx_word' id='word_1_51' title='bbox 1913 1207 1963 1260; x_wconf 92' lang='lat' dir='ltr'><strong>in</strong></span> <span class='ocrx_word' id='word_1_52' title='bbox 1996 1207 2175 1276; x_wconf 77' lang='lat' dir='ltr'><strong>fugam</strong></span> 
     </span>
    </p>
   </div>
   <div class='ocr_carea' id='block_1_11' title="bbox 613 1292 2172 1363">
    <p class='ocr_par' dir='ltr' id='par_1_11' title="bbox 613 1292 2172 1363">
     <span class='ocr_line' id='line_1_11' title="bbox 613 1292 2172 1363; baseline 0.001 -15"><span class='ocrx_word' id='word_1_53' title='bbox 613 1293 898 1358; x_wconf 79' lang='lat' dir='ltr'><strong>vertimus,</strong></span> <span class='ocrx_word' id='word_1_54' title='bbox 931 1292 1179 1357; x_wconf 89' lang='lat' dir='ltr'><strong>Domine,</strong></span> <span class='ocrx_word' id='word_1_55' title='bbox 1213 1309 1308 1363; x_wconf 87' lang='lat' dir='ltr'><strong>per</strong></span> <span class='ocrx_word' id='word_1_56' title='bbox 1335 1309 1496 1363; x_wconf 92' lang='lat' dir='ltr'><strong>quam</strong></span> <span class='ocrx_word' id='word_1_57' title='bbox 1523 1297 1686 1348; x_wconf 90' lang='lat' dir='ltr'><strong>etiam</strong></span> <span class='ocrx_word' id='word_1_58' title='bbox 1737 1294 1928 1348; x_wconf 83' lang='lat' dir='ltr'><strong>salvati</strong></span> <span class='ocrx_word' id='word_1_59' title='bbox 1962 1309 2172 1349; x_wconf 90' lang='lat' dir='ltr'><strong>sumus.</strong></span> 
     </span>
    </p>
   </div>
   <div class='ocr_carea' id='block_1_12' title="bbox 678 1386 2174 1456">
    <p class='ocr_par' dir='ltr' id='par_1_12' title="bbox 678 1386 2174 1456">
     <span class='ocr_line' id='line_1_12' title="bbox 678 1386 2174 1456; baseline 0.001 -16"><span class='ocrx_word' id='word_1_60' title='bbox 678 1386 864 1442; x_wconf 89' lang='lat' dir='ltr'><strong>Oculis</strong></span> <span class='ocrx_word' id='word_1_61' title='bbox 906 1396 960 1441; x_wconf 94' lang='lat' dir='ltr'><strong>et</strong></span> <span class='ocrx_word' id='word_1_62' title='bbox 994 1386 1152 1442; x_wconf 86' lang='lat' dir='ltr'><strong>labiis</strong></span> <span class='ocrx_word' id='word_1_63' title='bbox 1180 1388 1333 1456; x_wconf 91' lang='lat' dir='ltr'><strong>puris</strong></span> <span class='ocrx_word' id='word_1_64' title='bbox 1371 1389 1746 1443; x_wconf 80' lang='lat' dir='ltr'><strong>exsultationis</strong></span> <span class='ocrx_word' id='word_1_65' title='bbox 1784 1389 1950 1444; x_wconf 91' lang='lat' dir='ltr'><strong>melos</strong></span> <span class='ocrx_word' id='word_1_66' title='bbox 1982 1390 2174 1443; x_wconf 90' lang='lat' dir='ltr'><strong>modu-</strong></span> 
     </span>
    </p>
   </div>
   <div class='ocr_carea' id='block_1_13' title="bbox 613 1478 2176 1555">
    <p class='ocr_par' dir='ltr' id='par_1_13' title="bbox 613 1478 2176 1555">
     <span class='ocr_line' id='line_1_13' title="bbox 613 1478 2176 1555; baseline 0.004 -23"><span class='ocrx_word' id='word_1_67' title='bbox 613 1479 788 1534; x_wconf 86' lang='lat' dir='ltr'><strong>lantes</strong></span> <span class='ocrx_word' id='word_1_68' title='bbox 818 1478 1028 1533; x_wconf 89' lang='lat' dir='ltr'><strong>Domini</strong></span> <span class='ocrx_word' id='word_1_69' title='bbox 1061 1494 1278 1535; x_wconf 91' lang='lat' dir='ltr'><strong>crucem</strong></span> <span class='ocrx_word' id='word_1_70' title='bbox 1315 1496 1440 1535; x_wconf 91' lang='lat' dir='ltr'><strong>cum</strong></span> <span class='ocrx_word' id='word_1_71' title='bbox 1471 1482 1669 1552; x_wconf 88' lang='lat' dir='ltr'><strong>gaudio</strong></span> <span class='ocrx_word' id='word_1_72' title='bbox 1707 1483 1996 1539; x_wconf 85' lang='lat' dir='ltr'><strong>adoremus</strong></span> <span class='ocrx_word' id='word_1_73' title='bbox 2024 1485 2176 1555; x_wconf 89' lang='lat' dir='ltr'><strong>plau-</strong></span> 
     </span>
    </p>
   </div>
   <div class='ocr_carea' id='block_1_14' title="bbox 611 1567 1172 1624">
    <p class='ocr_par' dir='ltr' id='par_1_14' title="bbox 611 1567 1172 1624">
     <span class='ocr_line' id='line_1_14' title="bbox 611 1567 1172 1624; baseline 0.004 -2"><span class='ocrx_word' id='word_1_74' title='bbox 611 1567 803 1622; x_wconf 87' lang='lat' dir='ltr'><strong>dentes</strong></span> <span class='ocrx_word' id='word_1_75' title='bbox 833 1568 886 1621; x_wconf 92' lang='lat' dir='ltr'><strong>in</strong></span> <span class='ocrx_word' id='word_1_76' title='bbox 925 1568 1172 1624; x_wconf 90' lang='lat' dir='ltr'><strong>canticis.</strong></span> 
     </span>
    </p>
   </div>
   <div class='ocr_carea' id='block_1_15' title="bbox 1219 1655 1542 1710">
    <p class='ocr_par' dir='ltr' id='par_1_15' title="bbox 1219 1655 1542 1710">
     <span class='ocr_line' id='line_1_15' title="bbox 1219 1655 1542 1710; baseline 0 0"><span class='ocrx_word' id='word_1_77' title='bbox 1219 1655 1542 1710; x_wconf 80' lang='lat' dir='ltr'><strong>Triadicum.</strong></span> 
     </span>
    </p>
   </div>
   <div class='ocr_carea' id='block_1_16' title="bbox 683 1747 2174 1821">
    <p class='ocr_par' dir='ltr' id='par_1_16' title="bbox 683 1747 2174 1821">
     <span class='ocr_line' id='line_1_16' title="bbox 683 1747 2174 1821; baseline 0.003 -19"><span class='ocrx_word' id='word_1_78' title='bbox 683 1747 861 1803; x_wconf 87' lang='lat' dir='ltr'><strong>Unum</strong></span> <span class='ocrx_word' id='word_1_79' title='bbox 889 1748 940 1803; x_wconf 92' lang='lat' dir='ltr'><strong>in</strong></span> <span class='ocrx_word' id='word_1_80' title='bbox 972 1749 1145 1804; x_wconf 89' lang='lat' dir='ltr'><strong>tribus</strong></span> <span class='ocrx_word' id='word_1_81' title='bbox 1167 1750 1550 1820; x_wconf 85' lang='lat' dir='ltr'><strong>hypostasibus</strong></span> <span class='ocrx_word' id='word_1_82' title='bbox 1595 1748 1763 1804; x_wconf 89' lang='lat' dir='ltr'><strong>Deum</strong></span> <span class='ocrx_word' id='word_1_83' title='bbox 1799 1750 2052 1821; x_wconf 89' lang='lat' dir='ltr'><strong>principii</strong></span> <span class='ocrx_word' id='word_1_84' title='bbox 2077 1767 2174 1806; x_wconf 81' lang='lat' dir='ltr'><strong>ex-</strong></span> 
     </span>
    </p>
   </div>
   <div class='ocr_carea' id='block_1_17' title="bbox 1790 371 2667 433">
    <p class='ocr_par' dir='ltr' id='par_1_17' title="bbox 1790 371 2667 433">
     <span class='ocr_line' id='line_1_17' title="bbox 1790 371 2667 433; baseline 0.005 -4"><span class='ocrx_word' id='word_1_85' title='bbox 1790 371 1850 429; x_wconf 90' lang='lat' dir='ltr'><strong>S.</strong></span> <span class='ocrx_word' id='word_1_86' title='bbox 1887 371 2282 432; x_wconf 80' lang='lat' dir='ltr'><strong>TIIEODORI</strong></span> <span class='ocrx_word' id='word_1_87' title='bbox 2317 371 2667 433; x_wconf 73' lang='grc' dir='ltr'><strong>ΒΤυῡΙΤιΈ</strong></span> 
     </span>
    </p>
   </div>
   <div class='ocr_carea' id='block_1_18' title="bbox 3736 374 3857 437">
    <p class='ocr_par' dir='ltr' id='par_1_18' title="bbox 3736 374 3857 437">
     <span class='ocr_line' id='line_1_18' title="bbox 3736 374 3857 437; baseline 0.017 -2"><span class='ocrx_word' id='word_1_88' title='bbox 3736 374 3857 437; x_wconf 69' lang='lat'><strong>1760</strong></span> 
     </span>
    </p>
   </div>
   <div class='ocr_carea' id='block_1_19' title="bbox 2947 476 3184 549">
    <p class='ocr_par' dir='ltr' id='par_1_19' title="bbox 2947 476 3184 549">
     <span class='ocr_line' id='line_1_19' title="bbox 2947 476 3184 549; baseline 0.021 -20"><span class='ocrx_word' id='word_1_89' title='bbox 2947 478 3080 549; x_wconf 67' lang='lat' dir='ltr'><strong>om</strong></span> <span class='ocrx_word' id='word_1_90' title='bbox 3115 476 3184 535; x_wconf 76' lang='grc' dir='ltr'>Β.</span> 
     </span>
    </p>
   </div>
   <div class='ocr_carea' id='block_1_20' title="bbox 2347 565 3858 640">
    <p class='ocr_par' dir='ltr' id='par_1_20' title="bbox 2347 565 3858 640">
     <span class='ocr_line' id='line_1_20' title="bbox 2347 565 3858 640; baseline -0.001 -19"><span class='ocrx_word' id='word_1_91' title='bbox 2347 567 2538 634; x_wconf 82' lang='grc' dir='ltr'><strong>Δεῦτε,</strong></span> <span class='ocrx_word' id='word_1_92' title='bbox 2571 565 2722 640; x_wconf 72' lang='grc' dir='ltr'>ᾆσμα</span> <span class='ocrx_word' id='word_1_93' title='bbox 2747 568 2966 640; x_wconf 73' lang='grc' dir='ltr'>ᾅσωμεν</span> <span class='ocrx_word' id='word_1_94' title='bbox 3010 569 3196 622; x_wconf 80' lang='grc' dir='ltr'>καινὸν</span> <span class='ocrx_word' id='word_1_95' title='bbox 3239 567 3342 633; x_wconf 77' lang='grc' dir='ltr'><strong>τὴν</strong></span> <span class='ocrx_word' id='word_1_96' title='bbox 3387 568 3698 629; x_wconf 70' lang='grc' dir='ltr'><strong>κατάλυσιν</strong></span> <span class='ocrx_word' id='word_1_97' title='bbox 3741 570 3858 640; x_wconf 63' lang='grc' dir='ltr'><strong>μου</strong></span> 
     </span>
    </p>
   </div>
   <div class='ocr_carea' id='block_1_21' title="bbox 2279 659 3861 732">
    <p class='ocr_par' dir='ltr' id='par_1_21' title="bbox 2279 659 3861 732">
     <span class='ocr_line' id='line_1_21' title="bbox 2279 659 3861 732; baseline 0.001 -20"><span class='ocrx_word' id='word_1_98' title='bbox 2279 661 2762 732; x_wconf 80' lang='grc' dir='ltr'><strong>πανηγυρίζοντες.</strong></span> <span class='ocrx_word' id='word_1_99' title='bbox 2820 661 2914 712; x_wconf 83' lang='grc' dir='ltr'>Ἐκ</span> <span class='ocrx_word' id='word_1_100' title='bbox 2964 660 3072 730; x_wconf 73' lang='grc' dir='ltr'>γὰρ</span> <span class='ocrx_word' id='word_1_101' title='bbox 3116 659 3211 712; x_wconf 90' lang='grc' dir='ltr'><strong>τοῦ</strong></span> <span class='ocrx_word' id='word_1_102' title='bbox 3264 660 3440 727; x_wconf 70' lang='grc' dir='ltr'>τάφου</span> <span class='ocrx_word' id='word_1_103' title='bbox 3472 660 3721 730; x_wconf 77' lang='grc' dir='ltr'>Χριστὸς</span> <span class='ocrx_word' id='word_1_104' title='bbox 3773 664 3861 713; x_wconf 67' lang='grc' dir='ltr'>άν-</span> 
     </span>
    </p>
   </div>
   <div class='ocr_carea' id='block_1_22' title="bbox 2279 750 3757 823">
    <p class='ocr_par' dir='ltr' id='par_1_22' title="bbox 2279 750 3757 823">
     <span class='ocr_line' id='line_1_22' title="bbox 2279 750 3757 823; baseline 0.001 -17"><span class='ocrx_word' id='word_1_105' title='bbox 2279 752 2432 823; x_wconf 76' lang='grc' dir='ltr'>έστη,</span> <span class='ocrx_word' id='word_1_106' title='bbox 2461 753 2554 806; x_wconf 84' lang='grc' dir='ltr'>τὸν</span> <span class='ocrx_word' id='word_1_107' title='bbox 2579 752 2812 806; x_wconf 87' lang='grc' dir='ltr'>θάνατον</span> <span class='ocrx_word' id='word_1_108' title='bbox 2842 750 2978 804; x_wconf 77' lang='grc' dir='ltr'>ἑλὼν</span> <span class='ocrx_word' id='word_1_109' title='bbox 3007 751 3102 804; x_wconf 81' lang='grc' dir='ltr'>καὶ</span> <span class='ocrx_word' id='word_1_110' title='bbox 3137 750 3317 816; x_wconf 80' lang='grc' dir='ltr'>σώσας</span> <span class='ocrx_word' id='word_1_111' title='bbox 3338 753 3409 805; x_wconf 74' lang='grc' dir='ltr'><strong>τά</strong></span> <span class='ocrx_word' id='word_1_112' title='bbox 3434 751 3757 821; x_wconf 77' lang='grc' dir='ltr'>σύμπαντα.</span> 
     </span>
    </p>
   </div>
   <div class='ocr_carea' id='block_1_23' title="bbox 2347 841 3858 914">
    <p class='ocr_par' dir='ltr' id='par_1_23' title="bbox 2347 841 3858 914">
     <span class='ocr_line' id='line_1_23' title="bbox 2347 841 3858 914; baseline -0.001 -19"><span class='ocrx_word' id='word_1_113' title='bbox 2347 843 2508 899; x_wconf 80' lang='grc' dir='ltr'><strong>Δεῦτε</strong></span> <span class='ocrx_word' id='word_1_114' title='bbox 2542 842 2888 914; x_wconf 86' lang='grc' dir='ltr'>ἀρυσώμεθα,</span> <span class='ocrx_word' id='word_1_115' title='bbox 2912 841 3114 904; x_wconf 70' lang='grc' dir='ltr'>πιστοὶ,</span> <span class='ocrx_word' id='word_1_116' title='bbox 3145 842 3318 895; x_wconf 77' lang='grc' dir='ltr'>οὐκέκ</span> <span class='ocrx_word' id='word_1_117' title='bbox 3339 843 3556 912; x_wconf 79' lang='grc' dir='ltr'><strong>κρήνης</strong></span> <span class='ocrx_word' id='word_1_118' title='bbox 3591 842 3858 912; x_wconf 67' lang='grc' dir='ltr'>βρυοῦσπτς</span> 
     </span>
    </p>
   </div>
   <div class='ocr_carea' id='block_1_24' title="bbox 2279 933 3856 1007">
    <p class='ocr_par' dir='ltr' id='par_1_24' title="bbox 2279 933 3856 1007">
     <span class='ocr_line' id='line_1_24' title="bbox 2279 933 3856 1007; baseline -0.002 -18"><span class='ocrx_word' id='word_1_119' title='bbox 2279 935 2421 1006; x_wconf 78' lang='grc' dir='ltr'>ὕδωρ</span> <span class='ocrx_word' id='word_1_120' title='bbox 2455 935 2826 1007; x_wconf 83' lang='grc' dir='ltr'>φθειρόμενον,</span> <span class='ocrx_word' id='word_1_121' title='bbox 2853 933 2991 987; x_wconf 82' lang='grc' dir='ltr'>ἀλλὰ</span> <span class='ocrx_word' id='word_1_122' title='bbox 3036 934 3220 1005; x_wconf 82' lang='grc' dir='ltr'>πηγὴν</span> <span class='ocrx_word' id='word_1_123' title='bbox 3261 934 3580 1004; x_wconf 75' lang='grc' dir='ltr'>φωτισμοῦ,</span> <span class='ocrx_word' id='word_1_124' title='bbox 3630 935 3856 1004; x_wconf 71' lang='grc' dir='ltr'>σταυροῦ</span> 
     </span>
    </p>
   </div>
   <div class='ocr_carea' id='block_1_25' title="bbox 2277 1021 3738 1099">
    <p class='ocr_par' dir='ltr' id='par_1_25' title="bbox 2277 1021 3738 1099">
     <span class='ocr_line' id='line_1_25' title="bbox 2277 1021 3738 1099; baseline 0.001 -19"><span class='ocrx_word' id='word_1_125' title='bbox 2277 1029 2642 1099; x_wconf 79' lang='grc' dir='ltr'>προσκυνήσει</span> <span class='ocrx_word' id='word_1_126' title='bbox 2664 1027 2759 1081; x_wconf 89' lang='grc' dir='ltr'><strong>τοῦ</strong></span> <span class='ocrx_word' id='word_1_127' title='bbox 2784 1027 3042 1098; x_wconf 76' lang='grc' dir='ltr'>Χριστοῦ,</span> <span class='ocrx_word' id='word_1_128' title='bbox 3079 1029 3136 1080; x_wconf 84' lang='grc' dir='ltr'>ὲν</span> <span class='ocrx_word' id='word_1_129' title='bbox 3169 1021 3214 1095; x_wconf 82' lang='grc' dir='ltr'>ᾧ</span> <span class='ocrx_word' id='word_1_130' title='bbox 3242 1028 3338 1080; x_wconf 68' lang='grc' dir='ltr'>καὶ</span> <span class='ocrx_word' id='word_1_131' title='bbox 3372 1028 3738 1096; x_wconf 74' lang='grc' dir='ltr'><strong>καυχώμεθα.</strong></span> 
     </span>
    </p>
   </div>
   <div class='ocr_carea' id='block_1_26' title="bbox 2349 1120 3856 1190">
    <p class='ocr_par' dir='ltr' id='par_1_26' title="bbox 2349 1120 3856 1190">
     <span class='ocr_line' id='line_1_26' title="bbox 2349 1120 3856 1190; baseline -0.001 -18"><span class='ocrx_word' id='word_1_132' title='bbox 2349 1120 2521 1174; x_wconf 80' lang='grc' dir='ltr'><strong>Πάλαι</strong></span> <span class='ocrx_word' id='word_1_133' title='bbox 2551 1120 2608 1172; x_wconf 80' lang='grc' dir='ltr'>ὃν</span> <span class='ocrx_word' id='word_1_134' title='bbox 2641 1121 2838 1174; x_wconf 79' lang='grc' dir='ltr'>ὲτύπου</span> <span class='ocrx_word' id='word_1_135' title='bbox 2874 1120 3119 1190; x_wconf 84' lang='grc' dir='ltr'>Μωῦσῆς</span> <span class='ocrx_word' id='word_1_136' title='bbox 3144 1121 3267 1182; x_wconf 79' lang='grc' dir='ltr'>ταῖς</span> <span class='ocrx_word' id='word_1_137' title='bbox 3299 1120 3594 1189; x_wconf 80' lang='grc' dir='ltr'>παλάμαις</span> <span class='ocrx_word' id='word_1_138' title='bbox 3630 1122 3856 1189; x_wconf 66' lang='grc' dir='ltr'>σταυρόν</span> 
     </span>
    </p>
   </div>
   <div class='ocr_carea' id='block_1_27' title="bbox 2278 1209 3856 1282">
    <p class='ocr_par' dir='ltr' id='par_1_27' title="bbox 2278 1209 3856 1282">
     <span class='ocr_line' id='line_1_27' title="bbox 2278 1209 3856 1282; baseline 0.001 -19"><span class='ocrx_word' id='word_1_139' title='bbox 2278 1227 2370 1263; x_wconf 92' lang='grc' dir='ltr'><strong>σου</strong></span> <span class='ocrx_word' id='word_1_140' title='bbox 2400 1209 2494 1263; x_wconf 92' lang='grc' dir='ltr'><strong>νῦν</strong></span> <span class='ocrx_word' id='word_1_141' title='bbox 2523 1212 3047 1281; x_wconf 87' lang='grc' dir='ltr'>προσπτυσσόμενοι,</span> <span class='ocrx_word' id='word_1_142' title='bbox 3101 1211 3192 1264; x_wconf 77' lang='grc' dir='ltr'><strong>τὸν</strong></span> <span class='ocrx_word' id='word_1_143' title='bbox 3223 1211 3413 1282; x_wconf 76' lang='grc' dir='ltr'>νοητὸν</span> <span class='ocrx_word' id='word_1_144' title='bbox 3455 1212 3715 1282; x_wconf 79' lang='grc' dir='ltr'>Ἀμαλὴκ</span> <span class='ocrx_word' id='word_1_145' title='bbox 3741 1230 3856 1282; x_wconf 79' lang='grc' dir='ltr'>τρο-</span> 
     </span>
    </p>
   </div>
   <div class='ocr_carea' id='block_1_28' title="bbox 2276 1293 3719 1374">
    <p class='ocr_par' dir='ltr' id='par_1_28' title="bbox 2276 1293 3719 1374">
     <span class='ocr_line' id='line_1_28' title="bbox 2276 1293 3719 1374; baseline -0.001 -20"><span class='ocrx_word' id='word_1_146' title='bbox 2276 1301 2548 1370; x_wconf 84' lang='grc' dir='ltr'>πούμεθα,</span> <span class='ocrx_word' id='word_1_147' title='bbox 2572 1303 2813 1355; x_wconf 81' lang='grc' dir='ltr'>Δέσποτα</span> <span class='ocrx_word' id='word_1_148' title='bbox 2843 1303 3034 1374; x_wconf 82' lang='grc' dir='ltr'>Κύριε,</span> <span class='ocrx_word' id='word_1_149' title='bbox 3058 1302 3126 1354; x_wconf 86' lang='grc' dir='ltr'><strong>δι’</strong></span> <span class='ocrx_word' id='word_1_150' title='bbox 3151 1293 3214 1354; x_wconf 80' lang='grc' dir='ltr'><strong>οῦ</strong></span> <span class='ocrx_word' id='word_1_151' title='bbox 3242 1304 3334 1354; x_wconf 79' lang='grc' dir='ltr'>καὶ</span> <span class='ocrx_word' id='word_1_152' title='bbox 3363 1302 3719 1371; x_wconf 77' lang='grc' dir='ltr'>σεσώσμεθα.</span> 
     </span>
    </p>
   </div>
   <div class='ocr_carea' id='block_1_29' title="bbox 2351 1393 3854 1462">
    <p class='ocr_par' dir='ltr' id='par_1_29' title="bbox 2351 1393 3854 1462">
     <span class='ocr_line' id='line_1_29' title="bbox 2351 1393 3854 1462; baseline 0.001 -18"><span class='ocrx_word' id='word_1_153' title='bbox 2351 1394 2598 1461; x_wconf 83' lang='grc' dir='ltr'>Ὀμμασι</span> <span class='ocrx_word' id='word_1_154' title='bbox 2642 1394 2736 1446; x_wconf 70' lang='grc' dir='ltr'>καὶ</span> <span class='ocrx_word' id='word_1_155' title='bbox 2773 1393 3010 1462; x_wconf 83' lang='grc' dir='ltr'>χείλεσιν</span> <span class='ocrx_word' id='word_1_156' title='bbox 3040 1395 3221 1460; x_wconf 79' lang='grc' dir='ltr'>ἁγνοῖς</span> <span class='ocrx_word' id='word_1_157' title='bbox 3251 1393 3657 1461; x_wconf 78' lang='grc' dir='ltr'>ἀνακρούοντες</span> <span class='ocrx_word' id='word_1_158' title='bbox 3703 1393 3854 1460; x_wconf 81' lang='grc' dir='ltr'>μέλος</span> 
     </span>
    </p>
   </div>
   <div class='ocr_carea' id='block_1_30' title="bbox 2273 1481 3853 1554">
    <p class='ocr_par' dir='ltr' id='par_1_30' title="bbox 2273 1481 3853 1554">
     <span class='ocr_line' id='line_1_30' title="bbox 2273 1481 3853 1554; baseline -0.001 -18"><span class='ocrx_word' id='word_1_159' title='bbox 2273 1481 2664 1549; x_wconf 82' lang='grc' dir='ltr'>ἀγαλλιάσεως,</span> <span class='ocrx_word' id='word_1_160' title='bbox 2687 1481 2778 1536; x_wconf 81' lang='grc' dir='ltr'>τὸν</span> <span class='ocrx_word' id='word_1_161' title='bbox 2807 1482 2901 1536; x_wconf 88' lang='grc' dir='ltr'><strong>τοῦ</strong></span> <span class='ocrx_word' id='word_1_162' title='bbox 2934 1485 3138 1554; x_wconf 80' lang='grc' dir='ltr'>Κυρίου</span> <span class='ocrx_word' id='word_1_163' title='bbox 3169 1483 3400 1551; x_wconf 84' lang='grc' dir='ltr'>σταυρὸν</span> <span class='ocrx_word' id='word_1_164' title='bbox 3437 1484 3587 1554; x_wconf 79' lang='grc' dir='ltr'>χαρᾷ</span> <span class='ocrx_word' id='word_1_165' title='bbox 3619 1501 3853 1554; x_wconf 73' lang='grc' dir='ltr'>προσκυο</span> 
     </span>
    </p>
   </div>
   <div class='ocr_carea' id='block_1_31' title="bbox 2275 1573 3458 1646">
    <p class='ocr_par' dir='ltr' id='par_1_31' title="bbox 2275 1573 3458 1646">
     <span class='ocr_line' id='line_1_31' title="bbox 2275 1573 3458 1646; baseline 0.002 -20"><span class='ocrx_word' id='word_1_166' title='bbox 2275 1574 2527 1644; x_wconf 83' lang='grc' dir='ltr'>νήσωμεν</span> <span class='ocrx_word' id='word_1_167' title='bbox 2555 1574 2734 1626; x_wconf 75' lang='grc' dir='ltr'>πιστοὶ</span> <span class='ocrx_word' id='word_1_168' title='bbox 2762 1573 3080 1644; x_wconf 82' lang='grc' dir='ltr'>κροτοῦντες</span> <span class='ocrx_word' id='word_1_169' title='bbox 3108 1576 3164 1627; x_wconf 79' lang='grc' dir='ltr'>ἐν</span> <span class='ocrx_word' id='word_1_170' title='bbox 3196 1575 3458 1646; x_wconf 76' lang='grc' dir='ltr'>ᾅσμασιν.</span> 
     </span>
    </p>
   </div>
   <div class='ocr_carea' id='block_1_32' title="bbox 2851 1664 3210 1734">
    <p class='ocr_par' dir='ltr' id='par_1_32' title="bbox 2851 1664 3210 1734">
     <span class='ocr_line' id='line_1_32' title="bbox 2851 1664 3210 1734; baseline -0.003 -16"><span class='ocrx_word' id='word_1_171' title='bbox 2851 1664 3178 1734; x_wconf 79' lang='grc' dir='ltr'>Τριαδικόν.</span> <span class='ocrx_word' id='word_1_172' title='bbox 3191 1704 3210 1717; x_wconf 93' lang='grc'><strong>.</strong></span> 
     </span>
    </p>
   </div>
   <div class='ocr_carea' id='block_1_33' title="bbox 2346 1753 3856 1825">
    <p class='ocr_par' dir='ltr' id='par_1_33' title="bbox 2346 1753 3856 1825">
     <span class='ocr_line' id='line_1_33' title="bbox 2346 1753 3856 1825; baseline -0.001 -19"><span class='ocrx_word' id='word_1_173' title='bbox 2346 1753 2482 1807; x_wconf 86' lang='grc' dir='ltr'>Ἕνα</span> <span class='ocrx_word' id='word_1_174' title='bbox 2513 1753 2840 1808; x_wconf 83' lang='grc' dir='ltr'>ὑποστάσεσι</span> <span class='ocrx_word' id='word_1_175' title='bbox 2870 1755 3018 1825; x_wconf 77' lang='grc' dir='ltr'>τρισὶ</span> <span class='ocrx_word' id='word_1_176' title='bbox 3045 1754 3174 1808; x_wconf 80' lang='grc' dir='ltr'>Θεὸν</span> <span class='ocrx_word' id='word_1_177' title='bbox 3205 1755 3439 1824; x_wconf 78' lang='grc' dir='ltr'>ἄναρχον</span> <span class='ocrx_word' id='word_1_178' title='bbox 3476 1755 3650 1816; x_wconf 80' lang='grc' dir='ltr'>σέεω,</span> <span class='ocrx_word' id='word_1_179' title='bbox 3679 1755 3756 1825; x_wconf 78' lang='grc' dir='ltr'>μὴ</span> <span class='ocrx_word' id='word_1_180' title='bbox 3785 1756 3856 1806; x_wconf 86' lang='grc' dir='ltr'><strong>δι-</strong></span> 
     </span>
    </p>
   </div>
   <div class='ocr_carea' id='block_1_34' title="bbox 610 1819 2170 1919">
    <p class='ocr_par' dir='ltr' id='par_1_34' title="bbox 610 1819 2170 1906">
     <span class='ocr_line' id='line_1_34' title="bbox 610 1819 2170 1906; baseline 0.004 -17"><span class='ocrx_word' id='word_1_181' title='bbox 610 1846 814 1906; x_wconf 85' lang='lat' dir='ltr'><strong>pertem</strong></span> <span class='ocrx_word' id='word_1_182' title='bbox 851 1838 991 1901; x_wconf 90' lang='lat' dir='ltr'><strong>colo,</strong></span> <span class='ocrx_word' id='word_1_183' title='bbox 1037 1852 1142 1890; x_wconf 90' lang='lat' dir='ltr'><strong>non</strong></span> <span class='ocrx_word' id='word_1_184' title='bbox 1179 1819 1471 1892; x_wconf 87' lang='lat' dir='ltr'><strong>discretum</strong></span> <span class='ocrx_word' id='word_1_185' title='bbox 1525 1837 1764 1892; x_wconf 87' lang='lat' dir='ltr'><strong>essentia</strong></span> <span class='ocrx_word' id='word_1_186' title='bbox 1796 1819 2034 1902; x_wconf 72' lang='lat' dir='ltr'><strong>Patrem,</strong></span> <span class='ocrx_word' id='word_1_187' title='bbox 2085 1839 2170 1895; x_wconf 86' lang='lat' dir='ltr'><strong>Fi-</strong></span> 
     </span>
    </p>
   </div>
   <div class='ocr_carea' id='block_1_35' title="bbox 2298 1819 3854 1919">
    <p class='ocr_par' dir='ltr' id='par_1_35' title="bbox 2298 1819 3854 1919">
     <span class='ocr_line' id='line_1_35' title="bbox 2298 1819 3854 1919; baseline 0 -23"><span class='ocrx_word' id='word_1_188' title='bbox 2298 1845 2598 1919; x_wconf 77' lang='grc' dir='ltr'>ιιροῦμενον</span> <span class='ocrx_word' id='word_1_189' title='bbox 2637 1847 2702 1916; x_wconf 79' lang='grc' dir='ltr'>τῇ</span> <span class='ocrx_word' id='word_1_190' title='bbox 2732 1848 2831 1917; x_wconf 81' lang='grc' dir='ltr'>τῆς</span> <span class='ocrx_word' id='word_1_191' title='bbox 2857 1819 3045 1910; x_wconf 77' lang='grc' dir='ltr'>οῦσίας</span> <span class='ocrx_word' id='word_1_192' title='bbox 3074 1848 3252 1916; x_wconf 75' lang='grc' dir='ltr'>μορφῇ</span> <span class='ocrx_word' id='word_1_193' title='bbox 3302 1819 3546 1915; x_wconf 72' lang='grc' dir='ltr'>Πατέρα,</span> <span class='ocrx_word' id='word_1_194' title='bbox 3585 1819 3854 1909; x_wconf 40' lang='grc' dir='ltr'>Υἰόνίκαὶ</span> 
     </span>
    </p>
   </div>
   <div class='ocr_carea' id='block_1_36' title="bbox 611 1927 2177 2000">
    <p class='ocr_par' dir='ltr' id='par_1_36' title="bbox 611 1927 2177 2000">
     <span class='ocr_line' id='line_1_36' title="bbox 611 1927 2177 2000; baseline 0.003 -18"><span class='ocrx_word' id='word_1_195' title='bbox 611 1928 768 1993; x_wconf 89' lang='lat' dir='ltr'><strong>lium,</strong></span> <span class='ocrx_word' id='word_1_196' title='bbox 813 1939 866 1984; x_wconf 93' lang='lat' dir='ltr'><strong>et</strong></span> <span class='ocrx_word' id='word_1_197' title='bbox 907 1929 1170 1998; x_wconf 88' lang='lat' dir='ltr'><strong>Spiritum</strong></span> <span class='ocrx_word' id='word_1_198' title='bbox 1218 1927 1514 1996; x_wconf 78' lang='lat' dir='ltr'><strong>viviticum,</strong></span> <span class='ocrx_word' id='word_1_199' title='bbox 1569 1929 1622 1982; x_wconf 92' lang='lat' dir='ltr'><strong>in</strong></span> <span class='ocrx_word' id='word_1_200' title='bbox 1672 1945 1904 2000; x_wconf 90' lang='lat' dir='ltr'><strong>quorum</strong></span> <span class='ocrx_word' id='word_1_201' title='bbox 1955 1931 2177 1989; x_wconf 83' lang='lat' dir='ltr'><strong>nomine</strong></span> 
     </span>
    </p>
   </div>
   <div class='ocr_carea' id='block_1_37' title="bbox 610 2020 1093 2090">
    <p class='ocr_par' dir='ltr' id='par_1_37' title="bbox 610 2020 1093 2090">
     <span class='ocr_line' id='line_1_37' title="bbox 610 2020 1093 2090; baseline 0 -16"><span class='ocrx_word' id='word_1_202' title='bbox 610 2020 869 2090; x_wconf 81' lang='lat' dir='ltr'><strong>baptizati</strong></span> <span class='ocrx_word' id='word_1_203' title='bbox 899 2035 1093 2075; x_wconf 91' lang='lat' dir='ltr'><strong>sumus</strong></span> 
     </span>
    </p>
   </div>
   <div class='ocr_carea' id='block_1_38' title="bbox 1212 2113 1570 2172">
    <p class='ocr_par' dir='ltr' id='par_1_38' title="bbox 1212 2113 1570 2172">
     <span class='ocr_line' id='line_1_38' title="bbox 1212 2113 1570 2172; baseline 0.011 -4"><span class='ocrx_word' id='word_1_204' title='bbox 1212 2113 1570 2172; x_wconf 82' lang='lat' dir='ltr'><strong>Tlteotocium.</strong></span> 
     </span>
    </p>
   </div>
   <div class='ocr_carea' id='block_1_39' title="bbox 680 2203 2176 2278">
    <p class='ocr_par' dir='ltr' id='par_1_39' title="bbox 680 2203 2176 2278">
     <span class='ocr_line' id='line_1_39' title="bbox 680 2203 2176 2278; baseline -0.001 -18"><span class='ocrx_word' id='word_1_205' title='bbox 680 2206 739 2260; x_wconf 90' lang='lat' dir='ltr'><strong>In</strong></span> <span class='ocrx_word' id='word_1_206' title='bbox 764 2206 900 2261; x_wconf 90' lang='lat' dir='ltr'><strong>rubo</strong></span> <span class='ocrx_word' id='word_1_207' title='bbox 949 2207 1077 2262; x_wconf 91' lang='lat' dir='ltr'><strong>olim</strong></span> <span class='ocrx_word' id='word_1_208' title='bbox 1141 2207 1354 2278; x_wconf 78' lang='lat' dir='ltr'><strong>Moyses</strong></span> <span class='ocrx_word' id='word_1_209' title='bbox 1420 2207 1736 2278; x_wconf 88' lang='lat' dir='ltr'><strong>mysterium</strong></span> <span class='ocrx_word' id='word_1_210' title='bbox 1795 2213 1944 2260; x_wconf 90' lang='lat' dir='ltr'><strong>tuum</strong></span> <span class='ocrx_word' id='word_1_211' title='bbox 1998 2203 2176 2274; x_wconf 81' lang='lat' dir='ltr'><strong>typice</strong></span> 
     </span>
    </p>
   </div>
   <div class='ocr_carea' id='block_1_40' title="bbox 609 2293 2175 2362">
    <p class='ocr_par' dir='ltr' id='par_1_40' title="bbox 609 2293 2175 2362">
     <span class='ocr_line' id='line_1_40' title="bbox 609 2293 2175 2362; baseline 0.003 -15"><span class='ocrx_word' id='word_1_212' title='bbox 609 2293 764 2360; x_wconf 81' lang='lat' dir='ltr'><strong>vidit,</strong></span> <span class='ocrx_word' id='word_1_213' title='bbox 805 2313 838 2352; x_wconf 95' lang='lat' dir='ltr'><strong>o</strong></span> <span class='ocrx_word' id='word_1_214' title='bbox 869 2299 1194 2353; x_wconf 84' lang='lat' dir='ltr'><strong>veneranda.</strong></span> <span class='ocrx_word' id='word_1_215' title='bbox 1237 2298 1304 2353; x_wconf 90' lang='lat' dir='ltr'><strong>Ut</strong></span> <span class='ocrx_word' id='word_1_216' title='bbox 1329 2300 1473 2352; x_wconf 91' lang='lat' dir='ltr'><strong>enim</strong></span> <span class='ocrx_word' id='word_1_217' title='bbox 1511 2299 1660 2351; x_wconf 92' lang='lat' dir='ltr'><strong>illum</strong></span> <span class='ocrx_word' id='word_1_218' title='bbox 1689 2297 1926 2362; x_wconf 85' lang='lat' dir='ltr'><strong>ﬂamma,</strong></span> <span class='ocrx_word' id='word_1_219' title='bbox 1955 2297 2034 2353; x_wconf 89' lang='lat' dir='ltr'><strong>sic</strong></span> <span class='ocrx_word' id='word_1_220' title='bbox 2056 2305 2175 2351; x_wconf 90' lang='lat' dir='ltr'><strong>ute-</strong></span> 
     </span>
    </p>
   </div>
   <div class='ocr_carea' id='block_1_41' title="bbox 610 2393 1840 2462">
    <p class='ocr_par' dir='ltr' id='par_1_41' title="bbox 610 2393 1840 2462">
     <span class='ocr_line' id='line_1_41' title="bbox 610 2393 1840 2462; baseline 0.005 -20"><span class='ocrx_word' id='word_1_221' title='bbox 610 2403 730 2442; x_wconf 91' lang='lat' dir='ltr'><strong>rum</strong></span> <span class='ocrx_word' id='word_1_222' title='bbox 767 2398 918 2445; x_wconf 92' lang='lat' dir='ltr'><strong>tuum</strong></span> <span class='ocrx_word' id='word_1_223' title='bbox 953 2394 1091 2462; x_wconf 92' lang='lat' dir='ltr'><strong>ignis</strong></span> <span class='ocrx_word' id='word_1_224' title='bbox 1123 2393 1431 2448; x_wconf 83' lang='lat' dir='ltr'><strong>Divinitatis</strong></span> <span class='ocrx_word' id='word_1_225' title='bbox 1469 2409 1576 2447; x_wconf 90' lang='lat' dir='ltr'><strong>non</strong></span> <span class='ocrx_word' id='word_1_226' title='bbox 1611 2393 1840 2448; x_wconf 86' lang='lat' dir='ltr'><strong>adussit.</strong></span> 
     </span>
    </p>
   </div>
   <div class='ocr_carea' id='block_1_42' title="bbox 1234 2483 1546 2537">
    <p class='ocr_par' dir='ltr' id='par_1_42' title="bbox 1234 2483 1546 2537">
     <span class='ocr_line' id='line_1_42' title="bbox 1234 2483 1546 2537; baseline 0.003 -1"><span class='ocrx_word' id='word_1_227' title='bbox 1234 2483 1546 2537; x_wconf 79' lang='lat' dir='ltr'><strong>Catabasia.</strong></span> 
     </span>
    </p>
   </div>
   <div class='ocr_carea' id='block_1_43' title="bbox 673 2572 2173 2643">
    <p class='ocr_par' dir='ltr' id='par_1_43' title="bbox 673 2572 2173 2643">
     <span class='ocr_line' id='line_1_43' title="bbox 673 2572 2173 2643; baseline 0.002 -17"><span class='ocrx_word' id='word_1_228' title='bbox 673 2572 946 2628; x_wconf 82' lang='lat' dir='ltr'><strong>Conlirma</strong></span> <span class='ocrx_word' id='word_1_229' title='bbox 968 2590 1072 2639; x_wconf 91' lang='lat' dir='ltr'><strong>me,</strong></span> <span class='ocrx_word' id='word_1_230' title='bbox 1111 2575 1359 2639; x_wconf 86' lang='lat' dir='ltr'><strong>Domine,</strong></span> <span class='ocrx_word' id='word_1_231' title='bbox 1389 2590 1550 2628; x_wconf 90' lang='lat' dir='ltr'><strong>cruce</strong></span> <span class='ocrx_word' id='word_1_232' title='bbox 1582 2584 1672 2629; x_wconf 92' lang='lat' dir='ltr'><strong>tua</strong></span> <span class='ocrx_word' id='word_1_233' title='bbox 1695 2576 1748 2628; x_wconf 93' lang='lat' dir='ltr'><strong>in</strong></span> <span class='ocrx_word' id='word_1_234' title='bbox 1772 2583 1920 2643; x_wconf 87' lang='lat' dir='ltr'><strong>petra</strong></span> <span class='ocrx_word' id='word_1_235' title='bbox 1944 2574 2086 2640; x_wconf 77' lang='lat' dir='ltr'><strong>fidei,</strong></span> <span class='ocrx_word' id='word_1_236' title='bbox 2105 2589 2173 2629; x_wconf 87' lang='lat' dir='ltr'><strong>ne</strong></span> 
     </span>
    </p>
   </div>
   <div class='ocr_carea' id='block_1_44' title="bbox 609 2666 2171 2736">
    <p class='ocr_par' dir='ltr' id='par_1_44' title="bbox 609 2666 2171 2736">
     <span class='ocr_line' id='line_1_44' title="bbox 609 2666 2171 2736; baseline 0.004 -19"><span class='ocrx_word' id='word_1_237' title='bbox 609 2680 762 2721; x_wconf 87' lang='lat' dir='ltr'><strong>mens</strong></span> <span class='ocrx_word' id='word_1_238' title='bbox 801 2682 917 2719; x_wconf 86' lang='lat' dir='ltr'><strong>mea</strong></span> <span class='ocrx_word' id='word_1_239' title='bbox 959 2667 1320 2736; x_wconf 87' lang='lat' dir='ltr'><strong>impressione</strong></span> <span class='ocrx_word' id='word_1_240' title='bbox 1360 2667 1567 2721; x_wconf 87' lang='lat' dir='ltr'><strong>inimici</strong></span> <span class='ocrx_word' id='word_1_241' title='bbox 1604 2667 1966 2722; x_wconf 86' lang='lat' dir='ltr'><strong>concutiatur.</strong></span> <span class='ocrx_word' id='word_1_242' title='bbox 2013 2666 2171 2724; x_wconf 85' lang='lat' dir='ltr'><strong>Solus</strong></span> 
     </span>
    </p>
   </div>
   <div class='ocr_carea' id='block_1_45' title="bbox 607 2757 1120 2814">
    <p class='ocr_par' dir='ltr' id='par_1_45' title="bbox 607 2757 1120 2814">
     <span class='ocr_line' id='line_1_45' title="bbox 607 2757 1120 2814; baseline 0.006 -3"><span class='ocrx_word' id='word_1_243' title='bbox 607 2757 751 2812; x_wconf 89' lang='lat' dir='ltr'><strong>enim</strong></span> <span class='ocrx_word' id='word_1_244' title='bbox 789 2768 1010 2813; x_wconf 89' lang='lat' dir='ltr'><strong>sanctus</strong></span> <span class='ocrx_word' id='word_1_245' title='bbox 1040 2775 1120 2814; x_wconf 91' lang='lat' dir='ltr'><strong>es.</strong></span> 
     </span>
    </p>
   </div>
   <div class='ocr_carea' id='block_1_46' title="bbox 1262 2869 1530 2929">
    <p class='ocr_par' dir='ltr' id='par_1_46' title="bbox 1262 2869 1530 2929">
     <span class='ocr_line' id='line_1_46' title="bbox 1262 2869 1530 2929; baseline 0.004 -2"><span class='ocrx_word' id='word_1_246' title='bbox 1262 2869 1399 2927; x_wconf 88' lang='lat' dir='ltr'><strong>ODA</strong></span> <span class='ocrx_word' id='word_1_247' title='bbox 1437 2869 1530 2929; x_wconf 83' lang='grc' dir='ltr'>ΠΙ.</span> 
     </span>
    </p>
   </div>
   <div class='ocr_carea' id='block_1_47' title="bbox 672 2986 2165 3056">
    <p class='ocr_par' dir='ltr' id='par_1_47' title="bbox 672 2986 2165 3056">
     <span class='ocr_line' id='line_1_47' title="bbox 672 2986 2165 3056; baseline -0.001 -15"><span class='ocrx_word' id='word_1_248' title='bbox 672 2987 810 3042; x_wconf 86' lang='lat' dir='ltr'><strong>Ecce</strong></span> <span class='ocrx_word' id='word_1_249' title='bbox 840 2987 1076 3042; x_wconf 81' lang='lat' dir='ltr'><strong>surrexit</strong></span> <span class='ocrx_word' id='word_1_250' title='bbox 1107 2987 1378 3051; x_wconf 86' lang='lat' dir='ltr'><strong>Christus,</strong></span> <span class='ocrx_word' id='word_1_251' title='bbox 1416 2990 1494 3042; x_wconf 94' lang='lat' dir='ltr'><strong>ait</strong></span> <span class='ocrx_word' id='word_1_252' title='bbox 1533 2987 1771 3056; x_wconf 78' lang='lat' dir='ltr'><strong>Angelus</strong></span> <span class='ocrx_word' id='word_1_253' title='bbox 1798 2986 1861 3040; x_wconf 90' lang='lat' dir='ltr'><strong>ad</strong></span> <span class='ocrx_word' id='word_1_254' title='bbox 1889 2986 2165 3053; x_wconf 84' lang='lat' dir='ltr'><strong>mulieres,</strong></span> 
     </span>
    </p>
   </div>
   <div class='ocr_carea' id='block_1_48' title="bbox 607 3077 2165 3148">
    <p class='ocr_par' dir='ltr' id='par_1_48' title="bbox 607 3077 2165 3148">
     <span class='ocr_line' id='line_1_48' title="bbox 607 3077 2165 3148; baseline 0.001 -18"><span class='ocrx_word' id='word_1_255' title='bbox 607 3093 727 3146; x_wconf 69' lang='lat' dir='ltr'><strong>qua:</strong></span> <span class='ocrx_word' id='word_1_256' title='bbox 756 3089 1024 3148; x_wconf 89' lang='lat' dir='ltr'><strong>unguenta</strong></span> <span class='ocrx_word' id='word_1_257' title='bbox 1049 3078 1345 3132; x_wconf 76' lang='lat' dir='ltr'><strong>aﬂ’erebant</strong></span> <span class='ocrx_word' id='word_1_258' title='bbox 1371 3096 1385 3131; x_wconf 88' lang='lat'><strong>:</strong></span> <span class='ocrx_word' id='word_1_259' title='bbox 1411 3078 1483 3131; x_wconf 83' lang='lat' dir='ltr'><strong>Ne</strong></span> <span class='ocrx_word' id='word_1_260' title='bbox 1504 3078 1744 3146; x_wconf 90' lang='lat' dir='ltr'><strong>ploretis.</strong></span> <span class='ocrx_word' id='word_1_261' title='bbox 1773 3077 1977 3132; x_wconf 87' lang='lat' dir='ltr'><strong>Euntes</strong></span> <span class='ocrx_word' id='word_1_262' title='bbox 2001 3077 2165 3132; x_wconf 88' lang='lat' dir='ltr'><strong>dicite</strong></span> 
     </span>
    </p>
   </div>
   <div class='ocr_carea' id='block_1_49' title="bbox 2276 1933 3323 2008">
    <p class='ocr_par' dir='ltr' id='par_1_49' title="bbox 2276 1933 3323 2008">
     <span class='ocr_line' id='line_1_49' title="bbox 2276 1933 3323 2008; baseline 0.002 -18"><span class='ocrx_word' id='word_1_263' title='bbox 2276 1934 2502 2006; x_wconf 82' lang='grc' dir='ltr'>Πνεῦμα</span> <span class='ocrx_word' id='word_1_264' title='bbox 2532 1935 2662 2002; x_wconf 79' lang='grc' dir='ltr'>ζῶν.</span> <span class='ocrx_word' id='word_1_265' title='bbox 2696 1937 2754 1990; x_wconf 76' lang='grc' dir='ltr'>ἐν</span> <span class='ocrx_word' id='word_1_266' title='bbox 2780 1933 2861 2000; x_wconf 73' lang='grc' dir='ltr'>οἷς</span> <span class='ocrx_word' id='word_1_267' title='bbox 2896 1936 3323 2008; x_wconf 75' lang='grc' dir='ltr'>βεϐαπτίσμεθα.</span> 
     </span>
    </p>
   </div>
   <div class='ocr_carea' id='block_1_50' title="bbox 2889 2117 3222 2171">
    <p class='ocr_par' dir='ltr' id='par_1_50' title="bbox 2889 2117 3222 2171">
     <span class='ocr_line' id='line_1_50' title="bbox 2889 2117 3222 2171; baseline 0 -1"><span class='ocrx_word' id='word_1_268' title='bbox 2889 2117 3222 2171; x_wconf 75' lang='grc' dir='ltr'>Θεοτόκιον.</span> 
     </span>
    </p>
   </div>
   <div class='ocr_carea' id='block_1_51' title="bbox 2355 2208 3846 2281">
    <p class='ocr_par' dir='ltr' id='par_1_51' title="bbox 2355 2208 3846 2281">
     <span class='ocr_line' id='line_1_51' title="bbox 2355 2208 3846 2281; baseline -0.003 -18"><span class='ocrx_word' id='word_1_269' title='bbox 2355 2210 2443 2263; x_wconf 81' lang='grc' dir='ltr'>Ἑν</span> <span class='ocrx_word' id='word_1_270' title='bbox 2477 2209 2625 2281; x_wconf 85' lang='grc' dir='ltr'>βάτῳ</span> <span class='ocrx_word' id='word_1_271' title='bbox 2663 2208 2868 2278; x_wconf 81' lang='grc' dir='ltr'>Μωσῆς</span> <span class='ocrx_word' id='word_1_272' title='bbox 2907 2227 3002 2261; x_wconf 91' lang='grc' dir='ltr'><strong>σου</strong></span> <span class='ocrx_word' id='word_1_273' title='bbox 3031 2210 3276 2272; x_wconf 80' lang='grc' dir='ltr'>τυπικῶς</span> <span class='ocrx_word' id='word_1_274' title='bbox 3311 2213 3373 2262; x_wconf 84' lang='grc' dir='ltr'><strong>τό</strong></span> <span class='ocrx_word' id='word_1_275' title='bbox 3410 2210 3714 2280; x_wconf 82' lang='grc' dir='ltr'>μυστήριον</span> <span class='ocrx_word' id='word_1_276' title='bbox 3752 2208 3846 2259; x_wconf 71' lang='grc' dir='ltr'>πά-</span> 
     </span>
    </p>
   </div>
   <div class='ocr_carea' id='block_1_52' title="bbox 2271 2298 3851 2370">
    <p class='ocr_par' dir='ltr' id='par_1_52' title="bbox 2271 2298 3851 2370">
     <span class='ocr_line' id='line_1_52' title="bbox 2271 2298 3851 2370; baseline -0.002 -18"><span class='ocrx_word' id='word_1_277' title='bbox 2271 2299 2384 2365; x_wconf 89' lang='grc' dir='ltr'>λαι,</span> <span class='ocrx_word' id='word_1_278' title='bbox 2420 2299 2613 2370; x_wconf 82' lang='grc' dir='ltr'>σεμνὴ,</span> <span class='ocrx_word' id='word_1_279' title='bbox 2650 2299 2913 2368; x_wconf 81' lang='grc' dir='ltr'>ἑώρακεν.</span> <span class='ocrx_word' id='word_1_280' title='bbox 2961 2299 3049 2363; x_wconf 81' lang='grc' dir='ltr'>Ὠς</span> <span class='ocrx_word' id='word_1_281' title='bbox 3099 2301 3209 2370; x_wconf 79' lang='grc' dir='ltr'>γὰρ</span> <span class='ocrx_word' id='word_1_282' title='bbox 3255 2301 3469 2369; x_wconf 78' lang='grc' dir='ltr'>ἐκείνην</span> <span class='ocrx_word' id='word_1_283' title='bbox 3515 2303 3549 2368; x_wconf 79' lang='grc' dir='ltr'>ἠ</span> <span class='ocrx_word' id='word_1_284' title='bbox 3606 2298 3763 2368; x_wconf 69' lang='grc' dir='ltr'>φλὸξ,</span> <span class='ocrx_word' id='word_1_285' title='bbox 3797 2299 3851 2350; x_wconf 71' lang='grc' dir='ltr'><strong>τὸ</strong></span> 
     </span>
    </p>
   </div>
   <div class='ocr_carea' id='block_1_53' title="bbox 2272 2389 3583 2461">
    <p class='ocr_par' dir='ltr' id='par_1_53' title="bbox 2272 2389 3583 2461">
     <span class='ocr_line' id='line_1_53' title="bbox 2272 2389 3583 2461; baseline 0.001 -19"><span class='ocrx_word' id='word_1_286' title='bbox 2272 2389 2383 2461; x_wconf 90' lang='grc' dir='ltr'><strong>πῦρ</strong></span> <span class='ocrx_word' id='word_1_287' title='bbox 2413 2389 2666 2460; x_wconf 82' lang='grc' dir='ltr'>θεότητος</span> <span class='ocrx_word' id='word_1_288' title='bbox 2696 2389 2796 2459; x_wconf 75' lang='grc' dir='ltr'><strong>τὴν</strong></span> <span class='ocrx_word' id='word_1_289' title='bbox 2831 2389 2930 2459; x_wconf 81' lang='grc' dir='ltr'>σὴν</span> <span class='ocrx_word' id='word_1_290' title='bbox 2955 2389 3121 2458; x_wconf 82' lang='grc' dir='ltr'>νηδὺν</span> <span class='ocrx_word' id='word_1_291' title='bbox 3143 2390 3204 2442; x_wconf 78' lang='grc' dir='ltr'>οὐ</span> <span class='ocrx_word' id='word_1_292' title='bbox 3233 2390 3583 2459; x_wconf 74' lang='grc' dir='ltr'>κατέφλεξεν.</span> 
     </span>
    </p>
   </div>
   <div class='ocr_carea' id='block_1_54' title="bbox 2876 2481 3240 2536">
    <p class='ocr_par' dir='ltr' id='par_1_54' title="bbox 2876 2481 3240 2536">
     <span class='ocr_line' id='line_1_54' title="bbox 2876 2481 3240 2536; baseline -0.005 0"><span class='ocrx_word' id='word_1_293' title='bbox 2876 2481 3240 2536; x_wconf 77' lang='grc' dir='ltr'>Καταϐασία.</span> 
     </span>
    </p>
   </div>
   <div class='ocr_carea' id='block_1_55' title="bbox 2341 2570 3849 2644">
    <p class='ocr_par' dir='ltr' id='par_1_55' title="bbox 2341 2570 3849 2644">
     <span class='ocr_line' id='line_1_55' title="bbox 2341 2570 3849 2644; baseline -0.001 -19"><span class='ocrx_word' id='word_1_294' title='bbox 2341 2573 2670 2644; x_wconf 83' lang='grc' dir='ltr'>Στερέωσον,</span> <span class='ocrx_word' id='word_1_295' title='bbox 2697 2573 2946 2626; x_wconf 72' lang='grc' dir='ltr'>Δέσποτα</span> <span class='ocrx_word' id='word_1_296' title='bbox 2969 2572 3161 2641; x_wconf 80' lang='grc' dir='ltr'>Κύριε,</span> <span class='ocrx_word' id='word_1_297' title='bbox 3187 2570 3265 2640; x_wconf 79' lang='grc' dir='ltr'>τῷ</span> <span class='ocrx_word' id='word_1_298' title='bbox 3293 2571 3514 2640; x_wconf 87' lang='grc' dir='ltr'>σταυρῷ</span> <span class='ocrx_word' id='word_1_299' title='bbox 3545 2589 3644 2624; x_wconf 87' lang='grc' dir='ltr'><strong>σου</strong></span> <span class='ocrx_word' id='word_1_300' title='bbox 3676 2574 3735 2624; x_wconf 76' lang='grc' dir='ltr'>ἐν</span> <span class='ocrx_word' id='word_1_301' title='bbox 3758 2571 3849 2623; x_wconf 80' lang='grc' dir='ltr'><strong>πέ-</strong></span> 
     </span>
    </p>
   </div>
   <div class='ocr_carea' id='block_1_56' title="bbox 2268 2661 3847 2737">
    <p class='ocr_par' dir='ltr' id='par_1_56' title="bbox 2268 2661 3847 2737">
     <span class='ocr_line' id='line_1_56' title="bbox 2268 2661 3847 2737; baseline -0.004 -19"><span class='ocrx_word' id='word_1_302' title='bbox 2268 2680 2376 2737; x_wconf 66' lang='grc' dir='ltr'><strong>τρᾳ</strong></span> <span class='ocrx_word' id='word_1_303' title='bbox 2396 2682 2463 2734; x_wconf 88' lang='grc' dir='ltr'><strong>με</strong></span> <span class='ocrx_word' id='word_1_304' title='bbox 2484 2667 2549 2735; x_wconf 82' lang='grc' dir='ltr'>τῇ</span> <span class='ocrx_word' id='word_1_305' title='bbox 2567 2665 2662 2735; x_wconf 80' lang='grc' dir='ltr'>τῆς</span> <span class='ocrx_word' id='word_1_306' title='bbox 2676 2665 2933 2729; x_wconf 82' lang='grc' dir='ltr'>πίστεως,</span> <span class='ocrx_word' id='word_1_307' title='bbox 2951 2666 3026 2734; x_wconf 80' lang='grc' dir='ltr'>μὴ</span> <span class='ocrx_word' id='word_1_308' title='bbox 3045 2663 3370 2732; x_wconf 81' lang='grc' dir='ltr'>σαλευθῆναι</span> <span class='ocrx_word' id='word_1_309' title='bbox 3388 2662 3479 2713; x_wconf 80' lang='grc' dir='ltr'>τὸν</span> <span class='ocrx_word' id='word_1_310' title='bbox 3503 2661 3635 2714; x_wconf 81' lang='grc' dir='ltr'>νοῦν</span> <span class='ocrx_word' id='word_1_311' title='bbox 3657 2661 3847 2731; x_wconf 57' lang='grc' dir='ltr'>ἐχθικῦ</span> 
     </span>
    </p>
   </div>
   <div class='ocr_carea' id='block_1_57' title="bbox 2267 2748 3706 2828">
    <p class='ocr_par' dir='ltr' id='par_1_57' title="bbox 2267 2748 3706 2828">
     <span class='ocr_line' id='line_1_57' title="bbox 2267 2748 3706 2828; baseline -0.003 -18"><span class='ocrx_word' id='word_1_312' title='bbox 2267 2756 2596 2828; x_wconf 80' lang='grc' dir='ltr'>προσϐολαῖς</span> <span class='ocrx_word' id='word_1_313' title='bbox 2627 2756 2720 2811; x_wconf 90' lang='grc' dir='ltr'><strong>τοῦ</strong></span> <span class='ocrx_word' id='word_1_314' title='bbox 2742 2755 3060 2828; x_wconf 86' lang='grc' dir='ltr'>δυσμενοῦς.</span> <span class='ocrx_word' id='word_1_315' title='bbox 3097 2756 3273 2818; x_wconf 85' lang='grc' dir='ltr'>Μόνος</span> <span class='ocrx_word' id='word_1_316' title='bbox 3302 2755 3414 2826; x_wconf 82' lang='grc' dir='ltr'>γὰρ</span> <span class='ocrx_word' id='word_1_317' title='bbox 3442 2748 3492 2807; x_wconf 82' lang='grc' dir='ltr'>εἶ</span> <span class='ocrx_word' id='word_1_318' title='bbox 3524 2754 3706 2822; x_wconf 76' lang='grc' dir='ltr'>ἅγιος.</span> 
     </span>
    </p>
   </div>
   <div class='ocr_carea' id='block_1_58' title="bbox 2914 2868 3165 2940">
    <p class='ocr_par' dir='ltr' id='par_1_58' title="bbox 2914 2868 3165 2940">
     <span class='ocr_line' id='line_1_58' title="bbox 2914 2868 3165 2940; baseline 0.004 -20"><span class='ocrx_word' id='word_1_319' title='bbox 2914 2869 3046 2940; x_wconf 68' lang='lat' dir='ltr'><strong>nan</strong></span> <span class='ocrx_word' id='word_1_320' title='bbox 3089 2868 3165 2921; x_wconf 67' lang='lat'><strong>1&quot;.</strong></span> 
     </span>
    </p>
   </div>
   <div class='ocr_carea' id='block_1_59' title="bbox 2347 2975 3846 3049">
    <p class='ocr_par' dir='ltr' id='par_1_59' title="bbox 2347 2975 3846 3049">
     <span class='ocr_line' id='line_1_59' title="bbox 2347 2975 3846 3049; baseline -0.001 -20"><span class='ocrx_word' id='word_1_321' title='bbox 2347 2975 2477 3030; x_wconf 77' lang='grc' dir='ltr'>Ἰδοὺ</span> <span class='ocrx_word' id='word_1_322' title='bbox 2503 2976 2700 3046; x_wconf 81' lang='grc' dir='ltr'>ἀνέστη</span> <span class='ocrx_word' id='word_1_323' title='bbox 2728 2978 2756 3030; x_wconf 88' lang='grc' dir='ltr'><strong>ό</strong></span> <span class='ocrx_word' id='word_1_324' title='bbox 2777 2977 3031 3046; x_wconf 81' lang='grc' dir='ltr'>Χριστὸς,</span> <span class='ocrx_word' id='word_1_325' title='bbox 3061 2979 3180 3041; x_wconf 78' lang='grc' dir='ltr'>ταῖς</span> <span class='ocrx_word' id='word_1_326' title='bbox 3224 2977 3560 3049; x_wconf 72' lang='grc' dir='ltr'>μυροφόροις</span> <span class='ocrx_word' id='word_1_327' title='bbox 3604 2977 3846 3047; x_wconf 77' lang='grc' dir='ltr'>γυναιξὶν</span> 
     </span>
    </p>
   </div>
   <div class='ocr_carea' id='block_1_60' title="bbox 2267 3067 3845 3143">
    <p class='ocr_par' dir='ltr' id='par_1_60' title="bbox 2267 3067 3845 3143">
     <span class='ocr_line' id='line_1_60' title="bbox 2267 3067 3845 3143; baseline 0 -21"><span class='ocrx_word' id='word_1_328' title='bbox 2267 3067 2494 3136; x_wconf 78' lang='grc' dir='ltr'>ἄγγελός</span> <span class='ocrx_word' id='word_1_329' title='bbox 2532 3084 2684 3138; x_wconf 81' lang='grc' dir='ltr'>φησι’</span> <span class='ocrx_word' id='word_1_330' title='bbox 2714 3067 2803 3137; x_wconf 82' lang='grc' dir='ltr'><strong>Μὴ</strong></span> <span class='ocrx_word' id='word_1_331' title='bbox 2835 3068 3100 3138; x_wconf 83' lang='grc' dir='ltr'>θρηνεῖτε,</span> <span class='ocrx_word' id='word_1_332' title='bbox 3133 3070 3458 3143; x_wconf 84' lang='grc' dir='ltr'>πορεύθητε,</span> <span class='ocrx_word' id='word_1_333' title='bbox 3496 3072 3695 3124; x_wconf 73' lang='grc' dir='ltr'>εἴπατε</span> <span class='ocrx_word' id='word_1_334' title='bbox 3741 3073 3845 3131; x_wconf 67' lang='grc' dir='ltr'>τοὲς</span> 
     </span>
    </p>
   </div>
   <div class='ocr_carea' id='block_1_61' title="bbox 605 3155 2170 3238">
    <p class='ocr_par' dir='ltr' id='par_1_61' title="bbox 605 3169 2165 3238">
     <span class='ocr_line' id='line_1_61' title="bbox 605 3169 2165 3238; baseline 0.001 -15"><span class='ocrx_word' id='word_1_335' title='bbox 605 3169 865 3238; x_wconf 89' lang='lat' dir='ltr'><strong>apostolis</strong></span> <span class='ocrx_word' id='word_1_336' title='bbox 892 3187 905 3223; x_wconf 92' lang='lat'><strong>:</strong></span> <span class='ocrx_word' id='word_1_337' title='bbox 935 3169 1196 3234; x_wconf 84' lang='lat' dir='ltr'><strong>Gaudete,</strong></span> <span class='ocrx_word' id='word_1_338' title='bbox 1225 3169 1385 3224; x_wconf 85' lang='lat' dir='ltr'><strong>hodie</strong></span> <span class='ocrx_word' id='word_1_339' title='bbox 1421 3170 1568 3224; x_wconf 88' lang='lat' dir='ltr'><strong>salus</strong></span> <span class='ocrx_word' id='word_1_340' title='bbox 1603 3170 1805 3222; x_wconf 88' lang='lat' dir='ltr'><strong>mundo</strong></span> <span class='ocrx_word' id='word_1_341' title='bbox 1840 3170 2036 3224; x_wconf 86' lang='lat' dir='ltr'><strong>accidit</strong></span> <span class='ocrx_word' id='word_1_342' title='bbox 2068 3188 2082 3225; x_wconf 92' lang='lat'><strong>:</strong></span> <span class='ocrx_word' id='word_1_343' title='bbox 2112 3181 2165 3226; x_wconf 86' lang='lat' dir='ltr'><strong>et</strong></span> 
     </span>
    </p>
   </div>
   <div class='ocr_carea' id='block_1_62' title="bbox 2298 3155 3842 3238">
    <p class='ocr_par' dir='ltr' id='par_1_62' title="bbox 2298 3161 3842 3234">
     <span class='ocr_line' id='line_1_62' title="bbox 2298 3161 3842 3234; baseline 0.006 -24"><span class='ocrx_word' id='word_1_344' title='bbox 2298 3161 2598 3225; x_wconf 76' lang='grc' dir='ltr'>ποστόλοιςο</span> <span class='ocrx_word' id='word_1_345' title='bbox 2633 3161 2889 3233; x_wconf 76' lang='grc' dir='ltr'>Χαίρετε,</span> <span class='ocrx_word' id='word_1_346' title='bbox 2919 3163 3158 3232; x_wconf 85' lang='grc' dir='ltr'>σήμερον</span> <span class='ocrx_word' id='word_1_347' title='bbox 3189 3164 3436 3234; x_wconf 73' lang='grc' dir='ltr'>σωτηρία</span> <span class='ocrx_word' id='word_1_348' title='bbox 3461 3163 3541 3234; x_wconf 85' lang='grc' dir='ltr'>τῷ</span> <span class='ocrx_word' id='word_1_349' title='bbox 3576 3165 3842 3234; x_wconf 78' lang='grc' dir='ltr'>κόσμῳ,ἠ</span> 
     </span>
    </p>
   </div>
   <div class='ocr_carea' id='block_1_63' title="bbox 607 3261 1907 3332">
    <p class='ocr_par' dir='ltr' id='par_1_63' title="bbox 607 3261 1907 3332">
     <span class='ocr_line' id='line_1_63' title="bbox 607 3261 1907 3332; baseline 0 -17"><span class='ocrx_word' id='word_1_350' title='bbox 607 3262 852 3332; x_wconf 88' lang='lat' dir='ltr'><strong>tyrannis</strong></span> <span class='ocrx_word' id='word_1_351' title='bbox 889 3261 1092 3315; x_wconf 91' lang='lat' dir='ltr'><strong>inimici</strong></span> <span class='ocrx_word' id='word_1_352' title='bbox 1141 3277 1234 3330; x_wconf 92' lang='lat' dir='ltr'><strong>per</strong></span> <span class='ocrx_word' id='word_1_353' title='bbox 1265 3271 1492 3315; x_wconf 90' lang='lat' dir='ltr'><strong>mortem</strong></span> <span class='ocrx_word' id='word_1_354' title='bbox 1516 3261 1779 3315; x_wconf 89' lang='lat' dir='ltr'><strong>dissoluta</strong></span> <span class='ocrx_word' id='word_1_355' title='bbox 1806 3270 1907 3315; x_wconf 92' lang='lat' dir='ltr'><strong>est.</strong></span> 
     </span>
    </p>
   </div>
   <div class='ocr_carea' id='block_1_64' title="bbox 673 3352 2168 3408">
    <p class='ocr_par' dir='ltr' id='par_1_64' title="bbox 673 3352 2168 3408">
     <span class='ocr_line' id='line_1_64' title="bbox 673 3352 2168 3408; baseline 0.003 -4"><span class='ocrx_word' id='word_1_356' title='bbox 673 3352 910 3406; x_wconf 68' lang='lat' dir='ltr'><strong>Vivilicaa</strong></span> <span class='ocrx_word' id='word_1_357' title='bbox 949 3353 1130 3406; x_wconf 91' lang='lat' dir='ltr'><strong>crucis</strong></span> <span class='ocrx_word' id='word_1_358' title='bbox 1187 3361 1294 3406; x_wconf 73' lang='lat' dir='ltr'><strong>tua:</strong></span> <span class='ocrx_word' id='word_1_359' title='bbox 1354 3353 1614 3407; x_wconf 88' lang='lat' dir='ltr'><strong>hodierna</strong></span> <span class='ocrx_word' id='word_1_360' title='bbox 1673 3353 1758 3408; x_wconf 91' lang='lat' dir='ltr'><strong>die</strong></span> <span class='ocrx_word' id='word_1_361' title='bbox 1805 3353 2168 3408; x_wconf 84' lang='lat' dir='ltr'><strong>celebritatem</strong></span> 
     </span>
    </p>
   </div>
   <div class='ocr_carea' id='block_1_65' title="bbox 606 3443 2172 3515">
    <p class='ocr_par' dir='ltr' id='par_1_65' title="bbox 606 3443 2172 3515">
     <span class='ocr_line' id='line_1_65' title="bbox 606 3443 2172 3515; baseline 0.003 -20"><span class='ocrx_word' id='word_1_362' title='bbox 606 3443 889 3503; x_wconf 87' lang='lat' dir='ltr'><strong>obeuntes.</strong></span> <span class='ocrx_word' id='word_1_363' title='bbox 934 3445 1298 3514; x_wconf 83' lang='lat' dir='ltr'><strong>prolusiOuem</strong></span> <span class='ocrx_word' id='word_1_364' title='bbox 1321 3444 1612 3515; x_wconf 88' lang='lat' dir='ltr'><strong>quamdam</strong></span> <span class='ocrx_word' id='word_1_365' title='bbox 1656 3444 1991 3500; x_wconf 87' lang='lat' dir='ltr'><strong>instituimus</strong></span> <span class='ocrx_word' id='word_1_366' title='bbox 2043 3461 2172 3500; x_wconf 91' lang='lat' dir='ltr'><strong>san-</strong></span> 
     </span>
    </p>
   </div>
   <div class='ocr_carea' id='block_1_66' title="bbox 606 3536 2172 3606">
    <p class='ocr_par' dir='ltr' id='par_1_66' title="bbox 606 3536 2172 3606">
     <span class='ocr_line' id='line_1_66' title="bbox 606 3536 2172 3606; baseline 0.001 -17"><span class='ocrx_word' id='word_1_367' title='bbox 606 3536 866 3589; x_wconf 75' lang='lat' dir='ltr'><strong>ctissume</strong></span> <span class='ocrx_word' id='word_1_368' title='bbox 894 3538 1162 3605; x_wconf 80' lang='lat' dir='ltr'><strong>passionis</strong></span> <span class='ocrx_word' id='word_1_369' title='bbox 1187 3548 1308 3602; x_wconf 64' lang='lat' dir='ltr'><strong>tute,</strong></span> <span class='ocrx_word' id='word_1_370' title='bbox 1336 3552 1496 3606; x_wconf 90' lang='lat' dir='ltr'><strong>quam</strong></span> <span class='ocrx_word' id='word_1_371' title='bbox 1528 3545 1586 3591; x_wconf 92' lang='lat' dir='ltr'><strong>ut</strong></span> <span class='ocrx_word' id='word_1_372' title='bbox 1614 3538 1972 3606; x_wconf 88' lang='lat' dir='ltr'><strong>omnipotens,</strong></span> <span class='ocrx_word' id='word_1_373' title='bbox 1998 3537 2053 3591; x_wconf 88' lang='lat' dir='ltr'><strong>in</strong></span> <span class='ocrx_word' id='word_1_374' title='bbox 2080 3553 2172 3593; x_wconf 85' lang='lat' dir='ltr'><strong>sa-</strong></span> 
     </span>
    </p>
   </div>
   <div class='ocr_carea' id='block_1_67' title="bbox 607 3629 1389 3698">
    <p class='ocr_par' dir='ltr' id='par_1_67' title="bbox 607 3629 1389 3698">
     <span class='ocr_line' id='line_1_67' title="bbox 607 3629 1389 3698; baseline 0.003 -15"><span class='ocrx_word' id='word_1_375' title='bbox 607 3630 770 3683; x_wconf 92' lang='lat' dir='ltr'><strong>lutem</strong></span> <span class='ocrx_word' id='word_1_376' title='bbox 803 3629 988 3682; x_wconf 90' lang='lat' dir='ltr'><strong>mundi</strong></span> <span class='ocrx_word' id='word_1_377' title='bbox 1024 3639 1282 3698; x_wconf 83' lang='lat' dir='ltr'><strong>operatus</strong></span> <span class='ocrx_word' id='word_1_378' title='bbox 1308 3645 1389 3685; x_wconf 86' lang='lat' dir='ltr'><strong>es.</strong></span> 
     </span>
    </p>
   </div>
   <div class='ocr_carea' id='block_1_68' title="bbox 673 3785 2170 3856">
    <p class='ocr_par' dir='ltr' id='par_1_68' title="bbox 673 3785 2170 3856">
     <span class='ocr_line' id='line_1_68' title="bbox 673 3785 2170 3856; baseline 0 -17"><span class='ocrx_word' id='word_1_379' title='bbox 673 3785 842 3841; x_wconf 87' lang='lat' dir='ltr'><strong>Hodie</strong></span> <span class='ocrx_word' id='word_1_380' title='bbox 884 3787 1138 3855; x_wconf 76' lang='lat' dir='ltr'><strong>gaudium</strong></span> <span class='ocrx_word' id='word_1_381' title='bbox 1182 3785 1397 3841; x_wconf 82' lang='lat' dir='ltr'><strong>exsistit</strong></span> <span class='ocrx_word' id='word_1_382' title='bbox 1435 3785 1488 3839; x_wconf 94' lang='lat' dir='ltr'><strong>in</strong></span> <span class='ocrx_word' id='word_1_383' title='bbox 1532 3785 1672 3841; x_wconf 71' lang='lat' dir='ltr'><strong>caelo</strong></span> <span class='ocrx_word' id='word_1_384' title='bbox 1726 3794 1781 3840; x_wconf 90' lang='lat' dir='ltr'><strong>et</strong></span> <span class='ocrx_word' id='word_1_385' title='bbox 1836 3794 2000 3850; x_wconf 83' lang='lat' dir='ltr'><strong>terra,</strong></span> <span class='ocrx_word' id='word_1_386' title='bbox 2039 3785 2170 3856; x_wconf 91' lang='lat' dir='ltr'><strong>quia</strong></span> 
     </span>
    </p>
   </div>
   <div class='ocr_carea' id='block_1_69' title="bbox 603 3876 2167 3946">
    <p class='ocr_par' dir='ltr' id='par_1_69' title="bbox 603 3876 2167 3946">
     <span class='ocr_line' id='line_1_69' title="bbox 603 3876 2167 3946; baseline 0 -15"><span class='ocrx_word' id='word_1_387' title='bbox 603 3879 784 3931; x_wconf 84' lang='lat' dir='ltr'><strong>crucis</strong></span> <span class='ocrx_word' id='word_1_388' title='bbox 821 3877 1037 3946; x_wconf 82' lang='lat' dir='ltr'><strong>signum</strong></span> <span class='ocrx_word' id='word_1_389' title='bbox 1081 3876 1285 3931; x_wconf 89' lang='lat' dir='ltr'><strong>mundo</strong></span> <span class='ocrx_word' id='word_1_390' title='bbox 1329 3877 1618 3940; x_wconf 89' lang='lat' dir='ltr'><strong>illucescit,</strong></span> <span class='ocrx_word' id='word_1_391' title='bbox 1677 3892 1811 3931; x_wconf 82' lang='lat' dir='ltr'><strong>crux</strong></span> <span class='ocrx_word' id='word_1_392' title='bbox 1852 3884 1931 3932; x_wconf 87' lang='lat' dir='ltr'><strong>ter</strong></span> <span class='ocrx_word' id='word_1_393' title='bbox 1982 3877 2167 3943; x_wconf 77' lang='lat' dir='ltr'><strong>beata;</strong></span> 
     </span>
    </p>
   </div>
   <div class='ocr_carea' id='block_1_70' title="bbox 604 3969 1829 4042">
    <p class='ocr_par' dir='ltr' id='par_1_70' title="bbox 604 3969 1829 4042">
     <span class='ocr_line' id='line_1_70' title="bbox 604 3969 1829 4042; baseline -0.003 -16"><span class='ocrx_word' id='word_1_394' title='bbox 604 3989 724 4042; x_wconf 77' lang='lat' dir='ltr'><strong>qua:</strong></span> <span class='ocrx_word' id='word_1_395' title='bbox 751 3970 1028 4038; x_wconf 85' lang='lat' dir='ltr'><strong>proposita</strong></span> <span class='ocrx_word' id='word_1_396' title='bbox 1051 3969 1280 4038; x_wconf 80' lang='lat' dir='ltr'><strong>gratiam</strong></span> <span class='ocrx_word' id='word_1_397' title='bbox 1312 3983 1604 4038; x_wconf 87' lang='lat' dir='ltr'><strong>perennem</strong></span> <span class='ocrx_word' id='word_1_398' title='bbox 1641 3969 1829 4023; x_wconf 89' lang='lat' dir='ltr'><strong>stillat.</strong></span> 
     </span>
    </p>
   </div>
   <div class='ocr_carea' id='block_1_71' title="bbox 677 4146 2168 4217">
    <p class='ocr_par' dir='ltr' id='par_1_71' title="bbox 677 4146 2168 4217">
     <span class='ocr_line' id='line_1_71' title="bbox 677 4146 2168 4217; baseline 0.001 -17"><span class='ocrx_word' id='word_1_399' title='bbox 677 4146 816 4213; x_wconf 86' lang='lat' dir='ltr'><strong>Quid</strong></span> <span class='ocrx_word' id='word_1_400' title='bbox 868 4147 984 4207; x_wconf 84' lang='lat' dir='ltr'><strong>tibi,</strong></span> <span class='ocrx_word' id='word_1_401' title='bbox 1030 4146 1276 4210; x_wconf 86' lang='lat' dir='ltr'><strong>Christe,</strong></span> <span class='ocrx_word' id='word_1_402' title='bbox 1335 4147 1720 4211; x_wconf 89' lang='lat' dir='ltr'><strong>retribuemns,</strong></span> <span class='ocrx_word' id='word_1_403' title='bbox 1757 4146 1902 4217; x_wconf 87' lang='lat' dir='ltr'><strong>quod</strong></span> <span class='ocrx_word' id='word_1_404' title='bbox 1955 4146 2168 4216; x_wconf 88' lang='lat' dir='ltr'><strong>copiam</strong></span> 
     </span>
    </p>
   </div>
   <div class='ocr_carea' id='block_1_72' title="bbox 609 4235 2166 4303">
    <p class='ocr_par' dir='ltr' id='par_1_72' title="bbox 609 4235 2166 4303">
     <span class='ocr_line' id='line_1_72' title="bbox 609 4235 2166 4303; baseline -0.001 -11"><span class='ocrx_word' id='word_1_405' title='bbox 609 4238 765 4292; x_wconf 90' lang='lat' dir='ltr'><strong>nobis</strong></span> <span class='ocrx_word' id='word_1_406' title='bbox 805 4235 980 4292; x_wconf 81' lang='lat' dir='ltr'><strong>fecisti</strong></span> <span class='ocrx_word' id='word_1_407' title='bbox 1024 4239 1387 4292; x_wconf 80' lang='lat' dir='ltr'><strong>venerandam</strong></span> <span class='ocrx_word' id='word_1_408' title='bbox 1425 4253 1642 4293; x_wconf 88' lang='lat' dir='ltr'><strong>crucem</strong></span> <span class='ocrx_word' id='word_1_409' title='bbox 1687 4247 1832 4292; x_wconf 92' lang='lat' dir='ltr'><strong>tuam</strong></span> <span class='ocrx_word' id='word_1_410' title='bbox 1882 4237 2166 4303; x_wconf 86' lang='lat' dir='ltr'><strong>ad0randi,</strong></span> 
     </span>
    </p>
   </div>
   <div class='ocr_carea' id='block_1_73' title="bbox 608 4327 2166 4397">
    <p class='ocr_par' dir='ltr' id='par_1_73' title="bbox 608 4327 2166 4397">
     <span class='ocr_line' id='line_1_73' title="bbox 608 4327 2166 4397; baseline 0.003 -18"><span class='ocrx_word' id='word_1_411' title='bbox 608 4330 659 4380; x_wconf 89' lang='lat' dir='ltr'><strong>iu</strong></span> <span class='ocrx_word' id='word_1_412' title='bbox 707 4343 812 4397; x_wconf 88' lang='lat' dir='ltr'><strong>qua</strong></span> <span class='ocrx_word' id='word_1_413' title='bbox 854 4328 1232 4382; x_wconf 80' lang='lat' dir='ltr'><strong>sanctissimus</strong></span> <span class='ocrx_word' id='word_1_414' title='bbox 1266 4338 1390 4382; x_wconf 94' lang='lat' dir='ltr'><strong>tuus</strong></span> <span class='ocrx_word' id='word_1_415' title='bbox 1429 4329 1652 4397; x_wconf 85' lang='lat' dir='ltr'><strong>sanguis</strong></span> <span class='ocrx_word' id='word_1_416' title='bbox 1701 4327 1908 4383; x_wconf 77' lang='lat' dir='ltr'><strong>ellusus</strong></span> <span class='ocrx_word' id='word_1_417' title='bbox 1943 4338 2045 4394; x_wconf 85' lang='lat' dir='ltr'><strong>est,</strong></span> <span class='ocrx_word' id='word_1_418' title='bbox 2080 4329 2166 4383; x_wconf 90' lang='lat' dir='ltr'><strong>cui</strong></span> 
     </span>
    </p>
   </div>
   <div class='ocr_carea' id='block_1_74' title="bbox 605 4423 2167 4493">
    <p class='ocr_par' dir='ltr' id='par_1_74' title="bbox 605 4423 2167 4493">
     <span class='ocr_line' id='line_1_74' title="bbox 605 4423 2167 4493; baseline 0.002 -18"><span class='ocrx_word' id='word_1_419' title='bbox 605 4425 765 4477; x_wconf 74' lang='lat' dir='ltr'><strong>etiam</strong></span> <span class='ocrx_word' id='word_1_420' title='bbox 803 4438 930 4479; x_wconf 82' lang='lat' dir='ltr'><strong>caro</strong></span> <span class='ocrx_word' id='word_1_421' title='bbox 971 4431 1060 4477; x_wconf 92' lang='lat' dir='ltr'><strong>tua</strong></span> <span class='ocrx_word' id='word_1_422' title='bbox 1090 4423 1260 4478; x_wconf 88' lang='lat' dir='ltr'><strong>clavis</strong></span> <span class='ocrx_word' id='word_1_423' title='bbox 1305 4432 1388 4478; x_wconf 91' lang='lat' dir='ltr'><strong>est</strong></span> <span class='ocrx_word' id='word_1_424' title='bbox 1422 4423 1621 4477; x_wconf 68' lang='lat' dir='ltr'><strong>allisa?</strong></span> <span class='ocrx_word' id='word_1_425' title='bbox 1653 4438 1817 4493; x_wconf 89' lang='lat' dir='ltr'><strong>quam</strong></span> <span class='ocrx_word' id='word_1_426' title='bbox 1852 4423 2167 4478; x_wconf 89' lang='lat' dir='ltr'><strong>osculantes</strong></span> 
     </span>
    </p>
   </div>
   <div class='ocr_carea' id='block_1_75' title="bbox 607 4515 1346 4586">
    <p class='ocr_par' dir='ltr' id='par_1_75' title="bbox 607 4515 1346 4586">
     <span class='ocr_line' id='line_1_75' title="bbox 607 4515 1346 4586; baseline 0 -16"><span class='ocrx_word' id='word_1_427' title='bbox 607 4517 809 4585; x_wconf 87' lang='lat' dir='ltr'><strong>gratias</strong></span> <span class='ocrx_word' id='word_1_428' title='bbox 841 4515 932 4569; x_wconf 91' lang='lat' dir='ltr'><strong>tibi</strong></span> <span class='ocrx_word' id='word_1_429' title='bbox 965 4515 1346 4586; x_wconf 72' lang='lat' dir='ltr'><strong>persolvimus.</strong></span> 
     </span>
    </p>
   </div>
   <div class='ocr_carea' id='block_1_76' title="bbox 1230 4607 1558 4662">
    <p class='ocr_par' dir='ltr' id='par_1_76' title="bbox 1230 4607 1558 4662">
     <span class='ocr_line' id='line_1_76' title="bbox 1230 4607 1558 4662; baseline -0.003 0"><span class='ocrx_word' id='word_1_430' title='bbox 1230 4607 1558 4662; x_wconf 83' lang='lat' dir='ltr'><strong>Triadicum.</strong></span> 
     </span>
    </p>
   </div>
   <div class='ocr_carea' id='block_1_77' title="bbox 672 4700 2168 4771">
    <p class='ocr_par' dir='ltr' id='par_1_77' title="bbox 672 4700 2168 4771">
     <span class='ocr_line' id='line_1_77' title="bbox 672 4700 2168 4771; baseline 0.001 -15"><span class='ocrx_word' id='word_1_431' title='bbox 672 4700 846 4756; x_wconf 88' lang='lat' dir='ltr'><strong>Unius</strong></span> <span class='ocrx_word' id='word_1_432' title='bbox 871 4700 1084 4756; x_wconf 88' lang='lat' dir='ltr'><strong>deitatis</strong></span> <span class='ocrx_word' id='word_1_433' title='bbox 1117 4709 1228 4756; x_wconf 89' lang='lat' dir='ltr'><strong>tres</strong></span> <span class='ocrx_word' id='word_1_434' title='bbox 1259 4702 1579 4771; x_wconf 86' lang='lat' dir='ltr'><strong>hypostases</strong></span> <span class='ocrx_word' id='word_1_435' title='bbox 1608 4700 2005 4756; x_wconf 84' lang='lat' dir='ltr'><strong>indivisihiliter</strong></span> <span class='ocrx_word' id='word_1_436' title='bbox 2033 4702 2168 4757; x_wconf 88' lang='lat' dir='ltr'><strong>sim-</strong></span> 
     </span>
    </p>
   </div>
   <div class='ocr_carea' id='block_1_78' title="bbox 605 4794 2166 4865">
    <p class='ocr_par' dir='ltr' id='par_1_78' title="bbox 605 4794 2166 4865">
     <span class='ocr_line' id='line_1_78' title="bbox 605 4794 2166 4865; baseline 0.002 -19"><span class='ocrx_word' id='word_1_437' title='bbox 605 4795 760 4864; x_wconf 91' lang='lat' dir='ltr'><strong>plicis</strong></span> <span class='ocrx_word' id='word_1_438' title='bbox 791 4803 996 4848; x_wconf 66' lang='lat' dir='ltr'><strong>naturaa</strong></span> <span class='ocrx_word' id='word_1_439' title='bbox 1030 4794 1263 4863; x_wconf 56' lang='lat' dir='ltr'><strong>praedico</strong></span> <span class='ocrx_word' id='word_1_440' title='bbox 1292 4803 1345 4848; x_wconf 91' lang='lat' dir='ltr'><strong>et</strong></span> <span class='ocrx_word' id='word_1_441' title='bbox 1371 4809 1629 4864; x_wconf 90' lang='lat' dir='ltr'><strong>agnosco,</strong></span> <span class='ocrx_word' id='word_1_442' title='bbox 1665 4795 1882 4849; x_wconf 90' lang='lat' dir='ltr'><strong>Patrem</strong></span> <span class='ocrx_word' id='word_1_443' title='bbox 1917 4795 2166 4865; x_wconf 88' lang='lat' dir='ltr'><strong>principii</strong></span> 
     </span>
    </p>
   </div>
   <div class='ocr_carea' id='block_1_79' title="bbox 606 4882 2165 4954">
    <p class='ocr_par' dir='ltr' id='par_1_79' title="bbox 606 4882 2165 4954">
     <span class='ocr_line' id='line_1_79' title="bbox 606 4882 2165 4954; baseline 0.001 -18"><span class='ocrx_word' id='word_1_444' title='bbox 606 4894 906 4952; x_wconf 71' lang='lat' dir='ltr'><strong>expertem,</strong></span> <span class='ocrx_word' id='word_1_445' title='bbox 942 4882 1162 4948; x_wconf 89' lang='lat' dir='ltr'><strong>Filium,</strong></span> <span class='ocrx_word' id='word_1_446' title='bbox 1212 4893 1266 4938; x_wconf 93' lang='lat' dir='ltr'><strong>et</strong></span> <span class='ocrx_word' id='word_1_447' title='bbox 1290 4882 1550 4953; x_wconf 91' lang='lat' dir='ltr'><strong>Spiritum</strong></span> <span class='ocrx_word' id='word_1_448' title='bbox 1601 4897 1870 4949; x_wconf 90' lang='lat' dir='ltr'><strong>sanctum,</strong></span> <span class='ocrx_word' id='word_1_449' title='bbox 1921 4886 2165 4954; x_wconf 84' lang='lat' dir='ltr'><strong>ejusdem</strong></span> 
     </span>
    </p>
   </div>
   <div class='ocr_carea' id='block_1_80' title="bbox 605 4975 2164 5046">
    <p class='ocr_par' dir='ltr' id='par_1_80' title="bbox 605 4975 2164 5046">
     <span class='ocr_line' id='line_1_80' title="bbox 605 4975 2164 5046; baseline 0.002 -18"><span class='ocrx_word' id='word_1_450' title='bbox 605 4975 730 5028; x_wconf 88' lang='lat' dir='ltr'><strong>solii</strong></span> <span class='ocrx_word' id='word_1_451' title='bbox 766 4976 1191 5030; x_wconf 85' lang='lat' dir='ltr'><strong>dominationem</strong></span> <span class='ocrx_word' id='word_1_452' title='bbox 1222 4990 1408 5040; x_wconf 90' lang='lat' dir='ltr'><strong>unam,</strong></span> <span class='ocrx_word' id='word_1_453' title='bbox 1438 4975 1662 5046; x_wconf 69' lang='lat' dir='ltr'><strong>aequalis</strong></span> <span class='ocrx_word' id='word_1_454' title='bbox 1689 4977 1972 5045; x_wconf 88' lang='lat' dir='ltr'><strong>potestatis</strong></span> <span class='ocrx_word' id='word_1_455' title='bbox 2004 4992 2164 5031; x_wconf 89' lang='lat' dir='ltr'><strong>unam</strong></span> 
     </span>
    </p>
   </div>
   <div class='ocr_carea' id='block_1_81' title="bbox 605 5063 1338 5134">
    <p class='ocr_par' dir='ltr' id='par_1_81' title="bbox 605 5063 1338 5134">
     <span class='ocr_line' id='line_1_81' title="bbox 605 5063 1338 5134; baseline 0.001 -19"><span class='ocrx_word' id='word_1_456' title='bbox 605 5063 901 5133; x_wconf 88' lang='lat' dir='ltr'><strong>potentiam</strong></span> <span class='ocrx_word' id='word_1_457' title='bbox 933 5064 1338 5134; x_wconf 85' lang='lat' dir='ltr'><strong>sempiternam.</strong></span> 
     </span>
    </p>
   </div>
   <div class='ocr_carea' id='block_1_82' title="bbox 1201 5156 1557 5212">
    <p class='ocr_par' dir='ltr' id='par_1_82' title="bbox 1201 5156 1557 5212">
     <span class='ocr_line' id='line_1_82' title="bbox 1201 5156 1557 5212; baseline 0 -2"><span class='ocrx_word' id='word_1_458' title='bbox 1201 5156 1557 5212; x_wconf 82' lang='lat' dir='ltr'><strong>Theolocium.</strong></span> 
     </span>
    </p>
   </div>
   <div class='ocr_carea' id='block_1_83' title="bbox 677 5245 2166 5307">
    <p class='ocr_par' dir='ltr' id='par_1_83' title="bbox 677 5245 2166 5307">
     <span class='ocr_line' id='line_1_83' title="bbox 677 5245 2166 5307; baseline 0.007 -10"><span class='ocrx_word' id='word_1_459' title='bbox 677 5245 799 5299; x_wconf 88' lang='lat' dir='ltr'><strong>Sola</strong></span> <span class='ocrx_word' id='word_1_460' title='bbox 833 5254 888 5300; x_wconf 88' lang='lat' dir='ltr'><strong>tu</strong></span> <span class='ocrx_word' id='word_1_461' title='bbox 912 5248 1213 5304; x_wconf 88' lang='lat' dir='ltr'><strong>castissima</strong></span> <span class='ocrx_word' id='word_1_462' title='bbox 1253 5251 1394 5305; x_wconf 91' lang='lat' dir='ltr'><strong>inter</strong></span> <span class='ocrx_word' id='word_1_463' title='bbox 1425 5252 1681 5307; x_wconf 88' lang='lat' dir='ltr'><strong>mulieres</strong></span> <span class='ocrx_word' id='word_1_464' title='bbox 1741 5251 2066 5306; x_wconf 90' lang='lat' dir='ltr'><strong>miraculum</strong></span> <span class='ocrx_word' id='word_1_465' title='bbox 2106 5266 2166 5307; x_wconf 85' lang='lat' dir='ltr'><strong>es</strong></span> 
     </span>
    </p>
   </div>
   <div class='ocr_carea' id='block_1_84' title="bbox 604 5334 2161 5398">
    <p class='ocr_par' dir='ltr' id='par_1_84' title="bbox 604 5334 2161 5398">
     <span class='ocr_line' id='line_1_84' title="bbox 604 5334 2161 5398; baseline 0.006 -11"><span class='ocrx_word' id='word_1_466' title='bbox 604 5334 916 5390; x_wconf 87' lang='lat' dir='ltr'><strong>admirahile</strong></span> <span class='ocrx_word' id='word_1_467' title='bbox 970 5347 1024 5391; x_wconf 92' lang='lat' dir='ltr'><strong>et</strong></span> <span class='ocrx_word' id='word_1_468' title='bbox 1056 5340 1418 5394; x_wconf 90' lang='lat' dir='ltr'><strong>tremendum.</strong></span> <span class='ocrx_word' id='word_1_469' title='bbox 1448 5339 1708 5395; x_wconf 89' lang='lat' dir='ltr'><strong>Naturam</strong></span> <span class='ocrx_word' id='word_1_470' title='bbox 1757 5343 1899 5396; x_wconf 92' lang='lat' dir='ltr'><strong>enim</strong></span> <span class='ocrx_word' id='word_1_471' title='bbox 1948 5341 2161 5398; x_wconf 83' lang='lat' dir='ltr'><strong>novasti</strong></span> 
     </span>
    </p>
   </div>
   <div class='ocr_carea' id='block_1_85' title="bbox 605 5426 2168 5502">
    <p class='ocr_par' dir='ltr' id='par_1_85' title="bbox 605 5426 2168 5502">
     <span class='ocr_line' id='line_1_85' title="bbox 605 5426 2168 5502; baseline 0.006 -26"><span class='ocrx_word' id='word_1_472' title='bbox 605 5426 722 5476; x_wconf 90' lang='lat' dir='ltr'><strong>sine</strong></span> <span class='ocrx_word' id='word_1_473' title='bbox 745 5426 951 5478; x_wconf 90' lang='lat' dir='ltr'><strong>semine</strong></span> <span class='ocrx_word' id='word_1_474' title='bbox 983 5429 1314 5498; x_wconf 87' lang='lat' dir='ltr'><strong>concipiens,</strong></span> <span class='ocrx_word' id='word_1_475' title='bbox 1361 5439 1414 5484; x_wconf 91' lang='lat' dir='ltr'><strong>et</strong></span> <span class='ocrx_word' id='word_1_476' title='bbox 1445 5440 1565 5500; x_wconf 92' lang='lat' dir='ltr'><strong>post</strong></span> <span class='ocrx_word' id='word_1_477' title='bbox 1620 5441 1832 5501; x_wconf 91' lang='lat' dir='ltr'><strong>partum</strong></span> <span class='ocrx_word' id='word_1_478' title='bbox 1865 5432 2037 5502; x_wconf 83' lang='lat' dir='ltr'><strong>virgo,</strong></span> <span class='ocrx_word' id='word_1_479' title='bbox 2107 5441 2168 5486; x_wconf 93' lang='lat' dir='ltr'><strong>ut</strong></span> 
     </span>
    </p>
   </div>
   <div class='ocr_carea' id='block_1_86' title="bbox 604 5521 2165 5594">
    <p class='ocr_par' dir='ltr' id='par_1_86' title="bbox 604 5521 2165 5594">
     <span class='ocr_line' id='line_1_86' title="bbox 604 5521 2165 5594; baseline 0.008 -27"><span class='ocrx_word' id='word_1_480' title='bbox 604 5524 783 5580; x_wconf 86' lang='lat' dir='ltr'><strong>antea,</strong></span> <span class='ocrx_word' id='word_1_481' title='bbox 822 5531 1164 5586; x_wconf 88' lang='lat' dir='ltr'><strong>permanens.</strong></span> <span class='ocrx_word' id='word_1_482' title='bbox 1210 5522 1381 5576; x_wconf 82' lang='lat' dir='ltr'><strong>Verus</strong></span> <span class='ocrx_word' id='word_1_483' title='bbox 1419 5522 1564 5577; x_wconf 90' lang='lat' dir='ltr'><strong>enim</strong></span> <span class='ocrx_word' id='word_1_484' title='bbox 1607 5521 1749 5579; x_wconf 84' lang='lat' dir='ltr'><strong>Deus</strong></span> <span class='ocrx_word' id='word_1_485' title='bbox 1774 5535 1876 5588; x_wconf 89' lang='lat' dir='ltr'><strong>est,</strong></span> <span class='ocrx_word' id='word_1_486' title='bbox 1899 5526 1990 5594; x_wconf 83' lang='lat' dir='ltr'><strong>qui</strong></span> <span class='ocrx_word' id='word_1_487' title='bbox 2021 5540 2086 5579; x_wconf 81' lang='lat' dir='ltr'><strong>ex</strong></span> <span class='ocrx_word' id='word_1_488' title='bbox 2114 5535 2165 5580; x_wconf 91' lang='lat' dir='ltr'><strong>te</strong></span> 
     </span>
    </p>
   </div>
   <div class='ocr_carea' id='block_1_87' title="bbox 605 5615 888 5663">
    <p class='ocr_par' dir='ltr' id='par_1_87' title="bbox 605 5615 888 5663">
     <span class='ocr_line' id='line_1_87' title="bbox 605 5615 888 5663; baseline 0.011 -4"><span class='ocrx_word' id='word_1_489' title='bbox 605 5615 764 5663; x_wconf 88' lang='lat' dir='ltr'><strong>natus</strong></span> <span class='ocrx_word' id='word_1_490' title='bbox 786 5617 888 5663; x_wconf 87' lang='lat' dir='ltr'><strong>est.</strong></span> 
     </span>
    </p>
   </div>
   <div class='ocr_carea' id='block_1_88' title="bbox 1233 5701 1535 5758">
    <p class='ocr_par' dir='ltr' id='par_1_88' title="bbox 1233 5701 1535 5758">
     <span class='ocr_line' id='line_1_88' title="bbox 1233 5701 1535 5758; baseline 0.003 -1"><span class='ocrx_word' id='word_1_491' title='bbox 1233 5701 1535 5758; x_wconf 82' lang='lat' dir='ltr'><strong>Catabasia.</strong></span> 
     </span>
    </p>
   </div>
   <div class='ocr_carea' id='block_1_89' title="bbox 674 5785 2160 5862">
    <p class='ocr_par' dir='ltr' id='par_1_89' title="bbox 674 5785 2160 5862">
     <span class='ocr_line' id='line_1_89' title="bbox 674 5785 2160 5862; baseline 0.005 -18"><span class='ocrx_word' id='word_1_492' title='bbox 674 5785 813 5844; x_wconf 88' lang='lat' dir='ltr'><strong>Cum</strong></span> <span class='ocrx_word' id='word_1_493' title='bbox 851 5795 925 5846; x_wconf 88' lang='lat' dir='ltr'><strong>te.</strong></span> <span class='ocrx_word' id='word_1_494' title='bbox 956 5805 989 5844; x_wconf 92' lang='grc' dir='ltr'><strong>ο</strong></span> <span class='ocrx_word' id='word_1_495' title='bbox 1022 5797 1212 5860; x_wconf 82' lang='lat' dir='ltr'><strong>potens</strong></span> <span class='ocrx_word' id='word_1_496' title='bbox 1265 5790 1346 5846; x_wconf 79' lang='lat' dir='ltr'><strong>sol</strong></span> <span class='ocrx_word' id='word_1_497' title='bbox 1370 5791 1425 5846; x_wconf 90' lang='lat' dir='ltr'><strong>in</strong></span> <span class='ocrx_word' id='word_1_498' title='bbox 1447 5805 1610 5848; x_wconf 83' lang='lat' dir='ltr'><strong>cruce</strong></span> <span class='ocrx_word' id='word_1_499' title='bbox 1645 5793 2002 5862; x_wconf 83' lang='lat' dir='ltr'><strong>conspiceret,</strong></span> <span class='ocrx_word' id='word_1_500' title='bbox 2032 5795 2160 5851; x_wconf 86' lang='lat' dir='ltr'><strong>bor-</strong></span> 
     </span>
    </p>
   </div>
   <div class='ocr_carea' id='block_1_90' title="bbox 2187 4497 2241 4559">
    <p class='ocr_par' dir='ltr' id='par_1_90' title="bbox 2187 4497 2241 4559">
     <span class='ocr_line' id='line_1_90' title="bbox 2187 4497 2241 4559; baseline 0 0"><span class='ocrx_word' id='word_1_501' title='bbox 2187 4497 2241 4559; x_wconf 88' lang='lat' dir='ltr'><strong>D</strong></span> 
     </span>
    </p>
   </div>
   <div class='ocr_carea' id='block_1_91' title="bbox 2271 3251 3400 3323">
    <p class='ocr_par' dir='ltr' id='par_1_91' title="bbox 2271 3251 3400 3323">
     <span class='ocr_line' id='line_1_91' title="bbox 2271 3251 3400 3323; baseline -0.002 -15"><span class='ocrx_word' id='word_1_502' title='bbox 2271 3253 2526 3323; x_wconf 78' lang='grc' dir='ltr'>τυραννὶς</span> <span class='ocrx_word' id='word_1_503' title='bbox 2549 3251 2642 3306; x_wconf 85' lang='grc' dir='ltr'><strong>τοῦ</strong></span> <span class='ocrx_word' id='word_1_504' title='bbox 2671 3253 2867 3323; x_wconf 78' lang='grc' dir='ltr'>ἐχθροῦ</span> <span class='ocrx_word' id='word_1_505' title='bbox 2899 3253 3128 3306; x_wconf 87' lang='grc' dir='ltr'>θανάτου</span> <span class='ocrx_word' id='word_1_506' title='bbox 3159 3254 3400 3306; x_wconf 79' lang='grc' dir='ltr'>λέλυται.</span> 
     </span>
    </p>
   </div>
   <div class='ocr_carea' id='block_1_92' title="bbox 2341 3344 3844 3417">
    <p class='ocr_par' dir='ltr' id='par_1_92' title="bbox 2341 3344 3844 3417">
     <span class='ocr_line' id='line_1_92' title="bbox 2341 3344 3844 3417; baseline -0.001 -18"><span class='ocrx_word' id='word_1_507' title='bbox 2341 3345 2448 3399; x_wconf 86' lang='grc' dir='ltr'><strong>Τοῦ</strong></span> <span class='ocrx_word' id='word_1_508' title='bbox 2492 3345 2778 3417; x_wconf 80' lang='grc' dir='ltr'>ζωηφόρου</span> <span class='ocrx_word' id='word_1_509' title='bbox 2824 3363 2916 3398; x_wconf 88' lang='grc' dir='ltr'><strong>σου</strong></span> <span class='ocrx_word' id='word_1_510' title='bbox 2970 3344 3201 3414; x_wconf 82' lang='grc' dir='ltr'>σταυροῦ</span> <span class='ocrx_word' id='word_1_511' title='bbox 3249 3345 3348 3416; x_wconf 84' lang='grc' dir='ltr'>τὴν</span> <span class='ocrx_word' id='word_1_512' title='bbox 3398 3350 3844 3417; x_wconf 77' lang='grc' dir='ltr'>προσκυνήσιμον</span> 
     </span>
    </p>
   </div>
   <div class='ocr_carea' id='block_1_93' title="bbox 2269 3437 3843 3510">
    <p class='ocr_par' dir='ltr' id='par_1_93' title="bbox 2269 3437 3843 3510">
     <span class='ocr_line' id='line_1_93' title="bbox 2269 3437 3843 3510; baseline 0 -21"><span class='ocrx_word' id='word_1_513' title='bbox 2269 3438 2444 3508; x_wconf 79' lang='grc' dir='ltr'>χαρὰν</span> <span class='ocrx_word' id='word_1_514' title='bbox 2491 3439 2748 3509; x_wconf 78' lang='grc' dir='ltr'>σήμερον,</span> <span class='ocrx_word' id='word_1_515' title='bbox 2801 3437 3027 3509; x_wconf 82' lang='grc' dir='ltr'>Χριστὲ,</span> <span class='ocrx_word' id='word_1_516' title='bbox 3096 3437 3445 3498; x_wconf 79' lang='grc' dir='ltr'>ὑπαντῶντες</span> <span class='ocrx_word' id='word_1_517' title='bbox 3512 3440 3843 3510; x_wconf 74' lang='grc' dir='ltr'>προπομπὴν</span> 
     </span>
    </p>
   </div>
   <div class='ocr_carea' id='block_1_94' title="bbox 2269 3525 3842 3594">
    <p class='ocr_par' dir='ltr' id='par_1_94' title="bbox 2269 3525 3842 3594">
     <span class='ocr_line' id='line_1_94' title="bbox 2269 3525 3842 3594; baseline 0.001 -15"><span class='ocrx_word' id='word_1_518' title='bbox 2269 3525 2570 3594; x_wconf 84' lang='grc' dir='ltr'>ποιούμεθα</span> <span class='ocrx_word' id='word_1_519' title='bbox 2608 3527 2701 3579; x_wconf 88' lang='grc' dir='ltr'><strong>τοῦ</strong></span> <span class='ocrx_word' id='word_1_520' title='bbox 2745 3525 3014 3594; x_wconf 79' lang='grc' dir='ltr'>παναγίου</span> <span class='ocrx_word' id='word_1_521' title='bbox 3046 3525 3252 3588; x_wconf 89' lang='grc' dir='ltr'>πάθους</span> <span class='ocrx_word' id='word_1_522' title='bbox 3287 3540 3405 3585; x_wconf 88' lang='grc' dir='ltr'>σου,</span> <span class='ocrx_word' id='word_1_523' title='bbox 3438 3525 3582 3594; x_wconf 82' lang='grc' dir='ltr'>ὅπερ</span> <span class='ocrx_word' id='word_1_524' title='bbox 3636 3531 3716 3590; x_wconf 89' lang='grc' dir='ltr'><strong>εἰς</strong></span> <span class='ocrx_word' id='word_1_525' title='bbox 3743 3545 3842 3581; x_wconf 81' lang='grc' dir='ltr'>σω·-</span> 
     </span>
    </p>
   </div>
   <div class='ocr_carea' id='block_1_95' title="bbox 2267 3616 3844 3690">
    <p class='ocr_par' dir='ltr' id='par_1_95' title="bbox 2267 3616 3844 3690">
     <span class='ocr_line' id='line_1_95' title="bbox 2267 3616 3844 3690; baseline -0.002 -18"><span class='ocrx_word' id='word_1_526' title='bbox 2267 3619 2462 3690; x_wconf 82' lang='grc' dir='ltr'>τηρίαν</span> <span class='ocrx_word' id='word_1_527' title='bbox 2483 3616 2577 3670; x_wconf 88' lang='grc' dir='ltr'><strong>τοῦ</strong></span> <span class='ocrx_word' id='word_1_528' title='bbox 2608 3618 2809 3688; x_wconf 84' lang='grc' dir='ltr'>κόσμου</span> <span class='ocrx_word' id='word_1_529' title='bbox 2828 3617 3230 3688; x_wconf 70' lang='grc' dir='ltr'>ἔναπειργάσω,</span> <span class='ocrx_word' id='word_1_530' title='bbox 3247 3616 3463 3688; x_wconf 82' lang='grc' dir='ltr'>Σωτὴρ,</span> <span class='ocrx_word' id='word_1_531' title='bbox 3491 3618 3571 3680; x_wconf 86' lang='grc' dir='ltr'><strong>ὡς</strong></span> <span class='ocrx_word' id='word_1_532' title='bbox 3598 3619 3844 3672; x_wconf 62' lang='lat' dir='ltr'><strong>atumat}-</strong></span> 
     </span>
    </p>
   </div>
   <div class='ocr_carea' id='block_1_96' title="bbox 2267 3728 2460 3781">
    <p class='ocr_par' dir='ltr' id='par_1_96' title="bbox 2267 3728 2460 3781">
     <span class='ocr_line' id='line_1_96' title="bbox 2267 3728 2460 3781; baseline -0.01 -16"><span class='ocrx_word' id='word_1_533' title='bbox 2267 3728 2334 3765; x_wconf 92' lang='grc' dir='ltr'><strong>να</strong></span> <span class='ocrx_word' id='word_1_534' title='bbox 2341 3728 2460 3781; x_wconf 82' lang='grc' dir='ltr'>μσς.</span> 
     </span>
    </p>
   </div>
   <div class='ocr_carea' id='block_1_97' title="bbox 2339 3801 3839 3874">
    <p class='ocr_par' dir='ltr' id='par_1_97' title="bbox 2339 3801 3839 3874">
     <span class='ocr_line' id='line_1_97' title="bbox 2339 3801 3839 3874; baseline -0.001 -18"><span class='ocrx_word' id='word_1_535' title='bbox 2339 3804 2583 3874; x_wconf 86' lang='grc' dir='ltr'>Σήμερον</span> <span class='ocrx_word' id='word_1_536' title='bbox 2631 3802 2836 3872; x_wconf 79' lang='grc' dir='ltr'>γίνεται</span> <span class='ocrx_word' id='word_1_537' title='bbox 2891 3802 3033 3873; x_wconf 81' lang='grc' dir='ltr'>χαρὰ</span> <span class='ocrx_word' id='word_1_538' title='bbox 3081 3804 3140 3856; x_wconf 71' lang='grc' dir='ltr'>ἐν</span> <span class='ocrx_word' id='word_1_539' title='bbox 3179 3802 3393 3874; x_wconf 80' lang='grc' dir='ltr'>οὐρανῷ</span> <span class='ocrx_word' id='word_1_540' title='bbox 3427 3801 3527 3855; x_wconf 76' lang='grc' dir='ltr'>καὶ</span> <span class='ocrx_word' id='word_1_541' title='bbox 3596 3801 3691 3854; x_wconf 68' lang='grc' dir='ltr'><strong>ἐπὶ</strong></span> <span class='ocrx_word' id='word_1_542' title='bbox 3725 3802 3839 3871; x_wconf 77' lang='grc' dir='ltr'>τῆς,</span> 
     </span>
    </p>
   </div>
   <div class='ocr_carea' id='block_1_98' title="bbox 2267 3891 3838 3963">
    <p class='ocr_par' dir='ltr' id='par_1_98' title="bbox 2267 3891 3838 3963">
     <span class='ocr_line' id='line_1_98' title="bbox 2267 3891 3838 3963; baseline -0.003 -16"><span class='ocrx_word' id='word_1_543' title='bbox 2267 3893 2350 3947; x_wconf 84' lang='grc' dir='ltr'>ὃτι</span> <span class='ocrx_word' id='word_1_544' title='bbox 2405 3893 2496 3948; x_wconf 89' lang='grc' dir='ltr'><strong>τοῦ</strong></span> <span class='ocrx_word' id='word_1_545' title='bbox 2551 3891 2784 3963; x_wconf 89' lang='grc' dir='ltr'>σταυροῦ</span> <span class='ocrx_word' id='word_1_546' title='bbox 2833 3892 2893 3945; x_wconf 83' lang='grc' dir='ltr'>τδ</span> <span class='ocrx_word' id='word_1_547' title='bbox 2941 3895 3164 3962; x_wconf 85' lang='grc' dir='ltr'>σημεῖον</span> <span class='ocrx_word' id='word_1_548' title='bbox 3223 3893 3414 3961; x_wconf 83' lang='grc' dir='ltr'>κόσμῳ</span> <span class='ocrx_word' id='word_1_549' title='bbox 3461 3891 3838 3960; x_wconf 67' lang='grc' dir='ltr'>ἐμφανίζεται.</span> 
     </span>
    </p>
   </div>
   <div class='ocr_carea' id='block_1_99' title="bbox 2267 3978 3838 4057">
    <p class='ocr_par' dir='ltr' id='par_1_99' title="bbox 2267 3978 3838 4057">
     <span class='ocr_line' id='line_1_99' title="bbox 2267 3978 3838 4057; baseline -0.002 -18"><span class='ocrx_word' id='word_1_550' title='bbox 2267 3985 2504 4056; x_wconf 79' lang='grc' dir='ltr'>Σταυρὸς</span> <span class='ocrx_word' id='word_1_551' title='bbox 2528 3986 2556 4038; x_wconf 87' lang='grc' dir='ltr'><strong>ό</strong></span> <span class='ocrx_word' id='word_1_552' title='bbox 2588 3984 3074 4057; x_wconf 86' lang='grc' dir='ltr'>τρισμακάριστος,</span> <span class='ocrx_word' id='word_1_553' title='bbox 3105 3978 3261 4047; x_wconf 73' lang='grc' dir='ltr'>οὗτος</span> <span class='ocrx_word' id='word_1_554' title='bbox 3284 3983 3577 4055; x_wconf 82' lang='grc' dir='ltr'>προτεθεὶς</span> <span class='ocrx_word' id='word_1_555' title='bbox 3608 3983 3838 4036; x_wconf 67' lang='grc' dir='ltr'>ἀναϐλύ-</span> 
     </span>
    </p>
   </div>
   <div class='ocr_carea' id='block_1_100' title="bbox 2268 4076 2812 4148">
    <p class='ocr_par' dir='ltr' id='par_1_100' title="bbox 2268 4076 2812 4148">
     <span class='ocr_line' id='line_1_100' title="bbox 2268 4076 2812 4148; baseline 0.006 -17"><span class='ocrx_word' id='word_1_556' title='bbox 2268 4076 2350 4141; x_wconf 79' lang='grc' dir='ltr'>ζει</span> <span class='ocrx_word' id='word_1_557' title='bbox 2379 4079 2537 4148; x_wconf 88' lang='grc' dir='ltr'>χάριν</span> <span class='ocrx_word' id='word_1_558' title='bbox 2565 4076 2812 4134; x_wconf 72' lang='grc' dir='ltr'>ἁὲνναον.</span> 
     </span>
    </p>
   </div>
   <div class='ocr_carea' id='block_1_101' title="bbox 2336 4168 3839 4241">
    <p class='ocr_par' dir='ltr' id='par_1_101' title="bbox 2336 4168 3839 4241">
     <span class='ocr_line' id='line_1_101' title="bbox 2336 4168 3839 4241; baseline -0.003 -19"><span class='ocrx_word' id='word_1_559' title='bbox 2336 4169 2401 4222; x_wconf 78' lang='grc' dir='ltr'><strong>Τί</strong></span> <span class='ocrx_word' id='word_1_560' title='bbox 2424 4186 2506 4222; x_wconf 90' lang='grc' dir='ltr'><strong>σοι</strong></span> <span class='ocrx_word' id='word_1_561' title='bbox 2529 4169 2912 4240; x_wconf 83' lang='grc' dir='ltr'>προσάξωμεν,</span> <span class='ocrx_word' id='word_1_562' title='bbox 2933 4171 3158 4241; x_wconf 76' lang='grc' dir='ltr'>Χριστὲ,</span> <span class='ocrx_word' id='word_1_563' title='bbox 3185 4170 3265 4223; x_wconf 87' lang='grc' dir='ltr'>ὅτι</span> <span class='ocrx_word' id='word_1_564' title='bbox 3292 4168 3382 4222; x_wconf 84' lang='grc' dir='ltr'>τὸν</span> <span class='ocrx_word' id='word_1_565' title='bbox 3406 4168 3597 4236; x_wconf 77' lang='grc' dir='ltr'>τίμιον</span> <span class='ocrx_word' id='word_1_566' title='bbox 3621 4168 3839 4237; x_wconf 82' lang='grc' dir='ltr'>σταυρὸν</span> 
     </span>
    </p>
   </div>
   <div class='ocr_carea' id='block_1_102' title="bbox 2266 4255 3838 4332">
    <p class='ocr_par' dir='ltr' id='par_1_102' title="bbox 2266 4255 3838 4332">
     <span class='ocr_line' id='line_1_102' title="bbox 2266 4255 3838 4332; baseline -0.002 -19"><span class='ocrx_word' id='word_1_567' title='bbox 2266 4259 2500 4324; x_wconf 78' lang='grc' dir='ltr'>δέδωκας</span> <span class='ocrx_word' id='word_1_568' title='bbox 2526 4263 2657 4332; x_wconf 79' lang='grc' dir='ltr'>ἡμῖν</span> <span class='ocrx_word' id='word_1_569' title='bbox 2681 4262 3072 4331; x_wconf 81' lang='grc' dir='ltr'>προσκυνῆσαι,</span> <span class='ocrx_word' id='word_1_570' title='bbox 3097 4265 3151 4314; x_wconf 79' lang='grc' dir='ltr'>ἐν</span> <span class='ocrx_word' id='word_1_571' title='bbox 3180 4255 3224 4330; x_wconf 81' lang='grc' dir='ltr'>ᾧ</span> <span class='ocrx_word' id='word_1_572' title='bbox 3250 4261 3306 4313; x_wconf 76' lang='grc' dir='ltr'><strong>τὸ</strong></span> <span class='ocrx_word' id='word_1_573' title='bbox 3329 4261 3602 4329; x_wconf 78' lang='grc' dir='ltr'>πανάγιον</span> <span class='ocrx_word' id='word_1_574' title='bbox 3625 4275 3838 4311; x_wconf 80' lang='grc' dir='ltr'>κατεκε-</span> 
     </span>
    </p>
   </div>
   <div class='ocr_carea' id='block_1_103' title="bbox 2266 4345 3836 4421">
    <p class='ocr_par' dir='ltr' id='par_1_103' title="bbox 2266 4345 3836 4421">
     <span class='ocr_line' id='line_1_103' title="bbox 2266 4345 3836 4421; baseline 0 -20"><span class='ocrx_word' id='word_1_575' title='bbox 2266 4347 2410 4419; x_wconf 86' lang='grc' dir='ltr'>νώθη</span> <span class='ocrx_word' id='word_1_576' title='bbox 2459 4345 2599 4420; x_wconf 73' lang='grc' dir='ltr'>αἷμά</span> <span class='ocrx_word' id='word_1_577' title='bbox 2637 4367 2752 4413; x_wconf 91' lang='grc' dir='ltr'>σου,</span> <span class='ocrx_word' id='word_1_578' title='bbox 2856 4351 2948 4402; x_wconf 77' lang='grc' dir='ltr'>καὶ</span> <span class='ocrx_word' id='word_1_579' title='bbox 2985 4352 3018 4420; x_wconf 84' lang='grc' dir='ltr'>ή</span> <span class='ocrx_word' id='word_1_580' title='bbox 3049 4349 3184 4421; x_wconf 80' lang='grc' dir='ltr'>σάρξ</span> <span class='ocrx_word' id='word_1_581' title='bbox 3227 4367 3320 4403; x_wconf 90' lang='grc' dir='ltr'><strong>σου</strong></span> <span class='ocrx_word' id='word_1_582' title='bbox 3350 4350 3506 4419; x_wconf 78' lang='grc' dir='ltr'>ἥλοις</span> <span class='ocrx_word' id='word_1_583' title='bbox 3535 4351 3750 4420; x_wconf 63' lang='grc' dir='ltr'>ἐπάγῃ</span> <span class='ocrx_word' id='word_1_584' title='bbox 3785 4351 3836 4402; x_wconf 75' lang='grc' dir='ltr'>ὃν</span> 
     </span>
    </p>
   </div>
   <div class='ocr_carea' id='block_1_104' title="bbox 2267 4437 3360 4512">
    <p class='ocr_par' dir='ltr' id='par_1_104' title="bbox 2267 4437 3360 4512">
     <span class='ocr_line' id='line_1_104' title="bbox 2267 4437 3360 4512; baseline 0.003 -20"><span class='ocrx_word' id='word_1_585' title='bbox 2267 4437 2633 4510; x_wconf 76' lang='grc' dir='ltr'>ἀσπαζόμενοι</span> <span class='ocrx_word' id='word_1_586' title='bbox 2667 4439 2762 4493; x_wconf 89' lang='grc' dir='ltr'><strong>νῦν</strong></span> <span class='ocrx_word' id='word_1_587' title='bbox 2796 4440 3220 4512; x_wconf 75' lang='grc' dir='ltr'>εὐχαριστοῦμεν</span> <span class='ocrx_word' id='word_1_588' title='bbox 3255 4457 3360 4496; x_wconf 86' lang='grc' dir='ltr'>σοι.</span> 
     </span>
    </p>
   </div>
   <div class='ocr_carea' id='block_1_105' title="bbox 2895 4617 3220 4687">
    <p class='ocr_par' dir='ltr' id='par_1_105' title="bbox 2895 4617 3220 4687">
     <span class='ocr_line' id='line_1_105' title="bbox 2895 4617 3220 4687; baseline 0 -15"><span class='ocrx_word' id='word_1_589' title='bbox 2895 4617 3220 4687; x_wconf 66' lang='grc' dir='ltr'>Τριαδικόν.</span> 
     </span>
    </p>
   </div>
   <div class='ocr_carea' id='block_1_106' title="bbox 2335 4706 3829 4780">
    <p class='ocr_par' dir='ltr' id='par_1_106' title="bbox 2335 4706 3829 4780">
     <span class='ocr_line' id='line_1_106' title="bbox 2335 4706 3829 4780; baseline 0.003 -21"><span class='ocrx_word' id='word_1_590' title='bbox 2335 4706 2484 4770; x_wconf 81' lang='grc' dir='ltr'><strong>Μιᾶς</strong></span> <span class='ocrx_word' id='word_1_591' title='bbox 2528 4706 2781 4776; x_wconf 89' lang='grc' dir='ltr'>θεότητος</span> <span class='ocrx_word' id='word_1_592' title='bbox 2825 4708 2979 4778; x_wconf 79' lang='grc' dir='ltr'>ὑμῶν</span> <span class='ocrx_word' id='word_1_593' title='bbox 3036 4711 3184 4780; x_wconf 79' lang='grc' dir='ltr'>τρεῖς</span> <span class='ocrx_word' id='word_1_594' title='bbox 3232 4709 3567 4773; x_wconf 81' lang='grc' dir='ltr'>ὑποστάσεις</span> <span class='ocrx_word' id='word_1_595' title='bbox 3623 4706 3829 4778; x_wconf 79' lang='grc' dir='ltr'>ἀμερῶς</span> 
     </span>
    </p>
   </div>
   <div class='ocr_carea' id='block_1_107' title="bbox 2271 4796 3825 4870">
    <p class='ocr_par' dir='ltr' id='par_1_107' title="bbox 2271 4796 3825 4870">
     <span class='ocr_line' id='line_1_107' title="bbox 2271 4796 3825 4870; baseline -0.001 -21"><span class='ocrx_word' id='word_1_596' title='bbox 2271 4796 2480 4866; x_wconf 71' lang='grc' dir='ltr'>φύσεως</span> <span class='ocrx_word' id='word_1_597' title='bbox 2500 4798 2674 4867; x_wconf 84' lang='grc' dir='ltr'>ἀπλῆς</span> <span class='ocrx_word' id='word_1_598' title='bbox 2698 4797 3028 4867; x_wconf 75' lang='grc' dir='ltr'>δογματίζω,</span> <span class='ocrx_word' id='word_1_599' title='bbox 3049 4799 3138 4852; x_wconf 78' lang='grc' dir='ltr'>τὸν</span> <span class='ocrx_word' id='word_1_600' title='bbox 3160 4799 3379 4868; x_wconf 82' lang='grc' dir='ltr'>Πατέρα</span> <span class='ocrx_word' id='word_1_601' title='bbox 3403 4800 3667 4870; x_wconf 76' lang='grc' dir='ltr'>ἄναρχον,</span> <span class='ocrx_word' id='word_1_602' title='bbox 3692 4799 3825 4860; x_wconf 53' lang='lat' dir='ltr'><strong>Tib-1,</strong></span> 
     </span>
    </p>
   </div>
   <div class='ocr_carea' id='block_1_108' title="bbox 2267 4890 3825 4963">
    <p class='ocr_par' dir='ltr' id='par_1_108' title="bbox 2267 4890 3825 4963">
     <span class='ocr_line' id='line_1_108' title="bbox 2267 4890 3825 4963; baseline -0.003 -17"><span class='ocrx_word' id='word_1_603' title='bbox 2267 4893 2360 4946; x_wconf 73' lang='grc' dir='ltr'>καὶ</span> <span class='ocrx_word' id='word_1_604' title='bbox 2385 4892 2606 4959; x_wconf 87' lang='grc' dir='ltr'>Πνεῦμα</span> <span class='ocrx_word' id='word_1_605' title='bbox 2637 4891 2813 4958; x_wconf 77' lang='grc' dir='ltr'>ἅγιον,</span> <span class='ocrx_word' id='word_1_606' title='bbox 2842 4890 3153 4962; x_wconf 80' lang='grc' dir='ltr'>σύνθρονον,</span> <span class='ocrx_word' id='word_1_607' title='bbox 3187 4891 3486 4962; x_wconf 83' lang='grc' dir='ltr'>κυριότητα</span> <span class='ocrx_word' id='word_1_608' title='bbox 3525 4893 3680 4963; x_wconf 80' lang='grc' dir='ltr'>μίαν,</span> <span class='ocrx_word' id='word_1_609' title='bbox 3707 4891 3825 4961; x_wconf 80' lang='grc' dir='ltr'>ὀμο-</span> 
     </span>
    </p>
   </div>
   <div class='ocr_carea' id='block_1_109' title="bbox 2266 4979 3066 5052">
    <p class='ocr_par' dir='ltr' id='par_1_109' title="bbox 2266 4979 3066 5052">
     <span class='ocr_line' id='line_1_109' title="bbox 2266 4979 3066 5052; baseline 0 -15"><span class='ocrx_word' id='word_1_610' title='bbox 2266 4983 2536 5038; x_wconf 78' lang='grc' dir='ltr'>σασίλειον</span> <span class='ocrx_word' id='word_1_611' title='bbox 2560 4979 2617 5034; x_wconf 80' lang='grc' dir='ltr'>ἓν</span> <span class='ocrx_word' id='word_1_612' title='bbox 2649 4980 2853 5052; x_wconf 87' lang='grc' dir='ltr'>κράτος</span> <span class='ocrx_word' id='word_1_613' title='bbox 2875 4982 3066 5037; x_wconf 82' lang='grc' dir='ltr'>ἀΐδιον.</span> 
     </span>
    </p>
   </div>
   <div class='ocr_carea' id='block_1_110' title="bbox 2889 5155 3216 5208">
    <p class='ocr_par' dir='ltr' id='par_1_110' title="bbox 2889 5155 3216 5208">
     <span class='ocr_line' id='line_1_110' title="bbox 2889 5155 3216 5208; baseline 0.003 -1"><span class='ocrx_word' id='word_1_614' title='bbox 2889 5155 3216 5208; x_wconf 76' lang='grc' dir='ltr'>Θεοτόκιον.</span> 
     </span>
    </p>
   </div>
   <div class='ocr_carea' id='block_1_111' title="bbox 2335 5243 3819 5322">
    <p class='ocr_par' dir='ltr' id='par_1_111' title="bbox 2335 5243 3819 5322">
     <span class='ocr_line' id='line_1_111' title="bbox 2335 5243 3819 5322; baseline 0 -25"><span class='ocrx_word' id='word_1_615' title='bbox 2335 5244 2483 5314; x_wconf 83' lang='grc' dir='ltr'>Μόνη</span> <span class='ocrx_word' id='word_1_616' title='bbox 2511 5246 2714 5317; x_wconf 71' lang='grc' dir='ltr'>ἐφάνης</span> <span class='ocrx_word' id='word_1_617' title='bbox 2740 5246 3012 5316; x_wconf 81' lang='grc' dir='ltr'>γυναικῶν</span> <span class='ocrx_word' id='word_1_618' title='bbox 3035 5245 3219 5322; x_wconf 82' lang='grc' dir='ltr'>χρῆμα</span> <span class='ocrx_word' id='word_1_619' title='bbox 3243 5243 3676 5312; x_wconf 82' lang='grc' dir='ltr'>πανθαύμαστον</span> <span class='ocrx_word' id='word_1_620' title='bbox 3700 5243 3819 5311; x_wconf 75' lang='grc' dir='ltr'><strong>ἁγνὴ</strong></span> 
     </span>
    </p>
   </div>
   <div class='ocr_carea' id='block_1_112' title="bbox 2265 5323 3817 5408">
    <p class='ocr_par' dir='ltr' id='par_1_112' title="bbox 2265 5323 3817 5408">
     <span class='ocr_line' id='line_1_112' title="bbox 2265 5323 3817 5408; baseline -0.003 -22"><span class='ocrx_word' id='word_1_621' title='bbox 2265 5336 2500 5404; x_wconf 84' lang='grc' dir='ltr'>πρᾶγμα</span> <span class='ocrx_word' id='word_1_622' title='bbox 2530 5335 2779 5408; x_wconf 74' lang='grc' dir='ltr'>φοϐερόν.</span> <span class='ocrx_word' id='word_1_623' title='bbox 2823 5336 2933 5404; x_wconf 82' lang='grc' dir='ltr'>Τὴν</span> <span class='ocrx_word' id='word_1_624' title='bbox 2968 5323 3076 5404; x_wconf 76' lang='grc' dir='ltr'>γὰρ</span> <span class='ocrx_word' id='word_1_625' title='bbox 3107 5333 3267 5401; x_wconf 82' lang='grc' dir='ltr'>φύσιν</span> <span class='ocrx_word' id='word_1_626' title='bbox 3303 5335 3369 5386; x_wconf 80' lang='grc' dir='ltr'>σὺ</span> <span class='ocrx_word' id='word_1_627' title='bbox 3402 5335 3817 5404; x_wconf 71' lang='grc' dir='ltr'>ἐκαινοτόμησις</span> 
     </span>
    </p>
   </div>
   <div class='ocr_carea' id='block_1_113' title="bbox 2265 5425 3791 5498">
    <p class='ocr_par' dir='ltr' id='par_1_113' title="bbox 2265 5425 3791 5498">
     <span class='ocr_line' id='line_1_113' title="bbox 2265 5425 3791 5498; baseline -0.002 -19"><span class='ocrx_word' id='word_1_628' title='bbox 2265 5427 2390 5479; x_wconf 81' lang='grc' dir='ltr'>ἄνευ</span> <span class='ocrx_word' id='word_1_629' title='bbox 2417 5429 2622 5498; x_wconf 85' lang='grc' dir='ltr'>σπορᾶς</span> <span class='ocrx_word' id='word_1_630' title='bbox 2653 5430 2923 5498; x_wconf 73' lang='grc' dir='ltr'>κυήσασα,</span> <span class='ocrx_word' id='word_1_631' title='bbox 2954 5427 3184 5496; x_wconf 75' lang='grc' dir='ltr'>μείνασα</span> <span class='ocrx_word' id='word_1_632' title='bbox 3210 5425 3375 5478; x_wconf 84' lang='grc' dir='ltr'>πάλιν</span> <span class='ocrx_word' id='word_1_633' title='bbox 3401 5427 3478 5490; x_wconf 83' lang='grc' dir='ltr'>ὡς</span> <span class='ocrx_word' id='word_1_634' title='bbox 3506 5431 3641 5498; x_wconf 74' lang='grc' dir='ltr'>πρὶν</span> <span class='ocrx_word' id='word_1_635' title='bbox 3693 5442 3791 5491; x_wconf 76' lang='grc' dir='ltr'><strong>παρ</strong></span> 
     </span>
    </p>
   </div>
   <div class='ocr_carea' id='block_1_114' title="bbox 2265 5514 3794 5587">
    <p class='ocr_par' dir='ltr' id='par_1_114' title="bbox 2265 5514 3794 5587">
     <span class='ocr_line' id='line_1_114' title="bbox 2265 5514 3794 5587; baseline -0.001 -18"><span class='ocrx_word' id='word_1_636' title='bbox 2265 5517 2434 5581; x_wconf 81' lang='grc' dir='ltr'>θένος.</span> <span class='ocrx_word' id='word_1_637' title='bbox 2485 5516 2542 5570; x_wconf 88' lang='lat'><strong>&#39;0</strong></span> <span class='ocrx_word' id='word_1_638' title='bbox 2587 5516 2864 5587; x_wconf 75' lang='grc' dir='ltr'>γεννηθεὶς</span> <span class='ocrx_word' id='word_1_639' title='bbox 2912 5517 3018 5586; x_wconf 76' lang='grc' dir='ltr'><strong>γὰρ</strong></span> <span class='ocrx_word' id='word_1_640' title='bbox 3073 5519 3138 5569; x_wconf 79' lang='grc' dir='ltr'>ὲκ</span> <span class='ocrx_word' id='word_1_641' title='bbox 3183 5514 3277 5567; x_wconf 89' lang='grc' dir='ltr'><strong>σοῦ</strong></span> <span class='ocrx_word' id='word_1_642' title='bbox 3327 5516 3462 5581; x_wconf 86' lang='grc' dir='ltr'>Θεός</span> <span class='ocrx_word' id='word_1_643' title='bbox 3510 5520 3659 5571; x_wconf 75' lang='grc' dir='ltr'>ἐστιν</span> <span class='ocrx_word' id='word_1_644' title='bbox 3703 5517 3794 5578; x_wconf 57' lang='lat' dir='ltr'><strong>dir,</strong></span> 
     </span>
    </p>
   </div>
   <div class='ocr_carea' id='block_1_115' title="bbox 2265 5609 2386 5680">
    <p class='ocr_par' dir='ltr' id='par_1_115' title="bbox 2265 5609 2386 5680">
     <span class='ocr_line' id='line_1_115' title="bbox 2265 5609 2386 5680; baseline 0.017 -18"><span class='ocrx_word' id='word_1_645' title='bbox 2265 5609 2386 5680; x_wconf 81' lang='grc' dir='ltr'>θής.</span> 
     </span>
    </p>
   </div>
   <div class='ocr_carea' id='block_1_116' title="bbox 2862 5703 3220 5758">
    <p class='ocr_par' dir='ltr' id='par_1_116' title="bbox 2862 5703 3220 5758">
     <span class='ocr_line' id='line_1_116' title="bbox 2862 5703 3220 5758; baseline -0.006 0"><span class='ocrx_word' id='word_1_646' title='bbox 2862 5703 3220 5758; x_wconf 81' lang='grc' dir='ltr'>Καταϐασία.</span> 
     </span>
    </p>
   </div>
   <div class='ocr_carea' id='block_1_117' title="bbox 2347 5793 3808 5869">
    <p class='ocr_par' dir='ltr' id='par_1_117' title="bbox 2347 5793 3808 5869">
     <span class='ocr_line' id='line_1_117' title="bbox 2347 5793 3808 5869; baseline -0.003 -19"><span class='ocrx_word' id='word_1_647' title='bbox 2347 5793 2469 5850; x_wconf 75' lang='grc' dir='ltr'><strong>Ἐπὶ</strong></span> <span class='ocrx_word' id='word_1_648' title='bbox 2506 5793 2738 5868; x_wconf 82' lang='grc' dir='ltr'>σταυροῦ</span> <span class='ocrx_word' id='word_1_649' title='bbox 2788 5813 2869 5864; x_wconf 81' lang='grc' dir='ltr'><strong>σε,</strong></span> <span class='ocrx_word' id='word_1_650' title='bbox 2900 5796 3111 5861; x_wconf 70' lang='grc' dir='ltr'>δυνατὶ,</span> <span class='ocrx_word' id='word_1_651' title='bbox 3153 5797 3381 5868; x_wconf 73' lang='grc' dir='ltr'>φωστὴρ</span> <span class='ocrx_word' id='word_1_652' title='bbox 3415 5799 3444 5850; x_wconf 83' lang='grc'>6</span> <span class='ocrx_word' id='word_1_653' title='bbox 3480 5797 3648 5869; x_wconf 71' lang='grc' dir='ltr'>μέγας</span> <span class='ocrx_word' id='word_1_654' title='bbox 3697 5808 3808 5847; x_wconf 80' lang='grc' dir='ltr'>κατ-</span> 
     </span>
    </p>
   </div>
  </div>
