3976 6314
165 353 318 419 1761

1135 358 1380 420 CANON
1406 357 1489 419 IN
1526 351 2072 417 ADORATIONEM
2105 351 2164 411 S.
2195 349 2486 412 CRUCIS.

3283 343 3420 408 1762

167 471 313 523 ιδὼν
369 470 558 540 τρόμῳ
621 469 882 540 ιπαρθεὶς
946 469 1045 534 τὰς
1109 471 1333 536 ἀκτῖνας
1395 470 1750 527 συνέστειλεν.

1889 480 1982 520 ore
2011 465 2290 534 perculsus
2324 462 2502 516 radios
2523 457 2792 515 contraxit
2813 466 2868 515 et
2889 456 3207 514 abscondit:
3240 460 3418 514 omnis

165 565 410 634 ἔκρυψε,
439 565 589 619 πᾶσα
617 565 674 618 δὲ
702 566 878 630 κτίσις
921 563 1162 636 ὕμνησεν
1205 567 1265 618 ὲν
1317 564 1464 634 φόϐῳ
1514 564 1613 632 τὴν
1654 567 1754 631 σὴν

171 656 599 728 μακροθυμίαν.
635 657 744 711 Καὶ
772 657 880 728 γάρ
908 655 1150 727 ἐπλήσθη
1175 657 1210 729 ή
1238 656 1312 726 γῆ
1339 655 1442 725 τῆς
1473 653 1577 725 σῆς
1607 645 1756 707 αίνὲ-

171 766 351 812 σεως.

847 880 981 952 om
1018 879 1094 936 A'.

274 1013 576 1077 Ἐνέτειλας
616 1012 724 1066 ἀπὸ
765 1012 861 1066 τοῦ
900 1012 1093 1082 τάφου,
1120 1012 1314 1068 ἄδυτον
1352 1012 1522 1080 φάος·
1553 1010 1635 1084 τῷ
1661 1011 1756 1066 κό-

175 1123 318 1176 σμῳ
364 1107 690 1176 ἀστράπτων
738 1104 837 1173 τὴν
897 1104 1242 1176 ἀφθαρσίαν,
1287 1104 1615 1174 ικμειὼσας,
1645 1101 1759 1158 Κύ-

177 1215 302 1270 ριε.
331 1197 560 1252 θανάτου
585 1197 684 1268 τὴν
715 1198 1018 1268 κατήφειαν
1051 1199 1116 1252 ἐκ
1143 1197 1250 1252 τῶν
1272 1198 1522 1269 περάτων
1558 1196 1634 1262 ὡς
1667 1195 1759 1251 εὕει

177 1291 521 1358 σπλαγχνος.

267 1380 661 1452 Προσέλθωμεν
686 1379 1083 1448 κεκαθαρμένοι
1110 1381 1174 1449 τῇ
1200 1378 1512 1451 ἐγκρατείᾳ,
1538 1378 1757 1450 θερμῶς

177 1473 700 1543 προσπτυσσόμενοι
767 1474 826 1526 ὲν
877 1470 1081 1524 αίνέσει
1130 1470 1286 1538 ξύλον
1347 1471 1407 1524 τὸ
1467 1471 1752 1539 πανάγιον,

177 1568 254 1619 ὲν
302 1559 346 1632 ᾧ
381 1565 613 1634 Χριστὸς
661 1563 1058 1634 σταυρούμενος
1099 1562 1268 1616 ἔσωσε
1299 1563 1521 1634 κόσμον,
1551 1564 1627 1634 ῶς
1668 1563 1757 1617 εὕ-

180 1631 521 1724 σπλαγχνος.
800 1631 810 1634 ’
903 1631 913 1634 ⁷
1403 1631 1414 1634 ⁷
1551 1631 1565 1646 ’

269 1749 595 1818 Χορεύουσιν
624 1748 682 1801 ἐν
718 1746 1022 1819 εὐφροσύνῃ
1049 1746 1292 1814 ἀγγέλων
1315 1745 1497 1812 τάξεις
1521 1747 1756 1817 σήμερον

1853 570 1984 610 vero
2005 563 2254 611 creatura
2289 551 2582 607 celebravit
2611 565 2735 606 cum
2780 558 2926 605 metu
2955 548 3420 620 longanimitatem

1855 656 2024 703 tuam.
2055 647 2266 702 Etenim
2303 645 2464 701 laude
2494 655 2582 699 tua
2606 652 2749 700 terra
2781 643 3000 714 impleta
3029 649 3136 699 est.

2495 861 2628 917 ODA
2671 859 2766 918 IV.

1924 996 2281 1053 Exstitistiex
2327 995 2599 1065 sepulcro,
2629 1010 2663 1050 ο
2704 996 2886 1050 lumen
2939 1009 3218 1065 nunquam
3271 993 3422 1048 ocri-

1853 1090 2025 1153 dens;
2058 1089 2262 1144 mundo
2293 1088 2754 1142 immortalitatem
2790 1086 3084 1148 irradians.
3120 1087 3422 1155 mortisque

1853 1195 2167 1244 maerorem,
2207 1190 2468 1250 tanquam
2509 1179 2847 1245 misericors,
2895 1193 2964 1233 ex
3026 1187 3188 1235 terra:
3220 1178 3421 1232 ﬁnibus

1853 1271 2128 1342 expuhsﬁ.

1915 1365 2253 1420 Accedamus
2297 1363 2581 1435 expurgati
2633 1360 2993 1427 continentia,
3055 1370 3108 1416 et
3153 1359 3422 1415 ferventer

1855 1460 2248 1530 amplectamur
2279 1458 2712 1513 sacratissimum
2742 1457 2947 1526 lignum
2976 1470 3084 1509 non
3101 1453 3220 1509 sine
3247 1452 3425 1507 laudi-

1853 1551 1975 1618 bus,
2008 1551 2060 1604 in
2091 1563 2201 1619 quo
2249 1546 2504 1603 Christus
2539 1546 2838 1601 crucilixus
2867 1541 3131 1600 mundum
3163 1542 3418 1606 servavit,

1853 1651 2110 1710 tanquam
2143 1638 2474 1693 misericors.

1920 1730 2089 1785 Hodie
2118 1731 2349 1785 choreas
2371 1744 2495 1783 cum
2528 1728 2718 1783 laetitia
2743 1728 2954 1782 ducunt
2980 1723 3298 1794 angelorum
3331 1737 3430 1777 0r-

185 1813 434 1907 σταυροῦ
460 1856 552 1892 σου
583 1842 650 1910 τῇ
678 1813 1061 1909 προσκυνήσει.
1098 1813 1193 1890 Ἔν
1222 1836 1369 1906 αὑτῷ
1397 1837 1504 1907 γάρ
1531 1813 1756 1907 τεθραυ-

1894 1826 2008 1880 iues
2037 1824 2106 1878 ob
2141 1822 2317 1878 crucis
2345 1832 2448 1876 tua:
2476 1821 2888 1886 adorationem;
2917 1817 2970 1871 in
3001 1817 3092 1870 illa
3132 1816 3276 1870 enim
3309 1815 3422 1866 dai-

186 1948 299 1992 κας
329 1931 426 1992 τὰς
453 1930 560 1983 τῶν
587 1930 858 2001 δαιμόνων
888 1928 1197 2000 φάλαγγας,
1226 1927 1429 1993 σώσας,
1453 1927 1673 2000 Χριστὲ,
1697 1927 1758 1980 τὸ

184 2019 561 2089 ἀνθρώπινον.

269 2111 602 2180 Παράδεισος
628 2109 787 2172 ἄλλος
816 2108 1062 2182 ἐγνώσθη
1102 2110 1135 2181 ή
1178 2107 1493 2181 Ἐκκλησία,
1520 2107 1596 2171 ῶς
1632 2107 1762 2179 πρὶν

192 2198 356 2264 ξύλον
386 2198 583 2269 ἔχουσα
616 2199 895 2269 ζωηφόρον
923 2200 1014 2253 τὸν
1037 2200 1268 2272 σταυρόν
1299 2217 1414 2260 σου,
1443 2198 1637 2270 Κύριε.
1672 2196 1764 2262 Ἐξ

189 2283 261 2342 οὗ
294 2288 384 2343 διὰ
412 2283 823 2360 προσψαύσεως,
858 2288 1158 2354 ἀθανασίας
1188 2290 1505 2360 μετέχομεν.

821 2466 1149 2534 Τριαδικόν.

271 2553 588 2626 Συνάναρχα
608 2552 733 2626 τρία
753 2554 960 2620 δοξάζω
987 2558 1116 2627 μιᾶς
1142 2555 1349 2621 οὐσίας,
1380 2555 1510 2610 Θεὸν
1535 2553 1624 2609 τὸν
1657 2555 1768 2608 Πα-

195 2645 356 2715 τέρα,
379 2645 505 2698 Υίὺν
526 2646 618 2698 καὶ
643 2647 885 2718 Πνεῦμα,
912 2648 1027 2717 φῶς
1048 2647 1107 2702 ἑν
1127 2647 1623 2719 τριλαμπέστατον,
1639 2645 1769 2717 ὁμο·

201 2737 406 2807 κρατὲς
431 2735 718 2807 βασίλειον,
749 2740 808 2794 ἐν
840 2739 1129 2812 άσυγχύτῳ
1154 2739 1460 2810 ταυτότητι.

823 2919 1151 2975 Θεοτόκιον.

290 3007 559 3078 Ἐκύησας
591 3008 806 3078 φύσεως
855 3010 1027 3081 νόμῳ,
1090 3010 1206 3064 ἀλλ’
1251 3009 1391 3081 ὑπὲρ
1438 3010 1620 3079 νόμον.
1667 3006 1770 3062 Σοῦ

204 3101 319 3171 γὰρ
355 3093 517 3171 μόνης
546 3102 779 3169 ἄσπορος
813 3090 1056 3171 ήλοχεία
1089 3101 1313 3172 φρικτὺς
1352 3103 1446 3155 καὶ
1484 3100 1771 3172 νοούμενος

206 3193 238 3245 ὁ
289 3192 486 3262 τρόπος
545 3192 640 3245 καὶ
697 3191 986 3262 λεγόμενος
1045 3192 1140 3247 τοῦ
1196 3191 1418 3247 τοκετοῦ
1469 3209 1587 3257 σου,
1635 3208 1771 3246 παν-

207 3286 431 3357 άμωμε.

807 3379 1164 3433 Καταϐασία.

297 3470 743 3542 ὀρθρίζοντέςσε
784 3469 1150 3539 ἀνυμνοῦμεν,
1180 3467 1370 3538 Σωτὴρ
1413 3467 1508 3520 τοῦ
1542 3468 1771 3534 κόσμου,

207 3564 433 3633 εἰρήνην
466 3562 754 3631 εὑράμενοι
784 3559 864 3629 τῷ
901 3560 1118 3632 σταυρῷ
1153 3578 1265 3623 σου,
1306 3561 1372 3612 δι’
1403 3551 1464 3612 οὗ
1498 3558 1776 3612 ἀνεκαίνι-

211 3671 314 3717 σας
364 3653 425 3707 τὸ
454 3653 609 3720 γένος
656 3651 716 3704 τὸ
754 3650 1114 3723 ἀνθρώπινον,
1146 3652 1259 3722 φῶς
1307 3651 1442 3725 πρὸς
1475 3651 1776 3722 ἀνέσπερον

207 3747 360 3814 ἄγων
390 3747 558 3811 ἡμᾶς.

835 3855 966 3952 ῼΔΗ
1005 3880 1077 3934 E'.

309 4010 553 4082 Ἇνέστης
603 4012 694 4066 τδν
743 4011 970 4066 θάνατον
1014 4010 1275 4082 θραύσας,
1318 4011 1541 4082 Χριστὲ,
1586 4009 1775 4082 ῶσπερ

214 4103 386 4173 μέγας
425 4103 692 4172 βασιλεὺς,
729 4106 793 4157 ὲκ
823 4104 932 4157 τῶν
972 4103 1099 4176 ᾅδου
1142 4103 1383 4172 ταμείων
1435 4104 1776 4166 ἀνακαλέσας

210 4197 358 4265 ἡμᾶς
391 4198 469 4260 είς
493 4195 789 4250 ἀπόλαυσιν
814 4195 1089 4265 βασιλείας
1120 4196 1386 4268 οὐρανῶν,
1413 4197 1493 4260 είς
1517 4196 1622 4266 γῆν
1644 4195 1776 4249 ἀθαο

211 4289 422 4348 νατίας.

289 4378 618 4447 Κροτοῦντες
670 4379 729 4432 ὲν
775 4377 983 4450 ᾅσμασι
1038 4377 1202 4442 θείοις
1256 4378 1439 4432 πιστοὶ
1498 4377 1777 4442 άλαλάξω-

1857 1930 2080 1970 monum
2113 1924 2358 1967 catervas
2402 1909 2722 1977 vulnerasti,
2767 1907 3008 1973 Christe,
3058 1905 3301 1960 humano
3331 1919 3425 1972 ge—

1859 2021 1988 2062 nere
2022 2013 2254 2059 servato.

1928 2099 2078 2152 Alter
2111 2095 2393 2166 paradisus
2412 2094 2600 2152 etl‘ecta
2627 2102 2713 2150 est
2731 2091 2997 2154 Ecclesia,
3021 2105 3145 2161 qua
3170 2097 3228 2144 ut
3249 2089 3429 2156 prius,

1858 2187 2128 2242 viviﬁcum
2158 2187 2362 2258 lignum
2400 2186 2662 2256 possidet,
2697 2185 3221 2246 nimirum,crucem
3248 2190 3419 2239 tuam.

1861 2279 2110 2334 Domine.
2128 2279 2208 2335 Ex
2228 2279 2385 2351 cujus
2405 2287 2664 2335 contactu
2690 2275 3116 2333 immortalitatis
3136 2273 3430 2345 participes

1860 2371 2147 2428 etheimur.

2481 2461 2808 2517 Triadt'cum.

1931 2553 2066 2609 Tres
2122 2569 2382 2625 personas
2431 2553 2571 2609 initii
2615 2563 2890 2624 expertes,
2964 2552 3128 2606 unius
3179 2547 3434 2604 essentne

1864 2645 2127 2717 gloriﬁco,
2153 2645 2321 2702 Deum
2340 2644 2580 2710 Patrem,
2628 2644 2850 2711 Filium,
2919 2652 2973 2698 et
3000 2641 3260 2712 Spiritum
3300 2655 3422 2694 san-

1865 2746 2034 2802 ctum,
2051 2737 2231 2794 lumen
2257 2753 2423 2792 unum
2446 2737 2902 2808 lulgentissimum
2920 2734 3162 2806 ejusdem
3181 2735 3434 2804 potentia:

1865 2837 1920 2886 et
1945 2832 2094 2899 regni
2127 2829 2410 2887 inconfusa
2439 2829 2644 2885 unitate
2671 2845 2768 2885 seu
2809 2829 3112 2884 identitate.

2469 2918 2832 2977 Theotocium.

1932 3007 2161 3068 Uterum
2194 3011 2413 3083 gestasti
2442 3023 2651 3067 natura:
2689 3011 2827 3081 lege,
2877 3009 2972 3066 sed
3040 3024 3203 3078 supra
3238 3008 3431 3076 legem.

1872 3098 2023 3156 Tuus
2051 3103 2196 3157 enim
2220 3103 2564 3158 solummodo
2593 3110 2786 3172 partus
2823 3110 2908 3155 est
2961 3101 3172 3169 absque
3205 3099 3412 3153 semine

1871 3193 2208 3249 Tremendus
2243 3203 2298 3248 et
2332 3193 2569 3264 cogitatu
2606 3199 2660 3246 et
2695 3189 2847 3246 dictu
2869 3198 2954 3246 est
2997 3199 3188 3262 partus
3225 3197 3377 3255 tuus,
3404 3202 3438 3241 o

1873 3284 2245 3341 immaculata.

2511 3372 2821 3429 Catabasia.

1942 3465 2192 3521 Diluculo
2212 3464 2552 3520 celebramus
2580 3475 2654 3529 te,
2683 3463 2934 3518 Salvator
2959 3461 3172 3526 mundi,
3196 3475 3329 3532 pace
3346 3475 3442 3530 per

1874 3575 2088 3616 crucem
2131 3569 2278 3614 tuam
2321 3557 2556 3619 inventa.
2587 3572 2693 3626 qua
2737 3571 2911 3626 genus
2942 3555 3245 3609 humanum
3278 3567 3438 3623 repa-

1873 3653 2028 3715 rasti.
2054 3665 2264 3723 nosque
2290 3648 2358 3704 ad
2408 3648 2594 3705 lumen
2638 3647 2822 3705 omnis
2858 3660 3089 3703 occasus
3115 3659 3312 3716 expers
3354 3643 3443 3700 ad-

1874 3746 2096 3804 duxisti.

2539 3879 2679 3937 ODA
2733 3878 2797 3935 ν.

1946 4016 2332 4082 Resurrexisti,
2373 4017 2610 4085 Christe,
2645 4016 2930 4072 vulnerata
2951 4019 3148 4080 morte,
3180 4021 3438 4083 tanquam

1875 4121 2069 4181 potens
2102 4127 2215 4176 rex,
2244 4110 2424 4175 nobis,
2454 4124 2522 4164 ex
2554 4109 2671 4164 orci
2717 4108 3022 4165 recessibus
3047 4105 3115 4160 ad
3140 4107 3443 4177 voluptates

1877 4205 2026 4276 regni
2053 4205 2337 4271 caelorum,
2366 4214 2674 4274 terramque
2694 4201 3121 4259 immortalitatis
3150 4201 3441 4256 revocatis.

1951 4381 2280 4436 Plaudentcs
2341 4381 2396 4436 in
2447 4380 2677 4436 canticis
2726 4380 2911 4436 ﬁdeles
2959 4380 3255 4449 jubilemus
3311 4377 3441 4445 Deo,

217 4486 319 4537 μεν
345 4469 483 4539 Θεῷ,
517 4470 608 4522 τὸν
645 4471 878 4541 σταυρὸν
911 4469 1003 4524 τοῦ
1043 4470 1244 4539 Κυρίου
1277 4468 1770 4539 κατασπαζόμενοι.

1889 4489 2096 4529 crucem
2141 4472 2358 4527 Domini
2399 4473 2734 4529 osculantes.
2770 4473 3037 4530 Omnibus
3069 4473 3213 4530 enim
3255 4467 3441 4528 mundi

226 4558 540 4631 ’Δγιότητος
573 4560 864 4626 ἀναϐλύζει
903 4562 1013 4632 γὰρ
1049 4560 1230 4632 πηγὴν
1273 4563 1406 4615 πᾶσι
1443 4563 1558 4624 τοῖς
1605 4563 1663 4613 ὲν
1698 4559 1778 4631 τῷ

218 4653 430 4723 κόσμῳ.

291 4744 598 4816 Πληροῦται
628 4747 662 4816 ή
696 4745 1120 4818 ᾁσματογράφος
1152 4747 1327 4817 φωνή.
1364 4744 1783 4817 Προσκυνοῦμεν

216 4831 326 4902 γὰρ
363 4834 472 4886 ίδοὺ
519 4833 628 4887 τῶν
655 4835 940 4906 ἁχράντων
987 4836 1164 4891 ποδῶν
1211 4853 1305 4889 σου
1370 4835 1431 4888 τὸ
1471 4834 1779 4899 ὑποπόδιον,

220 4927 622 4995 παντοδύναμε,
648 4927 739 4981 τὸν
768 4929 997 5000 σταυρόν
1028 4947 1121 4982 σου
1154 4929 1244 4984 τὸν
1271 4927 1488 4995 σεπτὸν,
1511 4927 1572 4981 τό
1590 4927 1780 4997 τριπό-

219 5015 379 5083 Θητον
415 5019 588 5083 ξύλον.

296 5111 358 5161 Ὃ
411 5108 516 5163 εἶδε
567 5111 721 5176 ξύλον
767 5112 845 5181 τῷ
881 5111 958 5183 σῷ
990 5113 1137 5184 ἄρτῳ
1179 5113 1388 5182 βληθὲν,
1426 5109 1718 5180 προφητῶν
1755 5112 1784 5165 ὁ

223 5197 527 5269 Θρηνητὴς,
547 5201 635 5253 τὸν
657 5203 885 5273 σταυρόν
917 5220 1028 5265 σου,
1049 5204 1349 5272 οίκτίρμον,
1368 5201 1785 5271 κατασπαζόμε-

225 5306 321 5344 vat.
347 5291 690 5360 άνυμνοῦμέν
723 5309 815 5345 σου
849 5291 917 5345 τὰ
937 5293 1110 5363 δεσμὰ
1136 5295 1229 5346 καὶ
1249 5293 1346 5364 τὴν
1366 5293 1559 5362 ταφὴν,
1586 5292 1784 5362 λόγχην

223 5395 278 5431 τε
303 5386 390 5434 καὶ
425 5383 549 5444 τοὺς
582 5384 763 5454 ἥλους.

303 5475 421 5528 Ἐπ’
443 5474 631 5545 ῶμων,
665 5477 829 5548 ὅνπερ
852 5475 1140 5540 κατεδέξω,
1170 5478 1214 5530 Χ
1225 5477 1392 5547 ριστὲ,
1424 5476 1608 5547 φέρειν
1631 5475 1784 5543 άγιον

225 5565 474 5636 σταυρὸν,
521 5567 613 5618 καὶ
669 5568 726 5618 ὲν
769 5565 942 5635 τούτῳ
985 5564 1218 5636 ἀρθῆναι
1267 5565 1361 5617 καὶ
1408 5564 1784 5634 σταυρωθῆναι

225 5660 422 5726 σαρκὶ,
486 5658 988 5728 προσπτυσσόμενοι
1058 5655 1396 5728 κομιζόμεθα
1456 5656 1609 5725 ἰσχὺν
1663 5656 1783 5710 κατ’

226 5746 317 5818 ὲχθ
325 5749 436 5817 ρῶν
465 5749 729 5818 ἀοράτων.

1882 4565 2074 4621 incolis
2103 4563 2306 4619 ﬂuenta
2335 4565 2639 4620 sanctitatis
2673 4566 2917 4622 scaturit.

1951 4739 2210 4812 impletur
2232 4741 2536 4797 Psalinistaa
2555 4742 2861 4798 oraculum.
2899 4740 3039 4795 Ecce
3068 4739 3214 4794 enim
3245 4735 3444 4792 adora-

1882 4850 2006 4890 mus
2062 4834 2530 4889 immaculatorum
2589 4830 2787 4904 pedum
2845 4841 3064 4888 tuorum
3122 4830 3444 4892 scabellum,

1883 4941 2100 4983 crucem
2142 4935 2290 4980 tuam
2320 4927 2701 4992 venerandam,
2726 4925 3255 4982 desideratissimum
3303 4922 3435 4978 illud

1882 5018 2112 5087 lignum.

1954 5106 2206 5179 Lignum,
2238 5108 2382 5178 quod
2415 5109 2468 5163 in
2500 5123 2696 5180 panem
2720 5119 2875 5164 tuum
2916 5109 3168 5172 missum,
3198 5105 3334 5161 vidit
3358 5103 3449 5161 ,ιον

1883 5207 2106 5272 remias,
2129 5222 2344 5262 crucem
2388 5208 2596 5263 scilicet
2633 5221 2804 5273 tuam,
2841 5223 2876 5263 ο
2917 5207 3250 5263 misericors.
3288 5219 3449 5258 oscu-

1883 5295 2076 5362 lantes,
2141 5298 2480 5352 celebramus
2541 5298 2755 5353 vincula
2805 5305 2918 5364 tua,
2975 5305 3032 5352 et
3086 5295 3444 5366 sepulturam,

1884 5387 2129 5443 lanceam
2157 5399 2210 5442 et
2234 5389 2439 5444 clavos.

1961 5476 2076 5532 Vim
2106 5487 2158 5533 et
2179 5482 2348 5534 robur
2384 5480 2646 5535 adversus
2690 5477 3105 5549 inaspectabiles
3144 5476 3328 5529 hostes
3358 5489 3445 5526 re-

1883 5583 2184 5642 portamus,
2215 5574 2432 5642 quando
2469 5575 2845 5644 amplectimur
2877 5585 3117 5631 crucem,
3151 5581 3311 5638 quam
3348 5565 3446 5618 hn-

1883 5665 2050 5718 meris
2087 5665 2193 5717 tuis
2233 5677 2465 5734 gestare,
2519 5677 2574 5722 et
2618 5667 2823 5730 subire,
2879 5674 2933 5720 et
2977 5663 3030 5717 in
3085 5676 3146 5715 ea
3205 5655 3446 5726 crucifigi

1885 5753 2135 5822 dignatus
2167 5769 2248 5809 es.
