3976 6314
581 355 713 418 1763

1189 461 1492 519 Triadicum
1503 506 1517 521 .

653 551 920 607 Unitatem
941 553 1114 609 tribus
1137 558 1384 624 personis
1398 557 1707 611 distinctam
1731 567 1786 613 et
1810 557 2132 615 Trinitatem

580 643 630 694 in
663 658 765 694 una
789 651 979 695 natura
1006 645 1285 698 adoratam
1307 646 1543 709 celebro,
1561 655 1672 701 tres
1695 649 1788 716 qui
1817 649 1979 703 simul
2009 659 2137 703 sunt

579 735 669 787 lux
697 733 854 798 trina,
881 733 1121 798 Patrem,
1153 746 1207 789 et
1228 734 1446 802 Filium,
1489 746 1542 791 et
1568 736 1830 807 Spiritum
1863 749 2130 794 sanctum.

1184 911 1542 969 Theotocium.

639 1000 1016 1055 Miraculorum
1042 1004 1281 1056 omnium
1317 1005 1611 1058 maximum
1643 1005 1963 1060 miraculum
1997 1007 2052 1062 in
2084 1017 2137 1062 te

576 1090 849 1157 apparuit,
902 1091 1098 1144 intacta
1137 1089 1321 1161 Virgo.
1363 1092 1578 1162 Agnum
1626 1093 1794 1156 enim,
1843 1095 1939 1162 qui
1995 1097 2136 1150 tollit

577 1193 794 1250 peccata
817 1181 1023 1242 mundi,
1055 1192 1111 1236 tu
1143 1185 1193 1236 in
1231 1195 1382 1237 utero
1413 1186 1633 1254 gestasti
1668 1205 1679 1238 :
1725 1203 1881 1253 quem
1925 1188 2132 1244 indesi-

577 1282 768 1327 nenter
790 1289 886 1342 pro
910 1273 1091 1338 nobis,
1123 1273 1214 1342 qui
1256 1275 1445 1330 laudes
1487 1286 1607 1329 tuas
1633 1278 1994 1342 concinimus,
2041 1280 2133 1335 de-

575 1380 820 1434 precare.

1187 1457 1500 1510 Catabasia.

644 1544 850 1618 Typum
874 1546 1271 1601 divinteCrucis
1297 1545 1836 1616 praeliguravilJonas
1863 1548 1916 1601 in
1947 1559 2134 1604 ventre

575 1636 699 1695 ceti.
747 1637 999 1704 expansis
1047 1638 1319 1698 manibus,
1353 1638 1682 1707 exsiluitque
1729 1637 2017 1694 incolumis
2066 1655 2132 1694 ex

575 1728 774 1794 bellua,
801 1731 1001 1782 virtute
1042 1737 1158 1791 tua,
1209 1727 1464 1784 Verbum.

1181 1903 1521 1958 Idiomelum.

644 1991 912 2048 Flammea
941 1998 1251 2064 rhomphaea
1275 2011 1379 2048 non
1393 1996 1631 2049 custodit
1651 1996 1884 2066 amplius
1914 2006 2130 2067 portam

574 2085 837 2154 paradisi;
882 2085 1079 2138 etenim
1122 2086 1456 2153 inopinatum
1491 2089 1802 2155 supervenit
1831 2089 2133 2154 vinculum,

573 2173 753 2227 crucis
774 2173 1021 2228 videlicet
1049 2174 1282 2241 lignum.
1313 2174 1502 2230 Mortis
1536 2177 1814 2242 stimulus,
1860 2188 1915 2234 et
1944 2180 2136 2235 mortis

573 2266 801 2318 victoria
847 2266 1069 2334 depulsa
1119 2276 1222 2320 est.
1289 2266 1525 2322 Astitisti
1593 2279 1799 2333 autem,
1846 2268 2123 2334 Servator,

573 2356 699 2420 illis,
747 2355 838 2423 qui
889 2357 1030 2423 apud
1090 2356 1294 2412 inferos
1349 2365 1528 2423 erant,
1568 2358 1812 2414 clamans
1864 2379 1878 2416 :
1936 2360 2135 2416 Intrate

573 2446 768 2500 iterum
803 2446 856 2499 in
877 2447 1218 2514 paradisum.

1268 2538 1464 2594 (Ecus.

644 2628 780 2686 Tres
807 2647 993 2686 cruces
1022 2630 1138 2686 ﬁxit
1167 2629 1378 2687 Pilatus
1410 2633 1463 2686 in
1488 2631 1779 2703 Golgotlia.
1808 2634 1946 2688 Duas
1966 2636 2135 2692 latro-

574 2720 759 2784 nibus,
793 2731 848 2776 et
871 2738 1029 2777 unam
1056 2725 1179 2778 vitae
1213 2725 1480 2792 largitori,
1519 2742 1680 2795 quam
1709 2739 1765 2780 ut
1791 2728 2134 2795 viditOrcus,

574 2810 710 2863 dixit
735 2809 925 2864 inferni
964 2811 1187 2866 incolis:
1212 2812 1440 2869 Sodales
1472 2817 1571 2868 mei
1605 2826 1658 2869 et
1693 2818 1990 2885 adjutores,
2012 2821 2135 2888 quis

573 2911 674 2960 est.
703 2901 794 2969 qui
819 2903 1034 2956 clavum
1071 2905 1122 2956 in
1150 2913 1337 2969 pectus
1367 2921 1545 2958 meum
1578 2906 1788 2975 adigit?
1831 2906 2135 2978 Derepente

571 2989 877 3042 vulneravit
902 3005 987 3044 me
1003 2991 1216 3052 lancea,
1235 3001 1288 3045 et
1309 2992 1640 3062 disrumpor.
1667 2993 1928 3051 Interiora
1954 2998 2132 3066 doleo,

571 3089 808 3134 ventrem
842 3096 1018 3136 meum
1059 3083 1235 3139 doleo.
1269 3081 1473 3140 Sensus
1505 3101 1660 3140 meus
1678 3098 1731 3141 et
1759 3090 1983 3154 spiritus
2018 3102 2132 3144 tur-

569 3173 785 3232 bantur.
823 3191 1094 3245 cogorque
1129 3178 1324 3245 ejicere
1352 3180 1530 3232 denuo
1561 3181 1824 3236 Adamum
1855 3193 1908 3236 et
1929 3184 2122 3238 Adami
2157 3153 2198 3210 ο

569 3276 814 3334 posteros
845 3269 974 3321 mihi
1004 3285 1098 3338 per
1124 3271 1327 3340 lignum
1362 3273 1556 3338 datos;
1606 3290 1725 3328 nam
1757 3278 1961 3346 lignum
1998 3279 2134 3334 istos

569 3358 765 3412 iterum
805 3359 859 3413 in
881 3362 1195 3431 paradisum
1229 3364 1463 3419 inducit.

1228 3597 1364 3655 ODA
1394 3600 1483 3657 Vl.

643 3744 1029 3815 Resurrexisti,
1071 3749 1318 3816 Domine,
1355 3768 1421 3808 ex
1487 3756 1736 3825 sepulcro
1801 3761 1957 3815 tertia
2022 3763 2130 3828 die,

571 3845 827 3902 tanquam
864 3839 1162 3907 dormiens,
1199 3845 1472 3912 percussis
1494 3847 1675 3902 divina
1705 3849 1904 3906 virtute
1933 3853 2132 3909 inferni

570 3929 906 3986 custodibus.
940 3931 1309 4003 Excitatisque
1334 3952 1523 3992 rursus
1551 3954 1581 3992 a
1620 3949 1670 3993 te
1703 3942 1894 4010 primis
1929 3961 2130 4013 paren—

570 4018 737 4083 tibus,
770 4021 861 4088 qui
895 4021 1045 4077 solus
1071 4039 1130 4078 es
1163 4025 1482 4082 benedictus
1515 4036 1569 4082 et
1611 4030 1880 4099 gloriosus
1904 4032 2128 4089 Patrum

571 4106 735 4168 Deus.

641 4196 695 4252 ln
733 4200 960 4256 canticis
985 4203 1349 4272 tripudiantes
1373 4211 1710 4268 exsultemus
1729 4214 1886 4272 hodie
1915 4218 2126 4287 populi,

570 4291 749 4343 crucis
774 4291 1092 4349 adoratione
1115 4296 1265 4351 illum
1290 4336 1305 4361 ,
1333 4301 1426 4369 qui
1483 4303 1536 4356 in
1563 4318 1624 4358 ea
1668 4305 1810 4362 ﬁxus
1836 4316 1943 4372 est,
1971 4308 2130 4365 Chri-

571 4389 686 4433 tum
711 4381 1097 4448 gloriﬁcantes,
1128 4386 1222 4455 qui
1249 4388 1399 4443 solus
1413 4388 1555 4446 Deus
1577 4392 1795 4449 Patrum
1814 4403 2124 4452 nostrorum

571 4471 887 4528 benedictus
916 4485 998 4529 est
1025 4485 1079 4530 et
1111 4478 1406 4546 gloriosus.

641 4561 744 4627 Qui
805 4564 1023 4630 fecisti,
1076 4575 1134 4620 ut
1186 4582 1320 4624 crux
1367 4579 1455 4626 tua
1523 4576 1869 4633 mortalitatis
1923 4578 2127 4636 instru-

573 4664 810 4708 mentum
879 4655 1033 4711 ﬁeret
1104 4658 1248 4722 vita,
1307 4664 1461 4731 quasi
1514 4664 1745 4732 oﬂicina,
1796 4669 1892 4723 toti
1927 4673 2131 4727 mundo

572 4746 987 4812 desiderabilis,
1044 4757 1313 4819 quotquot
1392 4769 1512 4808 eam
1591 4757 1856 4826 adorant,
1927 4763 2131 4818 sancti-

574 4840 696 4904 ﬁca,
737 4840 826 4909 qui
893 4841 1044 4897 solus
1099 4858 1160 4898 es
1198 4842 1340 4900 Deus
1379 4844 1644 4914 Patrum,
1705 4850 2026 4910 benedictus
2071 4865 2130 4911 et

571 4930 863 4999 gloriosus.

640 5020 742 5086 Qui
767 5023 914 5077 solus
941 5038 1000 5078 es
1023 5023 1335 5082 misericors
1358 5036 1411 5082 et
1438 5028 1970 5103 clemens,illumina,
1997 5052 2127 5091 san-

575 5111 717 5165 tillca
747 5125 862 5175 cos,
891 5113 985 5181 qui
1015 5128 1230 5169 crucem
1258 5125 1402 5171 tuam
1434 5118 1782 5190 divinamque
1813 5125 2122 5192 passionem

571 5211 881 5255 reverenter
907 5203 1167 5271 adorant,
1204 5208 1297 5275 qui
1329 5210 1477 5265 solus
1503 5226 1563 5266 es
1592 5210 1734 5267 Deus
1765 5214 1988 5271 Patrum
2037 5219 2126 5274 be-

573 5291 820 5345 nedictus
845 5301 901 5346 et
931 5295 1219 5364 gloriosus.

1193 5386 1515 5446 Triadicum.

648 5469 817 5526 Unam
868 5474 922 5528 iu
963 5475 1135 5531 tribus
1185 5478 1565 5548 hypostasibus
1599 5499 1829 5540 veneror
1871 5488 2124 5544 divinita-

577 5569 706 5613 tem.
731 5560 847 5616 Lux
876 5563 1018 5618 enim
1051 5565 1209 5620 Pater
1234 5579 1352 5634 est;
1387 5570 1475 5624 lux
1511 5569 1703 5637 Filius,
1727 5574 1817 5629 lux
1845 5577 2120 5649 Spiritus;

587 5663 707 5718 qua:
731 5649 823 5704 lux
853 5652 1186 5711 indivisibilis
1211 5672 1532 5726 permanens
1563 5662 1616 5715 in
1653 5679 1758 5718 una
1790 5677 1986 5725 natura
2017 5673 2119 5725 tri-

576 5739 787 5810 busque
824 5756 1174 5812 personarum
1199 5749 1355 5817 quasi
1388 5751 1551 5807 radiis
1586 5755 1848 5824 splendet.

1751 359 1810 421 S.
1849 357 2237 420 TlIEODORI
2277 359 2619 424 STUDITE

2163 477 2211 528 Α

3685 366 3821 428 ΠΜ

2848 474 3176 543 Τριαδικόν.

2305 561 2522 616 Μονάδα
2554 563 2700 633 τρισὶ
2743 565 3113 636 χαρακτῆρσιν
3151 564 3324 635 ὑμνῶ,
3371 565 3471 618 καὶ
3501 565 3723 634 Τριάδα
3768 568 3824 618 ὲν

2239 655 2336 724 μιᾷ
2365 654 2523 722 φύσει
2553 656 3050 726 προσκυνουμένην,
3083 657 3214 710 Θεὸν
3263 657 3330 708 τά
3362 656 3497 726 τρία
3532 657 3678 726 ὁμοῦ
3710 657 3821 724 ςιῶς

2233 745 2528 813 τρισήλιον,
2587 744 2678 797 τὸν
2729 745 2969 815 Πατέρα,
3027 749 3119 801 καὶ
3173 746 3323 810 Υίὸν,
3374 748 3475 798 καὶ
3537 747 3602 799 τὸ
3669 749 3823 816 ἅγιον

2239 833 2484 904 Πνεῦμα.

2852 931 3183 985 Θεοτόκιον.

2312 1019 2612 1092 Θαυμάτων
2639 1022 2699 1074 τὸ
2733 1021 2985 1091 μέγιστον
3008 1020 3190 1088 θαῦμα
3217 1020 3275 1072 ἐν
3304 1017 3391 1070 σοὶ
3424 1017 3616 1087 ὤφθη,
3654 1019 3818 1071 ἀσπι-

2235 1114 2295 1166 λε
2357 1110 2571 1183 Ἀμνάς,
2615 1114 2717 1166 Τὸν
2750 1113 2859 1184 γὰρ
2900 1113 3123 1182 αἴροντα
3157 1111 3364 1177 κόσμου
3395 1111 3501 1174 τὴν
3535 1111 3818 1179 ἁμαρτίαν

2235 1204 2428 1273 ’Δμνὸν
2462 1203 2797 1273 ἀπεκύησας,
2827 1202 2885 1256 6v
2907 1200 3140 1255 δυσώπει
3177 1200 3411 1262 ἐκτενῶς
3441 1200 3594 1270 ὑπὲρ
3621 1198 3734 1252 τῶν
3761 1214 3818 1251 σε

2237 1295 2266 1348 ὑ
2275 1294 2567 1366 μνούντων.

2833 1467 3196 1522 Καταὸασία.

2307 1559 2412 1612 Τὸν
2442 1556 2611 1611 τύπον
2662 1557 2755 1611 τοῦ
2785 1557 2930 1610 θείου
2979 1555 3212 1627 σταυροῦ
3268 1557 3480 1620 Ἰωνᾶς,
3526 1559 3588 1610 ἐν
3639 1557 3818 1628 κοιλίᾳ

2233 1650 2328 1704 τοῦ
2390 1652 2607 1718 κήτους,
2657 1650 2976 1718 τεταμέναις
3025 1648 3320 1717 παλάμαις,
3377 1649 3816 1718 προδιεχάραξε,

2237 1740 2330 1794 καὶ
2349 1739 2570 1811 ἀνέθορε
2606 1739 2944 1806 σεσωσμένος
2983 1737 3074 1790 τοῦ
3111 1737 3275 1808 θηρὸς
3312 1740 3380 1808 τῇ
3415 1738 3661 1808 δυνάμει
3695 1757 3810 1802 σου,

2172 1821 2217 1878 Β
2241 1833 2404 1901 Λόγε.

2677 1921 3012 1978 Κοντὰκιον
3037 1920 3358 1990 ὶδιόμελιον.

2303 2013 2498 2068 Οὐκέτι
2526 2012 2750 2083 φλογίνη
2793 2013 3036 2084 ῥομφαία
3067 2013 3324 2081 φυλάττει
3364 2012 3469 2081 τὴν
3500 2014 3689 2085 πύλην
3714 2017 3814 2085 τῆς

2245 2106 2426 2175 Ἐδέμ.
2463 2107 2600 2176 αὐτῇ
2628 2106 2737 2176 γὰρ
2765 2103 2964 2174 ἐπῆλθε
3008 2104 3306 2174 παράδοξος
3334 2104 3509 2168 δέσις,
3552 2109 3616 2160 τὸ
3656 2107 3814 2173 ξύλον

2233 2197 2326 2250 τοῦ
2359 2197 2613 2267 σταυροῦ.
2639 2197 2879 2251 Θανάτου
2911 2195 2974 2249 τὸ
3000 2195 3244 2266 κέντρον,
3272 2196 3368 2248 καὶ
3394 2196 3528 2267 ᾅδου
3571 2199 3637 2250 τὸ
3664 2201 3814 2260 νῖκος

2233 2289 2508 2359 ἐλήλαται.
2545 2288 2806 2358 Ἐπέστης
2824 2289 2902 2353 δὲ,
2927 2289 3116 2358 Σοηήρ
3146 2305 3268 2358 μου,
3292 2287 3432 2356 βοῶν
3457 2291 3575 2352 τοίς
3601 2290 3666 2342 ἐν
3685 2289 3810 2360 ᾅδῃ,

2234 2378 2529 2448 Εισάγεσθε
2551 2377 2711 2432 πάλιν
2738 2379 2818 2441 εις
2833 2378 2924 2432 τὸν
2945 2379 3288 2448 παράδεισον.

2900 2555 2963 2609 Ὃ
2991 2551 3155 2623 οἶκος

2304 2646 2465 2720 Τρεῖς
2518 2646 2784 2716 σταυροὺς
2813 2645 3074 2713 ἐπήξατο,
3105 2647 3162 2697 ἐν
3198 2645 3437 2715 Γολγοθᾷ
3477 2646 3507 2698 6
3547 2646 3804 2712 Πιλάτος,

2234 2738 2327 2792 δύο
2357 2741 2469 2801 τοῖς
2500 2739 2853 2811 λῃστεύσασι,
2878 2737 2974 2790 καὶ
3002 2736 3098 2789 ἕνα
3119 2735 3212 2788 τοῦ
3240 2731 3528 2800 ζωοδότου,
3571 2738 3634 2789 ὃν
3668 2733 3808 2790 εἶδεν

2235 2832 2263 2882 6
2289 2829 2439 2900 ᾅδης,
2466 2831 2559 2882 καὶ
2593 2824 2713 2882 εἷπε
2755 2832 2864 2892 τοῖς
2897 2828 3083 2882 ’κάτωσ
3118 2823 3189 2878 Ὦ
3214 2826 3527 2897 λειτουργοί
3559 2846 3687 2896 μου,
3718 2831 3807 2880 καὶ

2235 2919 2486 2989 δυνάμεις
2519 2935 2641 2987 μου,
2681 2919 2764 2983 τίς
2805 2920 2834 2971 6
2876 2917 3126 2989 ἐμπήξας
3165 2913 3295 2988 ἦλον
3318 2920 3384 2987 τῇ
3421 2918 3625 2989 καρδῐᾳ
3663 2935 3802 2987 pou;

2238 3010 2418 3080 ξυλίνη
2450 3027 2516 3077 με
2547 3010 2712 3080 λόγχη
2741 3010 3028 3078 ἐκέντησεν
3052 3008 3224 3076 ἄφνω,
3250 3008 3343 3060 καὶ
3373 3007 3801 3078 διαρῤήσσομαι.

2237 3097 2318 3150 Τὰ
2375 3098 2521 3151 ἔνδον
2580 3114 2680 3168 μου
2735 3097 2899 3161 πονῶ,
2949 3097 3048 3169 τὴν
3086 3097 3291 3151 πὼιλίαν
3339 3113 3443 3166 μου
3497 3096 3671 3161 ἀλγῶ.
3725 3095 3804 3146 Τά

2232 3189 2556 3260 αίσθητήριά
2614 3206 2715 3259 μου
2765 3190 3063 3258 μαιμάσσει
3116 3189 3177 3240 τὸ
3231 3187 3448 3255 πνεῦμά
3507 3202 3640 3255 μου,
3712 3189 3803 3239 καὶ

2233 3283 2611 3351 ἀναγκάζομαι
2643 3279 3028 3351 ἐξερεύξασθαι
3076 3278 3166 3330 τὸν
3207 3276 3400 3345 ’Λδὰμ,
3448 3281 3550 3329 καὶ
3581 3279 3707 3339 τοὺς
3747 3277 3802 3342 ἐξ

2247 3372 2415 3443 Ἀδάμ
2443 3372 2584 3443 ξύλῳ
2612 3372 2863 3434 δοθέντας
2897 3386 3008 3440 μοι.
3039 3367 3207 3422 Ξύλον
3237 3366 3347 3435 γὰρ
3371 3365 3601 3430 τούτους
3647 3367 3802 3420 πάλιν

2234 3463 2441 3530 εἰσάγει
2472 3463 2552 3526 εἰς
2575 3463 2665 3516 τὸν
2689 3461 3032 3528 παράδεισον.

2872 3613 3004 3684 om
3043 3612 3133 3679 ς’.

2312 3767 2565 3836 Ἀνέστης
2607 3766 2673 3819 ἐκ
2709 3765 2804 3820 τοῦ
2847 3765 3019 3834 τάφου
3063 3763 3382 3836 τριήμερος,
3417 3766 3498 3830 ὡς
3534 3769 3563 3820 ὁ
3599 3765 3796 3830 ὑπνῶν,

2231 3860 2424 3929 Κύριε.
2460 3860 2586 3931 ᾅδου
2632 3859 2913 3930 πυλωροὺς
2956 3860 3202 3926 πατάξας
3249 3859 3371 3931 θείᾳ
3401 3859 3662 3928 δυνάμει,
3709 3860 3800 3911 καὶ

2230 3953 2353 4014 τοὺς
2379 3952 2544 4004 πάλαι
2572 3949 2794 4022 ἐγείρας
2825 3952 3198 4022 προπάτορας,
3233 3952 3262 4003 6
3294 3952 3457 4022 μόνος
3487 3950 3796 4020 εὐλογητὸς,

2229 4045 2340 4098 τῶν
2367 4045 2623 4113 πατέρων
2648 4043 2800 4107 Θεὸς,
2833 4043 2930 4096 καὶ
2963 4043 3334 4112 ὑπερένδοξος.

2297 4224 2376 4295 Τῇ
2398 4221 2536 4294 λύρᾳ
2559 4221 2669 4274 τῶν
2697 4221 2956 4293 ᾀσμάτων
2975 4217 3310 4292 χορεύοντες,
3337 4217 3795 4288 άγαλλιασὼμεθα

2231 4317 2467 4386 σήμερον
2489 4312 2628 4377 λαοὶ,
2658 4316 2724 4383 τῇ
2767 4312 2862 4366 τοῦ
2899 4311 3135 4383 σταυροῦ
3181 4311 3577 4381 προσκυνήσει,
3609 4310 3701 4364 τὸν
3741 4313 3796 4364 ἐν

2228 4405 2400 4476 τούτῳ
2432 4405 2673 4474 παγέντα
2706 4403 2942 4474 Χριστὸν
2970 4404 3303 4470 δοξάζοντες,
3332 4401 3425 4457 τὸν
3455 4402 3623 4471 μόνον
3645 4403 3792 4455 εὐλο-

2151 4496 2204 4557 D
2228 4496 2391 4568 γητὸν
2417 4497 2524 4550 τῶν
2555 4495 2808 4568 πατέρων
2832 4496 2982 4561 Θεὸν,
3018 4497 3115 4548 καὶ
3143 4493 3520 4563 ὑπερένδοξον.

2310 4585 2371 4640 '0
2395 4586 2573 4651 δείξας
2607 4586 2668 4638 τὸ
2713 4586 3041 4656 θνητότητος
3065 4584 3317 4656 ὄργανον,
3351 4583 3504 4654 ζωῆς
3525 4583 3795 4655 ἐργαστή-

2231 4693 2345 4747 ριον
2373 4676 2560 4745 κόσμῳ
2601 4675 2900 4740 ἀσπαστὸν,
2951 4676 3044 4728 τὸν
3085 4674 3176 4728 σὸν
3201 4674 3450 4745 σταυρὸν,
3475 4672 3792 4745 πανοικτίρ-

2233 4783 2354 4835 μον,
2385 4767 2512 4827 τοὺς
2545 4765 2706 4819 αὐτὸν
2739 4765 3175 4837 προσκυνοῦντας
3197 4765 3443 4834 ἁγίασον,
3472 4767 3503 4818 6
3530 4765 3692 4833 μόνος
3709 4766 3791 4817 εὔ-

2229 4856 2454 4926 λογητὸς
2478 4856 2586 4910 τῶν
2631 4857 2881 4928 πατέρων
2903 4856 3037 4920 Θεὸς
3061 4857 3166 4910 καὶ
3179 4855 3554 4926 ὑπερένδοξος.

2309 5036 2366 5090 ’0
2392 5035 2548 5106 μόνος
2577 5038 2822 5110 ἐλεήμων
2851 5039 2945 5092 καὶ
2969 5038 3340 5108 εῦσπλαγχνος
3359 5037 3623 5108 φώτισον,
3642 5039 3790 5105 ἁγία-

2229 5145 2342 5195 σον,
2383 5127 2512 5198 μόνε
2554 5128 2751 5198 Ἰησοῦ,
2780 5131 2905 5192 τοὺς
2922 5129 3368 5200 προσκυνοῦντάς
3418 5145 3517 5182 σου
3594 5131 3789 5190 πιστῶς

2225 5221 2314 5273 τὸν
2345 5220 2595 5288 σταυρὸν,
2629 5221 2724 5273 καὶ
2754 5221 2821 5274 τὰ
2846 5220 2966 5273 θεῖα
3005 5220 3328 5292 παθήματα,
3377 5221 3406 5272 6
3437 5221 3605 5289 μόνος
3653 5222 3787 5273 εὐλο-

2226 5310 2387 5381 γητὸς
2415 5309 2523 5364 τῶν
2552 5311 2806 5383 πατέρων
2831 5311 2964 5373 Θεὸς
2997 5312 3090 5365 καὶ
3128 5311 3508 5383 ὑπερένδοξος.

2835 5403 3161 5471 Τριαδικόν.

2294 5492 2512 5546 Μονάδα
2536 5493 2594 5544 ἐν
2623 5493 2800 5564 τρισὶν
2830 5495 3190 5547 ὑποστάσεσιν
3222 5492 3378 5563 ὑμνῶ
3406 5495 3508 5562 τὴν
3529 5493 3779 5562 Θεότητσ.

2223 5581 2341 5643 Φῶς
2369 5582 2477 5651 γὰρ
2507 5585 2535 5636 6
2561 5584 2769 5657 Πατήρ,
2801 5584 2915 5653 φῶς
2940 5586 2969 5638 6
3003 5585 3152 5650 Υἱὸς,
3184 5583 3299 5652 φῶς
3313 5583 3376 5636 τὸ
3410 5584 3668 5654 Πνεῦμα,
3697 5585 3779 5638 τοῦ

2224 5673 2398 5740 φωτὸς
2452 5673 2687 5744 ἀμεροῦς
2733 5675 3093 5746 διαμένοντος,
3159 5675 3373 5745 ἐνότητι
3434 5680 3645 5749 φυσικῇ
3703 5677 3780 5730 καὶ

2224 5765 2400 5818 ἀκτῖσι
2434 5766 2577 5836 τρισὶ
2607 5766 2908 5839 προσώπων
2942 5767 3262 5839 λάμποντος.
