3976 6314
95 367 256 430 1769

1046 369 1290 430 CANON
1341 369 1420 428 IN
1458 365 1883 428 ERECTIONE
1926 363 2028 424 SS.
2070 360 2485 421 IMAGINUM.

3223 360 3354 426 1Πο

189 479 486 548 Ἐπεφάνη
513 478 729 549 ἀληθῶς
767 481 800 548 ἡ
828 479 946 532 θεία
975 479 1130 549 χάρις
1159 481 1224 549 τῇ
1254 479 1543 547 οἰκουμένῃ
1564 474 1683 539 δόξα

1862 468 2123 539 Apparuit
2151 483 2334 521 revera
2363 466 2542 520 divina
2583 465 2749 533 gratia
2773 508 2787 530 ,
2828 475 2882 520 et
2927 468 3179 523 universo
3213 472 3330 525 orbi

94 573 202 624 καὶ
233 571 385 642 τιμὴ
415 571 820 641 πεφανέρωται’
859 573 1055 642 σκιρτᾷ
1095 570 1386 640 Ἐκκλησία
1420 569 1688 638 δεξαμένη

91 667 205 736 τὴν
240 663 467 733 στολὴν,
500 664 596 732 τῆς
628 663 828 731 ἑαυτῆς
853 663 1202 733 γυμνὼσεως.

174 839 298 892 Τὸν
337 837 538 908 χιτῶνα
579 838 674 892 τοῦ
720 837 954 911 Χριστοῦ
1003 839 1395 912 διερῤηγμένον
1449 841 1553 894 ὑπὸ
1595 842 1688 894 τοῦ

96 928 334 980 πλάνου
387 927 482 980 καὶ
529 927 964 998 ’φαρμακουργοῦ
1032 928 1276 981 Ἰωάννου
1324 929 1383 982 τὺ
1431 930 1580 998 πρὶν,
1642 931 1691 982 οἱ

95 1019 253 1072 Θείοι
316 1018 558 1089 Πατέρες
607 1016 964 1087 ὲξυφάναντες
1008 1018 1216 1087 σαφῶς,
1269 1021 1335 1090 τῇ
1393 1019 1688 1094 Ἐκκλησία

95 1110 422 1164 δεδώκασι.

176 1202 303 1255 Τοῦ
337 1201 543 1271 Κυρίου
585 1202 684 1272 τὴν
734 1201 944 1272 μορφὴν
987 1202 1335 1257 ἀπολαϐοῦσα
1383 1206 1417 1274 ἡ
1460 1204 1689 1271 Ἐκκληο

103 1294 228 1358 σία,
264 1295 453 1365 χαίρει
505 1295 599 1348 καὶ
633 1295 822 1364 σκιρτᾷ
852 1293 948 1346 σὺν
988 1296 1100 1356 τοῖς
1148 1295 1356 1357 τέκνοις
1397 1296 1583 1365 αὐτῆς,
1615 1297 1689 1358 ὡς

100 1386 284 1457 νίκης
316 1385 542 1458 βραὸεἶα
563 1385 823 1456 δεξαμένη
857 1385 982 1457 παρ’
1009 1385 1194 1450 αὐτοῦ,
1223 1386 1527 1458 όρθοδοξίας
1552 1386 1688 1457 σύμ-

103 1477 281 1530 εολα.

181 1565 654 1636 Αίσχυνθήτωσαν
697 1566 900 1633 λοιπὸν,
932 1567 1027 1621 καὶ
1064 1568 1486 1638 ἑντραπήτωσαν
1521 1586 1690 1640 μεμη-

102 1659 278 1722 νότες
304 1673 320 1686 °
356 1659 524 1728 Λήζιξ
547 1659 576 1710 ὁ
602 1658 792 1724 δεινὸς,
817 1660 912 1712 καὶ
951 1659 1252 1722 Ἀντώνιος,
1275 1659 1373 1712 σὺν
1389 1660 1468 1731 τῷ
1502 1657 1686 1714 Ἰωάνα

102 1766 201 1820 νῃ,
241 1750 349 1802 καὶ
393 1749 662 1821 Θεόδωρος
689 1752 908 1821 ἀμφοῖν,
941 1753 991 1804 οί
1027 1752 1255 1822 ἀρνηταὶ
1285 1751 1380 1820 τῆς
1426 1751 1679 1816 πίστεως.

192 1929 470 1994 Ἰωαννὶς,
502 1933 598 1983 καὶ
623 1931 865 2004 ’Ῑαμδρὶς
889 1933 1274 2003 ἀνθεστηκότες
1294 1937 1371 2008 τῷ
1400 1937 1684 2009 νομοθέτῃ,

101 2021 292 2073 πάλαι
351 2024 559 2092 Μωῦσῇ
611 2023 1079 2097 κατῃσχύνθησαν.
1118 2026 1254 2080 Νυνὶ
1312 2028 1368 2081 δὲ
1410 2031 1438 2082 ὁ
1488 2029 1687 2094 πλάνος

116 2109 394 2178 Ἰωάννης
421 2111 654 2180 ἀληθῶς,
689 2115 783 2166 σὺν
821 2113 1090 2184 Ἀντωνίῳ
1114 2114 1438 2170 δείκνυνται.

179 2286 262 2339 Σὺ
306 2286 617 2359 διέρῤηξας,
649 2290 868 2356 Χριστὲ,
901 2292 999 2362 τὴν
1033 2293 1295 2367 ξυνωρίδα
1332 2299 1441 2352 τῶν
1489 2299 1686 2368 θεομά-

99 2389 243 2442 χων,
282 2375 382 2427 καὶ
417 2377 508 2428 τὸν
539 2375 825 2446 στολισμὸν
865 2380 1208 2447 ἀποδέδωκας
1253 2388 1319 2456 τῇ
1359 2390 1425 2457 σῇ
1465 2388 1688 2459 Ἐκκλη-

102 2463 226 2528 σία,
263 2465 413 2536 ὑπὲρ
449 2462 517 2537 ἧς
543 2466 619 2528 ὡς
647 2468 868 2535 ἀγαθὸς,
897 2471 958 2524 τὸ
992 2467 1131 2543 αἷμά
1166 2493 1258 2529 σου
1297 2478 1538 2548 ἐξέχεας.

178 2643 212 2696 θ
265 2645 368 2715 (ἓ).
407 2643 476 2697 Σὲ
519 2645 710 2717 Τριάς,
745 2649 1012 2720 Θεολογῶ,
1043 2655 1135 2707 καὶ
1164 2660 1456 2725 προσκυνῶ
1507 2680 1599 2716 σου
1629 2665 1688 2718 τὸ

101 2734 258 2787 θεῖον
301 2734 523 2805 κράτος*
550 2736 710 2806 ῥῦσαι
743 2742 1064 2814 πειρασμῶν
1087 2747 1150 2798 ἐκ
1178 2750 1445 2802 παντοίων
1474 2769 1560 2819 με.
1591 2755 1681 2810 El.

106 2825 170 2878 σὲ
217 2825 337 2896 γὰρ
369 2828 609 2884 πιστεύω
635 2832 725 2885 τὸν
757 2834 995 2905 Πατέρα,
1027 2838 1120 2890 καὶ
1152 2839 1296 2906 Υίδν,
1334 2843 1428 2896 καὶ
1471 2845 1688 2917 Πνεῦμα

101 2917 168 2969 τὸ
203 2920 502 2988 πανάγιον.

179 3089 228 3143 θ’
265 3091 370 3162 (5).
393 3094 504 3164 Τὴν
525 3097 789 3167 βασίλειον
814 3103 1004 3170 στολὴν
1031 3107 1093 3160 ὲκ
1126 3109 1242 3174 σοῦ,
1270 3113 1531 3180 Παρθένε,
1556 3116 1686 3180 Θεὸς

1796 562 1969 616 honor
1993 568 2045 614 et
2073 559 2240 627 gloria
2270 567 2354 612 cst
2387 555 2758 612 manifestata.
2788 557 3040 615 Exsultat
3069 570 3350 630 propterea

1793 651 1995 707 Christi
2029 649 2268 704 Ecclesia
2295 688 2310 712 ,
2359 657 2574 717 recepta
2626 649 2799 715 stola,
2835 665 2941 720 qua
2980 650 3161 706 fuerat
3196 662 3353 707 antea

1792 751 1976 797 exuta.

1861 833 2064 889 Christi
2111 840 2316 887 vestem
2374 841 2529 886 antea
2585 831 2912 901 discerptam
2970 849 3001 886 a
3067 835 3353 890 seductore

1793 933 1846 978 et
1875 925 2291 992 pharmacorum
2335 922 2728 977 concinnatore
2759 921 2966 976 Joanne
2998 904 3192 978 ‘sancti
3248 923 3354 978 Pa-

1791 1027 1902 1070 tres
1931 1016 2126 1069 iterum
2158 1021 2511 1069 contexentes
2535 1055 2551 1080 ,
2601 1015 2858 1070 Ecclesia:
2904 1015 3048 1068 illam
3100 1017 3356 1070 restitue-

1791 1115 1936 1160 runt.

1861 1197 2074 1254 Domini
2125 1199 2352 1270 ﬁguram
2397 1212 2685 1254 resumens
2732 1198 3016 1264 Ecclesia,
3058 1201 3256 1268 gaudet
3299 1211 3355 1253 et

1789 1290 2022 1345 exsultat
2067 1305 2176 1346 una
2220 1306 2342 1346 cum
2383 1290 2508 1345 ﬁliis
2546 1290 2702 1354 suis,
2749 1305 2870 1344 cum
2927 1291 2994 1343 ab
3039 1291 3133 1345 illo
3181 1291 3351 1345 victo-

1793 1380 1888 1436 rias
1917 1380 2164 1436 bravium
2197 1382 2466 1452 acceperit
2509 1393 2669 1436 rectae
2699 1381 2954 1436 videlicet
2999 1381 3124 1436 ﬁdei
3165 1397 3350 1437 sacra-

1791 1481 1991 1528 menta.

1860 1563 2283 1619 Conl'undantur
2324 1564 2377 1618 in
2415 1572 2694 1634 posterum
2720 1606 2735 1630 ,
2781 1573 2835 1618 et
2887 1571 3235 1618 revereantur
3268 1563 3353 1616 in-

1791 1658 1914 1711 sani
1948 1658 2056 1723 illi,
2108 1656 2302 1712 Lezius
2331 1655 2406 1728 (i)
2448 1657 2656 1712 scilicet
2682 1655 2869 1711 furens
2896 1696 2910 1718 ,
2963 1664 3018 1710 et
3045 1655 3310 1709 Antonius
3335 1695 3351 1718 ,

1791 1762 1896 1801 una
1917 1763 2039 1802 cum
2058 1746 2286 1813 Joanne,
2305 1757 2359 1801 et
2379 1747 2695 1814 Theodoro,-
2715 1747 2980 1802 ambobus
3007 1745 3129 1800 ﬁdei
3155 1745 3340 1801 deser-

1722 1857 1762 1911 Β
1795 1837 2025 1902 toribus,

1855 1926 2096 1985 Joannes
2142 1940 2197 1986 et
2233 1930 2472 1986 Mambre
2514 1930 2810 1998 legislatori
2841 1929 2973 1984 Mosi
2999 1929 3126 1984 olim
3156 1928 3352 1982 adver-

1789 2021 1928 2084 sati,
1979 2021 2047 2075 ab
2095 2022 2214 2090 ipso
2253 2023 2404 2076 fuere
2445 2021 2705 2076 c'onl'usi:
2750 2035 2894 2075 nunc
2926 2034 3056 2073 vero
3099 2019 3353 2074 seductor

1785 2107 2022 2165 Joannes
2064 2125 2171 2165 una
2209 2125 2334 2166 cum
2371 2110 2612 2165 Antonio
2638 2149 2655 2176 ,
2697 2111 2885 2165 eadem
2913 2111 3060 2180 passi
3099 2125 3342 2166 noscun-

1790 2209 1896 2254 tur.

1872 2292 1976 2358 Tu,
2020 2290 2272 2359 Christe,
2324 2292 2419 2347 Dei
2465 2293 2653 2348 hostes
2683 2292 2981 2363 dissipasti,
3022 2301 3075 2348 et
3105 2302 3209 2348 tuae
3248 2291 3356 2348 Ec-

1787 2382 1966 2438 clesiae
2022 2400 2180 2439 suum
2243 2385 2495 2440 decorem
2549 2383 2876 2451 reddidisti,
2931 2399 3030 2453 pro
3087 2401 3236 2455 qua,
3291 2395 3353 2439 ut

1787 2479 1961 2532 bonus
2017 2485 2249 2547 pastor,
2301 2479 2623 2548 sanguinem
2676 2487 2827 2531 tuum
2882 2476 3091 2532 l'udisti.
3151 2477 3340 2533 Gloria

1789 2566 1958 2622 Patri.

1857 2659 1933 2714 Te
1984 2660 2305 2715 Trinitatem
2335 2699 2351 2724 ,
2399 2676 2570 2716 unum
2614 2659 2784 2716 Deum
2837 2676 3074 2734 agnosco
3121 2671 3174 2716 et
3217 2676 3352 2717 con-

1789 2751 1984 2816 ﬁteor,
2036 2761 2090 2806 et
2128 2761 2276 2806 tuam
2323 2751 2563 2806 divinam
2609 2754 2904 2822 potentiam
2953 2755 3140 2818 adoro,
3181 2753 3351 2808 libera

1788 2858 1894 2907 me,
1930 2858 2136 2912 quaeso,
2170 2845 2236 2898 ah
2287 2844 2543 2899 omnibus
2584 2845 2996 2900 tentationibus.
3033 2844 3088 2898 ln
3122 2854 3174 2899 te
3205 2843 3350 2899 enim

1788 2935 1950 2990 credo
1973 2974 1989 2999 ,
2023 2935 2235 2991 Patrem
2256 2976 2273 3001 ,
2305 2943 2360 2991 et
2387 2935 2588 2992 Filium
2611 2979 2627 3003 ,
2656 2945 2710 2992 et
2738 2937 3146 2992 sanctissimum
3184 2935 3355 3006 Spiri-

1792 3039 1931 3083 tum.

1873 3120 2092 3190 Regiam
2127 3122 2344 3183 stolam,
2377 3137 2444 3175 ex
2475 3129 2548 3185 te,
2577 3119 2736 3192 Virgo
2757 3122 2899 3176 Deus
2927 3129 3144 3189 gestans
3177 3121 3355 3174 homi-

107 3185 385 3281 φορεσας,
403 3187 700 3281 ὥφθηῄτοίς
723 3191 931 3281 βροτοῖς
958 3197 1445 3274 ἁνθρωπόμορφος,
1474 3205 1683 3261 διπλοῦ(

1810 3183 2260 3281 nibus'apparuit,
2293 3213 2345 3265 in
2378 3183 2902 3277 hominumvlorma,
2929 3183 3135 3281 duplex
3168 3227 3356 3267 secun-

108 3278 236 3328 κατ’
263 3280 453 3333 οὐσίαν
477 3297 490 3311 ·
529 3275 593 3336 οὗ
615 3285 676 3337 τὸ
699 3280 836 3351 εἶδος
877 3287 977 3358 τῆς
1010 3293 1220 3362 μορφῆς
1250 3295 1307 3346 ἐν
1328 3300 1687 3368 προσκυνήσει

107 3368 341 3440 ἔχομεν.

783 3473 915 3541 om
957 3475 1030 3526 Γν.

188 3551 589 3623 Εὑφραίνεσθε,
642 3560 882 3626 ἅπαντες
930 3569 1080 3635 χοροὶ
1121 3570 1381 3642 Πατέρων
1429 3577 1520 3628 καὶ
1554 3578 1687 3630 ἁπο-

112 3643 348 3709 στόλων,
377 3646 716 3717 καθορῶντες
764 3651 860 3724 τὴν
901 3659 1268 3730 προσκύνησιν
1289 3664 1398 3717 τῶν
1441 3667 1681 3733 εἰκόνων,

109 3734 297 3804 ἥνπερ
328 3740 585 3808 ἐμφανῶς
614 3744 984 3812 παρεδώκατε.

185 3913 264 3964 Τὸ
296 3914 493 3978 κάλλος
518 3933 618 3986 μου
645 3917 856 3985 ἔλαϐον,
901 3924 994 3976 καὶ
1022 3925 1122 3995 τὴν
1161 3930 1355 3999 στολήν
1381 3949 1479 3998 μου
1505 3935 1684 4000 ἐνεδυ-

115 4002 329 4096 σάμην,
378 4006 624 4065 ἐκὸοάτω
667 4011 699 4080 ὴ
747 4013 1082 4081 πανάμωμος
1151 4019 1477 4091 Ἐκκλησία,
1509 4025 1684 4096 ἥνπερ

124 4092 386 4164 Ἰωάννης
411 4097 673 4163 ὲξέδυσεν.

185 4185 546 4258 Δίσχύνθητε,
596 4191 784 4263 ἄνομοι
806 4197 1240 4267 αἱρεσχελοῦντες
1275 4205 1415 4258 κατά
1445 4208 1644 4277 Κυρίου
1665 4227 1680 4242 ο

115 4276 408 4350 ἐσαρκὼθη
440 4284 535 4335 καὶ
573 4285 742 4358 ἐφάνη
780 4289 886 4357 γὰρ
912 4294 971 4344 ὲν
990 4295 1188 4348 εἰκόνι·
1214 4297 1389 4370 ἥνπερ
1418 4303 1680 4370 σχετικῶς

113 4371 495 4442 ἀσπαζόμεθα.

114 4628 128 4640 ⁵
153 4545 508 4640 ⁸Τὰβέίξηλα
549 4551 808 4624 δόγματα,
854 4559 947 4610 καὶ
990 4559 1086 4622 τὰς
1122 4563 1388 4633 ἀθέσμους
1429 4566 1680 4620 διδασκα-

115 4629 233 4694 Αίας
280 4636 526 4691 Ἰωάννου
555 4642 648 4693 τοῦ
678 4646 1022 4716 παραφρονος
1074 4650 1153 4712 τίς
1174 4653 1374 4718 ἐξείποι
1399 4693 1413 4717 ,
1443 4656 1675 4724 τρόπους

114 4723 402 4792 δελφικοὺς
423 4731 796 4804 ἐκτιθέμενος

198 4821 388 4874 Ἀνὰθε
398 4841 471 4893 μα
492 4826 707 4897 Λήζικι,
731 4833 823 4883 καὶ
856 4833 1074 4905 Ἰωάννῃ
1097 4834 1191 4887 σὺν
1232 4838 1518 4908 Ἀντωνίῳ,
1543 4839 1672 4891 Θεο-

299 4913 377 4984 τῷ
409 4916 552 4988 ἀθέῳ
580 4937 637 4972 τε
688 4924 780 4974 καὶ
810 4921 1130 4996 βλασφήμῳ,
1158 4927 1272 4997 ἅμα
1296 4929 1534 4999 Θεοδότῳ
1565 4948 1672 4983 πα-

117 5017 224 5069 ραφ
235 5022 372 5073 ρονι.

186 5099 267 5151 Τὰ
299 5101 502 5169 αἵματα
518 5105 795 5173 κράζουσι,
826 5111 893 5162 τὰ
925 5111 1222 5180 ὲκχυθέντα
1243 5115 1379 5183 ὑπὲρ
1401 5115 1496 5186 τῆς
1527 5115 1675 5179 Θείας

120 5193 462 5262 σαρκοφόρου
499 5197 806 5266 ὁμοιώσεως
854 5202 948 5255 τοῦ
983 5205 1275 5271 Δεσπότου,
1307 5206 1447 5276 ἅπερ
1491 5207 1674 5259 Ἰωάν-

117 5298 211 5350 νης
241 5283 475 5354 ἐξέχεεν.

1789 3302 1918 3356 dum
1952 3302 2248 3357 essentiam
2271 3343 2285 3366 ,
2318 3303 2477 3372 cujus
2505 3303 2732 3374 elligieni
2781 3315 2834 3359 et
2876 3303 3102 3373 ﬁguram
3132 3317 3356 3357 venera-

1792 3409 1936 3448 mur.

2443 3482 2574 3538 ODA
2609 3484 2692 3543 ΠΙ.

1857 3579 2121 3645 Gaudete,
2167 3593 2358 3634 omnes
2423 3589 2736 3633 sanctorum
2798 3577 3016 3631 Patrum
3076 3587 3249 3632 enatus
3303 3588 3356 3634 et

1787 3673 2158 3742 apostolorum
2200 3673 2440 3732 chorus,
2499 3670 2854 3739 respicientes
2911 3670 3212 3740 imaginum
3264 3686 3356 3722 ve-

1788 3763 2164 3827 nerationem,
2210 3776 2372 3831 quam
2429 3777 2526 3816 vos
2579 3761 2681 3832 ipsi
2732 3761 2888 3816 nobis
2949 3772 3134 3828 aperte
3187 3763 3355 3815 tradi-

1789 3852 1968 3907 distis.

1856 3942 2321 3997 Pulchritudinem
2375 3957 2552 3995 meam
2605 3942 2808 4010 accepi,
2845 3949 2899 3994 et
2932 3941 3097 3994 decus
3142 3955 3347 4002 meum,

1786 4051 1848 4090 ac
1879 4051 1996 4090 mea
2041 4036 2177 4090 stola
2217 4051 2336 4090 sum
2372 4035 2586 4098 induta,
2627 4034 2826 4089 clamet
2869 4033 3219 4088 immaculata
3252 4032 3345 4086 Dei

1783 4127 2044 4189 Ecclesia,
2071 4142 2178 4195 qua
2210 4127 2355 4180 illam
2377 4125 2617 4182 Joannes
2638 4137 2882 4181 exuerat.

1851 4216 2260 4271 Conl'undimini
2315 4216 2466 4286 impii
2513 4218 2800 4271 adversum
2863 4214 3154 4269 Dominum
3199 4215 3352 4270 ohla-

1785 4318 1986 4362 trantes
2027 4323 2288 4373 ;carnem
2336 4309 2480 4363 enim
2541 4311 2860 4378 assumpsit.
2919 4319 2972 4363 et
3022 4310 3351 4377 apparuitin

1783 4399 2034 4468 imagine,
2081 4414 2244 4468 quam
2295 4415 2395 4454 nos
2447 4399 2512 4452 ad
2552 4400 2733 4469 ipsum
2779 4400 3095 4462 referentes,
3125 4415 3354 4455 venera-

1714 4521 1756 4572 Β
1788 4506 1929 4543 ῐῐιυΓ.

1853 4580 2018 4649 Impia
2066 4582 2337 4649 dogmata,
2390 4590 2444 4634 et
2505 4581 2726 4635 insanas
2781 4581 3071 4634 doctrinas
3123 4583 3355 4636 amentis

1780 4670 2006 4727 Joannis
2061 4673 2187 4740 quis
2215 4672 2464 4727 enarret?
2515 4673 2639 4742 quis
2671 4672 2790 4740 ejus
2839 4683 3048 4740 tropos,
3077 4682 3131 4725 et
3162 4688 3355 4726 versu-

1782 4764 1883 4816 tias
1911 4763 2186 4832 delphicas
2211 4765 2483 4832 exponet?

1848 4856 2146 4908 Anathema
2176 4856 2421 4909 dicamus
2457 4853 2641 4916 Lezio,
2679 4864 2728 4908 et
2765 4854 2981 4918 Joanni,
3027 4870 3149 4908 cum
3184 4857 3351 4908 Anto-

1782 4948 1891 5004 nio.
1923 4957 1975 5000 et
2029 4949 2193 5016 impio
2244 4946 2534 5001 Theodoro
2593 4957 2650 5002 et
2734 4947 3074 5016 blasphemo,
3144 4962 3353 5002 necnon

1782 5040 1971 5093 insano
2003 5038 2303 5093 Theodoto.

1854 5130 2086 5199 Sanguis
2128 5132 2344 5196 clamat,
2405 5131 2497 5200 qui
2547 5130 2754 5184 eﬁ'usus
2809 5139 2893 5184 est
2923 5147 2952 5183 a
3004 5129 3212 5184 Joanne
3255 5147 3354 5199 pro

1781 5221 1961 5274 divina
1986 5222 2359 5285 similitudine,
2385 5231 2438 5276 et
2466 5223 2704 5291 imagine
2736 5220 2941 5275 Christi
2985 5221 3203 5275 Domini
3230 5237 3351 5275 car-

1785 5326 1905 5365 nem
1939 5313 2225 5381 gestantis.

1606 5409 1839 5473 NOTAE.

191 5493 265 5567 (1)
315 5493 471 5549 Hunc
506 5496 653 5550 illum
686 5497 947 5564 perﬁdum
983 5509 1144 5566 puto,
1193 5500 1284 5567 qui
1336 5516 1362 5552 a
1393 5500 1678 5556 Theodoro

125 5558 334 5619 Studita
361 5567 410 5617 in
444 5567 557 5620 suis
582 5558 823 5635 epistolis
845 5558 1100 5623 Leon-tius
1126 5558 1455 5634 nou-ninatur,
1484 5587 1678 5625 corru-

125 5641 216 5702 pto
255 5651 384 5689 vero
423 5638 686 5689 vocabulo
720 5637 919 5691 Leuius
950 5639 1146 5692 dictus.

133 5701 178 5778 ζ.
197 5701 274 5773 (2)
302 5706 357 5778 0.
383 5703 495 5758 Hoc
527 5707 739 5775 signum
766 5709 904 5771 apud
931 5708 1145 5778 Graecos
1169 5710 1366 5764 dicitur
1385 5711 1678 5778 τριαδικὸν,

134 5770 310 5841 idest,
345 5770 590 5846 hymnus
631 5777 697 5830 de
746 5770 929 5831 sancta
973 5777 1251 5844 Trinitate,
1298 5791 1352 5836 et
1403 5770 1682 5851 propterea

442 5868 708 5926 Parnm"
759 5870 871 5926 Cn.
918 5871 1122 5928 XCIX.

1787 5512 2110 5583 anteipsum
2135 5520 2386 5567 cantatur
2415 5512 2540 5578 δόξα
2567 5512 2760 5583 ῐῌατρί,
2793 5521 2898 5566 etc.

1858 5581 1933 5649 (5)
1968 5583 2029 5635 δ’.
2064 5583 2178 5637 Hoc
2205 5598 2330 5637 vero
2361 5583 2557 5637 dicitur
2579 5581 2961 5653 mamma
2988 5594 3092 5644 est,
3116 5584 3352 5653 hymnus

1788 5650 2219 5723 desanctissima
2267 5653 2495 5722 Deipara
2546 5655 2632 5707 cui
2669 5652 2929 5723 praecedit
2975 5655 3068 5707 καὶ
3099 5650 3214 5719 νῦν,
3267 5656 3353 5706 κοὶ

1790 5720 1896 5789 ἀεί,
1918 5732 2024 5777 etc.
2053 5722 2157 5778 Pro
2189 5722 2343 5779 beata
2367 5720 2612 5796 Virgine.

2864 5879 2940 5938 56
