3976 6314
643 358 774 424 1771

703 465 918 536 Expulit
977 463 1243 517 Dominus
1315 460 1755 531 alienigenarum
1822 470 2075 524 turmas,

631 559 873 611 restituit
914 570 1010 608 sua
1060 555 1176 610 suis
1206 573 1220 608 :
1273 553 1445 624 gldria
1479 553 1553 607 sit
1579 563 1867 623 propterea
1899 553 2019 622 ejus
2045 551 2202 606 boni-

633 649 751 702 tati.
779 646 964 700 Gloria
994 645 1161 700 Patri.

704 738 1050 793 Voluntatem
1085 737 1353 807 principio
1382 745 1658 792 carentem
1687 745 1741 790 et
1785 737 2105 806 potentiam,
2150 744 2204 789 et

628 847 859 901 regnum
887 829 1170 884 Trinitatis
1196 829 1488 883 adoremus
1539 838 1686 882 recta
1717 828 1838 882 ﬁde.
1856 829 2043 883 Arium
2060 842 2202 882 sem-

632 939 751 991 per,
789 933 849 977 ut
876 938 971 993 par
997 931 1102 985 est,
1145 922 1411 975 conviciis
1441 921 1793 975 insectantes.

699 1013 837 1069 Vere
876 1024 926 1068 te
972 1013 1256 1068 Dominam
1302 1013 1652 1075 conﬁtemur,
1684 1027 1805 1080 qua:
1839 1011 2009 1066 Deum
2035 1025 2200 1081 pepe-

625 1106 766 1170 risti,
799 1105 1032 1159 Nestorii
1061 1105 1220 1173 nugis
1244 1104 1527 1174 neglectis,
1558 1113 1613 1157 et
1636 1111 1955 1158 sanctorum
1978 1101 2199 1157 Patrum

624 1197 972 1266 dogmatibus
1005 1197 1352 1251 inharemus.

1283 1285 1569 1355 ooAIVL

699 1378 925 1442 Laetare,
972 1377 1256 1442 Ecclesia,
1328 1385 1383 1432 et
1458 1394 1798 1448 unaquaeque
1881 1378 2073 1432 civitas
2148 1386 2201 1431 et

626 1469 794 1539 regio,
853 1484 976 1523 cum
1025 1470 1389 1524 exsultatione
1445 1470 1643 1538 templa
1695 1485 1840 1524 nunc
1871 1471 2100 1538 aperiat,
2147 1477 2200 1522 et

625 1559 897 1628 virginum
937 1560 1237 1626 domicilia,
1291 1575 1478 1615 sacras
1511 1561 1791 1630 reliquias,
1847 1572 2196 1624 venerentur,

623 1661 678 1705 et
737 1651 1001 1722 imagines
1057 1663 1380 1725 martyrum,
1440 1653 1622 1723 dignis
1683 1653 1983 1707 honoribus
2040 1668 2197 1707 exor-

625 1749 776 1794 nent.

1818 358 1877 416 S.
1914 354 2299 416 THEODORI
2342 351 2686 412 STUDITA’.

2160 466 2286 519 etA

3754 345 3879 405 1772

2396 457 2610 522 Ἐδίωξε
2637 453 2841 524 Κύριος
2889 453 2985 523 τὴν
3010 453 3272 521 ξυνωρίδα
3301 453 3409 504 τῶν
3431 452 3772 520 ἀλλοτρίων,
3799 460 3880 506 11‘.

2304 547 2553 600 ἀπέδωκε
2601 545 2669 598 τὰ
2696 546 2801 597 [δια
2826 546 2938 607 τοῖς
2970 543 3119 606 ἰδίοις
3155 558 3168 570 ·
3204 543 3328 605 δόξα
3352 546 3420 611 τῇ
3464 543 3648 596 αὑτοῦ
3703 545 3886 608 ἀγαθο-

2301 654 2445 706 τητι.
2479 635 2638 700 Δόξα.

2374 729 2484 794 Τὴν
2514 727 2748 794 ἄναρχον
2782 723 3023 793 θέλησιν,
3051 724 3147 776 καὶ
3177 722 3450 786 ἐξουσίαν,
3485 725 3588 774 καὶ
3619 724 3886 791 βασιλείαν

2301 820 2399 890 τῆς
2453 818 2684 890 Τριάδος
2759 819 3230 887 προσκυνήσωμεν
3287 815 3633 884 ὀρθοὸὁξως,
3689 820 3886 885 Ἀρὶιτμ

2302 913 2390 965 ἀεὶ
2420 909 2856 978 στηλιτεύοντες.
2893 909 2959 961 θ’.

2373 1000 2590 1071 Κυρίως
2616 999 2696 1063 σὲ,
2726 1000 3014 1063 Δέσποινα,
3048 998 3416 1067 ὁμολογοῦμεν
3438 998 3586 1050 Θεὸν
3615 998 3890 1052 τεκοίσαει.

2305 1094 2380 1164 μὴ
2429 1093 2786 1162 προσέχοντες
2831 1095 2942 1154 τοῖς
2978 1093 3180 1161 ῥήμασι
3208 1093 3544 1161 Νεστορίου,
3622 1093 3767 1145 ἀλλὰ
3803 1095 3888 1144 τί.

2302 1187 2559 1255 Πατέρων
2593 1188 2705 1246 τοῖς
2734 1185 3019 1252 δόγμασιν.

2969 1276 3213 1344 ῼΑΗ.ω.

2381 1369 2663 1436 Ἀγάλλοιι
2693 1371 2725 1438 ἡ
2766 1368 3085 1436 Ἐκκλησία,
3117 1368 3209 1419 καὶ
3239 1369 3388 1420 πᾶσα
3418 1369 3587 1431 πόλις
3639 1369 3740 1420 καὶ
3762 1370 3892 1436 χιίιρε

2299 1462 2357 1513 ὲν
2387 1462 2715 1530 εὐφροσύνῃ·
2757 1459 3057 1525 ἀνοιγέσθω
3082 1459 3174 1511 νῦν
3199 1459 3268 1511 τὰ
3296 1460 3654 1529 ἁσκῃτήρτα·
3690 1462 3804 1520 καὶ,
3849 1471 3889 1515 5’,

2300 1546 2668 1616 παρθενῶνες,
2697 1547 3104 1609 καλλωπίζεσθε
3136 1548 3202 1599 τὰ
3247 1548 3481 1614 λείψανα
3507 1565 3522 1576 °
3583 1549 3686 1601 καὶ
3719 1550 3893 1600 εἰκονίο

2302 1654 2482 1707 σματα
2512 1637 2620 1688 τῶν
2653 1637 2946 1706 μαρτύρων
2980 1638 3143 1702 ἀξίως
3179 1637 3750 1708 προσκυνείσθωσαν.

691 1831 946 1888 Christus
975 1848 1074 1887 vos
1106 1842 1266 1887 vocat
1295 1850 1308 1886 :
1357 1832 1659 1887 Convenite
1689 1848 1836 1886 nunc
1888 1833 2052 1886 alacri
2088 1834 2202 1887 ani-

2373 1814 2607 1884 Χριστὺς
2654 1814 2799 1882 ὑμᾶς
2844 1815 3259 1882 προσκαλεῖται·
3299 1813 3597 1865 συνέλθετε
3638 1813 3738 1864 νῖν
3773 1832 3889 1882 πρε-

624 1940 736 1989 mo,
794 1925 965 1980 divini
1013 1925 1223 1990 Patres,
1276 1932 1331 1978 et
1386 1933 1740 1992 conspectum
1789 1926 1906 1989 ejus
1953 1925 2202 1977 incarna-

627 2018 831 2082 tionis,
882 2017 1254 2086 apostolorum
1319 2031 1513 2080 more,
1569 2015 1840 2069 celebrate
1899 2016 2200 2093 miracula,

624 2109 786 2162 etiam
820 2115 874 2160 et
901 2107 1238 2177 passionem,
1273 2120 1397 2175 qua:
1433 2121 1648 2161 sacrum
1679 2121 1778 2160 nos
1803 2104 1991 2160 docuit
2029 2104 2203 2158 Evan-

632 2199 858 2268 gelium.

693 2289 1114 2361 Congregamini
1183 2289 1484 2359 gaudentes
1553 2287 1948 2342 monachorum
2004 2297 2203 2352 ccetus,

625 2391 682 2438 et
708 2385 867 2438 hilari
894 2385 1078 2438 animo
1112 2401 1125 2436 :
1159 2384 1205 2437 si
1238 2384 1384 2437 enim
1417 2381 1557 2435 male
1603 2383 1991 2451 praevaluerint
2020 2383 2205 2438 hostes

626 2476 784 2541 ﬁdei,
843 2476 1037 2531 iterum
1087 2476 1253 2530 etiam
1312 2476 1603 2528 vincentur
1659 2474 1868 2535 miseri,
1918 2483 1972 2528 et
2023 2474 2204 2528 consi-

627 2570 781 2629 lium,
821 2568 962 2636 quod
1002 2567 1314 2636 huiusmodi
1373 2567 1622 2619 homines
1655 2565 1897 2630 inierint,
1941 2565 2204 2620 Dominus

626 2657 932 2726 dissipabit.

697 2747 921 2802 Patrum
976 2746 1221 2809 verbera,
1270 2756 1323 2801 et
1383 2747 1673 2800 vulnerum
1733 2745 1958 2816 sanguis
2011 2762 2198 2801 revera

627 2840 924 2904 desierunt,
982 2838 1293 2906 frequentia
1362 2839 1557 2891 exsilia
1615 2842 1961 2905 quieverunt,
2017 2847 2071 2890 et
2101 2853 2202 2904 pax

629 2930 884 2984 omnibus
911 2943 1258 2998 procuratur.
1299 2927 1413 2984 Non
1469 2929 1780 2998 praevalebit
1825 2929 2059 2995 amplius
2091 2944 2206 2981 ma-

629 3021 762 3088 gicae
794 3021 929 3074 artis
959 3020 1252 3084 industria,
1291 3019 1432 3072 Deus
1463 3020 1665 3071 etenim
1701 3028 1784 3072 est
1817 3020 2129 3073 nobiscum.

699 3108 1010 3178 lniquitatis
1065 3110 1223 3163 vinea
1277 3109 1576 3178 impietatis
1620 3109 1871 3178 palmites
1937 3109 2200 3173 extendit,
2233 3129 2272 3183 ρ
2319 3176 2330 3188 .

627 3211 681 3254 et
747 3217 994 3255 amarum
1050 3202 1268 3255 botrum
1319 3201 1610 3270 produxit,
1663 3210 1716 3254 et
1776 3202 1855 3253 ira
1904 3202 2205 3255 draconum

627 3303 710 3346 est
753 3293 938 3346 viuum
993 3292 1260 3361 ipsorum,
1307 3307 1416 3360 quo
1464 3291 1679 3344 Domini
1708 3294 1966 3360 populum
2016 3310 2205 3348 revera

632 3383 993 3448 inebriarunt,
1019 3397 1119 3436 sua
1150 3397 1314 3451 prava
1345 3392 1396 3436 et
1436 3383 1788 3436 obtenebrata
1829 3392 2030 3437 mente.

699 3470 985 3540 Templum
1035 3481 1188 3525 tuum
1241 3473 1755 3526 contaminaverunt
1822 3473 2013 3541 impii,
2089 3475 2206 3528 suis

629 3563 874 3633 profanis
928 3579 1186 3615 manuum
1240 3563 1707 3632 impositiouibus,
1740 3576 1792 3617 et
1830 3565 2148 3618 simoniacis
2182 3583 2194 3617 :

629 3665 685 3708 et
723 3654 825 3708 hac
872 3655 939 3708 de
973 3669 1138 3708 causa
1168 3655 1319 3722 juxta
1347 3669 1532 3708 sacros
1572 3671 1811 3709 canones
1841 3673 1852 3707 :
1894 3655 2203 3710 istiusmodi

631 3747 903 3807 homines,
946 3762 975 3798 a
1021 3748 1199 3798 divina
1253 3747 1421 3814 gloria
1461 3757 1588 3800 sunt
1613 3746 1828 3813 dejecti,
1874 3748 2202 3816 quibuscum

631 3839 794 3892 etiam
831 3837 1018 3891 Simon
1077 3837 1283 3908 Magus,
1333 3846 1389 3892 et
1433 3836 1671 3894 Joannes
1702 3846 1758 3893 et
1802 3839 2074 3895 Antonius
2119 3841 2198 3894 in-

631 3947 822 3985 sanus.

702 4022 868 4077 Fer'as
906 4023 1048 4089 illas,
1077 4033 1132 4077 et
1166 4023 1256 4076 Dei
1283 4023 1492 4085 hostes,
1525 4022 1809 4093 profanum
1845 4026 2057 4081 scilicet
2091 4029 2203 4080 An-

631 4117 840 4170 tonium
865 4127 918 4170 et
946 4127 1371 4184 trangressorem
1419 4115 1684 4170 Joannem
1714 4117 1929 4172 Satanae
1963 4129 2201 4174 mentem

633 4209 907 4276 adeptum,
939 4221 992 4261 et
1022 4208 1278 4262 Ecclesia:
1321 4210 1756 4276 perturbatores,
1787 4221 1844 4264 ut
1869 4211 2029 4280 lupos
2065 4211 2202 4266 infe-

633 4309 746 4353 stos
770 4315 958 4354 omnes
989 4301 1171 4354 Iideles
1211 4301 1626 4367 convenientes,
1675 4303 2021 4358 anathemate
2051 4304 2203 4357 dam-

634 4406 848 4444 nemus.
891 4389 1073 4444 Gloria
1103 4391 1268 4445 Patri.

712 4482 960 4536 lncreata
1016 4483 1334 4536 monarchia
1365 4481 1544 4544 Pater,
1577 4492 1630 4537 et
1656 4481 1847 4548 Filius,
1879 4494 1931 4539 et
1965 4485 2198 4555 Spiritus
2226 4469 2279 4528 D

634 4584 880 4634 sanctus,
911 4583 962 4627 te
995 4575 1308 4638 adoramus,
1336 4591 1497 4644 quam
1518 4575 1834 4640 Cherubim,
1863 4579 2049 4632 multis
2077 4593 2203 4632 ocu-

633 4665 701 4718 lis
763 4675 1022 4717 exornata
1050 4704 1065 4729 ,
1116 4674 1169 4718 et
1215 4665 1524 4733 Seraphim,
1580 4679 1673 4719 sex
1716 4666 1820 4719 alis
1866 4667 2200 4721 circumdata

635 4755 858 4808 laudant
916 4756 1206 4810 clamantia
1237 4775 1252 4811 :
1305 4755 1562 4820 Sanctus,
1596 4769 1840 4820 sanctus,
1874 4768 2093 4812 sanctus
2120 4774 2198 4823 es,

631 4864 665 4899 ο
694 4849 905 4902 excelse
933 4858 986 4902 et
1015 4849 1381 4917 omnipotens.

708 4937 924 4993 Sanctis
984 4940 1243 5003 sanctior,
1297 4948 1350 4992 et
1383 4939 1640 4992 omnibus
1699 4940 1966 4994 creaturis
2027 4941 2204 4996 excelo

637 5028 770 5093 sior,
811 5038 868 5080 tu
906 5028 1023 5083 sola
1049 5029 1349 5098 apparuisti
1393 5027 1561 5080 Mater
1597 5027 1759 5080 simul
1793 5037 1845 5080 et
1897 5027 2060 5099 Virgo
2109 5029 2202 5083 Dei

632 5119 912 5184 Cenitrix,
973 5135 1098 5173 cum
1155 5121 1334 5188 ipsum
1389 5128 1543 5172 tuum
1594 5117 1907 5172 Creatorem
1976 5136 2202 5189 pepere-

637 5213 734 5272 ris,
774 5220 1108 5281 quapropter
1157 5220 1305 5266 tuam
1351 5220 1595 5266 sanctam
1641 5212 1932 5282 imaginem
1979 5228 2205 5268 venera-

639 5319 781 5357 IDUI'.

1290 5392 1423 5448 ODA
1471 5391 1538 5447 V.

706 5487 960 5542 Christus
990 5486 1139 5550 vicit,
1164 5487 1400 5541 exsultet
1436 5495 1600 5551 terra,
1652 5489 1861 5557 quievit
1913 5489 2198 5554 tumultus,

643 5581 961 5650 quieverunt
1016 5590 1070 5634 et
1099 5580 1348 5650 lacryma:
1407 5596 1686 5636 servorum
1753 5583 1867 5648 Dei,
1913 5584 2045 5639 iides
2075 5601 2201 5640 vero

638 5672 840 5740 ubique
872 5687 967 5741 per
1002 5672 1312 5727 universum
1341 5672 1522 5726 orbem
1557 5684 1638 5727 est
1666 5675 2018 5744 promulgata.

2305 1906 2512 1974 θύμως,
2547 1905 2680 1957 θεῖοι
2707 1906 2967 1975 Πατὲρες·
3003 1905 3098 1956 καὶ
3127 1906 3221 1972 τὴν
3255 1904 3411 1956 θείαν
3435 1905 3543 1973 τῆς
3573 1906 3748 1956 αὑτοῦ
3777 1922 3890 1971 σεο-

2304 1997 2545 2060 κώσεως,
2596 1998 2967 2060 ἀποστολικῶς
3024 1998 3422 2066 ἁνιστορήσατε
3511 1998 3588 2048 τὰ
3649 1998 3890 2065 erigat:

2304 2092 2397 2141 καὶ
2429 2090 2494 2142 τὰ
2525 2089 2844 2159 παθήματα,
2882 2090 3064 2154 καθὼς
3118 2074 3320 2159 γράφει
3369 2090 3432 2142 τὸ
3464 2090 3620 2142 θεῖον
3655 2090 3890 2157 E5177:-

2304 2181 2435 2235 λιον.

2385 2269 2735 2340 Ἀθροῑσθητε
2783 2268 3100 2338 γεγηθότες,
3148 2273 3216 2321 τε
3265 2270 3450 2338 πλήθη
3494 2271 3613 2322 τῶν
3651 2274 3890 2340 pay-1:6»-

2304 2380 2411 2415 νων
2445 2364 2502 2414 ὲν
2549 2365 2861 2433 παρρησία·
2894 2363 2989 2413 ἐὰν
3019 2363 3124 2431 γὰρ
3158 2361 3345 2424 κακῶς
3401 2362 3706 2430 ἰσχύσωσι,
3745 2365 3884 2414 παὶι.

2306 2457 2697 2528 ἡττηθήσονται
2730 2460 2777 2509 οἱ
2807 2458 3049 2510 δείλαιοι.
3087 2458 3194 2509 Καὶ
3222 2458 3288 2526 ἢν
3323 2457 3391 2508 ἂν
3420 2457 3630 2526 βουλὴν
3687 2458 3884 2526 $52.15.-

2308 2563 2508 2600 σωνται
2538 2549 2587 2600 οἱ
2618 2547 2871 2612 τοιοῦτοι,
2898 2548 3240 2600 διασκεδάσει
3265 2547 3505 2618 Κύριος.

2376 2723 2441 2772 Al
2481 2723 2740 2804 μάστιγες
2788 2723 2895 2775 τῶν
2944 2723 3224 2793 Πατέρων,
3257 2725 3326 2776 τὰ
3372 2726 3590 2793 αἵματα
3640 2728 3748 2777 τῶν
3779 2744 3873 2793 μιν·

2305 2812 2500 2865 λὼπων
2529 2815 2778 2882 Ξλλειψαν
2806 2816 2973 2878 ὅντως
2998 2832 3011 2845 ⁸
3036 2815 3238 2885 ὲξορίαι
3273 2819 3527 2882 συνεχεῖς
3543 2818 3874 2868 ἐπαύσαντο·

2308 2907 2401 2956 καὶ
2454 2906 2643 2974 εἰρήνη
2698 2907 2831 2957 πᾶσι
2886 2906 3245 2967 πολιτεύεται,
3270 2909 3369 2959 οὐκ
3427 2907 3510 2958 ἔτι
3564 2909 3777 2976 ἰσχύσει
3829 2908 3876 2957 τὲ

2308 2995 2487 3064 δρᾶμα
2517 2996 2614 3063 τῆς
2648 2997 2898 3064 γοητείας
2923 3012 2936 3025 ·
2969 2997 3100 3058 Θεὸς
3127 2998 3232 3065 γὰρ
3273 2999 3392 3066 μεθ’
3417 3001 3582 3068 ἡμῶν
3617 3004 3785 3052 ἐστιν.

2389 3083 2448 3135 Ἦ
2480 3083 2722 3151 ἄμπελος
2756 3084 2854 3153 τῆς
2901 3086 3100 3147 κακίας
3132 3086 3361 3148 ἐξέτεινε
3399 3089 3468 3140 τὰ
3503 3090 3766 3158 κλήματα
3793 3089 3875 3154 τῆς

2308 3175 2586 3241 ἀσεϐείας,
2631 3177 2725 3229 καὶ
2755 3177 2846 3229 τὸν
2882 3177 3073 3246 βότρυν
3097 3179 3187 3230 τὸν
3216 3181 3416 3249 πικρὸν
3461 3181 3735 3250 ἐξήνθησε
3795 3183 3874 3233 :x‘t

2310 3268 2477 3335 θυμὸς
2523 3268 2838 3338 δρακόντιος
2866 3270 2892 3319 ὁ
2923 3264 3068 3331 οἶνος
3098 3271 3274 3322 αὐτῶν
3300 3288 3312 3299 ·
3339 3271 3399 3333 ἐξ
3425 3269 3487 3324 οὗ
3521 3273 3615 3323 τὸν
3645 3275 3769 3326 λαὸν
3794 3274 3872 3324 to}

2310 3360 2510 3428 Κυρίου
2543 3362 2796 3412 ὲπότισαν
2822 3360 3010 3425 ὅντως,
3038 3362 3136 3431 τὴν
3171 3361 3398 3432 θολερὰν
3430 3367 3751 3417 κακόνοιαν.

2390 3450 2650 3518 Ἐμίαναν
2683 3451 2774 3503 τὸν
2804 3451 2931 3503 ναόν
2959 3469 3053 3504 σου
3113 3451 3376 3521 ἀθέσμοις
3415 3456 3780 3523 χειροτονίαις
3801 3456 3874 3506 ετξ

2305 3543 2630 3611 χρημάτων·
2668 3545 2763 3595 καὶ
2808 3545 3108 3606 κανονικῶς
3142 3538 3290 3596 οὗτοι
3337 3546 3730 3615 ἐκϐέϐληνται.
3779 3549 3874 3600 K2“;

2304 3635 2400 3703 τῆς
2419 3634 2567 3695 θείας
2594 3635 2748 3704 δόξης
2775 3635 3216 3697 ἐκπεπτώκασιν,
3243 3639 3270 3689 ὁ
3295 3638 3478 3705 Σίμων
3505 3640 3534 3689 ὁ
3557 3640 3768 3707 Μάγος,
3791 3655 3870 3690 σί.

2305 3723 2476 3792 τούτῳ
2505 3724 2598 3776 καὶ
2641 3723 2895 3793 Ἰωάννης
2918 3726 3010 3778 καὶ
3041 3728 3068 3778 ὀ
3094 3726 3269 3788 δεινὸς
3306 3728 3620 3791 Ἀντώνιος.

2374 4017 2512 4082 Τοὺς
2545 4019 2717 4090 θῆρας
2747 4021 2838 4073 καὶ
2889 4019 3210 4090 θεομάχους,
3254 4021 3551 4075 Ἀντώνιον
3603 4026 3698 4076 τὶν
3725 4025 3872 4093 βεξη-

2302 4109 2411 4171 λον,
2448 4111 2544 4162 καὶ
2589 4111 2915 4180 παραϐάτην
2961 4113 3211 4181 Ἰωάννην
3261 4113 3351 4164 τὸν
3401 4116 3868 4183 σατανογνώμονι,

2303 4202 2520 4270 καὶτῆς
2563 4200 2891 4269 Ἐκκλησίας
2931 4202 3306 4271 πολεμήτορα,
3340 4203 3418 4264 ὡς
3464 4204 3669 4269 λύκοις
3698 4207 3870 4275 βαρεῖς

2305 4291 2665 4357 συνελθόντες,
2692 4292 3068 4362 ἁναθεμὰτους
3099 4293 3282 4345 πιστοὶ
3308 4294 3738 4365 ἀναϐοήσωμεν.
3759 4299 3807 4350 6.

2384 4495 2449 4548 Ἦ
2467 4495 2719 4559 ἄκτιστος
2743 4496 3034 4567 μοναρχία,
3069 4497 3270 4569 Πάτερ,
3294 4497 3396 4548 Υἱὲ
3426 4498 3522 4549 καὶ
3547 4497 3793 4564 Πνεζμα,
3823 4499 3868 4546 σὲ

2304 4587 2736 4657 προσκυνοῦμεν.
2769 4589 2833 4657 ἥν
2865 4589 2930 4641 τὰ
2951 4589 3230 4658 Χερουϐὶμ
3259 4590 3326 4640 τὰ
3370 4587 3759 4658 πολυόμματα,
3789 4587 3868 4640 καὶ

2301 4679 2368 4731 τὰ
2404 4678 2654 4748 Σεραφὶμ
2690 4678 2756 4730 τὰ
2783 4680 3148 4748 ἐξαπτέρυγα,
3175 4679 3408 4749 ὑμνοῦσι
3447 4681 3830 4750 κραυτὰζοντα
3853 4693 3864 4704 ·

2303 4771 2510 4839 Ἀγιος,
2545 4773 2716 4840 ἅγιος,
2748 4773 2901 4840 ἅγιος
2929 4769 3000 4836 εἶ,
3029 4767 3073 4825 ὦ
3101 4773 3501 4842 παντοκράτωρ
3535 4762 3864 4842 ’Υψιστεὲζ

2386 4951 2587 5019 Ἀγίων
2640 4953 2937 5023 ἁγιωτέρα,
2988 4953 3079 5007 καὶ
3142 4953 3360 5006 πάντων
3403 4951 3717 5020 ὑψηλοτέρα
3771 4949 3864 5000 τῶν

2303 5043 2641 5114 ποιημάτων,
2697 5044 2829 5114 μόνη
2874 5044 3211 5113 ἀνεδείχθης,
3267 5043 3738 5113 Μητροπάρθενε·
3802 5041 3862 5098 6.;

2301 5137 2462 5190 αὐτὸν
2498 5139 2745 5206 κυήσασα
2778 5138 2870 5189 τὸν
2897 5137 3148 5207 Πλάστην
3179 5154 3291 5200 σου,
3313 5137 3394 5188 διὸ
3419 5136 3519 5206 τὴν
3557 5137 3716 5201 ἁγίαν
3749 5150 3859 5204 μορ-

2302 5227 2408 5297 φήν
2450 5245 2564 5292 σου,
2592 5227 2982 5297 Θεογεννῆτορ,
3020 5229 3077 5280 ὲν
3107 5228 3488 5297 προσκυνήσει
3519 5228 3737 5295 ἔχομεν.

2954 5403 3084 5454 ΩΔΗ
3127 5403 3201 5455 Ε’.

2370 5490 2601 5559 Χριστὸς
2657 5493 2952 5562 νενίκηκε·
3015 5493 3292 5558 σκιρτὰτω
3342 5497 3378 5564 ἡ
3440 5497 3551 5565 γῆ·
3612 5502 3857 5550 πέπαυτα.

2300 5579 2526 5648 θόρυϐος
2548 5596 2563 5612 ο
2597 5582 2870 5634 πέπαυται
2901 5583 2995 5635 καὶ
3023 5586 3050 5635 ὁ
3079 5583 3379 5653 κλαυθμὸς,
3419 5588 3530 5640 τῶν
3555 5590 3649 5643 τοῦ
3679 5589 3857 5658 Κυρίου

2298 5671 2536 5724 δούλων·
2587 5675 2620 5744 ή
2677 5675 2858 5738 πίστις
2919 5674 2974 5727 δὲ

2300 5766 2542 5837 ηπὶώθη.

3068 5677 3350 5746 πανταχοῦ
3409 5681 3491 5750 τῷ
3559 5683 3744 5753 κξσμῳ
3786 5684 3856 5746 ἐς·
