3976 6314
137 366 286 429 1773

222 479 316 532 Ἐν
372 474 540 528 είκὸνι
594 473 888 543 βλέποντες
935 471 1034 539 τὴν
1098 472 1401 542 σταύρωσιν
1459 472 1710 532 σέϐοντες
1739 479 1782 532 Α

132 573 475 641 στέργομεν,
530 564 897 634 ἀσπαζόμενοι
956 563 1190 632 Χριστὸν
1255 563 1349 615 καὶ
1421 565 1489 615 τά
1544 561 1708 614 αὐτοῦ

132 664 374 734 σημεῖα,
402 659 498 713 καὶ
524 655 933 730 προσκυνοῦμεν
985 655 1122 708 αύτά
1145 672 1159 687 ·
1191 656 1288 726 οὐχ
1312 656 1386 719 ὡς
1439 655 1592 718 θεοὺς
1623 672 1709 708 τι·-

137 756 382 827 μῶντες.

212 846 443 916 Πνεῦμα
474 843 535 896 τὸ
578 841 930 912 πολύρρημον
985 841 1080 894 καί¹
1129 838 1446 912 βλάσφημον
1472 836 1711 908 Λήζικος

132 939 447 1002 πέπαυται,
478 935 538 988 τὸ
583 932 776 988 λαλοῦν
829 933 1138 995 διαπαντὸς,
1170 932 1383 1002 ἡμέραν
1433 929 1554 982 καθ’
1583 928 1713 998 ἡμέο

136 1051 248 1103 ραν
280 1033 420 1085 κατὰ
449 1030 546 1096 τῆς
577 1027 727 1092 Θείας
765 1028 975 1098 μορφῆς
997 1025 1232 1098 Χριστοῦ
1264 1032 1356 1077 καὶ
1381 1021 1486 1076 τῶν
1518 1023 1707 1090 ἁγίων.

212 1207 338 1260 Ἵνα
359 1205 434 1270 τί,
472 1198 1090 1275 τρισάθλιε,μ.εμίσηκας
1124 1199 1402 1268 μόρφωσιν
1426 1197 1708 1267 ἄχραντον,

132 1302 241 1369 τῆς
300 1285 629 1366 σαρκώσεως
674 1291 932 1362 Χριστοῦ,
970 1291 1064 1344 καὶ
1101 1290 1210 1343 τῶν
1250 1291 1420 1356 ἁγίων
1460 1288 1709 1356 πάντων;

137 1391 222 1461 μὴ
248 1390 359 1460 γὰρ
384 1386 623 1450 εἰδώλοις
656 1387 856 1454 κωφοῖς
916 1385 963 1436 οἱ
995 1383 1175 1436 πιστοὶ
1199 1381 1638 1453 προσκυνοῦμεν;

223 1563 507 1626 Ἀσεϐείας
532 1562 737 1633 ὄργανα
771 1559 1152 1628 τυγχάνοντες,
1206 1555 1470 1626 ἡθροισαν
1499 1552 1714 1606 σύνοδον

133 1661 341 1730 ἱερέων
371 1656 602 1720 ἀσεϐῶν,
631 1655 771 1708 κατὰ
813 1653 946 1706 Θεοῦ
986 1651 1209 1721 ὑψίστου
1229 1667 1242 1682 ·
1274 1650 1350 1714 ὡς
1387 1648 1626 1702 Ἰουδαῖοι
1654 1647 1714 1700 τὸ

130 1751 296 1822 πρὶν,
337 1750 534 1811 Ἀννας
567 1748 659 1800 καὶ
694 1745 967 1812 Καϊάφας.

1150 366 1394 422 CANON
1434 365 1517 422 IN
1561 362 1988 421 ERECTIONE
2025 363 2128 419 SS.
2160 361 2572 418 IMAGINUM.

3255 361 3389 423 1⁵2⁸14

1882 469 1939 523 1η
1972 469 2212 538 imagine
2261 479 2547 522 cernentes
2588 467 2740 522 cruci
2795 467 3105 522 aﬂixionem
3150 469 3391 530 Domini,

1809 561 1958 614 illam
2046 576 2379 624 eneramur,
2435 560 2715 614 Christum
2771 568 2825 614 et
2869 560 2990 629 ejus
3047 562 3203 632 signa
3253 565 3389 618 ado-

1809 664 2035 719 rantes;
2094 670 2203 708 non
2259 662 2444 709 tamen
2489 653 2560 708 ila
2605 668 2930 708 veneramur
2985 663 3043 708 ut
3102 655 3387 725 gentilium

1810 746 1967 801 deos.

1885 837 2122 908 Spiritus
2173 839 2265 892 ille
2315 840 2516 910 loquax
2565 848 2619 894 et
2663 840 3013 909 blasphemus
3043 836 3242 892 Lezius
3281 840 3394 893 sci-

1811 928 1956 995 licet,
1999 931 2112 999 jam
2144 932 2370 1000 quievit,
2419 931 2513 1000 qui
2548 929 2859 1000 frequenter
2904 930 3148 998 quotidie
3189 929 3386 982 adver-

1812 1037 1907 1076 sus
1963 1022 2204 1076 divinam
2253 1019 2458 1076 Christi
2499 1021 2750 1090 eiiigiem,
2795 1029 2849 1076 et
2878 1031 3193 1076 sanctorum
3235 1021 3392 1074 obla-

1811 1115 2009 1168 trahat.

1883 1203 2134 1268 Quanam
2168 1203 2234 1258 de
2263 1219 2451 1266 causa,
2485 1204 2790 1259 miserrime
2839 1204 3154 1270 homuncio,
3201 1205 3393 1259 imma-

1812 1293 2044 1348 culatam
2079 1292 2304 1364 eiIigiem
2360 1295 2756 1349 incarnationis
2799 1294 3005 1350 Christi
3044 1295 3287 1366 Domini,
3335 1305 3390 1350 et

1813 1393 2126 1440 sanctorum
2155 1387 2395 1440 omnium
2430 1402 2487 1441 es
2517 1388 2643 1441 odio
2665 1388 3028 1455 prosecutus?
3060 1384 3200 1440 Num
3225 1388 3390 1443 surda

1813 1468 1957 1533 idola
1999 1492 2098 1531 nos
2135 1477 2320 1532 ﬁdeles
2358 1480 2727 1532 veneramur?

1882 1567 2183 1638 lmpietatis
2230 1569 2588 1623 instrumenta
2647 1584 2770 1621 cum
2803 1570 3207 1637 convenissent,
3246 1588 3384 1628 con-

1813 1659 2129 1714 ciliabulum
2159 1668 2474 1730 coegerunt,
2513 1660 2804 1728 impiorum
2834 1661 3086 1716 videlicet
3123 1666 3382 1719 sacerdo-

1816 1759 1952 1814 tum,
2001 1751 2268 1806 adversus
2311 1750 2480 1804 Deum
2533 1752 2832 1815 excelsum,
2877 1753 3022 1822 quod
3068 1755 3231 1809 etiam
3260 1755 3389 1808 olim

1817 1842 2062 1898 fecerunt
2090 1841 2287 1907 Judaei,
2317 1842 2472 1896 Anna
2500 1843 2709 1898 scilicet
2730 1854 2783 1897 et
2825 1842 3083 1911 Caiphas.

222 1928 316 1980 Ἐν
361 1924 543 1995 ἡμέρᾳ
572 1921 828 1992 κρίσεως,
870 1918 1154 1980 πανάθλιε,
1188 1917 1473 1986 στήσονται
1511 1913 1710 2002 ἔλεγχοι

1843 1891 2060 1898 ----_-.-
2092 1891 2287 1907 η-η-.
2501 1891 2708 1898 _-------
2736 1891 2782 1897 --
2834 1891 3083 1911 -__-,._-_..-

1888 1934 1948 1988 In
1981 1934 2067 1989 die
2106 1935 2196 1988 illa
2223 1934 2449 1988 extremi
2492 1933 2705 2002 judicii,
2752 1949 2785 1986 ο
2819 1933 3216 1995 infelicissima,
3260 1933 3392 1987 ade-

128 2023 242 2092 τῆς
267 2018 429 2072 ἀθέου
460 2032 553 2099 σου
583 2013 783 2084 ψυχῆς,
811 2013 838 2064 ὁ
866 2012 1035 2080 δῆμος
1077 2010 1187 2099 τῶν
1218 2007 1500 2099 μηατέρων,
1529 1998 1714 2074 ὧνπερ

132 2110 406 2182 ἀμέτροις
432 2097 667 2176 πληγαῖς
695 2101 1016 2172 ὲγύμνωσας
1037 2098 1134 2162 τὰς
1167 2097 1395 2168 σάρκας.

225 2283 546 2353 Ἐκκλησίαι
594 2281 801 2334 ἅπασαι
834 2277 1105 2347 βοήσουσι,
1153 2272 1452 2344 κράζουσαι
1482 2272 1711 2330 ἆπασαι,

132 2375 488 2447 στερηθεῖσαι
534 2372 638 2424 ὑπὸ
682 2371 796 2432 σοῦ,
843 2370 940 2440 τῆς
990 2369 1203 2438 μορφῆς
1239 2366 1332 2420 τοῦ
1362 2364 1564 2434 Κυρίου
1620 2362 1715 2415 καὶ

129 2471 250 2522 τῶν
291 2468 462 2534 ἁγίων
494 2462 654 2543 αὐτοῦ
680 2479 778 2522 τας
812 2461 959 2530 ἱερὰς
981 2461 1216 2522 εἰκόνας.

217 2560 270 2612 θ.
334 2560 398 2611 'll
435 2557 494 2610 τὸ
523 2558 630 2609 πᾶν
662 2554 962 2624 συ⁴νέχουσα
993 2552 1069 2623 τῷ
1096 2552 1285 2622 κράτει
1312 2567 1427 2615 σου,
1459 2547 1582 2615 δόξα
1609 2563 1712 2610 σοι,

100 2681 117 2687 -
138 2651 276 2715 δόξα
301 2667 404 2716 σοι,
437 2651 831 2721 τρισυπόστατε
859 2648 1044 2718 μονάς,
1072 2648 1273 2715 Πάτερ,
1306 2644 1403 2697 Υἱὲ
1428 2644 1522 2695 καὶ
1544 2638 1715 2694 Πνεῦ-

141 2760 247 2814 μα,
305 2743 431 2806 τοὺς
490 2739 816 2802 πεποιθότας
851 2741 934 2800 είς
989 2739 1048 2791 σὲ
1090 2737 1250 2809 ῥῦσαι
1292 2734 1552 2796 παντοίας
1585 2731 1711 2802 βλά-

137 2837 269 2904 6ης.

215 3051 268 3104 θ.
289 3050 377 3112 Ὠς
397 3044 939 3120 χρυσοκαλλὼπιστον
955 3045 1172 3114 λυχνίαν
1191 3041 1548 3106 σε,δέσποινα,
1564 3038 1714 3090 σέϐοι

140 3163 270 3216 μεν,
321 3143 419 3213 τὴν
461 3142 521 3195 τὸ
568 3140 682 3209 φῶς
722 3141 782 3193 τὸ
808 3140 996 3209 νοητὸν
1035 3137 1372 3206 γεννήσασαν
1397 3133 1473 3204 τῷ
1500 3132 1709 3201 κόσμῳ,

136 3236 239 3288 καὶ
269 3233 368 3304 τὴν
397 3233 608 3303 ζοφώδη
644 3231 808 3302 ἀχλὺν
830 3230 1128 3301 μειώσασα,
1174 3227 1432 3298 Παρθένε.

781 3393 913 3464 run
951 3394 1043 3458 cr.

228 3552 494 3622 Ἐδὸησαν
553 3552 599 3603 οἱ
645 3548 913 3621 ἄγρυπνοι
961 3549 1198 3620 φύλακες
1247 3549 1343 3617 τῆς
1386 3545 1709 3614 Ἐκκλησίας

136 3645 240 3698 τοῦ
271 3643 508 3716 Χριστοῦ
545 3643 680 3712 πρὸς
720 3641 880 3694 αὑτὸν
916 3642 1210 3704 αἰτοῦντες,
1243 3639 1457 3707 δοθῆναι
1501 3638 1598 3707 τὴν
1633 3637 1707 3688 εἰ·

144 3737 348 3805 ρὴνην,
376 3736 468 3787 καὶ
501 3734 815 3803 εἰσήκουσε,
846 3732 940 3784 καὶ
974 3733 1243 3801 προσέσχε
1271 3733 1338 3799 τῇ
1366 3729 1570 3798 δεήσει.

217 3824 544 3894 Διήλεγκται
597 3824 691 3877 τοῦ
754 3825 955 3877 πλάνου
1017 3823 1087 3875 τὰ
1143 3821 1408 3891 θύρατρα,
1438 3822 1556 3882 ταῖς
1601 3816 1710 3870 τῶν

141 3915 413 3985 Πατέρων
443 3915 682 3983 διδαχαῖς
701 3930 714 3945 ⁸
744 3915 836 3967 καὶ
863 3914 992 3976 Θεὸς
1037 3915 1289 3983 ὑμνεῖται
1321 3910 1484 3981 σαρκὶ
1516 3925 1712 3979 μεμορ-

141 4007 428 4077 φωμένος,
452 4007 480 4058 ὁ
508 4007 933 4078 ἀπεριγράπτως
962 4008 1173 4076 θεότητι
1198 4005 1477 4074 ὑπάρχων.

218 4178 283 4230 Θὶ
315 4179 566 4250 συνεργοὶ
622 4181 720 4248 τῆς
747 4178 975 4246 πλάνης,
1016 4177 1334 4248 αἰσχύνεσθε
1354 4194 1367 4207 ·
1398 4177 1489 4230 καὶ
1514 4175 1710 4230 ἀπολέ-

145 4269 368 4323 σθωσαν
396 4269 552 4339 ὁμοῦ,
589 4271 684 4323 σὺν
703 4270 779 4338 τῷ
818 4270 1107 4339 Ἀντωνίῳ,
1137 4270 1389 4331 Θεόδοτος
1411 4269 1501 4322 καὶ⁵
1521 4266 1708 4337 magna,

144 4360 246 4413 κάὶ
270 4359 563 4429 Θεόδωρος,
600 4362 626 4410 ὁ
651 4359 808 4428 βυθὸς
834 4360 930 4428 τῆς
962 4360 1250 4422 ἀπωλείας.

219 4475 295 4527 Τὸ
324 4475 497 4545 στόμα
527 4491 618 4527 σου
656 4474 944 4544 διήνοιξας,
964 4477 1132 4541 ἄθλιε,
1153 4476 1253 4530 οὐκ
1287 4477 1342 4529 ὲν
1364 4475 1527 4547 ᾠδαῖς
1557 4489 1715 4526 πνευ-

145 4575 430 4643 ματικαῖς,
479 4571 595 4623 ἀλλ’
625 4572 682 4624 ἐν
720 4571 1104 4642 βλασφημίαις,
1139 4573 1280 4625 κατὰ
1320 4572 1413 4625 τοῦ
1469 4570 1560 4624 σοῦ
1621 4572 1706 4621 Δε-

143 4662 370 4725 σπὸτου,
401 4661 788 4731 ἀπωθούμενος
809 4662 903 4731 τὴν
945 4663 1147 4732 σεπτὴν
1177 4663 1565 4733 είκονουργίαν.

221 4774 555 4846 Διέστρεψας
608 4775 868 4846 Πατέρων
915 4776 982 4828 τὰ
1033 4776 1315 4845 δόγματα,
1357 4777 1451 4829 καὶ
1478 4775 1714 4828 ἀποστό-

141 4869 255 4919 λων
305 4867 549 4936 διδαχὰς,
602 4866 770 4937 ἄλλην
809 4867 984 4930 ἄλλως
1041 4870 1286 4938 γράφων,
1322 4869 1461 4923 κατὰ
1489 4870 1586 4940 τὴν
1616 4870 1714 4940 σὴν

145 4961 446 5032 Θρησκείαν
477 4959 812 5030 παράνομον,
848 4960 1067 5030 Ἰωάννη
1094 4962 1462 5032 Χριστομάχε.

217 5137 322 5192 Σοῦ
355 5139 384 5190 ὁ
413 5138 616 5199 καπνὸς
661 5136 910 5206 δακρύων
959 5139 1221 5210 ἐνέπλησε
1271 5141 1379 5192 τῶν
1433 5140 1711 5192 εὐσεϐούν-

146 5247 257 5283 των
315 5229 658 5300 ὸφθαλμούς·
713 5229 848 5282 ἀλλὰ
896 5229 973 5298 τῷ
1029 5233 1213 5301 ἀνέμῳ
1241 5233 1348 5284 τῶν
1383 5233 1539 5284 θείων
1563 5233 1711 5285 διδα-

151 5320 368 5374 σκάλων
408 5319 806 5381 διεσκέδασται,
848 5321 1194 5390 ματαιόφρων
1232 5323 1471 5391 Ἰωάννη.

218 5435 294 5488 Σὺ
323 5436 422 5505 τὴν
453 5433 645 5504 στολὴν
685 5433 784 5499 τὴν
834 5432 982 5486 θείαν
1005 5434 1309 5507 διέρῤηξας,
1344 5437 1531 5505 ὥσπερ
1557 5437 1584 5488 ὁ
1613 5436 1710 5488 Ἀ-

151 5542 296 5595 ρειος
335 5525 395 5577 τὸ
436 5525 563 5592 πρὶν
603 5523 693 5575 τὸν
719 5521 812 5574 τοῦ
843 5523 1075 5592 Χριστοῦ
1107 5525 1306 5594 χιτῶνα
1329 5541 1341 5554 ο
1374 5525 1452 5577 διὸ
1478 5524 1571 5594 τὴς
1595 5524 1714 5578 Ἑκ-

146 5615 377 5686 κλησίας
393 5616 579 5685 πόρρω
601 5612 831 5684 βέϐλησσ
845 5630 879 5677 ι,
903 5614 1182 5686 ἐκϐληθεὶς
1201 5615 1447 5687 καθάπερ
1466 5615 1631 5674 κύων.

179 5791 235 5847 θ.
255 5790 398 5845 Μίαν
419 5788 591 5862 ἀρχὴν
613 5785 818 5854 δοξάζω
842 5785 1110 5856 θεότητος,
1148 5791 1202 5844 ὲν
1232 5789 1559 5844 ὑποστάσεσι
1588 5807 1702 5861 τρια

1815 2035 1966 2089 runt,
2016 2022 2110 2093 qui
2160 2033 2308 2078 tuam
2356 2023 2578 2092 impiam
2615 2024 2854 2076 animam
2893 2033 3142 2092 arguent,
3172 2033 3395 2077 sancto-

1815 2131 1934 2169 rum
1973 2114 2223 2170 videlicet
2271 2113 2496 2167 Patrum
2540 2117 2764 2179 chorus,
2809 2130 3048 2183 quorum
3119 2115 3394 2169 denudata

1814 2223 2043 2277 corpora
2072 2207 2566 2262 innumerabilibus
2600 2207 2773 2276 plagis
2796 2207 3057 2260 alIlixisti.

1883 2299 2084 2355 Omnes
2109 2299 2362 2354 Ecclesiae
2392 2298 2632 2354 clamare
2677 2314 2784 2352 non
2809 2299 3081 2362 desinent,
3115 2313 3239 2351 cum
3276 2312 3306 2350 a
3340 2307 3392 2352 te

1817 2390 2019 2446 fuerint
2062 2392 2270 2446 orbata!
2303 2392 2506 2446 Christi
2551 2390 2763 2444 Domini
2798 2389 3052 2461 imagine,
3103 2398 3154 2444 et
3181 2399 3396 2445 sancto-

1815 2495 1935 2534 rum
1967 2480 2085 2550 ejus
2113 2483 2287 2535 sacris
2318 2479 2530 2548 tiguris.
2565 2479 2749 2535 Gloria
2782 2478 2953 2533 Patri.

1884 2571 2064 2626 Gloria
2097 2573 2215 2634 tibi,
2278 2581 2332 2626 et
2378 2571 2573 2625 iterum
2607 2571 2778 2639 gloria
2826 2571 2924 2624 tibi
2964 2572 3056 2636 sit,
3091 2571 3236 2624 trina
3268 2571 3393 2624 uni-

1814 2673 1918 2725 tas,
1960 2663 2119 2718 Pater
2176 2672 2229 2718 et
2253 2663 2425 2718 Filius
2455 2671 2510 2716 et
2545 2661 2780 2731 Spiritus
2817 2671 3068 2726 sanctus,
3109 2678 3230 2732 quae
3263 2665 3393 2715 uni-

1815 2771 2033 2809 versum
2085 2756 2275 2808 orbem
2306 2754 2545 2823 potentia
2584 2764 2674 2806 tua
2707 2753 2997 2808 contines:
3051 2763 3101 2807 te
3132 2755 3392 2822 depreca-

1815 2864 1959 2908 mur.
2003 2856 2062 2901 ut
2101 2849 2169 2902 ab
2210 2848 2359 2905 omni
2393 2846 2535 2902 malo
2569 2861 2686 2911 eos,
2740 2847 2834 2916 qui
2877 2847 2934 2900 in
2984 2855 3036 2900 te
3076 2846 3388 2909 contidunt,

1817 2943 2055 2996 liberare
2078 2941 2343 3010 digneris.

1884 3056 2062 3108 Instar
2109 3052 2402 3107 lucernarii
2445 3066 2580 3107 auro
2633 3051 2906 3117 exornati,
2943 3060 2997 3105 te
3037 3066 3390 3114 veneramur,

1816 3157 2000 3202 sancta
2031 3146 2123 3199 Dei
2159 3144 2428 3208 Gcnitrix,
2459 3162 2579 3215 qua:
2610 3147 2791 3201 lumen
2826 3145 3190 3199 iutellectuale
3221 3161 3384 3197 mun-

1736 3246 1781 3308 ς,
1815 3239 1884 3293 do
1922 3238 2200 3309 peperisti,
2229 3245 2284 3291 et
2319 3239 2663 3293 tenebrosam
2708 3239 2962 3293 nebulam
3015 3238 3318 3307 dissipasti.

2491 3385 2629 3443 ODA
2660 3386 2750 3442 Vl.

1883 3537 2170 3591 Vociferati
2194 3548 2322 3591 sunt
2344 3539 2535 3609 vigiles
2591 3539 2848 3594 Ecclesiae
2881 3540 3087 3596 Christi
3117 3543 3388 3614 custodes,

1812 3630 1880 3683 ab
1904 3629 2021 3698 ipso
2050 3638 2312 3698 petentes,
2347 3641 2406 3684 ut
2440 3633 2542 3685 sibi
2581 3648 2682 3702 pax
2716 3633 3030 3703 largiretur,
3056 3651 3197 3704 quos
3224 3653 3393 3691 exau-

1813 3721 1966 3782 divit,
2005 3727 2058 3774 et
2086 3736 2275 3775 eorum
2308 3723 2563 3790 precibus
2593 3733 2828 3778 mentem
2863 3726 3136 3781 adhibuit.

1884 3811 2114 3867 Detectze
2155 3824 2284 3867 sunt
2324 3817 2630 3871 seductoris
2666 3819 2812 3874 illius
2842 3828 2986 3873 artes
3028 3829 3083 3873 et
3113 3818 3223 3873 doli
3258 3835 3389 3874 san-

1812 3915 2023 3960 ctorum
2064 3905 2283 3959 Patrum
2333 3907 2714 3976 dogmatibus;
2770 3919 2825 3965 et
2861 3910 3006 3965 Deus
3029 3926 3193 3964 carne
3232 3912 3392 3965 indu-

1814 4006 1902 4049 tus
1933 3997 2002 4049 ab
2047 3997 2301 4052 omnibus
2346 3999 2674 4067 celebratur,
2714 4002 2805 4069 qui
2846 4017 2944 4071 pro
2973 4017 3069 4055 sua
3104 4001 3390 4058 divinitate

1814 4088 2327 4157 incircumscriptus
2356 4091 2589 4144 exsistit.

1885 4180 2027 4233 Socii
2057 4181 2386 4234 seductionis
2439 4181 2644 4252 pudore
2696 4181 3134 4247 confundantur,
3184 4193 3236 4237 et
3266 4199 3389 4253 per-

1814 4280 1941 4325 eant
2009 4288 2115 4326 una
2182 4289 2306 4327 cum
2351 4275 2592 4328 Antonio
2647 4273 2962 4332 Theodotus
3011 4286 3065 4332 et
3100 4275 3295 4332 Lezius
3334 4289 3389 4332 et

1816 4365 2154 4430 Theodorus,
2184 4366 2512 4435 profundum
2546 4370 2890 4438 perditionis.

1891 4457 1962 4511 Os
2001 4467 2154 4512 tuum
2193 4461 2475 4528 aperuisti,
2511 4476 2543 4514 ο
2583 4462 2768 4525 miser,
2795 4475 2904 4514 non
2939 4460 2993 4515 in
3029 4464 3257 4519 canticis
3281 4464 3390 4534 spi-

1817 4549 2124 4612 ritualibus,
2172 4550 2264 4604 sed
2299 4551 2354 4603 in
2397 4550 2750 4620 blasphemiis
2791 4552 3053 4608 adversus
3092 4553 3385 4608 Dominum

1820 4650 1992 4706 tuum,
2019 4644 2358 4697 venerandas
2392 4643 2659 4713 imagines
2688 4643 3027 4701 insectando.

1884 4751 2201 4806 Perverlisti
2237 4762 2551 4808 sanctorum
2585 4755 2807 4808 Patrum
2853 4754 3128 4823 dogmata,
3165 4767 3385 4825 aposto-

1813 4843 1992 4897 lorum
2042 4842 2306 4897 doctrinis
2350 4846 2625 4899 contraria
2670 4847 2976 4910 scribendo,
3026 4847 3184 4915 juxta
3234 4857 3383 4905 tuam

1815 4929 2010 4984 falsam
2063 4931 2384 5000 religionem
2431 4940 2487 4988 et
2533 4935 2775 5005 impiam,
2816 4951 2849 4990 ο
2879 4934 3120 4991 Joannes
3178 4937 3384 4998 Christi

1815 5037 2050 5074 llllﬂllce.

1885 5133 2091 5188 Fumus
2120 5143 2248 5188 tuus
2273 5136 2487 5205 piorum
2510 5140 2698 5194 oculos
2728 5139 2985 5211 lacrymis
3011 5141 3253 5208 replevit,
3287 5145 3402 5204 sed,

1814 5236 1980 5279 vento
2016 5241 2298 5280 sacrorum
2327 5230 2609 5285 doctorum
2651 5231 2950 5301 dissipatus
2986 5242 3088 5297 est,
3119 5248 3153 5287 ο
3193 5235 3387 5290 insane

1815 5313 2074 5370 Joannes.

1887 5428 1969 5484 Tu
2028 5445 2242 5484 sacram
2312 5433 2505 5488 stolam
2561 5435 2854 5502 dilaniasti,
2921 5438 3381 5507 quemadmodum

1820 5521 1945 5574 olim
1978 5521 2141 5578 Arius
2171 5524 2373 5578 Christi
2425 5537 2630 5581 vestem
2657 5546 2672 5594 ;
2702 5541 3032 5599 quapropter
3087 5533 3281 5584 merito
3316 5534 3385 5586 ab

1819 5611 2060 5668 Ecclesia
2089 5617 2279 5686 procul
2346 5618 2519 5673 instar
2556 5621 2709 5677 canis
2744 5660 2758 5685 ,
2807 5636 2868 5676 es
2912 5621 3139 5691 ejectus.
3198 5619 3382 5679 Gloria

1818 5703 1987 5758 Patri.

1893 5796 2070 5853 Unum
2101 5799 2319 5856 deitatis
2352 5801 2679 5874 principium
2717 5803 2893 5861 tribus
2941 5804 3192 5875 personis
3224 5804 3382 5876 glori-
