3976 6314
598 363 732 425 1775

1775 351 1835 408 S.
1874 347 2265 409 THEODORI
2308 351 2650 411 STUDITAS

3723 343 3852 405 ITIG

590 472 718 527 ﬁco.
757 468 910 524 Unus
949 465 1094 521 enim
1141 463 1286 518 Deus
1314 469 1417 525 est,
1471 457 1652 523 Pater,
1686 453 1883 521 Filius,
1914 465 1968 511 et
2000 456 2174 526 Spiri—

2289 460 2381 522 τὶν,
2411 454 2490 521 εἷς
2517 458 2651 521 Θεὸς
2683 459 2789 528 γάρ
2823 458 2959 520 ἔστι,
2989 459 3196 527 Πατὴρ,
3225 456 3352 520 Υἱὸς
3387 457 3488 510 καὶ
3510 456 3766 525 Πνεῦμα,
3785 458 3852 508 ει-

592 573 684 617 tus
711 568 956 623 sanctus,
986 556 1112 611 licet
1138 552 1488 608 idiomatihus
1511 549 1941 620 distinguantur,
1971 556 2024 603 et
2046 563 2170 617 per-

593 667 1035 813 $0Igmput'issima
1057 739 1224 811 Virgo
1267 753 1296 792 a
1343 734 1452 791 Deo
1486 731 1812 803 gloriﬁcata,
1852 729 2049 785 civitas
2079 725 2172 780 Dei

591 851 621 890 a
648 835 925 907 pmphetis
969 834 1163 889 merito
1200 848 1259 888 es
1313 827 1698 902 pranuntiata,
1738 841 1802 882 ex
1856 840 1964 895 qua
2017 833 2173 877 ortus

590 938 674 982 est
705 929 933 997 ipsemet
955 925 1034 979 tui
1053 926 1299 989 Creator,
1332 921 1426 993 qui
1455 931 1506 976 te
1531 928 1658 990 post
1681 926 1921 988 partum,
1943 925 2003 972 ut
2025 922 2168 990 ante,

592 1017 874 1089 Virginem
912 1015 1281 1072 conservavit.

1263 1118 1402 1175 ODA
1427 1116 1540 1172 VII.

663 1234 893 1290 Ilzeresis
940 1233 1219 1289 fornacem
1261 1239 1499 1302 quatuor
1524 1228 1603 1300 (4)
1647 1241 1917 1284 annorum
1963 1225 2171 1280 hebdo-

592 1330 780 1381 madas
814 1327 1321 1396 praadominautem,
1350 1323 1525 1394 gratia
1555 1334 1703 1375 nunc
1735 1318 1998 1374 exstinxit
2023 1317 2169 1371 divi-

593 1434 682 1480 na,
730 1418 926 1473 ardens
975 1417 1195 1487 quidem
1239 1415 1548 1479 Chaldaeos,
1582 1421 1639 1468 et
1685 1410 2016 1480 refrigerans
2051 1409 2170 1478 pios

593 1509 876 1566 Trinitatis
906 1511 1166 1565 cultores.

663 1602 936 1656 Exornata
987 1610 1091 1665 est,
1140 1610 1194 1656 et
1231 1599 1460 1671 pulchra
1506 1597 1694 1654 effecta
1751 1594 1844 1650 Dei
1901 1593 2168 1657 Ecclesia,

592 1706 806 1764 recepta
852 1693 1153 1749 Dominicat
1191 1691 1591 1747 incarnationis
1621 1704 1775 1744 sacra
1818 1687 2075 1756 imagine,
2117 1695 2171 1740 et

591 1787 711 1855 ejus
743 1785 1038 1855 passionis,
1085 1800 1149 1840 ac
1199 1773 1430 1838 aliorum
1467 1781 1876 1854 mysteriorum,
1906 1780 2058 1848 juxta
2086 1774 2170 1831 di!

591 1879 747 1933 vinas
783 1878 951 1948 leges.

2271 550 2472 623 ᾕρηται
2502 551 2844 623 Χαρακτῆρσι
2876 551 2972 606 καὶ
3002 550 3333 622 προσώποις.

2343 731 2391 784 0.
2433 731 2794 802 Προφητικῶς
2811 730 2948 803 ἁγνὴ
2975 730 3286 796 θεοδόξαστε
3309 730 3471 794 πόλις
3495 729 3753 800 ἐδείχθης
3767 731 3850 784 τεῦ

2271 822 2427 888 Θεοῦ,
2456 823 2516 887 ὲξ
2540 818 2606 894 ἦς
2628 822 2891 894 ἐγεννήθη
2932 823 3094 886 αὐτὸς
3124 825 3153 876 ὁ
3185 822 3425 893 Ποιητής
3456 839 3579 886 σου,
3607 824 3748 892 μετὰ

2271 932 2366 969 κον
2397 932 2457 969 σε
2488 915 2564 980 ὡς
2594 915 2656 969 τὸ
2681 915 2810 987 πρὶν
2835 914 3189 984 διαφυλάξας.

2953 1109 3084 1180 nan
3112 1106 3188 1165 z’.

2341 1219 2450 1290 Τὴν
2477 1219 2708 1289 κάμινον
2734 1219 2834 1290 τῆς
2863 1220 3151 1290 αἱρέσεως,
3176 1220 3271 1273 νῦν
3300 1222 3646 1276 κατέσϐεσεν
3679 1225 3711 1295 ή
3739 1224 3850 1277 θεία

2271 1313 2449 1384 χάρις,
2487 1312 2761 1380 φλέγουσα
2810 1313 3134 1382 νοουμένους
3177 1312 3506 1377 Χαλδαίους,
3547 1317 3644 1367 καὶ
3672 1317 3848 1384 δροσὶ-

2272 1404 2439 1467 ζουσα
2464 1405 2692 1477 Τριάδος
2715 1403 3050 1474 θεράποντας
3073 1420 3088 1433 ·
3125 1405 3456 1474 τετραπλαῖς
3491 1408 3848 1478 ἐόδομάσεσιν

2279 1494 2416 1547 ἑτῶν
2441 1494 2609 1567 αὐτὴν
2633 1495 3093 1566 διακρατήσασαν.

2343 1586 2719 1652 Πεποίκιλται,
2747 1586 3157 1658 περιϐέϐληται,
3187 1589 3641 1642 κεκαλλώπισται
3666 1592 3696 1660 ἡ
3737 1593 3851 1643 Ἑκ-

2271 1675 2500 1745 κλησία*
2537 1675 2817 1746 μόρφωσιν
2841 1674 2934 1729 τοῦ
2971 1677 3240 1729 Δεσπότου
3272 1678 3380 1730 τῶν
3421 1679 3563 1733 ὅλων
3588 1681 3690 1750 τῆς
3722 1698 3847 1752 aulo.

2273 1766 2509 1832 κώσεως,
2543 1766 2768 1820 καὶτῶν
2831 1767 3168 1838 παθημάτων
3216 1770 3380 1823 αὑτοῦ
3437 1772 3535 1823 καὶ
3597 1771 3667 1824 τὰ
3710 1773 3845 1841 σύμ-

2270 1858 2399 1911 ϐολα
2450 1859 2709 1929 φέρουσα,
2743 1860 2824 1921 εις
2855 1859 3011 1924 τέλος
3037 1861 3174 1913 κατά
3231 1861 3291 1914 τὸ
3334 1863 3464 1926 τοὺς
3521 1864 3711 1927 θείους
3762 1866 3847 1917 Θε-

2154 1999 2172 2018 ,
2272 1949 2461 2020 σμούς.

657 2054 972 2109 Christiane
1015 2053 1105 2108 Dei
1148 2051 1364 2122 popule,
1401 2048 1633 2111 exsulta,
1684 2057 1739 2103 et
1783 2047 2014 2118 hymnos
2064 2047 2170 2101 Deo

592 2143 841 2208 coneinc,
869 2141 997 2195 dum
1038 2142 1190 2195 vides
1248 2139 1553 2194 Ecclesiam
1602 2138 1800 2192 iterum
1847 2137 2170 2191 illustratam

591 2235 788 2288 divinae
844 2227 1100 2303 imaginis
1153 2229 1582 2302 pulchritudine,
1628 2243 1793 2298 quam
1854 2243 1977 2283 cum
2028 2225 2170 2280 Deus

591 2338 757 2389 esset,
813 2327 1064 2398 gestavit,
1107 2335 1166 2379 ut
1217 2326 1402 2387 homo,
1451 2332 1510 2377 ut
1556 2337 1656 2376 nos
1698 2319 1950 2374 homines
1992 2319 2170 2374 salvos

592 2421 814 2476 faceret.

662 2512 983 2584 Panperiem
1039 2526 1233 2580 passus
1278 2519 1381 2574 est,
1434 2518 1488 2563 et
1546 2506 1768 2570 famem,
1839 2513 1893 2559 et
1936 2504 2081 2579 sitim
2116 2504 2169 2557 in

593 2622 759 2661 carne
815 2603 960 2659 Deus
1013 2601 1270 2666 Verbum,
1309 2601 1425 2654 haec
1452 2598 1720 2668 siquidem
1752 2596 2009 2649 humana:
2047 2604 2173 2648 sunt

595 2706 806 2754 natura:
850 2695 1130 2760 idiomata,
1184 2708 1280 2763 per
1341 2706 1460 2761 quas
1504 2687 2009 2745 circumscribitur:
2059 2687 2174 2755 ipse

593 2803 723 2840 vero
751 2785 959 2840 Deitate
1007 2783 1236 2852 simplex
1283 2781 1521 2845 exsistit,
1556 2788 1609 2833 et
1639 2777 2171 2846 incircumscriptus.

665 2877 939 2941 Portenta,
990 2870 1054 2931 'et
1104 2890 1257 2929 vanae
1305 2872 1683 2943 praedictiones
1746 2867 1977 2923 Joannis
2026 2868 2172 2922 illius

596 2970 816 3025 Christo
843 2969 1037 3024 infensi
1063 2975 1190 3021 sunt
1221 2967 1518 3034 dissipata,
1554 2964 1648 3034 qui
1683 2977 1762 3027 se,
1788 2962 1962 3016 instar
2001 2961 2173 3031 genti-

598 3064 752 3127 lium,
780 3060 1024 3131 jactabat
1077 3071 1268 3112 eorum
1333 3055 1578 3123 scriptis,
1621 3066 1741 3120 quae
1776 3051 1972 3104 merito
1995 3050 2172 3118 justo-

596 3170 719 3209 rum
747 3167 908 3208 voces
933 3160 985 3206 et
1013 3164 1202 3220 preces
1238 3146 1594 3216 disiecerunt.

668 3241 916 3307 Occulta,
948 3249 1001 3295 et
1039 3238 1290 3310 profana,
1326 3245 1382 3290 et
1423 3233 1714 3289 animabus
1739 3230 2045 3302 perniciosa
2078 3237 2170 3282 tua

601 3340 852 3405 dogmata
899 3346 1150 3403 quaenam
1211 3330 1397 3397 lingua
1467 3329 1668 3396 poterit
1733 3337 2035 3385 enarrare,
2091 3320 2174 3373 vel

599 3427 1000 3498 prmdictionem
1028 3431 1136 3476 tuae
1174 3420 1531 3488 ventriloquze
1561 3415 1920 3488 phytonissae,
1955 3427 1987 3466 ο
2012 3411 2170 3465 Joan-

601 3519 738 3575 nes?
767 3519 870 3572 hoe
902 3515 1124 3570 nomine
1151 3512 1372 3582 indigne
1405 3509 1594 3579 procul
1621 3506 1812 3568 dubio,
1846 3520 1968 3560 cum
1997 3505 2175 3573 potius

601 3609 820 3662 Satanas
853 3617 1176 3674 praecursor,
1204 3609 1258 3656 et
1290 3597 1614 3652 Antichristi
1644 3595 1897 3649 exsistas.

672 3696 792 3754 Non
837 3694 1132 3764 oportebat
1167 3700 1239 3753 te,
1275 3705 1309 3744 o
1342 3688 1729 3744 scelestissime
1764 3685 2032 3745 omnium,
2073 3681 2176 3734 hoc

603 3787 846 3850 nomine,
884 3783 1117 3840 Joannes
1161 3781 1412 3834 videlicet
1465 3773 1792 3842 nuncupari,
1852 3772 1946 3825 sed
1994 3772 2174 3839 potius

605 3875 992 3946 Pythagoram,
1023 3878 1078 3925 et
1105 3867 1400 3922 Saturnum
1428 3863 1513 3918 vel
1541 3860 1862 3931 Apollinem,
1899 3859 1980 3911 vel
2007 3857 2173 3910 alium

608 3963 918 4035 quempiam
973 3960 1328 4030 profanorum
1383 3954 1601 4009 illorum
1643 3951 1891 4013 deorum,
1941 3962 2175 4017 quorum

607 4059 774 4112 vitam
811 4069 872 4109 es
904 4053 1171 4111 imitatus.
1221 4064 1411 4104 eorum
1456 4037 1813 4114 impudicitiis
1853 4040 2174 4095 delectatus.

609 4150 793 4206 Gloria
820 4145 991 4202 Patri.

682 4239 1079 4310 Sempiternam
1107 4231 1537 4302 omnipotentem
1577 4221 2177 4297 incomprehensibilem

609 4331 932 4387 Trinitatem
964 4327 1147 4382 ﬁdeles
1174 4338 1366 4379 omnes
1381 4323 1691 4386 adoremus,
1711 4314 2176 4380 Patrem,Filium,

613 4435 664 4480 et
693 4421 954 4493 Spiritum
990 4426 1268 4480 sanctum,
1303 4423 1358 4468 et
1393 4412 1594 4467 divinis
1620 4409 1874 4464 laudibus
1901 4405 2181 4462 inconfuse

613 4515 971 4579 celebremus,
999 4510 1299 4565 clamantes
1339 4524 1353 4559 :
1395 4503 1650 4565 Sanctus,
1687 4510 1930 4563 sanctus,
1959 4507 2180 4551 sanctus
2212 4532 2256 4586 ι)

613 4625 674 4665 es
699 4608 860 4664 Deus.

686 4700 887 4756 Sancta
923 4696 1016 4752 Dei
1074 4691 1325 4750 Genitrix
1378 4687 1549 4742 Mater
1609 4693 1664 4738 et
1724 4680 1916 4751 Virgo,
1966 4678 2184 4750 hymnis

2351 2039 2628 2110 Ἐόρταζε,
2661 2038 3081 2112 πανηγύριζε,ὀ
3134 2041 3510 2114 χριστώνυμος
3555 2045 3690 2107 λαὸς
3742 2048 3847 2099 Κυ-

2272 2129 2411 2200 ρίου,
2442 2129 2654 2200 βλέπων
2689 2130 2787 2202 τὴν
2823 2132 3151 2203 Ἐκκλησίαν
3198 2137 3291 2188 καὶ
3315 2136 3482 2189 πάλιν
3503 2137 3846 2207 διαλάμπου-

2272 2237 2389 2286 σαν,
2417 2222 2476 2274 eo
2503 2221 2696 2285 κάλλος
2722 2223 2818 2293 τῆς
2836 2224 2983 2286 θείας
3013 2226 3226 2296 μορφῆς
3247 2245 3259 2256 ·
3278 2228 3345 2298 ἣν
3388 2228 3523 2291 θεὸς
3542 2228 3625 2282 ὢν
3655 2229 3846 2301 ἐφόρε-

2272 2327 2383 2373 σεν,
2420 2310 2495 2373 ὡς
2529 2309 2814 2381 ἄνθρωπος
2855 2311 2942 2366 διὰ
2973 2314 3034 2367 τὸ
3075 2315 3245 2370 σῶσαι
3287 2317 3454 2387 ἡμᾶς.

2353 2483 2712 2553 Ἐπτώχευσε,
2748 2485 2842 2538 καὶ
2872 2486 3148 2550 ὲπείνασε,
3188 2487 3281 2540 καὶ
3346 2488 3572 2560 ἐδίψησε
3639 2496 3844 2564 σαρκὶό

2269 2573 2473 2642 Λόγοςο
2512 2574 2682 2628 ταῦτα
2721 2575 2822 2645 τῆς
2845 2575 3190 2646 ἀνθρωπίνης
3238 2577 3426 2641 οὐσίας
3453 2579 3744 2649 ἰδιώματα,
3783 2585 3841 2634 ες

2270 2661 2343 2718 ὧν
2372 2667 2791 2736 περιγράφεται.
2831 2662 2998 2731 Οὗτος
3041 2666 3099 2720 δὲ
3133 2671 3197 2740 τῇ
3228 2667 3446 2741 θεότητι
3476 2673 3686 2736 ἁπλοῦς
3732 2674 3841 2726 ἐστι

2272 2755 2366 2809 καὶ
2393 2757 2825 2828 ἀπερίγραπτος.

2342 2850 2702 2920 Κατήργηται
2727 2849 2795 2902 τά
2810 2849 3072 2920 τεράστια
3095 2851 3188 2904 καὶ
3218 2851 3580 2921 μαντεύματα
3606 2853 3701 2905 τοῦ
3717 2854 3842 2923 Χρι-

2274 2939 2565 3010 στομάχου.
2607 2942 2747 3001 Ἰσος
2799 2941 2907 3008 γὰρ
2951 2941 3060 2992 τῶν
3103 2941 3367 3011 Ἑλλήνων
3414 2942 3634 3012 ἐδείχθη
3678 2945 3840 3012 ὑψαυ-

2273 3032 2554 3101 χούμενος,
2576 3035 2685 3094 τοῖς
2700 3032 2900 3084 τούτων
2919 3033 3367 3102 συγγράμμασιν,
3398 3032 3434 3086 ἃ.
3473 3034 3702 3100 δικαίως
3739 3038 3839 3089 ἑλί-

2274 3139 2491 3193 κμησαν
2524 3124 2580 3177 αἱ
2609 3123 2716 3176 τῶν
2741 3123 2961 3176 δικαίων
2988 3124 3178 3193 φωναί.

2196 3185 2240 3248 C
2313 3185 2423 3269 ’Ἰζά
2454 3215 2658 3286 κρύφια
2684 3217 2778 3268 καὶ
2829 3185 3178 3287 παμσεϐηλα,
3208 3217 3302 3270 καὶ
3350 3217 3667 3289 ψυχό).εθρα
3709 3220 3838 3274 διδά-

2274 3308 2463 3380 γματά
2483 3326 2601 3374 σου,
2632 3307 2762 3361 ποία
2790 3308 3175 3379 ἑκδιηγήσεται
3195 3309 3445 3378 vitiosa;
3481 3311 3514 3379 ἢ
3547 3313 3650 3382 τὴν
3681 3313 3838 3382 πρόρο

2278 3404 2433 3471 ῥησιν
2454 3402 2551 3470 τῆς
2597 3399 3041 3470 ὲγγαστριμύθου
3064 3417 3178 3465 σου,
3223 3402 3447 3472 Ἰωάννη
3505 3402 3836 3472 ψευδώνυμε,

2276 3496 2370 3547 καὶ
2402 3493 2674 3564 πρόδρομε
2701 3493 2795 3546 τοῦ
2821 3493 3162 3562 ἀντιχρίστου
3205 3492 3379 3546 Σατᾶν
3405 3510 3421 3560 ;

2326 3665 2439 3717 Οὐκ
2460 3663 2567 3715 ἔδει
2591 3679 2669 3728 σε,
2684 3660 2729 3716 ὠ
2744 3663 3048 3734 παράνομε,
3065 3663 3424 3734 ὀνομάζεσθαι
3443 3667 3705 3740 τοιαύτην
3720 3669 3836 3737 xiii;—

2277 3775 2380 3823 σιν,
2415 3754 2613 3825 μᾶλλον
2633 3753 2690 3808 δὲ
2739 3755 3082 3826 Πυθαγόραν,
3115 3757 3210 3809 καὶ
3248 3758 3481 3827 Κρόνον,
3517 3762 3616 3814 καὶ
3657 3762 3837 3815 Ἀπόλ·

2275 3851 2437 3917 λωνα,
2467 3848 2500 3919 ἣ
2531 3864 2654 3901 τινα
2696 3847 2803 3901 τῶν
2848 3847 3023 3902 ἄλλων
3070 3847 3228 3913 θεῶν,
3257 3843 3330 3903 ὧν
3370 3851 3464 3904 τὸν
3498 3852 3618 3924 βίον
3656 3855 3836 3924 ἐζήλω-

2278 3958 2398 4005 σας,
2429 3942 2765 4012 τερπόμενος
2789 3940 2906 4003 ταῖς
2935 3939 3216 4009 ἀσελγίαις
3245 3942 3447 3999 αὐτῶν.

2311 4195 2358 4250 θ.
2381 4194 2574 4248 Ἀῒδιον
2604 4191 2900 4247 παντοδύνα
2909 4208 3008 4261 μον
3028 4191 3407 4262 ἀκατάληπτον
3423 4191 3636 4263 Τριὰδα
3653 4195 3834 4253 πιστοὶ,

2281 4288 2482 4350 πάντες
2527 4286 2763 4356 Πατέρα,
2803 4284 2929 4338 nev
2961 4285 3051 4336 καὶ
3093 4282 3312 4351 Πνεῦμα
3343 4288 3834 4354 προσκυνήσωμεν,

2281 4381 2375 4434 καὶ
2402 4379 2812 4448 θεολογήσωμεν
2843 4375 3160 4445 ἀσυγχύτως
3184 4376 3602 4446 κραυγάζοντες
3626 4395 3639 4406 ·
3663 4380 3836 4446 Ἀγιυς

2283 4473 2456 4541 ἅγιος,
2487 4470 2639 4537 ἅγιος
2663 4464 2714 4520 εῐ
2742 4470 2770 4520 ὁ
2798 4466 2952 4529 Θεός.

2351 4689 2401 4742 θ.
2437 4687 2760 4757 Πανύμνητε
2794 4685 3172 4750 πολυδόξαστε,
3191 4687 3611 4758 μητροπάρθενε
3631 4688 3835 4754 θεοκυῆ-

616 4789 962 4854 celebranda,
997 4798 1052 4842 et
1089 4778 1462 4855 gloriﬁcanda,
1500 4776 1667 4830 libera
1699 4786 1800 4827 nos
1831 4772 1898 4825 ab
1929 4768 2175 4824 omnibus

2289 4779 2685 4849 τορ,λύτρωσαι
2715 4775 2962 4848 χαλεπῶν
2991 4775 3376 4849 ἐγκλημάτων.
3405 4780 3537 4840 τοὺς
3579 4778 3835 4849 τιμῶντας

619 4881 855 4948 delictis,
886 4879 980 4952 qui
1008 4887 1162 4933 tuum
1208 4869 1616 4929 immaculatum
1674 4874 1891 4937 partum
1955 4876 2180 4916 venera-

619 4991 746 5032 mur
773 4993 789 5031 :
823 4971 1034 5028 nullum
1059 4967 1204 5024 enim
1236 4964 1386 5021 aliud
1413 4962 1678 5017 habemus
1699 4954 2014 5028 praesidium
2045 4966 2182 5022 prae-

622 5079 704 5123 ter
742 5074 817 5131 te,
847 5080 880 5121 o
905 5063 1002 5118 Dei
1033 5073 1256 5131 sponsa.

1321 5174 1404 5226 DA
1447 5170 1581 5224 VIII.

1270 5173 1404 5229 ODA
1447 5173 1581 5224 VIII.

696 5271 815 5328 Una
845 5285 971 5325 cum
1003 5267 1262 5338 propheta
1281 5263 1617 5319 exsultemus
1639 5264 1694 5312 et
1717 5254 1978 5318 lmtemur,
2004 5250 2182 5307 ﬁdeles

2282 4888 2374 4924 σου
2406 4869 2502 4940 τὴν
2551 4869 2815 4938 ἄχραντον
2847 4867 3062 4938 κύησιν
3096 4867 3156 4920 οὐ
3177 4867 3284 4938 γὰρ
3301 4868 3472 4939 ἄλλην
3494 4869 3833 4941 βοήθεια-λειε-

2281 4961 2531 5032 κτήμεθα
2570 4958 2708 5028 πλήν
2734 4974 2850 5022 σου,
2874 4955 3173 5026 Θεό-ιυμφε.

2991 5153 3078 5204 ΔΗ
3106 5153 3187 5208 Η’.

2991 5153 3078 5204 ΔΗ
3106 5153 3187 5208 Η’.

2359 5245 2716 5319 Προφητικῶς
2776 5152 3242 5314 ἀγώλὲσώμεθα,
3295 5244 3392 5298 καὶ
3465 5241 3831 5313 εὐφρανθῶμεν

2105 5427 2336 5485 NOTAE.

697 5633 774 5703 (ι)
813 5629 1066 5686 ALeonis
1101 5627 1318 5703 Armeni
1363 5634 1622 5703 tempore,
1669 5617 1931 5703 quliipost
1964 5615 2171 5703 ξηειιαιιξ

627 5689 924 5773 Augustam
966 5699 1229 5773 regnavit,
1248 5689 1594 5768 manifestum
1623 5689 1848 5773 est'hos-
1875 5689 2174 5773 computari

626 5756 848 5828 annos:
914 5756 1098 5841 viginti
1148 5756 1271 5824 octo
1331 5777 1560 5833 namque
1586 5760 1724 5815 'anni
1777 5756 2114 5813 intercedunt
2147 5767 2174 5805 a

2281 5614 2458 5683 primo,
2514 5626 2656 5664 anno
2711 5609 2906 5683 Leonis
2965 5622 3134 5678 usque
3190 5606 3258 5661 ad
3291 5606 3506 5683 obitum
3548 5604 3826 5677 Theophili.

2282 5677 2499 5753 quando
2530 5696 2698 5736 sacra:
2731 5681 2990 5749 imagines
3041 5677 3168 5734 Sunt
3198 5677 3490 5733 restituta.
