3976 6314
161 383 294 448 1777

1103 375 1345 438 CANON
1388 373 1471 433 ΙΝ
1514 368 1938 431 ERECTIONE
1977 368 2081 426 SS.
2113 364 2524 426 lMACl-NUM.

3244 357 3380 424 177.8

159 496 343 548 πιστοὶ
403 493 598 553 πάντες
654 491 948 560 μυστικῶς.
985 485 1133 556 Αὕτη
1166 485 1272 557 γὰρ
1307 486 1342 552 ἡ
1377 479 1576 552 ἡμέρα,
1603 473 1718 549 ὲνῇ

1849 490 2009 529 ιωηεε
2044 495 2057 529 :
2107 474 2221 527 haec
2259 473 2406 526 enim
2441 481 2523 526 est
2562 471 2698 534 dies,
2737 470 2790 522 in
2832 484 2938 538 qua
2966 467 3215 522 Christus
3243 467 3377 524 Ver-

156 585 392 654 Χριστὸς
425 583 453 633 ό
477 582 644 649 Λόγος
682 581 778 652 τὴν
808 579 942 631 ἰδίαν
996 577 1188 649 στολὴν
1225 573 1468 627 ἀπέδωκε
1497 573 1564 642 τῇ
1605 569 1717 621 Ἐκ-

159 675 382 745 κλησίᾳ.

227 765 546 838 Πολεμικῶς
561 764 746 834 ὥσπερ
768 762 1162 834 παρετάξαντο,
1199 756 1344 812 κατὰ
1363 751 1596 826 Χριστοῦ
1619 751 1718 821 τῆς

161 859 401 931 μορφῆς,
432 858 772 928 ὁμοθυμαδὸν
807 855 980 925 Λήζιξ
1014 853 1105 908 καὶ
1150 851 1420 920 Ἰωάννης,
1446 848 1506 900 τὸ
1530 846 1716 913 ζεῦγος

155 952 248 1004 τοῦ
279 951 501 1020 Βελίαρ,
523 949 740 1002 πελέκει
770 947 963 1010 κακίας
1005 942 1334 1013 ἐγκύψαντες
1364 940 1464 1010 τὴν
1497 937 1721 1006 Ἐκκλη-

157 1059 298 1096 σιαν.

230 1136 328 1196 Τίς
368 1133 445 1203 μὴ
507 1131 766 1204 θρηνήσει
800 1129 859 1182 τὸ
924 1130 1069 1199 μέγα
1129 1123 1402 1193 τόλμημα,
1446 1121 1543 1191 τὴν
1574 1119 1719 1172 θείαν

160 1227 380 1296 βλέπων
414 1223 646 1293 μορφὴν,
673 1224 770 1290 τὴν
795 1223 852 1288 ὲν
884 1223 949 1290 τῇ
968 1219 1140 1289 χαλκῇ
1165 1217 1308 1290 πύλῃ
1321 1214 1412 1268 τοῦ
1435 1210 1717 1272 παλατίου,

157 1318 261 1370 ὑπὸ
292 1316 506 1387 ἀνδρῶν
550 1316 763 1384 ἀνόμων
810 1312 977 1375 λίθοις
1020 1310 1376 1381 βαλλομένην,
1422 1308 1489 1376 τῇ
1535 1303 1720 1372 διδαχῇ

153 1410 247 1461 τοῦ
301 1408 583 1472 Ἰωάννους

226 1500 352 1559 Πῶς
397 1499 459 1551 οὐ
514 1496 787 1564 συνῆκας,
828 1492 993 1560 τυφλὲ
1039 1489 1322 1556 πανάθλιε,
1373 1485 1719 1555 ἐσκοτισμένε

159 1588 250 1640 τὸν
271 1587 421 1649 νοῦν,
443 1586 540 1655 τὴν
563 1584 653 1638 ὑπ’
671 1582 896 1652 οὐρανὸν
921 1580 1130 1650 βλέπων
1151 1577 1570 1659 κεκοσμημένην
1590 1575 1724 1643 Χρι-

160 1677 289 1731 στοῦ
321 1679 402 1750 τῷ
431 1676 758 1746 χαρακτῆρι,
783 1672 918 1727 ἀλλὰ
967 1672 1124 1742 μόνος
1164 1669 1318 1739 ἔσχες
1362 1669 1425 1720 τὸ
1472 1666 1724 1735 φρόνημα

155 1771 266 1822 τῶν
309 1769 580 1822 Ἰουδαίων
604 1785 618 1832 ;

1819 567 1943 621 bum
1974 565 2225 620 Ecclesiae
2255 580 2366 619 sua:
2403 563 2672 633 propriam
2705 561 2944 616 restituit
2967 561 3180 615 stolam.

1889 745 2136 802 Hostium
2171 747 2340 801 instar
2380 745 2526 801 acies
2567 753 2885 800 struxerunt
2926 742 3192 798 adversus
3229 742 3384 797 Chri-

1820 839 1888 892 sti
1952 840 2261 910 imaginem,
2324 838 2516 892 eodem
2573 837 2738 892 animi
2798 836 2982 890 l‘urore
3051 835 3271 899 Lezius,
3327 843 3381 888 et

1818 929 2074 996 Joannes,
2115 915 2247 984 socii
2272 930 2458 991 Belial,
2517 927 2824 1000 iniquitatis
2879 929 3058 984 securi
3085 925 3381 982 Ecclesiam

1821 1021 2225 1083 abscindentes.

1890 1108 2024 1174 Quis
2049 1122 2158 1163 non
2187 1108 2492 1177 deplorabit
2518 1123 2773 1179 magnam
2803 1108 3184 1162 haereticorum
3219 1107 3360 1160 auda

1821 1200 1983 1264 ciam,
2032 1201 2329 1269 reSpiciens
2373 1201 2610 1255 divinam
2655 1201 2968 1271 imaginem,
3038 1215 3162 1269 quae
3220 1197 3386 1252 estin

1820 1306 1970 1345 aenea
2008 1299 2164 1360 porta
2203 1292 2411 1361 palatii,
2450 1307 2479 1345 a
2516 1289 2738 1346 nefariis
2772 1290 3089 1345 hominibus
3110 1286 3388 1358 lapidibus

1822 1381 2419 1451 percussam,.loannis
2446 1381 2736 1451 exemplo?

1893 1473 2177 1539 Quomodo
2209 1490 2316 1528 non
2343 1474 2680 1537 intellexisti,
2720 1487 2754 1527 ο
2787 1483 2942 1543 capte
2975 1472 3168 1536 oculis,
3203 1486 3256 1529 et
3285 1475 3388 1529 mi-

1823 1567 2072 1630 serrimo,
2104 1581 2168 1620 ac
2199 1576 2430 1620 mentem
2461 1566 2831 1625 obtenebrate,
2849 1563 3164 1619 universum
3204 1565 3391 1618 orbein

1825 1654 2028 1710 Christi
2053 1656 2367 1710 charactere
2401 1655 2740 1724 insignitum,
2768 1653 2861 1708 sed
2909 1653 3059 1708 solus
3113 1661 3166 1705 tu
3198 1658 3394 1705 nactus

1826 1763 1884 1801 es
1922 1745 2231 1801 Judzeorum
2259 1748 2535 1802 mentem?

228 1863 300 1914 Σὺ
321 1859 597 1920 παντελῶς
620 1857 861 1921 καθελεῖν
893 1855 1145 1925 ἐνόμισας
1171 1852 1280 1905 τῶν
1322 1850 1480 1904 θείων
1527 1849 1720 1919 ἐκκλη-

1894 1838 1974 1892 Τιι
1996 1853 2026 1892 e
2056 1839 2236 1892 medio
2261 1840 2485 1892 omnino
2508 1839 2697 1893 tollere
2726 1839 2909 1892 animo
2930 1837 3185 1907 cogitasti
3203 1851 3270 1890 ex
3301 1834 3391 1888 Dei

162 1951 292 2003 σιῶν
367 1953 470 2018 τὴν
523 1944 882 2017 σαρκολαμπῆ
931 1943 1210 2014 μόρφωσιν
1240 1941 1334 1994 τοῦ
1364 1942 1592 2009 Κυρίου,
1627 1939 1721 1991 καὶ

159 2045 266 2096 τῶν
296 2042 472 2110 ἁγίων
507 2042 720 2094 πάντων
741 2056 756 2069 ·
786 2037 902 2090 ἀλλ’
927 2039 971 2107 η
1011 2035 1127 2089 θεία
1180 2034 1339 2106 χάρις
1381 2031 1594 2086 καθεῑλέ
1627 2047 1721 2084 σου

159 2135 258 2206 τὴν
281 2153 346 2186 τυ
355 2131 598 2203 ραννίδα.

230 2225 311 2276 Τὰ
344 2225 386 2275 ίε
400 2224 468 2294 ρὰ
501 2221 806 2295 τῶνλὰγίων
834 2219 1082 2287 λείψανα,
1120 2217 1211 2269 καὶ
1255 2215 1356 2278 τὰς
1385 2213 1598 2274 εἰκόνας
1623 2212 1725 2264 αὐ-

157 2317 266 2368 τῶν
295 2313 472 2385 Αήζιξ
517 2316 544 2366 ὁ
573 2313 761 2372 δεινὸς,
788 2311 900 2380 ἅμα
921 2309 995 2380 τῷ
1011 2309 1251 2381 Ἰωάννῃ,
1273 2306 1381 2359 οὐδ’
1399 2305 1531 2367 ὅλως
1555 2318 1725 2373 προσ-

160 2404 448 2457 κυνεῖσθαι
524 2403 754 2471 ἔφασκον
789 2399 1024 2469 ἀνόμως,
1083 2398 1130 2450 οἱ
1173 2395 1401 2467 ἀρνηταὶ
1450 2393 1546 2462 τῆς
1572 2392 1726 2443 εὐσε-

169 2495 345 2560 ϐείας.

233 2587 284 2643 0.
330 2583 740 2656 Παντουργικὴν
762 2581 1013 2652 θεαρχὶαν
1033 2580 1294 2644 σέϐοντες,
1316 2581 1373 2631 ὲν
1388 2575 1727 2648 χαρακτῆρσι

161 2676 331 2744 τρισὶ,
388 2674 594 2735 πάντες
644 2670 878 2733 εὐσεϐῶς
898 2710 912 2734 ,
944 2669 1173 2738 ἄναρχον
1206 2667 1296 2718 τὸν
1339 2666 1574 2735 Πατέρα,
1605 2681 1728 2716 συν-

167 2766 402 2836 άναρχον
431 2749 524 2816 τδν
548 2763 739 2831 Λόγον,
772 2762 993 2830 Πνεῦμα
1020 2758 1393 2828 συνεκλάμπον
1419 2756 1729 2825 δοξάσωμεν

166 2858 244 2918 είς
272 2855 402 2917 τοὺς
424 2851 646 2915 αἰῶνας.

199 3026 268 3082 θ’.
288 3026 640 3099 Χριστιανῶν
659 3028 692 3096 ἡ
713 3024 902 3096 βεϐαία
921 3024 1056 3092 γέφυ
1067 3022 1217 3094 ρα,τὺ
1238 3023 1495 3092 καύχημα
1512 3019 1617 3072 τῶν
1645 3036 1734 3072 πι-

168 3119 328 3184 στῶν,
361 3123 459 3174 καὶ
481 3120 764 3188 καταφυγή
787 3134 802 3149 ο
831 3117 1099 3169 Δέσποινα
1116 3115 1366 3178 Θεοτόκε,
1390 3114 1528 3183 αὑτὴ
1551 3113 1728 3182 ὑπάρ-

171 3229 287 3281 χεις
320 3212 482 3282 μόνη,
516 3212 720 3272 πάντας
771 3206 1070 3279 βοηθοῦσα,
1107 3206 1200 3260 καὶ
1249 3205 1494 3269 σώζουσα
1533 3205 1597 3258 ὲκ
1626 3203 1732 3257 τῶν

173 3304 459 3358 κινδύνων.

865 3457 997 3527 om
1027 3455 1104 3508 e'.

249 3588 331 3640 Τὰ
359 3587 510 3656 ἔθνη,
546 3585 866 3656 κροτήσατε·
901 3583 1050 3653 χοροί⁹
1075 3581 1349 3650 Πατέρων,
1369 3580 1656 3634 σπεύσατε⁶
1686 3580 1735 3633 oi

178 3675 414 3746 ἀσκηταὶ
443 3693 504 3728 τε
539 3676 633 3728 καὶ
661 3675 711 3724 οἱ
732 3674 789 3727 ὲν
813 3675 923 3737 τοῖς
949 3673 1119 3744 ὄρεσι,
1150 3672 1445 3725 συνέλθετε·
1477 3671 1660 3741 ἥκετε,
1687 3671 1736 3723 οί

177 3766 501 3838 διωχθέντες
541 3766 706 3820 πάλαι
771 3764 876 3818 ἀπὸ
915 3764 1007 3817 τοῦ
1055 3762 1254 3815 πλάνου
1311 3763 1403 3814 καὶ
1448 3760 1736 3825 δυσσεϐοῦς

191 3858 438 3912 Ἰωάννου
467 3875 481 3889 ·
520 3855 862 3927 στηλιτεῦσαι
925 3855 1024 3918 τὰς
1061 3855 1289 3924 μαγείας
1357 3854 1449 3906 καὶ
1507 3851 1736 3922 μαντεύ-

179 3966 346 4017 ματα.

244 4123 575 4194 Εὺφραίνου,
599 4125 632 4192 ή
655 4121 856 4194 ἔρημος
884 4122 978 4174 καὶ
1008 4119 1295 4190 οἰκουμένη
1314 4119 1518 4181 ἅπασα,
1547 4118 1615 4171 τὰ
1635 4118 1734 4190 δρη

178 4215 377 4278 πάντα,
399 4214 715 4284 γλυκασμὸν
732 4212 1045 4276 σταλάξατε,
1072 4211 1269 4280 βουνοὶ,
1289 4210 1636 4279 ἀγαλλιᾶσθε,
1656 4211 1735 4264 ὅτι

176 4306 427 4374 Χριστὸς,
459 4308 490 4358 ὁ
519 4305 713 4372 Λόγος,
757 4305 978 4375 εἰρήνην
1013 4303 1209 4356 δέδωκε
1261 4305 1373 4365 τοῖς
1430 4303 1488 4355 ὲν
1517 4303 1609 4371 γῇ,
1642 4303 1736 4355 καὶ

175 4401 292 4460 ταῖς
360 4398 536 4461 θείαις
625 4395 970 4465 Ἐκκλησίαις
1043 4396 1140 4465 τὴν
1204 4396 1426 4465 ἑνότητα
1483 4395 1582 4462 τῆς
1648 4394 1737 4447 πί-

178 4505 368 4551 στεως.

244 4579 378 4643 Θεὸς
434 4581 769 4649 ἐκδικήσεων
828 4578 922 4632 νῦν
996 4578 1457 4649 ἐπαρρησιάσατο,
1506 4578 1738 4648 Χριστὸς

184 4668 412 4740 ἐπέστη,
441 4671 705 4740 ἐνισχύων
740 4671 973 4741 σήμερον
1006 4669 1127 4732 τοὺς
1164 4669 1341 4734 θείους
1367 4669 1736 4735 διδασκάλους,

174 4756 230 4807 ὲν
287 4761 578 4832 παρρησία
652 4760 830 4828 λέγειν
915 4765 1014 4829 τὴν
1085 4759 1489 4827 συγκατάϐασιν
1533 4759 1734 4822 αὐτοῦ,

177 4849 270 4901 καὶ⁵
302 4849 401 4920 τὴν
469 4850 743 4920 σάρκωσιν
786 4848 1018 4917 βεϐαίως
1077 4851 1134 4903 ὲν
1180 4849 1347 4903 εἰκόνι
1404 4851 1738 4920 περιγράφε-

179 4939 322 4995 σθαι.

245 5035 584 5108 Μακρόουμε
618 5034 816 5105 Κύριε,
845 5032 919 5096 ὼς
946 5032 1232 5103 θαυμαστὰ
1251 5036 1322 5086 τὰ
1339 5033 1475 5104 ἔργα
1500 5035 1621 5086 soul
1657 5032 1739 5097 τίς

177 5122 474 5200 ἀριθμήσει
497 5127 594 5196 τὴν
618 5126 1026 5196 φιλανθρωπίαν
1056 5143 1149 5178 σου
1178 5142 1191 5189 ;
1218 5126 1340 5189 Πῶς
1363 5126 1572 5196 βλέπων
1597 5141 1739 5177 κτει-

180 5215 437 5283 νομένους
482 5217 564 5270 διὰ
611 5218 710 5286 τὴν
740 5217 839 5285 σὴν
893 5216 1094 5282 εἰκόνα,
1135 5218 1259 5278 τοὺς
1306 5217 1467 5287 ἱερεῖς
1506 5231 1598 5266 σου
1647 5215 1740 5268 καὶ

180 5302 445 5374 ἀσκητὰς,
482 5307 544 5359 οὐ
571 5303 906 5374 κατέφλεξας
935 5307 1059 5369 τοὺς
1086 5305 1339 5369 πλάνους,
1379 5303 1493 5358 ἀλλ’
1510 5303 1739 5374 ἠνέσχου

184 5392 540 5469 ὓὸριζόμενος
567 5415 582 5464 ς

266 5568 323 5622 '0
357 5574 537 5644 πήξας
561 5573 856 5627 ἀσάλευτον
899 5573 996 5644 τὴν
1036 5573 1382 5644 Ἐκκλησίαν,
1414 5573 1605 5644 Κύριε,
1649 5577 1741 5629 καὶ

190 5657 350 5714 πύλαι
382 5663 510 5735 ᾅδου
544 5663 744 5734 ταύτης
793 5663 853 5715 οὐ
903 5664 1252 5734 κατίσχυσαν,
1285 5664 1444 5728 αὐτὸς
1472 5665 1568 5735 τὴν
1589 5667 1741 5737 είρή-

187 5765 282 5821 νην
313 5771 404 5810 σου
464 5756 744 5830 παράσχου
787 5756 860 5826 τῷ
909 5756 1021 5828 λαῷ
1067 5774 1181 5824 σου,
1218 5755 1302 5810 ἵνα
1344 5771 1400 5808 σε
1451 5757 1645 5820 πάντες
1671 5761 1746 5812 εί-

1820 1930 2076 1985 Ecclesiis
2117 1931 2316 1984 Christi
2361 1929 2575 1984 Domini
2623 1929 2915 1999 imaginem
2956 1942 3119 1983 carne
3173 1923 3394 1995 praeful-

1821 2029 2053 2089 gentem,
2085 2031 2138 2074 et
2166 2031 2476 2076 sanctorum
2520 2020 2797 2085 omnium;
2844 2019 2936 2074 sed
2981 2018 3162 2072 divina
3219 2015 3393 2086 gratia

1822 2120 1972 2166 tuam
2002 2112 2343 2182 tyrannidem
2370 2112 2662 2168 destruxit.
3297 2175 3301 2179 γ

1895 2205 2090 2259 Sacras
2117 2213 2430 2260 sanctorum
2453 2205 2740 2274 reliquias,
2769 2213 2826 2259 et
2853 2203 3098 2274 ipsorum
3127 2202 3396 2274 imagines

1824 2296 2017 2351 Lezius
2061 2297 2151 2351 ille
2201 2295 2372 2360 ferus,
2424 2312 2532 2350 una
2590 2311 2716 2350 cmn
2767 2296 2996 2356 Joanne.
3045 2295 3197 2349 nullo
3235 2303 3396 2364 pacto

1824 2391 2184 2455 venerandas,
2222 2390 2386 2458 impie
2420 2389 2778 2455 asserebant,
2808 2396 2866 2441 ut
2908 2388 3129 2458 pietatis
3158 2387 3401 2442 deserto-

1826 2495 1936 2535 res.
1975 2478 2159 2534 Gloria
2192 2478 2362 2532 Patri.

1895 2569 2098 2626 Omnes
2135 2571 2224 2639 pie
2246 2578 2569 2625 venerantes
2613 2567 2705 2624 Dei
2743 2568 3106 2641 majestatem,
3145 2565 3394 2621 omnium

1827 2670 2129 2726 auctorem,
2184 2663 2238 2716 in
2287 2663 2457 2716 tribus
2516 2661 2805 2730 personis,
2870 2659 3081 2714 Patrem
3145 2658 3400 2712 videlicet

1829 2751 2095 2824 principio
2116 2762 2412 2813 carentem,
2428 2761 2481 2805 et
2505 2751 2737 2806 Verbum
2757 2760 3110 2805 coreternum.
3139 2748 3402 2817 Spiritum

1830 2860 2048 2914 quoque
2085 2854 2331 2899 sanctum
2385 2843 2546 2899 simul
2599 2844 2984 2912 praelucentem
3033 2838 3402 2911 gloriﬁcemus

1833 2937 1886 2990 in
1917 2937 2136 2990 saecula.

1904 3026 1949 3082 Ο
1981 3027 2209 3082 Domina
2242 3025 2334 3080 Dei
2362 3024 2629 3090 Genitrix,
2659 3032 2716 3078 tu
2743 3026 2856 3078 sola
2886 3022 3110 3078 exsistis
3138 3019 3404 3075 Christia-

1758 3159 1802 3220 Ο
1837 3137 2030 3174 norum
2063 3135 2200 3189 pons
2235 3135 2480 3181 securus,
2527 3128 2582 3173 et
2625 3114 2860 3180 lidelium
2914 3117 3091 3188 gloria
3118 3125 3283 3186 atque
3314 3131 3403 3170 re-

1842 3213 2065 3282 l'ugimn,
2100 3227 2129 3265 a
2153 3212 2408 3283 periculis
2436 3211 2669 3277 cunctis,
2701 3225 2893 3266 omnes
2921 3209 3187 3280 adjuvans
3243 3217 3406 3277 atque

1841 3305 2092 3359 liberans.

2504 3455 2641 3511 ODA
2676 3455 2768 3510 IX.

1913 3586 2113 3641 Gentes
2153 3601 2365 3652 omnes,
2416 3587 2653 3655 plaudite
2697 3588 2970 3653 manibus,
3017 3602 3068 3644 et
3097 3604 3427 3649 sanctorum.

1843 3677 2062 3734 Patrum
2099 3679 2252 3733 chori
2308 3679 2597 3742 accurrite,
2633 3689 2686 3733 et
2712 3681 2806 3749 qui
2833 3681 3072 3736 claustra
3108 3693 3161 3738 et
3196 3694 3409 3740 montes

1841 3771 2102 3833 incolitis,
2147 3769 2432 3825 convenite
2461 3786 2673 3835 omnes,
2707 3781 2761 3826 et
2789 3773 3048 3839 accedite,
3081 3791 3221 3845 quos
3248 3788 3407 3833 antea

1842 3863 1929 3916 ille
1958 3862 2212 3916 seductor
2238 3870 2293 3915 et
2346 3861 2545 3931 impius
2580 3861 2816 3918 Joannes
2851 3864 3026 3921 fuerat
3067 3880 3405 3937 persecutus,

1841 3959 1901 4005 ut
1954 3965 2045 4004 eas
2109 3951 2344 4020 magicas
2401 3961 2567 4016 artes,
2603 3961 2656 4007 et
2714 3951 2934 4009 fraudes
2972 3957 3326 4024 conculeetis,
3355 3968 3410 4012 et

1841 4040 2149 4113 proﬂigatis.

1910 4131 2137 4194 Laetare,
2163 4149 2377 4187 eremus
2405 4144 2457 4187 ct
2487 4134 2772 4191 universus
2806 4137 2974 4202 orbis,
3003 4149 3217 4194 montes
3244 4140 3406 4194 etiam

1842 4240 2029 4279 omnes
2051 4226 2386 4280 dulcedinem
2428 4227 2647 4291 stillate,
2667 4240 2719 4282 et
2755 4231 2923 4285 valles
2952 4232 3240 4296 exsultate,
3274 4249 3410 4303 quo-

1843 4315 1987 4368 niam
2041 4314 2292 4369 Christus
2344 4315 2435 4369 Dei
2497 4316 2732 4371 Verbum
2793 4335 2981 4388 pacem
3031 4322 3286 4378 omnibus
3327 4337 3410 4379 est

1843 4407 2087 4475 largitus,
2113 4415 2166 4460 et
2198 4408 2399 4461 sanctis
2435 4406 2692 4464 Ecclesiis
2723 4410 2848 4465 ﬁdei
2895 4413 3178 4468 unitatem.

1912 4585 2053 4642 Deus
2084 4586 2349 4640 ultionnm
2378 4603 2520 4642 nunc
2552 4587 2718 4642 libere
2745 4589 2873 4658 egit,
2932 4587 3184 4644 Christus
3214 4590 3407 4659 astitit,

1839 4680 2195 4738 corroborans
2220 4681 2380 4735 hodie
2411 4692 2629 4737 sanctos
2658 4680 2867 4745 Patres,
2894 4683 3087 4752 utejus
3113 4683 3404 4740 adventum

1839 4770 2008 4824 libere
2071 4773 2366 4840 praedicm'e
2418 4774 2654 4836 valeant,
2710 4784 2875 4844 atque
2925 4777 3257 4844 imaginibus
3287 4778 3408 4848 ejus

1842 4860 2274 4915 incarnationem
2302 4861 2610 4932 designare.

1910 5033 2284 5106 Longanimis.
2313 5035 2560 5103 Domine,
2595 5053 2761 5108 quam
2785 5038 3058 5094 mirabilia
3090 5049 3216 5095 sunt
3244 5057 3406 5112 opera

1840 5126 1965 5180 tua!
1998 5127 2123 5197 quis
2152 5136 2294 5181 tuam
2315 5127 2656 5183 clementiam
2687 5130 3032 5185 recensebit‘l
3055 5139 3108 5185 et
3136 5134 3410 5202 quomodo

1842 5218 2060 5272 intuens
2096 5228 2217 5273 tuos
2244 5220 2554 5276 sacerdotes
2588 5231 2642 5276 et
2681 5223 3003 5288 monachos,
3047 5223 3174 5277 dum
3203 5225 3409 5280 interli-

1841 5318 2096 5363 ccrcntur
2137 5321 2354 5379 pmpter
2392 5320 2538 5366 tuam
2589 5314 2904 5384 imaginem,
2941 5316 3258 5372 seductores
3290 5319 3412 5374 illos

1842 5400 1977 5453 tanti
2013 5401 2138 5453 mali
2171 5411 2419 5456 auctores
2453 5421 2560 5458 non
2586 5405 2962 5472 comhussisti,
2989 5407 3084 5461 sed
3119 5417 3297 5464 tantas
3326 5410 3409 5463 in-

1841 5489 2010 5561 jurias
2047 5507 2203 5560 atquo
2233 5493 2399 5547 tulisti
2418 5495 2640 5549 animo?

1914 5579 1958 5635 Ο
2011 5581 2257 5647 Domine,
2306 5586 2396 5654 qui
2459 5586 2757 5644 Ecclesiam
2820 5598 2964 5644 tuam
3024 5591 3409 5647 inconcussam

1845 5675 2187 5744 compegisti,
2219 5685 2277 5729 ut
2308 5686 2478 5746 porta:
2506 5679 2662 5735 inferi
2691 5682 2951 5738 adversus
2971 5697 3089 5737 eam
3119 5685 3406 5753 praevalere

1847 5773 2137 5832 nequeant,
2192 5765 2304 5835 ipse
2344 5782 2530 5837 pacem
2563 5779 2707 5828 tuam
2752 5773 2951 5844 pepulo
2987 5781 3078 5830 tuo
3103 5775 3319 5847 largire,
3353 5787 3410 5830 ut
