3976 6314
595 370 726 432 1779

1768 369 1828 429 S.
1867 365 2257 427 THEODORI
2297 367 2639 426 STUDITE

3699 357 3829 418 173’)

589 491 641 532 te
665 490 851 529 omnes
881 473 1048 529 alacri
1078 475 1279 540 animo,
1317 491 1425 529 uno
1458 490 1551 530 ore
1579 475 1862 529 laudemus
1917 485 1970 529 et
1999 475 2138 528 cele-

2277 473 2516 542 ικρινῶς,
2552 476 2609 524 ὲν
2643 472 2741 550 μιᾷ
2768 469 3042 539 δοξολογίᾳ
3092 465 3492 538 προσκυνῶμεν
3551 468 3648 518 καὶ
3679 469 3832 531 δοξα-

590 571 832 623 bremus.

657 659 953 712 Anathema
986 659 1056 711 sit
1088 658 1214 720 illis,
1247 657 1490 722 Domine,
1515 659 1607 728 qui
1637 657 2162 713 tuaincarnationis

590 749 882 817 imaginem
932 765 1037 802 non
1072 761 1414 810 venerantur,
1461 751 1511 803 in
1546 751 1734 819 primis
1785 763 1912 803 vero
1943 747 2159 810 Joanni,

588 850 643 893 et
663 842 921 904 Antonio,
957 852 1010 894 et
1039 842 1329 895 Theodoro
1361 843 1548 912 impio,
1575 857 1680 895 una
1704 857 1826 895 cum
1859 840 2162 905 Theodoto,

589 941 645 986 et
670 932 802 986 aliis
829 932 952 986 ﬁdei
979 933 1374 988 desertoribus.

661 1105 706 1159 Ο
742 1104 988 1170 Domine,
1025 1107 1117 1175 qui
1167 1106 1426 1175 apostolis
1465 1106 1573 1159 tuis
1602 1120 1790 1174 pacem
1827 1113 1973 1156 tuam
2019 1100 2164 1156 dedi-

593 1199 681 1260 sti,
722 1197 917 1265 largire
971 1199 1134 1250 etiam
1187 1215 1329 1250 nunc
1374 1198 1629 1251 omnibus
1683 1196 2158 1263 tranquillitatem,

593 1297 685 1339 tua
721 1305 882 1342 manu
935 1290 1054 1344 illos
1104 1305 1461 1359 congregans,
1505 1289 1597 1356 qui
1628 1298 1757 1341 sunt
1800 1287 2080 1354 dissipati,
2109 1297 2163 1340 et

592 1391 848 1448 tanquam
876 1398 1002 1436 oves
1029 1383 1334 1442 rationales,
1363 1392 1562 1434 sanctae
1587 1391 1688 1434 tuae
1739 1380 1992 1435 Ecclesia:
2017 1377 2161 1448 gregi

596 1470 718 1522 illos
745 1487 994 1541 aggrega.
1023 1473 1208 1526 Gloria
1247 1475 1412 1528 Patri.

665 1560 927 1616 Deitatem
987 1566 1230 1632 gloriﬁco
1277 1566 1476 1626 Patris.
1525 1577 1579 1621 et
1621 1567 1766 1631 Filii,
1827 1575 1880 1621 et
1929 1567 2162 1633 Spiritus

596 1655 790 1715 sancti,
821 1671 982 1709 unam
1026 1658 1227 1711 scilicet
1275 1669 1521 1712 naturam
1571 1660 1622 1711 in
1673 1660 1845 1712 tribus
1895 1658 2159 1726 personis,

597 1746 888 1798 essentiam
934 1747 1216 1802 indivisam
1263 1753 1558 1818 suppositis
1606 1751 1941 1810 distinctam.
1996 1751 2158 1804 simul

598 1847 938 1903 regnantem,
988 1841 1164 1891 omnia
1210 1839 1518 1902 facientem,
1551 1843 1998 1910 omnipotentem,
2036 1857 2156 1908 per-

600 1927 799 1982 fectum
840 1929 1150 1998 imperium,
1182 1934 1361 1985 omnia
1392 1934 1626 2002 denique
1659 1934 2053 1987 continentem.

678 2015 766 2068 Dei
791 2015 1036 2071 Genitrix
1063 2035 1182 2088 qua:
1200 2024 1441 2074 omnium
1465 2038 1522 2075 cs
1549 2023 1834 2087 auxilium,
1895 2023 2162 2091 rclugium

601 2118 656 2160 ct
683 2111 966 2178 protectio,
999 2114 1243 2176 ostende,
1277 2129 1590 2181 quaesumus
1633 2127 1702 2178 te,
1732 2116 1876 2183 quod
1919 2133 2016 2184 pro
2044 2133 2163 2168 om-

604 2198 767 2253 nibus
795 2201 886 2268 qui
917 2203 982 2253 ad
1011 2211 1060 2254 te
1089 2203 1428 2271 confugiunt,
1467 2205 1611 2257 vales
1653 2205 2001 2266 intercedere,
2025 2206 2168 2258 sicut

605 2307 637 2346 e
680 2302 865 2346 contra
919 2293 1111 2362 impios
1167 2295 1366 2362 rejrcis,
1420 2296 1495 2348 tui
1541 2294 1661 2348 Filii
1697 2297 1953 2363 potentia,
1983 2297 2166 2351 omnia

609 2384 878 2452 siquidem
904 2395 1079 2454 potes,
1118 2394 1175 2438 ut
1209 2386 1327 2456 ejus
1356 2386 1541 2440 Mater.

2265 563 2464 632 ζωμεν.

2345 655 2611 724 Ἀνάθεμα
2654 656 2896 707 ἔστωσαν
2926 656 2972 706 οἱ
3023 653 3094 722 μὴ
3119 651 3408 723 τιμῶντες,

2263 747 2579 816 χαρακτῆρα
2605 748 2701 814 τῆς
2723 746 2822 814 σῆς
2841 746 3236 814 σωματὼσεως,
3267 745 3370 812 πρὸ
3396 745 3625 795 πάντων
3657 745 3834 795 Ἲυαμ

2262 854 2378 906 νης,
2412 837 2525 906 ἅμα
2549 838 2644 888 σὺν
2691 835 2980 904 ⁹Δντωνίῳ,
3015 838 3104 887 καὶ
3128 835 3389 903 Θεοδώρῳ
3434 835 3513 902 τῷ
3557 835 3833 898 δυσσεϐεῖ,

2262 927 2500 997 Θεοδότῳ
2547 928 2640 980 καὶ
2691 929 2801 988 τοῖς
2849 926 3050 990 ἄλλοις,
3104 927 3216 987 τοῖς
3269 923 3574 996 ὰλάστορσι
3616 927 3718 995 τῆς
3753 929 3835 976 πὶ-

3485 653 3718 714 ἐσττοτα,
3748 656 3834 705 τὶν

2265 1037 2454 1082 στεως.

2343 1109 2402 1160 Ὀ
2430 1107 2551 1169 δοὺς
2582 1109 2678 1178 τὴν
2707 1110 2927 1178 εἰρήνην
2950 1125 3041 1160 σου
3060 1109 3168 1168 τοῖς
3191 1107 3533 1171 ἀποστόλοις,
3566 1109 3834 1172 Δέσποτα,

2263 1200 2356 1252 καὶ
2388 1199 2479 1251 νῦν
2505 1201 2785 1270 παράσχου
2823 1201 2919 1268 τὴν
2973 1200 3214 1267 γαλήνην
3262 1197 3459 1261 ἅπασι,
3493 1201 3750 1264 συνάγων
3778 1203 3834 1264 τῇ

2263 1290 2404 1358 χειρί
2438 1306 2551 1354 σου,
2594 1291 2718 1350 τοὺς
2751 1289 3267 1358 διεσκορπισμένους
3294 1303 3308 1315 ⁶
3345 1290 3439 1339 καί
3475 1288 3672 1358 ὥσπερ
3709 1291 3837 1358 πρὸ·

2264 1381 2400 1433 ϐατα
2451 1381 2662 1448 λογικὰ,
2717 1382 3117 1452 συναρίθμησον
3168 1384 3235 1450 τῇ
3271 1380 3502 1450 μάνδραν
3547 1383 3651 1450 τῆς
3683 1383 3838 1448 ἁγίας

2275 1473 2598 1541 Ἐκκλησίας
2627 1490 2738 1524 σου.
2770 1473 2822 1526 0.

2324 1565 2540 1631 Δοξὰζω
2562 1565 2787 1634 Θεότητα
2815 1565 3042 1631 Πατρὸς,
3074 1563 3203 1615 Υἱοῦ
3232 1565 3322 1616 καὶ
3359 1565 3711 1634 Πνεύμειτπς
3750 1568 3838 1634 τὴν

2266 1657 2392 1724 μίαν
2442 1655 2601 1722 φύσιν
2656 1658 2830 1724 τρισὶν
2880 1655 3223 1717 ὑποστάσεσι,
3262 1655 3452 1706 οὐσίαν
3513 1655 3835 1724 ἀμέριστον,

2262 1747 2536 1817 διαιρετὴν
2593 1748 2923 1816 προσώποις,
2995 1747 3400 1814 ὀμοὸασίλειον,
3460 1749 3838 1816 παντοιργὸν,

2275 1839 2570 1906 πανσθενῆ,
2604 1838 2976 1907 τελεταρχίαν,
3023 1841 3118 1908 τὴν
3193 1843 3530 1908 συνέχουσαν
3584 1842 3658 1892 τὰ
3709 1843 3840 1909 σύμ-

2274 1948 2470 1982 παντα.
2499 1929 2563 1982 θ’.

2351 2023 2413 2074 Ἦ
2464 2023 2676 2074 πάντων
2734 2022 2968 2092 βοήθεια,
2999 2025 3091 2076 καὶ
3139 2025 3315 2092 σκέπη
3376 2024 3476 2076 καὶ
3535 2025 3837 2092 ἀντίληῷις.

2267 2114 2456 2178 δεῖξον,
2498 2115 2580 2166 ὅτι
2605 2114 2828 2165 δύνασαι
2866 2116 3184 2184 πρεσϐεύειν
3216 2117 3356 2183 ὑπὲρ
3409 2117 3643 2168 πάντων
3677 2120 3756 2178 εἰς
3791 2120 3842 2168 σὲ

2269 2209 2742 2277 καταφευγόντων,
2791 2211 2882 2261 καὶ
2931 2210 3250 2272 ἀπελαύνεις
3285 2212 3417 2272 τοὺς
3464 2211 3752 2274 δυσσεεείς
3783 2217 3838 2281 τῇ

2268 2301 2490 2368 δυνάμει
2547 2298 2642 2352 τοῦ
2695 2301 2824 2353 Υἱοῦ
2877 2319 3006 2354 σου·
3060 2303 3133 2366 ὡς
3163 2304 3270 2373 γὰρ
3318 2307 3513 2373 μήτηρ
3547 2305 3834 2358 xiv-.135-

2272 2407 2450 2443 νασαι.

621 2595 3830 2618 Mm

2225 2608 3830 2618 ,,_____________

1378 2774 1496 2886 S.
1594 2776 2320 2889 THEODORI
2403 2774 3070 2887 STUDITJE

1084 3011 1495 3100 IAMBI
1572 3003 1735 3097 DE
1805 3009 2288 3099 VARIIS
2384 3005 3354 3099 ARGUMENTIS.

664 3361 1063 3442 Sanetinl’atria
1092 3365 1260 3442 nostri
1287 3363 1673 3442 “confessoris
1708 3361 1962 3414 Theodori
1987 3376 2161 3442 pra'po

2310 3360 2422 3413 Τοῦ
2451 3365 2624 3442 ὁσίου
2643 3361 2877 3442 Πατρός
2909 3360 3075 3442 ᾐμῶζρ
3105 3358 3203 3442 καὶ
3219 3360 3616 3442 ομοξογνηξοῦ
3645 3362 3842 3442 ξεί-ρώ-

722 3433 814 3484 siti
851 3431 1188 3486 Studitarum
1223 3434 1395 3487 Iambi
1445 3435 1506 3486 de
1534 3433 1693 3485 variis
1727 3433 2068 3498 argumentis.

2353 3449 2468 3498 ρου
2508 3433 2839 3501 ἡγουμένου
2868 3431 2986 3484 τῶν
3013 3431 3323 3494 Στουδίου,
3357 3431 3598 3499 ἰαμϐοι
3627 3434 3713 3495 εις
3733 3432 3842 3482 δια-

2349 3503 2569 3570 φόρους
2596 3504 2930 3565 ὑποθέσεις.

1963 3606 2241 3674 (διευιοΝι).
2277 3626 2330 3680 p.
2374 3611 2519 3679 597.)

831 3727 1015 3784 l.—In
1052 3726 1301 3794 reliquias
1332 3733 1634 3775 sanctorum
1665 3729 1976 3786 martyrum.

694 3824 845 3875 Diam
879 3821 934 3872 in
981 3817 1220 3886 reliquiis
1249 3817 1555 3869 allluentem
1591 3813 1819 3881 gratiam
1855 3851 1871 3875 ,

620 3913 1060 3971 Haemorrhoissae
1089 3909 1376 3980 quilidem
1410 3908 1560 3969 feret,
1603 3905 1828 3959 auferet.

620 4007 757 4061 Nam
801 4004 892 4072 qui
927 4005 1025 4054 has
1075 4001 1328 4067 tetigerit,
1367 3999 1509 4053 sicut
1545 3999 1628 4051 illa
1673 3997 1963 4057 ﬁmbriam,

618 4099 861 4167 Corpore
907 4093 1132 4147 validior
1159 4093 1266 4155 lict,
1313 4092 1493 4143 anima
1538 4094 1798 4144 sanctior.

969 4187 1030 4239 Il.
1083 4214 1134 4225 —
1171 4183 1235 4236 In
1257 4183 1445 4236 cellam
1473 4182 1650 4236 Patris
1682 4184 1864 4234 nostri.

619 4281 727 4340 Me,
761 4277 917 4340 cella,
951 4278 1091 4345 luge,
1143 4290 1357 4342 segnem
1389 4273 1592 4327 habens
1614 4274 1944 4342 Operarium,

617 4372 798 4424 linum
840 4371 977 4422 inter
1001 4383 1214 4429 omnes,
1238 4379 1372 4434 quos
1403 4365 1606 4428 tulisti,
1634 4365 1952 4433 pessimum.

619 4463 738 4515 Non
767 4476 866 4528 ego
888 4474 1107 4528 precum
1149 4466 1200 4510 te
1235 4457 1545 4509 condecoro
1576 4456 1802 4523 lumine,

619 4549 731 4604 Nec
757 4546 1094 4616 pinguelacio
1123 4545 1482 4613 lacrymarum
1516 4543 1726 4606 rivulis,

620 4640 732 4692 Nec
764 4652 934 4706 purgo
961 4635 1195 4702 denique
1233 4633 1497 4687 castitatis
1531 4634 1797 4688 moribus.

623 4735 694 4784 At
722 4739 777 4782 tu
807 4726 1049 4780 omnium
1092 4725 1204 4785 lux,
1229 4731 1282 4776 et
1312 4726 1479 4786 salus,
1507 4738 1682 4776 rerum
1733 4735 1900 4790 sator,

627 4820 725 4873 Tui
758 4820 822 4872 ad
857 4819 1104 4871 timorem
1135 4815 1472 4885 expergefac,
1505 4817 1798 4870 exsuscita.

622 4914 837 4972 Annue,
871 4909 936 4961 ad
968 4925 1204 4962 amorem
1241 4908 1521 4961 charitatis
1555 4918 1612 4961 ut
1635 4917 1738 4961 tua:

626 5001 929 5054 Subvectus
966 4999 1064 5052 alis
1096 4999 1302 5051 evolem
1334 4999 1560 5053 allectus
1601 5016 1792 5068 supra,

626 5086 763 5140 llum
804 5096 950 5139 recte
999 5085 1188 5154 agendi
1243 5098 1457 5154 tempus
1519 5103 1691 5154 usque
1739 5092 2007 5156 suppetit:

627 5176 698 5229 Ut
729 5175 1026 5245 gratiarum
1077 5175 1304 5242 gloriam
1339 5185 1393 5228 et
1423 5177 1634 5229 laudent
1685 5178 1907 5232 oll'eratn

625 5266 768 5330 Tibi,
801 5266 891 5334 qui
925 5267 1154 5318 salutem
1198 5267 1538 5334 concupiscis
1580 5269 1845 5324 omnium.

1083 5352 1240 5406 ΙΙΙ.--
1271 5354 1335 5405 1η
1366 5360 1718 5410 renuntiantes
1738 5397 1751 5410 .

627 5443 842 5504 Procul,
868 5459 900 5496 o
929 5440 1121 5496 doloso
1154 5442 1483 5512 refugiamus
1515 5448 1736 5511 saeculo,

626 5533 874 5588 Christus
910 5542 1086 5600 vocat,
1125 5550 1494 5604 properemus,
1527 5537 1639 5593 hac
1660 5549 1770 5594 tuta
1800 5542 1978 5595 estvia
2000 5581 2014 5606 ,

2353 3725 2431 3776 A’.
2455 3752 2525 3764 -ο
2549 3725 2650 3789 Εἰς
2685 3724 2756 3777 τὰ
2787 3727 3048 3792 λείψανα
3075 3728 3190 3781 τῶν
3217 3728 3405 3795 ἁγίων
3433 3729 3777 3796 μαρτύρων.

2284 3815 2451 3882 Χάριν
2487 3815 2756 3885 βρύουσαν
2787 3817 2934 3870 Θείαν
2961 3821 3018 3870 ὲν
3047 3821 3156 3882 τοῖς
3180 3819 3458 3887 λειψάνοις

2285 3907 2396 3969 Πᾶς
2428 3925 2508 3970 τις
2536 3908 2750 3978 συλήσει
2785 3911 2965 3963 πίστιν
2991 3911 3252 3981 αἱμόρρου
3283 3911 3490 3978 φέρων.

2283 3996 2482 4050 Ψαύων
2511 4000 2616 4068 γὰρ
2643 4001 2840 4066 αὐτῶν,
2878 4003 2952 4064 ὡς
2983 4004 3164 4072 ἐκείνη
3193 4003 3530 4072 κρασπέδου,

2293 4086 2513 4139 Ῥὡσειε
2550 4088 2726 4158 σῶμα,
2760 4091 2850 4141 καὶ
2874 4092 3048 4160 ψυχὴν
3077 4093 3313 4156 ἁγιάσει.

2419 4183 2686 4247 Β’.-Εὶς
2713 4182 2825 4250 τὴν
2847 4184 3076 4237 κέλνιαν
3103 4184 3210 4236 τοῦ
3243 4184 3476 4251 Πατρός
3509 4186 3705 4253 ἡμῶν.

2281 4272 2477 4341 Θρήνει
2511 4291 2598 4344 με,
2635 4273 2814 4348 κέλλα,
2847 4275 3048 4344 σχοῦσα
3070 4275 3270 4345 νωθρὸν
3297 4276 3563 4345 ἐργάτην,

2283 4364 2458 4418 Μόνον
2493 4365 2748 4417 κάκιστον
2772 4359 2950 4434 ὦνπερ
2977 4366 3131 4434 ἔσχες
3160 4367 3461 4436 κτητόρων.

2283 4456 2356 4507 Ού
2384 4454 2682 4525 λαμπρύνω
2713 4473 2772 4508 σε
2799 4456 2906 4508 τῶν
2937 4457 3250 4527 προσευχῶν
3275 4458 3354 4527 τῷ
3385 4457 3534 4525 φάει-

2283 4549 2358 4600 Ού
2387 4548 2450 4617 δὴ
2479 4551 2676 4602 πιαίνω
2704 4553 2768 4620 τῇ
2924 4551 3030 4603 τῶν
3058 4551 3305 4618 δακρύων
3330 4591 3345 4616 ,

2284 4641 2406 4692 Οὐδ’
2437 4636 2501 4692 αὖ
2529 4641 2772 4710 καθαίρω
2797 4643 2892 4709 τῆς
2926 4641 3145 4707 ἁγνείας
3171 4645 3279 4704 τοῖς
3312 4643 3565 4712 τρόποις.

2297 4729 2434 4780 Ἀλλ’
2461 4725 2551 4782 οὖν
2581 4732 2643 4782 σὺ
2667 4771 2681 4792 ,
2719 4732 2920 4800 Σῶτερ,
2955 4732 3182 4793 Κτίστα,
3213 4732 3441 4801 Φωστὴρ
3469 4733 3582 4786 τῶν
3609 4735 3757 4796 ὅλων,

2289 4811 2568 4888 Ἐγειρον,’
2596 4819 2882 4883 ἐξύπνισον
2911 4823 2988 4883 είς
3013 4821 3101 4873 τὸν
3130 4822 3218 4873 σὸν
3252 4822 3415 4887 φόϐον
3440 4844 3454 4856 ·

2288 4908 2628 4977 Πρόσγευσον
2650 4912 2674 4938 ⁸
2705 4911 2780 4972 εἰς
2811 4911 2988 4980 ἔρωτα
3013 4912 3110 4978 τῆς
3137 4909 3234 4977 σῆς
3259 4911 3505 4981 ἀγάπης,

2213 4983 2259 5036 Ῐ)
2287 4998 2570 5068 Πτὲρωσον
2595 5000 2826 5070 ἀρθῆναι
2857 5018 2924 5069 με
2953 5000 3058 5053 τῶν
3086 5001 3272 5053 παθῶν
3302 5003 3417 5056 ἄνω
3436 5044 3454 5069 ,

2286 5089 2429 5151 Ἕως
2454 5091 2684 5157 πάρεστι
2709 5092 2898 5162 καιρὸς
2924 5093 3001 5154 εἰς
3033 5092 3330 5161 εὐπραξίαν
3352 5109 3368 5122 '

2286 5181 2400 5232 ’Ὶνα
2433 5183 2702 5251 προσοίσω
2735 5185 2888 5249 δόξαν
2917 5185 3262 5254 εὐχαριστίαν

2286 5270 2373 5322 Σοὶ
2406 5271 2481 5340 τῷ
2514 5272 2719 5325 θέλοντι
2745 5276 2877 5326 πᾶσι
2902 5275 2998 5344 τὴν
3035 5277 3330 5344 σωτηρίαν.

2622 5363 2694 5416 1".
2725 5394 2792 5405 —-
2815 5367 2858 5417 Ε
2864 5369 2918 5428 ις
2945 5366 3510 5437 ἀποτασσομένους.

2294 5452 2514 5522 ’Ἄνδρες
2555 5453 2755 5524 βροτοὶ,
2783 5456 3040 5525 φύγωμεν
3072 5459 3133 5509 ἐκ
3164 5459 3374 5529 κόσμου
3404 5465 3642 5531 πλάνου,

2288 5545 2518 5613 Χριστὸς
2543 5547 2714 5612 καλεῖ,
2737 5547 3030 5619 δράμωμεν
3052 5565 3066 5580 ·
3101 5549 3333 5616 εὖπλους
3359 5556 3471 5628 γὰρ
3505 5558 3645 5628 βίος,

1893 5653 2116 5710 VARUS
2156 5655 2549 5718 LECTIONES.

701 5785 725 5810 α
759 5771 828 5824 al.
868 5773 1215 5836 πρόσνευσον.
