3976 6314
130 319 278 386 1-781

121 430 352 500 Ζάλης,
397 428 698 499 μεριμνῶν
729 427 819 481 καὶ
853 429 1096 498 στροφῶν
1127 429 1446 499 ὑπερπλέων

119 521 380 590 Φροντὶς
412 522 540 589 ’γὰρ
564 519 700 589 αὕτη
724 520 802 590 τῷ
825 526 1061 592 μοναστῇ
1090 525 1183 575 καὶ
1213 524 1391 592 μόνον,

120 612 347 679 Τυχεῖν
384 609 618 663 ἐκείνου
643 609 736 660 τοῦ
766 609 998 679 γαληνοῦ
1032 611 1271 680 λιμένος,

134 703 232 753 Ἐν
269 695 320 767 ᾧ
354 702 663 754 πέπαυται
695 699 802 754 τῶν
827 701 1085 772 λυπηρῶν
1111 705 1219 764 πᾶς
1251 703 1431 766 πόνος.

121 794 195 844 ’Ὼ
225 791 364 854 πῶς
399 793 698 861 πάνυμνος
724 794 751 845 ὁ
782 793 929 857 ξένος
954 794 1156 846 τούτων
1194 794 1305 863 βίος
1341 797 1352 847 l

118 883 244 934 Καὶ
283 882 382 944 τίς
418 883 696 952 φρόνιμος
723 883 1150 953 ’πραγματευτὴς
1175 882 1464 952 κερδάνων,

123 976 232 1039 ’⁸ος
261 975 451 1028 πάντ’
493 976 654 1044 ἀφεὶς
684 976 855 1028 ἕλοιτο
879 975 968 1028 τὸν
1003 975 1234 1045 σταυρὸν
1262 976 1476 1046 φέρειν;

616 1070 688 1122 Δ’.
718 1097 788 1109 -
807 1070 909 1133 Εἰς
945 1070 1301 1138 ἡγούμενον.

118 1152 392 1228 Οἴόνπερ
432 1156 576 1225 ὕψος
608 1157 705 1223 τῆς
733 1159 1024 1228 προεδρίας
1057 1159 1289 1228 βλέπων,

119 1248 274 1300 Κατ’
319 1247 505 1312 ἀξίαν
535 1246 829 1316 πρόσὸαινε
855 1249 931 1318 τῷ
966 1247 1160 1318 βαθμῴ
1197 1250 1429 1319 τρέμων.

120 1339 304 1390 Εἵλου
338 1338 471 1407 γὰρ
505 1336 664 1407 ἔργον
694 1339 952 1392 κινδύνων
979 1339 1191 1392 πολλῶν
1218 1340 1409 1408 γέμον,

123 1427 365 1494 Πολλῆς
412 1427 716 1496 μερίμνης,
742 1427 862 1480 οὐδὲ
893 1430 1095 1498 μικρᾶς
1119 1429 1418 1499 φροντίδος.

121 1519 377 1580 Σκόπει,
416 1517 712 1588 προμηθοῦ
746 1520 1035 1590 γρηγόρως
1068 1518 1159 1583 οὓς
1185 1519 1424 1588 ἐξάγεις,

119 1612 224 1680 Μή
268 1627 378 1662 σου
425 1609 638 1680 συληθῇ
671 1609 892 1680 θρέμμα
925 1628 1039 1673 πως
1070 1611 1294 1684 ἀπειρίᾳ
1321 1627 1336 1642 ⁸

124 1705 361 1757 Σαυτὸν
388 1703 666 1766 τεθεικὼς
701 1706 780 1768 είς
813 1705 992 1758 καλῶν
1025 1705 1201 1775 ἔργων
1234 1705 1424 1761 τύπον.

125 1794 282 1864 Εἴσῃ
319 1793 450 1863 γὰρ
487 1792 660 1854 εἰδὼς,
696 1793 770 1856 ὡς
801 1793 1020 1861 ὑφέξεις
1051 1795 1143 1846 τὸν
1174 1793 1351 1862 λόγον,

125 1887 322 1938 ’Ὅταν
353 1883 615 1954 καθεσθῇ
647 1884 876 1953 Χριστὸς
908 1885 988 1948 είς
1014 1886 1230 1939 πάντων
1254 1886 1456 1955 κρίσιν.

578 1975 652 2027 Ε’.
680 2001 751 2014 -—
779 1977 884 2040 Εἰς
913 1977 1344 2030 ὑποτακτικόν.

126 2066 303 2136 Δεῦρ’
337 2065 503 2126 ἐλθὲ,
535 2065 736 2131 πύκτα,
769 2064 927 2136 δεῦρό
956 2085 1044 2137 μοι
1077 2067 1233 2139 στῆθι
1261 2067 1420 2132 ζέων,

125 2159 283 2222 Τοὺς
318 2156 575 2226 αὐχένας
601 2173 694 2210 σου
722 2156 902 2211 κλῖνον
934 2159 1266 2228 εὐεπηκόως,

128 2250 310 2313 Ὄλος
345 2248 637 2311 ταπεινὸς,
663 2249 852 2318 νεκρὸς
885 2246 958 2299 ὢν
993 2251 1048 2300 ὲν
1074 2249 1150 2317 τῷ
1185 2248 1356 2302 θέλειν
1379 2266 1394 2282 ⁸

127 2343 258 2394 Πᾶν
300 2341 615 2409 ἐνθύμημα
646 2338 894 2409 φανερῶν
920 2339 1019 2409 τῆς
1051 2339 1297 2410 καρδίας,

145 2433 244 2495 Ὧς
276 2432 350 2485 ἂν
382 2430 611 2491 τελείως
638 2429 881 2500 ὲμμένῃς
905 2428 982 2500 τῷ
1013 2429 1230 2500 σταδίῳ.

130 2523 232 2589 Μή
269 2521 323 2573 σ’
356 2520 672 2588 ὲκφοϐείτω
708 2521 832 2589 μήτ’
855 2519 1080 2591 ἔρημος,
1117 2521 1191 2591 μὴ
1220 2521 1431 2586 στύλος,

125 2613 289 2681 Μήτ’
323 2609 471 2664 ἄλλο
499 2609 688 2678 τάγμα
713 2609 820 2662 τῶν
852 2608 1161 2680 θεοδρόμων
1193 2609 1343 2680 βίων.

134 2701 438 2772 Προῦχεις
470 2700 742 2763 ἁπάντων,
769 2700 844 2763 ὠς
874 2699 1192 2770 θεογράφως
1220 2700 1352 2772 ἔχει⁸

133 2795 180 2845 Τ
187 2794 254 2846 οῦ
295 2793 609 2864 μαρτύρων
633 2790 851 2859 πρώτου
886 2792 994 2862 γὰρ
1023 2792 1174 2844 οὐδὸν
1203 2792 1406 2856 ἀνύεις.

384 2888 483 2950 G".
514 2915 583 2925 —
610 2885 715 2949 Εἰς
740 2884 848 2936 τὸν
867 2883 938 2938 τὰ
965 2883 1214 2952 δεύτερα
1233 2884 1516 2953 φέροντα.

134 2975 367 3043 Μωσῆς
405 2975 504 3043 μὲν
539 2973 740 3042 ἅρχων,
771 2973 1009 3043 Ναυῖδης
1031 2973 1088 3025 δὲ
1120 2974 1378 3040 συνθέων,

138 3066 336 3130 Εὐθὺς
372 3066 497 3135 μετ’
526 3065 708 3132 αὑτὸν,
727 3064 801 3128 ὡς
831 3066 1184 3136 παραστάτης
1219 3065 1381 3131 ξένος.

137 3162 261 3214 Καὶ
295 3163 368 3214 σὺ
405 3160 696 3231 πρόσωπον
720 3160 968 3230 δεύτερον
999 3161 1183 3214 στάσει
1214 3161 1412 3225 πέλων,

141 3255 280 3317 Πῶς
305 3254 416 3322 τὴν
449 3252 787 3322 ἀδελφότητα
815 3255 1163 3324 συγκρατεῐς,
1193 3253 1384 3306 σκόπει
1405 3269 1420 3284 ⁸

156 3346 367 3414 Ἡγοῦ,
398 3343 672 3413 καθηγοῦ,
701 3344 794 3396 καὶ
825 3343 1154 3406 συνασπίζου
1184 3344 1343 3415 τόνῳ,

143 3438 478 3509 Είρηνικῶς
516 3453 596 3500 τε,
627 3435 949 3506 συμπαθῶς,
986 3436 1080 3488 καὶ
1111 3437 1350 3505 πραέως,

142 3531 387 3599 Νόμους
417 3528 702 3598 φυλάττων
730 3528 793 3578 ἐκ
818 3526 952 3579 Θεοῦ
982 3527 1104 3590 τοὺς
1133 3528 1437 3596 κειμένους,

144 3621 332 3691 Κρίσε
346 3639 396 3684 ις
430 3621 652 3681 δικαίας
671 3618 918 3688 ἐκφέρων
947 3618 1310 3688 άπροσκόπως
1332 3635 1348 3651 ⁸

145 3714 272 3765 Νῦν
308 3714 417 3782 μὲν
453 3710 734 3779 συναλγῶν
763 3712 873 3773 τοῖς
911 3709 1208 3779 κάμνουσιν
1237 3712 1300 3764 ὲκ
1333 3709 1559 3773 πάθους,

150 3805 274 3856 Νῦν
307 3806 368 3856 δὲ
409 3803 704 3873 προθυμῶν
740 3803 867 3865 τοὺς
894 3801 1185 3872 τρέχοντας
1212 3803 1275 3854 ὲκ
1306 3802 1473 3855 πόθου
1497 3818 1513 3832 ⁸

153 3898 254 3948 ”1ν’
289 3895 537 3964 ἀξιωθῇς
573 3894 794 3963 ἐννόμου
819 3893 1148 3964 δημαρχίας,

164 3989 256 4052 Ὠς
289 3990 463 4051 αὐτὸς
493 3987 636 4051 ἄξων
667 3987 757 4038 τὸν
786 3985 921 4038 λεὼν
947 3986 1040 4039 τοῦ
1064 3986 1293 4056 Κυρίου.

561 4075 634 4129 Z’.
659 4077 727 4115 '—
753 4077 853 4140 Είς
879 4075 985 4128 τὸν
1009 4077 1345 4145 οἰκονόμον.

159 4173 376 4241 Ἔργον
411 4168 710 4236 Στεφάνου,
740 4166 833 4219 τοῦ
867 4167 1094 4236 στέφους
1125 4168 1232 4221 τῶν
1269 4167 1578 4238 μαρτύρων,

154 4261 386 4330 Λαχὼν,
421 4260 682 4328 ἐπάρχειν
711 4259 790 4320 εἰς
815 4256 874 4308 τὸ
903 4258 998 4320 τὰς
1023 4257 1210 4328 χρείας
1241 4259 1451 4327 νέμειν,

155 4354 241 4422 Τῇ
275 4349 670 4421 Χριστολέκτῳ
698 4348 805 4400 τῶν
835 4347 1078 4416 ἀδελφῶν
1111 4347 1312 4418 πληθύῖ
1332 4363 1346 4377 ⁸

155 4443 318 4494 Δίδου
353 4441 554 4502 κόπους
590 4456 683 4491 σου
710 4438 786 4508 τῷ
815 4439 930 4508 Θεῷ
958 4439 1298 4509 καθημέραν,

157 4532 366 4602 Τηρῶν
400 4531 630 4584 ἕκαστον
651 4529 725 4592 ὡς
753 4529 909 4600 μέλος
944 4529 1034 4582 σὺν
1060 4532 1308 4599 ὲμπόνως
1330 4545 1345 4561 ⁸

158 4625 234 4674 Οὐ
269 4623 385 4692 γάρ
414 4621 596 4690 σχέσει
633 4620 740 4685 τδν,
766 4621 857 4673 τὸν
885 4619 940 4672 δὲ
967 4620 1110 4689 μίσει
1139 4623 1231 4673 καὶ
1256 4619 1453 4690 φθόνῳ,

156 4712 395 4764 Πάντων
423 4710 467 4762 δ’
493 4710 692 4779 ὁμοίως
714 4710 1072 4780 προσϐλέπων
1095 4711 1156 4762 τὸ
1178 4712 1476 4782 συμφέρον,

178 4801 266 4863 Ὡς
309 4804 386 4872 μὴ
419 4801 687 4854 κινεῖσθαι
719 4802 806 4853 τόν
832 4819 954 4855 τινα
979 4801 1114 4870 πρὸς
1148 4801 1184 4855 ἃ
1208 4801 1381 4872 χρεών
1402 4819 1416 4834 ⁸

170 4892 316 4944 Ἀλλ’
346 4892 409 4956 ἐξ
440 4892 634 4946 ἑαυτοῦ
662 4893 722 4945 τὸ
747 4893 1022 4962 προσῆκον
1050 4893 1343 4963 είσφέροις.

170 4982 262 5046 Ὠς
287 4983 355 5036 ἂν
383 4984 699 5052 πρεπόντως
728 4984 960 5036 ἐκτελῶν
987 5001 1079 5036 σου
1107 4986 1198 5037 τὸν
1220 4986 1439 5056 δρόμον,

172 5075 572 5146 Ἀπροσκόπως
603 5093 682 5141 τε,
719 5075 1050 5139 πανσθενῶς,
1091 5075 1415 5148 θεοφρόνως,

164 5165 269 5218 Τὸν
305 5167 497 5238 μισθὸν
525 5165 704 5236 εὕροις
735 5163 917 5236 ἧσπερ
947 5167 1072 5220 εἵλω
1102 5169 1396 5238 φροντίδος.

434 5256 515 5310 H'.
534 5287 604 5296 —
627 5255 728 5321 Εἰς
757 5255 897 5321 τοὺς
920 5256 1458 5329 ἑπιστημονάρχας.

166 5348 229 5399 Oi.
259 5350 360 5419 τῆς
389 5350 747 5419 ἁδελφότητος
775 5348 1136 5418 ἐξειληφότες,

166 5440 364 5509 Κρίσιν
393 5459 449 5495 τε
484 5442 706 5512 κρίνειν,
739 5443 834 5494 καὶ
872 5443 1075 5496 δίκαιον
1104 5441 1337 5510 ἐξάγειν,

165 5529 257 5599 Μὴ
283 5531 348 5601 δὴ
374 5531 495 5583 κατ’
525 5531 643 5600 ὄψιν
667 5532 912 5600 ὲξάγοιτε
943 5533 1042 5595 τὰς
1066 5532 1258 5600 φάσεις
1281 5549 1294 5562 ⁸

167 5620 256 5689 Μὴ
289 5623 653 5693 προσπαθείᾳ,
682 5625 814 5694 μηδὲ
844 5624 1061 5695 μήνιδος
1087 5624 1267 5693 χάριν,

169 5710 261 5781 Μὴ
288 5714 582 5787 προσφιλεῖ
605 5731 684 5779 τε,
719 5716 840 5787 μηδ’
873 5715 1098 5788 ἀπεχθεϊ
1117 5715 1315 5788 καρδίᾳ
1339 5733 1354 5750 ⁸

1700 323 1933 386 ΙΑΜΒΙ.
3275 324 3408 388 1782

1776 443 1819 493 Α
1849 433 2034 498 Curis,
2063 433 2336 503 procellis,
2363 432 2644 489 fraudibus
2689 444 3066 503 supernatans.

1845 523 1976 578 Nam
2017 539 2148 578 cura
2173 525 2440 579 monacho
2472 527 2685 580 residua
2711 535 2793 581 est
2815 526 2928 580 haec
2983 528 3168 592 unica,

1843 617 2064 671 Portum
2093 618 2289 687 quietis
2339 619 2556 672 tandem
2593 619 2659 672 ad
2696 619 2846 672 illum
2888 617 3182 688 appellere,

1847 708 1947 762 Ubi
1979 707 2132 761 labor
2159 708 2336 762 omnis
2381 719 2435 764 et
2466 709 2730 765 molestiaa
2791 711 2969 765 silent.

1843 797 2104 868 Ubijugis
2133 799 2388 870 hymnus,
2419 802 2636 871 vitaque
2669 802 2752 856 his
2786 818 2978 859 carens
3017 805 3193 859 malis.

1842 888 2156 960 Negotiator
2183 905 2312 959 ergo
2342 893 2464 961 quis
2504 893 2745 961 prudens
2768 894 2891 954 erit.

1842 985 1946 1052 Qui
1978 985 2248 1041 derelictis
2279 988 2533 1042 omnibus
2569 988 2723 1043 tollat
2744 1004 2961 1044 crucem
2997 989 3020 1042 τ

2189 1076 2280 1132 IV.
2310 1108 2382 1118 —
2425 1078 2493 1133 In
2520 1083 2877 1150 prapositum.

1841 1169 2115 1235 Quantum
2145 1173 2381 1239 regentis
2413 1171 2484 1225 sit
2516 1187 2796 1236 cacumen,
2839 1173 3148 1243 pervidens,

1843 1260 2256 1317 Tremebundus
2285 1264 2459 1327 illum,
2497 1280 2596 1319 ceu
2620 1266 2792 1332 decet,
2817 1269 3041 1337 gradum
3069 1281 3210 1340 pete.

1842 1352 2012 1408 Vario
2029 1354 2218 1409 subisti
2252 1356 2468 1423 plenum
2493 1371 2632 1426 Opus
2669 1358 3007 1425 discrimine,

1841 1445 2159 1516 Magnisque
2200 1447 2369 1513 curis,
2415 1449 2771 1518 plurimisque
2805 1453 3121 1520 angoribus.

1843 1535 2137 1605 Vigilanter
2165 1537 2328 1601 insta,
2375 1555 2514 1608 quos
2539 1541 2679 1608 regis
2716 1542 3094 1612 circumspice,

1843 1625 2000 1681 Nulla
2053 1637 2110 1681 ut
2138 1629 2254 1681 ovis
2294 1645 2524 1699 usquam
2555 1632 2649 1685 tibi
2684 1643 2871 1702 pereat
2902 1634 3118 1704 ignavia
3159 1655 3171 1690 :

1846 1718 1990 1773 [)ans
2013 1720 2192 1786 Operis
2223 1720 2278 1775 in
2338 1731 2388 1776 te
2410 1724 2685 1792 specimen
2719 1734 2772 1779 et
2801 1725 3031 1781 formam
3066 1729 3211 1782 boni.

1773 1784 1814 1839 Β
1842 1784 2132 1864 Reddenda
2169 1812 2306 1866 ratio
2333 1820 2387 1868 te
2415 1784 2596 1870 manet
2617 1817 2834 1886 quippe,
2855 1828 2911 1871 ut
2938 1820 3076 1874 scies

1841 1899 2089 1957 Christus
2125 1903 2213 1956 ubi
2242 1903 2410 1974 judex
2458 1908 2699 1961 omnium
2727 1910 3056 1965 consederit.

2368 1993 2504 2052 V.——
2533 1994 2600 2053 In
2631 1997 2923 2054 subditum.

1840 2080 2002 2147 Ades,
2039 2083 2206 2153 pugil,
2238 2085 2367 2140 ades
2392 2084 2612 2142 fervidis
2638 2091 2778 2144 votis
2815 2091 3047 2159 ﬂagrans
3083 2110 3095 2144 :

1840 2173 2295 2245 Obtemperantes
2328 2177 2497 2233 subde
2519 2181 2760 2234 cervices
2796 2182 2950 2252 jugo,

1840 2264 2010 2320 Totus
2038 2267 2283 2332 humilis,
2306 2276 2456 2324 totus
2484 2270 2699 2325 volendi
2742 2274 3004 2346 nescius:

1840 2356 1905 2411 Et
1928 2359 2196 2428 cogitatus
2241 2362 2422 2415 cordis
2465 2377 2657 2417 omnes
2723 2366 2983 2434 eXplica,

1839 2447 2010 2515 Quam
2049 2467 2141 2518 par
2184 2452 2381 2519 labori,
2423 2455 2808 2523 quamlibens,
2843 2460 3077 2513 stadium
3097 2470 3263 2516 teras.

1837 2538 1953 2594 Non
1982 2550 2032 2594 te
2050 2542 2327 2604 columna,
2359 2559 2466 2597 non
2500 2561 2718 2601 eremus
2753 2557 2974 2613 terreat,

1837 2631 1954 2685 Non
1981 2633 2080 2685 alia
2110 2634 2232 2686 vita:
2265 2633 2460 2701 forma,
2503 2639 2754 2706 quamvis
2783 2656 3013 2711 aspera),

1816 2723 2105 2779 'Tuvincis
2137 2740 2346 2791 omnes,
2374 2726 2588 2784 Littera:
2616 2740 2674 2784 ut
2709 2748 2877 2787 sacrae
2909 2734 3123 2801 dOcent,

1839 2815 1992 2870 Viam
2021 2819 2259 2887 supremi
2287 2830 2584 2892 martyrum
2611 2825 2765 2881 ducis
2789 2835 3000 2883 tenens.

2096 2907 2273 2963 VL—
2302 2909 2368 2964 In
2399 2929 2517 2966 eum
2547 2916 2638 2985 qui
2663 2918 2918 2972 secundas
2945 2920 3158 2975 obtinet.

1838 2999 2075 3070 Regente
2104 3001 2267 3067 Mose,
2293 3001 2524 3060 Navides
2545 3006 2730 3062 aderat
2758 3024 2967 3076 comes,

1764 3129 1809 3191 Ο
1842 3088 2128 3146 Proximus
2181 3092 2251 3146 ab
2299 3092 2411 3154 illo,
2452 3109 2549 3148 ceu
2583 3111 2758 3152 novus
2782 3108 3105 3166 parastates.

1845 3179 1936 3235 Sic
1956 3189 2012 3234 tu
2044 3182 2312 3237 secundas
2346 3185 2437 3253 qui
2469 3187 2639 3254 gradu
2672 3197 2855 3256 partes
2881 3191 3047 3259 geris,

1839 3271 1960 3338 Quo
1991 3287 2143 3327 more
2174 3272 2374 3330 fratres
2409 3286 2698 3347 temperes,
2731 3281 3042 3337 considera.

1839 3360 1998 3426 Praei,
2032 3363 2298 3431 guberna,
2333 3368 2591 3437 omnique
2622 3383 2754 3424 cura
2802 3381 3047 3443 protege,

1837 3453 2100 3521 Paciﬁce,
2137 3465 2402 3520 amanter,
2439 3461 2819 3527 condolenter,
2860 3467 3092 3520 comiter
3125 3486 3139 3521 :

1837 3543 2007 3614 Leges
2048 3561 2282 3614 superne
2312 3548 2539 3603 traditas
2561 3553 2895 3620 custodiens,

1839 3632 2003 3688 Casto
2029 3635 2346 3705 integroque
2372 3637 2628 3706 judicans
2659 3644 2911 3697 examine
2941 3661 2954 3697 :

1839 3724 1996 3780 Modo
2016 3726 2310 3796 languidis,
2341 3730 2609 3799 aegrisque
2627 3731 2695 3785 ab
2726 3732 2922 3788 aﬂ’ectu
2954 3735 3222 3805 indolens,

1838 3814 2000 3870 Modo
2030 3826 2272 3886 vegetos,
2302 3819 2622 3890 alacresque
2653 3838 2747 3892 per
2764 3840 3005 3881 amorem
3035 3829 3270 3887 incitans
3299 3851 3312 3888 :

1841 3906 1912 3960 Ut
1938 3908 2122 3976 populi
2149 3910 2378 3964 habenis
2417 3909 2636 3980 dignus,
2667 3930 2734 3969 ex
2770 3915 2883 3987 lege
2909 3919 3164 3989 imperes,

1839 3996 2120 4070 Tanquam
2144 4001 2258 4071 ipse
2289 4002 2494 4060 ducens
2529 4014 2586 4060 tu
2615 4023 2834 4078 quoque
2864 4013 3120 4081 populum
3147 4014 3262 4070 Dei.

2312 4092 2424 4148 VII.
2447 4125 2516 4135 —
2552 4093 2621 4148 In
2650 4113 2996 4156 aeconomum.

1842 4177 2121 4250 Stephani,
2154 4197 2370 4238 coronae
2396 4195 2719 4257 martyrum,
2756 4205 2957 4246 munus
2983 4208 3200 4263 gerens,

1841 4270 2005 4326 lianc
2040 4283 2232 4328 nactus
2256 4289 2315 4330 es
2374 4291 2584 4342 curam,
2613 4287 2674 4333 ut
2703 4296 2824 4350 quae
2848 4299 2985 4352 opus
3024 4285 3382 4343 suntdividas

1838 4361 2089 4417 Fratrum
2115 4376 2366 4432 catervae,
2397 4369 2618 4437 proprio
2649 4368 2852 4427 Christi
2880 4375 3050 4446 gregi.

1767 4461 1810 4516 Ι)
1842 4453 1949 4509 Deo
1968 4455 2180 4510 labores
2207 4456 2340 4511 olTer
2376 4459 2429 4512 in
2464 4460 2606 4514 diem
2642 4470 2791 4527 tuos,

1836 4543 1948 4598 Tua
1980 4546 2137 4615 quasi
2161 4550 2402 4602 membra
2422 4551 2610 4605 sedqu
2631 4563 2861 4611 cunctos
2891 4554 3079 4615 fovens
3102 4578 3116 4614 :

1833 4635 1949 4690 Non
1992 4637 2116 4691 huic
2157 4637 2444 4708 benignus,
2471 4641 2642 4697 durus
2675 4645 2774 4712 illi,
2820 4659 2915 4703 aut
2959 4650 3196 4716 invidus,

1837 4727 1940 4782 Sed
1974 4729 2171 4797 cuique
2194 4731 2398 4798 pariter
2423 4735 2714 4802 providens
2763 4740 2909 4808 quod
2930 4744 3200 4814 congruit,

1832 4817 2002 4871 Nemo
2040 4829 2096 4872 ut
2122 4819 2328 4875 laboret
2355 4838 2616 4892 quaerere,
2656 4830 2857 4896 quibus
2895 4831 3100 4904 indiget

1835 4905 1938 4961 Sed
1956 4908 2070 4977 ipse
2092 4920 2282 4978 sponte
2304 4913 2684 4971 subministres
2703 4923 2910 4976 omnia.

1837 4996 1904 5053 Ut
1934 5001 2032 5055 rite
2056 5015 2248 5057 cursus
2267 5004 2442 5072 spatia
2499 5021 2622 5060 cum
2673 5013 2975 5083 peregeris,

1833 5089 2000 5154 Forti,
2023 5092 2223 5161 pioque
2252 5095 2456 5163 animo,
2502 5108 2555 5152 et
2585 5099 2855 5160 ilioITenso
2879 5107 3034 5173 pede‘,

1834 5180 2032 5237 Sumas
2061 5182 2333 5249 laborum,
2365 5201 2501 5255 quos
2543 5189 2732 5253 tulisti,
2769 5195 3010 5263 praemia.

2187 5274 2324 5329 VIII.
2364 5309 2432 5316 —
2463 5277 2531 5331 In
2572 5282 3068 5348 epistemonarchas.

1829 5366 2081 5423 Fratrum
2117 5371 2168 5424 in
2201 5388 2399 5428 corona
2440 5376 2532 5445 qui
2582 5377 2782 5434 sedetis
2811 5382 3044 5451 iudices,

1833 5457 2077 5530 Utaequa
2122 5472 2270 5518 recto
2299 5465 2553 5535 judicetis
2576 5469 2802 5538 calculo,

1829 5550 2006 5610 Nolite
2045 5569 2204 5610 voces
2239 5558 2304 5611 ad
2337 5560 2551 5613 oculum
2579 5560 2896 5631 depromere
2933 5583 2946 5620 :

1827 5642 1943 5699 Non
1998 5646 2105 5700 ullo
2146 5651 2373 5715 amoris,
2400 5667 2507 5707 non
2539 5652 2744 5713 furoris
2777 5661 3005 5732 impetu,

1828 5735 1937 5795 Nec
1994 5748 2050 5795 ut
2083 5739 2255 5800 favori
2291 5745 2476 5817 dediti,
2507 5761 2606 5806 nec
2629 5757 2682 5805 ut
2717 5754 2863 5824 odio,
