3976 6314
594 317 728 383 1783
1762 319 1820 377 S.
1852 317 2235 376 THEODORI
2272 318 2614 376 STUDlT/E

593 432 696 486 Sed
720 432 882 486 corde
910 431 1048 494 miti,
1085 429 1417 493 condolenti,
1443 428 1627 493 ﬂebili,

589 520 911 578 Deliberate.
937 517 1149 579 leniter,
1179 517 1407 570 viriliter
1438 534 1451 568 :

590 609 842 661 Animum
884 606 1160 667 acuehtes,
1194 620 1345 659 more
1382 605 1493 668 teli,
1528 604 1835 668 innoxium,

593 699 813 768 Dirigite
844 709 1020 752 certas
1055 698 1106 750 in
1132 711 1356 766 scepum
1383 697 1679 750 sententias
1706 713 1720 749 :

590 785 717 839 Veri
765 787 1082 839 incubantes
1115 800 1327 853 semper
1361 793 1419 836 ut
1449 784 1711 852 vestigiis,

592 877 802 931 Judicia
822 877 1038 930 Christo
1084 875 1558 944 del'eratisintegra
1595 892 1608 926 :

594 968 726 1023 Nam
753 983 872 1038 quae
896 966 1071 1020 facitis
1102 966 1345 1029 arbitria,
1379 980 1473 1018 vos
1501 967 1690 1018 eadem
1731 971 1969 1018 manent.

936 1057 1026 1112 1X.
1061 1088 1130 1097 —
1158 1056 1222 1110 In
1251 1059 1624 1111 observatores.

599 1153 724 1216 Vos,
761 1152 929 1205 vicem
960 1150 1242 1204 oculorum
1286 1148 1541 1204 fratribus
1575 1151 1669 1219 qui
1712 1147 2048 1218 impenditis,

596 1243 980 1312 Speculamini‘,
1003 1242 1298 1296 observate
1325 1252 1550 1296 cunctos
1583 1242 1800 1302 acriter,

597 1335 852 1396 interdiu,
888 1343 1184 1402 noctuque,
1223 1349 1315 1387 seu
1343 1333 1583 1398 meridie,

595 1425 671 1480 Ne
700 1426 913 1494 quando
930 1425 1153 1494 juvenes
1182 1425 1388 1493 uSpiain
1427 1441 1532 1478 una
1556 1425 1786 1479 sintduo
1816 1443 1831 1480 :

597 1519 671 1571 Ne
700 1518 986 1582 coitiOnes,
1019 1532 1152 1570 neve
1198 1517 1576 1579 contubernia,

596 1610 955 1677 licentiaeque
975 1611 1158 1677 pestis,
1181 1617 1234 1660 et
1262 1609 1610 1660 tenebrarum
1647 1623 1803 1674 opus,

601 1703 760 1751 Risus
794 1699 980 1760 soluti,
1020 1697 1228 1765 injuria:
1271 1697 1591 1764 petulantia,

597 1789 828 1856 Malique
855 1787 1114 1857 quidquid
1149 1803 1178 1840 a
1208 1787 1318 1840 Deo
1369 1786 1557 1856 procul
1585 1784 1765 1856 fugat:

599 1877 722 1931 Haec
745 1878 1054 1930 nuntiantes
1086 1876 1345 1944 perpetim
1376 1876 1699 1939 rectoribus,

600 1967 822 2018 Sincera
880 1975 1080 2032 apertae
1105 1966 1348 2019 veritatis
1388 1965 1602 2033 regula.

600 2059 691 2110 Sic
721 2073 818 2110 vos
851 2071 1039 2124 reapse
1081 2071 1295 2124 semper
1333 2058 1564 2122 aspiciat
1595 2057 1756 2117 Deus.

599 2145 844 2216 Etdigna
887 2146 1095 2215 pulchri
1128 2147 1371 2200 muneris
1413 2147 1504 2200 det
1533 2147 1771 2216 praemia.

1055 2235 1123 2290 Χ.
1147 2266 1216 2277 -
1240 2235 1304 2290 In
1339 2239 1718 2296 canonardien.

599 2325 754 2396 Lyra:
782 2340 1059 2380 sacrorum
1081 2326 1341 2394 praesides
1380 2329 1470 2395 qui
1496 2329 1822 2390 carminum,

599 2416 767 2473 Tuba;
797 2417 1097 2491 instarele
1134 2427 1388 2470 cantuum
1415 2419 1802 2473 moderamine.

599 2509 677 2563 Da
715 2509 869 2578 signa
907 2509 1056 2578 ligno
1096 2511 1348 2577 tempori.
1383 2525 1483 2564 ceu
1519 2525 1606 2565 res
1633 2511 1810 2580 jubet,

599 2599 666 2654 Et
688 2600 886 2671 plectra
933 2601 1128 2671 linguae
1151 2606 1356 2671 primus
1421 2603 1487 2654 ad
1525 2603 1692 2656 melos
1719 2617 1895 2666 move,

608 2693 838 2747 Versum
874 2692 1132 2746 decenter
1167 2693 1567 2747 concinendum
1615 2693 1920 2762 proferens,

602 2781 780 2845 Clara,
813 2783 963 2836 suavi
989 2796 1139 2844 voce,
1165 2792 1218 2835 et
1249 2783 1418 2836 instar
1489 2785 1700 2852 organi,

601 2869 859 2927 Fratrum
883 2871 1100 2924 canoris
1133 2885 1228 2924 ora
1262 2871 1600 2925 concinnatis
1619 2872 1813 2926 modis.

603 2963 743 3018 Tum
785 2973 983 3018 cuncta
1015 2965 1222 3018 cunctis
1249 2973 1608 3033 congruenter
1639 2964 1867 3034 impera,

601 3055 748 3109 Nihil
785 3056 981 3117 dolori,
1013 3055 1171 3107 iraeve
1209 3055 1366 3117 dans,
1395 3064 1488 3108 aut
1519 3057 1703 3123 gratiae
1731 3075 1744 3108 :

604 3144 712 3200 Sed
745 3146 887 3200 sicut
920 3159 1072 3213 aequa
1103 3143 1242 3197 ratio
1276 3147 1466 3213 poscit,
1523 3159 1586 3197 ac
1618 3145 1833 3198 modus.

603 3235 720 3290 Tua
736 3236 933 3305 quippe
955 3234 1137 3287 cuncti
1169 3235 1412 3288 membra
1443 3244 1570 3288 sunt
1597 3251 1611 3299 ;
1638 3244 1766 3289 sunt
1786 3242 1839 3289 et
1858 3231 1969 3285 Dei.

603 3327 748 3382 Deus
773 3341 1025 3382 coronam
1054 3323 1134 3379 sic
1170 3327 1347 3394 agenti
1372 3323 1636 3378 conferet.

990 3419 1082 3474 XI.
1127 3449 1197 3458 —
1249 3417 1314 3471 In
1338 3417 1666 3471 taxiarclten.

603 3510 676 3566 At
698 3520 776 3577 tu,
809 3512 1095 3564 ordinandi
1139 3511 1225 3563 cui
1267 3521 1506 3579 potestas
1535 3509 1748 3581 obtigit,

607 3602 680 3656 Ut
707 3602 1009 3655 taxiarcbes
1034 3601 1252 3654 additus
1295 3601 1491 3669 populo
1520 3599 1637 3663 Dei,

607 3691 845 3755 Modum,
875 3691 1230 3759 ordinemque
1261 3701 1508 3760 tempore
1547 3691 1776 3744 observa
1804 3701 1856 3744 et
1885 3691 2026 3753 loco,

610 3785 737 3836 Sive
761 3781 1115 3846 redeundum,
1162 3782 1272 3834 sive
1308 3781 1548 3836 eundum
1585 3781 1968 3851 estquopiani,

608 3874 747 3928 Dum
773 3875 1034 3942 dignitate
1069 3873 1307 3942 pmditis
1338 3875 1657 3940 occurritur,

609 3967 749 4020 Dum
784 3964 998 4018 Domini
1028 3965 1095 4018 ad
1115 3964 1284 4017 aedem
1315 3967 1607 4019 convenire
1633 3965 1914 4036 mosjubet
1944 3984 1957 4019 :

609 4058 842 4112 Ratione
875 4067 1100 4112 cunctos
1127 4057 1444 4121 collocabis,
1472 4073 1536 4110 ac
1567 4057 1746 4120 modo,

610 4152 781 4204 Suum
813 4151 1008 4216 cuique
1039 4150 1140 4203 rite
1173 4164 1472 4216 procurans
1510 4151 1761 4218 gradum,

608 4235 668 4290 In
697 4249 869 4300 veste,
899 4252 1203 4305 gressuque
1242 4238 1470 4306 exigens
1504 4238 1834 4303 decentiam,

609 4327 735 4383 Haec
763 4330 809 4384 si
859 4331 1028 4398 perite
1058 4327 1274 4390 feceris,
1302 4330 1348 4380 si
1383 4334 1549 4390 serio,

613 4420 668 4475 Si
697 4429 998 4481 mansuete,
1024 4417 1069 4470 si
1106 4417 1212 4485 pie,
1247 4419 1291 4470 si
1320 4417 1562 4486 provide,

611 4509 873 4565 Mercedis
903 4509 1094 4577 ingens
1120 4522 1150 4559 a
1180 4506 1287 4560 Deo
1327 4515 1434 4559 stat
1458 4509 1649 4575 gratia.

1030 4595 1148 4652 XII.
1177 4623 1246 4634 --
1270 4594 1335 4647 lu
1383 4595 1676 4651 cellarium.

611 4693 746 4758 Quis
769 4700 819 4744 te
857 4688 1050 4758 magis,
1086 4687 1181 4750 ﬂii,
1201 4687 1290 4741 Dei
1313 4694 1398 4741 est
1425 4689 1755 4756 operarius?

611 4785 760 4852 Opus
795 4781 993 4834 laboris
1009 4779 1226 4848 plenum
1264 4779 1431 4833 babes
1453 4796 1561 4848 pra:
1583 4782 1796 4837 caeteris
1813 4822 1830 4845 ,

610 4871 991 4927 Fraternitatis
1022 4871 1114 4938 qui
1141 4883 1312 4937 prices
1341 4869 1583 4923 cibariis.

612 4964 870 5019 lncumbe
897 4963 1022 5015 totis
1053 4962 1338 5030 diligenter
1361 4963 1588 5024 viribus,

611 5055 764 5120 Quod
792 5053 987 5121 cuique
1005 5051 1189 5114 debes,
1218 5067 1454 5122 congrue
1476 5054 1816 5121 dispertiens.

609 5145 880 5196 Assuesce
903 5140 1084 5192 multis
1106 5142 1434 5207 postulatum
1465 5142 1714 5206 vocibus,

612 5233 725 5287 lloc
758 5233 931 5294 illum,
963 5241 1016 5284 et
1046 5231 1137 5283 illo
1162 5234 1434 5286 sustinens
1467 5234 1615 5286 vultu
1639 5235 1887 5299 alterum,

612 5325 747 5383 Miti,
776 5337 988 5380 sereno.
1024 5322 1354 5386 condolenti,
1396 5322 1582 5378 ﬂebili.

615 5416 704 5470 Sic
732 5414 824 5467 tibi
865 5426 1070 5466 corona
1101 5413 1296 5480 cinget,
1337 5426 1393 5466 ut
1422 5414 1719 5484 Stephano,
1742 5427 1921 5486 caput.

931 5502 1072 5556 Xlll.
1109 5531 1175 5540 ——-
1211 5501 1275 5554 In
1300 5506 1514 5572 prandii
1544 5509 1864 5562 ministrum.

613 5594 860 5650 Fratrum
897 5610 1112 5650 coronze
1147 5596 1452 5664 prandium,
1481 5596 1578 5662 ﬁli,
1609 5616 1894 5669 apparans,

614 5689 808 5742 Ordine
824 5688 1027 5741 locatas
1058 5689 1160 5743 rite
1189 5704 1405 5746 mensas
1438 5693 1673 5749 instrue.

681 5781 744 5810 θ*
777 5780 860 5832 Al.
894 5780 1090 5846 πείρας

2170 438 2212 489 Α
2254 429 2396 480 Ἀλλ’
2432 429 2605 496 ἠπίως
2636 442 2715 488 τε,
2749 423 3060 494 συμπαθῶς,
3090 425 3472 492 οἱκτιρμόνως,

2242 517 2606 580 Βονλευτικῶς
2629 534 2710 579 τε,
2742 515 3124 586 μακροθύμως,
3155 515 3409 576 εὐτόνως

2243 611 2344 662 Τὸν
2371 611 2493 662 νοῦν
2516 608 2828 678 ἀκραιφνῶς
2855 607 3156 671 ὀξύναντες,
3179 607 3254 669 ῶς
3279 606 3458 675 βέλος,

2245 703 2398 754 Κατὰ
2423 700 2620 753 σκοπὸν
2649 699 2889 769 βάλλοιτε
2913 700 3039 760 τοὺς
3066 697 3240 761 εύθείς
3267 699 3490 766 λόγους.

2247 790 2431 852 Ὅπως
2458 791 2504 843 τ’
2535 789 2730 860 ἀληθὲς
2761 791 2925 841 παντὶ
2951 789 3220 859 θηρῶντες
3255 789 3426 859 λόγῳ,

2244 881 2361 951 Θεῷ
2388 881 2598 944 δικαίας
2628 881 2986 952 προσφέροι-δε
3009 881 3107 943 τὰς
3130 882 3342 952 κρίσεις
3363 899 3376 912 ·

2246 967 2314 1044 ᾯ
2345 973 2450 1043 γάρ
2481 976 2737 1043 κρινεῖτε,
2761 975 2854 1025 καὶ
2892 973 3212 1041 κριθήσεσθε
3233 975 3444 1044 τρόπῳ.

2584 1062 2661 1116 Θ’.
2687 1092 2755 1102 -
2777 1065 2878 1128 Εἰς
2906 1062 3048 1128 τοὺς
3081 1063 3466 1130 ἑπιτηρητὰς.

2250 1154 2411 1219 Τάξει
2444 1154 2686 1217 τεθέντες
2711 1154 2972 1223 ὀμμάτων
2991 1157 3102 1217 τοῖς
3132 1154 3442 1222 συγγόνοις.

2263 1245 2475 1314 Ὁρᾶτε,
2504 1245 2599 1296 καὶ
2624 1248 2842 1314 τηρεῖτε
2875 1246 3079 1308 πάντας
3112 1245 3418 1310 εύσκόπως,

2265 1335 2349 1386 Ἐν
2375 1335 2626 1404 ἡμέραις,
2660 1337 2716 1387 ὲν
2742 1337 2911 1402 νυξὶν,
2941 1339 2999 1389 ἐν
3032 1336 3427 1408 μεσημβρίαις,

2252 1427 2446 1494 Μήπου
2473 1427 2740 1497 πρόσωπα
2763 1428 2871 1481 τῶν
2899 1427 3032 1481 νέων
3058 1424 3166 1480 εἶεν
3187 1428 3304 1491 δύο,

2253 1518 2450 1586 Μήτι-ου
2479 1518 2736 1582 γίνωνται
2764 1519 2988 1588 φατρίαι
3019 1519 3328 1590 συσκηνίαι.

2256 1607 2578 1678 Παρρησιῶν
2605 1607 2844 1676 ὄλεθρος,
2875 1608 3013 1680 ἔργα
3039 1610 3133 1661 τοῦ
3162 1610 3412 1674 σκότους,

2257 1698 2482 1768 Στρηνοὶ
2511 1697 2769 1764 γέλωτες,
2802 1697 3012 1768 ὕϐρεως
3044 1700 3276 1767 ἀταξίαι,

2185 1772 2226 1826 Β
2254 1786 2360 1837 Καὶ
2393 1787 2500 1838 πᾶν
2531 1787 2764 1856 πονηρὸν
2796 1787 2889 1840 τοῦ
2916 1788 3048 1841 Θεοῦ
3079 1790 3265 1860 πόρρω
3290 1791 3464 1861 φέρον
3486 1808 3500 1821 ·

2254 1877 2415 1929 Ταῦτ’
2451 1875 2801 1941 ἐκλαλοῦντες
2831 1880 3010 1930 πυκνὰ
3039 1883 3148 1942 τοῖς
3182 1884 3629 1950 πρωτοστάταις.

2267 1967 2691 2039 ’Λπροσπαθείᾳ,
2725 1969 2821 2038 τῆς
2857 1970 3105 2039 ἀληθείας
3141 1970 3313 2039 λόγῳ·

2257 2058 2420 2126 Τύχοι
2450 2074 2506 2108 τε
2536 2057 2684 2120 Θείας
2717 2059 2962 2128 ἀτρεκῶς
2990 2058 3240 2126 ἐποψὶας,

2258 2151 2375 2220 Τὴν
2401 2149 2720 2218 ἁντόιμειψιν
2745 2151 2853 2202 τῶν
2877 2151 3054 2204 καλῶν
3082 2153 3391 2223 ἐσχηκότες.

2610 2245 2665 2296 1'.
2687 2272 2755 2282 -
2774 2246 2877 2310 Εἰς
2910 2245 3014 2298 τὸν
3033 2245 3438 2313 κανονὰρκην.

2274 2335 2534 2404 Ἀρχηγὸς
2565 2333 2733 2396 ἑστὼς
2765 2335 2863 2404 τῆς
2891 2334 3058 2406 λύρας
3088 2335 3194 2387 τῶν
3216 2335 3506 2404 ᾀσμάτων,

2263 2425 2500 2493 Σάλπιγξ
2529 2426 2726 2495 φάνηθι
2749 2429 2814 2496 τῇ
2841 2425 3136 2496 μελουργίᾳ
3165 2426 3310 2497 ξένῃ.

2265 2517 2493 2580 Σάλπιζε
2525 2517 2696 2587 καιρῷ
2725 2517 2782 2569 τὸ
2811 2516 2982 2580 ξύλον,
3016 2515 3196 2576 καθὼς
3218 2515 3353 2578 δέοι,

2265 2610 2416 2662 Κίνει
2441 2608 2497 2660 δέ
2524 2625 2614 2660 σου
2643 2608 2737 2676 τὴν
2766 2607 3011 2675 γλῶτταν
3041 2607 3116 2670 ὡς
3147 2608 3426 2678 πλῆκτρον
3455 2609 3669 2680 φέρων,

2277 2699 2388 2750 ’Δεὶ
2417 2701 2733 2769 πρεπόντως
2757 2697 2847 2750 τὸν
2876 2697 3055 2767 στίχον
3082 2699 3418 2765 συνεισάγων

2276 2790 2620 2860 ’Λσύγχυτον,
2661 2791 2953 2861 κάλληχον,
2991 2791 3222 2860 ὀργάνου
3253 2790 3435 2860 δίκην,

2263 2880 2334 2932 Τὸ
2357 2883 2454 2950 τῆς
2477 2883 2834 2952 άδελφότητος
2865 2881 3152 2951 εύρυθμῶν
3177 2881 3373 2950 στόμα.

2263 2971 2495 3033 Τάσσοις
2525 2974 2733 3025 ἅπαντα
2766 2973 2930 3024 πᾶσιν
2961 2971 3277 3040 ἁξιοχρέως,

2191 3099 2230 3150 C
2263 3062 2352 3130 Μὴ
2380 3063 2514 3130 πρὸς
2541 3063 2718 3131 χάριν,
2755 3062 2828 3131 μὴ
2854 3062 3034 3131 μῆνιν,
3069 3060 3100 3130 ἢ
3136 3061 3310 3130 λύπης
3339 3060 3514 3125 δόσιν,

2278 3153 2413 3207 Ἀλλ’
2444 3155 2500 3206 ὲν
2524 3154 2715 3223 δικαίῳ
2736 3154 2813 3224 τῷ
2845 3154 3005 3225 λόγῳ,
3039 3154 3132 3207 καὶ
3160 3152 3235 3222 τῷ
3268 3155 3477 3224 τρόπῳ.

2265 3246 2468 3307 Πάντες
2489 3246 2595 3316 γάρ
2617 3247 2722 3299 είσι
2745 3246 2839 3298 τοῦ
2869 3246 3003 3299 Θεοῦ
3038 3247 3131 3300 καὶ
3162 3247 3254 3298 σοῦ
3287 3245 3451 3315 μέλη.

2267 3336 2448 3400 Οῦτως
2477 3337 2685 3407 φρονῶν
2717 3336 2846 3405 γοῦν
2875 3339 2937 3389 ὲκ
2968 3336 3101 3390 Θεοῦ
3131 3335 3271 3406 λήψῃ
3305 3337 3529 3402 στέφος.

2615 3427 2716 3480 1Α’.
2738 3459 2806 3467 —
2825 3430 2927 3491 Είς
2955 3426 3061 3479 τὸν
3085 3425 3434 3492 ταξιάρχην.

2268 3513 2372 3566 Τοῦ
2405 3513 2713 3583 ταξιαρχεῖν
2737 3514 2828 3566 τὸν
2856 3514 3011 3580 λόγον
3040 3513 3380 3582 δεδεγμένος,

2283 3605 2366 3666 Ὠς
2394 3604 2682 3672 ταξίαρχος
2711 3603 2802 3656 τοῦ
2835 3603 2941 3656 λεὼ
2971 3602 3063 3655 τοῦ
3089 3603 3318 3672 Κυρίου,

2268 3694 2431 3758 Τάξιν
2461 3693 2696 3762 φύλαττε
2726 3694 2890 3746 παντὶ
2921 3693 3096 3764 καιρῷ
3127 3693 3218 3746 καὶ
3245 3694 3419 3763 τόπῳ,

2280 3784 2368 3834 Ἐν
2399 3783 2620 3846 εἰσόδοις
2645 3782 2781 3852 ὁμοῦ
2813 3799 2872 3836 τε
2895 3783 2987 3836 καὶ
3018 3782 3288 3848 διεξόδοις,

2280 3876 2367 3927 Ἐν
2397 3877 2517 3936 ταῖς
2551 3875 2813 3936 ὑπανταῖς
2843 3873 3016 3942 ὄψεων
3053 3875 3159 3926 τῶν
3197 3872 3418 3942 ὲξόχων,

2280 3965 2366 4016 Ἐν
2391 3966 2504 4026 τοῖς
2531 3962 2844 4034 ἁθροισμοίς
2872 3963 2966 4022 τοῦ
2999 3962 3128 4017 ναοῦ
3148 3962 3243 4015 τοῦ
3277 3964 3580 4019 Δεσπότου.

2269 4058 2618 4129 Χοροστατῶν
2647 4058 2891 4120 ἅπαντας
2921 4058 3098 4128 εἱρμῷ
3132 4060 3226 4110 καὶ
3253 4057 3416 4126 λόγῳ,

2268 4149 2463 4218 Τηρῶν
2495 4149 2724 4202 ἑκάστου
2757 4150 2857 4220 τὴν
2889 4149 3224 4219 τεταγμένην
3257 4148 3414 4216 βάσιν
3442 4167 3456 4180 ·

2270 4237 2466 4307 Στολὴν
2494 4237 2759 4300 ἀπαιτῶν,
2793 4237 2884 4290 καὶ
2921 4237 3155 4306 βάδισμα
3179 4240 3238 4288 τὺ
3263 4239 3497 4305 πρέπον.

2272 4329 2332 4378 Εἰ
2356 4327 2526 4378 ταῦτα
2547 4329 2706 4395 ποιῇς
2731 4325 3037 4394 ἐμφρόνως,
3061 4326 3153 4376 καὶ
3184 4325 3473 4388 συντόνως,

2195 4426 2246 4483 ο
2271 4417 2598 4486 Θεοπρεπῶς
2628 4434 2708 4480 τε,
2743 4417 2979 4483 πραέως,
3012 4416 3367 4483 κεκριμένως,

2274 4508 2450 4571 "ligat;
2473 4507 2652 4576 χάριν,
2684 4507 2778 4557 καὶ
2813 4505 3005 4573 μισθὸν
3039 4506 3102 4556 ἐκ
3138 4505 3271 4556 Θεοῦ
3305 4506 3504 4573 μέγαν.

2618 4592 2716 4646 lB’.
2753 4595 2922 4658 --Είς
2950 4591 3056 4644 τόν
3083 4595 3466 4660 κελέαρίτην.

2270 4701 2365 4764 Τίς
2392 4701 2468 4764 ῶς
2495 4703 2578 4765 σὺ,
2607 4701 2815 4766 τέκνον,
2846 4701 3082 4770 ἐργάτης
3111 4699 3243 4753 Θεοῦ
3282 4701 3476 4770 nilei;

2274 4793 2456 4862 Ἔχεις
2486 4794 2591 4862 γὰρ
2620 4793 2776 4862 ἔργον
2811 4794 3017 4864 σφόδρα
3045 4794 3148 4846 τῶν
3177 4794 3350 4847 ἄλλων
3381 4797 3574 4863 πλέον,

2271 4883 2392 4935 Τῶν
2417 4886 2516 4953 τῆς
2541 4885 2904 4954 άὸελφότητος
2937 4886 3116 4955 ἅρχων
3149 4885 3479 4956 βρωμάτων.

2273 4975 2429 5038 ’Ὀλος
2466 4974 2730 5045 πρόσελθε
2756 4975 3065 5038 πανσθενῶς
3095 4979 3159 5046 τῇ
3193 4979 3460 5046 φροντίδι,

2271 5064 2458 5126 Διδοῦς
2489 5065 2702 5134 ἑκάστῳ
2727 5065 2787 5117 τὸ
2818 5066 3088 5135 προσῆκον
3117 5069 3174 5118 ὲν
3204 5069 3403 5138 κρίσει.

2271 5154 2457 5223 Πύρᾶς
2479 5157 2524 5194 α’
2560 5155 2732 5224 δέχοιο
2753 5159 2850 5220 τῆς
2881 5155 3300 5226 πολυζητησίας.

2276 5240 2520 5296 Ἐκεῖνον
2548 5245 2739 5307 οὕτως,
2768 5245 2924 5297 ἄλλον
2951 5247 3173 5309 ἀλλοίως
3203 5247 3405 5317 φέρων,

2270 5338 2492 5408 Πράως,
2521 5339 2786 5407 γαληνῶς,
2826 5339 3143 5409 συμπαθῶς,
3176 5340 3573 5410 οίκτιρμόνως.

2271 5425 2458 5492 Οὒτως
2488 5429 2594 5499 γὰρ
2619 5429 2759 5493 ἒξεις
2793 5431 2889 5482 σὺν
2919 5430 3174 5500 Στεφάνῳ
3199 5430 3258 5481 τδ
3283 5431 3505 5498 πέφατ’

2587 5517 2682 5572 ll".
2705 5520 2886 5584 -Εἱς
2915 5520 3020 5572 τὸν
3048 5518 3501 5586 ἀριστητάριον.

2283 5607 2674 5676 Ἀριστοποιῶν
2709 5609 2821 5668 τοῖς
2853 5605 3098 5674 ᾶδελφοῖς
3121 5623 3237 5669 σου,
3261 5608 3450 5675 τέκος,

2275 5696 2348 5754 Εὖ
2380 5718 2466 5771 μοι
2503 5698 2731 5764 στύϐαζε
2764 5699 2870 5755 τῶν
2896 5699 3182 5769 τραπεζῶν
3204 5701 3302 5764 τὰς
3332 5701 3544 5770 θέσεις,

3665 309 3796 370 Γῖδῖι
