3976 6314
209 447 453 526 Στταθμίρ
482 451 574 504 τὸν
609 452 791 521 ἄρτον,
821 450 877 504 si
902 469 954 504 τι
980 452 1026 504 δ’
1053 453 1120 506 ἂν
1151 453 1356 522 βρωτὸν
1389 455 1526 529 ’τύχῃ
1548 500 1562 518 ι

213 545 382 607 Ἴσως
411 540 673 613 μερίζων,
705 546 813 606 τοῖς
841 543 896 596 δὲ
937 541 1150 614 μείζοσι
1177 547 1356 602 πλέον.

207 636 425 705 Διπλῆς
445 638 610 708 τιμῆς
638 635 746 705 γὰρ
772 634 956 700 ἀξιοῦν
986 637 1212 702 τούτους
1239 639 1414 710 λόγος.

201 730 400 782 Φείδου
428 729 472 781 δ’
502 729 705 798 ὁμοίως
730 733 825 783 καὶ
856 730 949 783 τὸν
978 731 1342 802 ὑστεροτάτην
1368 749 1385 764 ⁶

205 823 394 884 Ἀπας
418 820 525 892 γάρ
549 821 666 873 ἐστι
694 821 786 873 σὺν
813 822 995 891 μέλος,
1028 824 1133 876 κᾶν
1159 826 1259 878 οὐκ
1287 825 1448 887 ἴσωςο

199 913 321 964 Καὶ
355 912 461 983 μὴν
495 911 783 982 παρεστὼς
806 912 882 976 ὡς
911 914 1157 987 τραπέζῃ
1194 917 1486 984 Δεσπότου,

213 1004 561 1064 Ἀποστόλοις
597 1005 782 1073 νόμιζε
811 1003 1052 1059 δουλείαν
1083 1008 1292 1078 φέρειν.

197 1093 469 1164 Στρέερου,
506 1093 721 1163 οεώρει,
754 1095 916 1164 νηρὸν
945 1095 1180 1167 ἇλλοπερ
1213 1101 1414 1168 νέμων.

196 1187 303 1238 Ἴν*
333 1182 392 1239 εὖ
419 1186 643 1256 γένηται
673 1188 766 1240 καὶ
792 1188 948 1259 χάρις
974 1205 1055 1244 σοι
1093 1190 1341 1248 πλουσία.

592 1279 689 1333 ΙΔ’.
710 1309 779 1318 --
796 1282 898 1346 Εἰς
923 1281 1030 1334 τὸν
1063 1284 1377 1352 ὀψοποιόν.

193 1372 306 1423 Τὸν
335 1369 589 1439 ὀψοποιὸν
618 1370 702 1432 τίς
728 1387 809 1436 σε,
847 1372 1059 1437 τέκνον,
1086 1375 1145 1428 ού
1190 1377 1399 1447 στέφει,

193 1464 372 1516 Πολὺν
399 1463 632 1532 φέροντα
661 1463 752 1516 τὸν
783 1462 948 1516 κόπον
986 1466 1337 1538 καθημέραν;

190 1555 548 1607 Δουλευτικόν
584 1572 664 1607 σοι
694 1555 904 1625 χρῆμα,
940 1556 1128 1626 μισθὸς
1161 1557 1204 1609 δ’
1234 1555 1328 1612 οὖν
1353 1561 1548 1630 μέγας.

189 1647 402 1716 Χρῆσις
437 1644 713 1717 ρυπώὸης,
745 1645 883 1700 ἀλλὰ
909 1647 1138 1716 πλυτρὶς
1165 1653 1543 1722 πταισμάτων.

185 1739 380 1806 Φλέγει
412 1756 470 1791 σε
499 1738 593 1791 νῦν
624 1738 757 1808 πῦρ,
779 1739 841 1792 ού
870 1740 929 1792 τὸ
959 1740 1148 1810 μέλλον
1172 1741 1229 1794 δὲ
1264 1744 1475 1813 κρίνει·

188 1831 442 1899 Ιιροσὸὰς
471 1830 738 1901 σταθηρὸς
766 1831 950 1884 λοιπὸν
972 1834 1050 1893 είς
1075 1833 1175 1904 τὴν
1207 1833 1385 1903 ὲψίαν,

184 1924 399 1976 Ἐωοεν
431 1924 591 1984 εὐθὺς
617 1922 759 1977 κλῶν
788 1923 998 1988 δαλοὺς,
1033 1926 1234 1997 χύτρας
1267 1926 1418 1992 κλύε,

181 2015 423 2083 Βρώσεις
457 2014 765 2084 προσεψῶν,
789 2015 864 2078 ὡς
886 2016 1042 2080 θεοῦ,
1069 2019 1136 2071 τὰ
1167 2019 1277 2072 τῶν
1308 2020 1513 2075 τέκνων
1531 2039 1543 2052 ·

182 2108 386 2176 Εὐχαίς
415 2105 619 2171 ἁλίζοις
642 2107 813 2160 ταῦτα
844 2107 1032 2178 ὥσπερ
1056 2110 1334 2180 ἀρτύσεις,

181 2200 281 2251 Ἳν’
306 2200 601 2271 εὐλογηθῇς
635 2200 709 2263 ὡς
743 2199 938 2253 Ἰακὼϐ
1074 2202 1262 2268 πάλαι,

181 2293 295 2343 Καὶ
321 2294 471 2361 χαῖρε
497 2291 705 2354 τούτοις
740 2292 975 2344 ἐκτελῶν
1001 2310 1092 2345 σου
1125 2293 1216 2346 τὸν
1243 2294 1459 2366 δρόμον.

291 2385 387 2435 1Ε’.
410 2412 475 2420 -
500 2386 600 2448 Εἰς
631 2383 772 2446 τοὺς
792 2385 1025 2452 βαφεῖς,
1054 2385 1611 2458 ἤτοιβεστιαρίους.

188 2477 376 2544 Ὑμεῖς
406 2476 652 2544 ἔπαρχοι,
680 2477 773 2529 καὶ
796 2477 1067 2548 διαιτηταὶ
1103 2480 1246 2548 μάλα

174 2570 299 2620 Τῶν
330 2570 424 2638 τῆς
461 2567 813 2638 ἀδελφότητος
840 2570 1263 2640 ἁμφιασματων,

187 2661 362 2726 Ἀγὼν
394 2663 521 2730 ὑμῖν
547 2660 606 2711 ού
635 2660 826 2730 μικρὸς
853 2662 909 2713 ἐν
933 2663 1106 2732 τούτῳ
1140 2666 1316 2734 πέλει,

171 2754 398 2824 φροντὶς
430 2754 484 2805 δὲ
518 2751 708 2822 πολλὴ,
740 2753 834 2806 καὶ
870 2753 1130 2823 μέριμνα,
1162 2758 1256 2809 καὶ
1284 2760 1472 2827 κόπος,

181 2847 462 2908 Ῥἀπτειν,
490 2849 786 2916 νεουργεῖν,
819 2847 1188 2917 ἐκκαθαίρειν,
1225 2851 1319 2903 καὶ
1345 2853 1580 2919 πλύνειν,

170 2939 379 3007 Νέμειν
409 2938 618 3005 ἑκάστῳ
645 2937 706 2989 τὸ
735 2940 1112 3008 προσαρμόζον
1141 2940 1306 3010 λόγῳ,

174 3033 335 3091 Ἴσως
367 3029 465 3099 μὲν
493 3027 612 3090 οὒκ,
653 3029 785 3092 ἴσως
816 3030 872 3082 δὲ
905 3031 1114 3102 φίλτρῳ
1142 3036 1233 3087 καὶ
1261 3036 1409 3106 πόθῳ
1436 3053 1450 3069 ο

173 3122 370 3174 ¹’Λλλου
401 3121 507 3192 γὰρ
537 3120 692 3184 ἄλλος
722 3121 1022 3191 ἀξιώτερος
1053 3127 1219 3197 πόνῳ.

169 3215 430 3266 Σκοπεῖτε
457 3213 639 3266 λοιπὸν
667 3215 836 3268 ταῦτα
868 3220 1040 3270 ποιεῖν
1069 3221 1381 3292 σωφρόνως,

169 3305 357 3366 “()πως
391 3303 634 3373 ἀμοιὸὦν
660 3305 1014 3374 ἀντιλήψεσοε
1041 3310 1219 3378 χρέος,

169 3395 312 3464 Πρὸς
335 3395 430 3446 τοῦ
460 3393 593 3446 Θεοῦ
618 3394 846 3459 διδόντος
869 3397 1026 3461 ἀξίας
1049 3398 1240 3463 δόσεις.

483 3488 597 3552 ις’.
614 3515 683 3526 -—
701 3490 806 3554 Είς
833 3489 974 3555 τοὺς
996 3492 1398 3561 agnum-tarde.

165 3576 312 3646 Πρὸς
343 3579 508 3629 πᾶσιν
534 3576 712 3641 ἄλλοις
737 3579 845 3631 οὐδ’
877 3581 1004 3649 ὑμῖν
1032 3581 1226 3651 μικρὸς
1255 3584 1445 3648 κόπος,

166 3667 515 3739 Διεξανιστᾷν
544 3671 668 3732 τοὺς
698 3669 960 3734 ὑπνώδεις
989 3673 1301 3740 συγγόνους,

165 3759 599 3813 Συνεισε).αύνειν
622 3762 750 3823 τοὺς
778 3765 1044 3833 γυρευτὰς
1074 3766 1149 3828 είς
1185 3766 1371 3835 μέσον.

163 3848 358 3901 Τοίνυν
393 3851 610 3902 ἐπειδὰν
641 3852 875 3924 σαλπίσῃ
903 3871 985 3914 τις
1013 3855 1071 3907 τὸ
1104 3854 1278 3924 ξύλον,

179 3938 268 3999 Ὠς
299 3939 518 4007 ἄγγελοι
553 3942 794 4010 παρευοὺ
830 3943 1248 4014 δεδραμηκότες,

163 4023 259 4085 Εἰς
289 4027 461 4077 πάντα
493 4029 858 4093 κοιτωνίσκον,
887 4035 965 4095 είς
991 4035 1232 4105 κρυπτὸν
1258 4036 1438 4091 τόπον.

173 4115 446 4184 Ἐγείρετε
481 4116 615 4186 πρὸς
645 4117 812 4186 ὕμνον
843 4122 1125 4190 ἀχράντων
1160 4125 1354 4194 λόγων,

165 4205 613 4276 Συνεισφέροντες
640 4210 716 4269 είς
747 4209 880 4263 νεὼν
913 4213 1004 4264 τοῦ
1026 4216 1318 4282 Δεσπότου,

174 4294 262 4347 Ἑν
285 4297 538 4367 ἡμέραις,
571 4299 627 4350 έν
654 4299 824 4363 νυξὶν,
851 4303 910 4354 ὲν
945 4305 1332 4375 μεσημϐρίαις,

161 4387 431 4439 Ἕκαστον
455 4389 633 4443 αὐτῶν
663 4392 1090 4461 προσκαλοῦντες
1119 4398 1373 4461 εὐθέτως.

160 4478 347 4538 Ὅπως
381 4473 509 4548 ὑμῖν
539 4481 628 4533 τὸν
665 4483 852 4552 μισθὸν
881 4485 1027 4548 ἄξιον
1066 4489 1202 4562 νέμῃ
1222 4531 1237 4553 ,

168 4571 227 4622 '0
260 4571 432 4624 πάντα
462 4573 698 4642 μετρῶν,
733 4577 828 4628 καὶ
858 4577 1034 4646 νέμων
1066 4585 1184 4633 κατ’
1211 4583 1385 4648 ἀξίαν.

507 4667 605 4720 ῐΖ’.
626 4699 692 4709 -
709 4669 812 4732 Εὶς
838 4670 946 4723 τὸν
972 4678 1330 4744 νοσοκόμον.

156 4757 230 4808 Τὸ
258 4758 445 4827 χρῆμα
472 4759 634 4823 θεῖον,
667 4761 909 4815 ἀσθενῶν
944 4762 1081 4835 βάρη
1110 4768 1318 4837 φέρειν.

157 4847 356 4900 Τούτου
390 4847 568 4918 λαχὼν
601 4850 923 4917 πύκτευσον,
964 4847 1008 4906 ὦ
1043 4874 1132 4925 μοι
1157 4859 1388 4927 τεκνίον,

155 4937 406 5008 Θερμῶς,
435 4940 729 5011 προθύμως
757 4946 993 4999 ἐκτελεῖν
1020 4964 1111 4999 σου
1138 4949 1229 5001 τὸν
1262 4951 1480 5022 δρόμον,

154 5028 365 5080 Ἔωθεν
398 5029 558 5093 εὐθὺς
585 5034 709 5096 τοὺς
739 5035 1010 5106 κλινήρεις
1045 5056 1138 5091 σου
1175 5040 1412 5110 βλέποις,

161 5117 352 5170 Ἀλλου
387 5119 494 5188 πρὸ
527 5123 722 5185 παντὸς
754 5127 1124 5195 φαρμακεύων
1156 5135 1266 5195 τοῖς
1297 5133 1495 5202 λόγοις,

158 5204 267 5260 Εἶτ’
300 5207 366 5263 αὖ
395 5214 710 5279 πρεπόντως
736 5217 1063 5286 προσφέροις
1091 5221 1253 5276 σίτων
1281 5224 1479 5290 δόσεις,

169 5296 254 5362 Ὠς
283 5301 387 5371 χρὴ
420 5301 463 5353 δ’
496 5303 731 5374 ἑκάστῳ,
762 5307 1126 5378 συνδιακρίσει
1153 5313 1333 5380 λόγου.

157 5391 326 5456 Μέλος
352 5394 457 5462 γάρ
488 5396 622 5454 ἐστι,
657 5399 730 5467 μὴ
760 5400 1032 5470 παρέρχου
1061 5403 1150 5456 τὸν
1183 5407 1368 5472 πέλας.

157 5482 337 5547 Οὕτως
370 5485 724 5556 ὑπηρετοῦντι
760 5491 947 5559 μισθός
974 5509 1056 5546 σοι
1094 5496 1283 5564 μέγας,

156 5574 272 5639 Φῶς
304 5578 610 5646 ἀπρόσιτον,
642 5583 886 5652 οὖρα·ιῶν
916 5586 1196 5656 εὐκληρία.

487 5669 588 5723 IH'.
612 5675 793 5738 -Εἱς
831 5677 971 5741 τοὺς
1005 5680 1356 5746 νοσοῦντας.

159 5761 229 5816 Τὸ
249 5762 346 5832 τῆς
371 5763 525 5819 νόσου
562 5784 651 5838 μοι
677 5767 846 5840 δῶρον
873 5767 955 5836 εὖ,
989 5771 1192 5839 τέκνον,
1223 5774 1398 5845 δέχου.

1707 358 1944 416 IAMBI.

1800 474 1846 523 Α
1875 461 2074 517 Panem
2095 479 2162 519 ex
2189 467 2419 531 amussi,
2452 476 2504 521 et
2532 469 2578 523 si
2609 470 2738 538 quid
2768 481 2849 525 est
2875 473 3060 536 edulii.

1871 552 2077 608 Partire
2105 557 2174 610 ab
2198 573 2372 626 aequo.
2404 560 2525 628 plus
2559 570 2740 615 tamen
2773 563 3104 632 majoribus:

1870 643 2002 700 Nam
2038 648 2236 717 duplici
2268 649 2474 704 honore
2503 650 2602 704 hos
2626 651 2761 707 allici
2788 655 2926 708 ratio
2947 655 3123 722 jubet.

1871 736 2134 792 Reverere
2167 739 2368 808 pariter
2399 741 2585 796 intimo
2605 744 2769 797 situm
2791 745 2983 814 gradu,

1867 826 2002 882 Nam
2033 831 2272 885 membra
2337 833 2518 887 cuncti
2561 843 2688 889 sunt
2712 846 2824 897 tua.
2855 836 2992 889 haud
3010 853 3160 908 teque
3190 847 3363 894 tamen
3401 860 3412 893 :

1867 918 2178 990 Christique
2207 932 2466 993 tanquam
2494 941 2756 995 appareas
2781 929 3049 994 convivio,

1865 1014 2138 1080 Apostolis
2158 1024 2210 1068 te
2243 1024 2371 1069 tunc
2401 1017 2714 1073 ministrare
2731 1020 2963 1074 aestima.

1864 1102 2103 1171 Appone,
2148 1104 2293 1167 tolle,
2325 1114 2473 1160 verte
2505 1117 2578 1174 te,
2614 1107 2971 1178 circumspice
2998 1129 3014 1164 :

1870 1192 1935 1248 Ut
1961 1196 2177 1265 copiosa
2204 1196 2388 1251 redeat
2413 1199 2479 1252 ad
2509 1209 2558 1252 te
2584 1201 2779 1269 gratia.

2209 1286 2350 1343 XIV.
2387 1320 2457 1329 —
2483 1289 2550 1342 In
2579 1306 2822 1360 coquum.

1864 1378 2089 1449 Dignum
2119 1394 2320 1434 corona
2356 1388 2408 1434 te
2435 1397 2670 1452 coquum
2696 1385 2819 1453 quis
2836 1385 3063 1450 abnuat,

1857 1472 2026 1543 Cujus
2057 1475 2313 1543 perennis
2343 1476 2394 1529 in
2429 1476 2546 1531 dics
2574 1479 2734 1533 durat
2760 1480 2953 1532 labor?

1859 1566 2061 1624 Servile
2092 1585 2291 1626 munus
2321 1582 2424 1639 est,
2469 1585 2524 1628 at
2557 1576 2746 1642 ingens
2772 1576 3053 1644 praemium
3093 1596 3107 1632 :

1857 1660 2136 1715 lmmuuda
2166 1677 2271 1727 res,
2307 1665 2398 1718 sed
2430 1680 2538 1734 qua
2580 1665 2824 1719 lavantur
2854 1667 3103 1720 crimina.

1854 1752 2003 1807 Nunc
2031 1755 2169 1824 ignis
2220 1757 2349 1819 urit,
2397 1773 2466 1809 ne
2490 1757 2710 1812 futurus
2744 1758 2985 1813 devoret.

1852 1847 1961 1916 Age
1999 1864 2146 1917 ergo,
2187 1849 2339 1902 laetus
2365 1851 2430 1903 ad
2453 1851 2744 1920 coquinam
2782 1856 3030 1917 convola,

1851 1937 1917 1991 Et
1951 1955 2108 1993 mane
2138 1951 2310 1997 torres
2347 1942 2598 2004 dissecta,
2627 1943 2760 1996 ollas
2785 1943 2923 2008 clue,

1850 2029 2099 2084 Fratrum
2128 2041 2370 2100 tuorum,
2391 2050 2488 2089 ceu
2520 2035 2636 2100 Dei,
2691 2035 2842 2088 cibos
2878 2046 3075 2104 coque,

1849 2120 2099 2176 Precibus
2120 2125 2348 2180 subinde
2385 2127 2670 2188 condiens,
2708 2139 2968 2196 tanquam
3008 2128 3159 2183 sale:

1848 2208 2242 2266 Benedictionis
2272 2210 2440 2267 Jacob
2471 2224 2531 2267 ut
2560 2215 2638 2268 sis
2662 2215 2972 2284 particeps:

1846 2297 2074 2369 lstisque
2105 2300 2270 2355 vitam
2301 2303 2552 2357 claudere
2589 2303 2644 2356 in
2676 2304 2871 2358 Studiis
2891 2303 3065 2372 juvet.

2123 2390 2240 2445 XV.
2261 2423 2330 2432 —
2359 2393 2427 2446 In
2450 2404 2678 2446 sertores
2706 2409 2796 2446 seu
2828 2393 3119 2449 vestiarios.

1849 2481 1954 2537 Vos
1985 2483 2290 2538 administri
2316 2494 2368 2538 et
2397 2485 2652 2554 praesides
2682 2485 2958 2554 potissimi

1843 2573 2037 2628 Cultus
2065 2576 2282 2640 domus,
2309 2576 2498 2646 reique
2532 2575 2800 2630 vestiat-ia:
2821 2617 2836 2642 ,

1844 2663 1951 2719 Nec
1978 2664 2264 2720 difﬁcultas
2285 2681 2453 2736 parva
2472 2679 2654 2722 vestro
2685 2667 2737 2720 in
2773 2681 3014 2731 munere,

1845 2754 1950 2809 Sed
1978 2771 2105 2812 cura
2139 2765 2284 2810 certe
2325 2757 2577 2826 plurima,
2609 2767 2662 2813 et
2692 2757 2952 2822 studium,
2973 2765 3028 2811 et
3062 2756 3232 2822 labor,

1844 2844 2035 2910 Suere,
2065 2862 2284 2911 novare,
2309 2849 2565 2913 colluere,
2593 2849 2894 2921 detergere,

1843 2933 2090 2989 Dividere
2116 2937 2336 3003 cuique,
2395 2947 2542 2990 recta
2572 2939 2717 3007 quod
2776 2943 2914 2994 ratio
2947 2947 3150 3004 monet,

1840 3019 1958 3075 Non
1984 3033 2132 3076 sorte
2160 3024 2371 3088 eadem,
2407 3041 2593 3078 verum
2611 3041 2800 3080 amore
2826 3028 2970 3081 haud
2991 3027 3217 3095 dispari,

1841 3107 2048 3176 Quippe
2077 3109 2211 3162 alter
2235 3111 2406 3164 altero
2428 3111 2498 3164 ob
2527 3111 2764 3167 laborem
2798 3114 3132 3184 estdignior.

1839 3196 2023 3248 Videte
2053 3210 2216 3263 porro
2246 3197 2468 3265 provide
2497 3198 2584 3253 his
2612 3199 2914 3269 fungamini
2949 3218 2962 3253 :

1834 3288 2095 3342 Mei-cedis
2128 3297 2185 3341 ut
2212 3291 2280 3342 ab
2299 3289 2392 3343 illo
2416 3289 2602 3346 feratis
2633 3293 2878 3362 gratiam,

1834 3379 2068 3450 Equata
2099 3380 2309 3434 meritis
2350 3382 2444 3451 qui
2466 3384 2714 3452 rependit
2742 3387 2986 3453 praemia.

2269 3467 2407 3526 XVI.
2438 3500 2508 3509 —
2535 3471 2598 3525 In
2627 3475 2962 3528 cxcitatores.

1831 3579 1938 3635 Nec
1970 3597 2171 3650 parvus
2203 3583 2345 3637 inter
2374 3591 2599 3639 caeteros
2633 3585 2789 3638 vobis
2823 3586 3001 3651 labor,

1833 3674 2179 3729 Exsuscitare
2212 3677 2584 3731 somnolentos
2616 3693 2933 3748 congreges,

1827 3764 2137 3835 Locumque
2160 3767 2216 3820 in
2244 3784 2411 3822 unum
2440 3779 2591 3837 parte
2621 3770 2689 3824 ab
2719 3771 2868 3824 omni
2897 3788 3107 3842 cogere.

1830 3856 2003 3910 Simul
2051 3873 2181 3928 ergo
2211 3859 2344 3928 ligni
2377 3871 2505 3914 nota
2539 3865 2822 3930 personuit
2851 3866 3001 3927 tuba,

1825 3947 1948 4002 Mox
1978 3951 2295 4020 angelorum
2329 3968 2482 4006 more
2510 3970 2732 4008 cursum
2766 3955 3028 4011 intendite

1824 4040 1998 4094 Cellas
2036 4057 2129 4109 per
2161 4058 2376 4108 omnes,
2407 4053 2546 4099 tecta
2578 4062 2676 4115 per
2705 4049 2926 4103 cubilia.

1825 4131 2000 4186 Divini
2039 4134 2104 4188 ad
2139 4135 2370 4206 hymnos
2404 4139 2634 4193 excitate
2662 4142 2944 4207 carminis,

1822 4221 1890 4274 Et
1923 4223 2136 4278 Domini
2170 4226 2235 4279 ad
2265 4227 2434 4281 aulam
2468 4230 2660 4285 sedulo
2691 4235 3022 4303 compellite.

1821 4310 2080 4378 Interdiu,
2116 4327 2415 4387 noctuque,
2452 4334 2548 4374 seu
2591 4323 2839 4388 meridie,

1822 4401 2000 4458 Unum
2038 4418 2326 4465 evocantes
2359 4426 2632 4482 quemque
2660 4430 2822 4482 quam
2860 4418 3188 4475 scitissime:

1744 4487 1797 4547 D
1825 4493 1931 4550 Vos
1960 4500 2284 4566 congruenti
2314 4504 2536 4569 pra'mio
2561 4513 2621 4556 ut
2653 4519 2983 4571 remuneret,

1821 4582 1925 4650 Qui
1963 4594 2161 4640 cuncta
2199 4587 2363 4656 justis
2386 4590 2492 4643 rite
2522 4591 2754 4659 p'artitur
2782 4597 2976 4650 modis.

2097 4676 2258 4734 XVII.
2290 4711 2359 4722 —
2389 4679 2454 4734 In
2490 4698 2750 4752 a’grorum
2782 4696 3097 4744 curatorem.

1818 4770 2008 4825 Divina
2039 4787 2126 4827 res
2155 4782 2239 4827 est
2269 4777 2504 4845 compati
2529 4793 2796 4848 agrorum
2828 4781 3005 4838 malis.

1817 4863 1925 4920 llas
1954 4881 2084 4936 ergo
2115 4877 2295 4935 partes
2321 4870 2620 4935 sustinens,
2652 4871 2748 4935 fili,
2780 4875 2956 4940 stude,

1817 4957 2073 5026 Prompte
2104 4974 2167 5013 ac
2198 4959 2452 5024 libenter,
2485 4977 2646 5029 quem
2674 4972 2843 5031 tenes,
2873 4983 3094 5023 cursqu
3132 4970 3284 5040 sequi
3317 4987 3330 5023 :

1815 5046 1980 5102 Lecto
2006 5048 2254 5118 jacentes
2286 5050 2405 5104 luce
2449 5051 2626 5119 prima
2664 5053 2918 5120 invisere,

1815 5138 2168 5210 Primumque
2192 5141 2402 5195 blandis
2431 5141 2724 5198 confovere
2761 5147 3013 5204 affatibus
3043 5168 3056 5202 :

1813 5228 1942 5283 Post
1967 5230 2080 5284 haec
2107 5239 2290 5299 parata
2323 5232 2685 5286 condecenter
2724 5235 2985 5302 inferens,

1814 5319 1884 5375 Ut
1913 5323 2108 5390 cuique
2130 5323 2421 5392 quadrant,
2448 5325 2724 5380 esculenta
2750 5328 2950 5383 divide.

1811 5410 1954 5467 Cave
1985 5413 2261 5482 relinquas
2295 5415 2599 5482 proximum
2636 5435 2649 5470 :
2685 5433 2812 5486 pars
2848 5430 2930 5475 est
2958 5424 3054 5479 tui.

1812 5501 1949 5556 Dum
1977 5503 2056 5558 sic
2079 5504 2377 5571 ministras,
2405 5521 2597 5576 magna
2624 5523 2832 5564 merces
2868 5521 2918 5566 te
2955 5524 3156 5578 manet,

1812 5593 1930 5649 Lux
1961 5597 2307 5666 sempiterna,
2338 5614 2458 5654 sors
2491 5603 2643 5655 beata
2676 5604 2942 5660 caelitum.

2210 5692 2399 5748 XVIII.
2429 5723 2496 5733 ——
2528 5691 2595 5747 In
2622 5707 2958 5766 (egrotantes.

1811 5778 1938 5838 Mihi
1973 5784 2094 5851 rite,
2123 5784 2217 5852 fili,
2249 5802 2450 5842 munus
2477 5787 2577 5844 hoc
2608 5791 2782 5846 morbi
2806 5805 2974 5860 cape:

3288 370 3418 435 1786
