3976 6314
584 360 716 424 1787
1755 359 1813 415 S.
1853 355 2239 414 THEODORI
2279 354 2623 413 STUDITzE

579 476 832 530 leestis
863 472 966 524 ista
999 478 1083 524 est
1113 484 1244 523 cura
1272 468 1649 539 providentiae.

582 567 684 621 Fer
716 564 998 620 aestuantis
1034 563 1244 617 fortiter
1287 562 1560 615 ﬂammam
1596 559 1745 623 mali,

584 659 653 714 Et
687 658 833 712 molli
862 657 1123 710 habenda:
1150 669 1274 709 rore
1302 655 1449 724 tinge
1482 653 1688 722 gratiae.

584 748 688 803 Job
717 747 995 811 simulare,
1021 748 1170 815 paria
1198 760 1320 798 cum
1350 745 1466 797 viro
1493 744 1741 810 loquens,

586 842 692 908 Qui
720 857 820 895 nec
854 839 1124 909 loquendo
1150 837 1329 905 decipi
1360 852 1420 891 se
1455 851 1650 905 passus
1674 848 1776 889 est.

589 933 648 988 Si
677 934 813 988 forte
846 934 1041 986 transit
1067 932 1361 1001 quispiam,
1390 929 1533 982 haud
1572 944 1736 983 cerne
1757 938 1811 983 et
1838 936 1976 992 tace,

590 1029 892 1083 Contentus
928 1028 1039 1091 illa,
1070 1041 1232 1095 quam
1262 1026 1340 1079 tui
1373 1039 1561 1080 curam
1588 1032 1806 1093 gerunt,

594 1119 667 1175 Ut
707 1121 790 1176 sic
816 1119 872 1173 in
905 1133 1046 1188 agro
1090 1134 1187 1172 cor
1220 1118 1517 1193 hilarescat
1548 1132 1801 1186 corpore.

1072 1231 1214 1287 XIX.
1244 1262 1313 1271 —
1344 1231 1409 1285 In
1441 1242 1668 1285 sutores.

594 1324 641 1380 Ο
675 1334 915 1394 quantus
948 1324 1082 1379 artis
1119 1333 1199 1378 est
1234 1325 1409 1377 honos
1438 1323 1693 1377 sutoriaa!

594 1416 699 1471 Ars
729 1432 924 1486 nempe
952 1415 1103 1469 Pauli
1134 1416 1357 1468 maximi
1398 1428 1479 1469 est
1514 1414 1773 1484 apostoli.

595 1509 730 1577 Ejus
759 1509 1007 1563 laborum
1037 1507 1312 1577 provocati
1347 1508 1634 1569 memoria,

594 1599 859 1665 Perferte,
894 1601 1040 1653 velut
1070 1601 1350 1668 operarios
1373 1597 1576 1652 Christi
1606 1598 1782 1662 decet,

596 1687 746 1755 Quos
783 1689 896 1743 haec
926 1689 984 1743 in
1014 1689 1179 1743 horas
1208 1703 1346 1742 cura
1375 1688 1607 1743 sudores
1637 1697 1809 1743 creat.

599 1782 773 1836 Sectis
805 1782 1062 1835 decenter
1099 1780 1349 1850 pellibus,
1386 1790 1651 1849 quantum
1675 1789 1759 1834 est
1789 1793 1947 1847 opus,

598 1872 797 1928 Vetera
833 1874 1109 1938 innovate,
1137 1874 1332 1928 deinde
1360 1889 1499 1928 nova
1526 1872 1880 1941 compingite,

604 1966 715 2021 Nec
742 1966 1043 2037 quidquam
1073 1967 1235 2021 inerti
1270 1965 1523 2036 projicite
1555 1964 1828 2031 socordia,

599 2057 755 2124 Quod
795 2059 939 2111 velut
967 2059 1209 2127 ineptum
1251 2058 1446 2127 projici
1481 2074 1590 2111 non
1622 2056 1814 2111 debeat
1842 2074 1856 2109 :

601 2151 679 2206 he
702 2152 834 2221 quid
866 2152 1108 2205 vicissim
1150 2152 1369 2221 parcius
1389 2150 1681 2205 concidite.

602 2242 738 2297 Nam
770 2253 963 2299 cuncta
995 2256 1142 2299 recte
1175 2244 1220 2298 si
1248 2244 1457 2314 geritis,
1503 2254 1667 2313 atque
1692 2242 1905 2308 ordine,

603 2338 713 2390 Par
746 2337 891 2391 lucta
916 2336 1072 2391 vobis
1110 2346 1413 2406 martyrum
1441 2345 1524 2391 est
1556 2336 1866 2391 certamini.

1006 2450 1129 2506 XX.
1152 2482 1223 2493 -—
1252 2450 1317 2504 In
1352 2451 1738 2505 dormitorium.

606 2543 873 2596 Somnum
904 2543 1152 2598 levandis
1180 2544 1270 2613 qui
1306 2544 1505 2599 dedisti
1536 2544 1815 2610 sensibus,

607 2635 807 2706 Longa:
835 2636 945 2691 diei
977 2652 1115 2705 quos
1139 2636 1357 2691 labores
1384 2646 1645 2701 atterunt,

606 2727 738 2782 Mihi
773 2743 1047 2798 saporem,
1089 2728 1305 2783 Christe
1338 2730 1434 2792 mi,
1470 2728 1707 2783 Verbum
1738 2727 1854 2792 Dei,

609 2818 709 2883 Da,
742 2834 946 2888 quaeso,
988 2818 1227 2883 facilem,
1253 2820 1321 2873 da
1350 2819 1501 2873 brevi
1531 2836 1693 2874 cursu
1726 2818 1918 2883 levem,

609 2909 679 2963 Et
704 2910 1034 2964 turbulentis
1064 2911 1295 2964 liberum
1326 2910 1751 2981 phantasmatis,

612 3000 1000 3056 Desiderandis
1038 3000 1345 3055 afﬂuentem
1380 3002 1627 3056 somniis.

615 3091 753 3147 Tum
782 3110 870 3148 me
899 3096 1144 3148 vocantis
1171 3094 1373 3148 suscita
1419 3095 1484 3147 ad
1516 3095 1645 3162 ligni
1684 3108 1902 3158 sonum,

614 3183 1113 3254 Exspergefactum,
1148 3186 1381 3239 alacrem
1438 3194 1493 3238 et
1516 3195 1702 3253 aptum
1728 3185 1999 3249 cautibus,

617 3277 853 3332 Stabiles
879 3278 938 3331 in’
957 3277 1177 3347 hymnis
1202 3278 1306 3332 rite
1326 3275 1657 3331 confirmans
1678 3276 1864 3345 pedes,

615 3367 849 3421 Mentem
883 3384 913 3423 a
949 3368 1217 3437 protervis
1246 3369 1553 3423 daemonum
1584 3378 1765 3425 tutans
1795 3370 1969 3435 dolis,

618 3459 915 3529 Clarosque
948 3458 1147 3529 lingua:
1185 3461 1321 3514 dans
1347 3459 1555 3525 modos,
1584 3461 1741 3529 queis
1774 3461 2022 3532 gloriam,

618 3549 857 3619 Tumque
889 3550 1077 3606 laudes
1098 3551 1307 3604 intonet
1328 3552 1582 3619 potentia:
1608 3567 1625 3608 :

621 3644 696 3698 Ut
732 3644 812 3698 sic
839 3652 1053 3713 peracta
1086 3652 1244 3698 nocte
1271 3658 1463 3713 purus,
1489 3644 1694 3699 lumine

620 3735 829 3807 Legum
861 3745 1077 3791 tuarum
1117 3734 1368 3805 perfruar
1395 3737 1659 3793 diluculo.

926 3848 1067 3903 XXI.
1091 3880 1161 3891 -—
1193 3849 1261 3903 In
1293 3850 1475 3903 divites
1516 3868 1577 3903 ac
1604 3867 1875 3921 pauperes.

622 3942 891 3997 Memento
925 3944 1018 4011 qui
1049 3943 1146 4005 sis,
1172 3957 1206 3995 o
1230 3942 1410 4006 homo,
1446 3943 1578 4012 quid
1609 3944 1939 4013 impendeat,

624 4037 798 4103 Quam
832 4036 1015 4091 sedem
1045 4036 1335 4101 inhabites,
1361 4051 1470 4105 quo
1501 4038 1845 4108 migrandum
1879 4038 2135 4109 denique,

623 4130 704 4183 Ad
734 4144 931 4198 supera
960 4143 1183 4198 prorsus
1232 4129 1393 4183 tende
1431 4131 1579 4184 curis
1614 4132 1889 4187 omnibus.

623 4219 865 4274 Plurima
900 4220 975 4274 ibi
1006 4220 1122 4283 lux,
1153 4230 1207 4274 at
1253 4236 1411 4289 poma
1441 4236 1604 4291 porro
1643 4223 1975 4278 indesinens.

626 4313 723 4366 llic
752 4314 1012 4382 quidquid
1046 4322 1147 4377 est,
1187 4314 1239 4366 id
1276 4330 1431 4377 aura,
1470 4314 1687 4380 ﬂuctus,
1718 4318 2013 4372 soumium.

626 4406 891 4475 Liquatur
918 4420 1133 4467 aurum,
1162 4406 1281 4459 laus
1308 4407 1465 4474 perit,
1493 4407 1597 4461 alia
1628 4408 1878 4473 effluunt,

626 4496 985 4566 Planctuque,
1018 4498 1381 4566 lacrymisque
1408 4497 1497 4551 hic
1522 4499 1829 4554 redundant
1853 4502 2059 4555 omnia.

628 4587 772 4642 Cave
792 4603 859 4643 ne
882 4589 1042 4642 inane
1071 4598 1283 4658 tempus
1312 4588 1453 4642 elabi
1485 4590 1657 4655 sinas,

631 4679 785 4749 Quod
816 4697 915 4737 nec
938 4691 1083 4736 retro
1115 4683 1312 4747 redire,
1339 4698 1441 4737 nec
1468 4681 1581 4737 falli
1607 4691 1783 4752 potest

1068 4792 1233 4847 XXII.
1254 4825 1324 4835 —
1343 4793 1405 4847 In
1436 4795 1749 4849 mundanas.

632 4879 835 4935 Christi
871 4873 1133 4950 sequaces
1165 4882 1435 4936 mansueti
1463 4892 1518 4937 et
1545 4883 1757 4952 optimi,

633 4973 746 5026 Cur
768 4972 1021 5027 efferatos
1050 4974 1255 5028 mutuis
1292 4974 1601 5039 discordiis,

634 5064 767 5134 Ejus
791 5066 1123 5119 tremendam
1151 5081 1259 5119 non
1290 5067 1455 5135 pudet
1486 5067 1707 5121 domum
1735 5067 1987 5137 ingredi?

637 5157 1001 5210 Sacrosancta
1024 5157 1166 5210 dona
1194 5160 1470 5227 quomodo
1498 5158 1777 5212 Iibabitis?

637 5248 708 5300 At
734 5248 878 5302 enim
915 5258 968 5303 et
1001 5246 1171 5303 Judas
1199 5250 1366 5319 impio
1397 5253 1660 5304 accedens
1697 5252 1844 5314 dolo,

636 5337 798 5392 Foris
828 5339 1091 5403 salutans,
1125 5339 1217 5393 sed
1246 5338 1431 5394 furens
1464 5342 1810 5405 intrinsecus,

639 5430 802 5483 Dirus
826 5430 1072 5500 magistri
1101 5431 1353 5486 venditor
1393 5434 1567 5502 patuit
1601 5433 1708 5488 sui.

640 5519 760 5577 Huc
780 5536 908 5591 ergo
943 5538 1011 5577 ne
1036 5523 1157 5593 quis
1184 5524 1391 5579 hostem
1422 5526 1627 5580 habens
1658 5527 1885 5596 gradum
1918 5526 2050 5582 ferat
2077 5544 2090 5579 :

640 5612 919 5669 Mucronis
951 5617 1122 5671 aciem
1151 5617 1357 5687 pectori
1389 5617 1617 5688 inﬁgens
1652 5636 1773 5686 suo,

642 5704 917 5761 Flammas
948 5722 1210 5776 perennes
1241 5708 1447 5776 praemii
1478 5710 1671 5765 referet
1702 5711 1839 5766 loco.

645 5796 771 5855 Haec
798 5814 897 5856 nos
928 5799 1179 5866 scientes,
1215 5802 1367 5860 valde
1392 5818 1636 5861 amemus
1666 5804 1919 5861 invicem.

2170 476 2218 527 Α
2255 467 2556 535 Ἐπισκοπὴ
2586 464 2693 534 γάρ
2727 464 2842 515 ἐστι
2870 462 3021 524 θείας
3047 460 3350 530 φροντίδος.

2243 560 2435 628 ⁴ιιέροις
2466 559 2707 620 ἀνεκτῶς
2727 557 2825 623 τῆς
2854 556 3085 625 καμίνου
3116 555 3213 624 τὴν
3238 554 3440 620 φλόγα,

2258 651 2348 704 Ἐν
2376 650 2453 721 τῷ
2481 642 2757 719 δροσισμῷ
2777 649 2878 718 τῆς
2899 645 3349 716 ἀπευχαριστίας.

2260 741 2379 794 Ἰὼδ
2402 742 2601 809 γένοιο,
2632 743 2759 803 τοὺς
2783 740 2991 794 ἐκείνου
3021 739 3138 808 φῶν
3164 739 3384 807 λόγους,

2260 837 2376 905 Ἐφ’
2407 830 2488 898 οἷς
2520 837 2786 906 ἁμαρτεῖν
2819 836 2919 888 οὐκ
2949 834 3121 904 ἀνῆκε
3151 833 3255 885 κᾶν
3279 831 3453 900 λόγῳ.

2248 928 2367 982 Κᾶν
2394 928 2440 981 δ’
2470 925 2537 981 αὖ
2571 926 2812 998 παρέλθῃ
2834 928 2916 990 τίς
2946 944 3027 990 σε,
3062 925 3136 996 μή
3163 924 3386 994 βλέψας,
3419 923 3580 989 σίγα,

2263 1020 2353 1072 Ἐν
2383 1021 2549 1072 πᾶσιν
2572 1019 2737 1073 αἰνῶν
2764 1022 2829 1089 τῇ
2869 1018 3008 1072 κατὰ
3034 1018 3225 1088 χρείαν
3252 1014 3397 1069 δόσει
3416 1030 3435 1044 ο

2253 1112 2351 1165 'Iv‘
2382 1106 2441 1165 εὖ
2474 1111 2723 1181 παθήσῃς
2749 1112 2963 1181 σώματι
2996 1110 3134 1181 πρὸς
3154 1110 3407 1180 καρδίαν.

2636 1221 2741 1277 ΙΘ’.
2759 1252 2827 1264 -
2843 1223 2946 1287 Εις
2970 1222 3107 1288 τοὺς
3134 1221 3403 1287 σκυτεῖς.

2256 1316 2614 1371 Πεδιλοποιῶν
2639 1315 2716 1380 ὡς
2742 1315 2960 1387 ἄριστος
2994 1316 3028 1387 ἡ
3054 1316 3246 1386 τέχνηῐ

2268 1407 2589 1462 ’Δποστόλου
2620 1411 2729 1477 γάρ
2756 1408 2873 1459 ἐστι
2906 1406 3142 1472 Παύλου,
3175 1406 3269 1459 τοῦ
3299 1406 3471 1460 πάνυ.

2259 1502 2549 1571 Ζηλοῦντες
2574 1501 2738 1556 αὐτοῦ
2765 1505 2893 1568 τοὺς
2928 1504 3156 1575 ἱδρῶτας
3182 1504 3292 1556 τῶν
3316 1502 3530 1566 κόπων,

2260 1588 2491 1655 Δέξασθε
2525 1591 2741 1661 θερμῶς
2769 1593 2895 1655 τοὺς
2929 1595 3123 1655 πόνους
3150 1591 3497 1663 καθημέραν,

2272 1682 2359 1746 Ὡς
2388 1684 2614 1751 ἐργάται
2649 1684 2923 1755 Χριστοῖο,
2943 1685 3105 1753 τῆσδε
3132 1686 3437 1755 φροντίδος.

2194 1829 2234 1882 Β
2262 1777 2482 1847 Δέρρεις
2508 1794 2567 1829 τε
2598 1776 2824 1848 βύρσας,
2858 1777 2932 1840 ὡς
2962 1778 3100 1843 δέον,
3125 1782 3485 1850 τετμηκὰτες.

2268 1868 2479 1921 Παλαιὰ
2508 1870 2974 1940 καινουργοῦντες,
3002 1870 3121 1924 εἶτα
3153 1874 3246 1924 καὶ
3275 1874 3391 1937 νέα,

2264 1959 2355 2029 Μὴ
2385 1960 2680 2033 νωθρότητι
2710 1963 2845 2032 πρὸς
2883 1964 3227 2034 παράχρησῐν
3254 1966 3441 2033 λόγου,

2276 2050 2641 2119 Ῥιπτοῦντες,
2677 2055 2731 2107 εῐ
2758 2072 2810 2108 τι
2838 2055 2946 2107 τῶν
2982 2057 3146 2127 ριφῆς
3176 2059 3275 2111 οὐκ
3305 2059 3499 2125 ἀξίων,

2271 2145 2341 2198 Ἦ
2365 2145 2462 2217 τὴν
2492 2149 2662 2216 τομὴν
2692 2148 2950 2219 φέροντες
2980 2149 3242 2215 ἐλλειπῶς
3267 2152 3431 2222 ῦπερ.

2269 2236 2517 2289 ’Δπαντα
2555 2238 2664 2308 γὰρ
2698 2238 2974 2303 ποιοῦντες
3002 2241 3322 2312 ἀξιοχρέως,

2268 2328 2391 2380 Τῶν
2418 2329 2839 2399 μαρτυρούντων
2871 2330 3159 2395 ἑξανύσετε
3192 2334 3411 2403 δρόμον.

2618 2448 2705 2502 Κ’.
2726 2450 2917 2514 -Εὶς
2942 2449 3009 2503 τό
3049 2450 3462 2518 κοιμητήριον.

2282 2538 2341 2591 '0
2361 2537 2483 2601 δοὺς
2504 2538 2595 2592 τὸν
2626 2539 2793 2593 ὕπνον
2817 2542 3004 2604 πᾶσιν,
3022 2543 3105 2604 εἰς
3133 2540 3328 2611 λύτρον
3354 2543 3563 2610 πόνων,

2270 2621 2479 2697 Ὦνπερ
2504 2630 2778 2699 παρέσχεν
2804 2631 2836 2700 ἡ
2862 2631 3087 2702 διαυγὴς
3117 2633 3321 2701 ἡμέρα,

2272 2722 2457 2791 Κάμοὶ
2484 2723 2791 2792 παράσχου,
2821 2723 3024 2793 Χριστέ
3060 2741 3182 2793 μου,
3208 2725 3345 2778 Θεοῦ
3376 2728 3549 2794 Δότε,

2274 2814 2488 2883 Κοῦφον
2518 2816 2606 2869 τὸν
2641 2815 2827 2879 ὕπνον,
2855 2817 2954 2887 ἡδὺ
2988 2819 3081 2871 καὶ⁸
3104 2822 3239 2889 ταχὺ
3277 2820 3506 2891 δρόμον,

2275 2908 2677 2977 Φαντασμάτων
2709 2910 2807 2979 μὲν
2829 2911 2938 2963 τῶν
2965 2912 3149 2964 κακῶν
3177 2912 3508 2981 ἐξωσμένον,

2290 2998 2612 3070 Ὀνειράτων
2639 3000 2696 3053 δὲ
2726 3001 2836 3053 τῶν
2863 3001 3041 3054 καλῶν
3066 3004 3470 3072 πεπλησμένον.

2279 3088 2388 3140 Καί
2420 3089 2474 3158 μ’
2506 3089 2801 3159 ἐξέγειρον,
2843 3092 3313 3162 κρουσματοῦντος
3345 3092 3442 3146 τοῦ
3476 3094 3664 3158 ξύλου,

2202 3164 2248 3225 C
2290 3180 2621 3243 Ἀνέκλυτον,
2655 3183 2921 3253 σταθηρὸν
2947 3184 3197 3253 εὐθύμως
3217 3186 3383 3257 ᾄδειν,

2287 3274 2473 3327 Ίστῶν
2505 3276 2668 3339 πόδας
2698 3293 2801 3345 μου
2837 3279 3121 3349 καρτερῶς
3151 3281 3209 3331 ὲν
3244 3280 3472 3344 αἰνέσει,

2278 3368 2537 3439 Φρουρῶν
2559 3368 2685 3431 νόας
2717 3387 2816 3438 μου
2846 3370 3116 3440 δαιμόνων
3145 3372 3506 3440 πανουργίας,

2281 3461 2539 3513 Γλῶσσαν
2560 3461 2770 3532 τρανῶν
2794 3479 2895 3529 μου
2932 3461 3068 3530 πρὸς
3094 3461 3153 3513 τὸ
3182 3462 3411 3530 μέλπειν
3434 3462 3704 3527 εὐτόνως,

2280 3553 2375 3614 Εἰς
2402 3552 2556 3616 δόξαν
2584 3552 2749 3605 αῖνων
2778 3553 2872 3605 τοῦ
2905 3554 3163 3622 μεγίστου
3192 3569 3285 3604 σου
3314 3552 3559 3621 κράτους
3580 3568 3597 3584 ·

2282 3643 2470 3709 Ὅπως
2492 3645 2695 3707 τέλειος
2723 3646 3109 3717 νυκτερεύσας,
3140 3643 3421 3716 όρθρίσας,

2280 3736 2357 3788 Τὸ
2388 3736 2503 3806 φῶς
2534 3737 2626 3790 ῐδω
2657 3754 2749 3789 σου
2780 3738 2889 3790 τῶν
2920 3737 3151 3791 ἐντολῶν
3178 3738 3441 3809 πρωῖθεν.

2483 3848 2615 3904 KA'.
2639 3851 2824 3915 -Εὶς
2848 3850 3187 3917 πλουσίους
3222 3850 3320 3903 και
3349 3850 3642 3916 πένητας.

2287 3940 2424 3995 Ἴσθι
2450 3942 2533 4003 τίς
2556 3940 2651 4008 ῶν,
2683 3941 2955 4011 ἄνθρωπε,
2979 3945 3074 3995 καὶ
3105 3943 3157 3995 τί
3190 3960 3269 3995 σοι
3298 3943 3471 4013 μένει,

2286 4033 2437 4102 Ὀπη
2470 4036 2774 4104 παροικεῖς,
2809 4035 2903 4086 καὶ
2931 4034 3273 4103 μετασταίειν
3306 4036 3478 4105 ἔχεις,

2287 4124 2447 4188 Ὅλος
2477 4125 2643 4192 γίνοιο
2676 4126 2811 4195 πρὸς
2833 4126 2879 4178 τ’
2910 4126 3022 4179 ἄνω
3048 4130 3111 4198 τῇ
3141 4128 3400 4198 φροντίδι.

2288 4215 2499 4286 Πλῆρές
2533 4218 2585 4285 γ’
2614 4219 2733 4271 ἐκεῖ
2756 4219 2891 4289 φῶς,
2920 4219 3057 4272 ἀλλά
3082 4219 3175 4271 καὶ
3206 4220 3385 4289 κρίσις
3416 4218 3579 4289 άληξ.

2288 4309 2379 4377 Τῷ
2406 4310 2519 4379 τῇδ’
2540 4311 2568 4363 ὅ
2599 4310 2647 4364 τ’
2670 4310 2866 4374 εἴποις,
2898 4308 3061 4379 αὖρα,
3089 4310 3233 4379 ῥοῦς,
3258 4312 3354 4363 καὶ
3380 4313 3659 4380 νυκτόναρ

2289 4402 2499 4470 Χρυσὺς
2531 4404 2765 4473 χοοῦται,
2793 4403 2897 4468 δόξ’
2928 4402 3180 4465 ἀπανθεῖ,
3213 4399 3383 4454 τᾶλλα
3422 4406 3531 4474 ῥεῖ,

2220 4521 2264 4575 D
2291 4494 2617 4557 Πολύστονα,
2649 4494 2896 4564 θρηνηρὰ
2925 4495 3099 4548 πάντα
3127 4494 3370 4556 τάνθάδε,

2295 4584 2425 4652 Ἔχε
2459 4582 2773 4653 προσεκτῶς
2808 4585 2881 4653 μή
2907 4600 2966 4635 σε
2995 4583 3189 4655 κυλίσῃ
3219 4584 3427 4651 χρόνος,

2290 4668 2367 4728 Οῦ
2400 4676 2475 4747 μὴ
2500 4675 2662 4730 πάλιν
2686 4676 2963 4747 ἄγραιτον,
2999 4676 3033 4745 ἦ
3066 4676 3293 4728 παικτὸν
3319 4676 3495 4728 πέλει.

2710 4792 2841 4846 KB’.
2860 4793 3043 4856 -Εις
3068 4792 3421 4860 κοσμικούς.

2292 4884 2528 4955 Χριστοῦ
2563 4884 2819 4954 μαθηταὶ,
2849 4884 2942 4937 τοῦ
2972 4882 3133 4937 καλοῦ
3159 4883 3254 4936 καὶ
3282 4882 3510 4952 πραέος,

2292 4978 2470 5047 Μῆνιν
2501 4978 2755 5048 φέροντες
2792 4979 2871 5041 εἰς
2904 4977 3129 5039 ἑαυτοὺς
3158 4978 3276 5036 ταῖς
3310 4977 3540 5044 μάχαις,

2299 5069 2418 5129 Πῶς
2448 5072 2527 5132 εἰς
2552 5070 2612 5121 τὸ
2640 5067 2805 5122 αὐτοῦ
2836 5066 3045 5137 βαίνετε
3080 5065 3306 5136 φρικτὸν
3334 5066 3538 5135 δόμον;

2295 5158 2493 5230 Δώρων
2518 5160 2809 5228 πανάγνων
2841 5158 2958 5220 πῶς
2994 5155 3243 5225 μεθέξετε
3278 5154 3487 5221 ξενωςς

2299 5253 2407 5305 Καὶ
2432 5251 2539 5320 μὴν
2574 5249 2773 5313 Ἰούδας
2799 5251 2838 5303 ό
2863 5247 3173 5317 προσελθὼν
3198 5250 3255 5299 ὲν
3279 5247 3441 5315 δόλῳ,

2295 5341 2469 5395 Φιλῶν
2495 5342 2595 5411 μὲν
2625 5342 2748 5408 ἔξω,
2781 5341 2985 5411 μηνιῶν
3013 5339 3072 5392 δὲ
3095 5341 3207 5400 τοῖς
3234 5338 3364 5403 ἔσω,

2302 5432 2479 5502 Ὥερθη
2511 5431 2757 5502 μαθητὴς
2783 5432 3080 5501 πεπρακὼς
3112 5429 3201 5482 τὸν
3230 5428 3534 5498 Δεσπότην.

2298 5525 2503 5595 Μηδεὶς
2532 5524 2778 5593 παρείτω
2805 5523 2995 5576 λοιπὸν
3028 5520 3316 5591 ἐχθρωδῶς
3348 5519 3514 5589 ἔχων,

2299 5617 2461 5685 Ξίφος
2484 5617 2605 5669 κατ’
2631 5614 2797 5669 αὐτοῦ
2825 5613 3084 5686 πηγνύων
3112 5615 3178 5683 τῇ
3209 5612 3434 5682 καρδίᾳ,

2300 5709 2527 5760 Αὶώνιον
2551 5706 2659 5778 πῦρ
2691 5707 2982 5778 άντίδωρον
3009 5704 3323 5775 λαμϐάνων.

2302 5800 2524 5863 Γνόντες
2555 5801 2622 5855 τά
2666 5800 2810 5867 τῇδε,
2837 5797 3145 5871 προτεριλῶς
3169 5791 3389 5867 σχῶμεν
3417 5793 3581 5849 πάνυ.

3722 346 3821 363 -ιικ

3733 352 3821 405 ἰδέ
