3976 6314
160 350 290 416 1789
1646 371 1730 431 ῙΑᾏ

1795 373 1886 434 BI.
3233 359 3365 426 1790

628 467 754 522 Kl".
778 499 846 510 —
865 472 969 535 Είς
996 471 1221 541 όὸίτην.
1736 484 1789 543 Α

1736 484 1789 543 Α
2251 480 2437 536 XXIII.
2465 511 2534 526 --
2560 479 2627 532 In
2659 479 2927 532 viatorem.

165 552 365 606 Ἐλθὼν
393 556 620 621 καθέζου
651 561 758 621 πᾶς
785 577 870 624 τις
899 561 1108 632 ὕϐρεως
1136 565 1286 638 δίχα·

1810 574 2005 630 Procul
2033 574 2228 644 hospes
2257 588 2473 628 omnem
2501 572 2638 641 pelle
2662 567 3085 625 contumeliam:

153 643 283 696 Θεοῦ
313 646 422 716 γάρ
450 649 594 701 ἐστιν
618 645 764 714 οἶκος
797 651 1055 726 ἔνθαπερ,
1090 656 1232 724 φίλε.

1811 664 1907 719 Est
1927 680 2080 720 sacra
2104 643 2260 720 sedes
2289 662 2629 733 quamipetis,
2666 662 2860 716 domus
2894 659 3009 714 Dei.

155 736 404 804 Κρούσας
431 738 508 805 δὲ,
544 739 690 805 λέξον
717 745 914 808 αἰτίαν,
947 748 1068 800 καθ’
1091 750 1160 818 ἢν
1184 749 1370 821 πάρει,

1810 753 2102 819 Pulsando,
2132 770 2372 816 causam,
2406 769 2504 808 cur
2533 755 2710 817 venis,
2743 752 3002 816 edissere,

157 827 295 895 Πρὸς
324 831 523 901 μικρὸν
551 829 679 887 αὖτε
711 837 1078 909 μακροθυμῶν
1105 841 1204 912 τῆν
1233 842 1420 911 φάσιν.

1810 844 2108 916 Responsa,
2132 855 2254 917 post
2281 849 2410 915 haec,
2445 845 2692 916 opperire
2715 844 3017 914 paululum.

157 918 294 970 Εἵσω
323 922 380 973 δὲ
414 923 611 992 βαίνων
645 927 742 978 σὺν
775 930 923 1000 φόϐῳ
952 949 1012 985 τε
1038 934 1132 988 καὶ
1162 934 1336 1006 πόθῳ,

1810 937 1945 992 Cum
1979 939 2143 993 limen
2177 938 2371 1002 intras,
2401 938 2564 992 misto
2590 950 2776 989 amore
2799 951 2923 989 cum
2963 942 3127 1000 metu,

154 1009 240 1078 Τῷ
265 1015 508 1086 Δεσπότῃ
542 1034 635 1070 σου
662 1020 762 1083 τὰς
804 1027 1111 1095 προσευχάς
1140 1044 1232 1081 σου
1267 1029 1431 1084 δίδου.

1813 1028 2080 1083 Solvenda
2111 1029 2346 1098 primum
2378 1035 2500 1081 vota
2533 1027 2611 1080 fer
2643 1026 2870 1080 Domino
2900 1025 3141 1079 omnium
3176 1043 3190 1079 :

155 1103 336 1171 Μηδὲν
369 1106 425 1158 δὲ
457 1109 632 1175 φάσκε
659 1112 766 1165 τῶν
810 1117 1053 1182 ματαίων
1079 1120 1172 1172 τοῦ
1206 1121 1347 1189 βίου,

1813 1117 2012 1174 Deinde
2041 1135 2173 1175 cave
2205 1121 2396 1174 inanes
2423 1119 2605 1173 saeculi
2651 1134 2822 1188 nugas
2859 1118 3008 1187 loqui
3039 1135 3053 1172 :

154 1193 544 1266 Συντυγχάνων
573 1218 636 1267 γε
665 1205 777 1266 τοῖς
817 1207 1048 1275 φυγοῦσι
1071 1210 1161 1262 τὸν
1187 1211 1300 1280 βίον
1323 1228 1337 1242 ’

1813 1209 1994 1275 Nefas,
2028 1208 2242 1278 fugaces
2271 1224 2394 1263 cum
2426 1208 2722 1276 alloquaris
2751 1207 2934 1262 saeculi
2965 1224 2977 1259 :

166 1283 300 1336 Ἀλλ’
331 1287 387 1338 εἷ
413 1305 466 1339 τι
503 1293 723 1361 σεμνὸν,
759 1293 814 1346 εί
837 1313 890 1348 τι
915 1300 1147 1369 τερπνὸν
1189 1303 1246 1354 ὲν
1279 1302 1477 1372 λόγοις,

1816 1302 1920 1357 Sed
1944 1318 2171 1372 quaaque
2199 1303 2449 1366 honesta,
2472 1316 2700 1370 quaeque
2732 1300 2878 1354 dictu
2917 1300 3122 1364 suavia,

156 1376 248 1428 'lv’
281 1379 498 1448 εὐαγῶς
535 1384 767 1450 ἐνθένδε,
800 1389 891 1442 καὶ
925 1396 1226 1462 σωτηρίως,

1814 1390 1909 1455 Da,
1941 1390 2124 1454 redde,
2151 1391 2313 1444 verba
2351 1391 2597 1459 singulis,
2642 1397 2701 1443 ut
2730 1389 2980 1443 convenit
3006 1406 3019 1443 :

154 1470 323 1524 Πάλιν
355 1478 670 1552 στροφήσῃς
695 1481 773 1544 είς
804 1482 874 1534 τὰ
908 1485 1084 1537 οἰκεῖα
1105 1486 1336 1555 τρέχων.

1212 1503 1336 1555 κων.
1815 1483 1885 1538 Ut
1915 1484 2221 1538 sanctitatis
2257 1498 2321 1538 ac
2347 1485 2537 1537 salutis
2560 1482 2782 1550 praemio

1812 1576 2043 1640 Auctus,
2071 1587 2292 1646 penates
2317 1576 2510 1630 melior
2545 1575 2673 1628 hinc
2696 1581 2911 1642 repetas
2946 1582 3091 1628 tuos.

505 1673 630 1728 KA'.
655 1705 727 1716 —
755 1681 859 1743 Εἰς
889 1680 1029 1745 τοὺς
1061 1682 1401 1749 παριόντας.

2219 1667 2406 1722 XXIV.
2433 1667 2584 1720 —-In
2612 1677 3003 1735 prwtereuntes.

154 1758 276 1822 Πῶς
307 1777 403 1814 σου
450 1770 659 1837 πορεύῃ
697 1786 793 1838 την
825 1771 962 1835 ὁδὸν,
990 1773 1130 1839 φίλε,
1174 1773 1386 1826 σκόπει’

1814 1759 2060 1823 Attende,
2093 1759 2285 1824 amice,
2314 1758 2406 1828 qui
2438 1767 2582 1812 tuam
2609 1773 2798 1826 carpas
2819 1757 2985 1821 viam,

155 1848 260 1920 Τὴν
292 1861 605 1926 πρακτικὴν
634 1859 689 1910 δὲ
715 1860 954 1925 λεκτέον,
989 1865 1079 1916 καὶ
1109 1865 1398 1933 γνωστέον.

1383 1904 1398 1919 ,
1742 1835 1788 1893 Β
1823 1854 1991 1921 Viam,
2016 1871 2082 1909 ne
2112 1855 2350 1920 aberres,
2383 1855 2656 1909 actionum
2692 1852 2949 1924 intelligo.

153 1941 426 2012 Κρημνοὶ,
457 1947 621 2018 λόχοι,
660 1951 904 2023 θήρατρα
944 1957 1113 2009 πολλὰ
1142 1957 1236 2010 τοῦ
1273 1958 1504 2024 Πλάνου,

1814 1948 2077 2016 Abrupta,
2112 1948 2312 2017 laquei,
2348 1948 2592 2016 plurimae
2623 1947 2707 2000 hic
2733 1944 2947 1999 fraudes
2972 1945 3159 1999 Plani:

154 2033 231 2084 Τὰ
259 2036 315 2088 δὲ
348 2037 556 2103 φθόνοι,
595 2042 849 2108 γέλωτες,
880 2043 1094 2116 ὕϐρεως
1121 2049 1294 2119 κόροι,

1238 2067 1294 2115 κ,
1815 2039 2041 2104 Invidia,
2071 2041 2234 2105 risus,
2261 2039 2546 2106 multiplex
2586 2038 2808 2106 injuria,

153 2123 408 2193 Πορνεία,
440 2129 580 2194 δόξει,
615 2135 908 2204 χρημάτων
944 2137 1102 2208 ἔρως,
1133 2139 1304 2206 φόνοι,

1814 2131 2025 2198 Libido,
2061 2133 2235 2186 laudis
2261 2143 2314 2185 et
2346 2148 2510 2200 opum
2547 2147 2719 2197 amor,
2745 2132 2940 2196 caedes,
2967 2147 3193 2189 merum.

153 2215 326 2284 Μέθη,
361 2218 556 2288 κλοπὴ,
591 2224 825 2291 μοιχεία,
857 2229 947 2278 καὶ
993 2230 1099 2278 πᾶν
1129 2229 1253 2280 ἄλλο
1298 2248 1368 2294 τι,

1817 2227 2045 2296 Rapina,
2079 2226 2426 2290 adulterium,
2451 2234 2506 2279 et
2532 2226 2674 2293 quod
2701 2234 2784 2278 est
2814 2240 3044 2294 usquam
3083 2225 3229 2278 mali.

153 2306 240 2375 Μὴ
276 2315 600 2381 προσπαρῇς
632 2331 753 2378 που,
787 2316 860 2386 μὴ
891 2318 1062 2388 πέσῃς
1109 2320 1312 2389 πτῶμα
1349 2322 1491 2390 μέγα
1525 2323 1571 2376 ι’.

1487 2363 1491 2373 ,
1525 2323 1571 2376 ιι.
1817 2318 2049 2373 Deflecte
2084 2319 2272 2387 procul
2307 2318 2411 2381 his,
2440 2333 2508 2371 ne
2538 2317 2686 2388 gravi
2723 2317 2874 2386 lapsu
2912 2305 3057 2370 ruas.

154 2398 268 2449 Κᾶν
296 2402 666 2473 συμϐέϐηκεν,
697 2407 963 2470 ἑξανάστα
1009 2410 1087 2476 τῷ
1117 2413 1302 2480 τάχειο

1817 2410 1872 2465 Si
1902 2412 2090 2466 cadere
2117 2412 2360 2480 contigit,
2385 2411 2531 2479 erige
2556 2411 2824 2477 extemplo
2848 2409 3077 2479 gradum
3112 2426 3125 2462 :

166 2488 318 2543 Ἐπεὶ
349 2494 522 2563 πυρὸς
553 2497 671 2565 δίκη
700 2514 756 2549 σε
803 2501 1103 2570 παμφάγου
1138 2507 1306 2573 μένει.

1815 2503 1952 2558 Nam
1983 2513 2034 2558 te
2064 2504 2275 2558 voracis
2310 2503 2575 2571 supplicia
2610 2502 2840 2555 ﬂammze
2872 2510 3108 2554 manent.

366 2583 498 2640 ΚΕ.
533 2615 603 2624 --
644 2588 1008 2659 Ἑπίποαμμιι
1039 2596 1124 2658 εὶς
1159 2594 1272 2662 τὴν
1289 2597 1506 2665 μονήν.

2012 2596 2178 2650 XXV.
2210 2627 2279 2637 -—
2307 2596 2648 2666 Epigramma
2678 2596 2734 2647 in
2761 2593 3160 2647 monasterium.

155 2673 460 2743 Προαύλιον
480 2679 691 2746 πέφηνά
710 2682 944 2752 ποίμνης
976 2686 1181 2748 αἰσίας.

1817 2691 2004 2760 Gregis
2045 2690 2305 2758 auspicati
2332 2690 2455 2757 jure
2494 2705 2578 2743 me
2610 2691 2819 2743 caulam
2847 2701 3029 2741 voces.

156 2765 258 2848 To?
291 2769 629 2837 φεροταγοῦς
660 2781 681 2808 ο
711 2773 816 2841 γάρ
851 2776 963 2843 εἰμι
1001 2777 1477 2848 φωτοπροδρόμου,

1821 2783 1951 2836 Sum
1976 2798 2211 2851 namque
2244 2781 2417 2835 lucem
2449 2779 2740 2850 praeeuntis
2765 2777 3072 2844 Prodromi,

157 2858 291 2921 Δίας
317 2856 343 2896 ἀ
368 2861 603 2927 λογικῶν
631 2863 960 2933 θρεμμάτων
1004 2869 1416 2940 πεπλησμένης,

1331 2888 1416 2940 ης,
1819 2875 2024 2928 Ονὶιιυε
2064 2872 2259 2928 referta
2289 2872 2488 2926 mentis
2509 2887 2612 2925 usu
2641 2869 2901 2939 praeditis,

159 2941 260 3001 Ὧν
293 2952 406 3019 βίος
433 2953 591 3018 ἄζυξ,
624 2949 699 3008 ὧν
731 2956 883 3018 πόλις
914 2958 1083 3026 ὕψους
1124 2963 1304 3024 πόλος,

1820 2966 1986 3031 Queis
2015 2964 2121 3017 vita
2151 2963 2363 3025 caelebs,
2396 2963 2586 3016 civitas
2617 2975 2834 3014 sursum
2862 2966 2945 3012 est
2975 2956 3153 3028 polus.

161 3033 259 3091 ’Ὧν
289 3043 396 3104 πᾶς
424 3043 652 3107 ἕκαστος
675 3048 766 3098 καὶ
795 3048 982 3110 καθεὶς
1016 3048 1158 3114 ἅπαξ
1191 3052 1363 3122 πόθῳ,

1820 3055 2134 3111 Communis
2158 3069 2347 3109 omnes
2377 3055 2544 3106 nectit
2566 3067 2720 3106 amor
2745 3067 2808 3104 ac
2835 3049 3095 3118 Singulas,

161 3126 259 3185 τΩν
289 3127 500 3198 οὗτινός
526 3155 577 3188 τι
609 3139 700 3190 τοῦ
739 3157 802 3207 γε
847 3142 1062 3193 πάντων
1093 3145 1406 3212 κτημάτων.

1750 3184 1792 3241 C
1825 3147 2148 3215 Nullumque
2172 3146 2427 3213 cuiquam
2451 3144 2729 3212 proprium
2763 3150 2846 3195 est
2873 3138 3156 3208 peculium.

163 3226 381 3297 Κλῆρος
422 3228 530 3299 γὰρ
558 3232 741 3291 αὐτοῖς
770 3233 802 3300 ἡ
833 3232 966 3285 Θεοῦ
1010 3234 1194 3303 σχέσις
1226 3236 1382 3306 μόνη.

1352 3256 1382 3306 ι.
1753 3226 1792 3241 ν’
1828 3240 1930 3294 Sed
1971 3254 2074 3293 una
2102 3237 2314 3291 cunctis
2335 3251 2479 3298 sors,
2510 3234 2604 3288 Dei
2630 3231 2922 3302 possessio.

172 3313 261 3378 Ὦς
282 3318 550 3389 ἀσφαλὴς,
583 3321 657 3383 ὡς
687 3321 873 3384 ἐσθλὸς
921 3323 1145 3392 ῆνυσται
1175 3324 1392 3393 δρόμος,

1825 3331 1998 3397 Quam
2028 3337 2178 3382 tutus
2210 3327 2336 3391 illis,
2373 3341 2537 3397 quam
2565 3324 2701 3378 levis
2722 3338 2914 3377 cursus
2961 3320 3097 3387 ﬂuit,

162 3406 282 3460 Τῶν
311 3409 670 3473 κοινοϐιακῶς
705 3413 997 3481 πανταχῶς
1044 3413 1339 3481 ἐζηκότων.

1825 3420 1927 3486 Qui
1957 3419 2280 3475 ccenobiacis
2309 3418 2518 3486 legibus
2558 3416 2722 3469 vitam
2765 3420 2959 3482 regunt

535 3503 676 3569 KG’.
708 3533 777 3543 —
800 3506 903 3568 Εἰς
933 3503 1039 3555 τὸν
1059 3506 1359 3572 πυλωρόν.

2240 3507 2429 3562 XXVI.
2456 3538 2526 3549 -—
2553 3503 2618 3560 In
2647 3505 2958 3575 jam’torem.

165 3591 315 3644 Ἐσω
353 3597 646 3663 παρεστὼς
669 3592 926 3664 ἔνθαπερ,
953 3589 1162 3658 τέκνον,
1188 3597 1336 3667 φόϐῳ
1361 3609 1375 3624 ·

1281 3597 1336 3667 ίῳ
1361 3609 1375 3624 ⁸
1822 3598 1942 3670 Jugi
1971 3614 2065 3670 per
2095 3599 2258 3652 horas
2285 3595 2514 3659 excuba,
2547 3594 2643 3658 ﬁli,
2672 3601 2851 3647 metu:

163 3683 315 3754 Πύλη
349 3685 462 3755 γάρ
493 3685 609 3737 ὲστι
640 3685 790 3748 θείας
815 3686 1162 3750 είσοδεξόδου.

1825 3690 1935 3744 Hac
1966 3703 2118 3742 sacer
2142 3686 2320 3740 aditus
2347 3692 2430 3738 est
2453 3683 2744 3751 exitusque
2773 3679 2959 3748 janua.

166 3775 342 3838 Δίδου,
374 3777 553 3844 δέχοιο
584 3777 682 3840 τὰς
705 3780 892 3845 φάσεις
921 3781 977 3830 ἐν
1005 3778 1307 3847 συγκρίσει,

1824 3778 2182 3848 Cape,-redde
2210 3791 2392 3838 voces,
2425 3789 2531 3843 qua
2558 3773 2712 3828 decet
2755 3771 3064 3841 prudentia,

167 3865 431 3934 Ἀγγέλλε
455 3866 628 3920 ταῦτα
668 3869 775 3920 τῶν
803 3872 901 3922 ὅσα
931 3871 1136 3939 πρέπον
1166 3871 1347 3937 φάναι,

1824 3870 1950 3924 Haec
1971 3870 2084 3924 sola
2109 3867 2366 3929 neferens,
2400 3865 2641 3918 nuntiari
2683 3880 2805 3933 quae
2827 3865 3011 3934 juvet:

163 3956 295 4024 Σίγα
327 3957 371 4008 δ’
397 3958 585 4009 ἐκεῖνα
615 3959 722 4010 τῶν
757 3961 854 4012 ὅσα
888 3960 1090 4030 βλάϐην
1123 3961 1300 4031 φέρει,

1824 3961 2043 4015 Diversa
2067 3959 2256 4022 retice,
2277 3957 2432 4027 queis
2463 3957 2648 4012 subest
2674 3957 2995 4025 periculum,

164 4046 284 4109 Τοῖς
317 4048 489 4110 ἔνδον,
519 4048 642 4113 ἔξω,
675 4050 776 4102 κᾶν
815 4053 1082 4120 ἀδελφοῖς,
1119 4052 1221 4104 κᾶν
1259 4052 1448 4117 ξένοις,

1421 4071 1448 4117 τ,
1822 4052 1994 4117 Intus,
2033 4052 2292 4120 forisque,
2325 4050 2659 4110 domesticis,
2687 4049 2991 4115 extraneis,

162 4138 395 4203 Κλείων,
425 4139 664 4205 εάνοίγων
695 4141 826 4208 πρὸς
852 4142 908 4193 δὲ
947 4143 1152 4210 καιρὸν,
1182 4137 1261 4206 οἷς
1296 4144 1545 4211 πρέπειν.

1531 4183 1545 4198 .
1822 4144 2107 4207 Claudens,
2140 4143 2386 4210 aperiens
2412 4141 2661 4209 tempori,
2690 4155 2790 4194 ceu
2829 4142 3097 4196 convenit.

162 4228 370 4300 Πτώχῳ
394 4246 453 4282 τε
486 4231 672 4298 χρείαν
724 4235 906 4300 νεῖμον
932 4249 944 4263 ·
973 4235 1019 4284 εί
1049 4233 1102 4285 δὲ
1141 4234 1235 4302 μὴ,
1273 4235 1449 4302 λόγον.

1824 4236 2133 4304 Stipemque
2149 4249 2318 4303 egeno
2345 4233 2545 4296 divide,
2572 4241 2667 4286 aut
2695 4234 2875 4287 verbis
2909 4231 3052 4289 fave.

161 4320 348 4384 Οὕτως
368 4324 494 4391 γὰρ
524 4323 663 4385 ἕξεις
693 4324 881 4391 μισθὸν
910 4327 966 4376 ἐν
1004 4330 1364 4397 παραστάσει.

1316 4348 1364 4382 ει.
1824 4324 1917 4378 Sic
1942 4324 2034 4378 tibi
2059 4333 2247 4391 parata
2277 4331 2490 4375 mortuo
2519 4337 2724 4376 merces
2763 4324 2886 4377 erit.

231 4411 357 4465 ΚΖ.
390 4441 465 4452 ——
486 4414 587 4477 Εἰς
621 4415 1028 4493 ἀπερχόμενον
1068 4417 1331 4488 ἀδελφὸν
1347 4421 1431 4484 είς
1453 4417 1644 4472 διακο-

1819 4414 2034 4469 XXVH.
2064 4445 2134 4455 —
2155 4413 2216 4466 In
2262 4413 2482 4481 fratrem
2510 4415 2599 4493 qui
2639 4414 2998 4479 proﬁciscitur
3026 4413 3095 4467 ad
3144 4413 3369 4467 ministe-

866 4487 1024 4539 ινιάν.
1219 4487 1222 4488 ν
1753 4525 1792 4539 ι-

1219 4487 1222 4488 ⁷
1753 4525 1792 4539 ..
2519 4487 2676 4535 rium.

162 4571 297 4640 Πρὶν
328 4572 641 4641 ἐκπορεύσῃ
671 4573 768 4644 τὴν
788 4574 961 4646 πύλην
995 4576 1214 4647 ταύτην,
1241 4579 1417 4643 τέκος,

1753 4525 1798 4581 D
1824 4577 1945 4638 Fili,
1982 4576 2296 4645 priusquam
2322 4572 2566 4644 proferas
2598 4575 2753 4630 tectis
2779 4573 2992 4644 pedem,

163 4661 440 4730 Σφραγῖδα
477 4663 731 4731 προσθεὶς
770 4668 848 4728 είς
878 4666 1021 4719 ἅπαν
1057 4669 1251 4737 μέλους
1275 4672 1475 4723 τόπον’

1820 4670 2009 4724 Crucis
2049 4669 2184 4722 adde
2214 4667 2472 4721 membris
2500 4667 2757 4721 omnibus
2785 4667 3120 4737 signaculum
3152 4687 3165 4721 :

167 4753 270 4805 Ἴθι
300 4754 439 4821 πρὸς
468 4753 646 4822 ἇσπερ
671 4757 1017 4827 ἐξεπέμφθης
1033 4761 1336 4828 φροντίδας,

1823 4756 1960 4811 Tum
1990 4773 2148 4827 perge
2179 4765 2324 4810 recta
2356 4756 2620 4825 quidquid
2653 4765 2734 4811 est
2759 4773 2868 4824 quo
2896 4758 3146 4820 mitteris,

165 4844 329 4897 Κάτω
362 4845 632 4908 νενευκὼς
659 4848 1024 4917 ἐξωθούμενος
1058 4850 1279 4919 βλάϐας,

1823 4848 2104 4917 Humoque
2131 4849 2293 4902 ﬁxum
2334 4865 2538 4919 pronus
2567 4848 2819 4902 obtutum
2854 4865 2997 4919 gere,

165 4935 412 5006 Ψαλμὸν,
454 4940 756 5009 προσευχὴν
790 4945 908 4994 ταῖν
938 4943 1079 4995 δυοῖν
1119 4943 1174 4994 ἒν
1212 4940 1546 5014 προσλέγων,

1538 4986 1546 5010 ,
1820 4940 2095 5004 Psalmos,‘
2115 4956 2408 5009 precesque
2444 4948 2627 4992 mutua
2654 4941 2926 4994 alternans
2954 4942 3068 4996 vice
3094 4957 3108 4995 :

166 5028 268 5092 Τὰς
296 5030 620 5090 ἁστικώδεις
650 5032 1014 5102 ὲξωθούμενος
1046 5035 1264 5104 βλάϐας.

1240 5053 1264 5090 ῗ.
1821 5031 2083 5085 Immonis
2114 5040 2171 5084 ut
2194 5031 2268 5085 sis
2301 5031 2504 5084 urbicis
2535 5031 2810 5098 periculis.

163 5123 387 5189 Φεύγοις
415 5121 632 5189 γυναιξὶ
659 5127 1045 5194 συστραφῆναι,
1069 5127 1168 5182 κᾶν
1194 5129 1332 5199 τύχῃ
1357 5141 1372 5157 ⁸

1314 5145 1332 5198 γ
1357 5141 1372 5157 ο
1822 5122 1966 5193 Fuge
1989 5122 2266 5176 obviantes
2289 5121 2578 5174 convenire
2612 5120 2843 5177 feminas
2872 5138 2884 5174 :

165 5214 435 5283 Στραφεὶς
467 5214 522 5266 δὲ
551 5216 703 5284 τάχει
736 5218 832 5286 τῆς
859 5220 1021 5288 μονῆς
1063 5221 1191 5272 εἵσω
1221 5221 1369 5290 μένε,

1821 5213 1949 5270 Post
1987 5216 2097 5268 haec
2127 5225 2376 5268 reversus
2404 5213 2578 5273 ocius,
2610 5213 2756 5266 domi
2792 5229 2969 5276 mane,

165 5304 254 5372 Μὴ
276 5304 467 5374 ὥσπερ
507 5306 655 5373 ἰχθὺς
677 5307 832 5370 ἄλλος
867 5320 890 5346 ε
921 5309 1118 5374 ἔξωθεν
1157 5313 1342 5382 θάνῃς.

1823 5306 1898 5361 Ne
1929 5322 2080 5360 more
2116 5305 2278 5374 piscis
2309 5315 2460 5358 extra
2489 5319 2683 5371 aquam
2712 5320 2833 5357 mox
2859 5305 3093 5360 occidas.

168 5392 299 5445 ΚΗ.
329 5423 400 5434 -
430 5394 534 5459 Εἰς
563 5397 1018 5474 ὑποστρέφοντα
1058 5399 1321 5469 ἀδελφὸν
1363 5400 1479 5453 ἀπὸ
1524 5401 1722 5458 6mm-

1820 5397 2060 5452 XXV’III.
2110 5429 2177 5438 —
2220 5396 2280 5450 In
2329 5397 2551 5465 fratrem
2600 5396 2688 5474 qui
2755 5399 3043 5451 revertitur
3074 5415 3103 5450 (ι
3140 5397 3362 5449 ηιίηίδιε·

896 5468 1046 5532 νίας.
1209 5468 1216 5469 “
2569 5468 2667 5518 rio.

173 5551 338 5604 Πάλιν
368 5554 697 5623 στροφήσας,
723 5572 928 5620 τεκνον,
964 5557 1028 5609 ἐκ
1054 5559 1150 5628 τῆς
1181 5560 1478 5631 φροντίδος,

1437 5578 1478 5624 ς,
1819 5559 1991 5630 Opere
2021 5568 2236 5628 peracto
2273 5575 2396 5614 cum
2437 5558 2598 5623 redis,
2633 5557 2729 5628 fili,
2767 5561 3007 5630 domum,

1400 5669 1628 5724 VARIA‘I
1669 5669 2070 5725 LECTIONES.

242 5757 267 5795 δ
292 5758 423 5813 Cod.
457 5760 587 5830 Reg.
632 5759 798 5823 ξένον.
881 5774 900 5800 ε
935 5762 1066 5816 Cod.
1096 5763 1223 5835 Reg.
1264 5763 1586 5835 προταγοῦς.
1662 5763 1686 5804 ά
1709 5765 1841 5823 Cod.
1873 5766 2004 5837 Reg.
2039 5764 2206 5828 λείας.
2308 5777 2328 5804 ε
2373 5764 2410 5834 ι’,
2443 5764 2584 5827 ἁλός.
