3976 6314
600 382 732 446 1791

594 495 664 552 Ut
695 491 962 551 membra.
994 499 1228 543 mentem
1260 488 1339 542 sic
1373 501 1563 557 vagam
1601 484 1875 553 recollige,

593 587 760 638 Inaue
784 590 844 636 ut
869 583 1014 634 intro
1041 580 1118 633 nil
1153 580 1295 633 feras
1327 580 1692 643 extrinsecus,

593 675 699 730 Sed
729 674 913 744 gravia
944 680 1177 731 tantum,
1207 685 1306 724 nec
1343 669 1448 723 nisi
1477 667 1803 722 rectoribus.

592 770 734 822 Cave
764 781 892 836 ergo
933 763 1119 818 mundi
1144 762 1326 818 futiles
1357 778 1525 832 nugas
1564 760 1735 830 loqui,

593 859 738 924 Vidi,
771 859 1001 921 comedi,
1029 866 1140 910 tum
1171 857 1273 909 hoc
1301 864 1354 909 et
1389 854 1520 908 illud
1558 854 1767 917 incidit,

591 951 702 1004 Aut
732 950 846 1002 haec
877 957 930 1002 et
958 949 1046 1002 illa
1087 948 1182 1001 tibi
1205 947 1294 1000 hic
1317 946 1400 1000 vel
1426 946 1515 1000 ille
1537 946 1771 998 nuntiat.

593 1042 726 1096 Nam
751 1043 796 1095 si
828 1041 985 1094 hisce
1011 1041 1172 1094 dictis
1199 1038 1504 1108 proximum
1548 1037 1902 1100 subverteris,

596 1133 743 1186 Diris
774 1132 1053 1201 prophetae
1084 1130 1374 1192 obnoxius,
1398 1143 1587 1197 plenas
1612 1128 1784 1182 dabis.

884 1220 1073 1275 XXIX.
1103 1252 1174 1263 —
1195 1220 1260 1275 In
1292 1221 1604 1288 hospitalem
1641 1221 1852 1273 domum

592 1311 710 1378 Eia,
751 1313 1006 1382 hospitali
1040 1314 1238 1368 lectulo
1269 1313 1566 1375 succedite,

592 1402 729 1457 Boni
765 1405 998 1465 viantes,
1030 1420 1168 1473 quos
1201 1405 1297 1458 via:
1326 1404 1490 1474 fregit
1520 1404 1714 1457 labor:

592 1494 688 1549 His
715 1510 810 1550 vos
848 1497 1049 1550 reiicite
1080 1496 1284 1549 lautius
1308 1511 1430 1564 qua:
1459 1495 1694 1563 praebeo,

590 1585 766 1655 Fruge
789 1588 1024 1656 expetita
1053 1587 1235 1642 cordis
1266 1589 1332 1639 ad
1359 1587 1638 1649 solatium,

598 1677 839 1746 Vinoque
867 1679 1014 1732 dulci
1049 1679 1349 1746 proﬂuente
1377 1679 1623 1747 largiter,

592 1769 659 1822 Et
682 1781 851 1835 veste,
893 1772 1036 1825 vires
1067 1786 1189 1839 qua:
1221 1771 1473 1824 retundat
1502 1770 1743 1839 frigoris.

591 1861 717 1917 Haec
741 1872 888 1925 sunt,
922 1863 1105 1924 amici,
1145 1877 1265 1931 qua:
1302 1861 1650 1931 TheOguosto
1680 1862 1836 1924 mihi,

592 1953 673 2006 Ex
698 1954 936 2008 conditis
964 1969 1189 2008 suarum
1218 1952 1560 2008 inexhaustis
1584 1968 1769 2022 opum,

591 2048 762 2115 Opum
793 2046 1026 2100 tributor
1053 2061 1148 2100 rex
1178 2062 1333 2100 meus
1358 2046 1611 2100 Christus
1634 2045 1803 2103 dedit.

590 2138 671 2190 Illi
699 2153 829 2208 ergo
859 2147 1040 2209 grates
1072 2137 1168 2207 qui
1198 2137 1385 2192 orbem
1420 2138 1514 2192 alit
1546 2139 1876 2206 persolvite:

593 2228 721 2281 Mihi
753 2237 839 2282 sat
867 2243 1164 2297 superque,
1196 2227 1242 2282 si
1270 2243 1460 2296 preces
1490 2227 1804 2296 rcpenditis,

593 2315 662 2371 Ut
694 2317 982 2386 hospitalis
1012 2333 1109 2388 pro
1140 2319 1344 2374 laboris
1372 2334 1617 2384 munere,

591 2411 651 2465 In
683 2412 975 2466 Abrahami
1009 2428 1314 2482 consequar
1339 2415 1462 2468 sinu
1494 2414 1696 2468 locum.

916 2504 1084 2559 XXX.
1119 2534 1189 2546 —
1219 2505 1286 2560 In
1317 2517 1532 2560 sanctas
1568 2507 1848 2575 imagines.

591 2592 792 2648 Christi
821 2605 905 2648 est
941 2596 1139 2666 imago,
1172 2611 1336 2665 quam
1369 2597 1539 2662 vides,
1573 2607 1736 2666 atque
1769 2598 1880 2652 haec
1923 2597 2019 2652 tibi

591 2682 828 2739 Dicenda
862 2685 1115 2742 Christus
1141 2687 1278 2756 ipsa,
1311 2703 1496 2743 verum
1532 2689 1874 2760 homonyma.

594 2773 795 2830 Natura
819 2778 1006 2846 dispar
1031 2789 1133 2842 est,
1163 2781 1306 2836 idem
1350 2781 1700 2837 vocabulum.

597 2870 884 2940 Utriusque
907 2872 1085 2927 cultus
1118 2874 1284 2935 idem,
1328 2874 1518 2928 eadem
1553 2875 1821 2929 adoratio.

592 2960 742 3015 Hauc
772 2977 901 3032 ergo
931 2963 1124 3017 adorat
1161 2964 1434 3034 quisquis,
1471 2974 1528 3020 et
1567 2965 1840 3020 Christum
1866 2969 2012 3024 colit.

592 3052 694 3117 Qui
725 3068 831 3106 non
859 3054 1068 3117 adorat,
1101 3054 1243 3108 idem
1274 3065 1326 3109 et
1353 3055 1473 3124 ejus
1497 3055 1672 3112 hostis
1699 3069 1804 3112 est.

591 3144 760 3213 Cujus
789 3144 1015 3214 ﬁguram
1039 3148 1244 3210 carnis,
1269 3162 1587 3216 expressam
1623 3157 1773 3220 typo,

592 3234 731 3302 Coli,
766 3235 953 3290 furore
991 3239 1191 3293 mentis
1225 3239 1419 3294 insano
1456 3247 1620 3294 vetat.

1129 3328 1322 3385 XXXI.
1345 3363 1412 3374 -
1433 3331 1611 3388 Aliud.

591 3419 648 3476 Si
674 3435 872 3490 corpus
904 3423 1080 3492 ipsum
1113 3425 1312 3479 Christi
1338 3427 1607 3481 edendum
1634 3429 1924 3495 sumimus,

591 3510 727 3566 Vita:
755 3523 1031 3581 parentem
1063 3516 1438 3571 combibentes
1463 3520 1782 3588 sanguinem
1811 3538 1827 3587 ;

593 3603 798 3658 Pictum
833 3606 886 3659 in
918 3606 1109 3660 tabella
1138 3623 1237 3662 cur
1267 3607 1420 3664 nefas
1455 3613 1761 3677 ostendere,

591 3693 759 3764 Cujus
787 3695 966 3765 reipsa
996 3713 1197 3767 corpus
1221 3699 1399 3769 eliiugi
1439 3704 1656 3770 potest?

593 3785 726 3840 Nam
761 3796 1028 3854 quatenus
1063 3789 1297 3858 simplex
1323 3792 1574 3859 quidem,
1612 3809 1718 3849 non
1766 3797 2040 3868 pingitur:

595 3875 687 3931 Sic
722 3892 958 3947 namque
991 3878 1129 3932 Deus
1159 3887 1262 3943 est,
1292 3882 1413 3948 capi
1443 3881 1562 3936 loco
1595 3888 1802 3955 nequit.

593 3967 661 4021 At
693 3979 962 4037 quatenus
999 3981 1237 4024 nostram
1272 3972 1448 4027 induit
1484 3975 1869 4044 substantiam,

593 4055 769 4110 Iiomo
793 4068 895 4122 est,
925 4067 978 4112 et
1004 4059 1092 4113 illa
1117 4067 1268 4128 parte
1291 4061 1790 4130 circumscribitur,

592 4144 851 4201 Naturam
877 4158 1162 4220 utramque
1185 4151 1286 4205 rite
1307 4153 1597 4208 discretam
1631 4172 1842 4226 gerens,

596 4233 824 4306 Unaque
858 4247 1118 4294 constans
1148 4242 1481 4311 sempiterna
1516 4244 1812 4314 hypostasi.

594 4329 912 4398 Quicunque
944 4329 1122 4386 Verbo
1164 4334 1338 4388 reddit
1371 4336 1456 4391 his
1485 4338 1691 4391 cultum
1733 4341 1933 4405 modis,

593 4419 892 4475 Germanus
918 4422 1007 4476 ille
1038 4422 1199 4478 italus
1239 4434 1320 4480 est.
1352 4427 1622 4484 Ecclesiae.

594 4511 698 4576 Qui
732 4514 895 4568 sentit
921 4512 1095 4578 aliter,
1125 4530 1155 4568 a
1183 4514 1292 4569 Deo
1320 4532 1544 4574 aversus
1595 4533 1821 4576 manet.-

1136 4605 1349 4660 XXXII.
1380 4639 1448 4649 --
1473 4609 1657 4666 Aliud.

593 4695 824 4751 Pictoris
847 4705 963 4751 arte
993 4699 1310 4767 perpolitam
1341 4699 1652 4770 imaginem,

594 4787 755 4841 Omni
784 4788 1036 4843 decoram
1069 4789 1239 4859 gratia
1265 4794 1357 4860 qui
1383 4793 1630 4856 cernitis,

596 4878 898 4948 Spectando
925 4878 1158 4934 fructum
1180 4898 1338 4949 quem
1367 4883 1518 4938 decet
1549 4883 1841 4955 decerpitc,

592 4971 958 5042 Animumque
988 4988 1182 5028 causas
1203 4974 1328 5029 hinc
1349 4975 1416 5028 ad
1448 4977 1591 5045 ipsas
1611 4979 1799 5034 tollite.

593 5062 729 5117 Nam
768 5065 926 5119 clara:
958 5065 1134 5134 imago
1182 5068 1333 5122 vocis
1363 5069 1535 5123 instar
1578 5085 1873 5139 personat:

595 5155 746 5211 Meus
774 5156 948 5210 honor
969 5160 1167 5223 omnis,
1205 5159 1372 5228 gloria
1403 5171 1487 5215 est
1517 5163 1677 5231 primi
1705 5168 1810 5236 typi
1834 5208 1847 5230 ,

596 5243 765 5309 Quem
793 5257 1008 5315 propter
1031 5249 1155 5313 ista,
1187 5251 1457 5309 memoria:
1473 5267 1655 5318 causa,
1687 5259 1886 5322 exstiti,

597 5334 850 5405 Magistra
872 5346 1166 5409 custosque
1197 5342 1441 5396 omnium
1472 5345 1565 5413 qui
1593 5361 1677 5400 me
1707 5349 1891 5404 colunt
1928 5371 1940 5404 :

596 5428 685 5488 At.
738 5428 914 5481 colere
943 5431 1035 5498 qui
1061 5445 1149 5485 me
1187 5443 1447 5500 respuunt
1480 5436 1779 5507 analogice,

599 5516 915 5576 Ilmredilate
947 5523 1135 5578 cmlica
1159 5527 1347 5594 procul
1381 5543 1619 5585 movens.

1103 5614 1339 5670 XXXIII.
1371 5650 1440 5660 ——
1465 5619 1648 5676 Aliud.

601 5704 728 5760 Sine
753 5721 916 5761 carne
946 5708 1196 5766 Christus
1220 5712 1347 5766 dum
1388 5713 1506 5777 fuit,
1540 5731 1647 5770 non
1684 5717 1770 5773 hic
1799 5732 1912 5777 erat
1941 5741 1953 5777 :

603 5795 772 5851 IIomo
806 5799 1004 5864 nullus,
1036 5802 1208 5871 inquit
1236 5805 1461 5868 scilicet,
1490 5807 1622 5861 vidit
1652 5807 1815 5864 Deum
1848 5833 1859 5866 :

712 5884 730 5922 ί
758 5884 817 5938 F.
849 5887 1227 5962 λαμδάνωμεν.
1335 5895 1358 5932 ⁸
1395 5893 1454 5948 F.
1488 5896 1748 5962 δείξομεν.

1771 375 1832 434 S.
1868 368 2255 431 THEODORI
2297 363 2643 428 STUDIT/E

2186 485 2234 539 Δ
2264 478 2568 548 Σύστρεψον
2598 474 2754 536 εὐθὺς
2790 472 2953 541 σαρκὶ
2978 471 3071 525 καὶ
3098 468 3220 522 νοῦν
3249 485 3341 521 σου
3372 467 3604 529 πλάνον,

2262 573 2481 624 Εἰκαῖον
2509 568 2662 621 οὐδὲν
2691 565 2838 618 ἔνδον
2868 562 3066 629 ἔξωθεν
3096 562 3297 630 φέρων,

2273 658 2412 712 Ἀλλ’
2434 659 2486 711 εἰ
2510 675 2564 710 τι
2592 655 2806 726 σεμνὸν,
2835 654 2928 706 καὶ
2967 652 3026 704 τὸ
3060 653 3170 713 τοῖς
3206 648 3644 720 πρωτοστάταις.

2260 754 2429 820 Λόγον
2453 750 2562 820 γὰρ
2590 751 2649 802 οὐ
2674 750 2779 816 φὴς
2802 747 2901 815 τῆς
2927 743 3374 815 ματαιοκοσμίας,

2263 841 2433 907 Εἶδον,
2465 842 2714 913 βέϐρωκα
2738 855 2751 869 ο
2781 840 2875 892 καὶ
2899 839 2980 900 τὸ,
3008 836 3104 890 καὶ
3131 835 3191 887 τὸ
3223 835 3484 903 τυγχάνει
3503 847 3516 858 ’

2261 937 2368 989 Kal.
2397 933 2525 1002 γοῦν
2548 935 2661 995 ὅτις
2700 931 2793 984 καὶ
2829 929 2972 982 τίσδε
3003 930 3168 996 φωνεὶ
3196 944 3276 978 σοι
3317 926 3467 977 τάδε.

2274 1025 2605 1094 Ἀνατροπὴν
2641 1022 2749 1091 γὰρ
2777 1020 2950 1073 τοῖσδε
2977 1017 3175 1088 κιρνῶν
3203 1016 3279 1084 τῷ
3309 1015 3500 1078 πέλας,

2275 1121 2433 1190 Ἀρᾶς
2470 1117 2748 1187 προφήτου
2774 1112 3133 1184 χρηματίζεις
3156 1109 3325 1174 ἄξιος.

2585 1209 2716 1262 ΚΘθ.
2749 1208 2934 1270 -Εῑς
2953 1205 3021 1258 τὸ
3047 1200 3445 1268 ξενοδοχεῖον.

2261 1302 2525 1372 Προόἇτε,
2555 1300 2728 1360 δεῦτε,
2754 1301 2820 1369 τῇ
2849 1296 3127 1364 ξενιζούσῃ
3155 1294 3344 1362 στέγῃ,

2264 1394 2487 1462 Ἀνδρες
2513 1391 2796 1461 πορευταὶ,
2824 1391 2936 1449 τοῖς
2973 1387 3153 1446 πόνοις
3180 1381 3551 1452 κεκμηκότες,

2259 1484 2659 1563 Μετεκλᾲὁοιτε
2691 1483 2799 1535 τῶν
2831 1481 2982 1551 ὲμῶν
3016 1480 3378 1550 ξενισμάτων,

2262 1583 2460 1650 Ἀρτου
2487 1576 2746 1644 ποθητοῦ,
2777 1574 2870 1628 τοῦ
2912 1573 3204 1644 τρέφοντος
3249 1569 3500 1640 καρδίαν,

2259 1672 2430 1726 Ποτοῦ
2460 1668 2735 1739 γλυκείου,
2765 1671 2860 1720 τοῦ
2892 1668 3108 1736 ῥέοντος
3136 1663 3404 1733 ἀφθόνως,

2259 1762 2666 1832 Σκεπασμάτων
2719 1777 2779 1812 τε
2815 1757 2925 1811 τῶν
2952 1755 3155 1827 ψύχους
3183 1753 3502 1822 ἀλλοτρίων.

2187 1835 2232 1891 Β
2261 1857 2330 1908 ’Ἃ
2361 1872 2449 1923 μοι
2480 1853 2721 1922 παρέσχε
2751 1849 2828 1921 τῷ
2855 1847 3204 1917 θεογνώστῳ,
3245 1846 3408 1914 φίλοι,

2269 1946 2362 1998 Ἐκ
2394 1944 2500 1997 τῶν
2527 1944 2808 1997 πανόλκων
2839 1941 3056 2012 δωρεῶν
3090 1936 3254 1993 αὐτοῦ
3299 1937 3484 2008 χάριν,

2272 2039 2327 2091 '0
2349 2034 2624 2104 Δεσπότης
2656 2051 2756 2103 μου
2787 2032 3043 2101 Χριστὸς,
3070 2033 3098 2083 ὁ
3125 2028 3564 2097 πλουτοὸρύτης.

2269 2126 2718 2194 Ἐπευλογοῦντες
2752 2124 2934 2188 αὐτὸν,
2967 2124 3041 2185 ὡς
3071 2121 3464 2192 κοσμοτρὸφον.

2258 2223 2440 2293 Κὰμοὶ
2474 2220 2780 2291 προσευχὴν
2805 2215 3203 2276 ἀντιποιοῦντες
3251 2213 3431 2283 μόνον,

2259 2317 2446 2377 Ὅπως
2483 2312 2693 2365 ἐκεῖθεν
2722 2309 2800 2380 τῷ
2825 2308 3087 2379 φιλοξένῳ
3117 2305 3322 2376 τρόπῳ,

2257 2406 2394 2469 Τοὺς
2432 2404 2684 2475 ’Δϐραὰμ
2710 2403 2928 2472 τύχοιμι
2960 2400 3193 2463 κόλπους
3225 2397 3488 2449 εἰσδῦναι.

2659 2498 2737 2549 Λ¹.
2768 2526 2837 2534 -
2865 2491 2967 2559 Εἰς
2988 2493 3161 2562 ἁγίας
3189 2489 3451 2554 εἰκόνας.

2259 2590 2470 2659 ’Ἡνπερ
2500 2587 2715 2658 βλέπεις
2739 2585 2941 2648 είκόνα,
2975 2581 3210 2653 Χριστοῦ
3253 2582 3539 2650 τυγχάνει,

2257 2681 2486 2752 Χριστὸν
2509 2679 2566 2734 δὲ
2599 2677 2805 2750 καύτὴν
2829 2675 3000 2740 λέξον,
3032 2675 3146 2728 ἀλλ’
3170 2674 3500 2743 ὁμωνύμως.

2257 2775 2458 2844 Κλήσει
2487 2773 2594 2842 γάρ
2624 2774 2738 2823 ἐστι
2780 2768 3068 2837 ταυτότης,
3096 2765 3211 2819 ἀλλ’
3244 2765 3303 2817 οῦ
3334 2763 3518 2832 φύσει.

2269 2867 2492 2934 Ἀμφοῖν
2521 2863 2577 2915 δὲ
2605 2860 2977 2928 προσκύνησις
2999 2858 3270 2927 ὰσχίστως
3311 2857 3429 2926 μία.

2257 2958 2470 3025 Ταύτην
2502 2956 2531 3008 ὁ
2562 2953 2738 3008 τοίνυν
2777 2950 3116 3022 προσκυνῶν,
3151 2949 3383 3020 Χριστὸν
3417 2945 3568 2999 σέϐει

2257 3051 2346 3121 Μὴ
2384 3045 2704 3121 προσκυνῶν
2731 3046 2863 3116 γὰρ,
2906 3042 3100 3114 ἐχθρὸς
3140 3038 3303 3095 αὐτοῦ
3340 3039 3435 3092 καὶ
3475 3039 3646 3090 πάνυ.

2182 3162 2226 3223 C
2272 3142 2357 3203 Ὠς
2394 3141 2492 3211 τὴν
2515 3140 2920 3210 ἀναγραφείσαν
2954 3135 3219 3203 ἔνσαρκον
3243 3132 3394 3192 θέαν,

2256 3232 2455 3287 Τούτου
2490 3229 2746 3302 μεμηνὼς
2787 3229 2862 3298 μὴ
2899 3226 3230 3293 σεϐασθῆναι
3270 3224 3461 3277 θέλων.

2791 3319 2918 3370 AA'.
2955 3346 3026 3358 —
3060 3315 3268 3367 Ἄλλο.

2257 3417 2316 3470 Ei
2345 3415 2502 3485 σῶμα
2524 3409 2758 3484 Χριστοῦ
2807 3408 3154 3480 λαμϐάνομεν
3186 3405 3283 3476 μὲν
3321 3402 3340 3442 ί
3375 3402 3599 3458 ἐσθίειν.

2255 3508 2456 3582 Τούτου
2491 3507 2734 3565 πίνοντες
2753 3498 2890 3570 αἷμα
2911 3500 2972 3552 τὸ
2995 3498 3178 3568 ζωηφό
3189 3514 3277 3567 ρον
3299 3512 3314 3526 ·

2255 3602 2377 3663 Πῶς
2406 3600 2504 3652 οὐκ
2534 3599 2599 3652 ἂν
2624 3595 2786 3649 αὐτὸν
2816 3593 3076 3663 δείξωμεν
3109 3594 3134 3631 ε
3161 3586 3572 3660 γεγραμμένον.

2255 3689 2330 3748 Ub
2365 3697 2460 3747 καὶ
2491 3691 2550 3744 τὸ
2603 3690 2762 3758 σῶμα
2802 3686 3290 3757 σχηματόγραπτον
3337 3681 3531 3745 πέλας

2268 3789 2354 3850 Ὠς
2389 3787 2486 3857 μὲν
2515 3783 2623 3853 γὰρ
2653 3781 2879 3845 ἁπλοῦς,
2907 3780 2966 3831 οὐ
2999 3774 3346 3848 περιγραφὴν
3375 3774 3512 3841 ἔχει.

2255 3879 2384 3942 θεὸς
2413 3878 2519 3948 γάρ
2561 3879 2698 3940 ἐστι,
2729 3873 2928 3934 παντὸς
2950 3870 3148 3936 ἔξωθεν
3169 3869 3353 3922 τόπου.

2270 3974 2356 4035 Ὠς
2390 3969 2628 4030 ὲνδυθεὶς
2656 3967 2712 4019 δὲ
2736 3965 2832 4036 τὴν
2856 3963 2978 4016 καθ’
3009 3964 3155 4031 ἡμᾶς
3178 3959 3384 4020 οὐσίαν,

2259 4061 2572 4132 Ἄνθρωπός
2598 4061 2735 4124 ἐστι,
2763 4055 3008 4108 συνθέσει
3051 4051 3458 4121 γεγραμμένος,

2259 4155 2436 4224 Ἐχων
2459 4150 2713 4219 ἀφύρτως
2741 4147 2967 4215 θάτερον
2993 4143 3112 4197 κατ’
3145 4142 3353 4201 οὐσίαν,

2267 4245 2590 4298 Ὑποστὰσει
2626 4241 2724 4311 μιᾷ
2745 4255 2804 4290 τε
2835 4234 3264 4305 συντεθειμένος.

2265 4337 2322 4390 Ὀ
2351 4334 2440 4386 τὸν
2462 4330 2631 4399 Λόγον
2655 4327 2873 4382 τοιῶσδε
2898 4323 3131 4388 δοξάζων
3160 4321 3321 4390 μάλα,

2257 4426 2446 4479 Πιστδν
2475 4423 2680 4493 πέφηνε
2707 4421 2928 4490 θρέμμα
2947 4418 3047 4486 τῆς
3078 4412 3422 4481 Ἐκκλησίας.

2183 4501 2225 4554 θ
2259 4517 2464 4580 Ἄλλως
2495 4514 2702 4586 φρονῶν
2727 4512 2855 4581 γὰρ,
2881 4509 2976 4562 τοῦ
2999 4504 3132 4560 Θεοῦ
3156 4505 3343 4576 πόρρω
3371 4502 3501 4554 θέει.

2800 4598 2921 4651 AB’.
2955 4625 3024 4636 -—
3055 4596 3264 4649 Ἀλλο.

2335 4696 2426 4748 Ἐκ
2465 4689 2796 4763 μορφοποιοῦ
2827 4688 3003 4759 χειρὸς
3023 4686 3387 4755 ὡραῖσμένην,

2324 4787 2619 4847 Βλέποντες
2637 4784 2825 4853 ἄνδρες
2856 4782 3216 4851 ὲγγραφεῖσαν
3248 4777 3455 4838 ἐνθάδε,

2321 4878 2596 4951 Δρέψασθε
2616 4875 2823 4945 καρπὸν
2852 4873 3116 4942 ὠφελείας
3143 4871 3326 4937 ἀξίως,

2330 4974 2431 5028 Τὸν
2469 4969 2591 5024 νοῦν
2620 4970 2847 5040 ἄραντες
2872 4965 2951 5029 είς
2982 4964 3078 5026 τὰς
3105 4962 3279 5016 αὐτῶν
3313 4959 3510 5020 αἰτίας.

2326 5068 2471 5121 Ἰσυυ
2502 5063 2660 5132 λόγου
2689 5062 2795 5131 γὰρ
2821 5060 2854 5130 ἡ
2879 5055 3062 5128 γραφὴ
3093 5055 3193 5124 βοᾷ
3223 5052 3387 5122 μέγα.

2332 5166 2418 5227 Ὠς
2468 5162 2533 5215 Ἠ
2558 5159 2689 5230 τιμή
2720 5173 2842 5228 μου,
2865 5153 2990 5218 δόξα
3015 5153 3114 5220 τῆς
3133 5147 3416 5216 αὑτοψίας,

2323 5253 2398 5304 Δι’
2429 5252 2494 5320 ἢν
2519 5247 2808 5318 παρήχθην
2837 5245 2915 5305 είς
2946 5241 3248 5309 ὑπόμνησιν
3273 5237 3452 5304 μόνον.

2320 5343 2654 5416 Φρουροῦσα,
2676 5337 2983 5409 φωτίζουσα
3009 5335 3134 5392 τοὺς
3165 5329 3333 5399 ἐμοὺς
3356 5326 3565 5395 φίλους,

2322 5438 2457 5499 Τοὺς
2496 5432 2818 5505 προσκυνεῖν
2846 5427 2904 5482 δὲ
2935 5426 3010 5496 μὴ
3044 5421 3292 5482 θέλοντάς
3320 5435 3386 5488 με
3416 5419 3622 5489 σκέπει,

2333 5526 2707 5596 ’Δλλοτριοῦσα
2733 5522 2830 5593 τῆς
2859 5520 2969 5575 ἄνω
2997 5515 3342 5587 κληρουχίας.

2805 5615 2924 5671 AI".
2945 5643 3012 5653 —
3038 5612 3245 5664 Ἄλλο.

2325 5719 2596 5786 Ἀσαρκος
2618 5711 2694 5766 ῶν
2721 5710 2848 5781 πρὶν
2876 5704 3128 5779 Χριστὸς,
3150 5703 3251 5755 οὐκ
3279 5696 3347 5771 ἦν
3373 5697 3582 5752 ἐνθάδε.

2322 5810 2452 5863 Θεὸν
2487 5808 2594 5877 γὰρ
2624 5805 2816 5868 οὐδεὶς,
2855 5800 3036 5872 φησὶν,
3061 5795 3362 5867 ἀνθρώπων
3390 5793 3521 5847 ἴδεν.

3700 350 3824 413 1792
