3976 6314
199 335 334 398 1793

279 449 432 502 Ἐπεὶ
458 449 514 502 δὲ
541 445 740 515 σαρκὸς
759 447 1121 502 ὲνδιδύσκεται
1142 451 1334 520 πάχος,

277 548 337 601 '0
358 541 556 604 παντὸς
585 539 691 606 ἔξω
725 541 816 593 καὶ
845 542 1036 611 χρόνου
1064 559 1123 596 τε
1150 548 1243 596 καὶ
1269 545 1453 614 τόπου,

279 638 494 700 Ἀπτδς,
527 632 767 703 παθητὸς
788 634 995 701 γίνεται
1020 638 1087 706 τῇ
1118 636 1382 692 συνθέσει.

265 726 471 797 Βρέφος
503 724 724 794 κυηθεὶς
742 727 807 778 ὲκ
841 725 1030 796 κόρης,
1054 730 1258 799 σπορᾶς
1285 730 1434 792 ἄνευ,

266 815 450 882 Αὔξει,
477 815 637 883 διψεῖ,
660 819 832 870 πεινετ
857 834 939 883 τε,
968 819 1062 871 καὶ
1088 819 1308 890 σύμπαν
1337 825 1513 892 φέρει,

271 908 392 961 Τῶν
420 910 476 961 ὲν
509 907 652 962 Θέσει
677 926 736 962 τε
765 910 858 964 καὶ
886 914 1069 982 γραφῇ
1102 911 1475 984 δεδειγμένων.

270 999 396 1061 Πῶς
419 995 511 1054 οὖν
538 1001 601 1053 σὺ
630 1000 831 1067 λοιπὸν,
856 995 901 1055 ὦ
928 1005 1236 1072 παράφρον,
1260 998 1305 1057 ὦ
1328 1007 1482 1067 τάλα,

269 1091 344 1144 Οὐ
372 1094 532 1162 σαρκὶ
558 1093 768 1155 σεπτῶς
795 1095 1026 1165 Χριστὸν
1055 1098 1510 1167 ὲμπεριγράφεις,

276 1186 410 1239 Κατ’
440 1181 576 1250 εἶδος
600 1186 762 1240 αὑτοῦ
789 1186 886 1256 τὴν
920 1187 1045 1260 ὃλην
1070 1189 1401 1258 παρουσίαν;

283 1277 420 1330 Ἀλλ’
445 1278 477 1348 ἢ
507 1278 802 1347 μεταγνοὺς
825 1279 1014 1341 πιστὸς
1043 1280 1106 1331 ὲκ
1131 1279 1336 1351 πλάνης
1361 1282 1534 1350 γίνου,

271 1371 338 1422 Ἦ
376 1373 471 1440 τῆς
496 1367 631 1423 Θεοῦ
661 1369 940 1441 πόρρωθεν
976 1372 1142 1441 αὐλῆς
1170 1373 1422 1444 ἑκφέρου.

753 1462 875 1516 ΛΔ’.
892 1495 962 1506 -
979 1465 1190 1521 "Alio.

277 1552 338 1605 Ὀ
367 1552 599 1623 Χριστός
626 1553 744 1606 ἐστι
772 1556 835 1624 τῇ
865 1557 1048 1625 γραφῇ
1086 1555 1443 1626 δεδειγμένος,

279 1645 430 1697 Ἐπεὶ
458 1644 643 1715 βροτὸς
673 1647 935 1714 πέφηνεν,
965 1646 1040 1700 ῶν
1073 1647 1201 1712 Θεὸς
1225 1649 1405 1718 φύσει.

278 1737 337 1788 ’0
360 1736 432 1806 μὴ
459 1737 565 1806 γάρ
587 1736 756 1801 οὕτως
779 1738 1137 1808 προσϐλέπειν
1170 1740 1330 1793 αὑτὸν
1353 1740 1520 1794 θέλων

265 1830 736 1898 Φαντασματωδῶς
776 1831 1154 1901 σωματοῦσθαι
1186 1833 1491 1904 προσλέγει.

449 1923 568 1975 AE'.
605 1953 673 1963 —
697 1926 798 1990 Εὶς
826 1923 942 1992 τὴν
977 1926 1152 1994 ἁγίαν
1182 1929 1488 1981 Θευτόκον.

278 2014 364 2065 Ἑν
402 2014 566 2068 εικόνι
597 2014 805 2084 βλέπων
827 2032 906 2079 σε,
938 2019 1110 2088 μῆτερ
1131 2018 1355 2087 Κυρίου,

265 2104 416 2177 Φόϐῳ
445 2108 702 2177 πρόσειμι
733 2111 1055 2179 προσκυνεῖν
1086 2127 1167 2174 σε,
1199 2111 1292 2164 καὶ
1325 2111 1494 2182 πόθῳ.

267 2196 437 2265 Χάρις
458 2197 565 2266 γὰρ
591 2195 757 2260 ὅντως
777 2196 1073 2267 τηλικαύτη
1105 2214 1188 2250 σοι
1211 2197 1383 2261 πέλει,

279 2285 364 2346 Ὠς
391 2286 454 2356 τῇ
488 2286 614 2355 σκιᾷ
647 2302 740 2338 σου
773 2285 1209 2356 θαυματουργίας
1235 2285 1440 2357 βρύειν.

748 2375 886 2442 Δεῖν.
902 2405 974 2416 -
991 2376 1200 2431 Ἀλλο.

279 2464 394 2518 Ἐπ’
429 2465 629 2538 ὠλένης
663 2483 762 2537 μου
793 2468 1120 2537 μητρόμοιόν
1150 2486 1234 2538 μοι
1270 2467 1486 2538 βρέφος,

264 2556 368 2610 Τὸν
395 2558 746 2612 παντάνακτα
775 2559 1006 2630 Χριστὸν
1040 2562 1329 2630 ἐγγράφως
1364 2561 1537 2630 φέρω,

265 2648 336 2700 Τὸ
360 2648 473 2715 φῶς
499 2649 958 2719 άπαστράπτοντα
975 2654 1072 2721 τῆς
1096 2651 1422 2723 ἀφθαρσίας,

266 2738 371 2790 Καὶ
396 2739 598 2808 κόσμον
626 2737 908 2808 ὲξαίροντα
933 2738 1199 2808 δαιμόνων
1221 2740 1447 2808 πλάνης.

748 2833 868 2884 AZ'.
890 2861 960 2873 —
983 2833 1190 2885 Άλλο.

262 2921 332 2974 Σὺ
361 2920 450 2974 τὸν
474 2920 604 2974 Θεὸν
632 2921 882 2986 τεκοῦσα,
911 2921 1163 2992 προῦχεις
1189 2921 1454 2990 ἀγγέλων.

269 3014 361 3066 "Ov
392 3012 451 3064 οὐ
478 3012 732 3066 δύνανται
791 3014 886 3066 καὶ
913 3013 1021 3084 γὰρ
1041 3015 1193 3066 αὐτοὶ
1227 3011 1607 3084 προσϐλέπειν,

273 3105 362 3168 ’ος
389 3104 516 3157 Υἱὸν
549 3105 683 3174 αύτή
709 3107 897 3176 χερσὶν
929 3105 1218 3176 ἀκράντοις
1248 3107 1455 3177 φέρεις.

744 3199 874 3249 ΛΗ’.
904 3228 974 3239 -
1004 3199 1213 3252 Ἄλλο.

263 3286 676 3360 Μητροπρεπῶς
691 3286 782 3340 τὸν
810 3287 936 3340 Υἱὺν
966 3287 1272 3358 ἔγγραπτον
1303 3289 1471 3358 φέρω,

272 3381 357 3442 Ὠς
395 3380 459 3433 ἂν
493 3379 685 3448 φανείη
715 3379 933 3449 γνήσιον
961 3380 1166 3450 μητρὸς
1187 3380 1363 3441 τέκος·

271 3472 329 3523 ’0
358 3472 701 3543 πατρομοίως
731 3472 827 3541 τῆς
855 3472 1070 3542 γραφῆς
1096 3472 1426 3542 ἐπηρμένος,

273 3563 530 3633 Ἐπείπερ
558 3563 673 3616 ἐστὶ
700 3562 871 3625 διττὸς
900 3563 1068 3632 ἀπρὶξ
1088 3564 1186 3632 τὴν
1215 3563 1394 3628 φύσιν.

394 3654 518 3707 ΛΘ’.
544 3684 613 3694 -
641 3656 744 3719 Εἰς
770 3653 885 3722 τὴν
904 3654 1108 3707 εἰκόνα
1133 3654 1238 3707 τοῦ
1261 3654 1541 3720 Χριστοῦ.

272 3743 689 3814 Ἑξεικόνισμαι,
722 3746 826 3799 κᾶν
855 3745 986 3808 Θεὸς
1015 3744 1162 3798 πέλω
1184 3744 1363 3814 φύσει,

274 3833 527 3905 Ἐπεὶπερ
555 3836 669 3904 είμὶ
697 3836 789 3889 καὶ
816 3836 1007 3907 βροτὸς
1039 3837 1159 3890 κατ’
1179 3836 1385 3890 οὐσίαν·

265 3923 372 3974 Καὶ
393 3926 456 3994 τῇ
484 3925 611 3994 σκιᾷ
635 3942 735 3994 μου
758 3927 1170 3997 προσκυνοῦμαι
1200 3927 1361 3979 παντί
1380 3944 1503 3986 που,

261 4014 442 4085 Μήπω
473 4015 734 4086 μερισμὸν
757 4016 851 4069 τοῦ
881 4019 1066 4081 κλέους
1099 4018 1547 4089 προσλαμϐάνων.

415 4129 505 4184 Μ’.
530 4157 600 4169 --
621 4132 724 4195 Εἰς
751 4130 858 4183 τὸν
886 4131 1038 4184 ναὸν
1062 4131 1171 4200 τῆς
1197 4135 1510 4186 Θεοτόκου.

262 4220 370 4290 Τῆς
400 4220 673 4291 Παρθένου
704 4221 792 4275 τὸν
814 4217 961 4274 οἷκον
981 4224 1008 4274 ὁ
1041 4222 1273 4292 βλέπων,
1306 4223 1434 4276 νόει.

262 4312 404 4375 Ναὺς
436 4313 542 4382 γὰρ
566 4306 702 4378 αὕτη
723 4313 816 4366 τοῦ
842 4313 975 4366 Θεοῦ
1005 4314 1362 4384 δεδειγμένος,

260 4405 438 4465 Ναοὺς
474 4404 671 4475 ἑαυτῆς
696 4405 970 4475 πανταχοῦ
999 4407 1160 4476 γαίης
1192 4407 1325 4477 ἔχει.

724 4516 859 4571 MA'.
896 4549 966 4558 —
1001 4519 1210 4574 Ἀλλο.

261 4630 365 4684 Τὸν
394 4629 734 4701 Κοσμοποιὺν
757 4630 1176 4701 σωματούμενον
1207 4632 1434 4700 βλέπων,

262 4724 365 4777 Σὺν
387 4726 454 4793 τῇ
487 4722 722 4796 τεκούσῃ
746 4725 811 4793 τῇ
837 4726 1019 4795 γραφῇ
1057 4724 1164 4777 τῶν
1188 4725 1428 4791 εἰκόνων,

267 4813 682 4883 Καταπλάγηθι,
708 4812 824 4876 πῶς
854 4813 984 4876 Θεὸς
1007 4814 1204 4883 βρέφος
1229 4814 1400 4880 πέλει,

264 4906 511 4959 Ἀπαντά
530 4923 588 4958 τε
614 4905 715 4976 δρᾷ
747 4905 882 4976 πρὸς
914 4905 1117 4975 βροτῶν
1147 4909 1435 4977 σωτηρίαν

266 4995 360 5051 'lv’
387 4998 464 5059 είς
486 4997 677 5050 ἑαυτὸν
699 4997 796 5068 τὴν
830 4996 1034 5069 φθορὰν
1065 5000 1415 5068 κατακρίνας.

262 5085 334 5138 Τὸ
365 5085 588 5155 πλάσμα
613 5084 757 5157 σώσῃ
787 5087 1039 5156 θεότητος
1065 5087 1140 5158 τῷ
1162 5089 1373 5159 κράτει.

264 5174 336 5227 Τὸ
364 5175 427 5244 δὴ
457 5174 725 5246 φρονοῦσα
757 5180 821 5247 τῇ
844 5177 1087 5247 Θεοτόκῳ
1119 5179 1293 5248 φέρει,

266 5267 404 5336 Πρὸς
432 5267 625 5338 λύτρον
652 5268 819 5337 αὐτῆς
844 5269 891 5320 τ’
918 5269 1128 5340 ἀνδρὸς,
1163 5271 1429 5341 ἄχραντον
1447 5273 1602 5341 δόμα.

329 5383 460 5437 MB'.
495 5414 565 5423 —
581 5385 683 5449 Εἰς
705 5383 773 5436 τὸ
796 5384 1089 5452 κιὸούριον
1113 5387 1217 5439 τοῦ
1243 5385 1602 5456 Προδρόμου.

261 5473 420 5538 Θείας
447 5476 728 5547 τραπέζης
752 5478 1172 5547 συγκαλύπτραν
1201 5497 1268 5549 με
1297 5479 1524 5548 βλέπων,

263 5566 596 5639 Χερουὸικὴν
627 5568 810 5638 νόμιζε
844 5570 1178 5640 ταξιαρχίανο

263 5659 494 5727 Χριστὸν
521 5660 627 5731 γὰρ
651 5661 794 5715 ἔνδον
825 5665 1294 5732 μ·.ισταγωγεῖσθαι
1319 5666 1448 5726 νόει,

266 5752 365 5805 Τὸν
393 5754 496 5808 τῶν
519 5755 628 5809 άνω
662 5773 716 5807 τε
749 5758 1041 5825 Δισπότην,
1074 5759 1165 5812 καὶ
1194 5758 1301 5812 τῶν
1323 5759 1488 5813 κάτω.

1680 350 1817 412 IAM
1824 357 1920 415 BI.

1779 476 1830 534 Α
1853 464 1922 520 At
1951 466 2090 521 mole
2115 475 2405 536 postquam
2437 469 2682 537 corporis
2708 483 2828 524 sese
2885 470 3078 538 induit,

1857 555 2026 622 Quem
2058 573 2156 614 nec
2173 559 2274 614 loci
2305 573 2403 614 nec
2439 560 2612 628 spatia
2651 560 2910 616 claudunt
2938 565 3218 633 temporis,

1855 644 1992 700 Exin
2030 647 2203 701 dolori
2239 647 2410 704 factus
2448 660 2532 703 est
2572 651 2861 708 obnoxius.

1855 736 2175 793 Intaminata
2201 749 2362 794 natus
2393 739 2570 796 infans
2610 739 2850 810 Virgine,

1852 828 2129 897 Augescit,
2153 832 2342 892 esurit,
2383 831 2517 893 silit,
2545 830 2648 887 fert
2681 834 2885 899 omnia,

1854 918 1984 985 Qum
2013 930 2348 975 consuerunt
2380 923 2636 978 omnibus
2665 923 2794 994 fingi
2828 925 2987 996 typis.

1852 1011 1990 1076 Quid
2021 1028 2149 1082 ergo
2177 1029 2354 1069 causae
2385 1024 2487 1076 est,
2513 1031 2546 1070 ο
2575 1018 2758 1082 miser,
2788 1034 2886 1073 cur
2920 1021 3129 1075 abnuas

1853 1101 2124 1159 Christum
2158 1107 2386 1160 verenda
2418 1110 2799 1177 comprehendi
2836 1111 3090 1181 imagine,

1853 1192 2150 1264 Totamque
2182 1197 2300 1251 vita:
2334 1199 2527 1253 seriem
2563 1209 2616 1254 et
2657 1200 2935 1256 historiam
2981 1218 3148 1257 saera:
3178 1204 3200 1255 ἲ

1851 1285 1919 1339 At
1947 1298 2002 1341 tu
2030 1297 2122 1342 aut
2147 1289 2427 1358 profanum
2472 1295 2667 1347 mentis
2707 1309 2943 1350 errorem
2975 1296 3166 1365 abjice.

1850 1376 1956 1431 Aut
1992 1386 2043 1435 te
2073 1380 2298 1435 sacratis
2342 1383 2559 1450 proripe
2590 1398 2620 1436 a
2647 1385 2841 1439 castris
2868 1386 2981 1440 Dci.

2344 1472 2584 1529 XXXIV.
2616 1478 2882 1532 —-Aliud.

1851 1559 1950 1614 llic
1978 1561 2231 1619 Christus
2263 1571 2366 1624 est,
2402 1565 2610 1633 pictura
2634 1581 2790 1633 quem
2819 1566 3137 1621 denuntiat:

1849 1650 2089 1707 Mortalis
2116 1670 2180 1707 ex
2209 1668 2319 1724 quo
2350 1653 2525 1710 factus
2547 1667 2630 1712 est
2651 1659 2744 1726 qui
2790 1671 2904 1712 erat
2928 1654 3092 1713 Deus.

1851 1742 2004 1794 Illum
2046 1743 2225 1797 videre
2253 1744 2344 1812 qui
2377 1756 2591 1800 recusat
2625 1748 2727 1802 hoc
2766 1751 2947 1819 modo,

1789 1827 1828 1881 Β
1856 1830 2263 1901 Incorporatum
2309 1837 2566 1904 praedicat
2595 1839 2953 1907 phantastice.

2111 1923 2328 1980 XXXV.
2355 1959 2423 1971 —-
2453 1927 2520 1983 In
2550 1941 2787 1986 sanctam
2819 1934 3125 2003 Deiparam.

1851 2010 2054 2065 Pictam
2088 2014 2139 2068 in
2169 2016 2361 2071 tabella
2395 2027 2463 2085 te,
2493 2018 2587 2075 Dei
2615 2033 2803 2087 mater,
2843 2025 3024 2082 videns
3044 2067 3059 2091 ,

1853 2102 2024 2158 Venio
2048 2115 2106 2160 ut
2133 2107 2353 2164 adorem
2405 2125 2589 2167 amore
2627 2115 2819 2183 plenus
2846 2132 2910 2171 ac
2941 2126 3109 2172 metu.

1851 2196 1985 2252 Nam
2018 2208 2199 2255 tantus
2230 2202 2280 2254 in
2312 2210 2363 2257 te
2391 2205 2577 2274 gratia:
2599 2213 2836 2262 exundat
2867 2209 3030 2275 latex,

1852 2287 1923 2344 Ut
1951 2293 2064 2361 ipsa
2095 2293 2164 2347 ab
2194 2293 2382 2348 umbra
2405 2295 2675 2364 profluam
2695 2299 2980 2354 miracula.

2328 2385 2566 2444 XXXVI.
2597 2420 2668 2429 —
2695 2391 2877 2444 Aliud.

1850 2473 2195 2531 Consimilem
2239 2478 2289 2532 in
2315 2479 2457 2536 ulnis
2483 2493 2652 2537 mater
2681 2483 2937 2539 infantem
2964 2485 3115 2548 mihi,

1849 2565 2123 2622 Christum
2149 2571 2385 2626 universi
2426 2573 2747 2644 principem,
2791 2576 2996 2646 pictum
3038 2592 3188 2645 gero,

1850 2654 2190 2715 IEternitatis
2215 2662 2535 2716 emicantem
2561 2664 2784 2731 lumine,

1850 2745 2151 2821 Terrasque
2177 2751 2369 2808 fraude
2406 2754 2722 2811 Iiberantem
2758 2759 3086 2815 diemonum.

2340 2844 2603 2901 XXXVII.
2632 2878 2702 2888 —
2727 2848 2908 2905 Aliud.

1849 2937 2002 3004 Quod
2039 2948 2210 2994 mater
2246 2953 2309 2997 es
2335 2938 2450 3005 Dei,
2481 2941 2702 3010 angelos
2731 2945 3120 3011 superemines.

1849 3029 1984 3084 Nam
2016 3030 2258 3084 contueri
2289 3046 2450 3099 quem
2485 3043 2738 3087 verentur
2758 3036 2956 3104 angeli,

1851 3122 2006 3178 lIunc
2031 3123 2142 3192 ipsa
2177 3123 2327 3192 puris
2358 3121 2549 3177 Filium
2585 3128 2833 3183 manibus
2856 3130 3019 3199 geris.

2298 3211 2586 3269 XXXVIII.
2612 3246 2683 3258 -—
2705 3217 2887 3270 Aliud.

1846 3303 2008 3358 Gesto
2038 3304 2093 3359 in
2127 3303 2320 3358 tabella
2348 3304 2566 3370 Filium,
2595 3316 2652 3360 ut
2683 3319 2910 3362 matrem
2945 3310 3121 3376 decet,

1850 3393 1916 3448 Ut
1937 3403 2082 3450 certa
2120 3397 2333 3450 soboles
2363 3398 2551 3450 matris
2583 3397 2706 3452 hinc
2758 3399 2969 3454 eluceat
2999 3419 3012 3455 :

1844 3486 1970 3553 Qui,
1999 3502 2104 3555 qua
2133 3488 2272 3556 patri
2306 3489 2608 3543 consimilis
2638 3500 2743 3552 est,
2773 3492 2917 3560 pingi
2945 3494 3152 3562 nequit.

1844 3580 2046 3634 Natura
2080 3581 2274 3648 duplex
2313 3580 2511 3649 quippe
2536 3581 2591 3634 in
2623 3581 2713 3633 illo
2739 3583 3000 3636 cernitur.

2137 3670 2377 3726 XXXIX.
2401 3701 2469 3712 --
2497 3671 2564 3725 In
2612 3674 2837 3742 imagine
2879 3672 3096 3730 Christi.

1843 3763 2081 3828 Artifice,
2113 3764 2360 3834 quamvis
2389 3780 2504 3818 sum
2541 3765 2702 3825 Deus.
2737 3767 2926 3836 pingor
2971 3784 3156 3832 manu,

1845 3853 2090 3908 Humana
2125 3855 2380 3923 quoniam
2409 3855 2541 3908 mihi
2568 3871 2782 3924 quoque
2804 3868 2887 3912 est
2933 3859 3233 3913 substantia
3261 3876 3278 3914 :

1846 3944 2156 4014 Umbraque
2183 3945 2382 4015 ubique
2412 3946 2491 4000 sic
2526 3947 2726 4001 adoror
2767 3950 2820 4001 in
2855 3964 3001 4016 mea,

1845 4037 1913 4093 Ut
1943 4039 2088 4093 nulla
2112 4039 2333 4092 honoris
2360 4038 2626 4108 perferam
2658 4041 2991 4096 discrimina.

2191 4151 2302 4206 XL.
2324 4183 2394 4192 —
2417 4151 2484 4206 In
2515 4153 2762 4222 templum
2792 4154 3058 4225 Deipara'.

1846 4245 1980 4298 Dum
2021 4244 2196 4299 cernis
2228 4245 2396 4298 aedem
2428 4243 2684 4314 Virginis,
2713 4259 2944 4302 mentem
2976 4249 3222 4302 admove.

1845 4337 1924 4392 Ex
1951 4352 2057 4407 quo
2085 4337 2196 4407 ipsa
2236 4339 2491 4406 templum
2533 4347 2615 4391 est
2662 4337 2799 4393 facta
2833 4342 3104 4396 nascentis
3158 4340 3272 4403 Dei,

1846 4429 2080 4499 Templis
2108 4429 2306 4500 ubique
2350 4430 2589 4500 gentium
2624 4432 2817 4484 colitur
2853 4434 2991 4487 suis.

2421 4539 2554 4595 XLI.
2587 4571 2648 4580 —
2687 4543 2871 4599 Aliud.

1845 4630 2026 4686 Mundi
2057 4642 2330 4702 parentem
2361 4648 2485 4688 cum
2525 4633 2675 4688 vides
2707 4635 2760 4687 in
2791 4651 3035 4705 corpore,

1844 4725 1979 4778 Cum
2009 4735 2200 4792 matre,
2227 4727 2366 4795 picta
2393 4727 2698 4780 dedicatum
2742 4728 2974 4798 imagine
2998 4748 3013 4795 ;

1847 4816 1958 4872 Iloc
1979 4819 2314 4887 obstupesce,
2350 4820 2618 4888 quomodo
2652 4819 2830 4875 infans
2860 4823 2929 4875 sit
2956 4821 3121 4887 Deus,

1845 4906 2035 4978 Nilque
2063 4909 2129 4963 ad
2152 4910 2378 4963 salutent
2417 4925 2524 4963 non
2549 4919 2672 4980 agat
2714 4913 3059 4966 mortalium:

1846 4999 1915 5056 Ut
1953 5003 2142 5057 mortis
2167 5002 2220 5055 in
2248 5018 2305 5057 se
2339 5003 2621 5070 proferens
2649 5005 2999 5069 sententiam,

1845 5095 2151 5149 Divinitatis
2182 5095 2373 5148 liberet
2402 5109 2502 5148 nos
2530 5094 2757 5149 viribus.

1845 5186 1997 5253 Quod
2034 5187 2134 5241 ista
2168 5195 2442 5255 reputans,
2484 5184 2724 5254 Deiparze
2757 5195 2902 5242 casta
2930 5188 3146 5242 exhibet

1848 5283 1978 5349 Sua,
2011 5284 2219 5351 virique
2248 5297 2343 5351 pro
2378 5281 2574 5343 salute,
2605 5297 2852 5335 munera.

2121 5393 2278 5449 XLII.
2316 5425 2375 5435 —
2408 5394 2469 5446 In
2495 5394 2745 5447 cibarium
2781 5395 3150 5452 Prwcursoris.

1846 5489 2042 5544 Mensa:
2072 5498 2294 5542 sacrata:
2322 5488 2647 5555 conspicans
2677 5489 3012 5556 operculum,

1846 5583 1996 5636 Ilanc
2027 5590 2082 5634 tu
2113 5581 2388 5634 cohortem
2424 5580 2600 5648 cogita
2641 5577 2995 5636 Cherubicam
3033 5599 3047 5634 :

1844 5674 1976 5729 Nam
2007 5672 2255 5726 Christus
2289 5672 2432 5725 intus
2474 5672 2713 5741 mysticis
2746 5674 2897 5728 adest
2929 5673 3118 5736 sacris,

1846 5767 2155 5827 leestium
2195 5766 2334 5822 idem
2378 5763 2637 5821 Dominus
2679 5783 2739 5824 ac
2771 5765 3128 5822 terrestrium.

3271 362 3406 428 ΠΜ
