3976 6314
607 335 740 399 Π95

651 507 663 516 .
1019 436 1288 491 XLIII.—
1321 435 1389 490 In
1428 437 1696 508 templum.

598 535 790 591 Divina
818 533 944 587 dum
979 545 1038 585 se
1068 545 1255 584 mensa
1295 532 1644 597 spectandam
1679 529 1921 594 exhibet,

598 627 869 682 Venerare
901 637 1123 686 numen,
1155 619 1400 674 membra
1446 621 1823 676 inhorrescant
1850 632 2017 677 metu.

951 712 1135 767 XLIV.
1157 743 1226 753 —
1245 713 1310 766 In
1353 723 1590 765 sanctum
1617 713 1808 766 altare.

599 806 834 862 Horrore
863 805 1081 874 plenum
1116 812 1198 858 est
1229 804 1330 856 hoc
1361 802 1594 856 tribunal
1619 813 1671 856 et
1704 813 1873 868 metu,

599 898 799 952 Lucida
844 896 935 950 Dei
965 895 1128 958 aedes,
1164 909 1262 947 nec
1293 893 1394 947 nisi
1421 894 1585 947 castis
1611 904 1818 962 patens.

599 991 690 1045 I’ie
732 989 1033 1060 propinqua
1059 1027 1074 1052 ,
1107 987 1300 1056 dignus
1328 995 1386 1040 ut
1418 987 1492 1040 sis
1519 1002 1776 1040 munere:

598 1079 734 1134 Nam
760 1095 959 1134 munus
991 1079 1131 1147 ignis
1159 1086 1264 1141 est,
1292 1087 1347 1132 et
1381 1076 1635 1146 indignos
1669 1083 1843 1129 vorat.

985 1169 1139 1223 XLV.
1165 1197 1233 1208 -—
1279 1168 1344 1222 In
1367 1169 1568 1237 januas
1597 1168 1797 1236 ferula".

601 1263 830 1319 Foribus
853 1263 1072 1331 apertis,
1102 1262 1261 1332 adyta
1305 1277 1412 1330 qua
1455 1260 1638 1328 templi
1671 1268 1875 1328 patent,

603 1359 660 1410 ln
684 1355 844 1412 corde
872 1364 1067 1410 incesto
1097 1356 1342 1423 spiritum
1380 1351 1509 1406 oll‘er
1546 1354 1766 1405 anxium
1799 1369 1810 1404 :

601 1449 727 1504 Haec
754 1459 901 1518 grata
936 1447 1164 1500 Domino
1193 1455 1296 1510 est,
1332 1446 1431 1500 hac
1455 1446 1637 1498 litatur
1673 1442 1870 1496 hostia.

773 1539 961 1594 XLVI.
993 1569 1061 1579 —
1091 1539 1156 1592 In
1187 1540 1415 1607 primum
1461 1536 1639 1606 templi
1675 1536 1986 1605 ingressum.

601 1634 785 1688 Limen
825 1642 1078 1702 parantes
1118 1629 1327 1700 ingredi
1357 1629 1551 1682 domus
1583 1627 1701 1692 Dei,

599 1727 893 1781 Removete
915 1739 1074 1780 curas
1118 1725 1282 1776 ebriae
1321 1721 1590 1791 cupidinis
1619 1740 1630 1772 :

602 1819 750 1872 Intus
779 1818 1063 1887 benignum
1090 1815 1402 1883 utjudicem
1433 1813 1808 1882 experiamini,

601 1909 703 1978 Qui
734 1911 865 1964 dura
897 1909 1050 1962 vobis
1077 1907 1252 1959 vincla
1278 1907 1449 1960 solvat
1477 1891 1786 1960 criminum.

741 2001 1030 2056 XLVll.——
1052 1997 1117 2051 In
1141 1998 1317 2067 templi
1347 1999 1632 2067 ingressum
1650 2014 1668 2051 :
1691 2001 1743 2050 in
1766 2013 1990 2051 crucem.

599 2094 833 2150 Custode
868 2108 974 2157 me,
1017 2102 1069 2146 te
1094 2091 1276 2146 nullus
1323 2091 1552 2160 exagitet
1581 2101 1797 2145 metus:

601 2185 712 2256 Ego
757 2200 990 2252 namque
1036 2193 1210 2237 terror
1244 2183 1582 2237 dazmonibus
1618 2193 1672 2236 et
1705 2182 1924 2237 ﬂamma
1950 2197 2093 2236 sum.

908 2275 1142 2330 XLVIII.
1159 2305 1230 2317 -—-
1253 2274 1593 2345 Epigramma
1611 2276 1659 2328 in
1681 2292 1876 2328 cruces.

598 2369 918 2439 Ubicunque
945 2370 1158 2438 pingor,
1203 2367 1410 2421 nullum
1469 2367 1629 2421 habet
1670 2367 1834 2421 Satan
1869 2369 2084 2426 locum:

599 2461 734 2515 Nam
774 2462 941 2516 robur
969 2462 1086 2529 ejus
1115 2460 1336 2514 sustulit
1374 2475 1466 2512 rex
1499 2459 1763 2512 omnium.

1161 2548 1419 2603 XLIX.—
1450 2549 1628 2601 Aliud.

596 2643 798 2715 Fugam
836 2644 1086 2712 capessit,
1145 2651 1196 2697 to
1227 2643 1415 2712 procul
1447 2643 1582 2708 visa,
1628 2642 1794 2698 draco
1817 2681 1833 2707 ,

598 2736 766 2791 Deum
800 2736 1034 2805 gerentis
1067 2735 1282 2790 intuens
1319 2734 1447 2804 ligni
1475 2741 1685 2802 typum.

1025 2815 1029 2822 '
1152 2824 1213 2878 L.
1236 2856 1304 2866 —
1333 2825 1513 2877 Aliud.

596 2916 640 2971 Ο
668 2933 826 2980 crux,
856 2917 1103 2987 perenni,
1144 2916 1237 2970 lux
1273 2932 1390 2970 mea
1414 2955 1429 2980 ,
1459 2915 1605 2970 adsis
1641 2916 1863 2980 lumine,

596 3009 884 3079 Longeque
932 3010 1126 3064 mentis
1162 3009 1427 3063 submove
1463 3009 1774 3077 caliginem.

1160 3098 1244 3151 LI.
1270 3097 1542 3152 —Aliud.

599 3189 780 3244 Delixa
808 3204 1022 3245 summo
1044 3189 1322 3259 Golgothm
1347 3189 1544 3242 montis
1564 3189 1695 3258 jugo
1715 3228 1731 3254 ,

602 3281 726 3338 Haec
757 3299 912 3353 poma
936 3283 1138 3336 mundo
1173 3281 1393 3350 protulit
1429 3279 1633 3333 vitalia.

1191 3370 1301 3424 LII.
1322 3400 1389 3408 ——
1424 3370 1603 3423 Aliud.

602 3463 852 3530 Expansa
885 3462 1111 3516 tendens
1134 3461 1381 3516 Christus
1405 3462 1455 3514 in
1489 3473 1540 3515 te
1572 3461 1818 3526 brachia,

603 3554 860 3608 Mundum
889 3554 1139 3608 excitavit
1167 3570 1196 3608 e
1226 3554 1478 3608 barathro
1506 3555 1816 3609 criminum.

1186 3645 1318 3708 LIII,
1337 3677 1405 3689 —
1430 3647 1612 3700 Aliud.

607 3741 788 3806 Salve,
829 3739 1124 3809 tropbazum
1159 3740 1365 3794 ccelicae
1405 3739 1713 3807 panopliaa:

603 3834 708 3888 Per
745 3845 796 3887 te
837 3831 1019 3900 fugata
1045 3840 1129 3884 est
1157 3839 1268 3883 tona
1303 3829 1610 3882 daemonum
1656 3825 1916 3896 phalanx.

1165 3919 1299 3974 LIV.
1323 3950 1387 3960 —
1413 3919 1597 3977 Aliud.

608 4018 783 4081 Salve,
817 4017 978 4070 arbor
1008 4016 1234 4079 illibata,
1270 4025 1348 4068 ter
1372 4012 1659 4067 laudabilis
1690 4030 1704 4067 :

607 4109 743 4163 Fera
769 4109 956 4162 mortis
995 4107 1051 4161 in
1083 4116 1133 4161 te
1164 4115 1344 4160 cessat
1389 4106 1713 4160 exsecratio.

1201 4197 1313 4253 LV.
1335 4228 1404 4238 —
1433 4197 1613 4252 Aliud.

617 4298 796 4362 Salve,
829 4310 1042 4350 corona:
1069 4310 1236 4349 suave
1263 4309 1403 4348 onus
1441 4292 1790 4348 monasticae:

608 4391 813 4448 Christi
845 4390 904 4442 lit
937 4388 1032 4442 olli
1058 4402 1255 4442 cursus
1288 4387 1340 4439 in
1376 4396 1425 4439 te
1453 4386 1686 4455 planior.

1199 4477 1334 4531 LVI.
1363 4507 1430 4517 —
1469 4475 1650 4529 Aliud.

613 4580 790 4642 Salve,
818 4575 995 4632 omnis
1032 4575 1084 4628 in
1116 4589 1225 4643 quo
1255 4573 1511 4642 praesides
1560 4581 1743 4627 custos
1777 4570 1883 4625 loci
1916 4588 1930 4623 :

618 4673 806 4728 Salvos
835 4681 984 4725 tuere
1016 4676 1284 4738 quotquot
1312 4667 1394 4720 ha:
1425 4664 1583 4720 sedes
1616 4665 1833 4718 habent.

1170 4757 1327 4812 LVII.
1349 4757 1615 4810 —Aliud.

617 4854 673 4909 Si
717 4870 810 4915 me,
832 4853 917 4907 vel
948 4853 1062 4922 ipsa
1084 4849 1349 4920 quispiam
1399 4848 1613 4916 elllngat
1640 4862 1824 4913 manu,

615 4946 775 5000 Dabit
803 4955 1022 5014 repente
1048 4945 1292 4998 daemona
1320 4941 1598 4994 inimicum
1629 4939 1680 4992 in
1722 4939 1923 5008 fugam.

898 5029 1168 5088 LVIII.-—
1196 5032 1262 5086 In
1289 5049 1462 5085 cruces
1499 5033 1887 5083 monachorum.

613 5129 760 5182 Crux
805 5129 1108 5181 intuentum
1145 5123 1341 5194 fulguri
1368 5137 1655 5176 coruscum
1705 5121 1889 5190 jubar.

615 5224 757 5276 Crux
792 5230 940 5277 certa
973 5229 1027 5275 et
1055 5219 1300 5285 expedita
1334 5217 1721 5270 monachorum
1765 5213 1934 5267 salus.

615 5311 762 5365 Crux
786 5311 985 5365 Christi
1030 5318 1303 5363 amantum
1335 5306 1702 5374 comprimens
1747 5304 2052 5368 libidinem,

617 5404 762 5456 Crux
791 5404 1183 5473 lacrymantum
1222 5408 1414 5454 cuncta
1449 5398 1635 5451 delens
1670 5396 1921 5449 crimina.

616 5494 757 5550 Crux
789 5496 1080 5549 castiorum
1114 5501 1231 5548 tuta
1271 5502 1452 5547 custos
1481 5491 1760 5544 mentium.

1777 337 1836 395 S.
1873 337 2260 396 TIIEODORI
2289 338 2632 397 STUDITAZ

2188 443 2240 502 A

2207 4465 2251 4518 Ι)

3691 331 3819 401 1796

2684 437 2814 496 Mf".
2836 470 2907 480 ——
2942 439 3042 505 Εις
3066 440 3130 492 τὸ
3158 440 3432 504 τέμόλοκ.

2330 533 2490 586 Θείαν
2518 531 2788 602 τράπεζαν
2815 533 2918 602 πρὸ
2946 529 3233 600 προσώπου
3265 550 3357 584 σου
3392 533 3632 601 βλέπων,

2329 626 2486 679 Αἱδοῦ
2515 625 2576 676 τὸ
2608 624 2822 688 σεπτὸν,
2855 623 2947 675 καὶ
2975 624 3109 687 ὅλως
3137 625 3290 694 στῆθι
3322 628 3495 698 φόϐῳ.

2478 717 2610 772 ΜΔ’.
2635 748 2704 758 -—
2733 719 2835 781 Εἰς
2859 717 2924 768 τὸ
2952 716 3120 785 ἄτιον
3145 721 3611 788 θυσιαστήριον.

2329 809 2555 879 Φρικτὸν
2578 809 2636 862 τὸ
2675 809 2826 878 βῆμα
2853 808 3030 875 τοῦτο,
3066 811 3162 864 καὶ
3191 811 3395 882 πλῆρες
3429 813 3623 880 φόϐου,

2329 901 2472 964 Ναὸς
2496 900 2629 953 Θεοῦ
2660 901 2939 969 φωτεινὸς,
2972 903 3154 968 ἁγνοῖς
3182 903 3401 966 άπτέος.

2331 991 2597 1062 Πρόσελθε
2631 992 2808 1055 θείως,
2841 993 2932 1044 καὶ
2959 992 3204 1062 μεθέξεις
3237 994 3435 1058 ἀξίως·

2331 1083 2447 1153 Πῦρ
2477 1083 2584 1153 γὰρ
2615 1083 2673 1136 τὸ
2702 1084 2891 1150 δῶρον,
2918 1085 3041 1147 τοὺς
3073 1083 3325 1148 ἀναξίους
3346 1085 3568 1153 φλέγον.

2382 1177 2514 1228 ME'.
2541 1202 2610 1216 —-
2639 1175 2738 1240 Εἰς
2761 1174 2898 1238 τοὺς
2925 1175 3206 1240 πυλῶνας
3234 1177 3340 1230 τοῦ
3373 1175 3706 1244 νάρθηκος.

2333 1268 2510 1330 Πύλας
2532 1268 2720 1335 διάρας
2753 1267 2844 1320 τοῦ
2886 1267 3010 1321 ναοῦ
3041 1269 3148 1321 τῶν
3183 1269 3392 1322 ἐνθάδε.

2335 1359 2437 1412 Ἴθι
2467 1359 2765 1428 προσοίσων
2793 1360 3007 1430 πνεῦμα
3039 1361 3526 1430 συντετριμμένον·

2331 1450 2442 1502 Καὶ
2465 1451 2620 1503 τοῦτο
2644 1451 2789 1520 θῦμα
2811 1453 2995 1504 δεκτόν
3027 1453 3140 1504 ἐστι
3165 1452 3372 1521 Κυρίῳ.

2349 1541 2498 1609 MC".
2529 1572 2598 1583 —
2632 1541 2733 1608 Εἰς
2754 1542 2868 1609 τὴν
2893 1543 3131 1612 πρώτην
3159 1543 3401 1596 εῑσοδον
3427 1542 3538 1596 τοῦ
3565 1539 3741 1596 ναοῦ.

2333 1630 2492 1686 Οἷκου
2522 1633 2655 1686 Θεοῦ
2691 1635 2972 1703 μέλλοντες
3006 1634 3296 1687 εἰσϐαίνειν
3331 1634 3530 1704 πύλην.

2337 1725 2481 1789 Ἐξω
2505 1725 2746 1793 γένοισθε
2779 1726 2872 1793 τῆς
2906 1725 3075 1795 μέθης
3102 1725 3208 1777 τῶν
3235 1724 3553 1793 φροντίδων·

2339 1819 2432 1872 "Iv‘
2458 1818 2696 1888 εὐμενῶς
2729 1817 2938 1886 εὕροιτε
2963 1817 3053 1869 τὸν
3079 1816 3268 1886 κριτὴν
3289 1817 3416 1879 ἔσω,

2334 1911 2532 1974 Λύσεις
2556 1912 2681 1980 ὑμῖν
2713 1910 2956 1964 διδοῦντα
2989 1911 3095 1963 τῶν
3127 1910 3479 1979 ὀφλημάτων.

2332 2006 2462 2058 ΜΖ’.
2494 2033 2564 2044 ——
2600 2001 2703 2067 Εἰς
2725 2001 2873 2055 ναοῦ
2903 2001 3178 2055 εἴσοδον
3218 2003 3306 2068 εις
3335 2000 3444 2053 τὸν
3472 2001 3759 2066 σταυρόν.

2335 2095 2513 2164 Ἐχων
2538 2111 2603 2163 με
2637 2093 2888 2163 φρουρὸν,
2919 2093 2992 2163 μὴ
3014 2094 3176 2146 πτοοῦ
3207 2093 3444 2153 κτύπους
3467 2091 3653 2158 φόϐων
3673 2107 3688 2119 ·

2333 2185 2593 2253 Καυστὴρ
2619 2185 2723 2253 γάρ
2746 2185 2860 2253 εἰμι
2891 2186 3230 2254 φρικτοειδὴς
3263 2182 3555 2251 δαιμόνων.

2493 2275 2635 2330 MH'.
2662 2303 2732 2316 -—
2765 2275 3133 2345 Ἐπίπφαμμα
3161 2279 3245 2337 εις
3274 2275 3602 2340 σταυροὺς.

2345 2369 2458 2436 Ἐφ’
2490 2360 2533 2434 ᾧ
2560 2366 2855 2437 τυποῦμαι,
2884 2367 3066 2436 χώραν
3091 2367 3151 2418 οὐ
3180 2365 3351 2417 Σατὰν
3377 2363 3511 2433 ἔχει·

2333 2460 2565 2513 Καθεῖλε
2593 2461 2701 2530 γὰρ
2728 2460 2789 2511 τὸ
2816 2461 3015 2528 κράτος
3046 2457 3208 2510 αὐτοῦ
3235 2455 3548 2519 Παντάναξ.

2808 2550 2941 2602 MO’.
2969 2578 3040 2589 —
3064 2551 3264 2601 "A110.

2335 2641 2436 2695 Σοῦ
2459 2645 2524 2712 τῇ
2552 2641 2648 2714 θέᾳ
2673 2640 2954 2711 πόρρωθεν
2975 2641 3002 2691 ό
3031 2639 3245 2710 δράκων
3272 2640 3478 2712 τρέχει,

2335 2737 2516 2790 Τύπον
2548 2752 2607 2788 σε
2635 2733 2845 2807 δέρκων
2903 2734 2998 2786 τοῦ
3031 2733 3320 2786 θεοπλύκου
3351 2733 3532 2799 ξύλου.

2835 2826 2918 2878 N'.
2951 2854 3021 2866 —-
3055 2827 3254 2879 "A110.

2333 2917 2403 2973 Ὦ
2429 2919 2649 2988 σταυρὲ,
2677 2917 2791 2985 φῶς
2815 2934 2936 2985 μου,
2960 2917 3140 2984 λάμπε
3170 2933 3257 2985 μοι
3290 2913 3454 2967 παντὶ
3487 2915 3686 2984 χρόνῳ,

2335 3012 2531 3084 Πόρῤω
2554 3008 2762 3062 διώκων
2789 3007 2888 3074 τῆς
2921 3007 3104 3076 ψυχῆς
3137 3023 3238 3076 μου
3267 3005 3328 3058 τὸ
3355 3005 3563 3069 σκότος.

2814 3101 2860 3152 Ν
2865 3102 2942 3153 A'.
2974 3128 3041 3138 -—
3071 3101 3270 3152 "A110.

2340 3191 2505 3258 Οὗτος
2538 3193 2802 3263 πεπηγὼς
2831 3194 2890 3244 ὲν
2919 3192 3069 3257 τόπῳ
3092 3190 3186 3244 τοῦ
3210 3189 3468 3258 Γολγοθᾶ,

2307 3311 2310 3313 ·
2344 3287 2578 3355 Ἦνθησε
2607 3285 2794 3355 κόσμῳ
2825 3282 3062 3353 ζωτικὴν
3097 3281 3420 3351 εὐκαρπίαν.

2817 3373 2863 3423 Ν
2871 3372 2944 3425 B'.
2965 3402 3035 3411 —
3070 3372 3266 3423 "A110.

2353 3469 2438 3520 Ἐν
2461 3465 2591 3536 τῷδε
2614 3466 2800 3535 χεῖρας
2835 3461 3098 3525 ὲξαπλοῦς
3119 3461 3148 3511 ό
3178 3459 3482 3522 Παντάναξ,

2345 3559 2566 3630 Ἥγειρε
2589 3557 2789 3626 κόσμον
2820 3557 2883 3606 ἐκ
2910 3553 3180 3624 βαράθρου
3214 3553 3586 3622 πταισμάτων.

2820 3647 2943 3700 NI".
2975 3675 3045 3686 ——
3072 3648 3280 3700 "A110.

2343 3743 2582 3814 Χαίροις,
2611 3740 2866 3812 τρόπαιον
2887 3738 2986 3806 τῆς
3011 3738 3124 3791 ἄνω
3159 3737 3504 3806 παντευχίαςο

2352 3835 2440 3887 Ἐν
2462 3833 2544 3884 σοὶ
2569 3831 2867 3902 τέτραπται
2897 3829 3044 3880 πᾶσα
3071 3827 3336 3896 δαιμόνων
3364 3825 3596 3896 φάλαγξ.

2827 3921 2950 3975 NA’.
2976 3950 3046 3962 ——
3079 3922 3278 3974 "A110.

2340 4019 2584 4088 Χαίροις,
2609 4011 3044 4087 τρισευλόγητον,
3073 4015 3337 4084 ἄχραντον
3365 4010 3518 4077 ξύλον
3541 4026 3556 4039 ·

2354 4114 2442 4166 Ἐν
2470 4114 2552 4166 σοὶ
2583 4116 2857 4165 πέπαυται
2888 4110 2988 4179 τῆς
3014 4110 3152 4178 ἀρᾶς
3176 4110 3208 4177 ἡ
3239 4105 3518 4174 θνητότης.

2813 4197 2939 4253 ΝΕ’.
2975 4227 3048 4240 -—-
3085 4199 3288 4251 "A110.

2343 4295 2588 4365 Χαίροις,
2610 4291 2886 4363 μοναστῶν
2912 4289 3283 4356 παντέλαφρον
3317 4283 3552 4354 φορτίον.

2357 4388 2444 4440 Ἐν
2474 4386 2558 4438 σοὶ
2585 4386 2690 4456 γὰρ
2725 4384 2905 4444 αὐτοῖς
2933 4380 3132 4449 κοῦφος
3158 4380 3185 4430 ὁ
3212 4375 3444 4446 Χριστοῦ
3469 4375 3690 4446 δρόμος.

2819 4471 2962 4539 NG’.
2990 4500 3063 4510 —
3097 4472 3295 4523 "A110.

2346 4569 2588 4641 Χαίροις,
2622 4564 2903 4636 φυλακτὴρ
2930 4557 2991 4616 οὗ
3017 4561 3370 4631 παρεδρεύεις
3401 4558 3589 4612 τόπου·

2346 4665 2573 4726 Σκέποις
2604 4658 2802 4722 ἀσινῶς
2831 4658 2956 4719 τοὺς
2996 4656 3254 4727 μένοντας
3283 4651 3487 4706 ἐνθάδε.

2829 4749 2956 4803 ΝΖ’.
2981 4776 3048 4787 -
3073 4748 3260 4800 "A110

2346 4846 2543 4901 Τυπῶν
2570 4844 2636 4916 μέ
2663 4861 2745 4907 τις
2776 4842 2868 4897 καὶ
2896 4841 3051 4912 μόνον
3077 4838 3250 4906 εμπου
3281 4835 3550 4905 δακτύλῳ,

2345 4938 2518 5000 Εὐθὺς
2545 4936 2634 4990 τὸν
2659 4933 3008 5006 ὲχθραίνοντα
3036 4931 3262 5000 δαίμονα
3294 4928 3536 4999 στρέφει.

2501 5030 2634 5082 NH'.
2669 5057 2736 5068 —-
2762 5026 2863 5091 Εἰς
2885 5022 3184 5091 σταυροὺς
3200 5018 3522 5090 μογαστὼν
3551 5019 3602 5072 ιι.

2346 5122 2581 5194 Σταυρδς
2609 5120 2906 5190 βλεπόντων
2934 5117 3356 5186 ἀστραπηφόρον
3388 5112 3569 5174 σέλας.

2345 5213 2581 5284 Σταυρὺς
2612 5208 2886 5282 μοναστῶν
2915 5206 3172 5276 εὐδρομος
3202 5204 3464 5275 σωτηρία.

2349 5303 2584 5374 Σταυρδς
2611 5299 2900 5369 φιλούντων
2928 5296 3123 5359 ὲνθέως
3155 5295 3531 5364 πορνοκτόνος.

2349 5395 2582 5461 Σταυρὸς
2608 5389 2874 5442 κλαόντων
2895 5387 3228 5454 ὲξαλείπτωρ
3258 5381 3640 5452 πταισμάτων.

2351 5483 2586 5553 Σταυρὸς
2616 5479 2886 5549 φιλάγνων
2911 5475 3315 5546 ἀσφαλέστατος
3347 5475 3544 5545 φύλαξ.

1924 5638 2158 5694 ἾΑΒΙᾹΞ
2200 5635 2603 5692 LECTIONES.

693 5782 724 5824 ιι
755 5784 885 5855 Reg.
919 5781 1037 5836 cod.
1077 5779 1502 5851 Ἐπιγράμματα
1547 5779 1830 5849 μονόστιχα
1875 5780 1950 5842 εἰς
1998 5775 2283 5850 σταυρούς.
