3976 6314
212 321 349 384 1797

756 435 882 491 ΝΘ.
918 468 987 479 -
1011 439 1208 496 Ἄλλο.

206 524 320 586 Πᾶς
348 523 376 576 ό
407 523 636 596 γράφων
669 542 759 596 με,
793 529 886 581 καὶ
913 529 1142 600 γράφειν
1162 531 1394 602 Χριστὸν
1413 533 1556 590 θέλε.

221 613 479 685 Ἐπείπερ
500 614 661 680 αὐτὸς
696 617 1102 686 συμπέπλεκται
1137 638 1227 690 μοι
1252 622 1432 678 πάθει.

219 703 383 772 Ἑμοῦ
410 704 519 776 γάρ
539 704 748 776 ἐχθρὸς,
777 708 870 760 καὶ
900 708 1225 780 καθαιρέτης
1256 713 1432 778 πέλει,

218 792 278 844 Ὁ
309 792 385 862 μὴ
412 793 639 864 γράφων
666 797 890 862 ἐκεῖνον,
917 801 964 852 εί
991 800 1082 852 καί
1113 819 1180 872 με
1208 804 1428 875 γράφει.

685 885 760 939 Ξ’.
790 917 855 926 -
878 891 1272 961 Μονόστιχον.

204 970 440 1040 Βροτοὺς
477 972 732 1044 δαδουχῶ,
759 976 853 1029 καὶ
885 981 1314 1049 σκοταρχοῦντας
1345 983 1548 1054 φλέγω.

563 1063 682 1119 EA’.
710 1096 777 1108 -—
798 1065 892 1134 ΕΖ(
927 1069 1032 1122 τὸν
1053 1073 1411 1141 Πρόδρομον.

205 1152 384 1206 Είκὼν
437 1154 665 1225 ὑπάρχω
697 1157 790 1210 τοῦ
817 1159 1076 1214 σεϐαστοῦ
1102 1163 1434 1234 Προδρόμου.

203 1243 316 1296 Καὶ
340 1245 463 1307 τοὺς
493 1246 640 1316 πόθῳ
671 1265 736 1316 με
773 1251 1201 1318 προσκυνοῦντας
1221 1253 1409 1319 ἀξίως,

218 1333 307 1396 Ὠς
337 1337 415 1399 εἰς
444 1337 646 1390 ἐκεῖνον
673 1339 770 1407 τὴν
802 1341 968 1413 τιμὴν
998 1343 1368 1413 ποιουμένους,

202 1417 386 1482 Σώους
421 1420 652 1488 φύλαττε
675 1425 1048 1496 αἱρετιξόντων
1076 1431 1301 1499 πλάνης.

238 1507 358 1564 EB’.
392 1539 462 1549 —
492 1512 601 1578 Εἱξ
619 1514 726 1568 τὸν
752 1516 921 1585 ἅγιον
962 1520 1243 1588 Ἰωάννην
1272 1521 1377 1575 τὸν
1406 1526 1715 1598 Θεολότον.

201 1599 440 1670 Βροντῆς
470 1603 558 1655 τὸν
586 1604 720 1672 υἱὸν,
751 1607 1036 1680 ἀστραπὴν
1061 1601 1276 1681 τῆν’τοῦ
1302 1612 1478 1681 λόγου,

217 1690 392 1760 Ὁρῶν
419 1711 477 1746 σε
498 1697 736 1766 γραπτὸν
760 1700 1063 1770 φωτιοῦμαι
1093 1702 1217 1764 τοῦς
1241 1705 1385 1768 νόας.

200 1781 276 1834 Σὺ
299 1782 405 1852 γὰρ
432 1785 711 1854 προσάψας
737 1787 940 1858 πυρσὸν
969 1791 1256 1861 ἀφθάρτων
1278 1793 1472 1864 λόγων,

202 1870 375 1924 Λῦσαι
404 1873 621 1940 φθάνεις
645 1875 734 1928 τὸν
764 1877 962 1946 κόσμον
987 1880 1050 1932 ὲκ
1074 1881 1293 1946 σκότους
1321 1886 1547 1957 πλάνης.

271 1959 388 2012 ΞΓ.
424 1964 527 2026 Εἰς
557 1962 662 2015 τὸν
694 1962 863 2031 ἅγιον
899 1966 1142 2022 Παῦλον
1175 1969 1282 2024 τὸν
1309 1972 1674 2032 ἀπόστολον.

200 2049 446 2120 Χαίροις,
473 2051 674 2122 δοχεῖον
697 2054 952 2122 γνώσεως
977 2058 1110 2112 Θεοῦ
1147 2063 1310 2130 μέγα,

212 2141 304 2205 Ἐξ
332 2135 392 2195 οὗ
418 2140 487 2194 τά
524 2141 638 2196 θεῖα
666 2145 861 2210 πάντες
886 2149 1132 2204 άντλοῦσι
1166 2156 1386 2228 σφόδρα.

210 2229 309 2281 Ἐκ
337 2230 444 2301 γάρ
473 2231 676 2304 πλάνης
701 2234 764 2288 σὺ
799 2237 1002 2307 κόσμον
1027 2242 1303 2307 ὲκσπάσας
1335 2246 1467 2313 ὅλονὶ

197 2321 295 2382 Εἰς
330 2318 461 2389 ὕψος
485 2317 668 2392 ἦλθες,
701 2326 928 2396 οὐρανὸν
961 2331 1141 2401 τρίτον
1173 2336 1404 2403 φθάσας.

445 2412 559 2468 ΞΝ.
589 2445 660 2460 -
685 2420 788 2483 Εἰς
837 2420 942 2473 τὸν
970 2421 1141 2492 ἅγιον
1183 2430 1500 2496 Ζαχαρίαν.

199 2498 275 2550 Σὺ
304 2500 410 2554 τῶν
441 2507 732 2576 προφητῶν
764 2509 855 2562 τὸν
883 2512 1133 2580 μέγιστον
1160 2519 1426 2586 αὑγάσας,

198 2587 334 2639 Θεοῦ
369 2594 1039 2668 προφήτης’χρηματίξεις
1071 2605 1164 2657 καὶ
1199 2607 1382 2675 θύτης

199 2680 426 2748 Καρπὸν
451 2683 508 2734 δὲ
535 2684 673 2739 θεῖον
697 2691 1018 2762 προσφέρων
1054 2695 1130 2766 τῷ
1163 2697 1427 2773 Δεσπότῃ,

196 2771 314 2843 Θόη
353 2786 593 2846 μάχαιρα
623 2779 728 2848 πρὸ
751 2785 1026 2855 τραπέζης
1066 2788 1295 2858 Κυρίου.

444 2863 560 2920 ΞΕ’.
593 2897 662 2910 --
691 2873 795 2938 Εἰς
817 2875 922 2928 τὸν
954 2876 1125 2946 ἅγιον
1169 2882 1499 2938 Διονύσιον.

195 2953 374 3016 Πολὺς
401 2953 468 3006 τά
491 2955 610 3011 θεῖα
638 2965 1008 3032 χρηματίζων,
1034 2972 1370 3042 τρισμάκαρ,

197 3046 338 3108 Τοὺς
359 3046 621 3114 ἀγγέλους
650 3054 712 3106 σὺ
750 3057 1020 3123 μυστικῶς
1073 3059 1423 3138 διαγράφεις,

197 3135 308 3188 Καὶ
341 3142 723 3210 συμπεραίνων
755 3147 936 3200 πᾶσαν
965 3149 1266 3220 ίεραρχίαν,

195 3226 301 3279 Τὸν
324 3228 524 3300 κόσμον
546 3232 694 3288 ἔνθεν
717 3236 998 3308 δογμάτων
1030 3242 1256 3314 πληροῖς
1288 3246 1499 3300 πλάτει.

442 3322 574 3390 Ξςν.
604 3357 673 3366 --
695 3329 795 3393 Εἰς
841 3331 944 3383 τὸν
976 3331 1147 3401 ἅγιον
1184 3339 1528 3397 Βασίλειον.

198 3411 525 3482 Ἤστραψας
558 3416 719 3490 αἴγλῃ
749 3419 842 3471 τοῦ
860 3423 1079 3488 φαεινοῦ
1104 3403 1194 3478 σου
1223 3428 1360 3496 βίου,

197 3503 308 3555 Καὶ
338 3505 644 3574 φαιδρύνεις
669 3510 759 3562 τὸν
789 3512 990 3581 κόσμον
1020 3515 1200 3586 ἔργοις
1221 3521 1312 3572 καὶ
1340 3521 1540 3590 λόγοις.

198 3593 393 3645 Λαϐὼν
430 3595 486 3647 δὲ
510 3598 606 3661 τάς
643 3599 788 3662 κλεῖς
816 3603 1011 3667 καύτὸς
1039 3605 1114 3670 ὡς
1142 3609 1347 3680 Πέτρος
1378 3613 1517 3679 νέος,

195 3682 375 3746 Φύλαξ
401 3684 660 3756 ὑπάρχεις
682 3690 781 3760 τῆς
806 3693 983 3765 πάσης
1026 3697 1368 3770 Ἐκκλησίας.

198 3770 315 3827 ΞΖ’.
353 3801 424 3811 -
450 3777 553 3841 Εἰς
612 3779 717 3833 τὸν
765 3781 935 3851 ἅγιον
988 3788 1314 3858 Ῑζρηγόριον
1357 3794 1463 3847 τὸν
1513 3796 1698 3848 Θεολό
1721 3825 1750 3837 -

197 3956 442 4026 Βροντῶν
469 3959 536 4012 τὰ
558 3960 673 4014 θεῖα
700 3967 766 4034 τῇ
804 3965 897 4037 βοῇ
926 3968 1032 4020 τῶν
1061 3972 1364 4042 δογμάτων,

205 4045 449 4116 Ἥχησας
475 4049 640 4114 ὅντως
676 4053 774 4124 τὴν
799 4057 888 4107 ὑπ’
919 4057 1164 4128 οὐρανὸν,
1200 4046 1403 4138 μάκαρ.

197 4137 307 4188 Καὶ
335 4140 510 4202 πάσας
540 4143 702 4213 ἀπρὶξ
729 4149 982 4217 μωράνας
1012 4153 1268 4224 αἱρέσεις,

197 4228 301 4316 Τὸν
326 4230 526 4301 κόσμον
556 4235 842 4306 ὲστήριξας
870 4243 927 4293 ἐν
957 4245 1073 4306 τοῖς
1100 4248 1210 4309 σοῖς
1244 4248 1438 4316 λόγοις.

195 4315 321 4371 ΞΗ’.
349 4348 419 4360 ——
446 4323 551 4386 Εἰς
600 4325 706 4379 τὸν
761 4327 928 4396 ἅγιον
979 4315 1449 4404 Γρηγιεοιονῗτὸν
1484 4346 1745 4414 Θαυματ-

853 4427 1089 4491 ουργόν.

207 4498 292 4560 Ὠς
318 4499 468 4570 ⁴ἥλιός
493 4519 576 4568 τις
603 4507 659 4560 ἐν
699 4507 798 4580 βίῳ
825 4511 1044 4582 λάμψας
1075 4519 1268 4587 μέγας,

193 4592 570 4657 Διασκεδάζεις
596 4596 762 4651 νύκτα
793 4601 892 4671 τῆς
920 4606 1219 4679 μοχθηρίας
1243 4629 1258 4643 ·

197 4686 304 4736 Καὶ
335 4686 761 4767 θαυματουργῶν
790 4699 895 4749 τῶν
930 4705 1243 4774 προσευχῶν
1264 4708 1341 4778 τῷ
1370 4711 1515 4780 φάει,

208 4778 588 4845 Ἀπεκδιώκεις
617 4783 885 4853 δαιμόνων
916 4792 1116 4862 σμήνη,
1150 4798 1349 4870 Πάτερ.

435 4868 553 4923 ΞΘ’.
582 4903 651 4913 -
686 4874 786 4940 Εἰς
813 4877 917 4930 τὸν
939 4879 1108 4949 ἅγιον
1162 4868 1530 4958 Ἐπιμηάιίοη

207 4955 512 5030 Ἑωσφόρον
540 4979 599 5014 σε
625 4966 876 5033 πράξεως
909 4971 941 5040 ἡ
975 4972 1311 5048 λαμπρότης,

201 5047 437 5113 ’Έδειξεν
475 5051 597 5121 ὕψει
625 5057 732 5111 τῶν
766 5061 1035 5128 μεγίστων
1066 5069 1377 5140 θαυμάτων.

326 5135 393 5210 ἧς
422 5143 489 5195 τά
522 5145 706 5216 ῥεῖθρα
741 5150 1081 5224 πλημμυρῶν
1107 5135 1214 5213 τῶν
1247 5164 1550 5236 δογμάτων.

197 5232 420 5286 Πάντων
449 5236 712 5306 θρίαμϐος
741 5243 1116 5313 αἰρετιζόντων
1150 5254 1348 5317 πέλεις.

195 5326 271 5378 0'.
306 5355 378 5365 ——
407 5330 508 5392 Εἰς
536 5332 664 5414 ,τάν
711 5333 880 5402 ἅγιον
935 5338 1220 5406 Ἰγνάτιον
1262 5346 1368 5398 τὸν
1427 5351 1738 5420 Θεοφόρον.

220 5417 374 5486 Εχων
399 5418 577 5489 ἔρωτα
609 5424 838 5491 Χριστὸν
864 5429 921 5480 ὲν
951 5433 1014 5499 σῇ
1047 5435 1258 5504 καρδίᾳ.

205 5509 540 5562 Ἀποστόλων
568 5512 826 5584 σύσκηνος
851 5516 1056 5590 ὤφθης,
1081 5526 1394 5597 τρισμάκαρ
1417 5543 1430 5556 ·

195 5601 412 5665 Ἀθλοις
438 5602 496 5654 δὲ
531 5602 748 5676 θερμοῖς
774 5610 1103 5679 ἐκφλογίζων
1131 5617 1227 5686 τὴν
1254 5618 1480 5689 πλάνην,

206 5691 544 5757 Ἑπιστολαις
578 5713 668 5749 σου
700 5698 902 5764 Παῦλος
928 5701 1082 5768 ἄλλος
1111 5723 1194 5769 τις
1219 5709 1417 5774 πέλεις.

1693 341 1828 401 IAM
1839 343 1947 403 BI.

1784 454 1835 512 Α
2373 454 2511 509 [Δί.
2528 481 2598 493 -
2625 454 2806 506 Aliud.

1791 555 1794 559 ‘
1866 540 2182 615 Quicunque
2207 542 2383 615 pingis
2412 559 2515 608 me,
2545 544 2706 598 simul
2739 544 3014 599 Christum
3041 545 3172 600 velis

1776 4452 1829 4511 D

3272 338 3406 404 1798

2373 451 2511 509 LIX.
2528 481 2598 493 —
2625 451 2806 506 Aliud.

1859 633 2121 700 Pinxisse,
2173 644 2346 689 morte
2373 650 2500 689 nam
2527 635 2810 704 colligatus
2848 636 2980 689 mihi
3019 645 3122 692 est.

1856 723 2229 780 Exterminare
2264 741 2350 780 me
2373 736 2548 794 parat,
2579 726 2624 780 si
2647 727 2769 795 quis
2799 734 2981 796 typum

1857 813 1988 886 Ejus
2042 823 2257 871 recuset
2291 817 2530 886 pingere,
2555 825 2609 868 et
2634 817 2816 885 pingat
2845 830 3047 869 meum.

2338 904 2525 960 LX.——
2541 905 2948 960 llouostichum.

1855 993 2170 1052 Mortalibus
2205 1012 2325 1052 sum
2353 996 2464 1063 lux,
2494 1005 2549 1052 et
2571 1012 2671 1051 uro
2699 997 3017 1052 dmmonas.‘

2298 1086 2434 1142 LXI.
2457 1117 2525 1129 —
2551 1087 2619 1142 1η
2640 1089 3008 1142 Prodromum.

1857 1175 2033 1246 Imago
2055 1191 2174 1232 sum
2211 1178 2514 1232 veneranda
2567 1179 2746 1248 magni
2782 1178 3102 1239 Prodromi;

1856 1264 1921 1318 Et
1943 1281 2026 1320 me
2061 1266 2266 1321 lubenti
2296 1268 2387 1336 qui
2420 1269 2604 1323 colunt
2635 1269 2837 1332 animo,
2865 1278 2922 1323 ut
2946 1268 3118 1332 decet,

1857 1352 2051 1409 Sancte
2078 1356 2388 1412 exhibentes
2416 1368 2584 1426 quem
2607 1358 2736 1412 mihi
2776 1359 2976 1412 cultum
3006 1356 3280 1420 exhibent,

1853 1442 1964 1499 Hos
1989 1445 2104 1514 ipse
2133 1461 2315 1501 serves
2342 1447 2566 1503 haeresis
2600 1451 2874 1519 contagio.

1993 1534 2151 1590 LXII.
2173 1567 2240 1578 —
2263 1536 2328 1591 In
2362 1547 2601 1592 sanctum
2635 1538 2892 1595 Joannem
2925 1541 3236 1617 Theologam

1858 1619 2125 1692 Verbique
2149 1622 2350 1694 fulgur,
2382 1638 2435 1679 et
2467 1628 2689 1682 tonitrui
2716 1631 2877 1694 lilius,

1854 1712 1981 1768 Mihi
2014 1715 2133 1769 luce
2161 1718 2397 1785 comples
2421 1728 2674 1784 mentem,
2703 1723 2794 1777 ubi
2821 1725 3020 1791 pictum
3051 1727 3290 1784 intueor.

1786 1786 1828 1842 Β
1852 1806 2008 1861 Potes
2032 1822 2258 1863 corusca
2304 1826 2534 1881 namque
2564 1828 2872 1868 sermonum
2911 1815 3048 1883 face,

1849 1897 2064 1952 Erroris
2093 1899 2311 1955 umbras
2355 1903 2485 1956 orbe
2523 1912 2632 1957 toto
2669 1906 2884 1974 pellere.

1988 1989 2169 2045 LXIII.
2207 2023 2279 2032 —
2305 1991 2373 2046 In
2411 2007 2651 2048 sanctum
2676 1996 2902 2051 Paulum
2936 1999 3256 2068 apostolum.

1850 2083 2028 2149 Salve,
2058 2099 2090 2138 ο
2117 2101 2366 2154 supernae
2401 2088 2603 2156 grande
2637 2103 2732 2144 vas
2761 2091 3001 2146 scientiae
3030 2109 3046 2146 :

1851 2177 1928 2234 Ex
1955 2194 2062 2250 quo
2093 2181 2327 2233 universi
2386 2195 2580 2249 nempe
2606 2182 2789 2238 divina
2821 2184 3098 2239 hauriunt.

1849 2269 1952 2325 Per
1977 2282 2027 2325 te
2057 2269 2272 2340 fugatus
2294 2271 2423 2325 orbe
2454 2281 2739 2341 postquam
2767 2283 2920 2330 error
2951 2275 3076 2341 fuit,

1850 2359 2075 2417 Tolleris
2102 2363 2167 2416 ad
2198 2363 2326 2428 alta,
2359 2364 2552 2418 cretum
2587 2365 2652 2418 ad
2685 2381 2857 2435 usque
2889 2369 3132 2423 tertium.

2125 2451 2378 2507 LXIV.—
2403 2453 2468 2508 In
2504 2467 2742 2509 sanctum
2769 2456 3112 2516 Zachariam.

1849 2540 1929 2596 Tu
1971 2543 2063 2612 qui
2084 2547 2399 2610 prophetam
2427 2547 2733 2614 prmdicasti
2768 2549 3088 2616 maximum,

1848 2631 1942 2686 Dei
1974 2636 2228 2689 sacerdos
2259 2645 2311 2689 et
2345 2637 2605 2707 propheta
2633 2638 2831 2694 diceris
2863 2656 2877 2694 :

1847 2718 2183 2791 Dominoque
2211 2721 2445 2777 fructum
2469 2725 2568 2780 rite
2592 2726 2834 2780 divinum
2862 2725 3115 2792 offerens,

1846 2811 2105 2869 Mactatus
2132 2829 2281 2878 ense,
2311 2817 2529 2872 victima
2557 2829 2681 2874 ante
2706 2835 2855 2874 aram
2887 2821 3060 2878 cadis.

2107 2906 2268 2961 LXV.
2297 2938 2365 2949 -—
2394 2908 2461 2962 In
2499 2920 2737 2964 sanctum
2774 2913 3109 2984 Dionysium.

1847 2993 1996 3050 Felix
2023 2997 2206 3064 nimis,
2239 2999 2421 3055 divina
2443 3003 2531 3056 cui
2555 3001 2742 3058 datum
2766 3005 2972 3074 eloqui,

1775 3119 1817 3176 ο
1852 3085 1912 3139 Ει
1941 3088 2248 3158 angelorum
2290 3105 2485 3145 arcana
2517 3109 2744 3163 (piasque
2769 3098 3004 3164 pandere
3034 3115 3048 3150 :

1849 3177 2173 3245 Complexus
2194 3195 2352 3234 omne
2385 3183 2645 3252 quidquid
2679 3194 2762 3240 est
2789 3186 3128 3252 hierarchize,

1851 3269 2130 3340 Multiplici
2167 3274 2425 3327 mundum
2457 3275 2581 3330 inde
2603 3277 2848 3333 doctrina
2874 3279 3065 3347 reples.

2151 3360 2332 3416 LXVI.
2360 3394 2428 3404 —
2457 3365 2520 3418 In
2545 3377 2782 3420 sanctam
2804 3368 3097 3423 Basiliam.

1849 3449 1984 3505 Vitae
2011 3451 2222 3506 refulsit
2255 3455 2510 3523 splendor
2539 3457 2770 3512 eximius
2810 3467 2947 3525 tuae,

1849 3541 2133 3614 Factisque
2166 3547 2425 3600 mundum
2451 3549 2649 3616 pariter
2677 3560 2730 3604 et
2761 3553 2942 3606 verbis
2967 3552 3116 3608 beas.

1846 3635 1922 3689 Ac
1945 3636 2057 3704 ipse
2090 3637 2290 3700 claves,
2322 3637 2456 3692 alter
2484 3648 2541 3693 ut
2571 3639 2782 3708 Petrus,
2819 3659 3009 3712 gerens
3029 3684 3047 3709 ,

1848 3726 2104 3781 Ecclesiae
2133 3743 2273 3782 unus
2314 3729 2581 3784 universae
2607 3734 2896 3802 prospicis.

1916 3811 2122 3867 LXVII.
2154 3844 2219 3854 —
2256 3812 2319 3866 In
2347 3826 2587 3871 sanctum
2633 3817 2945 3891 Gregorium
2981 3821 3316 3894 Theologum.

1846 3990 1975 4056 Quae
2001 4002 2056 4045 tu
2097 3993 2301 4061 potenti
2335 4008 2466 4049 voce
2495 3994 2683 4050 i‘udisti
2715 4006 2909 4054 tonans

1846 4083 2098 4146 Oracula,
2131 4086 2329 4149 omnis,
2355 4085 2498 4151 dive,
2519 4088 2759 4145 mundus
2787 4090 2963 4145 audiit
2996 4109 3010 4145 :

1844 4172 2227 4244 Perimensque
2254 4187 2477 4232 cunctas
2520 4181 2753 4236 haareses
2789 4182 3082 4250 radicitus,

1845 4265 2040 4319 Orbem
2076 4267 2382 4323 universum
2413 4285 2592 4333 sermo
2623 4273 2863 4327 firmavit
2890 4285 3036 4330 tuus.

1846 4353 2071 4411 LXVIII.
2110 4388 2178 4398 —
2208 4358 2273 4412 In
2303 4371 2540 4415 sanctum
2579 4360 2885 4433 Gregorium
2925 4365 3384 4440 leaumaturgum.

1845 4528 1994 4584 IIaud
2025 4531 2179 4585 aliter
2208 4548 2271 4589 ac
2303 4534 2381 4589 sol
2415 4535 2629 4606 aliquis,
2666 4538 2722 4591 in
2751 4538 2858 4592 vita
2884 4540 3124 4609 micans,

1845 4621 2118 4677 Scelerum
2145 4626 2425 4679 nefandam
2451 4628 2660 4696 disjicis
2703 4630 2987 4697 caliginem
3020 4650 3037 4687 :

1843 4712 2066 4767 Precum
2103 4723 2157 4768 et
2184 4726 2397 4769 tuarum
2421 4717 2501 4771 vis
2535 4727 2756 4786 patrans
2779 4722 3038 4776 miracula
3065 4763 3082 4788 ,

1842 4803 2035 4857 Procul
2070 4814 2312 4860 catervas
2341 4806 2646 4861 daemonum
2672 4807 2838 4878 fugat,
2868 4811 3048 4866 Pater.

2051 4892 2234 4948 LXIX.
2265 4922 2336 4934 ——
2369 4892 2434 4948 In
2474 4907 2715 4951 sanctum
2751 4899 3123 4970 Epiphaniam.

1844 4983 2066 5040 Divinus
2104 5000 2324 5054 operum
2362 4985 2560 5056 fulgor,
2592 4998 2753 5059 atque
2786 4992 3072 5048 excelsitas

1843 5076 2244 5140 Miraculorum,
2271 5079 2637 5149 phosphorum
2675 5091 2725 5136 te
2765 5085 3031 5152 praestitit.

1847 5169 2110 5223 Doctrina:
2135 5179 2190 5224 et
2211 5172 2365 5225 almae
2405 5173 2549 5242 larga
2573 5171 2756 5228 fundis
2787 5175 3004 5230 flumina
3027 5218 3042 5242 ,

1846 5259 2013 5315 Victis
2039 5262 2344 5332 triumphos
2375 5265 2637 5323 haeresum
2663 5268 2825 5322 sectis
2856 5283 3043 5336 agens.

1950 5351 2109 5404 LXX.
2144 5385 2210 5393 —
2239 5353 2302 5406 In
2327 5367 2565 5408 sanet-um
2598 5354 2864 5424 Ignatium
2897 5357 3279 5428 Theophorum.

1847 5441 2046 5496 Gerens
2073 5443 2123 5494 in
2155 5447 2259 5498 alto
2282 5446 2479 5499 Christi
2514 5461 2754 5501 amorem
2783 5437 3040 5516 pectore,

1846 5532 2224 5607 Apostolorum
2267 5533 2416 5590 visus
2440 5551 2497 5590 es
2521 5535 2648 5590 felix
2678 5553 2861 5593 comes
2886 5557 2900 5570 ·

1847 5621 2097 5676 Errorem
2127 5633 2180 5677 et
2215 5626 2324 5679 acri
2358 5641 2686 5697 persequens
2719 5633 3040 5694 certamine.

1848 5715 2026 5772 Alium
2064 5715 2170 5771 tuis
2202 5717 2256 5771 in
2289 5719 2529 5788 epistolis
2550 5718 2775 5779 Paulum
2801 5725 3047 5784 exhibes.
