3976 6314
594 338 736 406 1799

871 450 1054 507 LXXI.
1086 483 1153 493 —
1183 450 1250 505 In
1277 462 1519 506 sanctum
1541 453 1911 510 Athanasium.

591 544 724 600 Nam
751 545 873 617 quis
902 544 1138 609 labores,
1166 545 1350 614 praelia
1385 554 1439 599 et
1481 554 1573 598 tua
1610 544 1873 614 explicet,

590 635 801 689 Athleta
835 635 1072 705 magne?
1097 647 1153 688 ιιι
1194 635 1576 703 magistrorum
1621 635 1807 689 decus.

590 725 723 781 Nam
756 742 852 797 pro
885 725 1016 791 Deo,
1037 726 1268 797 gigantis
1296 727 1491 792 instar,
1519 726 1807 789 dimicans,

590 813 785 871 Hostes
813 815 1154 884 triumphans
1181 815 1460 885 dissipasti
1483 817 1771 885 pessimos.

944 906 1154 964 LXXII.
1177 939 1245 949 —
1264 911 1330 962 In
1349 907 1802 978 Chrysostomum.

591 997 636 1052 Ο
669 998 759 1068 qui
796 1000 1050 1068 perennis
1088 1001 1414 1070 eloquentiae
1439 1015 1637 1056 aureos

590 1087 788 1144 Fontes
816 1090 1070 1155 recludis,
1099 1100 1293 1146 cuncta
1333 1099 1604 1146 terrarum
1636 1092 1798 1159 irriga
1836 1109 1849 1143 :

592 1178 842 1236 Pandens
873 1181 1066 1236 salutis
1088 1190 1143 1235 et
1169 1183 1308 1235 viam
1337 1182 1662 1236 mortalibus
1685 1219 1700 1243 ,

590 1272 792 1329 Omnes
835 1273 993 1328 beato
1028 1274 1264 1328 caelitum
1289 1275 1432 1344 gregi
1463 1276 1662 1328 insere.

867 1362 1100 1418 LXXIII.
1133 1396 1202 1405 —
1235 1363 1302 1418 In
1327 1375 1568 1419 sanctum
1601 1364 1884 1435 Cyrillum.

591 1454 741 1510 Tuus
763 1465 879 1511 arte
906 1456 1073 1510 multa
1096 1472 1393 1527 congerens
1428 1473 1612 1512 sacras
1642 1473 1801 1527 opes,

589 1546 787 1602 Ditavit
815 1552 1002 1602 orbem
1047 1551 1396 1618 postmodum
1427 1552 1678 1620 egregius
1710 1552 1859 1604 labor
1891 1569 1905 1604 :

589 1635 821 1693 Prolana
846 1647 1092 1707 retegens
1126 1641 1394 1694 beeresum
1423 1653 1478 1694 et
1518 1641 1775 1711 mysteria
1797 1678 1811 1704 ,

592 1729 812 1786 Sincera
836 1733 1048 1801 populis
1082 1732 1384 1801 praedicasti
1408 1734 1694 1801 dogmata.

663 1819 894 1875 LXXIV.
925 1851 995 1861 —
1033 1819 1099 1874 In
1124 1831 1363 1874 sanctum
1410 1804 1716 1892 Gregorium
1760 1820 2074 1891 Nyssenum.

593 1907 912 1963 Sermonum
940 1910 1211 1978 aperiens,
1249 1908 1400 1974 Dive,
1433 1909 1635 1962 fontem
1669 1909 1909 1964 dulcium
1930 1949 1944 1973 ,

590 1998 818 2055 Omnem
850 1999 1046 2071 fugasti
1082 2002 1284 2055 lumine
1305 2001 1505 2072 ingenii
1545 2001 1792 2057 haeresim
1823 2020 1838 2056 :

589 2088 831 2162 Novique
851 2090 1016 2147 Mosis
1050 2092 1307 2164 inclytum
1339 2108 1535 2147 nomen
1562 2109 1756 2163 gerens
1779 2135 1795 2160 ,

591 2178 797 2234 Ductor
826 2181 1095 2250 gubernas
1123 2184 1362 2252 Optimus
1392 2183 1651 2252 pepulum
1683 2182 1800 2237 Dei.

689 2271 899 2331 LXXV.
938 2303 999 2314 -—-
1029 2273 1096 2327 In
1131 2284 1370 2329 sanctum
1405 2275 1732 2329 Theodorum
1762 2274 2015 2330 Siceoten.

592 2363 637 2419 0
666 2367 870 2435 grande
899 2381 1100 2420 munus
1129 2367 1347 2422 caelitus
1379 2367 1583 2421 mundo
1611 2366 1795 2421 datum
1819 2406 1834 2431 ,

593 2456 760 2512 Malas
793 2457 990 2528 iugasti
1025 2458 1336 2514 daemonum
1360 2467 1591 2522 turmas,
1622 2460 1798 2513 Pater.

596 2547 814 2603 Fulsisti
845 2559 903 2603 ut
934 2549 1136 2602 almum
1168 2549 1324 2604 sidus
1357 2567 1371 2602 :
1409 2549 1652 2618 ipsisque
1685 2549 1892 2618 angelis

594 2638 806 2694 Eximia
834 2641 958 2694 vita:
993 2642 1252 2695 sanetitas
1280 2640 1407 2695 fecit
1429 2655 1641 2710 parem.

858 2727 1096 2785 LXXVI.
1129 2759 1200 2768 -
1231 2729 1298 2783 In
1331 2740 1572 2784 sanctum
1600 2729 1908 2784 Antonium.

597 2818 737 2890 Ignis
761 2821 1016 2876 columna
1046 2823 1195 2878 visus
1215 2837 1294 2887 es,
1333 2824 1458 2876 Viue
1496 2838 1637 2876 novo

599 2905 918 2975 Splendore,
944 2917 1253 2962 monstrans
1281 2909 1536 2961 omnibus
1559 2908 1683 2961 cceli
1716 2908 1878 2963 viam.

597 2995 864 3068 Erebique
891 2999 1041 3053 diros
1068 3011 1349 3067 proterens
1377 3000 1668 3064 satellites.

600 3091 689 3145 Sic
726 3106 952 3162 prorsus
988 3102 1046 3146 ut
1075 3091 1221 3147 Eden
1263 3091 1486 3162 angelus
1513 3106 1753 3147 eremum
1799 3092 2010 3149 incolis.

824 3179 1080 3236 LXXVII.
1114 3213 1180 3224 —
1210 3181 1276 3235 In
1309 3192 1552 3236 sanctum
1579 3181 1940 3237 Hilarionem.

603 3272 736 3329 Viue
770 3275 983 3329 refulsit
1021 3275 1164 3329 haud
1194 3293 1351 3331 secus
1379 3278 1631 3344 splendor
1657 3289 1792 3343 tum,

598 3365 676 3421 Ac
698 3381 856 3420 mane
888 3367 1062 3436 primo
1083 3365 1233 3422 stella
1262 3368 1473 3422 luciferi
1501 3369 1665 3423 micat
1694 3391 1708 3425 :

601 3457 884 3528 Clarisque
912 3459 1173 3512 mundum
1210 3474 1460 3515 recreans
1495 3463 1802 3531 miraculis,

599 3546 785 3619 Abigis
814 3560 1095 3604 nocentem
1125 3551 1431 3604 daemonum
1467 3553 1770 3621 caliginem.

810 3638 1088 3693 LXXVIII.
1119 3670 1188 3680 —
1216 3639 1283 3694 In
1312 3651 1551 3695 sanciunt
1582 3644 1941 3714 Euthymium.

602 3728 831 3785 Eremus
868 3731 964 3786 abs
1002 3740 1053 3785 te
1079 3731 1269 3787 civitas
1293 3732 1432 3786 facta
1466 3741 1550 3788 est
1583 3733 1695 3788 Dei.

602 3822 678 3876 lbi
711 3837 946 3891 namque
976 3823 1126 3891 cogis
1152 3822 1318 3877 densa
1346 3824 1712 3878 Christiadum
1742 3827 1955 3895 agmina
1983 3846 1996 3879 :

608 3911 877 3967 Miraculis
905 3923 960 3966 et
988 3914 1121 3981 ipse,
1154 3927 1252 3968 ceu
1281 3915 1468 3980 radiis,
1509 3915 1685 3970 nitens
1705 3957 1719 3981 ,

603 4002 888 4068 Laetitiam,
920 4014 979 4058 ut
1007 4005 1142 4058 alter
1165 4006 1543 4074 .phosphorus.
1577 4007 1779 4060 mundo
1809 4008 1954 4075 paris
1974 4049 1988 4072 ,

881 4095 1114 4149 LXXIX.
1143 4127 1211 4137 —
1250 4096 1315 4150 In
1346 4108 1585 4151 sanctum
1628 4097 1876 4153 Sabbam.

604 4186 826 4241 Exculta
852 4202 1067 4242 eremus
1104 4188 1197 4242 tibi
1227 4189 1410 4244 labore
1443 4191 1676 4259 plurimo
1695 4230 1710 4254 ,

603 4279 835 4348 Operum
863 4279 984 4333 inde
1016 4279 1225 4335 fructus
1252 4282 1474 4350 protulit
1513 4283 1906 4352 pulcherrimos
1945 4302 1959 4337 :

603 4373 835 4443 Piosque
867 4387 1066 4442 cogens
1092 4380 1236 4427 astra
1269 4387 1366 4426 ceu
1390 4375 1609 4429 totidem
1638 4376 1843 4430 incolas
1866 4418 1878 4438 ,

605 4463 715 4519 Hos
746 4464 860 4532 ipse
885 4463 1096 4518 medius
1133 4466 1294 4528 inter,
1328 4473 1389 4518 ut
1426 4464 1605 4530 Titan,
1641 4467 1827 4521 micas.

873 4553 1087 4609 LXXX.
1111 4585 1182 4596 —
1211 4554 1276 4609 In
1299 4570 1537 4611 sanctum
1568 4558 1910 4613 Dalmatium.

605 4648 673 4701 Et
695 4655 752 4700 tu
783 4661 1070 4700 coruscum
1102 4645 1254 4702 sidus
1276 4662 1356 4712 es,
1388 4650 1500 4702 sole
1528 4649 1736 4713 editus,

605 4739 838 4806 Compar
862 4745 916 4791 et
954 4737 1056 4807 ipsi
1093 4738 1396 4793 sanctitatis
1427 4738 1668 4805 lumine;

608 4828 866 4899 Veraeque
903 4831 1149 4884 columen
1179 4839 1407 4898 uterque
1432 4829 1692 4884 doctrinae
1729 4830 1827 4884 fuit
1858 4851 1871 4885 ε

606 4919 674 4972 Ει
710 4927 767 4971 ιιι
799 4919 1037 4987 paternis
1063 4919 1269 4987 legibus
1297 4920 1593 4975 monachos
1625 4921 1786 4989 regis.

845 5009 1081 5064 LXXXI.
1105 5041 1174 5051 —
1201 5010 1266 5064 In
1293 5021 1528 5064 sanctum
1557 5010 1918 5076 Pachomium,

609 5104 894 5171 Quondam
922 5102 1216 5157 Abrahami
1247 5104 1479 5156 nobilem
1522 5103 1763 5157 imitatus
1799 5105 1992 5170 tidem,

610 5197 756 5252 Felix
792 5197 942 5251 fuisti
974 5195 1142 5265 prolis
1173 5211 1349 5250 aurem
1382 5196 1559 5251 Pater.

611 5285 687 5340 'I‘e
715 5301 872 5341 sacra
908 5292 1194 5353 postquam
1225 5284 1409 5339 docuit
1446 5301 1641 5340 arcana
1687 5291 1909 5358 angelus
1934 5332 1946 5352 ,

613 5378 778 5447 Leges
804 5375 1018 5437 dedisti,
1049 5390 1145 5429 ceu
1171 5390 1343 5431 novus
1376 5375 1574 5439 Moses,
1606 5377 1734 5432 tuis.

874 5464 1132 5519 LXXXII.
1159 5495 1228 5505 —
1253 5464 1317 5518 In
1340 5477 1578 5520 sanctum
1613 5468 1906 5524 Arsenium.

613 5557 731 5626 Jugi
763 5557 968 5626 rigatus
995 5556 1166 5610 imbre
1196 5557 1554 5626 lacrymarum
1583 5558 1676 5612 tibi

617 5650 862 5712 Animus,
891 5649 1065 5718 perire
1095 5649 1309 5704 nescios
1340 5648 1547 5704 fructus
1575 5651 1692 5705 tulit
1726 5669 1740 5704 :

617 5741 682 5796 Et
705 5757 874 5805 usque
898 5749 1084 5797 sancta
1115 5740 1364 5811 ﬂagitans
1392 5741 1557 5797 Deum
1585 5757 1738 5812 prece
1757 5784 1771 5808 ,

2179 459 2226 518 A

1774 345 1814 403 S
1876 344 2261 406 THEODORI
2301 344 2642 406 STUDIT/E

2488 457 2608 508 OA'.
2632 483 2699 497 —-
2728 457 2830 519 Εἰς
2862 454 2966 508 τὸν
2988 454 3157 523 ἄγνον
3205 455 3590 509 Ἀθανάσιον.

2256 548 2350 612 Τίς
2374 549 2496 611 τοὺς
2542 547 2756 614 ἀγῶνας
2783 545 2890 599 τῶν
2925 546 3102 598 πόνων
3138 545 3246 597 τῶν
3278 545 3386 597 σῶν
3417 546 3645 616 φράσοι,

2253 639 2323 694 Ὦ
2347 641 2645 709 πενταθλητ
2655 640 2709 706 ὰ,
2733 640 2840 691 τῶν
2864 636 3196 691 διδασκάλων
3223 637 3379 700 κλέος
3403 653 3418 700 ;

2265 733 2436 804 ’Υπὲρ
2473 731 2606 785 Θεοῦ
2636 731 2744 801 γάρ
2774 731 2848 795 ὡς
2889 731 3052 799 γίγας
3075 727 3304 800 δραμὼν
3331 729 3525 798 μέγας.

2254 824 2613 894 Στεφηφορῶν
2643 822 2888 885 καθεῖλες
2926 822 3150 891 ἐχθροὺς
3178 821 3525 887 παγκάκους.

2554 914 2672 968 ΟΒ’.
2703 945 2770 955 -
2788 915 2892 979 Εἰς
2921 913 3028 966 τὸν
3052 913 3507 980 Χρυσόστομον.

2253 1007 2441 1078 Πηγὴν
2474 1005 2706 1074 ἄληκτον
2737 1005 3063 1074 παγχρύσων
3106 1004 3278 1071 λόγων
3305 1003 3535 1073 βλύσας,

2254 1098 2420 1168 Ὅλην
2453 1098 2739 1169 κατάρδοις
2772 1097 2870 1167 τὴν
2900 1096 3149 1165 ὑφὴλιον,
3183 1095 3370 1165 μάκαρ
3408 1111 3424 1125 ο

2251 1190 2432 1260 Θύρας
2459 1190 2502 1242 δ’
2529 1190 2756 1258 ἀνοίγων
2785 1191 2896 1251 τοῖς
2927 1188 3132 1257 βροτοῖς
3164 1187 3457 1255 σωτηρίας,

2252 1282 2346 1345 Είς
2364 1281 2622 1350 οὐρανοὺς
2647 1279 2738 1332 τὸν
2773 1279 2973 1348 κόσμον
2998 1279 3297 1347 ἐκπέμπεις
3321 1277 3468 1330 ὅλον.

2529 1374 2644 1426 0f".
2667 1403 2736 1414 —
2759 1375 2868 1436 Είς
2893 1371 2999 1424 τὸν
3019 1370 3188 1439 ἅγιον
3209 1371 3535 1436 Κύριλλον.

2251 1462 2596 1533 Θησαυρίσας
2624 1461 2692 1514 τὰ
2715 1461 2834 1516 θεῖα
2863 1459 3312 1530 ποικιλοτρόπως,

2264 1551 2617 1614 Ἐπλούτισας
2645 1551 2733 1603 τὸν
2762 1550 2963 1619 κόσμον
2991 1551 3194 1612 ἐνθέοις
3222 1548 3404 1614 λόγοις
3426 1563 3442 1576 ·

2250 1643 2360 1695 Kal.
2387 1642 2483 1704 τὰς
2516 1640 2774 1712 βεϐήλους
2808 1642 3048 1711 αἱρέσεις
3077 1640 3462 1702 κατασπάσας,

2250 1725 2438 1808 Κήρυξ
2466 1733 2712 1808 πέφηνας
2738 1733 3028 1806 όρθοὸόξων
3057 1732 3358 1802 δογμάτων.

3691 342 3813 407 18οῡ

2251 1830 2368 1885 OA'.
2396 1863 2466 1872 —
2503 1833 2608 1896 Είς
2631 1829 2736 1883 τὸν
2786 1827 2956 1892 ἅγιον
3016 1827 3344 1892 Γρηγόριον
3389 1825 3498 1876 τὸν
3541 1825 3817 1889 Νὐσσης.

2251 1924 2438 1995 Βρύων
2464 1922 2697 1977 ἄϐυσσον
2726 1917 3059 1986 παγγλύκων
3083 1917 3276 1984 λόγων,
3315 1914 3532 1986 μάκαρ,

2250 2017 2438 2070 Πᾶσαν
2459 2014 2664 2084 νοητῶς
2701 2011 3007 2076 ἑξετίναξας
3039 2008 3246 2079 πλάνην
3272 2026 3284 2038 ·

2249 2108 2362 2162 Καὶ
2387 2105 2737 2178 χρηματίζων
2766 2103 3002 2172 Μωΰσῆς
3039 2101 3194 2163 ἄλλος
3226 2098 3422 2168 μέγας.

2254 2203 2440 2269 Ἀγεις
2472 2199 2668 2269 ἄριστα
2698 2195 2787 2248 τὸν
2811 2193 2946 2246 λεὼν
2973 2192 3064 2245 τοῦ
3091 2193 3310 2262 Κυρίου.

2253 2289 2372 2344 ΟΕ’.
2397 2289 2581 2353 -Εῑς
2637 2286 2744 2338 τὸν
2787 2283 2956 2353 ἅγιον
3008 2280 3306 2349 Θεόδωρον
3351 2281 3460 2334 τὸν
3501 2278 3820 2346 Σικεώιην.

2251 2380 2386 2435 Θεοῦ
2433 2382 2496 2434 σὺ
2530 2379 2701 2448 δῶρον
2730 2380 2844 2438 τοῖς
2891 2375 3102 2445 βροτοῖς
3143 2372 3318 2435 δοθεὶς
3353 2372 3522 2441 μέγα,

2252 2473 2431 2526 Ἀπαν
2455 2469 2700 2532 καθεῖλες
2727 2468 2997 2539 δαιμόνων
3026 2466 3228 2534 στίφος,
3260 2466 3471 2537 Πάτερ.

2250 2563 2486 2634 Λάμψας
2511 2562 2614 2634 γὰρ
2643 2561 2802 2624 εὐθὺς
2831 2560 2905 2623 ὼς
2936 2558 3071 2629 ἑῷος
3129 2559 3438 2629 φωσφόρος.

2269 2654 2574 2723 Ἰσάγγελος
2598 2653 2844 2723 πέφηνας
2873 2650 2998 2721 ὕψει
3027 2650 3120 2703 τοῦ
3149 2651 3264 2720 βίου

2489 2744 2624 2812 θεῖ’.
2658 2773 2730 2784 -
2754 2745 2855 2807 Είς
2876 2742 2981 2796 τὸν
3011 2740 3184 2808 ἅγιον
3237 2738 3582 2793 Ἀντώνιον.

2251 2837 2447 2899 Στύλος
2475 2835 2642 2904 πυρὸς
2672 2834 2917 2902 πέφηνας
2943 2831 3108 2902 αἴγλῃ
3131 2829 3224 2884 τοῦ
3263 2830 3400 2900 βίον,

2251 2930 2468 2998 Κόσμον
2491 2925 2739 2998 ποδηγῶν
2767 2926 2848 2988 είς
2879 2925 3066 2994 τρίϐον
3093 2924 3383 2994 σωτηρίας.

2251 3020 2371 3072 Τῶν
2396 3018 2663 3088 δαιμόνων
2696 3017 2868 3078 δὲτὰς
2901 3016 3183 3085 φάλαγγας
3213 3015 3537 3086 πτερνίσας,

2175 3125 2218 3186 C
2256 3111 2500 3181 Ἔρημον
2527 3107 2690 3179 ᾠκεις
2713 3107 2788 3172 ὡς
2829 3108 2990 3178 Ἐδέμ
3019 3125 3103 3171 τις
3137 3107 3383 3175 ἀγγέλων

2492 3202 2611 3254 OZ'.
2639 3202 2838 3265 -Εις
2880 3200 2987 3252 τὸν
3026 3199 3196 3267 ἄτιον
3236 3197 3567 3265 ’1.ιαρίωγα.

2249 3294 2331 3364 Τῇ
2365 3291 2708 3361 λαμπρότητι
2734 3289 2829 3341 τοῦ
2859 3288 3081 3357 φαεινοῦ
3107 3305 3200 3342 σου
3228 3290 3366 3357 βίου,

2263 3383 2572 3453 Ἐωσφόρος
2599 3381 2662 3435 τὸ
2691 3379 2836 3452 πρωῒ
2857 3379 3092 3450 λάμπων
3119 3381 3183 3434 σὺ
3219 3380 3404 3442 πέλεις
3421 3396 3436 3408 ·

2252 3477 2360 3530 Καὶ
2392 3475 2681 3545 θαυμάτων
2714 3476 2894 3528 ἀκτῖσι
2933 3475 3134 3543 κόσμον
3165 3472 3496 3543 φαιδρύνων,

2252 3569 2420 3638 Ζόῳον
2444 3567 2656 3630 διώκεις
2684 3566 2972 3636 βλαπτικὸν
2999 3566 3105 3618 τῶν
3127 3565 3425 3633 δαιμόνων.

2485 3658 2613 3712 Oli'.
2645 3687 2713 3697 —
2743 3659 2845 3721 Εἰς
2882 3658 2988 3710 τὸν
3044 3656 3212 3725 ἄτιον
3243 3657 3570 3724 Εὐθύμιον.

2253 3751 2323 3804 Σὺ
2350 3750 2448 3821 τὴν
2481 3749 2683 3820 ἔρημον
2712 3751 2951 3818 είργάσω
2989 3748 3123 3801 Θεοῦ
3154 3747 3328 3800 πόλιν.

2251 3844 2480 3906 Πυκνοῖς
2524 3842 2631 3913 γὰρ
2658 3842 2828 3909 αὐτὴν
2855 3840 3081 3910 πλήθεσι
3109 3837 3533 3910 Χριστοφρὸνων
3552 3854 3566 3868 ο

2251 3935 2441 3998 Βολαῖς
2467 3933 2830 4001 ἀπαστράψας
2859 3931 2917 3985 δὲ
2943 3934 3062 3995 ταῖς
3102 3932 3208 3984 τῶν
3233 3930 3558 3999 θαυμάτων,

2252 4028 2354 4079 Τὸν
2385 4027 2560 4080 πάντα
2589 4025 2788 4093 κόσμον
2827 4022 3137 4094 φαιδρύνεις
3172 4022 3248 4085 ὡς
3277 4024 3602 4092 φωσφόρος.

2540 4116 2659 4168 ΟΘ’.
2696 4143 2762 4157 -—
2796 4116 2901 4180 Εὶς
2923 4117 3029 4167 τὸν
3057 4114 3222 4182 ἅγιον
3257 4111 3520 4166 Σάϐϐαν.

2257 4209 2508 4278 Ἥρωσας
2545 4206 2712 4266 ὅντως
2743 4204 2840 4274 τὴν
2863 4202 3067 4274 ἔρημον
3091 4205 3202 4265 τοῖς
3231 4201 3438 4264 πόνοις.

2264 4300 2580 4370 Ὥραιότατα
2610 4296 2868 4350 ποικίλων
2898 4296 3075 4365 ἔργων
3103 4294 3319 4365 βρίθων.

2253 4391 2466 4460 Πλήσας
2493 4390 2550 4442 δὲ
2577 4392 2776 4458 ταύτην
2810 4388 2917 4441 τῶν
2941 4387 3144 4459 νοητῶν
3165 4387 3433 4456 ἀστέρων,

2173 4456 2225 4514 D
2260 4456 2523 4548 Ὠς-ἥλιός
2552 4494 2633 4540 τις
2663 4479 2717 4528 ὲν
2736 4456 2906 4546 μέσῳ
2925 4456 3127 4528 τούτων
3153 4476 3313 4536 θέεις.

2496 4570 2578 4622 II'.
2609 4597 2678 4608 —-
2709 4569 2811 4633 Εἰς
2839 4569 2945 4620 τὸν
2993 4566 3162 4634 ἅγιον
3206 4564 3572 4634 Διιλμάτιον.

2265 4660 2353 4724 Ἐξ
2382 4659 2530 4731 ἡλίου
2565 4675 2652 4721 τις
2683 4658 2924 4724 αὐγάσας
2950 4658 3126 4726 ἀστὴρ
3152 4656 3344 4725 μέγας,

2255 4752 2500 4820 Λάμπεις
2549 4750 2644 4802 σὺν
2675 4748 2820 4818 αὐτῷ
2846 4751 3122 4818 παμφαεῖς
3151 4747 3476 4817 εὐπραξίας.

2258 4843 2524 4913 Ἔρεισμα
2550 4841 2594 4893 δ’
2622 4841 2943 4910 ἀμπέφηνας
2971 4838 3290 4909 όρθοδοξίας.

2255 4928 2724 5002 Μανδραρχαῖζεις
2747 4931 2853 4982 τῶν
2881 4930 3157 4999 μοναστῶν
3182 4931 3474 5001 πατρόθεν.

2499 5020 2623 5074 ΠΔ¹⁶
2659 5051 2727 5062 -
2751 5023 2852 5086 Εἰς
2890 5023 2997 5075 τὸν
3024 5021 3192 5090 ἄτιον
3215 5022 3561 5091 Παχὼμιον.

2255 5113 2357 5166 Τὸν
2398 5113 2644 5184 Ἀϐραάμ
2668 5130 2783 5175 πως
2815 5113 3230 5183 ἐκμιμούμενος,
3263 5114 3472 5183 μάκαρ,

2256 5205 2468 5258 Πολλῶν
2498 5196 2952 5274 Πατὴργέγονας,
2985 5199 3060 5257 ὦν
3092 5203 3322 5275 χρυσοῦν
3353 5207 3536 5270 γένος,

2270 5296 2360 5361 Ἐξ
2382 5295 2618 5363 ἀγγέλου
2645 5296 2701 5347 δὲ
2739 5296 3122 5365 μυσταγωγίας
3147 5297 3348 5366 φέρων,

2257 5388 2346 5458 Τῷ
2376 5389 2452 5458 σῷ
2473 5387 2577 5456 λεῷ
2604 5389 2870 5455 τέθεικας,
2899 5389 2972 5450 ὡς
3003 5388 3222 5457 Μωσῆς,
3253 5389 3475 5457 νόμους.

2535 5481 2655 5532 I'IB'.
2676 5483 2854 5544 -Εις
2881 5482 2985 5533 τὸν
3011 5481 3175 5548 ἅγιον
3209 5481 3533 5548 Ἀρσένιον.

2257 5570 2376 5623 Τῶν
2398 5571 2644 5641 δακρύων
2671 5587 2761 5622 σου
2788 5571 2884 5641 τὴν
2921 5570 3094 5639 ψυχὴν
3122 5570 3298 5641 ἄρδων
3329 5571 3516 5639 χύσει,

2257 5662 2514 5729 Καρποῦς
2541 5660 2938 5730 ἀνεϐλάστησας
2965 5661 3269 5732 ἀφθάρτους
3313 5664 3463 5730 μάλα
3487 5682 3499 5693 ·

2261 5750 2453 5819 [εὐχαῖς
2478 5749 2539 5819 δὴ
2578 5750 2848 5821 λαμπραῖς
2876 5749 3184 5820 προσλαλῶν
3216 5748 3337 5820 Θεῷ
3370 5751 3604 5822 σφόδρα,
