3976 6314
107 347 251 412 1801
1642 353 1677 410 I.

1809 354 1856 412 II
1866 399 1880 412 .
3247 350 3264 411 I
3277 347 3379 411 802

103 456 236 509 Τῶν
268 455 609 529 ήσυχαστῶν
634 455 865 525 ἄγγελος
893 455 1077 520 πέλεις
1113 456 1307 526 μέγας.

1730 463 1778 517 Α
1807 454 1963 510 Pacis
1992 463 2274 525 sequester
2300 456 2575 510 maximus
2601 455 2804 508 mundo
2827 456 2995 510 clues.

372 551 496 602 Ill“.
527 551 720 614 -Εὶς
763 549 868 601 τὸν
893 548 1063 616 ἅγιον
1125 548 1465 604 Θεοδόσιον.

2011 543 2297 600 LXXXIII.
2327 574 2398 584 —
2427 543 2493 599 In
2520 558 2759 598 sanctum
2789 543 3156 599 Theodosium.

117 641 214 706 Ὠς
249 641 496 710 οὐρανὸν
530 641 731 710 ὑψηλὸν
757 641 1002 704 ἐκτείνας
1046 640 1183 710 βίον,

1814 635 1993 705 Super
2028 647 2176 690 astra
2210 647 2400 692 notum
2426 637 2733 690 sanctitatis
2767 636 2937 705 gloria
2971 678 2985 703 ,

108 731 489 801 Κατάστερος
526 733 772 802 πέφηνας
827 734 884 785 ὲν
919 731 1112 802 πλήθει
1137 732 1363 785 τέκνων.

1812 729 1889 784 Te
1928 729 2161 784 Iiliorum
2188 731 2366 790 turba.
2398 744 2496 783 ceu
2531 729 2732 782 claram
2757 727 2967 784 lacem~

108 820 231 883 Τάς
265 821 567 891 ἀστραπὰς
597 822 653 874 δὲ
685 821 970 892 πληθύνων
1000 822 1107 874 τῶν
1140 821 1454 892 θαυμάτων.

1317 838 1454 875 ιτων.
1812 821 2026 888 Mirata;
2061 831 2228 890 tuque
2265 820 2548 891 fulgurans
2574 821 2887 887 miraculis,

122 911 518 984 Ἐσκόρπισας
549 915 776 965 παντοῖα
811 913 1080 983 δαιμόνων
1110 914 1269 982 νέφη.

1813 914 2074 970 Tartarea
2104 914 2305 981 ubique
2330 912 2611 980 dissipasti
2649 912 2855 966 nubila.

493 1002 615 1056 HA'.
638 1033 688 1043 —
729 1005 830 1071 Εὶς
863 1004 969 1058 τὸν
1001 1003 1171 1074 ἅγιον
1198 1004 1354 1057 Δῖον.

2117 999 2400 1056 LXXXIV.
2428 1031 2498 1040 —
2529 1000 2595 1053 In
2626 1011 2868 1053 sanctum
2893 998 3069 1053 Dium.

108 1094 258 1157 Ταῖς
289 1094 645 1165 λαμπρότησι
681 1096 790 1149 τῶν
815 1095 1061 1164 θεαυγῶν
1092 1113 1186 1149 σου
1208 1095 1442 1166 τρόπων,

1381 1114 1442 1162 ιν,
1814 1097 2025 1152 Virtute
2047 1096 2250 1160 clarus,
2277 1109 2487 1148 morum
2527 1104 2580 1148 et
2608 1093 2951 1158 excellentia,

123 1182 232 1236 Ἐκ
289 1184 401 1253 τῆς
438 1184 579 1254 ἑῴας
609 1184 834 1254 φαιδρὸς
872 1186 1045 1256 ἀστὴρ
1077 1186 1288 1251 ὲκθέεις
1312 1201 1326 1215 ’

1312 1201 1326 1215 ⁸
1814 1190 2112 1245 Laetillcum
2144 1203 2244 1242 eoo
2275 1187 2428 1242 sidus
2469 1195 2648 1240 ortum
2686 1184 2880 1250 limite,

111 1276 235 1329 Καὶ
294 1276 545 1346 φωτίσας
581 1278 777 1348 ἄριστα
795 1277 896 1348 τὴν
925 1278 1223 1343 Βυζαντίδα
1243 1318 1258 1339 .

1814 1283 2014 1337 Lucem
2039 1280 2266 1336 attulisti
2298 1279 2587 1350 plurimam
2613 1277 2887 1349 Byzantiis
2913 1316 2926 1340 ,

117 1369 369 1438 Πρῶτος
398 1370 680 1437 μοναστῶν
715 1376 1111 1442 ποιμνηαρχεῖς
1144 1373 1330 1437 ἀξίως.

1814 1374 2208 1443 Monachisque
2237 1374 2339 1426 rite
2374 1372 2582 1442 primus
2605 1386 2665 1424 es
2705 1376 2886 1439 pastor
2913 1367 3076 1421 datus

344 1458 556 1512 ﬂE'.-—
587 1461 693 1526 Εἰς
731 1463 836 1514 τὸν
869 1460 1044 1515 ὅσιον
1079 1464 1510 1533 Χριστοφὸρον.

1994 1464 2254 1520 LXXXV.
2285 1494 2352 1504 —
2384 1463 2452 1516 In
2473 1471 2714 1516 sanctum
2747 1459 3205 1529 Christophorum.

119 1551 362 1602 υἱκεῐον
390 1545 531 1620 αἷμα
558 1549 636 1621 τῷ
668 1551 785 1621 Θεῷ
807 1552 897 1605 δοὺ
909 1570 952 1616 ς,
984 1553 1199 1623 ἀντέχει

1817 1555 1928 1611 Deo
1958 1557 2139 1610 litavit.
2154 1555 2419 1625 sanguine
2446 1555 2687 1623 proprio,
2720 1553 2926 1608 assecla

136 1641 207 1695 '0
237 1643 668 1714 Χριστόμαρτυς
698 1645 1051 1718 Χριστόφρων
1084 1647 1455 1718 Χριστοφόρος

1816 1648 2018 1702 Christi
2049 1659 2214 1716 atque
2232 1657 2435 1712 martyr
2454 1645 2882 1714 ChriStophorus
2907 1662 2920 1697 :
2941 1643 3065 1700 inde
3086 1643 3213 1699 huic
3234 1658 3386 1698 sacer

122 1735 374 1803 Κρήνην
401 1735 630 1805 χέουσαν
670 1735 1116 1809 θαυματουργίας
1148 1740 1325 1809 ῥύσιν.

1749 1793 1790 1809 ,η
1823 1738 1965 1794 Fons
2005 1739 2098 1792 dat
2131 1737 2362 1792 salutem
2401 1737 2592 1790 crebra
2625 1752 2718 1805 per
2745 1738 3044 1792 miracula:

125 1827 366 1897 Ἥνπερ
401 1793 650 1891 ’πίνοντες
676 1831 724 1881 οἱ
753 1793 1037 1894 νοσοῦντες
1084 1793 1294 1901 βηιχίον,

1749 1793 1792 1848 Β
1822 1793 1888 1887 Et
1916 1845 2056 1900 quos
2088 1829 2278 1897 fatigat
2309 1828 2472 1882 tussis
2504 1793 2676 1896 agros
2706 1828 2985 1898 improba,

125 1917 538 1989 Καταψύχουσι
570 1919 662 1972 τοῦ
695 1921 921 1987 πάθους,
959 1921 1118 1992 δίψης
1139 1922 1330 1992 δίκην·

1819 1922 2067 1976 Morbum
2097 1922 2297 1984 levare.
2328 1937 2426 1975 ceu
2457 1921 2626 1979 sitim.
2662 1921 2763 1974 hac
2795 1921 2974 1975 solent
3005 1934 3145 1988 aqua
3171 1933 3185 1970 :

126 2009 383 2061 Μάλισθ’
418 2011 545 2062 ὅταν
568 2011 791 2078 φοιτῶσι
817 2012 1024 2075 πιστῶς
1053 2013 1260 2067 ἐνθάδε.

1818 2011 1973 2066 Tunc
2004 2011 2256 2076 maxime,
2283 2026 2408 2066 cum
2442 2025 2577 2080 pura
2601 2011 2910 2064 venientum
2939 2018 3023 2064 est
3047 2009 3200 2064 ﬁdes.

131 2103 294 2167 nq'.
325 2133 394 2143 —
417 2104 522 2168 Εἰς
549 2102 700 2156 ναόν
729 2103 834 2158 τοῦ
867 2105 1042 2174 ἁγίου
1095 2105 1445 2159 ἀποστόλου
1469 2105 1701 2174 Πέτρου

1891 2099 2174 2156 LXXXVI.
2206 2131 2275 2143 -—
2303 2099 2368 2155 1η
2400 2099 2646 2170 templum
2692 2101 2862 2154 sancti
2901 2099 3126 2167 apostoli
3147 2097 3314 2154 Petri.

127 2186 208 2263 Ὦ
237 2211 351 2262 περ
378 2193 635 2260 δέδωκας,
666 2195 891 2266 Χριστὲ,
916 2198 1013 2260 τὰς
1030 2197 1176 2262 κλεῖς
1203 2197 1311 2251 τῶν
1340 2197 1473 2263 ἄνω,

1433 2217 1473 2263 δ,
1818 2193 1916 2248 Cui
1953 2204 2010 2249 tu
2031 2194 2250 2256 dedisti,
2284 2194 2518 2257 Christe,
2548 2191 2729 2247 claves
2762 2191 3003 2254 aetheris,

135 2282 300 2334 Ἔδει
309 2301 384 2353 μα
411 2283 586 2355 τούτῳ
615 2286 764 2339 τόνδε
788 2287 880 2340 τὸν
901 2287 1064 2358 δόμον
1090 2290 1260 2345 κάτω.

1819 2284 1931 2355 Ego
1960 2285 2104 2338 hanc
2137 2283 2308 2338 eidem
2340 2282 2555 2337 condidi
2598 2282 2651 2334 in
2685 2281 2846 2336 terris
2882 2281 3126 2334 domum.

131 2374 276 2427 IlZ'.
307 2377 493 2442 -Εὶς
539 2377 645 2430 τὸν
684 2378 855 2447 ἅγιον
899 2379 1176 2446 Ἀνδρέαν
1203 2382 1310 2434 τὸν
1345 2381 1701 2436 ἀπόστολον.

1889 2373 2199 2430 LXXXVII.
2231 2405 2300 2415 —
2336 2373 2403 2428 In
2431 2385 2672 2428 sanctum
2701 2373 2967 2426 Andream
2994 2371 3311 2440 apostolum.

130 2461 212 2518 Ὦ
247 2469 624 2539 πρωτόκλητε,
658 2471 767 2524 τῶν
806 2473 1118 2527 ἀποστόλων
1147 2473 1318 2536 κλέος.

1304 2516 1318 2535 .
1819 2470 1864 2526 Ο
1896 2471 1988 2541 qui
2016 2479 2242 2525 vocatus
2272 2478 2396 2522 ante
2434 2478 2680 2527 caeteros.
2707 2466 2873 2521 decus

145 2555 211 2608 ⁸0
252 2560 640 2626 παμμέγιστος
662 2561 772 2614 τῶν
803 2563 1031 2632 Πατρῶν
1061 2565 1363 2635 ραεσφόρος
1385 2581 1400 2596 ·

1821 2563 2202 2633 Apostolorum
2236 2577 2296 2616 es
2326 2561 2526 2630 luxque
2559 2558 2778 2612 Patrum
2815 2557 3054 2612 maxima
3081 2574 3095 2610 :

132 2647 252 2698 Τὸν
286 2649 378 2700 σὺν
407 2648 533 2702 λαὸν
573 2650 807 2719 φύλαττε
840 2656 936 2707 σὺν
959 2655 1037 2726 τῷ
1067 2658 1308 2725 ποιμένι.

1300 2697 1308 2712 .
1820 2655 1954 2709 Esto
1988 2653 2095 2705 tuis
2127 2653 2431 2721 horumque
2465 2649 2666 2720 pastori
2701 2649 2870 2703 salus.

293 2741 424 2793 IIH’.
446 2770 515 2781 —-
542 2745 644 2808 Εις
666 2744 774 2796 τὸν
801 2745 952 2799 ναὸν
986 2746 1092 2800 τοῦ
1120 2750 1575 2824 Χρυσοστόμου.

1996 2740 2324 2797 LXXXVIII.
2355 2771 2422 2781 —
2450 2740 2515 2795 In
2543 2741 2788 2809 templum
2818 2738 3201 2808 Cltrysostomi.

135 2827 277 2891 Τοῖς
310 2831 399 2883 τὸν
434 2833 524 2885 σὸν
547 2829 693 2887 οἷκον
723 2837 1025 2906 παμπόθως
1045 2842 1304 2910 ἡγερκόσι

1821 2832 2080 2888 Strnxere
2111 2850 2305 2904 magno
2339 2834 2430 2902 qui
2459 2841 2604 2886 tuam
2629 2834 2811 2887 studio
2837 2833 3058 2887 domum
3085 2871 3100 2892 ,

140 2919 558 2992 Πρεσϐευτικὴν
586 2925 882 2998 πρόσνειμε
907 2931 1136 2998 δωρεὰν,
1165 2935 1367 3007 Πάτερ.

1819 2923 2008 2977 Divina
2039 2940 2134 2993 per
2159 2934 2210 2978 te
2245 2939 2466 2977 munera
2498 2923 2806 2993 impetrent,
2841 2924 3027 2978 Pater.

297 3011 421 3065 "9’.
456 3043 525 3053 —
555 3017 658 3080 Εἰς
688 3017 793 3070 τὸν
818 3021 969 3074 ναὸν
992 3019 1101 3088 τῆς
1147 3027 1572 3096 Πανευςρήμου.

1949 3012 2233 3068 LXXXIX.
2258 3043 2328 3054 —-
2349 3011 2414 3066 In
2448 3013 2695 3081 templum
2715 3023 2912 3068 sancte
2936 3012 3269 3083 Euphemia.

143 3097 293 3191 Teii;
349 3102 412 3154 ὲκ
449 3106 614 3157 πόθου
651 3124 744 3160 σου
775 3110 865 3163 τὸν
901 3113 1026 3166 ναὸν
1051 3114 1438 3187 δειμαμένους.

1746 3133 1790 3191 c
1823 3106 2105 3176 Templum
2136 3106 2231 3160 tibi
2263 3117 2578 3160 construere
2600 3106 2754 3174 queis
2784 3106 2934 3160 cordi
2965 3105 3095 3174 fuit,

142 3189 404 3260 Μάρτυς,
445 3196 681 3264 φύλαττε
715 3206 965 3276 πημονῆς
1003 3206 1341 3279 ἐλευθέρους.

1763 3189 1775 3191 ⁷
1823 3200 1956 3266 llos,
1981 3210 2210 3269 martyr,
2239 3199 2387 3253 omni
2427 3199 2624 3253 liberos
2659 3212 2843 3252 serves
2872 3199 3033 3254 malo.

497 3286 568 3353 [ι’.
600 3319 663 3329 -—
693 3295 793 3358 Εἰς
823 3295 887 3348 τὸ
911 3300 1366 3369 τετρακάμαρον.

2080 3292 2191 3347 XC.
2223 3321 2290 3333 --
2325 3290 2387 3345 In
2409 3291 2570 3346 eadem
2597 3302 2830 3362 quatuor
2857 3291 3139 3362 fornicum.

130 3375 482 3456 Θαυμαστὸν
515 3379 703 3451 ὤφθης
731 3384 890 3456 ἔργον
926 3389 1126 3460 ὡραῖον
1153 3394 1316 3449 πάνυ.

1821 3381 2117 3438 Pulchrum
2151 3381 2384 3452 refulges
2416 3391 2474 3436 ut
2499 3397 2635 3452 opus
2656 3397 2721 3437 ac
2761 3384 3027 3437 mirabile.

161 3467 254 3532 Ὠς
285 3470 511 3540 ἐμψύχῳ
543 3472 600 3524 δὲ
633 3477 1032 3547 προσλέλεγμαί
1069 3497 1149 3532 σοι
1180 3481 1332 3546 νεώς.

1824 3475 1941 3528 Tibi
1972 3491 2090 3530 sum
2128 3475 2364 3538 locutus,
2392 3489 2615 3542 compos
2643 3475 2838 3528 animae
2859 3490 2954 3528 ceu
2980 3474 3125 3529 fores
3148 3491 3163 3531 :

148 3557 345 3628 Φέρεις
391 3561 499 3632 γάρ
524 3563 672 3617 ἔνδον
703 3567 927 3619 εἰκόνων
975 3568 1228 3641 Θεωρίαν,

1826 3567 2005 3622 Ilahes
2028 3567 2170 3620 enim
2203 3567 2348 3619 intus
2377 3565 2674 3635 imaginum
2701 3565 3070 3634 spectaculum
3093 3604 3108 3628 ,

157 3652 437 3723 Ἀρῤητον
476 3655 597 3708 ὖώιν
616 3657 724 3710 τῶν
752 3658 864 3712 ἄνω
895 3660 1200 3730 θεαμάτων.

1823 3659 2252 3728 Coelestinmque
2279 3672 2495 3711 scenam
2522 3657 2964 3710 inenarrahiIem.

149 3743 330 3796 Αὑτὸν
365 3746 560 3816 δέχοιο,
596 3748 703 3800 τῶν
755 3749 1067 3806 ἀποστόλων
1125 3755 1302 3820 κλέος,

1825 3753 2018 3808 Edent
2047 3752 2194 3805 illam
2225 3750 2442 3812 habeto,
2467 3751 2633 3804 decus
2654 3750 2943 3819 apostolici
2970 3749 3146 3816 chori,

156 3833 535 3902 Εὑαγγελιστὰ
575 3841 902 3912 παμμάκαρ,
933 3844 1158 3914 Θεολόγε
1180 3865 1193 3878 ο

1827 3843 2166 3913 Evangelisla
2195 3842 2337 3902 dive.
2379 3855 2587 3895 necnon
2624 3839 2902 3912 Theologe
2932 3859 2945 3895 :

153 3925 270 3978 Kal.
301 3929 412 3990 τοῖς
461 3930 608 4000 πόοῳ
636 3950 714 3985 σοι
743 3935 929 3989 τοῦτον
962 3936 1304 4007 ὲξηγερκόσι,

1828 3937 2006 4006 thue
2041 3937 2180 3988 hanc
2218 3933 2432 3987 lubente
2461 3933 2760 3988 struximus
2785 3933 2970 3988 animo
2998 3932 3094 3987 tibi
3119 3973 3133 3992 .

153 4016 336 4085 Χάριν
367 4020 673 4091 παράσχου,
706 4027 799 4079 καὶ
830 4027 983 4080 λύσιν
1009 4029 1118 4082 τῶν
1143 4035 1524 4103 πταισμάτων.

1827 4028 1920 4081 Sic
1944 4028 2058 4096 ipse
2086 4025 2243 4080 nobis
2269 4024 2497 4095 gratiam
2536 4034 2589 4079 et
2623 4025 2836 4079 veniam
2873 4027 3147 4094 impetres.

154 4107 278 4174 ιικ.
306 4138 375 4149 -
403 4113 509 4177 Εὶς
537 4115 644 4166 τὸν
664 4120 814 4170 ναὸν
842 4117 948 4185 τῆς
975 4121 1148 4188 ἁγίας
1173 4125 1480 4192 Θεοτόκου,
1510 4127 1597 4192 εις
1623 4126 1724 4180 τόν

1827 4116 1963 4172 XCI.
2000 4148 2059 4163 —
2081 4114 2150 4171 In
2183 4116 2429 4184 templum
2449 4125 2647 4168 sancta
2670 4114 2763 4169 Dei
2801 4115 3103 4180 Geaitricis,
3136 4117 3192 4169 in
3219 4113 3393 4171 Trito-

811 4211 1087 4277 Τρίτωνα.

2552 4220 2687 4259 nem.

171 4293 240 4347 'H
273 4297 438 4350 πᾶσιν
467 4298 632 4367 ἔγγὺς
665 4300 744 4361 εἰς
775 4299 1023 4372 βοήθειαν
1055 4307 1272 4376 τάχους,

1828 4297 2031 4353 Adesse
2056 4295 2217 4352 celeri
2240 4311 2362 4366 qua:
2384 4296 2527 4352 soles
2549 4299 2764 4352 cunctis
2791 4313 2890 4367 ope
2919 4339 2934 4364 ,

157 4387 266 4439 Τὸν
298 4387 465 4441 πλοῦν
491 4390 835 4461 διευθέτησον
864 4387 938 4447 ὧν
965 4395 1184 4468 θερμῶς
1209 4401 1376 4470 ἔχεις.

1833 4385 1941 4440 Fac
1974 4399 2230 4455 prospere
2257 4384 2332 4437 illi
2371 4385 2630 4454 navigent
2660 4400 2801 4454 quos
2822 4385 3007 4458 diligis
3027 4427 3042 4452 ,

158 4477 578 4549 Προσκειμένων
608 4498 688 4534 σοι
720 4485 840 4545 ταῖς
867 4485 1038 4548 λιταῖς
1070 4504 1184 4553 σου,
1214 4490 1474 4560 Παρθένε.
1754 4491 1800 4548 ι)
1832 4477 1934 4545 Οιιί
1957 4487 2008 4531 ιθ
2035 4486 2350 4545 Ρθτυτῧθηιν
2388 4474 2572 4547 γίνεοο
2601 4478 2832 4546 s“Pp'ici
2864 4493 3046 4547 Prece-

485 4571 598 4636 ΗΒΚ
631 4575 737 4639 Εἰς
764 4575 956 4640 ῥάκος
995 4579 1408 4648 ἱστορημένον.
2037 4568 2055 4622 Ῑ

2037 4568 2198 4624 XCII.
2229 4601 2297 4611 —
2328 4568 2397 4622 In
2436 4570 2788 4639 fragmentum
2833 4571 3165 4628 historicum.

157 4660 390 4727 Φρικτὸν
418 4661 477 4713 τὸ
513 4661 712 4733 θαῦμα,
755 4667 986 4734 Χριστὸν
1019 4671 1076 4720 ὲν
1105 4674 1285 4742 γραφῇ
1314 4671 1551 4741 βλέπειν,

1386 4673 1551 4735 έπιιν,
1833 4663 2106 4732 Stupenda
2151 4677 2260 4724 res.
2293 4663 2348 4715 in
2381 4663 2677 4731 scriptione
2701 4678 2956 4727 cernere,

160 4752 446 4818 Δράσαντα
480 4752 656 4804 πάντα
693 4759 827 4825 πρὸς
859 4757 1062 4827 βροτῶν
1089 4763 1376 4831 σωτηρίαν.

1831 4756 2121 4809 Hominum
2163 4754 2230 4808 ad
2262 4755 2489 4809 salutem
2524 4754 2772 4809 Christus
2823 4765 2881 4808 ut
2905 4765 3101 4809 cuncta
3133 4755 3326 4822 egerit.

174 4842 264 4893 Ἐν
293 4845 404 4904 τοῖς
442 4843 562 4896 καθ’
594 4847 738 4916 ἡμᾶς
759 4849 918 4911 αὐτὸς
945 4849 1098 4920 ὤφθη
1139 4854 1245 4923 γὰρ
1273 4853 1444 4918 ξένος,

1833 4846 2078 4916 Namque
2109 4846 2200 4900 hic
2232 4847 2373 4914 apud
2410 4861 2510 4899 nos
2537 4847 2736 4915 hospes
2770 4846 2886 4914 ipse
2923 4848 3074 4900 visus
3100 4860 3205 4910 est,

167 4937 442 5006 Ἀσαρκος
466 4937 654 5002 ἐλθὼν,
681 4941 774 4991 καὶ
802 4941 989 5010 βροτὸς
1017 4943 1213 5011 βαίνων
1250 4947 1376 5001 ἄνω.

1830 4939 1983 4994 Caelo
2016 4939 2222 5007 absque
2256 4953 2420 4993 carne
2449 4939 2663 5007 lapsus;
2697 4937 2885 5001 homo,
2917 4954 3040 4992 cum
3074 4939 3202 4993 illuc
3235 4938 3388 4993 redit.

161 5027 399 5097 Μνήμης
429 5030 587 5098 χάριν
609 5031 662 5082 δὲ
695 5035 991 5101 προσφέρει
1019 5034 1188 5104 δῶρον
1217 5038 1353 5102 τόδε,

1833 5032 2027 5095 Porro,
2060 5031 2338 5084 memoria:
2367 5031 2562 5100 gratia,
2605 5029 2836 5082 Domino
2867 5028 3013 5082 dicat

180 5118 237 5171 '0
269 5119 475 5181 κλεινὸς
503 5121 670 5182 ὅντως
695 5123 916 5191 Συμεὼν
942 5125 1016 5194 τῷ
1041 5128 1307 5198 Δεσπότῃ.

1834 5123 2048 5177 Donum
2083 5123 2253 5176 bocce
2279 5121 2536 5191 Symeon,
2565 5120 2724 5174 laude
2749 5120 2832 5173 vir
2861 5121 3031 5173 multa
3069 5120 3327 5192 inclytus.

399 5212 511 5277 ιιΓν.
529 5241 599 5250 --
614 5214 713 5278 Εἰς
739 5215 852 5281 τὴν
871 5220 1072 5269 εἰκόνα
1100 5221 1203 5271 τοῦ
1225 5221 1501 5286 Χριστοῦ.

2140 5212 2323 5268 CXIII.
2354 5243 2424 5253 —-
2452 5212 2518 5266 In
2547 5213 2826 5281 imaginem
2857 5211 3075 5266 Christi.

179 5300 238 5350 ὐ
264 5301 497 5370 Χριστός
531 5303 668 5371 εἰμι,
706 5308 769 5374 τῇ
806 5310 986 5376 γραψῇ
1018 5308 1378 5377 δεδειγμένος.

1835 5310 2092 5365 Christus
2115 5324 2236 5379 ego,
2271 5323 2432 5377 quem
2462 5307 2676 5375 pictura
2712 5304 3066 5373 spectandum
3105 5303 3270 5358 dedit.

168 5393 275 5444 Kal.
299 5393 386 5446 τὸν
429 5394 704 5458 πεποιθὼς
728 5400 1226 5468 εἰκονουργήσαντά
1257 5418 1346 5470 με.

1839 5402 2016 5472 thue
2048 5402 2161 5456 haec
2199 5400 2380 5468 imago
2408 5398 2578 5461 ﬁeret,
2611 5397 2725 5466 ipse
2763 5406 2953 5450 auctor
2982 5395 3081 5450 fui.

179 5484 262 5546 Ὠς
288 5486 498 5555 αἰρεσιν
539 5488 798 5555 μισοῦντα
834 5490 938 5542 τῶν
966 5492 1243 5554 ἐναντίων,

1837 5495 2188 5548 Contrarium
2218 5507 2447 5561 perosus
2487 5504 2670 5551 omne,
2698 5495 2756 5540 ut
2782 5487 3053 5552 hatresim,

170 5579 372 5632 Λέοντα
402 5580 715 5649 Πατρίκιον,
747 5585 803 5634 ἐν
836 5585 967 5634 πᾶσι
998 5584 1201 5638 σκέπω.

1841 5587 1923 5641 Me
1949 5601 2143 5655 sospes
2167 5594 2253 5639 est
2276 5583 2503 5638 custode
2532 5579 2802 5636 Patricius
2831 5579 2962 5633 Leo.

584 5676 695 5738 LA'.
720 5705 785 5712 —-
817 5674 917 5738 ιρις
940 5677 1314 5742 ἑγκλειστον.

2273 5673 2454 5730 XCIV.
2482 5706 2550 5716 —
2582 5671 2649 5726 In
2680 5671 2960 5724 inclusum.

177 5765 528 5836 Ἐγκλεεστός
557 5767 722 5827 ἐστιν,
750 5767 806 5829 ὃς
839 5768 1021 5819 παθῶν
1054 5768 1155 5829 ἔξω
1187 5772 1382 5839 μένων,

1845 5769 2093 5825 Inclusus
2121 5768 2208 5822 ille
2246 5777 2350 5834 est,
2383 5767 2474 5838 qui
2512 5766 2704 5837 procul
2737 5764 2804 5817 ab
2831 5758 3139 5822 all'ectibus,

498 5859 761 5920 Parnm.
805 5863 916 5919 GR.
944 5862 1157 5922 XCIX.
2943 5851 3020 5911 57
