3976 6314
614 369 754 437 1803

610 480 752 535 Toto
773 477 999 535 reclusit
1030 477 1087 555 in
1126 476 1294 533 Deum
1322 491 1381 533 se
1400 488 1621 550 pectore
1652 496 1667 533 :

612 569 789 626 Freno
816 585 1081 626 coercens
1107 570 1310 625 mentis
1343 585 1557 625 errores
1593 584 1785 640 vagos,

608 661 981 730 Animumque
1018 660 1167 715 curis
1204 660 1421 731 erigens
1450 661 1808 716 coelestibus:

609 751 872 807 Precibus
914 750 1205 819 inhaerens,
1252 769 1375 823 quae
1412 763 1679 821 perurunt
1714 753 2007 811 daemones,

612 843 698 909 Et,
725 859 835 913 quo
874 852 1102 898 retrusze
1128 859 1215 900 res
1246 854 1455 915 patent,
1482 847 1724 901 silentio.

608 932 728 989 Non
759 950 854 1005 spe
888 933 1171 1000 fatiscens,
1204 951 1313 990 non
1348 936 1510 991 inerti
1541 937 1763 1009 gaudio,

611 1022 823 1081 Labore
848 1042 1049 1097 corpus
1077 1038 1131 1083 et
1165 1028 1307 1083 fame
1339 1043 1603 1084 exercens
1633 1030 1806 1099 gravi,

586 1115 856 1189 .Hymnos
888 1131 1140 1189 gemente
1166 1120 1365 1190 spiritu
1387 1121 1548 1191 juges
1582 1137 1809 1176 canens.

611 1209 731 1273 llic,
762 1212 938 1280 angeli
968 1211 1097 1279 ritu,
1133 1227 1229 1266 ore
1258 1214 1559 1283 conspicuo
1584 1214 1787 1275 nitens,

613 1299 708 1355 Dia
744 1303 1050 1356 intuentum
1084 1303 1254 1357 corda
1286 1304 1576 1359 collustrat
1608 1302 1747 1357 face.

610 1389 696 1446 Nil
730 1408 975 1462 unquam
1009 1394 1171 1449 inane
1201 1406 1391 1450 suetus
1422 1395 1490 1449 ad
1526 1398 1697 1450 risum
1727 1397 1903 1465 loqui,

612 1481 721 1538 Sed
761 1500 871 1554 quo
900 1484 1084 1554 juvari
1114 1490 1355 1541 sentiant
1380 1502 1461 1549 se,
1490 1488 1581 1557 qui
1614 1488 1876 1553 audiunt;

610 1574 723 1634 Nec
752 1580 834 1634 sic
863 1578 1100 1649 profusa:
1129 1580 1245 1635 vela
1286 1583 1424 1635 dans
1455 1581 1771 1651 loquentiae.

610 1666 740 1723 Haec
769 1670 989 1739 assequi
1021 1669 1065 1723 si
1100 1672 1245 1740 potis
1279 1686 1359 1736 es,
1391 1672 1444 1725 in
1480 1680 1598 1725 tuto
1625 1682 1708 1726 est
1738 1673 1888 1727 salus
1912 1716 1927 1728 .

612 1754 735 1824 Sin,
777 1759 843 1815 ad
876 1762 1149 1833 gregalem
1184 1765 1438 1832 protinus
1461 1767 1626 1819 vitam
1658 1766 1794 1828 redi,

616 1848 715 1908 Ubi
746 1867 965 1907 rursum
996 1869 1202 1923 agones
1240 1854 1460 1911 excolas
1496 1858 1785 1913 asceticos.

987 1942 1150 2000 XCV.
1178 1975 1247 1986 —
1276 1944 1341 1999 In
1373 1956 1508 2002 recte
1540 1948 1812 2005 viventem.

606 2031 763 2101 Sapit
791 2032 934 2089 inter
961 2050 1177 2101 omnes,
1206 2039 1300 2107 qui
1328 2037 1421 2094 Dei
1450 2040 1581 2093 vivit
1609 2049 1774 2093 metu.

608 2121 881 2193 Purgatus
911 2126 1132 2183 animus
1161 2130 1341 2199 potior
1369 2141 1451 2185 est
1482 2132 1716 2186 cumulis
1747 2147 1933 2200 opum.

608 2212 794 2269 XCVI.
823 2244 895 2257 —
927 2214 995 2270 In
1033 2221 1336 2303 monachos,
1390 2238 1600 2276 carmen
1632 2224 1952 2293 dactylicum
1992 2237 2039 2279 et
2075 2229 2181 2282 ele-

1259 2308 1494 2359 gracum.

608 2371 653 2431 Ο
682 2373 848 2432 fortes
885 2378 1092 2434 salvete
1120 2381 1244 2444 viri,
1278 2384 1433 2452 queis
1466 2383 1621 2440 cedat
1647 2386 1909 2448 Achilles,

678 2462 914 2521 Hectora
946 2472 1357 2540 magnanimum
1390 2476 1646 2530 straverit
1678 2476 1769 2530 ille
1797 2476 1943 2531 licet.

608 2553 777 2613 Vobis
807 2559 964 2615 firma
1004 2560 1106 2617 fuit
1134 2564 1324 2629 lorica,
1350 2569 1654 2623 monastica
1689 2571 1795 2623 vita
1827 2585 1840 2622 :

682 2648 746 2704 Et
773 2649 968 2708 docilis
1000 2654 1173 2722 pietas
1199 2657 1439 2726 optimus
1474 2659 1625 2715 ensis
1656 2671 1793 2714 erat.

609 2737 873 2812 Fregistis
900 2741 1101 2810 Beliar,
1145 2749 1495 2803 tenebrarum
1519 2759 1573 2804 et
1607 2765 1772 2821 regna
1808 2756 2039 2821 superba
2076 2775 2087 2809 :

676 2828 918 2903 Postque
944 2835 1157 2890 obitum
1191 2838 1333 2893 cmlo
1358 2848 1515 2909 parta
1544 2856 1747 2897 corona
1774 2842 1899 2898 fuit.

610 2921 794 2995 Deque
815 2925 973 2982 vobis
1002 2926 1092 2982 hic
1120 2931 1384 2984 remansit
1415 2931 1533 2987 sola
1565 2933 1724 3003 pellis
1751 2948 1985 2992 mortua.

857 3014 1070 3073 XCVII.
1092 3048 1167 3061 --
1193 3018 1539 3091 Epigramma
1575 3025 1644 3077 ad
1683 3027 1932 3097 seipsum.

608 3106 806 3163 Anima
840 3109 1072 3176 misella,
1102 3127 1271 3181 prope
1306 3114 1436 3169 ades
1465 3123 1521 3169 ct
1555 3117 1717 3170 verba
1754 3122 1964 3190 excipe.

608 3197 847 3269 Tempus
874 3201 1206 3271 volucripes,
1242 3218 1435 3259 cursor
1476 3215 1537 3261 ut
1562 3207 1739 3275 velox,
1773 3210 1905 3274 abit,

607 3287 923 3363 Propinqua
952 3302 1096 3348 meta
1128 3302 1235 3359 est,
1276 3311 1379 3351 nec
1410 3297 1536 3352 licet
1558 3302 1898 3368 praetervehi.

606 3380 726 3437 Non
761 3398 892 3454 ergo
923 3399 1072 3440 cum
1100 3400 1205 3441 nos
1236 3388 1429 3443 inanes
1456 3402 1748 3460 occupent,

614 3476 682 3530 Ut
711 3482 1073 3545 perlluentem
1104 3478 1198 3548 qui
1230 3480 1443 3551 replent
1469 3496 1610 3553 aqua
1644 3480 1863 3551 cadum,

608 3566 862 3637 lgnemve
891 3567 1134 3633 fodiunt,
1164 3586 1288 3639 quas
1318 3586 1467 3626 mera
1498 3582 1582 3628 est
1611 3575 1851 3630 insania.

612 3657 801 3713 Divina
835 3661 1019 3729 potius
1050 3676 1115 3716 ac
1145 3662 1309 3716 saluti
1337 3678 1603 3734 congrua,

608 3749 676 3806 Et
696 3752 960 3823 cogitare,
991 3762 1047 3809 et
1080 3755 1335 3824 persequi
1371 3756 1509 3812 votis
1530 3757 1685 3827 juvet
1712 3775 1726 3813 :

610 3839 681 3898 Ut
707 3843 776 3899 ad
804 3844 1046 3899 tribunal
1072 3855 1283 3903 stemus
1313 3848 1691 3918 imperterriti,

608 3934 827 3991 Domini
851 3938 1092 4006 potentis
1126 3940 1369 3993 omnium
1402 3948 1567 4011 atque
1590 3941 1795 4010 judicis
1823 3961 1838 3997 :

608 4026 916 4098 Proculque
943 4026 1182 4083 ﬂammis
1212 4032 1500 4086 aestuantis
1530 4032 1742 4099 tartari,

605 4118 689 4173 Ad
711 4118 896 4174 lumen
928 4119 1214 4175 evolemus
1238 4120 1381 4175 baud
1413 4121 1650 4180 ell‘abile.

702 4205 936 4265 XCVIII.
966 4238 1037 4251 -
1065 4207 1416 4281 Epigramma
1456 4216 1512 4266 in
1542 4210 1801 4269 Chalcita:
1826 4215 2089 4269 custodia.

606 4391 834 4447 Alienus
863 4390 955 4447 ille
991 4402 1076 4449 est
1112 4408 1144 4448 a
1186 4392 1316 4459 Deo,
1344 4401 1505 4451 terrm
1536 4395 1677 4450 bona

609 4482 714 4551 Qui
747 4497 858 4538 non
898 4493 1114 4555 reputat
1153 4486 1327 4541 aliena
1352 4502 1466 4557 prae
1502 4487 1627 4543 cmli
1667 4487 1825 4544 bonis
1859 4508 1873 4542 :

606 4575 792 4634 Terre
821 4578 1089 4633 bonorum
1117 4593 1358 4649 namque
1382 4579 1644 4636 Dominus
1674 4581 1754 4635 sic
1780 4582 1903 4636 erit.

940 4687 1129 4744 XCIX.
1161 4720 1230 4730 —
1260 4686 1326 4743 In
1366 4695 1549 4745 eadem
1574 4691 1839 4745 custodia.

608 4779 795 4849 Spem,
827 4779 990 4844 eella,
1012 4789 1234 4850 praeter,
1262 4780 1532 4850 hospitem
1565 4795 1651 4835 me
1679 4781 1893 4837 detines
1918 4799 1932 4835 :

605 4872 679 4925 At
704 4880 757 4924 te.
794 4868 1030 4940 benigna
1059 4868 1313 4939 perfruar
1341 4869 1579 4924 colonia.

608 4960 868 5032 Byzantis
894 4960 1003 5016 huc
1033 4976 1123 5015 me
1152 4960 1348 5017 civitas
1375 4962 1767 5026 exterminans,

606 5054 806 5122 Pravo,
840 5054 986 5125 quod
1015 5054 1132 5124 ipsa
1164 5054 1363 5119 nescit,
1404 5053 1598 5109 aﬂectu
1623 5054 1834 5109 eximit.

1013 5163 1076 5221 Β.
1102 5194 1176 5205 -
1202 5163 1269 5219 1η
1304 5164 1485 5219 eadem
1514 5166 1778 5219 custodia.

608 5259 738 5315 Mihi
770 5275 897 5315 vera
930 5274 1131 5329 corpus
1154 5266 1207 5312 et
1232 5258 1392 5312 unica
1430 5266 1515 5312 est
1537 5260 1824 5316 custodia:

607 5350 786 5408 Locus
814 5334 1095 5406 habitandi
1126 5348 1354 5419 quilibet
1376 5350 1581 5418 pariter
1611 5350 1772 5403 datus
1804 5369 1819 5403 :

608 5442 690 5501 Me
723 5459 958 5515 namque
992 5443 1179 5497 nullus
1206 5450 1261 5494 et
1289 5438 1400 5495 Deo
1429 5439 1780 5509 disjunxerit.

1806 372 1865 431 S.
1906 366 2300 431 THEODORI
2325 368 2674 430 STUDIT/E

2215 470 2267 531 Λ
2292 472 2462 543 Ὅλην
2493 473 2745 547 καθεῖρξε
2772 474 2909 551 πρὸς
2939 474 3072 529 Θεὸν
3094 473 3193 545 τὴν
3218 473 3480 545 καρδίαν·

3744 366 3869 431 1804

2289 566 2504 619 κλείων
2538 568 2833 637 λογισμοὺς
2863 568 2992 631 τοὺς
3024 568 3293 637 γυρευτὰς
3322 568 3425 638 τῆς
3455 566 3702 640 πλάνης.

2288 658 2433 711 Νοῦν
2466 658 2599 712 αῦτε
2648 660 2885 730 πέμπων
2912 663 3032 723 ταῖς
3058 660 3170 714 ἄνω
3198 660 3477 731 θεωρίαις,

2290 750 2470 819 Ἐχων
2495 751 2805 822 προσευχὴν
2839 753 3140 823 καυστικὴν
3167 753 3278 805 τῶν
3305 753 3610 823 δαιμόνων,

2285 841 2471 911 Φέρων
2506 843 2717 913 σιωπὴν
2746 844 3209 913 μυσταγωγοῦσαν
3239 844 3401 915 βάθη,

2286 933 2477 1003 Ψυχὴν
2507 934 2765 988 ἆολιπτον
2794 938 2852 990 ὲν
2882 938 3025 1006 χαρᾷ
3049 936 3156 989 τῶν
3182 936 3439 1001 ἐλπίδων,

2290 1025 2506 1095 Ἔργων
2537 1043 2597 1079 τε
2631 1027 2851 1097 χειρῶν,
2877 1028 2969 1080 καὶ
2996 1028 3165 1080 κόπου
3196 1027 3395 1097 λαιμοῦ
3417 1030 3562 1097 τόνῳ
3586 1045 3601 1060 -

2297 1116 2453 1187 ’ῼδὴν
2478 1117 2778 1183 ἄπαυστον,
2826 1118 3041 1190 πνεῦμα
3072 1121 3560 1191 συντετριμμένον.

2289 1204 2482 1269 Οῦτως
2506 1207 2743 1277 ἀνοίγων
2771 1209 3178 1279 άγγελοπρεπεϊ
3209 1209 3329 1280 θέᾳ,

2298 1297 2722 1369 Ἀκτινολαμπεῖ
2752 1302 2881 1364 τοὺς
2910 1301 3151 1371 ὁρῶντας
3179 1301 3399 1364 ὲνθέως.

2284 1390 2472 1457 Λέγων
2498 1389 2596 1459 μὲν
2622 1390 2775 1444 οὐδὲν
2802 1392 2911 1444 τῶν
2942 1393 3232 1463 ἀχρήστων
3262 1393 3343 1454 είς
3369 1392 3574 1459 γέλως,

2298 1483 2439 1535 Ἀλλ’
2464 1476 2620 1554 ᾧπέρ
2647 1484 2801 1537 ἐστιν
2825 1485 3150 1553 ὠφελεῖσθαι
3172 1485 3265 1539 τὸν
3298 1486 3473 1551 ξένον.

2285 1575 2394 1627 Καὶ¹
2424 1575 2597 1629 ταῦτα
2630 1576 2848 1645 φεύγων
2886 1581 3268 1648 μακρορημεῖν
3303 1581 3385 1642 είς
3416 1580 3590 1650 κόρον
3615 1598 3629 1611 ·

2287 1665 2385 1718 "Av
2408 1661 2503 1719 οῦν
2532 1666 2663 1739 δύνῃ
2700 1668 2837 1737 πρὸς
2871 1669 3066 1735 ταῦτα,
3102 1672 3383 1735 σωστικῶς
3414 1672 3663 1743 τρέχεις.

2288 1757 2349 1808 Ei
2378 1756 2451 1827 μὴ
2474 1758 2552 1811 δέ·
2580 1759 2801 1828 φεύγοις
2828 1762 2908 1824 είς
2934 1762 3049 1831 βίον
3084 1762 3300 1826 ζώντων
3326 1766 3466 1833 ἅμα,

2215 1830 2256 1886 Β
2299 1846 2387 1901 Ἐν
2418 1841 2463 1917 ᾧ
2497 1848 2759 1914 πλειόνως
2780 1854 2907 1917 τοὺς
2940 1855 3155 1922 ἀγῶνας
3181 1856 3547 1927 λαμπρύνεις.

2693 1940 2808 2010 Lﬂ'.
2842 1974 2912 1984 -—
2937 1948 3040 2013 Εἰς
3072 1944 3142 2003 εὖ
3169 1949 3453 2012 βιοῦντα.

2283 2028 2523 2099 Σώφρων
2552 2031 2864 2102 κράτιστος,
2900 2034 2957 2099 ὃς
2986 2036 3122 2090 Θεοῦ
3161 2038 3269 2107 βιοῖ
3298 2040 3475 2112 φόϐῳ.

2282 2121 2476 2190 Ψυχῆς
2504 2123 2769 2193 κάθαρσις
2804 2128 3059 2196 κρεῖσσον
3098 2129 3114 2167 ί
3142 2130 3174 2200 ἢ
3198 2130 3431 2197 πλοῦτος
3453 2134 3623 2205 ῥέων.

2283 2215 2379 2280 ιις
2380 2219 2415 2266 ⁸.
2442 2216 2632 2281 -Είς
2674 2218 3007 2288 μοναχοὺς,
3042 2219 3404 2292 δακτυλικὸς
3437 2226 3539 2279 καί
3579 2228 3867 2296 ἐλεγεῖος.

2283 2392 2535 2463 Χαίρετε,
2567 2396 2757 2467 ἄνδρες
2784 2398 3032 2469 άριστέες
3063 2402 3159 2456 τοῦ
3192 2404 3439 2475 Ἀχιλῆος
3480 2405 3731 2478 ὕπερθεν
3755 2423 3771 2438 ’

2358 2485 2582 2539 Κτεῖναι
2615 2487 2716 2557 μὲν
2745 2489 2985 2562 Ἕκτορα
3017 2485 3173 2558 οὗτος
3202 2496 3472 2566 κρατερὸν
3504 2497 3736 2569 ξιφέρτς.

2284 2577 2343 2629 Οἱ
2370 2576 2447 2641 δὲ,
2478 2578 2822 2647 μοναζόντων
2848 2582 3225 2653 Θωρηξάμενοι
3254 2587 3561 2654 πολιτείαν,

2355 2668 2518 2740 Χεῖρε
2546 2669 2803 2735 λαϐόντες
2828 2674 2926 2747 ἄορ
2948 2675 3235 2741 εὐπειθοῦς
3263 2678 3361 2747 τῆς
3386 2680 3569 2744 ὁσίας.

2284 2758 2529 2826 Σφάξατε
2551 2762 2642 2814 τὸν
2668 2762 2885 2835 Βελίαρ,
2919 2766 3140 2829 σκότεος
3171 2768 3527 2839 μεγαλαύχεα
3554 2771 3692 2825 νοῦα
3716 2788 3732 2800 ·

2359 2852 2554 2906 Ἐνθεν
2582 2856 2868 2925 άπήρκατε
2902 2858 2983 2920 εἰς
3005 2858 3231 2929 οὐρανὸν
3262 2860 3609 2933 ἀθλοφόρως.

2284 2944 2589 3015 Δερματίδα
2617 2947 2991 3017 προσαφέντες
3024 2951 3249 3004 τάνθάδε
3277 2954 3377 3025 τὴν
3402 2958 3614 3026 νεκρὰν
3641 2959 3815 3029 μόνην

2565 3034 2677 3104 ίτΖἏ
2708 3067 2775 3078 -—
2812 3040 3181 3109 Ἐπίποαμμα
3220 3045 3306 3109 εἰς
3338 3045 3585 3104 ἑαυτόν.

2284 3124 2445 3195 Ψυχὴ
2469 3126 2724 3196 ταπεινὴ,
2755 3126 2914 3196 δεῦρὸ
2942 3144 3054 3197 μοι,
3086 3129 3233 3194 δέξαι
3261 3131 3446 3200 λόγον.

2207 3190 2253 3249 c
2296 3214 2354 3267 Ὀ
2376 3190 2564 3286 παιρὸς
2588 3190 2714 3280 ὀξὺς
2735 3216 2811 3281 ὡς
2835 3190 3069 3288 δρομεὺς
3095 3190 3393 3292 διατρέχων
3415 3237 3433 3252 ·

2295 3308 2492 3377 Ἐγγὺς
2517 3310 2578 3363 τὸ
2604 3311 2803 3382 τέρμα,
2832 3316 2928 3367 καὶ
2959 3315 3251 3385 παρελθεῖν
3277 3318 3377 3370 οὐκ
3402 3318 3507 3373 ἔνι.

2284 3402 2374 3473 Μὴ
2394 3402 2456 3473 δὴ
2488 3403 2762 3474 κάμοιμεν
2792 3407 2912 3469 ταῖς
2940 3407 3198 3475 ματαίαις
3227 3409 3536 3477 φροντίσιν,

2296 3493 2637 3559 Ἀντλοῦντες
2668 3496 2836 3559 ὄντως
2864 3498 2943 3560 είς
2973 3498 3131 3552 πίθον
3161 3501 3551 3570 τετριμμένον,

2284 3585 2567 3647 Ξαίνοντες
2593 3587 2675 3649 είς
2702 3586 2833 3656 πῦρ,
2863 3587 2939 3650 ὡς
2962 3589 3267 3656 γελοιωδῶς
3301 3590 3437 3659 ἔχει.

2297 3677 2436 3729 Ἀλλ’
2459 3677 2586 3731 εἴτι
2617 3678 2781 3743 θεῖον,
2814 3680 2868 3733 εί
2888 3697 2941 3732 τι
2972 3680 3236 3735 σωστικὸν
3270 3685 3445 3745 πέλει,

2284 3769 2470 3823 Ταῦτα
2493 3770 2821 3835 σκοποῦντες
2856 3773 2951 3825 καὶ
2975 3771 3265 3838 διώκοντες
3295 3774 3471 3847 πόθῳ.

2299 3858 2387 3922 Ὠς
2413 3859 2479 3914 ἂν
2504 3860 2927 3931 παρασταίημεν
2958 3863 3017 3915 ὲν
3046 3864 3350 3935 παρρησίᾳ.

2282 3952 2375 4024 Τῷ
2409 3942 2518 4006 τῶν
2542 3952 2800 4007 ἁπάντων
2834 3954 2929 4008 καὶ
2952 3956 3128 4028 Κριτῇ
3155 3956 3248 4009 καὶ
3278 3957 3559 4030 Δεσπότῃ.

2284 4042 2357 4096 Τὸ
2382 4041 2495 4112 πῦρ
2522 4043 2787 4111 φυγόντες
2814 4045 2913 4116 τῆς
2942 4047 3186 4117 γεέννης,
3219 4046 3295 4109 ὡς
3314 4049 3545 4118 γράφει,

2283 4136 2396 4189 Καὶ
2433 4136 2862 4209 προστρέχοντες
2892 4138 2973 4208 τῷ
3001 4140 3341 4211 παναρρήτῳ
3367 4141 3522 4208 φάει.

2284 4229 2408 4294 ίιΗκ
2457 4258 2525 4270 --
2565 4230 2931 4299 Ἐπίγραμμα
2975 4231 3045 4353 fr
3101 4230 3177 4319 τῇ
3241 4230 3490 4301 φυλακῇ
3556 4234 3674 4303 τῆς
3726 4238 3861 4290 Χαλ-

2936 4318 2972 4353 κ
3000 4318 3106 4353 του
3134 4322 3149 4350 ι
3168 4342 3179 4353 .

2936 4318 3106 4353 κιτου
3134 4318 3149 4350 J
3168 4342 3179 4354 .

2285 4389 2447 4453 Ξένος
2475 4388 2610 4443 Θεοῦ
2641 4391 2901 4460 πέφηνεν,
2928 4391 3078 4453 ὅστις
3107 4393 3168 4444 οὐ
3196 4390 3324 4456 ξένα

2292 4481 2446 4550 Ἔχει
2470 4481 2535 4533 τὰ
2570 4482 2695 4551 τῇδε
2720 4483 2899 4535 πάντα
2921 4482 3035 4534 τῶν
3058 4482 3169 4535 ἅνω
3192 4483 3397 4551 σχέσει.

2291 4572 2448 4625 Οὕτω
2475 4572 2583 4642 γὰρ
2608 4571 2762 4644 ὤφθη
2793 4574 3073 4643 Δεσπότης
3112 4574 3208 4627 καὶ
3237 4573 3263 4613 κ
3296 4575 3411 4628 τῶν
3443 4577 3625 4633 κάτω.

2603 4686 2719 4753 ιβ’.
2750 4715 2820 4725 -
2857 4684 2962 4737 Ἑν
2990 4683 3064 4753 τῇ
3091 4684 3245 4753 αὺτῇ
3270 4688 3551 4756 φυλακῇ.

2289 4776 2488 4847 ’Έσχες
2519 4792 2607 4845 με,
2642 4774 2826 4839 κέλλα,
2859 4774 2951 4827 τὸν
2976 4774 3126 4842 ξένον
3158 4776 3288 4846 παρ³
3315 4776 3540 4834 ἐλπίδα.

2287 4861 2460 4938 Εὗρον
2485 4867 2529 4920 δ’
2560 4866 2670 4935 ἐγώ
2696 4884 2755 4919 σε
2784 4867 3047 4936 φιλτάτην
3081 4868 3399 4938 παροικίαν.

2279 4961 2602 5030 Βυζαντὶςὴ
2638 4960 2793 5024 πόλις
2826 4978 2894 5031 με
2932 4960 3114 5031 βάλλει
3143 4961 3399 5018 κάνθάδε.

2281 5050 2533 5106 Λαθοῦσά
2565 5054 2614 5105 τ’
2644 5051 2783 5122 αῦτη
2814 5052 3184 5122 προσπαθείας
3207 5054 3418 5121 ἐξάγει.

2624 5166 2703 5218 P'.
2734 5193 2804 5205 —-
2845 5167 2941 5219 Ἐν
2968 5163 3043 5231 τῇ
3065 5163 3221 5233 αὐτῇ
3251 5167 3516 5236 φρουρᾷ.

2292 5256 2449 5324 Ἐμοὶ
2471 5255 2534 5309 τὸ
2567 5254 2725 5324 σῶμα
2749 5256 2960 5326 φρουρὰ
2990 5255 3081 5306 καὶ
3118 5256 3282 5322 μόνον
3320 5255 3483 5309 πέλει
3510 5274 3532 5324 ζ

2284 5346 2459 5409 Τόπος
2486 5346 2543 5399 δὲ
2577 5348 2684 5409 πᾶς
2716 5363 2799 5408 τις
2823 5344 2880 5410 ἐξ
2911 5346 3024 5398 ίσου
3058 5345 3388 5416 δεδωμένος.

2284 5439 2520 5507 Πάμπαν
2547 5436 2681 5491 Θεοῦ
2707 5437 2815 5507 γάρ
2846 5437 2905 5491 οὐ
2939 5437 3199 5506 πάροικος
3227 5441 3518 5510 τυγχάνω.

1893 5624 2127 5681 ἾΑΒΙᾸΞ
2157 5623 2564 5680 LECTIONES.

685 5788 703 5830 ί
745 5788 878 5842 Cod.
905 5787 1033 5857 Reg.
1075 5788 1362 5858 κρείσσων.
1445 5786 1457 5833 I
1496 5784 1623 5854 Reg.
1669 5784 1803 5839 Cod.
1843 5785 2147 5853 Χαλκὴτου.
2230 5780 2254 5819 κ
2278 5780 2410 5853 Reg.
2434 5782 2565 5838 Cod.
2594 5800 2729 5845 πως.
