3976 6314
144 411 276 476 1805
1648 399 1885 458 ΙΑΜΒΙ.
3213 387 3349 455 1806

476 516 598 572 PA'.
623 549 693 558 —
725 517 824 572 Ἐν
857 514 930 585 τῇ
956 512 1108 582 αὐτῇ
1133 511 1357 581 εἱρκτῇ.
1725 517 1766 567 Α

1725 517 1766 567 Α
2201 506 2284 560 (II.
2323 535 2385 550 σ-
2419 503 2483 558 In
2509 504 2688 558 eodem
2721 517 2947 555 carcere.

135 613 305 683 Ὥραν
337 608 460 663 καθ’
493 609 641 679 ὤραν
665 606 759 659 τοῦ
790 605 902 676 βίου
925 605 1076 667 τέλος
1105 603 1316 665 σκόπει,

1800 600 1873 652 Ex
1906 599 2036 652 hora
2071 601 2123 651 in
2168 599 2353 651 horam
2381 597 2675 650 terminum
2699 597 2823 648 vitae
2854 593 3079 664 inspice,

134 705 242 756 Kal
268 702 485 772 μακρὰν
518 703 582 752 ὲκ
610 698 703 752 σοῦ
725 698 824 768 τὴν
852 696 1077 764 ἁκηδίαν
1105 694 1342 765 βλέποις.

1327 731 1342 747 .
1796 692 2093 762 Omnisque
2119 693 2274 760 longe
2305 689 2471 759 fugiet
2499 704 2530 748 a
2570 697 2622 742 te
2657 686 2892 757 ignavia.

135 797 255 848 Τῶν
283 793 553 864 δαιμόνων
575 792 684 860 γὰρ
715 789 776 844 τὸ
798 790 979 856 λέγειν
999 804 1016 820 ο
1053 789 1206 852 ’Ἑως
1236 789 1419 851 ardre;

1797 787 2076 856 Quousque
2101 783 2348 838 tandem?
2379 781 2578 844 dicere,
2611 790 2691 835 est
2720 777 3149 838 cacodaemonis;

135 888 245 941 Καὶ
277 885 352 957 μὴ
383 884 442 937 τὸ
473 883 619 948 δόξαι
642 880 893 935 τεθνάναι
927 878 1268 948 καθημέραν.

1797 874 1906 931 Nec
1928 876 2052 930 vita:
2079 875 2132 928 in
2160 874 2323 926 horas
2353 870 2652 940 praestolari
2683 868 3007 924 clausulam.

366 974 486 1030 PB'.
514 1005 582 1014 -—
617 973 977 1042 Ἐπίγραμμα
1006 971 1095 1035 είς
1115 969 1221 1034 τὰς
1252 965 1467 1036 φάν-ας.

2075 964 2184 1020 CII.
2212 993 2282 1005 -—
2311 963 2656 1033 Epigramma
2687 963 2742 1014 in
2784 959 3078 1027 lampades.

135 1069 352 1138 Δοχεῖόν
385 1069 498 1136 εἰμι
530 1066 628 1133 τῆς
663 1064 962 1133 ἀκοιμήτου
997 1062 1192 1129 φάνης,

1801 1057 2060 1113 Perennis
2089 1071 2189 1126 ego
2218 1072 2338 1110 sum
2372 1055 2597 1109 luminis
2622 1051 2986 1114 domicilium,

145 1157 475 1226 Ὑπερφαεῖς
502 1153 598 1216 τὰς
631 1153 803 1218 αὐγὰς
827 1152 882 1204 ὲν
909 1150 1106 1220 ψυχαῖς
1130 1147 1313 1218 φέρον.

1801 1149 2100 1219 Splendore
2133 1147 2354 1216 penitus
2389 1145 2552 1198 corda
2589 1140 2874 1212 multiplici
2912 1139 3147 1210 replens.

133 1245 207 1300 *Ω
237 1243 579 1316 λαμπαδοῦχε
610 1242 700 1295 τοῦ
739 1239 1080 1311 τριλαμποῦς
1105 1238 1278 1308 ἡλίου,

1799 1240 1876 1298 Ol
1905 1241 2132 1312 triplicis
2161 1238 2254 1308 qui
2283 1237 2414 1293 solis
2447 1236 2703 1291 accendis
2738 1235 2908 1288 facem
2930 1273 2945 1299 ,

139 1338 451 1406 ’Δστραψον
493 1338 624 1405 ἡμῖν
675 1334 875 1402 φέγγος
916 1331 1201 1403 ἀστραπῆς
1235 1330 1417 1393 πλέον,

1800 1333 2014 1388 Nostris
2044 1333 2096 1385 in
2122 1331 2320 1386 animis
2350 1330 2568 1400 fulgura
2594 1327 2898 1396 ingemines
2922 1331 3038 1387 tua,

135 1430 316 1490 Φωτός
347 1446 413 1498 με
446 1425 662 1491 τεύξας,
684 1428 713 1478 6
739 1424 1034 1495 προσοίσας
1067 1424 1110 1476 δ’
1135 1423 1344 1492 εὑχάδε.

1803 1425 1885 1480 Me
1913 1424 2118 1479 lumine
2141 1437 2383 1486 armans,
2419 1430 2583 1489 atque
2610 1418 2677 1472 ad
2715 1414 2984 1469 orandum
3018 1413 3320 1473 instruens,

139 1521 332 1588 Εῦροις
359 1521 414 1588 μ’
442 1519 650 1571 ἐκεῖθεν
680 1517 882 1585 λάμψιν
911 1517 1150 1586 ἀρρήτου
1176 1515 1368 1582 φάους.

1809 1516 1901 1569 Sic
1925 1515 2121 1583 jubare
2157 1512 2370 1585 fulgens
2397 1514 2521 1565 tiam
2555 1505 2947 1579 inexplicabili.

138 1612 260 1665 PI“.
303 1641 372 1651 --
406 1609 556 1677 Πρὸς
605 1608 672 1663 τὸ
720 1607 1014 1676 ἐπιμελῶς
1056 1607 1490 1677 ἀναγινώσκειν
1535 1603 1602 1656 τὰ
1636 1602 1705 1655 έν·

1804 1605 1933 1663 CIII.
1967 1637 2033 1648 -—
2066 1604 2134 1660 Ut
2181 1606 2464 1677 diligenter
2518 1603 2759 1677 legantur
2806 1613 2922 1668 quae
2984 1595 3039 1650 in
3090 1593 3371 1664 parietibus

736 1673 860 1743 τοῖς
900 1677 1143 1746 τοίχοις.
1183 1673 1193 1677 ⁷
2286 1673 2298 1675 ⁷

2286 1673 2298 1675 ⁷
2376 1673 2641 1739 descripta
2666 1681 2808 1722 sunt.

138 1769 312 1824 Γνῶθι
343 1768 551 1838 παριὼν
584 1768 689 1821 τῶν
718 1768 1081 1838 ἀναγρὰπτων
1113 1766 1297 1836 μέρος.

1808 1767 1946 1823 Dum
1979 1768 2250 1838 praeteris,
2288 1765 2547 1832 inscripta
2586 1761 2783 1831 raptim
2811 1758 3045 1830 perlege.

137 1863 290 1914 Θεῖον
313 1862 422 1932 γὰρ
454 1861 605 1913 οὐδὲν
635 1859 787 1930 ρῆμά
821 1876 900 1911 σοι
930 1859 1260 1929 παροπτέον.

1735 1876 1779 1934 Β
1809 1861 1995 1915 Divina
2032 1874 2300 1928 nusquam
2327 1857 2492 1910 verba
2524 1852 2798 1909 contemni
2828 1852 3002 1906 decet.

138 1977 262 2029 ΡΝ.
300 2005 368 2016 -
423 1973 787 2041 Ἐπίγραμμα
834 1973 921 2036 εις
979 1967 1145 2027 οἷκον
1191 1969 1492 2040 γυναικῶν
1535 1970 1706 2040 φιλο-

1805 1955 1938 2013 CIV.
1976 1985 2037 1997 —
2074 1954 2411 2025 Epigramma
2461 1953 2514 2033 in
2553 1953 2775 2041 domum
2809 1947 3091 2000 mulierum
3148 1942 3372 2012 hospites

819 2031 1030 2105 ξέιρων.
1198 2031 1211 2040 ’
1535 2031 1555 2040 ⁷
2391 2031 2786 2090 excipientium.

140 2135 477 2202 Σπλάγχνοις
507 2133 772 2202 ξενισμῶν
795 2133 1205 2203 εὐρυχωροῦσαι
1239 2131 1382 2190 λίαν.

1280 2132 1382 2190 ίαν.
1808 2119 1942 2174 Lata
1974 2117 2263 2188 hospitalis
2293 2114 2586 2171 charitatis
2617 2113 2850 2176 viscera,

140 2227 354 2295 Ὠσπερ
384 2242 466 2287 τις
498 2225 654 2287 ἄλλος
698 2225 948 2295 Ἀϐραὰμ
971 2224 1390 2294 πατροκράτωρ,

1807 2212 1877 2266 Ut
1905 2211 2176 2281 quondam
2218 2209 2488 2268 Abramus
2515 2206 2605 2259 ille
2634 2204 2962 2274 populorum
2990 2209 3164 2270 pater,

139 2317 209 2368 Al
239 2316 588 2369 δεσποτοῦσαι
624 2317 783 2384 τῆσδε
806 2315 905 2382 τῆς
941 2315 1256 2384 παροικίας,

1809 2307 1899 2360 Sic
1937 2315 1988 2358 et
2013 2305 2208 2358 domus
2236 2301 2465 2370 hujusce
2497 2300 2753 2354 rectriees
2780 2305 2996 2367 gerunt.

143 2406 355 2474 Πλῆθος
389 2407 667 2474 μοναστὼν
695 2406 993 2470 δεξιοῦνται
1021 2407 1116 2458 σὺν
1143 2404 1289 2471 πόθῳ
1309 2419 1324 2433 ·

1808 2396 1922 2451 Illic
1949 2395 2221 2464 recipiunt
2247 2401 2442 2463 sponte
2477 2393 2871 2445 monachorum
2898 2387 3117 2458 agmina
3147 2402 3163 2441 :

141 2495 580 2558 Μισοξενούντων
610 2497 668 2547 τὸ
698 2497 1022 2566 στενόψυχον
1047 2496 1214 2558 πάθος

1807 2489 2048 2557 Angusta
2076 2486 2304 2540 nimimn
2340 2484 2525 2546 corda,
2558 2491 2612 2536 et
2644 2480 2863 2533 inimica
2897 2479 3198 2548 hospitum,

142 2586 614 2654 Καταισχύνουσαι
636 2589 699 2656 τῇ
730 2587 1155 2658 πλυσπλάγχνῳ
1182 2586 1382 2657 σχέσει,

1182 2586 1382 2657 σχέσει,
1810 2576 2226 2632 Pudefacientes
2259 2574 2467 2629 liberali
2497 2583 2735 2642 pectore,

145 2676 257 2729 Καὶ
284 2676 380 2745 τὴν
415 2675 617 2727 ἀνωθεν
647 2677 922 2746 κτώμεναι
954 2677 1340 2746 σκηπτουχίαν,

1810 2669 2036 2740 Sibique
2076 2683 2240 2738 regna
2275 2675 2654 2736 comparantes
2684 2661 2952 2718 caelitum.

427 2783 548 2837 PE'.
579 2815 647 2825 —
682 2785 807 2836 Ἐπί
818 2801 1042 2852 mappa
1080 2786 1167 2850 εἰς
1196 2783 1427 2850 ξένους.

2109 2778 2218 2835 CV.
2249 2807 2319 2818 --
2353 2777 2692 2846 Epigramma
2725 2777 2780 2828 in
2814 2775 3060 2840 hospites.

144 2877 378 2947 Χριστὸν
408 2874 600 2939 ξενίζει
631 2877 733 2936 πᾶς
759 2875 1062 2943 διατρέφων
1096 2876 1300 2940 ξένους.

1809 2876 2131 2943 Quicunque
2154 2872 2326 2941 pascit
2359 2870 2623 2938 hospites,
2649 2868 2922 2922 Christum
2953 2863 3173 2934 excipit,

145 2967 363 3032 ’Ἠνπερ
394 2965 594 3032 μεθῆκε
626 2965 858 3035 Χριστὸς
887 2966 950 3017 ὲκ
987 2965 1192 3036 φθορᾶς
1229 2967 1361 3031 ἄνω,

1810 2967 1982 3033 Quam
2001 2968 2019 2989 ⁶
2046 2966 2114 3020 de
2138 2964 2392 3033 sepulcro
2414 2962 2666 3016 Christus
2700 2961 2764 3012 ad
2795 2961 2994 3014 malum
3021 2957 3233 3012 extulit.

160 3056 322 3111 Ἀλλά
344 3074 408 3123 γε
434 3056 739 3119 συντάξοιεν
771 3059 826 3108 ὲν
855 3056 1067 3118 ζώντων
1096 3058 1270 3129 μέρει,

1813 3058 1916 3112 Sed
1946 3067 1999 3111 et
2028 3056 2272 3126 reposuit
2303 3054 2526 3108 sedibus
2561 3053 2895 3118 viventium,

144 3150 364 3217 Ταύτης
392 3149 450 3198 τὸ
488 3148 724 3216 πνεῦμα.
759 3147 866 3199 τῶν
898 3149 1032 3200 ὅλων
1062 3152 1090 3201 6
1117 3151 1413 3220 Δεσπότης.

1752 3217 1766 3220 _
1814 3149 2055 3220 Hujusce
2081 3148 2328 3217 spiritus,
2359 3145 2622 3200 Dominus
2646 3152 2729 3198 est
2757 3142 3027 3196 omnium.

393 3262 528 3327 P6,".
554 3293 623 3301 —
652 3264 753 3327 Εἰς
777 3261 1183 3329 μοναστήριον
1211 3264 1466 3333 ἀνδρῶν.
1737 3217 1779 3274 C
1900 3217 1912 3220 -

1737 3217 1779 3274 ϐ
2077 3257 2209 3314 CVI.
2243 3287 2310 3297 —
2341 3257 2404 3310 In
2438 3255 2818 3310 monasterium
2851 3255 3107 3308 virorum.

145 3350 282 3405 Θεοῦ
318 3352 468 3404 πόλιν
495 3371 575 3412 τις
602 3355 649 3405 εἱ
673 3354 866 3423 καλοίη
890 3353 980 3405 τὸν
1001 3355 1188 3417 τόπον,

1812 3353 1869 3408 Si
1904 3353 2027 3422 quis
2060 3353 2151 3405 Dei
2180 3351 2368 3406 urbem
2397 3350 2580 3404 dicere
2607 3350 2754 3403 hunc
2784 3348 2964 3403 locum
2999 3347 3147 3414 velit,

147 3447 265 3498 Οὲκ
295 3445 358 3497 ἂν
386 3445 723 3499 διαπταίσειε
753 3447 855 3514 τῆς
881 3447 1133 3517 θεωρίας.

1815 3446 2016 3515 Nempe
2051 3445 2140 3498 ille
2172 3443 2328 3496 vanis
2359 3443 2504 3496 haud
2537 3442 2757 3495 aberret
2790 3441 3066 3495 sensibus.

162 3536 325 3606 Ὁρᾷς
354 3536 458 3607 γὰρ
482 3537 662 3599 αὑτὸν,
703 3536 971 3598 κυκλικῶς
998 3538 1321 3603 διαϐλέπων,

1814 3538 2153 3606 Quocunque
2182 3534 2356 3589 ﬂexus
2389 3534 2657 3587 luminum
2692 3532 3073 3597 circumferas,

153 3628 336 3689 Ναοὺς
370 3627 646 3693 φαεινοὺς,
678 3628 1051 3696 ὡραϊζομένους
1079 3628 1239 3696 ἄγαν,

1817 3630 2140 3686 Fabrefacta
2171 3631 2312 3685 miro
2344 3629 2544 3698 templa
2584 3626 2731 3681 cultu
2769 3624 3066 3694 conspicis,

155 3720 349 3780 Οῖκους
373 3718 456 3770 ἐπ’
479 3719 656 3780 οἴκους
688 3719 1126 3783 καλλισυνθέτους
1154 3720 1292 3784 λίαν,

1814 3722 2076 3778 Connexa
2107 3723 2337 3792 pulchro
2373 3730 2515 3775 tecta
2547 3719 2707 3774 tectis
2740 3717 2953 3781 ordine,

155 3811 382 3878 Κήπους
416 3810 658 3877 φυτείας,
679 3808 752 3872 ὡς
794 3809 970 3878 Ἐδὲμ,
1001 3813 1387 3880 κεκασμένους.

1816 3815 2122 3884 Ilnrtosqne
2152 3814 2376 3883 plantis,
2406 3814 2554 3867 velut
2591 3810 2780 3876 Edem,
2812 3809 3140 3864 virentibus.

154 3901 270 3953 Πᾶν
298 3898 350 3950 εἴ
372 3917 422 3951 τι
452 3900 662 3962 τούτοις
686 3900 1040 3970 τερπνοειδῶς
1077 3903 1362 3972 ἐμϐλέπων
1385 3921 1401 3935 ο

1816 3903 1872 3957 In
1908 3906 1990 3959 his
2022 3919 2239 3957 amomo
2264 3903 2528 3974 quidquid
2563 3902 2758 3956 obtutu
2793 3900 2977 3964 vides;

166 3991 409 4055 Ἀγαθῶν
434 3991 594 4061 θεωρὶ
623 3991 842 4057 δόξασον
871 3991 1193 4062 θεοφρόνως,

1819 3996 2049 4049 Primam
2079 3996 2344 4049 bonorum
2378 3993 2605 4063 principi
2637 3994 2851 4047 laudem
2887 3990 3028 4046 refer
3059 4007 3071 4043 :

151 4084 350 4152 Μεμνη
360 4083 513 4150 μένος
541 4084 766 4145 Λέοντος
800 4084 1114 4154 ἀξιοχρέως,

1817 4085 1955 4140 Tum
1986 4102 2150 4156 quam
2179 4085 2345 4141 Leoni
2379 4087 2499 4154 jure
2531 4085 2696 4140 debes
2732 4083 2983 4154 gratiam,

155 4172 264 4226 Τοῦ
298 4174 735 4244 κτισματουργοῦ
771 4177 865 4228 σὺν
895 4175 1012 4245 Θεῷ
1036 4177 1142 4230 τῶν
1173 4179 1382 4233 ἐνθάδε.

1815 4179 1985 4248 Cujus
2007 4195 2143 4248 opus
2179 4194 2342 4232 omne
2370 4177 2648 4232 conditum
2679 4186 2765 4231 est
2793 4175 3085 4231 industria.

298 4289 414 4342 PZ'.
439 4319 505 4328 —
532 4291 637 4355 Εἰς
660 4291 725 4343 τὸ
749 4291 988 4360 δοχεῖον
1016 4290 1124 4358 τῆς
1146 4293 1336 4362 αὐτῆς
1357 4292 1572 4362 μονῆς.

1947 4290 2101 4348 CVII.
2134 4323 2201 4334 —
2230 4290 2294 4344 In
2335 4292 2621 4360 hospitium
2649 4291 2885 4361 ejusdem
2919 4291 3245 4351 monasterii.

153 4378 339 4447 Μονῆς
365 4381 626 4448 ἀγαστῆς,
653 4383 747 4452 τῆς
777 4384 1112 4454 καλουμένης
1138 4387 1287 4451 νέας.

1821 4381 1917 4437 llic
1946 4383 2213 4445 clarioris,
2246 4397 2408 4448 tinam
2442 4390 2640 4435 vocant
2667 4395 2890 4446 novam,
2923 4382 3120 4437 domus

153 4471 368 4539 Δοχεῖόν
391 4473 528 4540 εἰμι,
565 4473 656 4524 καὶ
693 4475 982 4543 προαύλιον
1011 4477 1190 4542 ξένονο

1818 4472 2093 4526 Monacbis
2128 4484 2309 4540 parata
2340 4472 2599 4540 hospitia,
2634 4481 2688 4525 et
2717 4473 2860 4529 aedes
2894 4472 3118 4528 advenis

157 4560 388 4624 Πολλοὺς
422 4561 626 4627 ξενίζον
651 4565 729 4626 εἰς
759 4564 983 4634 ἄμειψιν
1008 4568 1189 4620 αἰσίαν

1746 4551 1789 4605 θ
1819 4566 2000 4620 Multis
2033 4573 2354 4634 patescunt;
2389 4565 2615 4634 recipiat
2644 4562 2878 4618 faustam
2913 4577 2972 4618 ut
3010 4567 3203 4631 vicem,

153 4654 380 4715 Λέοντος
410 4653 622 4718 ἐσθλοῦ,
650 4657 918 4708 Δεσπότου
939 4657 1046 4708 τῶν
1075 4658 1282 4714 ἐνθάδε.

1819 4656 2057 4726 Hujusce
2085 4656 2342 4710 dominus
2370 4656 2463 4725 qui
2498 4656 2601 4710 loci
2629 4665 2733 4719 est,
2769 4655 2878 4710 Leo
2908 4659 3172 4726 Optimus.

461 4824 463 4828 ,
604 4769 730 4822 PH'.
762 4797 833 4810 --
862 4770 966 4833 Εἰς
999 4768 1063 4821 τὸ
1091 4771 1260 4824 αὑτό.

2303 4765 2481 4823 CVIII.
2520 4797 2590 4809 —
2623 4766 2690 4820 In
2731 4769 2890 4825 idem.

151 4850 282 4910 Ὧδε
316 4857 576 4922 ξενισθεὶς
602 4858 750 4929 δεξιᾷ
779 4859 1106 4931 προμηθείᾳ,

1818 4860 1915 4914 llic
1949 4860 2254 4930 hospitatus
2284 4862 2565 4914 commode
2595 4870 2758 4929 atque
2782 4877 3063 4930 prospere,

167 4946 461 5012 ’Λντίξενον
487 4950 708 5018 φέροιμι
736 4949 904 5019 δῶρον
932 4953 958 5003 6
981 4949 1146 5018 ξένος,

1820 4951 2028 5004 Donum
2061 4951 2307 5005 vicissim
2332 4957 2522 5020 gratus
2554 4951 2752 5020 hospes
2781 4951 3028 5016 oll‘eram,

157 5031 260 5088 Ὧν
287 5037 576 5107 εὐποροίην
606 5037 667 5090 τὸ
697 5037 989 5105 κράτιστον
1026 5039 1088 5092 εὖ
1123 5039 1288 5108 μάλα,

1818 5043 2000 5114 Longe
2031 5045 2294 5109 omnium,
2330 5059 2449 5114 qum
2473 5057 2769 5114 suppetunt
2801 5046 2956 5110 mihi,
2987 5049 3271 5115 Optimum.

166 5129 334 5197 Ὁμοῦ
360 5130 458 5183 σὺν
486 5129 670 5198 εὐχαῖς
692 5129 881 5181 τούσδε
914 5129 1179 5201 τέτταρας
1209 5131 1444 5202 στίχους.

1818 5139 1952 5190 Cum
1980 5137 2231 5206 precibus
2259 5137 2393 5192 istos
2423 5153 2616 5207 nempe
2648 5153 2841 5192 versus
2867 5149 3126 5208 quatuor.

609 5241 730 5296 PG'.
764 5270 833 5282 —-
854 5244 956 5308 Είς
983 5246 1226 5312 τάφους.

2287 5240 2426 5298 CIX.
2465 5275 2525 5286 —-
2554 5243 2619 5298 In
2649 5247 2907 5312 sepulcra.

156 5334 228 5386 Τὸ
250 5333 480 5405 τερπνὸν
505 5333 660 5396 εἰδὼς
691 5333 782 5386 καὶ
810 5333 1035 5398 σκιῶδες
1062 5335 1155 5387 τοῦ
1188 5337 1325 5405 βίου,

1823 5335 2079 5391 Umbram
2110 5353 2230 5391 esse
2265 5339 2386 5391 vitae
2419 5338 2677 5406 gaudium
2709 5353 2915 5407 gnarus
2944 5342 3143 5409 probe,

155 5426 306 5478 Λέων
329 5426 504 5494 ἔγωγε
531 5426 628 5496 τῆς
659 5425 825 5495 μονῆς
855 5428 881 5478 6
914 5427 1202 5497 συστάτης,

1819 5425 2097 5481 Fundator
2131 5427 2290 5496 hujus
2318 5444 2419 5495 ego
2450 5428 2764 5481 monasterii
2792 5426 2917 5491 Leo,

157 5519 334 5572 Καλὸν
365 5520 594 5588 τέτευχα
620 5522 730 5582 τοῖς
755 5518 1017 5588 φιληλίοις
1046 5522 1222 5587 τέγος.

1821 5519 2023 5575 Decora
2063 5522 2215 5590 posui
2253 5529 2395 5573 tecto
2428 5519 2598 5572 solem
2630 5518 2962 5580 amantibus,

153 5609 225 5661 Τὸ
251 5612 374 5681 τῇδε
401 5611 555 5680 δῶμα
580 5610 846 5679 τέρματος
876 5612 1094 5680 μνήμην
1126 5614 1290 5683 φέρον
1317 5630 1329 5642 υ

1821 5611 1994 5675 Hanc,
2026 5628 2145 5680 qua:
2185 5611 2503 5663 memoriam
2544 5610 2666 5662 finis
2705 5610 2919 5679 ingerit,
2943 5611 3203 5678 domum;

152 5703 331 5765 "Arta;
356 5704 462 5772 γὰρ
489 5702 674 5763 ἐσθλὸς
710 5701 938 5753 θανάτου
965 5703 1330 5770 μεμνημένος,

1821 5702 1954 5757 Nam
1991 5706 2071 5757 vir
2101 5705 2305 5774 probus
2339 5704 2654 5773 quicunque
2694 5701 2889 5757 mortis
2924 5713 3007 5758 est
3050 5721 3275 5772 memor,

148 5795 263 5856 φῶς
287 5795 596 5862 εἰσδέχοιτο,
629 5795 722 5845 καὶ
758 5793 1084 5862 παρέρχεται
1111 5796 1353 5856 σκότους.

1822 5794 2134 5864 Luccmquc
2174 5794 2385 5863 recipit,
2421 5808 2483 5847 ac
2511 5791 2763 5847 tenebras
2796 5791 3000 5861 eﬂ'ugit.
