3976 6314
1175 506 1287 563 CX.
1318 535 1387 547 —
1412 506 1593 560 Aliud.

594 599 640 657 0
671 599 879 654 tumule
913 614 1098 654 amare
1121 600 1442 670 gaudiorum
1477 595 1684 656 saeculi.

594 690 682 746 Nil
712 702 763 747 te
791 701 970 761 p0test
998 691 1222 757 satiare,
1260 707 1385 746 cum
1414 698 1643 745 cunctos
1675 686 1881 752 trahas,

598 784 808 853 Inopes.
848 783 1059 847 beatos,
1097 782 1371 837 maximos
1405 791 1458 836 et
1489 778 1733 842 infimos,

596 875 992 945 Pulchrosque,
1019 874 1421 944 deformesque,
1452 873 1645 927 doctos
1674 879 1727 925 et
1749 870 1911 924 rudes
1936 886 1951 923 :

595 968 755 1024 Molis
784 969 1072 1024 universos
1097 968 1323 1038 pariter,
1355 981 1419 1021 ac
1454 966 1692 1019 cinerem
1724 962 1917 1027 efﬁcis,

597 1061 742 1115 Nihil
776 1060 1085 1117 auferentes
1110 1070 1303 1130 praeter
1331 1074 1393 1112 ea
1424 1074 1546 1129 quae
1572 1058 1869 1128 gesserint,

598 1152 693 1207 Dei
724 1152 791 1207 ad
827 1150 1067 1205 tribunal
1093 1149 1400 1205 exhibenda
1422 1150 1626 1220 judicis
1658 1167 1672 1203 :

597 1243 729 1309 Quae
762 1254 907 1297 recta
936 1242 980 1296 si
1030 1242 1159 1305 sint,
1204 1242 1373 1312 gloria
1411 1242 1496 1296 his
1536 1256 1771 1311 quorum
1802 1241 1916 1296 hac
1951 1250 2111 1296 erunt
2148 1258 2161 1293 :

600 1334 658 1388 Si
689 1349 872 1403 prava,
905 1332 1073 1387 miser
1099 1332 1228 1385 heu!
1255 1334 1346 1402 qui
1381 1333 1588 1387 nefaria
1619 1332 1813 1403 egerit.

598 1423 831 1478 Proinde
856 1435 1094 1493 reputes,
1121 1438 1154 1477 ο
1193 1424 1381 1490 homo,
1408 1439 1529 1493 quae
1560 1433 1609 1479 te
1631 1440 1753 1478 sors
1788 1432 1986 1478 manet.

843 1513 980 1570 CXI.
1011 1544 1082 1556 —
1116 1513 1460 1585 Epigramma
1494 1516 1549 1568 in
1583 1514 1924 1585 Stephanum.

600 1604 829 1661 Mortale
854 1620 1054 1676 corpus
1089 1604 1403 1676 Stephanus
1430 1607 1517 1662 hic
1552 1607 1878 1673 recondidit,

599 1697 705 1751 Ter
725 1696 968 1766 quinque
995 1711 1120 1749 cum
1156 1696 1384 1750 vixisset
1421 1712 1595 1751 annos
1623 1712 1687 1752 ac
1714 1696 1901 1751 decem
1928 1713 1942 1750 :

598 1781 832 1839 Germen
869 1786 1178 1853 probatum,
1216 1786 1414 1839 dec0re
1443 1786 1729 1841 abundans
1768 1786 1896 1840 hinc
1924 1795 1977 1839 et
2019 1785 2165 1850 hinc,

602 1872 903 1944 Splendore
938 1886 1203 1945 praestans
1228 1878 1429 1947 quippe
1460 1879 1595 1933 clari
1633 1880 1941 1951 sanguinis,

604 1967 678 2020 De
707 1965 875 2035 stirpe
903 1980 1092 2035 regum
1124 1968 1365 2037 gloriosa
1394 1969 1671 2025 surculus.

601 2055 881 2110 Probitate
906 2071 1034 2111 vero
1066 2072 1281 2112 morum
1317 2059 1570 2115 amabilis
1598 2062 1878 2126 omnibus,

599 2148 871 2203 Connubii
899 2164 1119 2219 expers,
1148 2160 1313 2221 atque
1346 2153 1501 2224 virgo
1532 2156 1815 2223 perpetim.

600 2236 772 2303 Quem
806 2240 1126 2309 providente
1153 2256 1327 2307 cura,
1369 2251 1428 2298 ut
1466 2260 1531 2298 ex
1558 2245 1731 2314 Spinis
1764 2262 1968 2311 rosam,

601 2330 890 2401 Postquam
913 2333 1079 2387 hocce
1100 2349 1330 2404 propere
1347 2336 1599 2393 Christus
1617 2355 1680 2393 ex
1700 2341 1904 2394 mundo
1922 2342 2165 2406 abstulit,

601 2424 749 2477 Inter
774 2424 912 2478 alios
941 2424 1131 2479 dextra
1166 2428 1450 2483 coronavit
1477 2445 1664 2484 manu.

1076 2516 1238 2571 CXII.
1262 2548 1334 2559 —
1360 2518 1423 2572 In
1455 2520 1691 2579 domum.

604 2602 770 2658 Grata
801 2614 965 2674 atque
995 2607 1173 2663 dulcis
1205 2610 1384 2663 videor
1417 2614 1674 2666 omnibus
1704 2615 1903 2668 domus

605 2693 716 2749 Viri
753 2696 965 2766 optimi,
995 2700 1277 2770 multoque
1308 2702 1695 2768 laudatissimi,

604 2786 885 2843 Monachis
920 2804 1116 2844 novam
1147 2792 1388 2861 praebere
1412 2794 1506 2864 qui
1541 2797 1721 2850 Studet
1750 2796 1997 2862 domum,

600 2879 975 2952 I’retiumque,
1002 2899 1175 2939 noxas
1202 2900 1311 2954 quo
1343 2887 1592 2952 redimat,
1629 2887 1789 2942 offert
1828 2890 1955 2943 Deo.

1042 2973 1227 3030 CXIII.
1252 3007 1323 3018 --
1352 2975 1421 3031 In
1449 2980 1735 3048 sepultum.

600 3062 733 3127 Isto,
763 3065 959 3130 viator,
993 3068 1247 3122 conditus
1280 3070 1491 3123 tumulo
1520 3071 1667 3139 jacet

605 3154 694 3208 Vir
724 3164 806 3211 ter
836 3156 1029 3213 beatus
1058 3157 1502 3232 Theopbylactus
1530 3162 1752 3218 nomine
1784 3179 1799 3218 :

600 3246 900 3303 Eunuchus
926 3250 1202 3318 equidem,
1234 3268 1431 3323 genere
1460 3255 1554 3309 sed
1585 3254 1762 3313 fausto
1797 3266 1977 3325 satus,

602 3339 764 3395 Vultu
788 3341 1282 3409 decorusjuvenis,
1317 3360 1383 3400 ac
1415 3347 1570 3402 valde
1596 3347 1741 3415 pius.

600 3431 705 3499 Qui
738 3433 950 3503 primus
984 3435 1128 3489 inter
1166 3437 1377 3492 nobiles
1408 3436 1752 3507 Spatharios,

602 3525 803 3596 Longis
826 3527 1021 3582 diebus
1047 3526 1434 3597 imperatorum
1462 3530 1587 3585 fuit.

602 3615 886 3693 Templum
906 3618 1028 3682 hoc,
1045 3619 1368 3691 beatamque
1387 3622 1526 3678 hanc
1541 3624 1904 3678 monasticam
1922 3626 2163 3692 domum,

602 3706 798 3763 Munus
837 3710 946 3764 Deo
977 3708 1319 3781 Dominoque
1345 3722 1586 3782 gratum,
1628 3714 1893 3775 condidit.

605 3796 795 3854 Errata
819 3799 941 3855 vita
962 3817 1072 3870 quo
1105 3802 1387 3871 piarentur
1417 3820 1550 3859 suae.

876 3889 1060 3946 CXIV.
1088 3920 1157 3932 —
1188 3891 1255 3947 In
1298 3899 1675 3950 monasterium
1712 3895 1894 3967 lgnas.

605 3982 711 4040 Leo
739 3984 919 4039 clarus
955 3984 1097 4039 inter
1122 3995 1369 4049 caeteros,
1398 3988 1589 4057 virque
1623 3989 1883 4057 optimus,

602 4079 803 4131 Amore
824 4076 1049 4141 Christi,
1088 4077 1319 4148 conjuge
1342 4079 1565 4133 avulsus
1591 4094 1711 4145 sua,

603 4165 781 4221 Vitam
810 4178 1075 4223 monastze
1105 4176 1184 4221 ter
1220 4169 1436 4222 beatam
1468 4170 1755 4239 amplexus
1780 4182 1885 4235 est,

602 4257 857 4313 Ctelestis
885 4260 937 4312 in
967 4273 1074 4329 qua
1101 4258 1388 4315 btereditas
1417 4263 1720 4332 acquiritur
1749 4282 1763 4318 :

602 4353 680 4405 Ac
710 4350 1021 4406 universam
1051 4349 1315 4406 familiam
1343 4353 1572 4408 adduxit
1603 4354 1734 4420 Deo,

605 4442 773 4498 Edes
796 4444 1084 4498 mulierum
1110 4459 1329 4515 quoque
1360 4446 1692 4503 monasticas
1716 4457 1956 4505 struens.

606 4536 711 4591 Deo
744 4536 988 4605 probatae
1019 4547 1214 4590 nactus
1242 4547 1296 4592 et
1319 4538 1441 4593 vita
1472 4540 1700 4605 exitum,

605 4629 712 4685 Isto
746 4631 994 4700 sepultus
1021 4638 1106 4685 est
1123 4630 1266 4694 loco,
1298 4641 1624 4699 exspectans
1654 4631 1823 4695 diem,

602 4722 716 4788 Qua
749 4721 999 4777 Christus
1022 4722 1193 4777 aderit
1216 4723 1478 4777 mundum
1505 4732 1564 4777 ut
1594 4737 1809 4777 omnem
1840 4723 2064 4793 judicet.

967 4814 1128 4870 CXV.
1176 4848 1224 4858 —
1252 4815 1318 4870 In
1346 4817 1510 4885 ipsius
1538 4833 1772 4871 uxorem.

600 4913 771 4964 Anna
804 4908 1111 4978 sepulcrum
1144 4910 1390 4977 proxime
1420 4909 1508 4962 hic
1525 4912 1689 4963 situm
1717 4908 1891 4975 vides,

605 4998 675 5053 Ut
708 5016 830 5068 qua:
862 5000 1060 5054 marito
1082 4999 1281 5068 pariter
1311 5015 1533 5054 assensu
1564 5009 1646 5054 est
1678 5016 1802 5065 suo,

606 5089 903 5143 Divortium
938 5088 1200 5158 perferre,
1232 5087 1435 5143 Christi
1461 5090 1655 5158 gratia,

602 5179 953 5235 Monasticam
984 5189 1039 5234 et
1066 5195 1190 5234 cum
1218 5181 1405 5234 liberis
1431 5182 1747 5249 amplectier

610 5266 780 5322 Vitam
816 5269 1097 5339 inclytam,
1131 5269 1219 5323 cui
1256 5278 1407 5338 parta
1438 5270 1561 5325 coeli
1594 5270 1783 5341 gloria.

600 5361 777 5427 Atque
812 5358 941 5414 hinc
960 5368 1014 5414 et
1035 5360 1150 5429 ipsa
1180 5375 1329 5429 spem
1361 5361 1482 5414 sinu
1514 5373 1713 5415 certam
1741 5362 1901 5427 fovet,

600 5453 802 5507 Adfore
836 5453 1002 5519 diem,
1023 5467 1130 5523 qua
1159 5453 1435 5507 Christum
1461 5454 1524 5507 ad
1552 5455 1727 5523 ipsum
1757 5456 2024 5521 convolet,

600 5543 739 5605 Cum
768 5559 964 5613 nempe
990 5544 1169 5598 veniet
1201 5545 1290 5597 ille
1329 5552 1390 5598 ut
1419 5560 1611 5600 omnes
1637 5546 1867 5615 judicet.

1055 5634 1239 5689 CXVI.
1277 5664 1347 5674 —
1376 5636 1439 5690 In
1464 5638 1746 5705 sepultam.

600 5724 748 5781 Fidei
784 5736 947 5795 atque
973 5740 1183 5779 morum
1209 5725 1365 5781 laude
1398 5725 1594 5781 mulier
1619 5727 1886 5795 praestitit,

603 5819 816 5874 lllustrc
851 5835 971 5887 qua:
1006 5819 1247 5885 reposuit
1275 5819 1375 5873 hoc
1402 5833 1598 5888 corpus
1626 5819 1763 5883 loco,

2194 505 2244 563 Α

2195 3182 2238 3239 C

1801 393 1862 452 S.
1901 389 2293 452 THEODORI
2335 385 2678 449 STUDITlE

2831 495 2931 547 PI'.
2966 524 3030 535 —
3060 494 3259 551 Ἄλλο.

2263 586 2338 645 '0
2358 588 2533 660 τύμδε
2560 585 2723 658 πικρὲ
2748 584 2857 639 τῶν
2883 584 3000 655 βίου
3030 583 3460 653 γλυκασμὰτων,

2267 682 2480 743 Πάντας
2516 676 2814 733 κατασπῶν
2836 677 2935 730 οὐκ
2966 676 3197 747 ἐπαρκεῖ
3222 677 3507 746 χορτάσει,

2267 772 2535 843 Μικροὺς,
2570 772 2881 842 μεγίστους,
2913 769 3147 833 ὀλϐίους,
3178 769 3491 833 ἀνεστίους,

2268 865 2492 934 Σοφοὺς,
2523 864 2821 933 ἀμύστους,
2857 860 3304 931 δυσπροσώπους,
3332 861 3623 928 εὐθέτους,

2269 958 2485 1022 Ὅλους,
2511 956 2727 1027 ἁλήθων
2755 955 2961 1022 τέφραν
2981 954 3151 1023 ἴσχεις
3179 951 3382 1017 ὲξίσου,

2267 1050 2451 1121 Μηδὲν
2484 1051 2767 1119 φέροντας,
2798 1048 2830 1117 ἢ
2866 1049 3026 1116 μόνον
3047 1044 3117 1097 τὰ
3146 1044 3416 1115 πρακτέα,

2270 1144 2450 1210 ’Δπερ
2480 1143 2730 1211 παραστῇ
2760 1139 2839 1209 τῷ
2864 1136 2999 1192 Θεοῦ
3021 1135 3312 1207 κριτηρίῳ.

2268 1235 2332 1287 Ei
2368 1234 2464 1304 μὲν
2500 1234 2784 1303 κράτιστα,
2817 1230 2942 1294 δόξα
2964 1229 3042 1301 τῷ
3070 1230 3397 1299 κεκτημένῳ
3421 1246 3438 1260 ·

2268 1325 2333 1377 Εἰ
2357 1324 2400 1376 δ’
2431 1319 2498 1375 αὖ
2530 1323 2786 1383 κάκιστα,
2817 1319 2919 1390 φεῦ
2942 1336 3002 1372 τε
3032 1318 3111 1389 τῷ
3140 1318 3566 1387 φαυλοπρὰττῃ.

2273 1412 2580 1484 Ἄνθρωπε,
2609 1412 2792 1464 λοιπὸν
2818 1413 3075 1480 πρόσχες,
3105 1403 3217 1462 οἷόν
3262 1425 3345 1461 σοι
3375 1410 3553 1478 μένει.

2481 1506 2632 1560 ΡΙΑ’.
2662 1534 2729 1546 -—
2771 1505 3136 1571 Ἐπίγραμμα
3172 1505 3259 1568 εἰς
3296 1502 3650 1570 Στέφανον.

2268 1595 2398 1653 Ὧδε
2425 1598 2697 1667 Στέφανος
2720 1594 3105 1665 ὲγκατέκλεισε
3138 1594 3328 1665 δέμας,

2269 1687 2749 1758 Εῑκοστόπεμπτον
2775 1687 2833 1738 ἐν
2863 1683 2963 1755 βίῳ
2992 1684 3162 1755 ζήσας
3183 1684 3376 1756 χρόνον
3394 1701 3408 1713 ·

2282 1780 2579 1849 Ῥάδαμνος
2614 1778 2774 1841 εὐθὺς
2805 1775 3154 1848 ἀμφικαλλὴς
3179 1776 3447 1830 διττόθεν.

2284 1868 2375 1934 Ἐξ
2403 1866 2657 1936 εὐγενοῦς
2696 1868 2793 1937 μὲν
2829 1868 3059 1938 αἵματος
3088 1867 3434 1940 διαπρέπων,

2281 1961 2447 2015 Ἑλὼν
2476 1960 2533 2013 δὲ
2570 1961 2767 2032 ῥάϐδον
2802 1960 2860 2027 ἐξ
2895 1960 3210 2031 ἀνακτόρων
3238 1959 3456 2023 κλέους.

2269 2055 2411 2107 nam
2441 2053 2676 2123 ποθητδς
2706 2053 3037 2125 χρηστότητι
3068 2053 3178 2106 τῶν
3207 2053 3451 2124 τρόπων,

2269 2145 2508 2197 Γυναῖκα
2538 2144 2611 2215 μὴ
2633 2146 2814 2212 γνοὺς,
2838 2144 2973 2197 ἀλλὰ
3000 2144 3263 2215 παρθένος
3290 2145 3495 2216 μένων.

2272 2236 2479 2305 Ὀνπερ
2510 2236 2829 2307 προμηθῶς,
2858 2235 2916 2299 ἐξ
2937 2235 3191 2289 ἀκανθῶν
3214 2236 3289 2300 ὡς
3315 2230 3499 2307 ῥόδον,

2270 2327 2377 2381 Τοῦ
2412 2328 2537 2399 τῇδε
2579 2328 2785 2397 κόσμου
2832 2328 3064 2398 Χριστὸς
3114 2329 3313 2400 ἐξάρας
3346 2329 3533 2398 τάχει,

2275 2418 2425 2489 Ἔχει
2470 2419 2566 2471 σὺν
2597 2417 2775 2480 ἄλλοις
2800 2417 2951 2489 δεξιᾷ
2981 2420 3124 2489 χειρὶ
3150 2419 3385 2487 στέφων.

2743 2509 2890 2563 ΡΙΒ’.
2929 2538 2992 2548 --
3009 2510 3110 2575 Εἰς
3131 2512 3351 2566 οὶκίαν.

2273 2594 2432 2662 Οἶκος
2458 2600 2739 2670 δὲδειγμαι
2768 2601 3116 2673 τερπνοειδὴς
3138 2598 3196 2656 εὖ
3232 2603 3401 2673 μάλα,

2284 2692 2500 2762 mast
2526 2693 2818 2763 κρατίστου
2858 2696 2950 2746 καὶ
2980 2697 3337 2766 πανευφήμου
3367 2696 3521 2753 λίαν.

2277 2786 2372 2850 ⁸ος
2398 2787 2489 2840 καὶ
2518 2790 2768 2856 νεουργεῑ
2797 2785 2895 2854 τὴν
2929 2786 3057 2857 ὅλην
3086 2788 3252 2859 μονὴν
3278 2789 3457 2859 πόθῳ,

2270 2877 2389 2948 Θεῷ
2424 2878 2719 2947 προσοίσας
2749 2877 2942 2948 λύτρον
2971 2878 3087 2931 ἀνθ’
3118 2880 3475 2950 ἁμαρτάδων.

2658 2968 2796 3023 PII".
2829 3001 2899 3010 —
2930 2973 3034 3034 Εἰς
3068 2970 3447 3040 κοιμηθέντα.

2274 3049 2398 3110 Ὧδε
2432 3057 2710 3128 προελθὼν
2740 3060 3064 3114 ἐντέθαπται
3094 3061 3169 3131 τῷ
3201 3062 3378 3132 τάφῳ,

2272 3149 2646 3218 Θεοφύλακτος
2674 3153 2702 3204 ό
2727 3153 3030 3221 τρισόλϐιος
3065 3152 3239 3223 μέροψ
3262 3170 3277 3186 -
3425 3143 3429 3147 ’

2276 3242 2543 3312 Εὐνοῦχος
2578 3243 2676 3313 μὲν
2700 3245 2794 3305 ὣν,
2820 3246 2954 3299 ἀλλὰ
2983 3246 3156 3310 δεξιοῦ
3188 3248 3399 3314 γένους,

2275 3332 2513 3397 Εῠοπτος
2540 3336 2680 3405 ἧλιξ,
2713 3337 2942 3404 εὐσεϐής
2976 3352 3038 3402 γε
3076 3338 3171 3389 καὶ
3202 3338 3367 3406 μάλα.

2278 3423 2374 3487 ’ος
2403 3424 2787 3495 πρωτοόαθρεῖ
2815 3427 2873 3477 ὲν
2904 3424 3231 3496 Σπαθαρίων
3262 3429 3476 3491 στάσει,

2286 3515 2373 3567 Ἐν
2404 3516 2738 3587 μακράτησιν
2768 3518 2987 3588 ἡμερῶν
3019 3520 3361 3590 ἀνακτόρων.

2274 3605 2376 3657 Τὸν
2404 3605 2528 3675 τῇδε
2559 3608 2707 3672 ναὸν,
2742 3608 2837 3661 καὶ
2870 3608 3039 3679 μονὴν
3069 3611 3386 3679 παναισίαν,

2277 3696 2504 3766 Ἤγειρε
2532 3698 2781 3767 τερπνῶς
2814 3700 2892 3769 τῷ
2921 3700 3039 3770 Θεῷ
3067 3702 3159 3754 καὶ
3188 3705 3457 3775 Δεσπότῃ,

2273 3789 2368 3853 Ei;
2403 3788 2597 3861 λύτρον
2624 3790 2788 3843 αὐτοῦ
2819 3792 3177 3860 πταισμάτων
3199 3794 3306 3846 τῶν
3334 3797 3391 3848 ἐν
3419 3795 3549 3866 βίῳ,

2564 3880 2704 3937 Ρ1Δ’.
2744 3913 2804 3923 -
2839 3885 2943 3949 Εἷς
2968 3884 3162 3953 Ἰγνας
3185 3884 3298 3952 τὴν
3319 3888 3548 3955 μονήν.

2273 3994 2423 4049 Λέων
2452 3997 2482 4048 ό
2510 3996 2721 4058 κλεινὸς
2749 3996 2847 4049 καὶ
2884 3997 3172 4068 κράτιστος
3204 3999 3487 4078 ἀνδρᾴσιν,

2273 4084 2514 4155 Τμηθεὶς
2548 4085 2801 4139 συνεύνου
2832 4087 3337 4160 Χριστοσυμπλόκῳ
3367 4092 3549 4163 πόθῳ,

2211 4191 2213 4193 ‘
2273 4170 2398 4228 Εῖλε
2429 4177 2699 4246 μονήρους
2723 4177 2814 4230 τὸν
2838 4179 3141 4248 τρισόλϐιον
3176 4180 3312 4251 βίον,

2200 4530 2245 4584 D

2283 4266 2372 4330 Ὠς
2398 4266 2761 4336 προξενοῦντα
2788 4269 2890 4339 τὴν
2914 4268 3027 4322 ἄνω
3053 4270 3380 4341 κληρουχίαν
3402 4288 3418 4301 ·

2274 4357 2440 4428 Ὅλην
2476 4359 2750 4428 προσόξας
2782 4358 2861 4429 τῷ
2887 4359 3007 4430 Θεῷ
3033 4362 3129 4433 τὴν
3151 4362 3348 4426 οἰκίαν,

2272 4433 2454 4518 Μονὴν
2479 4450 2751 4518 γυναικῶν
2782 4453 3135 4521 σχηματίζειν
3167 4456 3365 4509 αἰσίαν.

2276 4542 2383 4595 Καὶ
2403 4543 2757 4614 τερματισμῷ
2785 4542 2880 4597 τοῦ
2908 4545 3190 4609 θεοκλεοῦς
3215 4549 3441 4619 δρόμου,

2272 4626 2407 4704 Ὠδη
2434 4633 2721 4698 τέθαπται,
2755 4638 3078 4707 προσμένων
3110 4640 3209 4709 τὴν
3228 4642 3468 4711 ἡμέραν,

2285 4724 2372 4778 Ἐν
2395 4718 2539 4797 ᾗπερ
2576 4725 2695 4794 ἥξει
2730 4726 2961 4796 Χριστὸς
2992 4732 3072 4790 είς
3102 4731 3317 4782 πάντων
3351 4734 3567 4802 κρίσιν,

2530 4818 2677 4869 Ρ1Ε’.
2710 4847 2779 4856 --
2808 4821 2911 4884 Εἰς
2941 4820 3056 4887 τὴν
3091 4822 3274 4875 αὑτοῦ
3304 4825 3591 4893 σύμϐιον.

2274 4908 2472 4977 Ἀννης
2496 4908 2555 4960 τδ
2579 4908 2731 4977 σῆμα
2760 4912 3024 4980 συμφυῶς
3057 4906 3157 4965 ὧδε
3181 4913 3420 4983 βλέπεις,

2285 4998 2369 5060 Ὠς
2398 4998 2473 5068 τῷ
2501 5000 2738 5066 συνεύνῳ
2767 5005 3226 5073 συμφρονησάσης
3252 5005 3364 5069 ἴσα,

2270 5091 2470 5145 Παθεῖν
2499 5093 2778 5162 χωρισμὸν
2801 5095 2981 5148 εἵνεκα
3010 5097 3245 5166 Χριστοῦ
3275 5099 3444 5168 μάλα.

2270 5181 2379 5233 Καὶ
2405 5181 2464 5233 τὸ
2500 5184 2769 5253 μονήρους
2803 5186 3148 5240 ἀσπάσασθαι
3174 5189 3272 5242 σὺν
3299 5191 3539 5259 τέκνοις,

2269 5271 2391 5323 Βίον
2423 5274 2641 5340 φαεινὸν
2668 5276 3065 5348 οὑρανοκτήτου
3100 5278 3311 5343 κλέους.

2271 5362 2433 5415 Ὅθεν
2462 5381 2526 5431 γε
2557 5365 2731 5435 καύτὴ
2763 5369 3057 5436 προσμένει
3083 5370 3180 5439 τὴν
3207 5371 3419 5438 ἐλπίδα,

2270 5453 2412 5522 Πρὸς
2438 5455 2671 5525 Χριστὺν
2699 5456 2859 5510 αὑτὸν
2890 5458 3315 5529 οὐρανοδραμεῖν
3341 5467 3493 5529 τότε,

2270 5546 2387 5598 Ὀτ’
2414 5548 2479 5600 ἄν
2510 5564 2614 5619 περ
2635 5548 2737 5621 ἧξῃ
2769 5552 2861 5603 τοῦ
2889 5550 3070 5623 κρίναι
3096 5552 3321 5624 βροτοὺς
3344 5557 3533 5624 ὅλους.

2655 5641 2818 5707 Ριςν.
2847 5674 2911 5684 -
2928 5644 3030 5706 Εἰς
3056 5645 3476 5712 κοιμηθεῖσιιν.

2280 5728 2471 5799 Ἐσθλὴ
2501 5733 2778 5796 γυναικῶν
2805 5733 2863 5786 ἐν
2896 5751 2953 5787 τε
2984 5735 3162 5788 πίστει
3194 5740 3291 5790 καὶ
3333 5739 3461 5813 βιῳ,

2282 5820 2343 5871 Ἠ
2371 5822 2493 5891 τῇδε
2520 5823 2672 5876 θεῖσα
2704 5825 2762 5877 τδ
2786 5825 3012 5888 κλεῶδες
3048 5829 3294 5897 σαρκίον,

3720 377 3845 443 1808
