3976 6314
176 350 315 414 1809

175 470 292 522 Καὶ
315 465 536 536 πνεῦμα
565 463 732 518 δοῦσα
754 465 830 535 τῷ
863 464 982 536 Θεῷ
1007 467 1100 519 καὶ
1133 468 1399 538 Δεσπὸτῃ.

174 561 276 621 Ὃς
305 558 617 629 εὐδόκησεν,
652 558 913 611 Εύδοκίαν
945 559 1168 622 εἰκότως

169 650 390 718 Ταύτην
415 649 697 702 καλεῖσθαι
720 649 798 719 τῷ
832 650 1138 720 φερωνύμῳ
1159 650 1365 719 τρόπῳ,

181 743 273 806 Ὠς
293 742 678 812 εὑδοκηθεϊσάν
707 758 770 808 γε
805 740 1104 808 παγκάλως
1136 741 1381 811 τρόποιίν

169 835 278 887 Σὺν
309 833 460 905 ἀνδρὶ
485 832 680 903 κλεινῷ
711 834 907 901 σεμνὸν
933 833 1134 896 ἐξοῖσαι
1160 832 1296 899 βίον.

169 923 293 978 Κᾶν
321 924 399 992 τῷ
422 923 699 992 τελευτᾷν,
728 922 1056 975 εύδωθεῖσαν
1085 921 1264 974 κλίναι

169 1015 320 1085 Πρὸς
347 1014 530 1066 πίστιν
553 1013 719 1083 ὀρθὴν
751 1012 840 1065 τὸν
865 1012 1110 1081 φύσαντα
1139 1013 1371 1081 πατέρα.

544 1104 688 1156 PIZ'.
713 1133 785 1143 —
814 1106 918 1169 Εις
951 1103 1360 1172 κοιμηθεῖσαν.

167 1196 490 1266 Εὖχρηστον
519 1194 685 1258 ὅντως
709 1194 900 1256 σκεῦος
931 1194 1287 1265 ἡγιασμένον,

181 1285 526 1340 ’ἰσοστατοῦν
549 1302 611 1353 γε
637 1284 1048 1357 χρυσοκολλήτῳ
1077 1285 1288 1353 στέφει,

182 1379 431 1439 Ῥαντοῖς
457 1376 668 1429 καλοῖσι
704 1376 1008 1446 μαργὰροις
1037 1376 1386 1446 ηύγασμένῳ,

183 1468 252 1520 Ἦ
282 1467 408 1536 τῇδε
436 1466 591 1519 θεῖσα
613 1465 674 1519 τὸ
699 1465 1006 1536 τρισόλϐιον
1031 1466 1220 1536 δέμας.

166 1560 314 1612 Νέου
342 1557 450 1630 γὰρ
474 1558 663 1627 ἀνδρὸς
688 1556 922 1628 ἐκτομὴν
948 1558 1248 1621 ύποστάσα,

171 1649 390 1719 Ἥρωος
421 1647 582 1701 ἄλλου
613 1647 690 1717 τῷ
719 1647 893 1700 σθένει
924 1646 1016 1698 καὶ
1047 1645 1125 1715 τῷ
1149 1645 1316 1708 κλέει,

170 1739 318 1809 Πρὸς
367 1739 654 1809 Ἀρμενίας
681 1741 794 1791 τοῖν
819 1738 963 1790 δυοῖν
986 1738 1348 1808 ὡρμημένων,

172 1833 432 1901 Ἀριστον
467 1825 560 1903 ᾖδε
587 1830 748 1882 τοῦτο
770 1831 1029 1901 κέκρικεν
1057 1829 1222 1899 μάλα,

167 1923 252 1974 Τὰ
281 1922 458 1975 πάντα
481 1919 661 1974 δοῦναι
692 1921 770 1991 τῷ
796 1919 914 1990 Θεῷ
947 1921 1041 1974 καὶ
1071 1922 1337 1992 Δεσπότῃ,

179 2011 559 2066 Ῥακοστολεῖν
582 2010 640 2062 δὲ
668 2009 748 2080 τῷ
771 2010 1084 2082 μοναστικῷ
1109 2011 1315 2081 τρόπῳ.

171 2103 274 2155 Ἰοι
301 2102 562 2173 κράτιστα
589 2102 878 2171 τοιγαροῦν
904 2104 960 2155 ὲν
989 2102 1066 2171 τῷ
1094 2103 1215 2172 βίῳ,

170 2194 393 2262 Κόσμον
429 2192 701 2262 φέρουσαν
722 2193 825 2265 τὴν
849 2194 1109 2264 ταπεινὴν
1139 2193 1390 2263 καρδίαν,

183 2284 606 2354 Ἰσοσμάραγδον
632 2285 730 2354 τὴν
765 2284 891 2354 ῥοὴν
919 2285 1028 2338 τῶν
1059 2283 1329 2354 δακρύων,

173 2377 490 2444 Ἀγρυπνον
516 2376 693 2444 ὄμμα,
719 2375 811 2428 καὶ
831 2375 1137 2446 προσευχὴν
1157 2374 1231 2437 ὠς
1256 2376 1420 2439 φάος·

169 2467 214 2518 Τ
218 2465 357 2536 αύτῃ
388 2466 585 2518 τελειοῖ
609 2468 698 2517 καί
726 2481 788 2533 γε
821 2465 977 2526 θείως
1004 2465 1094 2516 τὸν
1116 2465 1336 2533 δρόμον,

183 2557 666 2628 Ἀπροσπέλαστον
689 2557 1071 2628 αἱρετιζόντων
1094 2556 1289 2629 πλάνῃ.

171 2647 406 2701 Διπλοῦν
431 2647 486 2698 δὲ
511 2646 683 2717 δῶρον
711 2647 788 2717 τῷ
817 2646 934 2717 Θεῷ
963 2649 1342 2718 προσηγμένη,

175 2739 332 2808 Ἔχει
357 2738 418 2791 τὸ
446 2738 659 2811 χαίρειν
692 2740 787 2792 σὺν
806 2739 1030 2802 δικαίοις
1053 2740 1133 2802 εἰς
1165 2739 1333 2793 ἅπαν.

678 2832 832 2885 ΡΙΗ’.
854 2862 922 2874 -—
959 2829 1040 2900 Τῇ
1069 2830 1249 2898 αὐτῇ.

182 2921 244 2975 '0
273 2920 450 2992 χῶρος
476 2919 666 2985 ισθλδς
693 2922 807 2992 (καὶ
833 2921 940 2992 γὰρ
971 2923 1204 2992 Εἰρήνης
1230 2923 1422 2993 τάφος)

171 3011 528 3082 Εἱρηνοποιδν
558 3013 694 3082 πρὸς
724 3013 855 3066 Θεὸν
885 3011 1118 3080 σχούσης
1143 3011 1278 3081 βίον.

583 3103 732 3157 ΡῘΘ’.
760 3132 830 3143 -
859 3106 964 3168 Εἰς
996 3105 1330 3158 Διονύσιον.

170 3194 356 3265 Τάφος
380 3196 595 3266 πέφηνα
629 3196 904 3248 Διονυσίου
943 3196 1105 3266 μάλα,

168 3285 336 3339 Ξένου
372 3287 661 3356 μοναστοῦ,
695 3286 982 3346 πυκτικοῦ,
1015 3286 1304 3355 κατηκόου,

171 3377 409 3441 Πολλοὺς
432 3379 730 3449 δραμόντος
762 3377 1068 3447 ἐρθοδοξίας
1094 3381 1350 3450 δρόμους,

170 3470 285 3523 Καὶ
313 3469 688 3541 μαρτύραθλον
709 3469 1091 3534 ὲξαποίσαντος
1115 3472 1285 3534 τέλος.

409 3560 536 3614 PK'.
564 3591 636 3600 —
665 3563 769 3626 Εἰς
795 3561 1037 3645 εἴσοδον
1059 3566 1488 3631 μοναστηρίου.

175 3653 379 3722 ..Αννης
411 3652 632 3724 ἀπαρχὴ
659 3653 734 3722 τῷ
761 3653 899 3721 Θεῷ,
930 3653 1024 3705 καὶ
1055 3657 1317 3726 Δεσπότῃ,

185 3745 249 3796 Ἦ
279 3744 403 3815 τῇδε
442 3745 652 3814 μάνδρα
676 3745 770 3796 καὶ
796 3743 932 3814 μονὴ
958 3743 1251 3813 σεϐασμία,

184 3835 582 3905 Ἐπωνυμοῦοα.
603 3827 700 3903 τῆς
725 3836 998 3901 πανάγνου
1022 3835 1319 3905 Παρθένου,

173 3925 285 3977 Καὶ
306 3924 605 3994 παρθένους
641 3926 878 3995 φέρουσα
902 3926 1297 3992 νυμφιοκλέως,

186 4016 524 4085 ’Δσκητικῶς
545 4016 642 4086 ζῇν
671 4014 868 4078 ὲνθέιιις
901 4015 1244 4085 διαπρέπειν.

191 4104 360 4175 ’Υπέρ
393 4123 453 4158 τε
485 4105 678 4176 λύτρον
707 4106 813 4158 τῶν
835 4106 970 4159 ὅλων
1003 4107 1354 4177 ἁμαρτάδων,

173 4198 352 4263 Αὐτῆς
385 4215 446 4264 γε
479 4197 704 4268 ταύτης,
733 4199 823 4250 καὶ
848 4198 1072 4261 Λέοντος
1106 4201 1359 4268 συζύγου,

174 4287 309 4339 Μεθ’
329 4280 404 4340 ὧν
442 4287 690 4340 Ἰωάννου
717 4304 796 4348 τε,
829 4287 1083 4354 φιλτάτου
1110 4289 1321 4341 τέκνου.

424 4376 600 4430 PKA'.
630 4405 698 4416 -—
733 4378 834 4441 Είς
870 4378 1160 4445 Θεόφιλον
1191 4377 1491 4431 διάκονον.

177 4465 351 4536 Πολλὴ
382 4467 722 4535 πρόσεστινή
754 4464 986 4533 σεδαστή
1019 4483 1098 4517 σοι
1125 4468 1303 4537 χάρις,

176 4562 297 4612 Ὀτι
331 4561 463 4623 πρὸς
494 4560 648 4629 ἡμῶν
673 4560 824 4612 οὐδὲν
844 4560 1110 4629 ὲσχηκυῖά
1138 4576 1211 4626 τι,

177 4650 238 4702 El
271 4653 344 4721 μὴ
369 4649 684 4721 προσευχῶν
706 4651 813 4703 τῶν
846 4649 1182 4720 ἁμαρτωλῶν
1215 4652 1384 4720 γέρας
1408 4665 1423 4680 ⁸

179 4741 343 4795 Οῠπω
376 4743 649 4796 πέπαυται
678 4742 1008 4812 προσφέρειν
1031 4744 1163 4812 ἡμῖν
1182 4743 1380 4804 δόσεις,

179 4833 394 4900 Ἀσπερ
423 4832 676 4894 λαϐόντες
700 4833 793 4884 καὶ
823 4833 985 4886 πάλιν
1012 4833 1368 4903 φιλοφρόνωςν

179 4923 563 4992 Προσοίσωμέν
597 4939 678 4975 σοι
703 4922 781 4992 τῷ
806 4923 940 4992 φίλῳ
965 4924 1030 4976 τὰ
1053 4923 1160 4975 τῶν
1185 4925 1378 4992 φίλων.

276 5013 447 5066 PKB'.
477 5040 544 5052 ~—
567 5014 669 5078 Εἰς
708 5011 1023 5082 Πάμφιλον
1057 5013 1163 5065 τὸν
1192 5014 1637 5081 Τριμαλέθοντα.

177 5100 531 5172 Ψυχοφθόρος
553 5101 655 5172 θὴρ
690 5101 969 5172 Πάμφιλος
995 5102 1228 5171 δειχθεὶς
1250 5103 1386 5165 νέος,

189 5191 627 5264 Ἐξωστρακίσθη
655 5195 753 5262 τῆς
787 5195 951 5264 μονῆς
981 5194 1073 5246 τοῦ
1107 5194 1440 5264 Προδρόμου.

353 5283 524 5339 PKI".
559 5314 627 5324 —
660 5286 983 5352 Ἐπιστολὴ
1022 5288 1109 5351 εις
1145 5289 1564 5355 γραμματικόν.

178 5374 255 5446 Τῇ
283 5377 544 5447 τριστίχῳ
571 5393 663 5429 σου
690 5377 1128 5448 χρυσομαργάρῳ
1159 5375 1176 5415 ι
1208 5378 1423 5445 φράσει,

179 5467 625 5538 Σμαραγδότιμον
651 5468 1001 5536 ἀντεπεξάγω
1028 5469 1205 5538 χρέος.

178 5559 345 5622 Αὐτὸς
369 5559 412 5612 δ’
443 5559 587 5630 ᾀδοις
617 5577 706 5630 μοι
735 5577 1064 5631 μουσικοπρε
1076 5559 1189 5622 πῶς
1215 5559 1376 5612 πάλιν
1404 5570 1463 5610 ω.

258 5750 372 5808 ιιι.
405 5754 870 5824 χρυσομαρμάρῳ.
983 5762 1018 5789 ι’·
1053 5771 1135 5819 rp.
1178 5749 1362 5803 πάλαι.

1665 354 1901 412 IAMBI.
3250 353 3385 418 1810

1770 473 1817 525 Α
1845 466 1980 520 Cum
2008 468 2319 523 tradidisset
2345 467 2599 536 spiritum
2639 467 2870 522 Domino
2903 482 2966 522 ac
2996 466 3105 520 Deo
3134 486 3147 521 :

1842 559 1942 612 Cui
1980 558 2104 627 jure
2135 571 2346 630 gratum
2379 559 2558 614 fuerat
2595 558 2892 612 Eudociam
2922 561 3129 629 optimo

1842 650 1978 712 Dici.
2008 660 2170 718 atque
2196 666 2394 706 nomen
2426 652 2718 706 convenire
2742 652 2982 705 moribus
3010 670 3024 704 :

1841 741 1990 807 Quos
2025 752 2243 811 propter
2270 743 2360 796 illa
2391 743 2598 812 placuit
2619 742 2776 796 unice
2800 741 3076 803 omnibus,

1843 833 2110 888 Praeclaro
2142 837 2425 890 honestam
2454 851 2578 889 cum
2601 836 2719 888 viro
2741 834 2908 887 vitam
2941 835 3182 904 exigens.

1841 925 2128 993 Cursuque
2158 929 2400 982 moriens
2429 928 2668 982 evolavit
2695 941 2954 996 prospero

1843 1012 1982 1069 Hinc
2011 1015 2077 1069 ad
2111 1026 2411 1085 parentem.
2443 1018 2534 1087 qui
2566 1017 2726 1071 [idem
2768 1020 2968 1071 recta‘m
3000 1016 3217 1072 indidit.

2257 1106 2463 1161 CXVII.
2509 1138 2580 1148 —
2605 1108 2668 1162 In
2707 1108 2987 1176 sepultam.

1913 1196 2044 1258 Vas,
2078 1196 2212 1261 haec,
2247 1207 2517 1252 sacratum
2547 1199 2796 1266 idemque
2823 1199 3118 1267 pretiosum
3149 1197 3269 1261 fuit,

1842 1289 2036 1356 (Quale
2054 1297 2108 1343 et
2131 1305 2349 1344 coronae
2379 1307 2486 1344 non
2515 1291 2586 1344 sit
2614 1292 2787 1360 impar
2819 1305 3023 1352 aureae,

1843 1380 2102 1435 Distincta
2134 1382 2362 1452 gemmis
2391 1398 2512 1452 quae
2546 1382 2616 1436 sit
2644 1383 2808 1436 etiam
2835 1381 3054 1448 lucidis)

1840 1468 1971 1534 Quae
2000 1478 2078 1522 ter
2104 1469 2319 1523 beatum
2347 1484 2545 1539 corpus
2585 1470 2707 1525 istic
2734 1469 2995 1525 condidit.

1839 1558 2064 1613 Juvenis
2093 1560 2272 1612 mariti
2311 1575 2545 1628 namque
2576 1570 2802 1614 mortem
2840 1561 3144 1626 sustinens,

1840 1649 1943 1714 Qui
1975 1650 2165 1703 robore
2187 1650 2350 1705 heros
2377 1651 2511 1704 alter
2537 1666 2601 1706 ac
2629 1649 2770 1705 fama
2805 1649 3036 1712 ex'stitit.

1843 1740 1995 1794 Tunc
2028 1756 2151 1795 cum
2187 1741 2451 1795 referrent
2478 1743 2638 1796 amho
2671 1743 2738 1796 ab
2764 1744 3016 1797 Armenia
3048 1743 3234 1812 pedem
3267 1760 3279 1796 ι

1765 1798 1812 1856 Β
1842 1831 1954 1886 Sibi
1987 1847 2108 1887 esse
2137 1831 2282 1886 factu
2307 1833 2575 1901 judicavit
2625 1832 2912 1900 optimum,

1841 1924 1950 1979 Deo
1983 1935 2143 1992 atque
2172 1924 2402 1978 Domino
2430 1934 2621 1977 cuncta
2654 1939 2874 1991 prorsus
2905 1923 3136 1988 tradere,

1839 2017 1906 2072 Et
1945 2027 2092 2071 veste
2121 2017 2238 2081 vili,
2263 2031 2413 2069 more
2430 2017 2845 2081 monachorum,
2877 2016 3051 2069 indui.

1842 2108 2045 2161 Exinde
2080 2109 2204 2162 vitae
2231 2117 2444 2176 tempus
2478 2106 2586 2176 egit
2627 2122 2904 2176 prospere,

1838 2199 1944 2252 Cor
1977 2200 2200 2265 humile,
2233 2199 2414 2254 cultus
2441 2201 2613 2253 instar
2639 2199 2848 2262 eximii,
2884 2214 3079 2267 gerens
3107 2219 3120 2254 :

1841 2288 2059 2345 Similes
2088 2291 2391 2360 smaragdis
2423 2291 2798 2362 lacrymasque
2829 2291 3098 2353 funderet,

1839 2379 2111 2436 Insomnis
2142 2384 2334 2437 oculus
2358 2397 2454 2451 pro
2475 2383 2590 2437 face
2621 2395 2674 2437 ct
2697 2398 2886 2452 preces
2936 2382 3153 2436 forent:

1840 2471 2080 2539 Quztrum
2108 2489 2208 2544 Ope
2235 2483 2505 2528 sacratum
2537 2475 2639 2529 rite
2666 2490 2888 2528 cursum
2915 2474 3236 2538 absolveret,

1841 2565 2044 2617 Intacta
2078 2565 2296 2633 penitus
2327 2565 2594 2619 haeresum
2631 2565 2883 2620 fallaciis.

1839 2654 2085 2722 Cumque
2117 2655 2205 2707 illa
2238 2656 2514 2724 geminum
2540 2671 2741 2709 munus
2774 2655 3034 2708 obtulerit
3066 2654 3193 2717 Deo,

1840 2745 2105 2801 PermiSta
2137 2748 2360 2812 sanctis,
2385 2749 2577 2818 gaudia
2613 2758 2810 2802 acterna
2830 2747 3055 2801 obtinet.

2350 2836 2585 2891 CXVIII.
2612 2867 2684 2878 ——
2711 2836 2921 2889 Eidem.

1841 2925 2020 2982 Locus
2045 2928 2360 2998 auspicatus
2394 2929 2503 2992 hic,
2541 2929 2630 2982 ubi
2656 2929 2806 2982 Irene
2831 2928 2996 2995 jacet,

1841 3015 1973 3081 Qua:
1993 3018 2142 3085 pacis
2166 3033 2339 3087 usque
2360 3034 2481 3072 cum
2512 3019 2620 3072 Deo
2641 3019 2838 3071 cultrix
2869 3018 2992 3072 fuit.

2238 3107 2424 3162 CXIX.
2450 3137 2520 3148 —-
2549 3109 2612 3163 In
2640 3109 2973 3178 Dionysium.

1839 3196 1987 3253 Jacet
2009 3199 2111 3255 hoc
2134 3201 2383 3269 sepulcro
2405 3201 2655 3255 conditus
2691 3200 3001 3270 Dionysius,

1839 3290 1939 3356 Qui
1966 3292 2284 3356 monachus,
2313 3293 2533 3361 hospes,
2573 3307 2636 3346 ac
2667 3293 2813 3362 pugil
2842 3293 3038 3346 docilis
3064 3292 3187 3357 fuit,

1840 3381 2006 3434 Multo
2028 3389 2082 3434 et
2109 3382 2291 3435 labore
2319 3397 2414 3449 pro
2446 3382 2547 3435 fide
2569 3391 2653 3435 est
2687 3383 2983 3446 exercitus,

1839 3472 2155 3543 Clausitque
2183 3489 2454 3542 pugnans,
2490 3483 2713 3545 martyr,
2742 3483 3044 3528 extremum
3080 3475 3245 3531 diem.

2147 3564 2309 3619 CXX.
2337 3595 2408 3606 -—
2447 3565 2513 3619 In
2541 3569 2848 3620 monasterii
2868 3569 3095 3620 aditum.

1842 3656 1951 3711 Deo
1978 3666 2140 3724 atque
2182 3657 2411 3711 Domino
2445 3658 2542 3712 has
2572 3659 2725 3712 Anna
2753 3659 3022 3728 primitias
3044 3659 3215 3717 dedit.

1843 3748 2121 3801 Mandram
2152 3749 2312 3813 hanc,
2341 3750 2766 3819 monasteriique
2785 3751 3142 3804 venerandam
3160 3753 3405 3814 domum,

1843 3838 1974 3904 Quae
1991 3847 2146 3893 nacta
2181 3855 2378 3894 nomen
2398 3839 2638 3911 Virginis
2660 3842 3046 3903 sanctissimae,

1843 3930 2150 4000 'I'itulisque
2180 3932 2362 4000 sponsi
2398 3933 2632 4001 virgines
2661 3933 2835 3987 claras
2869 3934 3050 3994 habet,

1842 4019 2091 4074 Caelestis
2119 4020 2227 4072 illic
2257 4020 2433 4073 studia
2470 4036 2608 4089 quas
2643 4022 2766 4075 vitae
2813 4023 3061 4076 excolunt
3090 4041 3103 4076 :

1849 4107 2024 4178 thue
2047 4090 2381 4162 redimantur
2405 4125 2630 4163 munere
2668 4111 2770 4164 hoc
2800 4112 3014 4180 piacula

1843 4197 2048 4250 Cuncta
2078 4197 2382 4265 ipsiusmet,
2418 4213 2480 4250 ac
2505 4197 2704 4254 Leonis
2738 4201 3006 4272 conjugis,

1842 4287 2069 4341 Joannis
2095 4288 2277 4350 etiam,
2302 4288 2393 4340 lilii
2421 4289 2750 4344 charissimi.

2082 4377 2268 4431 CXXI.
2311 4407 2378 4418 —-
2410 4377 2475 4431 In
2514 4378 2852 4448 Theophilum
2883 4383 3183 4438 diaconum.

1775 4458 1823 4511 Ῑ)
1917 4469 2055 4535 Tua,
2090 4473 2173 4522 vir
2201 4470 2449 4532 colende,
2492 4474 2727 4525 maxima
2765 4483 2848 4527 est
2878 4479 3203 4546 benignitas.

1850 4560 2001 4614 IIaud
2029 4562 2134 4615 ulla
2167 4576 2400 4630 namque
2428 4563 2568 4626 dona
2592 4564 2901 4621 dederimus
2932 4568 3076 4635 licet,

1847 4649 1959 4706 Nisi
1991 4667 2126 4719 quas
2154 4652 2345 4705 miselli
2371 4651 2650 4708 fundimus
2675 4670 2772 4723 pro
2800 4667 2852 4709 te
2870 4674 3096 4726 preces;

1847 4743 2056 4814 Largiri
2085 4754 2135 4798 at
2170 4744 2286 4813 ipse
2326 4760 2550 4798 munera
2584 4746 2725 4800 haud
2757 4763 2940 4805 cessas
2965 4767 3120 4807 nova.

1847 4836 1980 4900 Qua:
2003 4852 2100 4891 nos
2131 4837 2394 4890 benevolo
2412 4852 2606 4892 rursus
2637 4840 2820 4893 animo
2851 4846 3181 4914 accepimus,

1853 4926 2204 4992 Quaecunque
2241 4937 2518 4979 amantum
2552 4938 2696 4991 sunt,
2731 4935 3010 4997 repensuri
3044 4937 3160 4990 tibi.

1973 5015 2180 5070 CXXII.
2223 5046 2290 5056 —-
2321 5016 2386 5069 In
2424 5019 2755 5083 Pamphilum
2788 5021 3274 5081 Trimalclhonlem:

1851 5105 2028 5160 Pestis
2058 5107 2362 5160 animarum
2386 5109 2562 5163 bellua
2596 5126 2756 5173 nova,
2787 5113 3130 5186 Pamphilus,

1851 5195 2028 5266 Magni
2057 5197 2341 5250 abdicatus
2370 5199 2638 5267 prodromi
2673 5203 2740 5253 ab
2772 5203 2938 5259 domo
2973 5207 3090 5260 fuit.

2058 5281 2285 5341 CXXIII.
2317 5317 2388 5327 —
2415 5287 2654 5355 Epistola
2689 5292 2756 5343 ad
2789 5299 3212 5362 grammaticum.

1849 5373 2146 5432 Gemmatae
2180 5380 2231 5432 in
2255 5382 2667 5435 aurouisticltae
2701 5384 2883 5451 phrasi
2919 5398 3044 5450 tuae,

1851 5466 2189 5537 Smaragdini
2223 5473 2374 5540 pretii
2401 5488 2603 5541 repono
2630 5475 2868 5531 debitum
2897 5498 2911 5533 :

1847 5557 1925 5614 Tu
1957 5561 2086 5615 mihi
2121 5578 2318 5618 canora
2338 5579 2526 5620 rursus
2548 5566 2662 5622 edis
2692 5570 2955 5628 carmina.
