3976 6314
612 348 741 412 1811

1758 351 1816 409 S.
1869 346 2256 408 THEODORI

2329 353 2672 413 STUDIT/E
3699 350 3830 416 181?.

606 440 838 516 CXXIV.
866 488 938 503 --
959 457 1298 531 Epigramma
1331 460 1386 512 in
1416 470 1656 512 sanctum
1684 456 1899 511 Patrem
1933 469 2097 509 nostri

2329 465 2438 517 ΚΝ.
2463 495 2532 503 -
2569 468 2931 536 Ἐπίγραμμα
2956 471 3041 533 εις
3064 469 3169 521 τὸν
3196 467 3370 522 ὅσιον
3399 463 3632 533 Πατέρα
3667 465 3830 534 ἡμῶν

1231 547 1576 602 Theodorum.

607 637 858 694 Numinis
886 639 1070 693 sterni
1098 638 1302 693 donum
1337 638 1587 707 regisque
1621 632 1882 703 supremi,

605 728 821 783 Clarum
839 736 894 783 et
914 729 1071 783 dulce
1109 729 1272 783 simul
1303 743 1497 781 nomen
1526 725 1864 785 Theodorus,
1892 722 1964 776 ob
1978 729 2096 776 acta

608 821 893 876 Prudentis
919 822 1072 876 vitae:
1105 831 1291 875 custos
1319 828 1636 874 mansuetus
1668 816 1848 879 ovilis,

605 911 835 968 Assidue
869 912 1207 983 fundensque
1236 926 1446 981 preces,
1476 919 1849 979 praeceptaque
1874 904 2090 960 tradens

605 1004 853 1074 Egregia,
884 1003 1218 1075 bymniferos
1246 1003 1428 1056 divino
1454 1001 1682 1072 psallere
1707 1001 1815 1053 ritu

605 1093 844 1150 Studitas
877 1095 1097 1149 docuit:
1128 1109 1247 1164 quae
1271 1092 1541 1148 fortunata
1568 1103 1796 1146 vocatur

603 1184 727 1241 Rite
752 1186 967 1253 domus,
995 1187 1291 1256 prodromo
1314 1183 1509 1239 Joanni
1538 1198 1716 1246 sacra,
1743 1180 1923 1234 beavit

603 1275 772 1350 Quem
803 1276 1005 1333 Christi
1043 1276 1263 1333 uberior
1289 1292 1400 1346 pre
1431 1275 1648 1330 cunctis
1676 1271 1847 1342 gratia
1871 1269 2098 1327 sanctis.

2885 539 3205 606 Θεόδωρον.

2268 621 2446 692 Δῶρον
2477 623 2724 687 ἀειζώοιο
2749 625 2903 688 Θεοῦ,
2937 627 3186 697 μεγάλοιο
3212 628 3466 690 ἄνακτος,

2274 717 2515 787 ’ἱμερόεν
2548 717 2900 787 περίπυστον,
2929 719 3015 770 ἐπ’
3037 719 3270 790 εὐλαῦἐῃ
3295 716 3520 786 βιότοιο,

2261 810 2478 878 Οῡνομα
2514 809 2804 878 Θεόδωρος,
2843 809 3074 880 ποίμνης
3098 810 3396 879 ἡγεύμενος
3420 804 3553 877 ἦκα,

2257 899 2409 952 Νωλε
2421 900 2564 968 μέως
2594 900 2807 969 νυχίῃσι
2833 901 2982 971 λιτῇς
3006 902 3080 953 ἴδε
3104 901 3315 964 τάξεσιν
3345 900 3559 960 ἄλλαις,

2267 989 2616 1058 ’Υμνοπόλων
2646 990 2956 1043 θεότευκτον
2984 992 3227 1061 ἀγήνορα
3264 981 3441 1060 ὦρσεν
3479 990 3692 1060 ἀοιδὴν,

2253 1080 2502 1132 Στουδίου
2526 1080 2590 1150 ἣν
2622 1081 2930 1148 κληῒζουσιν
2952 1080 3226 1152 ἀριπρεπέ
3256 1079 3270 1096 ⁹
3302 1080 3482 1133 ὄλϐιον
3512 1077 3686 1142 οἷκον,

2275 1174 2410 1243 Ἱρὸν
2450 1174 2713 1224 Ἰωάννοιο
2742 1172 2973 1242 Χριστοῦ
3004 1174 3328 1243 προδρόμοιο
3353 1176 3562 1242 σοφοῖο,

2266 1263 2366 1315 Ὅν
2396 1278 2488 1314 κεν
2517 1261 2603 1314 ἐπ’
2633 1260 2840 1324 ἐσθλοῖς
2863 1270 2902 1298 ιη
2934 1260 3134 1330 πλῆσεν
3161 1261 3419 1333 πλειστῃς
3448 1262 3754 1334 χαρίτεσσι.

1861 1401 2095 1458 VARUE
2139 1399 2541 1457 LECTIONES.

670 1537 708 1560 "
744 1528 860 1583 tae}
873 1531 998 1582 οῖσι.

607 1672 3806 1704 M

1336 1797 1747 1885 SANCTI
1806 1788 2430 1882 THEODORI
2512 1789 3072 1878 STUDITJE

1846 2035 2113 2098 δεηΜο
2165 2030 2419 2092 vam
2448 2027 2556 2107 (ι).

592 2237 845 2280 DOIINICA
879 2235 928 2274 IV
960 2231 1170 2274 IIIUNII.
1199 2228 1263 2268 DE
1285 2223 1503 2266 Ακιηοεε
1535 2221 1727 2262 SANCTA
1753 2217 2086 2258 TRANSEUNDA
2113 2213 2524 2264 QUADRAGBSIIA,
2561 2215 2628 2253 ετ
2657 2213 2706 2252 IN
2746 2211 3211 2256 EXEICITATIONE!
3258 2218 3464 2258 εΑιοΑιι
3489 2219 3822 2270 εερσεπειι.

661 2455 878 2510 Fratres
907 2449 1205 2515 Patresque
1225 2483 1242 2509 ,
1283 2442 1453 2497 sancti
1506 2438 1739 2507 Spiritus
1786 2449 1883 2485 nos
1909 2426 2152 2496 benigni-
2182 2427 2228 2484 B
2256 2441 2358 2494 que
2382 2427 2690 2495 angelorum
2721 2444 3032 2497 consessus,
3068 2448 3131 2488 ac
3159 2442 3476 2488 sanctorum
3508 2438 3820 2506 respublica

591 2557 676 2603 tas
702 2546 767 2599 ad
800 2544 1117 2597 hodiernum
1142 2538 1283 2590 diem
1311 2534 1571 2595 valentes,
1603 2544 1700 2582 nec
1724 2525 1908 2594 paucis
1932 2520 2152 2591 praecla-

591 2641 668 2693 ris
694 2637 855 2692 editis
879 2631 1214 2687 facinoribus
1234 2625 1477 2685 deduxit,
1504 2621 1594 2690 qui
1629 2630 1680 2673 et
1710 2617 1936 2675 labetur,
1967 2611 2150 2673 credo,

592 2744 755 2798 atque
812 2729 876 2781 ad
911 2725 1176 2778 vivilicam
1221 2735 1283 2773 ac
1312 2719 1644 2788 praelustrcm
1679 2707 2148 2764 Hesurrectionem

594 2797 802 2875 mactos
848 2814 1223 2886 pulcherrimis
1270 2809 1541 2879 profectus
1586 2804 1755 2857 nostri
1799 2797 2151 2853 incrementis

592 2913 871 2982 provehet.
903 2906 1036 2960 Nam
1071 2902 1312 2971 repetite,
1347 2900 1803 2961 sultis,anteactae
1838 2888 2149 2943 memoriam

593 2979 737 3065 vitae,
765 3011 817 3055 et
847 2995 1130 3052 intuemini
1166 3004 1386 3054 statum,
1415 2989 1507 3058 qui
1538 2986 1700 3040 fuerit
1727 2979 2053 3049 aliquando,
2089 2992 2153 3030 ac

591 3107 701 3162 quo
731 3105 872 3142 nunc
899 3085 1128 3139 evaserit
1151 3101 1164 3136 :
1186 3081 1401 3135 animus
1427 3077 1568 3131 enim
1595 3083 1746 3144 parta
1778 3070 1965 3125 salutis
1989 3067 2151 3122 semel

592 3183 899 3244 occasione,
929 3179 1066 3232 clam
1098 3191 1264 3244 ocyus
1295 3179 1596 3242 grassatus,
1625 3164 1858 3233 fastigiis
1888 3163 2149 3214 virtutum

592 3272 886 3343 superatis,
911 3268 1104 3322 cmlum
1132 3272 1381 3334 peragrat
1411 3258 1679 3313 sublimis.
1726 3255 1803 3308 lta
1837 3269 1936 3306 nos
1962 3292 1976 3315 ,
2021 3249 2149 3312 filii,

593 3366 658 3420 ad
695 3364 902 3431 frugem
937 3358 1162 3420 reversi,
1194 3353 1421 3408 remoris
1465 3360 1517 3403 et
1575 3346 1972 3417 impedimentis
2005 3355 2156 3395 amo-

596 3457 685 3520 tis,
715 3458 940 3524 gradum
971 3450 1198 3504 fecimus
1223 3487 1238 3510 ,
1273 3456 1416 3498 recto
1448 3443 1641 3497 itinere
1676 3437 1922 3507 profecti,
1954 3435 2153 3502 aliique

594 3523 785 3602 sumus
816 3560 880 3597 ex
913 3542 1054 3606 aliis,
1091 3536 1408 3591 modestiam
1437 3531 1703 3593 complexi
1732 3570 1747 3592 ,
1778 3543 1842 3580 ac
1870 3523 2152 3595 praeceptis

594 3638 738 3694 serio
765 3634 1051 3696 obeundis,
1081 3644 1423 3700 nequaquam
1456 3628 1555 3679 rite
1589 3624 1873 3678 amisimus
1905 3615 2150 3686 quaesita.

594 3728 858 3796 Equidem
893 3724 1007 3791 cepi
1037 3722 1290 3788 gaudium
1319 3757 1333 3782 ,
1361 3728 1414 3771 et
1441 3717 1624 3769 animo
1653 3711 1958 3778 triumpho,
2004 3716 2152 3775 post-

593 3835 753 3890 quam
789 3817 1033 3870 divinum
1080 3821 1318 3866 vestrum
1355 3810 1581 3862 increvit
1620 3819 1758 3871 opus
1799 3801 2147 3867 studiumque

593 3928 832 3974 sacrum,
867 3910 1009 3979 quod
1039 3907 1260 3976 urgetis,
1293 3903 1573 3972 perspicue
1605 3899 1872 3967 potiorum
1904 3904 2018 3958 est,
2046 3894 2146 3948 etsi

594 4005 644 4058 id
674 4017 833 4055 omne
863 4017 965 4053 non
995 3998 1273 4059 currentis,
1299 4009 1457 4061 neque
1496 3991 1730 4055 volentis,
1761 3999 1821 4042 ut
1855 3986 2147 4055 apostolice

592 4093 794 4152 dicam,
825 4090 912 4143 sed
945 4086 1240 4141 miserantis
1275 4094 1347 4138 est
1379 4083 1471 4134 Dei
1509 4082 1524 4111 ⁸
1559 4119 1573 4142 ,
1610 4081 1700 4148 qui
1733 4089 1786 4131 et
1810 4078 1981 4130 victos
2011 4092 2146 4129 con-

592 4185 788 4245 tirmet,
818 4191 871 4234 et
899 4180 1143 4234 imbelles
1173 4177 1376 4229 viribus
1399 4172 1664 4240 accingat.
1691 4168 1977 4222 Enimvero
2003 4166 2142 4219 haud

590 4273 828 4329 contenti
855 4271 921 4325 iis
949 4285 1069 4339 quae
1093 4267 1201 4334 iam
1236 4265 1606 4334 pepererimus
1629 4302 1644 4326 ,
1677 4262 1792 4326 lilii,
1825 4261 1980 4329 quasi
2006 4275 2144 4329 quo-

589 4366 713 4420 dam
740 4363 961 4433 juvenili
991 4361 1170 4416 calore
1193 4359 1352 4411 altius
1381 4350 1653 4417 nitamur,
1687 4355 1991 4407 animorum
2025 4359 2146 4405 tan-

589 4467 752 4524 quam
795 4450 987 4505 subole
1033 4449 1206 4502 instar
1259 4445 1454 4515 aquila:
1505 4443 1812 4498 renovanda
1871 4439 2143 4510 progressi

591 4564 822 4617 semper,
850 4545 1140 4613 mactique,
1165 4544 1254 4611 qui
1283 4540 1518 4601 virtutis,
1547 4548 1707 4608 atque
1736 4537 1918 4590 eximii
1955 4551 2145 4590 ascen-

590 4647 684 4696 sus
715 4637 934 4691 modum
965 4634 1290 4687 arbitremur
1322 4632 1530 4684 nullum
1560 4669 1574 4693 ,
1618 4631 1744 4684 dum
1785 4644 1878 4697 per
1913 4637 2140 4682 mortem

590 4730 883 4784 abierimus
914 4742 947 4781 e
974 4725 1315 4794 temporariis
1344 4723 1410 4775 ad
1439 4731 1658 4776 aeterna.
1702 4720 1842 4773 Sane
1874 4734 1997 4773 cum
2037 4719 2143 4772 eri-

588 4839 710 4876 mus
736 4820 873 4874 beati
902 4860 920 4884 ,
963 4828 1074 4871 tum
1110 4817 1392 4870 beatorum
1431 4822 1628 4868 sortem
1664 4823 1972 4867 sanctorum
2002 4812 2142 4866 erci-

589 4927 827 4967 scemur.
857 4908 974 4962 Jam
1007 4922 1126 4977 qua:
1164 4907 1216 4959 in
1254 4907 1353 4959 hac
1382 4905 1629 4963 obeunda
1663 4903 1769 4956 vita
1804 4903 1976 4966 posita
2001 4903 2140 4964 laus,

587 5013 641 5058 et
670 5005 866 5062 adorea
897 5000 1019 5054 est?
1053 5000 1248 5068 gaudet
1273 5013 1369 5052 vos
1397 5007 1661 5050 contuens
1690 4996 1893 5048 arbiter
1919 5004 2142 5049 cuncto-

2253 2528 2516 2580 cernunt,
2556 2529 2611 2572 et
2646 2523 2926 2590 explorant
2967 2525 3204 2578 assidue.
3255 2523 3322 2578 Ut
3349 2527 3465 2594 jam
3498 2543 3672 2596 porro
3700 2545 3819 2582 cur-

2253 2611 2478 2661 sandum
2521 2612 2662 2663 serio
2695 2613 2793 2673 sit,
2827 2612 3056 2675 fratres,
3090 2615 3292 2685 ingenti
3343 2617 3448 2671 hoc
3496 2620 3600 2672 viae
3626 2618 3820 2673 decur-

2252 2703 2418 2755 rendo
2446 2703 2630 2756 diaulo
2654 2745 2668 2766 ,
2699 2720 2820 2772 quae
2863 2705 2915 2758 in
2948 2706 3144 2760 cmlum
3181 2705 3328 2772 ferat,
3351 2725 3380 2760 e
3416 2718 3598 2773 terra,
3630 2711 3817 2765 devin-

2251 2796 2452 2849 cendns
2505 2797 2756 2850 inimicus
2802 2812 2864 2851 ac
2923 2798 3265 2861 multandus,
3320 2802 3485 2853 simul
3562 2804 3819 2872 congredi

2254 2893 2456 2949 tentat,
2511 2886 2773 2953 loixgeque
2823 2888 3166 2943 animositate
3200 2890 3432 2958 quadarn
3477 2892 3661 2944 excita
3709 2893 3814 2945 abi-

2253 2977 2475 3045 gendos.
2501 2976 2717 3032 Scilicet
2749 2980 2965 3033 timidus
2995 2991 3097 3046 est,
3137 2981 3416 3049 rejiculus,
3450 2980 3729 3048 imbellis;
3760 3001 3817 3038 ea

2255 3082 2469 3138 propter
2513 3070 2602 3124 Dei
2647 3087 2936 3140 germanus
2983 3073 3184 3126 clamat
3226 3072 3463 3126 Jacolms
3503 3091 3518 3103 ·
3575 3074 3819 3128 Resistt'te

2253 3163 2462 3215 diabolo
2488 3204 2502 3225 ,
2551 3174 2596 3215 et
2631 3163 2795 3231 fugiet
2838 3182 2868 3215 a
2909 3165 3085 3226 robis;
3121 3169 3540 3234 appropinquate
3583 3166 3696 3220 Deo
3719 3207 3733 3227 ,
3769 3178 3815 3220 et

2255 3255 2692 3323 appropinquabit
2748 3255 2887 3308 vobis
2919 3258 2960 3307 ¹.
3013 3254 3199 3324 Neque
3245 3271 3374 3308 vero
3428 3257 3482 3308 in
3547 3260 3813 3325 posticum

2254 3345 2492 3399 feramur
2525 3361 2794 3413 prorsum,
2823 3347 2966 3414 quod
2998 3362 3335 3415 nequaquam
3360 3348 3570 3401 acriter
3595 3366 3815 3403 curren-

2253 3446 2366 3490 tum
2402 3441 2471 3490 sit
2501 3438 2734 3507 insigne,
2762 3454 2863 3491 neu
2899 3448 3237 3506 tepescamus
3269 3449 3563 3508 postquam
3598 3442 3650 3494 id
3683 3439 3815 3493 indi-

2254 3528 2398 3581 cium
2441 3545 2545 3582 non
2577 3537 2660 3602 est
2691 3531 2906 3582 vincere
2937 3533 3201 3583 nitentum
3227 3571 3242 3594 ,
3279 3531 3410 3600 quin
3448 3532 3703 3586 nuditum
3749 3534 3814 3585 ab

2258 3621 2414 3674 rebus
2447 3631 2556 3672 tum
2590 3621 2656 3674 ab
2686 3622 2984 3685 voluntate,
3015 3637 3341 3688 sursumque
3375 3621 3526 3675 velut
3561 3625 3616 3675 in
3649 3623 3812 3678 οωιοε

2256 3712 2555 3772 intuentes.
2603 3728 2822 3767 cursum
2853 3714 3165 3782 exigamus,
3204 3713 3402 3766 dicturi
3458 3724 3511 3766 et
3555 3729 3655 3767 nos
3692 3731 3810 3768 cum

2253 3801 2419 3856 Paulo
2446 3821 2457 3856 :
2494 3801 2693 3856 Bonum
2717 3816 2976 3856 certamen
3004 3804 3212 3862 certavi.
3237 3812 3452 3855 cursum‘
3474 3819 3811 3856 consumma-

2249 3895 2326 3957 ri,
2359 3894 2513 3961 [idem
2547 3897 2768 3955 servavi,
2793 3895 2857 3946 de
2887 3895 3083 3962 reliquo
3119 3894 3345 3962 reposita
3365 3903 3442 3946 est
3467 3892 3599 3945 mihi
3619 3910 3809 3947 corona

2240 3987 2462 4052 justitice
2485 3985 2505 4016 ³
2533 4026 2546 4039 .
2590 3985 2732 4038 Sane
2761 3987 2852 4038 alii
2884 3985 2988 4038 alia
3018 3999 3077 4038 re
3104 3985 3392 4053 quapiam,
3421 3995 3475 4038 et
3510 3985 3700 4048 aliter,
3730 3987 3812 4038 iu-

2248 4089 2362 4132 star
2396 4078 2525 4132 solis
2551 4118 2566 4141 ,
2608 4076 2888 4144 fulgebunt
2913 4084 3039 4128 ante
3073 4073 3236 4128 Deum
3259 4115 3274 4138 ,
3305 4090 3406 4126 nos
3438 4074 3688 4129 habitum
3724 4092 3811 4145 ge-

2247 4179 2428 4223 rentes
2471 4169 2824 4234 apostolicum
2858 4167 3003 4218 circa
3036 4165 3402 4234 apostolorum
3447 4167 3804 4220 contubernia

2246 4261 2655 4329 deprendentur,
2675 4258 2790 4321 filii,
2809 4255 3260 4326 quemadmodum
3278 4257 3556 4320 existimo,
3577 4267 3636 4311 ut
3652 4273 3808 4310 ονομα

2244 4352 2370 4405 dum
2417 4351 2489 4405 sit
2539 4366 2602 4404 ac
2637 4349 2964 4412 laetandum,
3007 4359 3060 4402 et
3113 4348 3309 4401 animis
3350 4347 3555 4417 Oppido
3608 4350 3803 4402 trium-

2244 4443 2535 4512 pliandum.
2576 4443 2653 4496 Ac
2701 4443 2914 4495 beatam
2961 4455 3078 4494 eam
3114 4450 3347 4493 mentem
3375 4479 3390 4501 ,
3439 4457 3607 4509 quam
3663 4443 3799 4495 baud

2243 4537 2462 4592 satietas
2499 4534 2676 4603 capiat
2703 4532 2868 4586 divini
2906 4531 3067 4585 studii
3115 4541 3168 4584 et
3198 4530 3505 4585 futurorum
3546 4533 3798 4586 desiderii

2243 4641 2305 4680 ac
2339 4625 2683 4695 praesentium
2717 4622 2949 4691 repudii.
3002 4621 3105 4676 Vos
3135 4622 3413 4676 enimvero
3447 4639 3576 4677 cum
3609 4626 3676 4677 iis
3708 4625 3801 4678 bo-

2244 4720 2328 4773 nis
2359 4717 2614 4771 fruemini
2638 4755 2653 4780 ,
2687 4725 2798 4768 tum
2832 4729 3074 4768 meorum
3107 4714 3262 4768 nauci
3294 4715 3588 4769 verborum
3619 4731 3799 4770 recor-

2244 4809 2482 4872 damini,
2524 4821 2682 4875 quam
2728 4820 2823 4858 vos
2874 4805 3171 4857 adamarim
3201 4841 3217 4865 ,
3264 4819 3432 4872 quam
3483 4820 3514 4856 a
3559 4805 3713 4859 vobis
3750 4807 3800 4859 in

2243 4901 2471 4955 Domino
2517 4900 2887 4968 adjumentum
2928 4899 3260 4968 quaesierim,
3312 4915 3477 4968 quam
3532 4917 3630 4956 vos
3677 4901 3803 4954 divi-

2245 5011 2310 5047 na
2360 4993 2530 5063 gloria
2586 4995 2873 5060 sategerlm
2931 4999 3183 5060 praestare
3243 5004 3338 5058 per
3397 4989 3680 5046 Christum
3714 4990 3801 5046 Je-

588 5115 731 5163 rnm,
767 5098 978 5165 laetique
1015 5095 1185 5149 sancti
1225 5109 1287 5147 ac
1340 5093 1741 5162 gratulabundi,
1778 5092 2054 5159 plaudunt.
2086 5099 2140 5145 et
2171 5089 2215 5142 D
2245 5104 2361 5140 sum
2413 5085 2702 5138 Dominum
2758 5091 3036 5145 nostrum,
3090 5083 3176 5136 cui
3216 5082 3337 5136 laus
3392 5099 3457 5138 ac
3523 5084 3799 5153 imperium

589 5190 804 5244 caelitus
850 5198 1133 5240 coronant.
1179 5185 1388 5251 Quippe
1433 5195 1488 5236 ut
1538 5186 1588 5235 in
1644 5184 1817 5236 stadio
1859 5192 2138 5237 Currentes

590 5279 862 5349 corporeis
882 5289 1188 5346 spectamus
1209 5276 1414 5339 oculis,
1450 5276 1528 5329 sic
1561 5284 1741 5328 nostra
1774 5273 1932 5338 Deus,
1964 5282 2138 5328 totus-

660 5463 679 5495 ¹
715 5464 870 5520 Rom.
914 5481 993 5528 Ix,
1032 5463 1117 5529 16,
1193 5468 1212 5496 ¹
1249 5463 1363 5518 Jac.
1403 5478 1478 5524 tv,
1523 5461 1572 5515 7.
1650 5461 1669 5492 ³
1711 5460 1751 5512 ll
1780 5461 1921 5514 Tim.
1959 5477 2044 5524 tv,
2087 5466 2138 5516 7.

2247 5195 2387 5234 nunc
2464 5190 2515 5232 et
2569 5193 2782 5246 semper
2855 5177 2906 5228 in
2990 5191 3317 5244 omnemque
3373 5178 3798 5247 perpetuitatem.

2247 5278 2438 5324 Amen.

2081 5614 2311 5670 NOTAE.

658 5779 733 5846 tt)
774 5777 926 5832 Circa
1002 5777 1139 5830 hanc
1204 5775 1269 5827 68
1319 5775 1594 5830 homiliam
1649 5776 1769 5828 vide
1823 5775 1952 5841 quid
2001 5771 2142 5825 dicat
2181 5771 2477 5828 Laevmaeus
2512 5772 2560 5823 in
2601 5770 2948 5838 przfatione;
2988 5784 3150 5837 supra
3194 5771 3302 5827 col.
3334 5770 3466 5826 501.
