3976 6314
142 380 286 450 1813

1473 384 1517 440 Τ
1525 381 1704 441 ESTA
1714 384 2059 443 MENTUM.

3254 375 3394 447 1314

143 521 3365 558 Μ

864 695 1277 787 SANCTI
1359 692 1998 788 THEODORI
2078 696 2680 785 STUDITJE.

1139 910 2387 1042 TESTAMENTUM.

1252 1149 1544 1219 (Editionis
1594 1147 2000 1204 Sirmondianae
2034 1163 2159 1220 pag.
2188 1149 2279 1205 65.

1711 1332 1780 1343 .—

130 1468 247 1522 Τοῦ
284 1467 463 1521 ὁσίου
492 1464 591 1518 καὶ
643 1465 943 1532 Θεοφόρου
991 1459 1219 1533 Παῖρὸς
1260 1456 1551 1533 ἡμῷνακαὶ
1579 1459 1707 1533 ῥμοε

1819 1456 2102 1533 Sanctia}:
2129 1457 2329 1533 Deiferi
2370 1462 2536 1528 patris
2578 1463 2744 1533 nostri
2790 1467 2840 1517 et
2875 1465 3188 1533 confessoris
3233 1466 3394 1521 Thro-

195 1537 466 1605 λογητοῦ
500 1527 843 1605 Θεοδώρου(
869 1531 1204 1605 ἡγουμένου
1257 1528 1364 1581 τοῦ
1405 1527 1702 1605 ’Στρυδῑου

199 1598 492 1684 Διᾴῠὴκη.
516 1598 1008 1684 ’ᾼγιξγῖινώσκεται
1035 1600 1102 1653 δὲ
1132 1599 1280 1666 αὕτη
1311 1598 1422 1666 πρὸ
1451 1599 1561 1667 τῆς
1591 1614 1710 1650 κοι-

191 1677 447 1746 μήσεως
478 1677 686 1729 αὑτοῦ.

211 1809 462 1863 Ἀκούων
495 1807 589 1859 τοῦ
615 1805 764 1858 θείου
792 1803 956 1856 Δαὸἶδ
977 1801 1248 1870 λέγοντος,
1285 1799 1706 1868 Ἠτοιμάσθην.

121 1904 229 1955 καὶ
275 1904 390 1954 οὐκ
422 1897 755 1967 ἐταράχθην
780 1913 794 1927 ·
827 1896 921 1948 καὶ
938 1894 1100 1948 πάλιν
1127 1893 1447 1962 φάσκοντος,
1477 1891 1706 1958 Ἐτοίμη

123 1996 164 2062 ἠ
207 1993 427 2062 καρδία
454 2009 573 2061 μου
594 2007 606 2022 ·
641 1990 938 2058 ὲπειδήπερ
959 1988 1040 2051 εἰς
1069 1985 1268 2056 συνεχῆ
1291 1984 1574 2038 ἀσθένειαν
1607 1984 1708 2053 τὴν

120 2087 222 2141 τοῦ
257 2087 521 2156 δυστήνου
559 2081 812 2152 σώματος
839 2078 1238 2149 ἐμπεπτωκὼς,
1275 2077 1374 2148 οὐχ
1401 2070 1511 2139 οἷός
1543 2076 1600 2128 τέ
1630 2079 1707 2129 εἰ-

126 2198 190 2250 μι
224 2180 436 2240 πάντας
462 2177 626 2246 ὑμᾶς,
660 2175 822 2226 τέκνα
862 2191 961 2235 μου
1002 2171 1096 2225 καὶ
1145 2169 1363 2239 ἀδελφοὶ
1409 2170 1500 2222 καὶ
1539 2167 1711 2221 Πατέ-

126 2290 252 2343 ρες,
278 2269 422 2324 κατὰ
452 2268 747 2340 πρόσωπόν
798 2285 899 2337 μου
941 2265 1168 2334 ἀγαγεῖν
1199 2267 1256 2317 ὲν
1294 2262 1470 2333 καιρῷ
1503 2261 1706 2328 ἐξόδου,

122 2363 218 2416 διὰ
251 2362 314 2416 τὸ
353 2364 411 2414 ὲν
441 2359 719 2429 διαφόροις
744 2358 930 2420 τόποις
983 2355 1313 2408 καθεστάναι
1343 2355 1408 2405 τὰ
1434 2352 1674 2421 μοναστή
1693 2380 1710 2391 -

128 2472 251 2523 ρια,
287 2454 462 2514 ἄλλως
494 2468 553 2502 τε
593 2451 686 2502 καὶ
721 2449 810 2501 διὰ
842 2447 903 2500 τὸ
929 2444 1262 2516 ἀποδημίαις
1293 2443 1598 2515 χρήσασθαί
1625 2460 1709 2495 τι-

125 2565 252 2611 νας,
295 2545 372 2609 ὡς
405 2544 504 2614 ήδη
539 2541 861 2613 ἐληλυθυίας
889 2539 988 2610 τῆς
1043 2538 1194 2609 ὧρας
1250 2539 1347 2608 τῆς
1403 2537 1510 2591 ἀπὸ
1554 2535 1709 2588 τοῦδε

123 2638 227 2691 τοῦ
277 2635 394 2708 βίου
452 2632 836 2703 μεταστάσεώς
899 2648 1025 2701 μου,
1075 2629 1372 2699 προφθάνω
1430 2627 1709 2681 διαθέσθαι

1900 1529 2020 1580 dori
2046 1526 2343 1609 Stttdiensis
2370 1526 2655 1609 prtepositi
2703 1526 3217 1609 Testamentum“).
3243 1537 3400 1609 Legi-

1884 1609 1972 1651 tur
2003 1607 2179 1651 autem
2205 1608 2326 1653 ante
2362 1602 2734 1656 domuitionem
2757 1603 2894 1672 ejus.

1881 1805 1925 1858 l.
1954 1801 2264 1856 Davidicam
2287 1817 2474 1858 vocem
2503 1804 2764 1871 audiens,
2803 1806 3033 1864 Paratus
3055 1825 3192 1874 sum.
3220 1820 3390 1864 etnon

1811 1910 1929 1947 sum
1973 1895 2214 1948 turbatus
2241 1896 2297 1948 ίτ
2337 1905 2392 1950 et
2436 1896 2657 1960 iterum,
2709 1899 2974 1953 Paratum
3002 1917 3095 1955 cor
3154 1916 3328 1955 meum
3348 1902 3389 1956 '.

1811 2001 1933 2042 cum
1959 1988 2176 2044 assidua
2214 1990 2393 2044 miseri
2446 1991 2692 2060 corporis
2720 1991 3033 2047 inlirmitate
3056 2004 3269 2062 captus,
3287 2011 3392 2047 non

1809 2079 2012 2148 possim
2044 2095 2139 2133 vos
2168 2095 2378 2144 omnes,
2404 2080 2496 2134 lilii
2527 2083 2655 2144 mei,
2679 2095 2732 2136 et
2757 2081 2974 2150 fratres,
3007 2091 3170 2154 atque
3212 2094 3394 2154 patres

1809 2170 1913 2224 sub
1929 2185 2187 2227 excessus
2209 2173 2312 2227 mei
2339 2181 2550 2242 tempus
2576 2175 2846 2229 adducere
2877 2192 2894 2240 ;
2937 2186 3220 2246 propterea
3246 2178 3391 2250 quod

1779 2263 2146 2318 'monasteria
2181 2265 2284 2318 ista
2317 2268 2370 2319 in
2405 2265 2639 2322 diversis
2673 2268 2810 2323 locis
2843 2269 2948 2322 sita
2982 2278 3130 2333 sunt,
3177 2277 3233 2324 et
3266 2269 3393 2340 qui-

1809 2354 1933 2408 dam
1967 2364 2229 2431 praeterea
2258 2371 2485 2426 peregre
2519 2358 2750 2427 profecti
2779 2377 2794 2415 :
2825 2360 2976 2415 velut
2998 2360 3240 2416 instante
3275 2361 3389 2431 jam

1810 2447 2154 2516 migrationis
2184 2462 2250 2502 ex
2285 2448 2388 2503 hac
2419 2449 2528 2503 vita
2559 2467 2692 2505 mea:
2711 2453 2965 2521 articulo,
2997 2462 3392 2510 tealamentum

1812 2539 1918 2594 hoc
1944 2539 2103 2594 vobis
2136 2541 2292 2610 prius
2325 2541 2559 2597 condere
2606 2543 2820 2599 institui
2853 2563 2868 2611 ;
2922 2560 3038 2600 rem
3090 2561 3390 2618 congruam

1818 2645 1982 2703 atque
2012 2635 2200 2691 utilem
2227 2649 2317 2686 me
2368 2633 2644 2688 facturum
2711 2635 3008 2692 arbitratus
3043 2654 3058 2704 ;
3097 2647 3157 2691 ut
3189 2653 3393 2709 cogno-

124 2732 264 2801 ὐμῖν
298 2727 503 2796 ταύτην
541 2727 640 2796 τὴν
697 2724 994 2795 διαθήκην·
1027 2721 1284 2792 ἁρμόδιον
1327 2721 1423 2774 καὶ
1465 2717 1706 2786 ἀσφαλὲς

1819 2734 1975 2782 scant
2002 2726 2096 2795 qui
2148 2740 2457 2794 supremam
2486 2742 2659 2781 meam
2693 2742 2879 2782 vocem
2912 2729 3158 2796 audient,
3203 2746 3396 2801 quem-

123 2823 292 2877 τοῦτο
344 2815 896 2889 ήγησάμενος”πρὸς
951 2814 1010 2866 τὸ
1053 2812 1399 2873 ἀκούσαντάς
1456 2827 1557 2879 μου
1609 2808 1709 2876 τῆς

122 2910 451 2972 τελευταίας
509 2904 697 2974 φωνῆς
744 2903 1120 2970 διεγνωκέναι,
1163 2902 1311 2963 ὅπως
1362 2917 1421 2950 τε
1471 2897 1711 2950 πιστεύω

124 3007 226 3059 καὶ
255 3002 462 3074 φρονῶ,
489 3002 585 3054 καὶ
612 2995 726 3051 οἷον
747 2998 950 3068 ἀφίημι
990 2996 1079 3048 τὸν
1115 2994 1567 3063 καθηγησόμενον
1593 2992 1711 3056 μετ’

126 3097 273 3167 ἐμέο
310 3095 397 3149 ἵνα
449 3090 701 3145 ἐντεῦθεν
753 3087 1072 3159 συμφωνίαν
1127 3087 1307 3153 ἄγοιτε
1361 3086 1450 3137 καὶ
1491 3085 1711 3151 εἰρήνην

124 3190 230 3261 τὴν
266 3191 325 3241 ὲν
356 3183 576 3256 Χριστῷ
597 3201 611 3214 ·
640 3185 705 3254 ἣν
733 3184 812 3243 εἰς
860 3180 1124 3250 οὐρανοὺς
1156 3177 1362 3248 μέλλων
1390 3175 1708 3242 ἁναφοιτᾷν,

124 3282 326 3351 ἀφίησι
347 3280 458 3343 τοῖς
488 3277 664 3344 ἁγίοις
718 3273 881 3327 αὑτοῦ
917 3273 1185 3343 μαθηταῖς
1220 3271 1313 3322 καὶ
1339 3266 1650 3327 ἀποστόλοις
1684 3267 1712 3317 ὀ

125 3372 355 3443 Κύριος.

697 3455 839 3523 Περὶ
874 3453 1151 3516 πίστεως.

198 3551 452 3609 Πιστεύω
483 3547 773 3621 τοιγαροῦν
801 3549 877 3608 εἰς
904 3545 1125 3616 Πατέρα
1163 3544 1255 3596 καὶ
1279 3544 1405 3594 Υἱὸν
1439 3542 1531 3594 καὶ
1555 3543 1710 3608 ἆγιον

127 3645 380 3716 Πνεῦμα,
438 3644 537 3711 τὴν
592 3642 753 3708 ἁγίαν
802 3639 898 3692 καὶ
956 3636 1245 3706 ὸμοούσιον
1315 3635 1410 3687 καὶ
1479 3633 1712 3702 ἀρχικήν

128 3738 362 3811 Τριάδα,
392 3735 576 3797 καθὼς
606 3733 976 3802 βεϐάπτισμαι
1008 3729 1101 3781 καὶ
1126 3727 1585 3796 ἁναγεγέννημαι,
1616 3723 1710 3775 καὶ

126 3829 488 3899 τετελείωμαι
512 3844 526 3859 ο
555 3826 688 3878 Θεὸν
731 3827 822 3876 τὸν
875 3823 1092 3891 Πατέρα
1124 3818 1423 3887 ὁμολογῶν,
1456 3817 1586 3869 Θεὸν
1613 3816 1705 3869 τὸν

128 3924 282 3989 Υἱὸίν,
313 3923 445 3974 Θεὸν
483 3920 544 3972 τὸ
574 3916 797 3986 Πνεῦμα
820 3916 880 3967 τὸ
907 3915 1081 3982 ἆγιον,
1113 3913 1170 3965 ἓν
1217 3912 1286 3965 τὰ
1313 3910 1440 3981 τρία
1477 3912 1542 3979 τῇ
1573 3909 1710 3961 θειό-

126 4033 279 4087 τητι,
305 4014 382 4076 ὡς
409 4014 504 4066 καὶ
532 4011 767 4080 ἔμπαλιν
809 4008 934 4076 τρία
983 4007 1042 4059 τὸ
1071 4007 1128 4058 ἓν
1172 4007 1293 4067 ταῖς
1327 4005 1704 4056 ὑποστάσεσιν.

1817 2817 2106 2871 admodum
2171 2817 2390 2871 credam
2446 2827 2502 2870 et
2568 2819 2846 2887 sentiam;
2883 2828 2938 2875 et
2986 2820 3203 2890 qualem
3268 2829 3397 2892 post

1816 2924 1903 2962 me
1936 2908 2181 2962 futurum
2213 2909 2559 2978 praepositum
2607 2911 2911 2982 relinquam
2944 2930 2960 2978 ;
3011 2923 3125 2968 tum
3161 2923 3221 2968 ut
3262 2928 3396 2968 con-

1815 3000 2055 3055 cordiam
2096 3001 2238 3066 inde,
2271 3016 2569 3072 pacemque
2596 3003 2650 3056 in
2687 3003 2910 3059 Christo
2940 3007 3189 3071 servetis,
3227 3021 3392 3076 quam

1815 3107 2147 3147 ascensurus
2175 3093 2226 3145 in
2261 3093 2431 3149 caelos
2454 3092 2720 3150 Dominus
2744 3095 2950 3150 sanctis
2967 3094 3250 3166 discipulis
3279 3095 3395 3150 suis

1814 3197 1865 3239 et
1897 3185 2161 3255 apostolis
2191 3184 2431 3256 reliquit.

2466 3451 2540 3506 De
2579 3452 2703 3518 ﬁde.

1889 3543 1949 3598 ll.
1978 3545 2157 3600 Credo
2186 3543 2354 3613 igitur
2386 3543 2441 3596 in
2493 3541 2735 3605 Patrem,
2775 3542 2972 3597 Filium
3020 3559 3084 3598 ac
3125 3543 3393 3614 Spiritum

1811 3632 2090 3700 sanctum,
2117 3645 2364 3688 sanctam
2387 3645 2441 3688 et
2472 3634 3000 3689 consubstantialem
3022 3645 3077 3689 et
3105 3637 3396 3705 sempiter-

1815 3744 1940 3781 nam
1973 3725 2332 3791 Trinitatem,
2369 3726 2511 3780 sicut
2557 3725 2866 3795 baptizatus
2896 3724 2998 3790 fui,
3020 3736 3392 3796 regeneratus.

1813 3833 1866 3874 et
1897 3828 2353 3874 consummatus:
2394 3817 2563 3872 Deum
2612 3817 2831 3872 Patrem
2877 3817 3170 3883 conﬁtens,
3220 3817 3393 3874 Deum

1814 3911 2035 3975 Filium,
2069 3909 2242 3962 Deum
2281 3907 2545 3978 Spiritum
2597 3920 2873 3975 sanctum,
2913 3924 3084 3963 unum
3144 3910 3248 3964 tria
3275 3910 3395 3966 dei-

1813 4012 1944 4064 tate,
1976 4001 2119 4056 sicut
2147 4000 2265 4054 vice
2300 4015 2457 4055 versa
2482 4000 2585 4054 tria
2607 4015 2777 4053 unum
2809 3999 3209 4055 subsistentiis.
3238 3997 3397 4057 Unus

131 4103 229 4169 Εἷς
277 4105 386 4175 γὰρ
423 4102 554 4164 Θεὸς
587 4103 620 4171 ή
668 4099 858 4171 Τριὰς,
910 4097 1000 4150 διὰ
1055 4096 1114 4148 τὸ
1161 4091 1555 4164 ὁμοούσιον·εί
1615 4091 1707 4143 καὶ

1818 4093 1958 4148 enim
1993 4101 2078 4148 est
2108 4091 2252 4146 Deus
2283 4092 2545 4158 Trinitas,
2588 4101 2811 4162 propter
2847 4092 3394 4148 consubstantialita-

127 4199 392 4270 διῄρηται
427 4194 516 4246 διὰ
554 4195 613 4245 τὸ
647 4190 1106 4261 ὲτεροῦπὸστατον
1131 4227 1144 4240 .
1183 4182 1347 4247 Αὖθίς
1374 4201 1432 4235 τε
1462 4182 1706 4252 ὁμολογῶ

1818 4193 1936 4249 tem,
1960 4182 2086 4236 licet
2101 4181 2356 4236 distincta
2374 4182 2444 4236 sit
2463 4191 2688 4252 propter
2705 4182 3183 4238 subsistentiarum
3200 4182 3397 4239 distin-

129 4293 225 4344 τὸν
251 4290 349 4343 ἕνα
375 4287 476 4356 τῆς
510 4285 739 4356 Τριάδος
770 4284 861 4335 τὸν
891 4281 1094 4352 Κύριον
1135 4280 1291 4350 ήμῶν
1327 4277 1530 4347 Ἰησοῦν
1573 4277 1707 4346 Χρι-

132 4383 260 4435 στὸν
292 4381 381 4434 διὰ
409 4377 791 4450 φιλαθρωπίαν
822 4377 1055 4445 ἄμετρον
1083 4376 1139 4425 ἐν
1170 4370 1340 4443 σαρκὶ
1368 4369 1704 4441 ἐληλυθέναι,

131 4475 230 4527 ἐπὶ
259 4472 504 4541 σωτηρία
529 4469 623 4522 τοῦ
650 4469 770 4522 καθ’
806 4469 952 4536 ἡμᾶς
986 4468 1174 4534 γένους
1218 4463 1482 4534 δηλονότι,
1515 4465 1578 4514 ὲκ
1608 4463 1707 4530 τῆς

128 4564 298 4632 ἁγίας
317 4563 414 4616 καὶ
435 4560 779 4631 παναμώμου
824 4560 1087 4611 Θεοτόκου
1127 4559 1226 4630 τὴν
1265 4557 1445 4627 σάρκα
1492 4554 1708 4625 ἀνειλη-

131 4656 296 4724 φέναι
326 4654 450 4723 δίχα
499 4653 708 4721 σπορᾶς
737 4648 1108 4720 ἀνθρωπίνης,
1134 4649 1227 4700 καὶ
1264 4649 1327 4699 ὲκ
1354 4644 1584 4717 γαστρὸς
1611 4646 1706 4698 αὑ-

129 4747 235 4816 τῆς
269 4746 410 4797 κατὰ
440 4744 500 4796 τὸ
526 4743 667 4796 θεῖον
703 4742 881 4809 λόγιον
927 4740 1076 4810 νόμῳ
1121 4738 1335 4806 φύσεως
1370 4735 1707 4805 γεγεννημέ-

131 4855 224 4892 νον
245 4851 260 4865 '
298 4834 517 4889 διπλοῦν
550 4851 606 4886 τε
638 4833 768 4886 ὅντα
797 4832 885 4884 τὸν
917 4830 1077 4883 αὐτὸν
1106 4830 1225 4883 ὅλον
1259 4829 1461 4881 τέλειον
1494 4829 1560 4895 τῇ
1589 4826 1707 4878 θεόν

130 4945 278 4998 τητι,
297 4926 430 4980 καθὸ
455 4927 556 4978 οὐκ
584 4925 883 4994 ἐτέτραπτο
906 4922 1052 4975 τοῦθ’
1070 4923 1206 4991 ὅπερ
1237 4916 1326 4990 ἦν,
1360 4919 1451 4971 καὶ
1477 4917 1594 4969 ὅλον
1622 4918 1710 4969 τέ-

130 5019 275 5072 λειον
303 5019 370 5086 τῇ
403 5015 807 5086 ἀνθρωπςπητι,
848 5012 982 5066 καθὸ
1021 5013 1120 5066 οὐκ
1151 5009 1427 5064 ἐλέλειπτὸ
1448 5026 1522 5072 τι,
1570 5007 1717 5060 τοῦθ’

132 5111 270 5179 ὅπερ
306 5107 661 5179 προσείληφε.
716 5106 821 5158 Τὸν
866 5105 1030 5158 αὐτὸν
1076 5103 1171 5156 ἕνα.
1218 5101 1340 5155 καθ’
1381 5099 1699 5162 ὑπόστασιν,

133 5202 322 5273 ὥσπερ
345 5204 401 5253 ὲν
433 5200 526 5253 δύο
561 5199 758 5268 φύσεσι
796 5195 1214 5266 γνωριζόμενον,
1264 5193 1407 5246 οὕτω
1452 5190 1702 5260 θελήσεσί

134 5313 194 5348 τε
224 5296 319 5348 καὶ
346 5296 654 5366 ἐνεργείαις
685 5311 699 5324 ·
725 5294 783 5345 ὲν
810 5285 898 5354 αἷς
921 5290 1117 5362 ἔδρασε
1151 5286 1502 5355 καταλλήλως
1543 5285 1612 5339 τά
1639 5299 1698 5339 τε

138 5386 252 5439 θεῖα
284 5386 377 5440 καὶ
404 5386 474 5439 τὰ
497 5383 835 5454 ἀνθρώπινα.

208 5587 223 5618 ί
246 5586 391 5643 Psal.
427 5601 619 5650 cxvnt,
645 5586 733 5639 (50.
811 5586 830 5615 ’
855 5584 994 5638 Psal.
1021 5600 1128 5646 ινι,
1157 5581 1212 5637 8.

1813 4277 2077 4330 ctionem.
2111 4275 2390 4330 Conﬁteor
2414 4273 2609 4329 deinde
2635 4290 2804 4331 unum
2835 4290 2866 4330 e
2903 4272 3172 4330 Trinitate
3204 4273 3394 4330 Domi-

1817 4382 1948 4421 num
1983 4376 2231 4420 nostrum
2261 4365 2446 4420 Jesum
2465 4365 2747 4421 Christum
2773 4381 2871 4435 per
2902 4367 3227 4422 immensam
3261 4382 3393 4439 erga

1810 4459 2060 4514 homines
2093 4458 2414 4512 cbaritatem
2455 4473 2612 4512 suam
2642 4458 2696 4512 in
2734 4473 2900 4513 carne
2943 4462 3158 4515 venisse
3203 4458 3271 4514 ad
3298 4475 3390 4514 sa-

1809 4550 1975 4604 lutem
2008 4550 2226 4619 generis
2249 4549 2455 4615 nostri,
2490 4565 2558 4605 ex
2585 4563 2773 4605 sancta
2809 4560 2864 4605 et
2897 4549 3246 4605 immaculata
3269 4551 3393 4607 Dei-

1809 4657 1939 4711 para
1969 4641 2088 4696 sine
2117 4641 2358 4694 humano
2385 4641 2594 4695 semine
2616 4654 2836 4694 carnem
2866 4641 3192 4711 sumpsisse,
3225 4648 3391 4711 atque

1811 4747 1875 4785 ex
1905 4742 2060 4785 utero
2090 4732 2386 4785 secundum
2417 4730 2666 4784 divinum
2693 4732 2976 4787 oraculum
3020 4740 3232 4787 natura:
3271 4731 3390 4803 lege

1813 4831 2000 4877 natum
2031 4837 2178 4886 esse,
2222 4822 2497 4892 duplicem
2530 4823 2712 4893 ipsum
2777 4823 3159 4890 exsistentem,
3213 4832 3390 4879 totum

1815 4915 2116 4985 perfectum
2146 4915 2369 4980 deitate,
2399 4927 2673 4984 quatenus
2697 4931 2809 4971 non
2847 4915 3201 4970 immutatum
3231 4923 3314 4971 est
3336 4917 3388 4972 id

1827 5005 1972 5075 quod
2001 5014 2160 5071 erat;
2201 5015 2256 5061 et
2304 5014 2478 5059 totum
2518 5004 2819 5075 perfectum
2859 5005 3219 5073 humanitate,
3254 5022 3392 5077 qua-

1813 5110 1969 5153 tenus
2004 5113 2116 5152 non
2153 5098 2363 5153 dimisit
2383 5099 2682 5168 quidquam
2712 5113 2778 5153 ex
2807 5112 2875 5154 eo
2900 5099 3048 5168 quod
3068 5099 3386 5169 assumpsit.

1811 5187 2078 5242 Eumdem
2125 5203 2296 5242 unum
2331 5187 2490 5258 juxta
2530 5189 2890 5260 hypostasim,
2920 5189 3062 5243 sicut
3091 5189 3146 5243 in
3174 5189 3390 5245 duabus

1808 5280 2023 5335 naturis
2056 5280 2361 5349 cognitum,
2391 5279 2472 5336 sic
2499 5281 2554 5335 in
2585 5280 2807 5336 totidem
2825 5281 3201 5336 voluntatibus
3225 5290 3394 5351 atque

1809 5373 2257 5443 operationibus;
2291 5388 2388 5443 per
2451 5389 2590 5444 quas
2645 5373 2830 5429 divina
2877 5382 2933 5429 et
2963 5371 3202 5428 humana
3258 5387 3388 5429 con-

1811 5473 2070 5535 gruenter
2091 5473 2344 5534 cperatus
2385 5475 2489 5521 est.

1640 5735 1874 5793 NOTAE.

216 5862 292 5934 (ί)
314 5861 437 5920 Haec
462 5859 742 5930 inscriptio
775 5857 941 5915 indita
972 5865 1054 5912 est
1090 5873 1118 5910 a
1158 5849 1410 5914 Studitis,
1444 5849 1580 5906 sicut
1604 5853 1810 5909 notavit
1845 5854 2111 5909 Baronius
2135 5853 2203 5909 ad
2233 5872 2322 5910 an.
2352 5853 2474 5925 826,
2511 5873 2568 5910 ιι.
2609 5856 2700 5913 50.
