3976 6314
574 331 704 395 1815

1750 329 1811 390 S.
1841 327 2230 389 THEODORI
2275 326 2618 387 STUDITIE

3678 314 3813 376 i815

634 441 715 495 Ad
756 439 871 494 haec
903 454 1121 493 omnem
1158 440 1425 495 ἣξει-ειὶοω
1463 439 1868 495 communionis
1891 453 2131 492 errorem

2307 437 2449 506 Πρὸς
2473 435 2682 498 τούτοις
2719 429 3097 503 ἀποτρέπομαι
3146 429 3326 480 πᾶσαν
3377 424 3675 495 αίρετικῆς
3703 444 3816 478 κοί.-

567 547 792 587 aversor
812 541 865 586 et
893 533 1197 596 abominor,
1221 548 1313 586 sex
1344 533 1514 586 sacris
1537 532 1890 585 uecumenicis
1913 530 2135 601 synodis

2265 530 2433 590 mvia;
2461 528 2669 597 πλάνην
2688 543 2703 558 ο
2732 527 2995 594 ἑπόμενος
3018 525 3137 584 ταῖς
3167 520 3352 588 ἁγίαις
3372 520 3472 571 καὶ
3503 520 3818 586 οἰκούμενι-

568 622 877 685 inhaerens;
915 638 1123 677 necnon
1145 623 1219 676 illi
1252 641 1373 693 qua:
1402 625 1454 677 in
1473 623 1650 677 Nicaea
1688 623 1910 678 civitate
1939 624 2136 676 iterum

2265 623 2361 684 :ai;
2390 621 2448 687 ἓξ
2472 621 2710 679 συνόδοις
2731 635 2744 647 °
2779 617 2858 670 ἐτι
2893 633 2950 670 τε
2991 617 3082 669 καὶ
3124 615 3222 684 τὴν
3252 614 3487 682 ἔναγχος
3528 612 3819 680 συναθροι-

567 723 759 770 contra
801 715 1232 769 Christianorum
1308 725 1658 770 accusatores
1713 725 1900 769 coacta
1967 730 2139 784 nuper

569 806 697 871 fuit,
738 808 975 862 adorans
1001 818 1054 862 et
1081 813 1413 877 amplectens
1462 809 1797 863 venerandas
1850 822 2142 876 sacrasque

573 901 836 970 imagines
860 900 1071 953 Domini
1106 901 1274 953 nostri
1302 899 1427 957 Jesu
1460 900 1684 964 Christi,
1720 901 1982 969 Deiparaa,
2013 914 2144 967 apo-

573 992 860 1057 stolorum,
920 993 1330 1061 prophetarum,
1402 1007 1723 1062 martyrum,
1783 1001 1836 1045 et
1898 990 2141 1044 omnium

571 1093 888 1138 sanctorum
921 1068 1085 1153 atque
1107 1084 1404 1152 justorum.
1443 1082 1754 1149 Quinetiam
1780 1098 1965 1136 sacras
2011 1082 2146 1134 isto-

573 1190 694 1228 rum
735 1175 1153 1228 intercessiones
1190 1215 1204 1238 ,
1241 1190 1361 1244 quae
1378 1177 1668 1245 propitium
1699 1174 1862 1226 Deum
1886 1174 2135 1235 reddunt,

571 1279 813 1334 exposco
844 1283 856 1317 :
886 1266 1266 1319 sanctissimas
1292 1266 1453 1318 etiam
1494 1263 1772 1333 reliquias,
1807 1273 1862 1317 ut
1901 1261 1991 1315 Dei
2028 1277 2149 1331 gra-

575 1357 647 1411 tia
676 1357 928 1424 refertas,
970 1373 1092 1412 cum
1130 1356 1235 1412 (ide
1267 1367 1321 1411 et
1357 1357 1551 1411 timore
1581 1355 1702 1410 colo
1735 1365 1788 1410 et
1828 1353 2144 1424 amplector.

650 1535 877 1591 Omnem
916 1552 1138 1606 quoque
1173 1537 1436 1590 divinitus
1483 1536 1799 1606 inspiratam
1849 1533 2064 1590 Veteris
2098 1542 2151 1588 et

574 1627 712 1684 Novi
745 1629 1076 1685 Testamenti
1108 1628 1443 1700 Scripturam
1497 1630 1700 1700 recipio
1731 1648 1744 1684 :
1795 1632 2152 1697 omniumque

574 1721 702 1776 item
735 1722 1045 1776 divinarum
1095 1722 1341 1784 Patrum,
1375 1723 1686 1783 doctorum.
1735 1733 1787 1778 et
1847 1725 2148 1778 monacho-

574 1831 696 1869 rum
732 1815 871 1869 vitas
902 1822 955 1867 et
990 1816 1170 1868 divina
1205 1817 1405 1886 scripta
1435 1816 1532 1885 (ἰ).
1587 1813 1700 1870 lloc
1744 1832 1874 1871 vero
1914 1818 2146 1871 dixerim

576 1919 795 1978 propter
817 1922 1081 1962 vesanum
1113 1909 1266 1962 illum
1303 1910 1675 1979 Pamphilum,
1703 1910 1797 1980 qui
1823 1925 1887 1966 ex
1928 1909 2150 1965 Oriente

577 2001 796 2070 prodiit,
828 2009 881 2054 et
913 2001 1013 2055 hos
1055 2012 1277 2057 sanctos
1306 2003 1567 2064 traduxit,
1607 2002 1874 2065 Marcum,
1909 2006 2150 2073 inquam,

579 2092 798 2158 Isaiam,
820 2091 1280 2164 Barsanuphinm,
1317 2094 1670 2158 Dorotheum,
1697 2105 1751 2149 et
1791 2094 2150 2166 Hesychium:

578 2201 686 2238 non
721 2185 937 2254 quidem
977 2185 1438 2255 Barsanuphium,
1500 2195 1556 2240 et
1613 2185 1831 2251 Isaiam,
1869 2195 1922 2239 et
1983 2185 2154 2240 Doro-

579 2277 788 2338 theum,
829 2276 950 2331 illos
990 2278 1080 2344 qui
1112 2293 1235 2331 cum
1268 2277 1554 2347 Acephalis
1579 2278 1600 2310 ³
1637 2278 1950 2347 coacephali
2007 2281 2154 2348 pari-

578 2379 660 2424 ter
693 2369 992 2425 fueruntet
1020 2371 1326 2426 Decacerati
1353 2370 1396 2436 ⁸,
1448 2372 1594 2441 quod
1647 2371 1947 2435 dicebatur,
2001 2374 2156 2441 quasi

579 2477 928 2530 concornes;
982 2464 1186 2533 quique
1226 2480 1252 2515 a
1291 2464 1450 2519 beato
1493 2463 1806 2534 Sophronio
1858 2468 1908 2517 in
1943 2465 2064 2534 ejus
2095 2465 2158 2517 li-

579 2549 724 2603 hello
750 2550 772 2581 ⁸
822 2551 1165 2605 anathemate
1190 2553 1517 2607 damnantur
1550 2575 1561 2609 :
1605 2570 1728 2609 eum
1779 2555 1977 2608 diversi
2013 2556 2154 2609 haud

584 2643 750 2697 dubie
776 2642 862 2697 isti
911 2643 1116 2696 fuerint
1145 2659 1174 2697 a
1207 2645 1501 2713 praedictis,
1537 2661 1674 2711 quos
1701 2661 1802 2716 ego
1835 2662 1900 2700 ex
1935 2657 2156 2716 paterna

587 2734 883 2790 traditione
940 2736 1166 2804 recipio,
1227 2747 1349 2806 post
1398 2740 1878 2808 interrogationem
1947 2739 2156 2793 Tarasii

582 2827 909 2897 patriarchae
945 2829 1304 2892 sanctissimi,
1353 2829 1693 2898 aliorumque
1725 2830 1827 2884 ﬁde
1870 2830 2156 2901 dignorum

585 2919 891 2985 hominum,
949 2929 1061 2974 tum
1122 2921 1525 2986 indigenarum,
1583 2933 1696 2977 tum
1747 2923 2154 2978 Orientalium:

584 3021 794 3065 cumet
852 3011 1213 3083 Barsanuphii
1275 3014 1567 3083 imaginem
1612 3015 1664 3069 in
1727 3031 1886 3071 sacro
1945 3032 2159 3086 magna:

2244 716 2461 770 σθεῖσαν
2491 717 2547 768 ὲν
2577 711 2780 782 Νικαίᾳ
2809 711 2870 764 τὸ
2896 709 3145 778 δεύτερον
3170 706 3313 760 κατά
3341 705 3456 758 τῶν
3487 705 3820 774 Χριστιανο-

2244 809 2589 879 κατηγόρων,
2624 803 2943 874 προσκυνῶν
2991 803 3084 854 καὶ
3125 799 3530 869 ἀποδεχόμενος
3583 797 3689 859 τὰς
3739 813 3824 848 σε·

2245 901 2384 963 πτὲις
2418 901 2508 951 καὶ
2544 897 2693 969 ίεράς
2723 895 2932 956 εἰκόνας
2975 892 3068 945 τοῦ
3114 908 3174 943 τε
3206 889 3413 958 Κυρίου
3442 886 3609 956 ἡμῶν
3652 887 3825 955 Ἰησοῦ

2246 990 2501 1060 Χριστοῦ,
2532 991 2633 1057 τῆς
2659 989 2946 1050 Θεοτόκου,
2971 983 3303 1047 ἀποστόλων,
3325 982 3655 1050 προφητῶν,
3690 996 3827 1050 μαρ-

2245 1085 2447 1153 τύρων,
2479 1083 2574 1136 καὶ⁵
2619 1083 2834 1135 πάντων
2880 1079 2989 1132 τῶν
3021 1075 3182 1130 ὁσίων
3215 1091 3274 1127 τε
3319 1074 3413 1126 καὶ
3459 1074 3722 1126 δικαίων.
3757 1074 3826 1124 Οὐ

2251 1178 2356 1247 μὴν
2383 1175 2516 1228 ἀλλὰ
2546 1174 2643 1228 καὶ
2669 1174 2768 1236 τὰς
2797 1171 2976 1225 αὐτῶν
3006 1169 3302 1240 ἀχράντους
3331 1164 3641 1238 πρεσϐείας
3681 1165 3828 1229 ἔξω-

2248 1269 2340 1321 τοῦ
2351 1285 2445 1338 μαι
2473 1265 2928 1333 ίλεωποιουμένας
2947 1262 3006 1315 τὸ
3035 1262 3187 1314 Θεῖον
3208 1275 3222 1290 ·
3246 1258 3723 1333 προσπτύσσομαι
3749 1257 3830 1309 πί-

2252 1376 2368 1413 στει
2392 1375 2451 1412 τε
2508 1359 2602 1411 καὶ
2648 1356 2802 1426 φόϐῳ
2833 1357 2903 1408 τὰ
2934 1357 3176 1423 πανάγια
3222 1351 3407 1405 αὐτῶν
3463 1351 3730 1421 λείψανα,
3761 1348 3832 1411 ὡς

2251 1451 2476 1522 χάριτος
2509 1449 2660 1512 θείας
2685 1447 2950 1502 ἀνάπλεα.

2325 1544 2554 1612 Προσέτι
2581 1543 2678 1595 καὶ
2710 1543 2892 1595 πᾶσαν
2937 1539 3124 1592 Βίϐλον
3169 1537 3533 1592 θεόπνευστον
3587 1536 3837 1596 Παλαιᾶς

2251 1651 2312 1688 τε
2342 1634 2438 1687 καὶ
2479 1634 2688 1701 Καινῆς
2731 1632 3008 1701 Διαθήκης
3050 1631 3422 1700 ἀποδέχομαι·
3452 1629 3536 1680 ἔτι
3584 1628 3698 1696 μὴν
3745 1628 3837 1679 καὶ

2255 1726 2508 1780 ἁπάντων
2556 1723 2665 1777 τῶν
2717 1723 3019 1776 θεσπεσίων
3058 1721 3338 1792 Πατὲρων,
3379 1719 3734 1773 διδασκάλων
3783 1734 3838 1769 τε

2255 1819 2346 1872 καὶ
2378 1817 2634 1888 ἀσκητῶν
2678 1815 2802 1879 τοὺς
2853 1816 3002 1886 βίους
3057 1815 3151 1866 καὶ
3184 1813 3251 1866 τά
3300 1813 3422 1865 θεία
3462 1811 3840 1881 συγγράμμα-

2252 1930 2341 1967 τα.
2381 1910 2553 1965 Τοῦτο
2583 1910 2640 1963 δὲ
2670 1909 2779 1980 ὲρῶ
2803 1909 2890 1962 διὰ
2913 1908 3006 1962 τὸν
3036 1907 3377 1978 φρεωὸλαὸῆ
3420 1905 3723 1975 Πάμφιλον
3752 1906 3840 1956 τὸν

2254 2003 2364 2056 ἀπὸ
2402 2001 2691 2072 Ἀνατολῆς
2717 2001 3072 2068 φοιτήσαντα,
3117 1998 3211 2052 καὶ
3258 1997 3448 2050 τούσδε
3488 1998 3624 2060 τοὺς
3659 1997 3840 2056 ὁσίους

2255 2095 2632 2154 διαὸἀλλοντα,
2663 2093 2806 2161 λέγω
2839 2092 2904 2162 δὴ
2939 2093 3185 2160 Μάρκον,
3234 2090 3486 2151 Ἡσαΐαν,
3520 2087 3842 2160 Βαρσανοὺο

2257 2205 2399 2257 φιον,
2437 2186 2734 2259 Δωρόθεον,
2786 2186 2878 2239 καὶ⁵
2916 2184 3190 2253 Ἡσύχιον.
3243 2184 3316 2236 Οὐ
3362 2183 3471 2253 μὴν
3522 2182 3832 2251 Βαρσανού»

2258 2282 2518 2352 φιον,καὶ
2562 2279 2812 2339 Ἡσαΐαν,
2857 2279 2952 2332 καὶ
2993 2278 3292 2347 Δωρόθεον,
3341 2279 3469 2338 τοὺς
3523 2275 3642 2327 τῶν
3691 2277 3843 2327 Ἄκε-

2257 2377 2440 2446 φάλων
2491 2373 2917 2442 συνακεφάλους,
2945 2372 3039 2426 καὶ
3069 2371 3164 2424 τοῦ
3198 2369 3490 2439 λεγομένου
3529 2368 3832 2435 Δεκακερά-

2256 2487 2350 2522 του
2392 2466 2867 2538 συνομοκερώτους
2890 2481 2904 2494 ’
2936 2465 3030 2518 καὶ
3065 2465 3167 2517 ὑπὸ
3195 2463 3289 2516 τοῦ
3332 2465 3390 2515 ὲν
3417 2463 3602 2529 ἁγίοις
3627 2464 3831 2531 Σωςρο

2258 2565 2370 2615 νίου
2407 2565 2464 2615 ὲν
2485 2561 2561 2631 τῷ
2595 2559 2823 2629 λιὸέλλῳ
2857 2558 3021 2610 αὐτοῦ
3073 2555 3655 2626 ἁναθεματιζομένους
3677 2570 3694 2585 ·
3733 2556 3841 2607 ὲτὲο

2261 2671 2370 2724 ρων
2392 2652 2636 2723 δηλονότι
2667 2652 2818 2720 παρά
2847 2649 3034 2702 τούσδε
3078 2648 3244 2701 ὄντων
3260 2648 3368 2699 τῶν
3393 2647 3842 2716 προειρημένων,

2259 2744 2353 2809 οὓς
2374 2745 2485 2813 ἐγὼ
2506 2743 3004 2815 πατροπαραδότως
3020 2740 3352 2810 ἀποδέχομαι
3376 2756 3389 2769 ’
3413 2740 3482 2792 δι’
3513 2741 3842 2810 ἑρωτήσεκ

2259 2838 2354 2891 τοῦ
2387 2838 2486 2909 ἤδη
2516 2836 3042 2908 ἀρχιερατεύσαντος
3075 2833 3350 2903 Ταρασίου
3389 2831 3487 2886 τοῦ
3533 2834 3838 2899 ἀγιωτάτου

2262 2929 2630 2998 πατριάρχου,
2665 2930 2867 2998 ἑτέρων
2911 2943 2970 2978 τε
3011 2926 3339 2990 ἀξιοπίστων
3391 2925 3710 2995 ἀνθρώπων
3757 2925 3841 2976 αύ-

2262 3019 2527 3089 τοχθόνων
2552 3037 2611 3073 τε
2641 3022 2735 3073 καὶ
2757 3017 3090 3072 ἀνατολικῶν
3119 3032 3132 3045 ·
3160 3016 3301 3069 κατὰ
3329 3016 3390 3068 τὸ
3413 3017 3512 3068 καὶ
3539 3016 3640 3086 τὴν
3667 3017 3839 3068 εἰκόνα

587 3101 845 3158 Ecclesia:
900 3102 1190 3169 Vestiario,
1234 3122 1338 3158 una
1392 3122 1517 3160 cum
1565 3109 1829 3172 Antonio,
1876 3107 2158 3176 Ephraim,

2265 3111 2672 3181 Βαρσανουφίου
2711 3111 2770 3161 ὲν
2801 3112 2864 3177 τῇ
2911 3109 3031 3180 θείᾳ
3063 3108 3250 3177 ἔνδυτῇ
3293 3107 3396 3177 τῆς
3432 3108 3686 3176 μεγάλης
3733 3109 3839 3160 Ἐκ-

586 3193 822 3264 aliisque
872 3197 1079 3250 sanctis
1118 3195 1376 3252 Patribus
1429 3209 1642 3254 exstare
1702 3211 1958 3254 constet:
2019 3213 2071 3255 et
2107 3203 2158 3254 in

587 3302 778 3341 eorum
812 3288 1062 3342 doctrina
1091 3290 1299 3343 nullum
1335 3291 1632 3359 impietatis
1672 3294 1959 3361 vestigium
1993 3293 2164 3347 oﬂen-

586 3378 800 3434 derim:
840 3380 935 3433 sed
985 3392 1254 3444 econtra,
1304 3398 1560 3453 magnum
1614 3386 1914 3453 spiritualis
1968 3387 2164 3440 animae

589 3471 1018 3538 compendium;
1066 3476 1246 3542 quoad
1287 3475 1548 3529 nimirum
1595 3492 1694 3546 per
1725 3478 2046 3549 synodicam
2082 3480 2168 3532 in-

589 3563 940 3632 quisitionem
973 3579 1130 3619 error
1165 3567 1437 3636 quispiam
1479 3568 1533 3621 in
1570 3569 1677 3624 illis
1706 3571 2161 3640 deprehendatur.

589 3651 726 3706 Nam
760 3652 803 3706 si
837 3651 958 3706 illos
1005 3655 1155 3722 ipsos
1189 3670 1312 3709 esse
1362 3657 1610 3727 liquebit,
1664 3661 1757 3728 qui
1817 3662 2166 3716 anathemate

590 3747 761 3801 notati
793 3746 1038 3812 inerunt,
1071 3759 1167 3803 aut
1199 3751 1268 3804 ab
1318 3751 1387 3806 iis
1428 3752 1630 3806 diversi
1669 3754 1799 3816 sint,
1857 3754 2048 3807 haeresi
2083 3761 2167 3806 ta-

591 3855 716 3893 men
750 3840 840 3893 illa
871 3840 1100 3895 infectos
1131 3859 1147 3908 ;
1181 3841 1472 3897 anathema
1538 3843 1665 3907 illis,
1721 3853 1775 3897 et
1836 3844 2166 3905 catathema,

590 3941 648 3985 et
675 3932 1100 3999 pantanathema
1133 3949 1164 3987 a
1199 3932 1356 3988 Patre
1382 3943 1437 3990 et
1464 3933 1602 3989 Filio
1622 3944 1676 3989 et
1711 3934 1918 4004 Spiritu
1949 3945 2163 3990 sancto.

661 4020 938 4079 Conﬁteor
973 4025 1196 4094 insuper
1229 4028 1589 4082 monasticum
1638 4036 1842 4082 statum
1875 4027 2164 4083 sublimem

591 4128 735 4177 esse,
757 4124 813 4168 et
839 4115 1137 4180 excelsum.
1159 4127 1213 4172 et
1239 4120 1568 4188 angelicum,
1598 4119 1767 4188 quiet
1800 4129 2018 4190 peccata
2048 4135 2170 4175 om-

594 4207 683 4260 nia
723 4217 993 4278 expurget
1049 4210 1310 4266 absolutae
1357 4212 1481 4266 vita:
1535 4212 1891 4283 perfectione,
1943 4224 2056 4268 tum
2089 4215 2172 4268 ni-

595 4299 795 4354 mirum
824 4300 871 4355 sl
910 4316 976 4354 ex
1029 4302 1202 4356 divini
1250 4306 1545 4374 magnique
1575 4305 1760 4360 Basilii
1806 4308 2168 4362 asceticorum

594 4390 805 4461 legibus
837 4393 996 4461 plene
1038 4394 1290 4463 exigatur
1331 4407 1386 4451 et
1411 4412 1518 4452 non
1569 4399 1853 4454 dimidiata
1883 4415 1947 4453 ex
1986 4407 2167 4469 parte;

597 4493 657 4538 ut
696 4486 872 4540 solent
905 4486 1153 4554 quidam,
1184 4487 1279 4556 qui
1338 4489 1518 4557 aliqua
1581 4490 1897 4552 desumunt,
1931 4466 2057 4546 alia.
2111 4499 2170 4544 ut
2197 4466 2249 4525 D

595 4579 793 4649 placet,
835 4583 1137 4635 omittunt:
1169 4581 1242 4635 ita
1293 4593 1351 4636 ut
1377 4592 1528 4636 extra
1581 4593 1692 4636 tres
1743 4584 1943 4651 gradus
1976 4582 2068 4650 qui
2115 4583 2168 4634 in

596 4671 778 4726 divina
810 4674 955 4728 scala
990 4675 1196 4728 osteusi
1247 4683 1395 4739 sunt,
1431 4676 1593 4729 vitam
1634 4675 1776 4728 hanc
1811 4674 2048 4741 legitime
2072 4675 2172 4726 du-

597 4780 720 4819 cere
748 4781 855 4818 non
879 4766 1040 4820 liceat
1067 4783 1081 4819 :
1106 4781 1211 4819 non
1237 4781 1455 4820 servum
1491 4767 1791 4835 possidere,
1821 4781 1927 4820 non
1956 4765 2172 4835 jumen-

601 4867 714 4911 ltltll
763 4872 926 4911 sexus
982 4856 1201 4912 feminei
1265 4873 1499 4926 quorum
1557 4867 1849 4925 utrumque
1896 4858 1966 4911 ab
2023 4852 2174 4911 insti-

602 4955 721 5000 tuto
775 4947 1011 5000 alienum
1065 4958 1170 5010 est,
1209 4956 1264 5000 et
1317 4948 1512 5001 anima:
1567 4947 1950 5016 periculosum.
1996 4947 2174 5016 Atque

605 5037 719 5092 hzec
743 5053 844 5107 ego
877 5038 1083 5093 cursim
1123 5039 1312 5107 paucis
1341 5039 1841 5107 perstrinxi,neque
1862 5038 2005 5091 enim
2034 5048 2172 5090 tem-

607 5145 708 5197 pus
762 5130 994 5198 patitur,
1029 5141 1085 5184 ut
1119 5131 1366 5199 pluribus
1399 5145 1666 5200 exponam
1688 5170 1702 5193 ,
1735 5146 1802 5182 ne
1857 5132 1982 5198 quis
2033 5129 2173 5185 forte

605 5222 737 5274 mihi
796 5238 1017 5291 pravam
1071 5222 1384 5290 opinionem
1437 5223 1740 5288 attribuat,
1778 5233 1967 5276 contra
2008 5239 2171 5292 quam

602 5321 750 5366 recte
776 5314 952 5368 sentio
974 5323 1029 5368 et
1050 5315 1240 5369 doceo.

675 5471 710 5506 ⁸-
730 5470 857 5525 Sine
899 5472 1100 5541 capite.

2267 3203 2495 3273 κλησίας
2516 3201 3026 3269 ὲνίστασθαιάγίοις
3067 3201 3368 3271 Πατράσιν,
3413 3201 3714 3269 ’Δντωνίῳ,
3757 3201 3838 3253 Ἐ-

2266 3295 2466 3366 φραῒμ,
2499 3296 2591 3348 καὶ
2620 3296 2861 3365 ἑτέροις·
2899 3295 2994 3346 καὶ
3031 3293 3106 3356 ὡς
3140 3294 3211 3362 μή
3247 3309 3300 3345 τι
3348 3294 3407 3344 ὲν
3433 3297 3558 3354 ταῖς
3596 3293 3839 3345 διδασκα-

2264 3387 2408 3453 λίαις
2454 3387 2632 3440 αὐτῶν
2675 3383 2926 3457 εὑρηκὼς
2981 3384 3271 3451 ἀσέϐημα·
3303 3382 3623 3434 τούναντίον
3669 3382 3725 3433 δὲ
3757 3382 3839 3434 καὶ

2266 3479 2469 3549 πολλὴν
2494 3479 2733 3549 ψυχικὴν
2766 3478 3130 3529 λυσιτέλειαν·
3164 3474 3356 3543 μέχρις
3387 3473 3455 3526 ἂν
3483 3474 3585 3526 καὶ
3607 3473 3703 3526 ἐπὶ
3723 3471 3836 3524 τού-

2266 3591 2373 3626 των
2399 3572 2484 3625 διά
2519 3571 2804 3640 συνοδικῆς
2848 3568 3228 3639 ὲπιζητήσεως
3275 3565 3632 3635 ἀποδειχθείη
3681 3584 3732 3618 τι
3759 3565 3838 3632 ἐγο

2267 3666 2470 3734 κλημα.
2506 3665 2567 3717 Εἰ
2600 3664 2708 3735 γάρ
2738 3664 2890 3716 αὐτοὶ
2916 3664 3116 3714 ἐκείνοι
3151 3660 3453 3729 φανείησαν
3482 3661 3534 3712 οί
3569 3659 3838 3727 ἀναθεμαο

2265 3757 2564 3827 τιζόμενοι,
2592 3756 2625 3827 ἢ
2657 3757 2836 3826 ἕτεροι
2865 3755 2995 3824 παρ’
3022 3754 3221 3815 αὐτοὺς
3265 3753 3479 3824 αἱρέσει
3513 3753 3842 3820 ὐποόληθένο

2265 3867 2378 3911 τες,
2409 3849 2657 3917 ἀνάθεμα
2685 3849 2889 3909 αὐτοῖς,
2917 3848 3010 3899 καὶ
3048 3845 3355 3913 κατάθεμα,
3381 3844 3478 3898 καὶ
3515 3844 3842 3897 παντανάθε-

2271 3957 2348 4009 μα
2377 3939 2487 3992 ἀπὸ
2511 3937 2722 4009 Πατρὸς
2748 3939 2842 3990 καὶ
2877 3937 3005 3990 Υἱοῦ
3037 3937 3132 3988 καὶ
3161 3935 3316 4002 ἁγίου
3357 3937 3398 3988 ll
3410 3934 3710 4002 νεύματος.

2341 4027 2694 4097 Συνομολογῶ
2716 4028 2773 4081 δὲ
2809 4027 2946 4097 πρὸς
2973 4025 3182 4088 τούτοις
3206 4025 3374 4079 καὶτὸ
3405 4026 3700 4094 μοναδικὸν
3724 4027 3844 4093 σχῆ-

2273 4139 2348 4191 μα
2370 4121 2572 4191 ὑψηλόν
2603 4136 2662 4172 τε
2693 4115 2832 4172 εἶναι
2879 4121 2972 4172 καὶ
3013 4118 3342 4189 ἐπηρμένον,
3391 4118 3484 4170 καὶ
3538 4117 3842 4184 ἀγγελικὲν,

2270 4215 2602 4284 καθαρτικόν
2631 4231 2688 4267 τε
2714 4215 2896 4285 πάσης
2925 4214 3199 4284 ἁμαρτίας
3227 4213 3315 4266 διὰ
3356 4213 3574 4274 τελείας
3627 4211 3842 4263 ἐπιϐιώ-

2273 4322 2443 4370 σεως·
2471 4307 2691 4377 εὔδηλον
2718 4307 2861 4361 κατὰ
2892 4307 2990 4377 τὴν
3013 4306 3337 4374 νομοθεσίαν
3382 4305 3493 4356 τῶν
3533 4304 3842 4371 ἀσκητικῶν

2272 4400 2369 4452 τοῦ
2397 4399 2542 4451 θείου
2574 4400 2665 4452 καὶ
2708 4397 2945 4468 μεγάλου
2988 4395 3269 4449 Βασιλείου
3313 4395 3726 4462 διεξαγὸμενον,
3763 4397 3842 4447 καὶ

2274 4493 2373 4543 οὐκ
2401 4493 2461 4556 ἐξ
2486 4491 2741 4558 ἡμισείας
2763 4506 2778 4520 °
2814 4489 2889 4551 ὦς
2915 4490 2990 4557 πή
3027 4503 3170 4549 τινες
3195 4487 3262 4539 τά
3292 4486 3390 4556 μὲν
3418 4485 3762 4556 αἱρούμενοι,
3784 4487 3840 4537 τὰ

2273 4584 2328 4636 δὲ
2356 4582 2674 4650 ὲπαφιέντες
2695 4599 2708 4612 ·
2744 4580 2883 4634 ὥστε
2930 4581 3004 4650 μὴ
3043 4577 3184 4633 εἶναι
3240 4581 3370 4632 ἀνευ
3405 4578 3516 4631 τῶν
3543 4580 3600 4629 ἐν
3633 4582 3700 4647 τῇ
3730 4578 3838 4648 Θείᾳ

2275 4674 2507 4745 κλίμακι
2547 4673 3018 4742 ἀποδεδειγμένων
3047 4672 3212 4743 τριῶν
3253 4672 3674 4737 καταστάσεων,
3703 4676 3841 4740 αἱρε-

2274 4768 2367 4820 τὸν
2399 4767 2575 4829 ἄλλως
2613 4784 2729 4829 πως
2779 4766 3026 4835 νομίμως
3091 4764 3374 4818 ἐπιϐιῶναι
3410 4781 3423 4792 ⁸
3458 4765 3523 4817 ού
3571 4767 3682 4835 μὴν
3732 4766 3842 4817 οὒτε

2277 4859 2462 4912 δοῦλον
2484 4859 2801 4928 κεκτῆσθαι,
2829 4856 2952 4909 οὗτε
2986 4857 3180 4924 κτῆνος
3228 4855 3337 4907 τῶν
3386 4855 3453 4908 ἐκ
3503 4855 3598 4907 τοῦ
3655 4854 3843 4924 θήλεως

2280 4949 2494 5017 γένους,
2521 4948 2608 5001 διὰ.
2632 4948 2693 4999 τὸ
2726 4945 3111 5001 ἀνοίκειον-τοῦ
3142 4946 3566 5012 ἐπαγγέλματος
3585 4961 3597 4973 ·
3629 4946 3842 4997 καὶέπι-

2281 5040 2527 5093 κίνδυνον
2560 5041 2680 5101 ταῖς
2707 5039 2927 5109 ψυχαῖς.
2955 5038 3066 5090 Καὶ
3096 5035 3267 5089 ταῦτα
3292 5035 3511 5104 διῆλθον
3549 5039 3608 5089 ὲν
3642 5037 3838 5106 ἐπιδρο-

2285 5136 2382 5204 μῇ·
2421 5133 2481 5185 ού
2513 5131 2621 5201 γάρ
2651 5131 2841 5202 καιρὸς
2878 5133 2976 5199 τῆς
3005 5128 3115 5182 τῶν
3146 5128 3405 5180 τοιούτων
3450 5129 3802 5194 ἐξαπλὼσεως
3825 5144 3836 5157 ·

2283 5223 2421 5277 ἀλλὰ
2442 5224 2531 5276 διά
2559 5224 2621 5276 τὸ
2645 5224 2718 5294 μή
2745 5239 2897 5285 τινας
2927 5223 3008 5278 εἰς
3040 5221 3141 5289 ἐμὲ
3171 5221 3268 5291 τὴν
3298 5222 3525 5290 χείρονα
3549 5222 3708 5286 δόξαν
3725 5223 3836 5273 ὑπο-

2283 5317 2612 5387 λαμϐάνειν,
2649 5315 2785 5385 παρ’
2816 5313 2844 5366 ὃ
2875 5314 3056 5384 φρονῶ
3082 5311 3253 5384 ὀρθῶς
3284 5315 3379 5366 καὶ
3410 5312 3648 5380 δοξάζω.

1182 5471 1205 5503 ι
1234 5470 1427 5527 Decem
1457 5488 1724 5527 cornuum
1747 5473 1972 5528 hmresis
1997 5473 2292 5544 principes.
2371 5473 2391 5505 '
2427 5471 2483 5527 ln
2513 5473 2751 5529 concilio
2771 5487 2844 5537 v1,
2876 5479 2980 5524 art.
3014 5471 3104 5538 Η,
3125 5485 3248 5541 pag.
3281 5469 3410 5525 990.

2117 5628 2350 5683 NOTAE.

676 5719 754 5789 (2)
791 5717 892 5772 llic
917 5715 1184 5772 Theodori
1218 5720 1371 5774 locus
1405 5721 1662 5775 recitatur
1702 5720 1753 5776 in
1788 5720 2110 5776 Praefatione
2150 5721 2214 5776 ad
2258 5721 2539 5776 Doctrina:
2580 5717 2639 5779 Β.
2681 5721 2960 5786 Dorothei,
3002 5721 3340 5780 Bibliotheca:
3385 5723 3615 5781 Patrum
3657 5724 3840 5782 Cmm-

604 5789 837 5855 Latiua,
869 5800 999 5843 tom.
1033 5789 1071 5853 Ι,
1102 5807 1220 5861 pag.
1264 5791 1382 5845 744.
1420 5795 1470 5845 ιι.
