3976 6314
155 359 297 424 1817

566 463 706 532 Περί
745 462 854 519 τοῦ
889 465 1357 534 καθηγουμένου.

227 551 473 606 Τούτων
502 555 600 624 μὲν
632 554 803 620 οὕτως
835 555 1088 626 ἑχόντων,
1117 555 1366 628 δεύτερόν
1392 557 1543 613 ἔστιν
1569 562 1744 615 εἰπεῖν

154 649 252 699 καὶ
285 646 432 716 περὶ
462 645 558 699 τοῦ
587 645 1019 717 καθηγουμένου.
1058 647 1287 720 ’Λφίημι
1316 649 1497 704 τοίνυν
1529 653 1744 723 πρῶτον

157 738 266 806 μὲν
299 739 400 790 τὸν
459 738 648 808 κύριον
675 739 767 792 καὶ
803 740 1015 810 Πατέρα
1057 757 1157 809 μου
1203 741 1296 795 καὶ
1333 741 1552 813 Πατέρα
1590 744 1744 814 ὑμῶν

152 831 248 880 τὸν
309 827 620 881 ὁσιώτατον
662 830 1029 897 Ἐγκλειστον,
1083 831 1178 886 καὶ
1206 832 1442 900 Πατέρα,
1489 835 1585 888 καὶ
1630 853 1744 906 φω-

153 918 370 986 στῆρα,
410 918 512 971 καὶ
542 917 878 972 διδάσκαλον.
896 918 1066 979 Αὐτὸς
1093 920 1272 990 κάμοῦ
1298 922 1394 974 καὶ
1424 922 1580 992 ὑμῶν
1608 940 1742 994 προ-

152 1007 524 1077 καθέστηκεν
553 1011 611 1064 ἐν
660 1010 869 1080 Κυρίῳ,
914 1011 1008 1064 καὶ
1044 1012 1372 1066 καθίσταται
1417 1013 1650 1084 κεφαλὴ.
1693 1017 1742 1069 εί

151 1101 258 1150 καὶ
289 1098 650 1168 ύπεξήγαγεν
678 1101 991 1164 ἑαυτὸν,διά
1008 1102 1448 1174 Χριστομίμητον
1471 1105 1743 1159 ταπείνω-

154 1205 248 1240 σιν
273 1189 464 1242 τελῶν
490 1191 548 1243 ἐν
585 1191 781 1261 ἡσυχία
802 1207 817 1222 ο
851 1187 910 1246 οὗ
937 1196 1056 1256 ταῐς
1082 1194 1321 1263 ὁδηγίαις
1351 1211 1412 1248 τε
1448 1195 1543 1249 καὶ
1571 1213 1743 1266 προσ-

151 1283 359 1350 ευχαῖς
413 1281 651 1334 πιστεύω
697 1282 840 1351 ὑμᾶς
893 1283 1270 1355 σωθήσεσθαι·
1296 1285 1456 1357 είπερ
1506 1287 1602 1341 καὶ
1645 1286 1745 1357 τὴν

151 1370 408 1424 δέουσαν
438 1370 574 1441 πρὸς
603 1373 763 1426 αὐτὸν
785 1364 1184 1447 ἀντεισφέροιτε
1210 1376 1521 1431 εύπείθειάν
1546 1395 1606 1431 τε
1647 1378 1744 1431 καὶ⁵

153 1464 449 1532 ὑπακοήν.
488 1465 718 1519 Ἔπειτα
752 1465 811 1519 ὃν
849 1468 914 1520 ὲκ
954 1465 1134 1520 κοινοῦ
1173 1466 1354 1537 ψήφου
1398 1468 1742 1539 θεοπρεπῶς,

153 1553 603 1624 προηγουμένης
641 1555 741 1624 τῆς
785 1555 1059 1627 πατρικῆς
1096 1556 1308 1627 βουλῆς,
1348 1559 1738 1629 προστήσεσθε.

167 1644 300 1713 Ἐφ’
325 1638 378 1712 ᾧ
427 1647 535 1718 γὰρ
571 1645 780 1701 εὐδοκεῖ
831 1649 978 1702 πᾶσα
1023 1650 1057 1718 ὴ
1095 1649 1412 1721 ἀδελφότης,
1479 1651 1743 1722 ὲπόμενόν

133 1736 290 1788 ’ἐστι
320 1741 425 1791 καὶ
449 1738 508 1791 τὸ
546 1738 677 1807 ἐμὸν
705 1739 936 1810 θέλημα.
982 1741 1141 1794 Ἀλλά
1171 1741 1351 1812 δεῦρο,
1378 1738 1622 1815 ὦΠάτερ
1651 1745 1744 1798 καὶ

154 1828 402 1896 ἀδελφὲ,
430 1830 578 1892 ὅστις
608 1830 674 1884 ἂν
702 1833 818 1900 εἴης
843 1848 860 1863 ο
894 1833 1000 1887 ίδοὺ
1039 1834 1377 1906 παρατίθημί
1401 1853 1484 1889 σοι
1515 1835 1744 1890 ἐνώπιον

150 1919 258 1971 τοῦ
298 1919 444 1972 Θεοῦ
497 1921 592 1974 καὶ
641 1921 750 1974 τῶν
794 1923 1066 1977 ἐκλεκτῶν
1097 1925 1343 1993 ἀγγέλων
1373 1925 1539 1979 αὑτοῦ
1565 1929 1745 1980 πᾶσαν

152 2011 266 2076 τὴν
331 2012 406 2065 tu
445 2012 665 2082 Χριστῷ
707 2013 1072 2083 ἀδελφότηταο
1105 2015 1253 2080 ὅπως
1305 2015 1472 2088 αὐτὴν
1514 2017 1742 2089 είσδέξῃ.

155 2100 302 2164 Πῶς
328 2102 388 2155 δὲ
427 2103 734 2175 προσλάϐῃς
759 2121 774 2171 ;
803 2105 1001 2176 ήλίκως
1045 2106 1101 2160 δὲ
1139 2107 1465 2179 ὀδηγήσεις;
1493 2107 1746 2174 ποδαπῶς

154 2191 220 2244 δὲ
260 2191 662 2262 διαφυλάξειςς
701 2196 787 2260 Ὠς
841 2197 1008 2268 ἄρνας
1053 2199 1288 2268 Χριστοῦ
1315 2199 1431 2263 ’ὡς
1479 2200 1614 2272 μέλη
1650 2215 1745 2254 σου

160 2281 415 2350 φίλτατα
442 2299 456 2312 ·
488 2284 707 2337 θάλπων
762 2286 854 2338 καὶ
909 2288 1222 2357 περιέπων,
1257 2288 1353 2342 καὶ⁵
1403 2287 1747 2360 ίμειρόμενος

161 2374 299 2437 ἑνὸς
332 2376 584 2443 ἑκάστου,
617 2378 755 2431 κατὰ
781 2377 842 2430 τὸ
871 2380 988 2433 ἴσον
1015 2383 1110 2451 τῆς
1136 2382 1353 2451 ἀγάπης
1400 2381 1597 2453 μέτρον
1620 2397 1638 2415 ο
1664 2383 1746 2436 ὅτι

162 2466 381 2534 ἐπίσης
410 2469 443 2536 ἡ
483 2469 681 2537 στοργὴ
721 2469 828 2522 τῶν
875 2471 1052 2540 μελῶν
1095 2471 1189 2525 τοῦ
1237 2475 1486 2541 σώματός
1513 2476 1660 2528 ἐστιν
1688 2476 1746 2526 ἐν

167 2558 400 2628 ἑκάστῳ
430 2559 716 2629 ἀνθρώπῳ.
763 2561 1039 2629 Διάνοιξόν
1095 2581 1178 2616 του
1241 2564 1308 2617 τὰ
1364 2565 1646 2636 σπλάγχνα
1688 2567 1746 2618 ὲν

170 2648 532 2719 συμπαθείᾳ’
569 2651 853 2705 είσοίκισαι
881 2654 1006 2716 τοὺς
1038 2655 1241 2714 πάντας
1273 2655 1331 2706 ὲν
1366 2655 1701 2727 ἐλεημοσύνη
1726 2669 1744 2686 ο

170 2736 476 2806 τιθήνησαι
506 2738 703 2801 αὐτούς
726 2756 740 2772 ο
774 2741 1165 2810 ἁναμόρφῳσον
1198 2741 1392 2805 αὐτούς
1413 2760 1426 2773 ο
1459 2744 1746 2796 τελείωσον

173 2828 386 2890 αὐτοὺς
419 2829 476 2880 ὲν
511 2829 699 2898 Κυρίῳ
723 2868 736 2882 .
769 2830 992 2894 Ὄξυνόν
1025 2848 1115 2883 σου
1143 2832 1243 2901 τὴν
1278 2832 1512 2884 διάνοιαν
1539 2833 1745 2902 φρονή-

173 2935 269 2970 σει
297 2936 312 2949 υ
354 2919 618 2988 διέγειρόν
649 2938 742 2972 σου
773 2922 832 2973 τὸ
851 2921 1126 2991 πρόθυμον
1152 2924 1208 2974 ὲν
1226 2923 1446 2994 ἀνδρείᾳ
1470 2937 1484 2952 ⁸
1519 2923 1748 2991 στερέω-

177 3011 280 3062 σόν
319 3027 412 3063 σου
464 3013 562 3081 τὴν
611 3012 839 3082 καρδίαν
874 3015 930 3066 ἐν
969 3013 1148 3066 πίστει
1188 3016 1281 3066 καὶ
1310 3003 1512 3067 ἐλπίδι·
1545 3012 1741 3084 προπό-

1497 361 2078 424 TESTAMENTUM.

1765 473 1812 526 Α

3248 356 3380 418 18ιὸ

2393 465 2466 522 De
2491 471 2789 536 pra'posito.

1903 557 2000 615 His
2041 568 2220 614 autem
2257 559 2331 612 ita
2362 562 2694 625 censtitutis,
2722 563 3029 631 proximum
3074 572 3176 622 est.
3221 575 3280 620 ut
3310 569 3388 620 di-

1831 667 1951 708 eam
2007 652 2074 706 de
2139 650 2448 720 praeposito.
2493 650 2732 706 Primum
2797 654 2959 722 igitur
3009 657 3289 710 dominum
3337 668 3390 711 et

1833 752 2034 812 patrem
2065 756 2242 795 meum
2291 756 2355 796 ac
2375 749 2583 811 patrem
2621 755 2858 797 vestrum
2892 745 3137 814 relinquo
3161 751 3385 802 sanctis-

1831 833 2028 890 simum
2074 831 2387 895 Reclnsum,
2429 835 2676 887 eumdem
2720 843 2776 887 et
2825 844 3063 904 patrem,
3099 845 3152 890 et
3187 839 3385 899 lumen,

1830 935 1886 982 et
1907 925 2246 994 magistrum.
2280 925 2375 979 llle
2404 925 2535 978 mihi
2558 934 2613 980 et
2640 926 2793 981 vobis
2816 925 3029 995 praefuit
3053 929 3104 981 in
3131 927 3384 990 Domino.

1830 1025 2100 1086 caputque
2143 1025 2389 1070 nostrum
2430 1025 2538 1080 est,
2563 1019 2815 1085 quamvis
2853 1019 3092 1087 seipsum
3117 1019 3391 1073 subduxe-

1830 1109 1920 1174 rit,
1958 1108 2028 1163 ob
2055 1105 2257 1163 Christi
2285 1107 2531 1161 mutulam
2573 1109 2932 1163 humilitatem
2977 1110 3176 1179 degens
3221 1110 3273 1162 in
3312 1111 3391 1165 si-

1833 1199 2035 1256 lentio:
2066 1199 2225 1269 cujus
2256 1200 2422 1254 ductu
2462 1215 2524 1254 ac
2555 1200 2804 1270 precibus
2833 1201 3044 1256 conﬁdo
3075 1217 3171 1255 vos
3208 1203 3388 1256 salvus

1830 1292 1968 1357 fore,
2005 1295 2049 1349 si
2081 1294 2242 1347 modo
2285 1301 2668 1361 congruentem
2701 1308 2830 1361 erga
2862 1293 3012 1347 illum
3064 1293 3221 1346 ﬁdem
3256 1296 3385 1346 ohe-

1829 1385 2194 1454 dientiamque
2213 1384 2518 1455 prmbeatis.
2553 1383 2756 1440 Deinde
2797 1401 2957 1454 quem
2992 1385 3090 1454 ipsi
3116 1385 3385 1439 eoinmuni

1829 1477 2038 1533 calculo
2066 1475 2345 1537 divinitus,
2392 1481 2620 1544 paterno
2666 1476 2895 1529 consilio
2926 1486 3217 1542 praeeunte,
3249 1491 3390 1544 prie-

1828 1565 2112 1625 ﬁcietisJu
2131 1582 2242 1637 quo
2257 1567 2400 1621 enim
2419 1567 2759 1620 consenserit
2782 1564 3094 1621 fraternitas
3113 1568 3384 1630 universa,

1828 1672 1882 1716 et
1902 1661 2027 1717 huic
2045 1676 2149 1730 ego
2175 1659 2349 1714 libens
2370 1659 2667 1727 volensque
2693 1658 2980 1730 suffragor.
3001 1658 3200 1713 Verum
3238 1661 3386 1720 ades,

1766 1763 1979 1862 Bpater
2023 1768 2086 1808 ac
2138 1750 2340 1814 frater,
2389 1753 2699 1821 quicunque
2749 1750 2962 1806 futurus
3000 1765 3100 1804 es:
3154 1765 3219 1804 en
3268 1751 3388 1803 ﬁdei

1829 1852 1935 1898 tua?
1965 1843 2120 1898 trado
2144 1843 2197 1897 in
2247 1842 2420 1896 oculis
2470 1842 2582 1905 Dei,
2624 1843 3029 1912 electorumque
3075 1844 3385 1911 angelorum

1829 1936 1970 2002 ejus,
2007 1942 2174 1985 totam
2204 1930 2258 1984 in
2289 1930 2508 1985 Christo
2529 1929 2949 1990 fraternitatem.
2981 1939 3039 1983 ut
3070 1945 3187 1983 eam
3216 1931 3389 1984 susci-

1829 2025 1967 2095 pias.
1994 2025 2064 2078 At
2091 2023 2367 2093 quomodo
2414 2023 2649 2092 accipies
2673 2022 2696 2076 ἲ
2739 2037 2848 2092 quo
2875 2033 3032 2091 pacto
3062 2023 3256 2092 reges?
3282 2038 3388 2090 qua

1830 2115 2040 2172 ratione
2064 2112 2665 2182 custodies?Tanquam
2693 2129 2863 2182 agnos
2886 2113 3108 2177 Christi,
3135 2123 3387 2182 tanquam

1829 2207 2070 2262 membra
2097 2214 2188 2259 tua
2209 2205 2552 2267 charissima,
2601 2205 2810 2270 fovens,
2838 2219 3158 2274 procurans.
3183 2215 3232 2256 et
3268 2204 3390 2257 dili-

1831 2315 1962 2370 gens
2013 2313 2477 2367 unumquemque,
2509 2296 2660 2366 juxta
2692 2312 2900 2366 aequam
2932 2296 3210 2350 charitatis
3239 2311 3386 2349 men-

1834 2404 2019 2445 suram
2054 2404 2068 2452 ;
2098 2387 2354 2456 quoniam
2387 2401 2453 2441 ex
2488 2402 2644 2456 teque
2671 2387 2912 2440 membra
2946 2386 3192 2455 corporis
3219 2385 3393 2455 diligit

1832 2479 2232 2548 unusquisque.
2263 2477 2423 2545 Aperi
2452 2477 2656 2530 viscera
2682 2488 2770 2528 tua
2796 2475 2850 2528 in
2873 2473 3350 2528 commiseratione
3375 2490 3389 2527 :

1831 2567 2082 2624 introduc
2134 2582 2324 2621 omnes
2360 2566 2412 2620 in
2468 2565 2838 2621 misericordia
2879 2582 2893 2619 :
2930 2565 3069 2620 laeta
3110 2567 3232 2620 illos
3265 2585 3279 2619 :
3309 2581 3392 2620 re-

1833 2659 2002 2715 forma
2031 2661 2152 2712 illos
2182 2676 2196 2712 :
2231 2660 2428 2727 perﬁce
2450 2659 2569 2712 illos
2606 2657 2658 2711 in
2694 2657 2943 2712 Domino.
2978 2657 3126 2712 Acue
3155 2669 3391 2712 mentem

1832 2759 1977 2804 tuam
2000 2750 2301 2818 prudentia,
2328 2747 2502 2801 excita
2527 2747 2859 2817 diligentiam
2887 2746 3202 2802 fortitudine
3227 2765 3240 2802 :
3268 2763 3394 2801 con-

1839 2843 1990 2894 ﬁrma
2029 2850 2215 2909 pectus
2262 2838 2367 2893 ﬁde
2415 2853 2480 2892 ac
2513 2854 2648 2906 spe:
2702 2853 2974 2905 praeurre
2999 2838 3103 2892 illis
3139 2839 3203 2892 ad
3233 2853 3394 2891 omne

1839 2944 1977 3000 opus
2007 2931 2205 2982 bonum
2241 2946 2256 2995 ;
2292 2943 2565 2998 propugua
2603 2927 2864 2983 adversus
2891 2929 3162 2998 spiritales
3213 2928 3395 2981 inimi-

1831 3033 1926 3076 cos
1947 3037 1960 3072 :
1979 3017 2227 3084 defende,
2248 3019 2420 3088 dirige
2444 3035 2458 3077 :
2479 3021 2677 3087 perduc
2700 3019 2821 3072 illos
2847 3019 2914 3072 ad
2939 3019 3150 3071 virtutis
3176 3019 3389 3071 sedem:

181 3117 381 3168 ρευσαι
423 3101 600 3154 αὐτῶν
625 3104 681 3154 ὲν
735 3103 881 3173 πάσῃ
928 3102 1294 3174 ἀγαθοεργίαο
1331 3103 1744 3174 προπολεμήσον

1836 3109 2011 3164 divide
2040 3109 2145 3164 illis
2171 3118 2370 3163 terram
2412 3111 2717 3180 tranquillae
2759 3111 3046 3165 affectuum
3085 3111 3392 3165 vacuitatis.

176 3190 328 3243 κατά
348 3189 454 3244 τῶν
482 3194 684 3260 νοητῶς
714 3195 1034 3263 μαχομένων
1056 3209 1071 3225 ’
1103 3195 1472 3265 ύπεράσπισαι
1497 3209 1510 3222 ·
1539 3192 1745 3246 διευθέ-

177 3297 352 3349 τησον
377 3297 391 3311 ·
418 3281 679 3351 εἰσάγαγε
709 3285 908 3347 αὐτοὺς
935 3287 1013 3349 είς
1061 3285 1153 3339 τὸν
1195 3285 1289 3354 τῆς
1319 3285 1518 3356 ἀρετῆς
1544 3284 1706 3337 τόπον
1728 3299 1744 3317 ο

1833 3197 2121 3268 Propterea
2174 3199 2423 3251 mandata
2485 3200 2598 3253 haec
2649 3200 2745 3254 tibi
2793 3205 2882 3265 do,
2923 3216 3044 3270 qua:
3100 3201 3389 3255 observare

1833 3290 2147 3346 necessario
2173 3289 2358 3343 debes.

171 3373 574 3444 κληροδότησαι
600 3373 697 3440 τὴν
727 3373 832 3443 γῆν
861 3374 958 3443 τῆς
979 3374 1250 3441 ἀπαθείας
1280 3415 1294 3432 .
1331 3377 1425 3430 Διὸ
1477 3377 1572 3432 καὶ
1630 3375 1937 3448 ἐντέλλομαί
1994 3399 2078 3438 σοι
2118 3383 2216 3444 τὰς
2283 3379 2504 3443 ἐντολὰς
2539 3380 2760 3445 ταύτας,
2811 3382 2990 3451 ἇσπερ
3032 3381 3395 3451 διακρατῆσαι

171 3464 416 3530 ὀφείλεις
449 3461 593 3514 κατὰ
619 3462 679 3515 τὸ
704 3464 1017 3530 ἀναγκαῖον.

539 3572 807 3626 Ἔντολαί
840 3570 918 3636 τῷ
955 3568 1388 3638 καθηγουμένῳ.

243 3695 316 3744 α’.
348 3689 424 3742 Ού
453 3685 752 3749 διαλλάξεις
794 3679 885 3736 οῦν
923 3683 980 3736 ὃν
1028 3681 1362 3752 προσέλαϐες
1414 3678 1583 3733 τύπον
1642 3679 1737 3733 καὶ

170 3781 377 3831 κανόνα
410 3776 555 3846 παρά
591 3776 690 3845 τῆς
718 3771 1096 3835 ταπεινώσεὼς
1132 3789 1234 3842 μου
1264 3774 1323 3824 ὲν
1352 3771 1577 3836 ἅπασιν,
1607 3770 1735 3825 ἄνευ

172 3871 609 3940 κατεπειγούσης
633 3871 896 3937 ἀνάγκης.

250 3984 316 4053 β’.
349 3985 423 4036 Οὐ
459 3985 632 4053 κτήσῃ
660 3980 754 4034 τοῦ
795 3959 1000 4050 κόσμου
1046 3977 1238 4032 τούτου
1266 3995 1345 4044 τι,
1375 3975 1496 4030 ούδὶ
1523 3975 1735 4046 ἀποθηο

178 4076 462 4146 σαυρίσεις
488 4073 784 4145 ίδιορίστως
812 4074 891 4136 είς
928 4071 1120 4125 ἑαυτὸν
1164 4069 1325 4140 μέχρι
1351 4069 1446 4122 καὶ
1490 4067 1608 4130 ἑνὸς
1639 4067 1741 4139 ἀρο

175 4167 399 4239 γυρίου.

253 4277 323 4350 γ’.
355 4279 430 4332 Οὐ
464 4276 619 4346 διαμε
631 4277 741 4346 ρίσε
753 4293 799 4339 ις
827 4278 924 4348 τὴν
942 4275 1120 4346 ψυχὴν
1159 4272 1255 4326 καὶ
1273 4273 1372 4343 τὴν
1398 4271 1627 4341 καρδίαν
1645 4287 1738 4323 σου

179 4376 242 4427 ὲν
271 4370 452 4440 σχέσει
492 4369 585 4422 καὶ
628 4367 886 4438 φροντίδι,
926 4367 1077 4437 παρά
1119 4367 1244 4429 τοὺς
1286 4364 1390 4418 ὑπὸ
1415 4363 1548 4416 Θεοῦ
1583 4378 1742 4414 πεπι-

2200 3560 2458 3614 Mandata
2485 3563 2768 3631 praposito
2798 3564 3020 3617 tradita.

1905 3671 1957 3724 l.
1989 3669 2104 3726 Non
2138 3672 2301 3742 igitur
2345 3673 2684 3740 immutabis,
2722 3677 2927 3745 absque
2957 3688 3178 3747 urgente
3209 3696 3397 3734 neces-

1835 3762 2015 3828 sitate,
2039 3763 2268 3818 fortnam
2298 3773 2352 3819 et
2386 3767 2831 3837 regulam,quam
2856 3771 2923 3823 ab
2951 3771 3253 3824 humilitate
3280 3788 3397 3825 mea

1837 3853 1890 3908 in
1920 3856 2174 3908 omnibus
2208 3857 2487 3923 accepisti.

1901 3965 1957 4019 2.
1989 3963 2106 4018 Νοη
2139 3967 2441 4035 possidebis
2469 3984 2533 4022 ex
2571 3968 2773 4022 munth
2803 3971 2902 4023 hoc
2927 3969 3221 4039 quidquam
3253 3989 3267 4026 :
3303 3988 3398 4026 uec

1835 4054 1931 4110 tibi
1962 4058 2066 4127 ipsi
2092 4058 2308 4127 proprie
2339 4074 2567 4128 repones
2595 4062 2673 4112 vel
2701 4063 2918 4114 unicum
2949 4072 3288 4132 argenteum.

1899 4253 1954 4308 5.
2004 4254 2125 4309 Non
2158 4253 2367 4309 divides
2417 4256 2662 4308 animum
2699 4267 2750 4311 et
2789 4274 2884 4312 cor
2921 4271 3074 4312 tuum
3101 4261 3223 4315 aliis
3251 4263 3398 4316 curis

1832 4355 1886 4400 et
1913 4345 2389 4408 sollicitudinibus,
2423 4358 2638 4416 propter
2680 4364 2774 4403 eos
2816 4349 2907 4419 qui
2936 4351 3029 4402 tibi
3064 4365 3094 4404 a
3121 4351 3230 4405 Deo
3252 4369 3400 4406 com-

188 4464 535 4533 στευμένους,
563 4461 656 4514 καὶ
686 4459 777 4511 ὑπ’
815 4458 948 4529 ἐμοῦ
977 4458 1460 4528 παραδεδομένους,
1481 4455 1574 4507 καὶ
1597 4469 1741 4520 γενο-

1836 4441 2077 4502 missi,et
2103 4457 2131 4494 a
2161 4456 2246 4494 me
2267 4441 2448 4495 traditi
2478 4451 2626 4504 sunt,
2651 4445 2925 4512 spiritales
2955 4446 3094 4500 ﬁlios
3118 4454 3172 4500 et
3200 4446 3396 4502 fratres

181 4557 381 4628 μένους
408 4569 501 4607 σου
535 4553 938 4616 πνευματικοῦς
987 4552 1132 4610 υἱοὺς
1166 4551 1259 4602 καὶ
1291 4546 1570 4617 ἀδελφούς.
1603 4543 1742 4598 Οῦτε

178 4652 259 4712 είς
319 4646 448 4710 τούς
507 4661 634 4698 ποτε
692 4643 833 4697 κατά
886 4643 1062 4710 σάρκα
1102 4641 1286 4704 ίδίους,
1315 4640 1349 4710 ἢ
1380 4635 1740 4706 συγγενεῖς,ἥ

180 4737 392 4807 φίλους,
429 4735 462 4804 ἢ
496 4733 844 4803 συνεταίρους
870 4771 885 4792 ,
913 4733 1092 4801 χρήσῃ
1130 4733 1242 4791 τοῖς
1281 4729 1379 4797 τῆς
1410 4726 1618 4789 οἰκείας
1649 4741 1744 4794 μο-

179 4830 300 4900 νῆς,
328 4827 450 4881 οὕτε
489 4826 620 4890 ζῶν,
657 4824 781 4877 οὔτε
823 4823 960 4893 μετά
1006 4821 1255 4881 θάνατον,
1309 4815 1744 4889 ὲλεημονητικῶς

182 4921 216 4991 ἢ
258 4916 685 4989 κληρονομικῶς,
725 4917 804 4977 είς
847 4914 969 4976 τοὺς
1021 4913 1120 4982 ἥδη
1166 4907 1617 4981 προειρημένους.
1669 4905 1744 4959 ού

184 5011 292 5079 γὰρ
323 5011 388 5061 ὲκ
429 5007 538 5060 τῶν
582 5004 674 5058 τοῦ
719 5005 922 5074 κόσμου
983 4997 1053 5063 εἴ,
1082 5002 1168 5054 ἵνα
1193 5000 1424 5070 μετέχῃς
1443 4998 1549 5051 τῶν
1571 5000 1634 5050 ἐκ
1650 4996 1745 5049 τοῦ

185 5100 414 5168 κόσμου.
449 5096 593 5167 Πλὴν
622 5097 668 5147 εξ
697 5096 879 5164 μήπου
924 5092 1213 5163 μεταϐαίέν
1252 5106 1396 5153 τινες
1417 5090 1482 5141 ὲκ
1509 5087 1601 5140 τοῦ
1630 5103 1747 5139 κοι-

186 5188 416 5244 νωνικοῦ
446 5186 561 5257 βίου
598 5185 732 5254 πρὸς
767 5183 827 5237 τὸ
865 5181 984 5236 καθ’
1011 5183 1154 5251 ἡμᾶς
1201 5181 1389 5249 τάγμα
1416 5195 1431 5210 ο
1463 5178 1557 5231 καὶ
1605 5175 1748 5230 οὕτω

190 5280 494 5351 φροντίσεις
524 5278 663 5329 κατὰ
705 5275 931 5344 μίμησιν
959 5273 1067 5326 τῶν
1092 5273 1264 5340 ἁγίων
1295 5269 1573 5338 Πατέρων.

258 5373 319 5425 δ’.
340 5371 416 5424 Οὐ
437 5370 614 5438 κτήσῃ
630 5365 832 5426 δοῦλον,
848 5362 968 5416 alita
982 5365 1061 5425 είς
1076 5365 1173 5432 τὴν
1191 5357 1748 5430 οίκείανχρείαν,οῦτε

193 5465 272 5526 είς
302 5463 400 5530 τὴν
427 5459 637 5513 οἰκείαν
672 5443 861 5526 μονὴν,
892 5453 1014 5507 οὔτε
1037 5455 1116 5515 εἰς
1142 5453 1367 5521 ἀγροὺς,
1395 5449 1489 5502 τὸν
1517 5450 1636 5502 κατ’
1665 5450 1744 5501 εἰ-

192 5553 323 5606 κόνα
344 5549 479 5604 Θεοῦ
497 5548 757 5617 γεγονότα
781 5545 1060 5612 ἄνθρωπον
1083 5543 1274 5609 ’,τοῦτο
1287 5543 1393 5612 γὰρ
1434 5541 1610 5611 μόνοις
1641 5543 1750 5602 τοῖς

195 5646 252 5696 ἐν
279 5641 356 5713 τῷ
386 5641 486 5710 βίῳ
510 5637 951 5706 συγκεχώρηται,
983 5634 1097 5697 ὡςὸ
1129 5635 1303 5704 γάμος
1325 5647 1340 5662 °
1375 5634 1457 5684 σοὶ
1503 5632 1557 5684 δὲ
1577 5630 1752 5701 χρεὼν

198 5733 503 5803 παρασχεῖν
530 5728 756 5780 σεαυτὸν
788 5725 972 5780 δοῦλον
1007 5728 1121 5786 τοῖς
1149 5723 1444 5794 ὁμοψύχοις
1472 5738 1565 5777 σου
1596 5722 1756 5777 ἀδελ-

1833 4539 1972 4582 ιιιοε.
2012 4528 2132 4583 Non
2157 4531 2407 4598 erogabis
2453 4532 2506 4585 in
2533 4542 2654 4588 tuos
2674 4535 2802 4587 olim
2838 4536 3141 4590 secundum
3170 4552 3388 4591 carnem

1832 4633 1923 4675 aut
1955 4624 2308 4691 prepinquos,
2343 4631 2439 4677 aut
2469 4625 2699 4690 amicos,
2732 4636 2825 4680 aut
2853 4629 3064 4682 sodales
3089 4644 3151 4683 ex
3185 4631 3390 4697 [ποντίί

1832 4715 2146 4768 monasterii
2191 4715 2350 4769 rebus
2386 4716 2707 4785 quidquam,
2751 4735 2850 4772 nec
2901 4720 3107 4785 vivens,
3141 4736 3238 4775 nec
3272 4734 3393 4790 post

1833 4815 2083 4869 mortem,
2127 4805 2485 4874 eleemosyna:
2516 4810 2599 4862 vel
2631 4809 2965 4866 haereditatis
3007 4815 3223 4866 nomine
3255 4829 3270 4866 :
3307 4829 3394 4867 ne-

1830 4914 1935 4966 que
1959 4898 2102 4950 enim
2132 4912 2199 4951 ex
2232 4898 2432 4951 seculo
2464 4914 2544 4963 es,
2579 4910 2637 4954 ut
2674 4904 3006 4956 consortium
3040 4905 3238 4959 habeas
3267 4920 3390 4959 eum

1829 4989 2179 5044 saecularibus
2208 5006 2223 5056 ;
2254 4990 2359 5044 uisi
2395 4993 2489 5060 qui
2522 4991 2663 5048 forte
2689 5009 2756 5047 ex
2788 4995 3040 5049 C(BIIODlO
3065 4997 3117 5049 iu
3148 4997 3390 5052 ordinem

1833 5092 2078 5135 nostrum
2141 5084 2475 5148 transierint,
2527 5092 2689 5153 atque
2735 5085 2806 5138 ita
2838 5101 3028 5140 eorum
3074 5102 3258 5142 curam
3300 5105 3394 5160 ge-

1830 5189 1918 5227 ras
1956 5175 2022 5226 ad
2050 5175 2358 5244 exemplum
2395 5184 2713 5231 sanctorum
2746 5175 2990 5230 Patrum.

1898 5357 1951 5405 4.
1981 5353 2098 5408 Non
2131 5355 2434 5424 possidebis
2463 5372 2702 5421 servum,
2736 5372 2835 5412 nec
2869 5365 2990 5412 tuos
3016 5359 3068 5411 in
3104 5373 3257 5419 usus,
3292 5375 3394 5415 nec

1830 5447 2032 5516 proprii
2081 5450 2426 5514 monasterii,
2467 5464 2564 5503 nec
2605 5448 2838 5517 denique
2891 5448 2956 5502 ad
3001 5464 3183 5518 agros,
3219 5452 3396 5504 homi-

1830 5555 1951 5593 nem
1979 5542 2068 5610 qui
2106 5541 2171 5595 ad
2210 5540 2303 5596 Dei
2348 5542 2637 5611 imaginem
2686 5542 2864 5596 factus
2910 5553 2991 5596 est
3033 5558 3049 5596 :
3101 5541 3204 5595 hoc
3248 5543 3392 5596 enim

1831 5631 1962 5687 solis
1987 5633 2338 5688 secularibus
2366 5647 2678 5689 concessum
2709 5641 2812 5698 est,
2856 5633 2996 5687 sicut
3049 5632 3275 5702 nuptiae.
3309 5632 3392 5687 Tu

1829 5738 1956 5779 vero
1992 5724 2246 5782 fratribus
2274 5725 2382 5782 tuis
2419 5724 2687 5781 unanimis
2714 5726 2953 5781 sciosum
2980 5723 3241 5780 famulum
3275 5727 3392 5780 ani-
