3976 6314
621 335 757 399 1819

1800 358 1860 416 S.
1904 356 2295 417 THEODORI
2344 353 2696 414 STUDlT/E

3731 346 3857 409 189:0

614 462 707 501 mo
754 457 1010 517 praestare
1058 451 1245 519 debes,
1275 454 1405 512 licet
1441 468 1662 515 externa
1704 463 1884 533 specie
1922 475 2152 535 tanquan

2285 464 2404 529 φοίς
2431 464 2497 530 τῇ
2528 460 2805 529 προθέσει,
2845 460 2947 513 κάν
2967 462 3032 531 τῇ
3062 460 3167 524 ἔξω
3194 459 3519 531 ἐπιφανείᾳ,
3549 460 3634 524 ὡς
3657 462 3858 516 Δεσπό-

614 537 876 594 Dominus
900 548 956 594 et
980 544 1237 614 magister
1274 562 1541 617 reputere.

681 631 735 684 5.
763 628 875 687 Nec
911 633 1116 691 habeas
1156 636 1462 706 jumentum
1513 641 1735 699 feminei
1773 662 1941 703 sexus
1972 648 2041 703 ad
2086 649 2184 703 mi-

614 721 839 779 nisteria
868 730 1199 792 necessaria,
1232 741 1287 784 tu
1310 733 1403 801 qui
1447 733 1661 791 feminis
1706 740 1933 794 omnino
1979 756 2183 795 renun-

2281 571 2380 626 της
2410 552 2602 626 λογίζῃ
2638 555 2733 607 καί
2757 552 3097 616 διδάσκαλος.

2352 651 2415 704 ε’.
2451 645 2528 701 Οὖ
2562 646 2749 717 σχοίης
2778 644 2915 709 ζῶον
2942 645 3051 698 τῶν
3083 646 3147 699 ὲκ
3179 643 3273 699 τοῦ
3308 643 3523 717 θήλεως
3554 647 3757 715 γένους
3782 648 3855 710 είς

2280 738 2470 809 χρείαν
2490 738 2856 811 ὐπουργικὴν,
2885 736 3012 809 ὀτῷ
3049 736 3201 810 θήλει
3242 740 3607 793 παντάπασιν
3653 738 3855 791 6m-

608 813 759 870 tiasti
793 830 809 869 :
844 832 1017 885 neque
1041 819 1096 875 in
1137 826 1495 889 monasterio.
1528 842 1704 899 neque
1730 829 1785 884 in
1829 834 1977 901 agris
2009 850 2022 887 :
2052 846 2152 888 cun

2280 835 2507 907 ξάμενος
2533 851 2547 867 ⁸
2584 835 2707 889 οὔτε
2749 837 2807 889 ἐν
2832 837 2900 907 τῇ
2936 838 3101 907 μονῇ,
3131 833 3256 890 οὔτε
3276 837 3335 889 ὲν
3364 836 3481 900 τοῖς
3504 834 3726 905 ἀγροῖς.
3751 836 3854 889 Κα-

608 918 710 961 nec
739 907 1028 978 quisquam
1073 923 1383 969 sanctorum
1428 926 1645 987 patrum
1685 932 1998 979 nostrorum
2045 939 2145 980 usu

2276 925 2383 990 Οὼς
2431 925 2603 989 οὐδεὶς
2647 925 2755 979 τῶν
2805 926 2967 979 ὁσίων
3017 927 3111 979 καὶ
3169 925 3341 994 ἀγίων
3387 926 3659 997 Πατέρων
3703 926 3855 997 ἡμῶν

606 995 697 1059 sit,
729 1012 829 1052 nec
859 1008 1051 1056 natura
1082 1002 1198 1073 ipsa
1224 1009 1519 1076 permittat.

676 1084 731 1140 6.
763 1087 882 1143 Non
906 1093 1286 1161 superveberis
1315 1101 1471 1169 equis
1516 1111 1611 1158 aut
1642 1104 1807 1163 mulis
1839 1108 2045 1180 absque
2079 1128 2174 1167 ne-

605 1178 864 1236 cessitate
892 1199 907 1248 ;
935 1184 1029 1238 sed
1056 1184 1256 1243 Christi
1286 1192 1557 1262 exemplo,
1592 1196 1818 1264 pedibus
1856 1178 2168 1259 iterﬁfacies.

606 1266 701 1323 Sin
729 1272 933 1338 minus,
967 1278 1147 1345 pullus
1175 1282 1315 1336 asini
1350 1285 1454 1339 erit
1478 1286 1783 1355 jumentum
1813 1300 1987 1349 tuum.

678 1359 728 1415 7.
758 1363 986 1421 Curabis
1016 1372 1259 1433 omnino.
1292 1383 1349 1428 ut
1380 1376 1518 1431 inter
1541 1377 1737 1436 fratres
1769 1388 2077 1441 communia
2114 1398 2171 1444 et

602 1449 831 1509 indivisa
853 1456 961 1512 sint
985 1461 1191 1525 omnia,
1214 1474 1266 1519 et
1296 1467 1429 1521 nihil
1457 1470 1779 1543 cujusquam
1812 1480 2016 1547 proprii
2040 1480 2166 1551 jure

600 1544 845 1612 dominii,
879 1565 1051 1620 usque
1079 1554 1145 1608 ad
1170 1570 1347 1612 acum.
1374 1560 1490 1615 Tibi
1516 1578 1644 1619 vero
1666 1574 1720 1620 et
1751 1569 1931 1623 anima
1959 1581 2012 1625 et
2040 1586 2164 1626 cor-

601 1650 725 1704 pus,
755 1654 853 1694 nec
882 1653 1140 1710 praeterea
1169 1649 1486 1720 quidquam,
1508 1670 1660 1722 atque
1692 1658 1846 1714 lance
1876 1662 2160 1719 cltaritatis

600 1727 771 1782 divisa
809 1742 970 1787 sunto
1004 1733 1061 1789 in
1089 1751 1280 1795 omnes
1314 1751 1438 1799 tuos
1478 1747 1748 1816 spiritales
1776 1752 1914 1807 filios
1951 1771 2017 1810 ac
2043 1755 2155 1812 fra-

598 1825 730 1872 tres.

668 1909 721 1963 8.
749 1909 864 1968 Non
883 1915 1097 1975 “habeas
1143 1937 1267 1977 cum
1315 1928 1666 1987 saecularibus
1713 1934 2030 2006 adoptiones
2070 1954 2165 1999 aut

595 2003 1025 2074 consiliationes,
1089 2020 1144 2065 tu
1184 2016 1276 2081 qui
1308 2020 1565 2075 mundum
1620 2022 1763 2095 fugis
1812 2003 1875 2083 ac
1924 2035 2159 2102 nuptias.

594 2090 713 2148 Non
748 2099 890 2152 enim
930 2105 1197 2170 reperitur
1234 2107 1287 2161 in
1354 2113 1596 2181 patribus
1628 2134 1644 2183 ;
1679 2090 1752 2184 et,
1796 2120 1840 2175 si
1871 2090 2159 2194 reperitur,

595 2200 721 2241 raro
757 2206 769 2241 :
801 2206 972 2261 neque
1001 2194 1050 2247 id
1084 2196 1168 2251 lex
1196 2209 1298 2254 est.

663 2276 717 2331 9.
757 2276 875 2334 Non
925 2286 1144 2352 epulare
1185 2306 1307 2345 cum
1360 2295 1702 2365 mulieribus,
1729 2316 1954 2373 excepta
1990 2321 2160 2367 matre

595 2373 685 2421 tua
733 2373 1029 2428 secundum
1073 2392 1317 2446 carnem,
1352 2395 1405 2438 et
1442 2401 1632 2445 sorore
1687 2400 1799 2458 tUa,
1841 2396 1957 2452 sive
1994 2415 2159 2457 cano-

593 2457 729 2513 nica:
759 2461 979 2530 fuerint,
1008 2468 1122 2523 sive
1142 2473 1428 2531 saaculares
1459 2494 1472 2530 :
1504 2480 1603 2535 nisi
1652 2483 1734 2538 vis
1778 2486 1957 2557 aliqua
1990 2500 2042 2544 et
2063 2507 2160 2548 ne-

588 2551 818 2609 cessitas
842 2554 1103 2625 impellat,
1132 2562 1274 2618 sicut
1298 2567 1589 2625 admonent
1621 2576 1792 2629 sancti
1816 2551 2024 2635 Patres.

663 2750 750 2805 10.
787 2751 865 2808 Ne
912 2754 1168 2827 frequens
1196 2761 1272 2815 sis
1304 2762 1355 2816 in
1403 2769 1711 2836 egressibus
1740 2783 1793 2827 et
1820 2774 2154 2833 circumcur-

586 2845 914 2913 sationibus,
936 2852 1217 2919 proprium
1235 2859 1375 2912 ovile
1393 2861 1646 2918 deserens
1669 2867 1785 2920 sine
1807 2872 2154 2928 necessitate:

589 2942 783 2997 melius
825 2945 969 3000 enim
1015 2957 1100 3003 est
1143 2958 1197 3003 et
1243 2953 1572 3020 optabilius,
1612 2969 1671 3010 ut
1715 2959 1795 3012 vel
1846 2963 2053 3019 otiosus
2101 2965 2155 3020 in

586 3034 743 3087 caula
768 3035 987 3105 degens,
1012 3054 1231 3095 servare
1252 3046 1431 3111 possis
1448 3047 1733 3104 variabiles
1757 3060 1810 3103 et
1838 3052 1941 3107 late
1966 3070 2154 3109 erran-

587 3134 669 3179 tes
698 3128 995 3183 rationales
1026 3145 1176 3187 oves.

657 3220 742 3273 ll.
793 3220 1121 3279 Observabis
1170 3242 1417 3296 prorsus,
1452 3240 1509 3285 ut
1538 3233 1844 3290 Cateehesin
1876 3246 1956 3291 ter
1977 3239 2153 3307 quali-

588 3310 677 3366 bet
697 3312 1036 3370 hebdomada
1092 3316 1261 3373 facias
1287 3323 1518 3390 vesperi,
1552 3325 1635 3378 vel
1662 3341 1755 3395 per
1774 3330 2146 3399 temetipsum.

584 3404 666 3458 vel
695 3420 788 3474 per
836 3408 1000 3461 alium
1033 3412 1338 3480 quempiam
1382 3429 1412 3467 e
1460 3416 1626 3484 liliis;
1672 3421 1926 3488 quoniam
1967 3437 1995 3476 a
2051 3421 2154 3478 Pa-

584 3493 761 3549 tribus
783 3496 1039 3552 traditum
1064 3510 1167 3567 est,
1187 3511 1243 3555 et
1264 3503 1522 3559 salutare.

654 3587 741 3642 i2.
785 3586 901 3643 Non
930 3591 1084 3646 dabis
1136 3608 1362 3662 parvum
1413 3598 1680 3666 habitum,
1730 3618 1888 3672 quem
1933 3620 2145 3672 vocant,

579 3686 767 3746 postea
818 3680 983 3735 veluti
1034 3698 1290 3755 magnum
1338 3704 1352 3740 :
1408 3705 1553 3744 unus
1601 3692 1745 3745 enim
1784 3703 1865 3748 est
1911 3695 2146 3759 habitus.

580 3769 746 3823 sicuti
791 3780 843 3825 et
887 3772 1179 3843 baptisma,
1232 3781 1687 3845 quemadmodum
1733 3784 1785 3837 in
1837 3800 1985 3841 more
2042 3788 2147 3842 fuit

577 3869 892 3915 sanctorum
926 3864 1166 3922 Patrum.

649 3972 733 4027 15.
796 3972 913 4028 Non
959 3980 1235 4036 transilies
1274 3981 1420 4052 leges
1462 3994 1517 4038 et
1566 3989 1780 4057 regulas
1830 4004 2145 4050 sanctorum

576 4057 839 4125 Patrum,
892 4067 1160 4136 praecipue
1214 4080 1338 4125 ante
1395 4089 1584 4130 omnes
1649 4078 1816 4132 divini
1862 4084 2147 4154 magnique

580 4154 761 4209 Basilii
797 4173 810 4209 :
872 4159 967 4213 sed
1008 4161 1273 4231 quidquid
1324 4162 1492 4221 facies
1536 4177 1632 4221 aut
1676 4169 1844 4232 dices,
1889 4181 2145 4243 tanquam

576 4245 949 4301 testimonium
995 4248 1203 4307 habens
1258 4268 1326 4307 ex
1380 4252 1678 4326 Scripturis
1719 4260 1905 4325 facies,
1960 4276 2054 4318 aut
2079 4282 2143 4321 ex

578 4345 796 4403 paterna
838 4344 1234 4399 consuetudine
1272 4348 1480 4417 absque
1530 4353 1768 4407 mandati
1804 4355 1973 4411 divini
2015 4374 2147 4428 prae-

575 4427 928 4485 varicatione.

645 4539 734 4594 Η.
765 4537 883 4595 Non
926 4542 1273 4615 derelinques
1321 4564 1534 4619 gregem
1565 4559 1742 4615 tuum,
1767 4561 1825 4606 ut
1868 4555 1933 4608 ad
1972 4556 2139 4612 alium
2166 4523 2219 4582 Β

573 4638 853 4699 transeas;
884 4644 979 4689 aut
1019 4637 1087 4691 ad
1121 4638 1437 4707 dignitatem
1480 4658 1585 4694 non
1621 4652 1914 4711 revertere,
1939 4648 2042 4701 nisi
2072 4664 2136 4703 ex

571 4738 847 4782 consensu
870 4738 922 4779 et
947 4728 1337 4797 approbatione
1365 4728 1745 4787 fraternitatis.

644 4814 729 4870 15.
753 4813 873 4871 Non
892 4819 1043 4875 ineas
1064 4820 1357 4875 amicitiam
1381 4839 1504 4877 cum
1529 4826 1823 4892 canonica;
1850 4842 2023 4897 neque
2053 4830 2137 4884 in-

569 4908 819 4977 grediare
849 4914 1239 4967 monasterium
1265 4913 1613 4979 feminarum,
1646 4934 1748 4973 nec
1783 4920 1933 4975 solus
1967 4923 2137 4977 collo-

568 5014 738 5068 quare
755 5016 878 5055 cum
901 5005 1166 5060 monacha
1187 5007 1271 5061 vel
1297 5010 1565 5074 saeculari,
1585 5011 1686 5064 nisi
1706 5013 2001 5069 necessitas
2025 5023 2136 5070 tra-

569 5092 690 5157 hat;
735 5092 895 5163 idque
921 5111 1044 5150 cum
1081 5099 1294 5154 duabus
1334 5102 1403 5155 ab
1441 5111 1672 5173 utraque
1702 5115 1853 5173 parte
1883 5110 2131 5175 personis

566 5185 874 5240 astantibus
898 5188 1085 5243 :unius
1102 5191 1269 5255 enim,
1288 5199 1347 5246 ut
1363 5193 1534 5259 aiunt,
1553 5193 1725 5250 facilis
1741 5198 2131 5255 estcalumnia.

638 5271 725 5327 l6.
745 5272 861 5328 Non
884 5278 1094 5345 aperies
1114 5280 1313 5334 ostium
1332 5285 1646 5339 monasterii
1668 5287 1735 5341 ad
1762 5288 2135 5345 intromitten-

564 5363 691 5418 dam
732 5364 989 5423 feminam
1050 5372 1215 5426 ullam
1260 5375 1377 5428 sine
1435 5392 1630 5446 magna
1682 5383 2021 5439 necessitate.
2075 5385 2129 5442 Si

564 5470 693 5512 vero
751 5470 903 5527 potes
953 5461 1091 5515 citra
1145 5475 1391 5520 mutuum
1446 5481 1723 5538 aspectum
1759 5476 2029 5545 excipere,
2076 5480 2128 5535 id

562 5560 781 5617 quoque
810 5548 1036 5606 minime
1064 5552 1465 5626 negligendum.

635 5658 722 5713 l7.
740 5658 857 5716 Non
878 5672 1082 5720 statues
1106 5666 1201 5720 tibi
1229 5667 1607 5734 diversorium,
1632 5684 1725 5732 aut
1754 5678 2129 5747 spiritualibus

564 5754 713 5821 ﬁliis,
771 5760 1084 5816 siccularcm
1140 5761 1383 5835 domum,
1415 5766 1467 5821 in
1503 5783 1612 5839 qua
1659 5773 1770 5828 sint
1809 5775 1971 5834 etiam
2003 5794 2125 5835 mu-

2274 1017 2565 1088 ιχρήσατο,
2604 1017 2726 1071 οὔτε
2759 1018 2792 1087 ἠ
2824 1017 2985 1088 φύσις
3024 1018 3165 1089 αὐτὴ
3194 1018 3485 1087 ἐπιτρέπει

2344 1114 2420 1173 ς’.
2449 1108 2565 1162 Οὐκ
2596 1108 2959 1179 ἐποχούμενος
2987 1108 3086 1180 ἔσῃ
3114 1109 3207 1162 ἐπὶ
3234 1108 3425 1172 ἵπποις
3466 1109 3567 1162 καὶ
3609 1108 3851 1179 ἡμιόνοις

2270 1199 2392 1271 δίχα
2424 1201 2670 1271 ἀνάγκης
2697 1217 2711 1231 ’
2744 1200 2877 1255 ἀλλὰ
2906 1203 3372 1273 Χριστομιμήτως
3420 1202 3848 1272 πεζοπορήσεις.

2270 1290 2335 1345 Et
2371 1292 2416 1345 δ’
2440 1289 2554 1359 οὖν,
2589 1294 2768 1357 πώλός
2800 1311 2881 1347 σοι
2910 1294 2971 1347 τὸ
3005 1293 3299 1364 ὑποζύγιον
3329 1292 3494 1348 ἔστω.

2336 1384 2402 1449 ζ’.
2434 1387 2847 1457 Παραφυλάξεις
2868 1388 3087 1451 πάντως
3116 1386 3177 1441 τὸ
3198 1388 3375 1441 πάντα
3406 1388 3468 1441 ἐν
3500 1390 3571 1457 τῇ
3612 1386 3841 1456 ἀδελφά-

2264 1491 2388 1545 τητι
2416 1478 2571 1530 κοινά
2607 1472 2767 1541 εἶναι,
2803 1480 2898 1532 καὶ
2924 1477 3217 1549 ἀμέριστα,
3249 1477 3345 1529 καὶ
3368 1476 3536 1547 μηδὲν
3577 1474 3728 1527 κατά
3754 1476 3849 1545 μὲ-

2264 1583 2356 1637 ρος
2378 1566 2471 1621 τοῦ
2501 1568 2624 1622 καθ’
2650 1569 2879 1623 ἕκαστον
2903 1571 2984 1633 είς
3024 1568 3406 1639 ἑξαῦθέντησιν
3431 1568 3604 1638 μέχρι
3632 1566 3733 1619 καὶ
3758 1569 3849 1637 ῥα-

2261 1656 2432 1726 φίδος.
2456 1657 2556 1710 Σοῦ
2585 1659 2640 1712 δὲ
2669 1660 2763 1713 καὶ
2792 1660 2852 1713 τὺ
2885 1660 3046 1731 σῶμα
3064 1662 3156 1713 καὶ
3180 1662 3212 1732 ή
3239 1660 3408 1730 ψυχὴ,
3437 1660 3575 1729 μήτι
3609 1676 3677 1727 γε
3699 1658 3847 1724 ἄλλο,

2265 1749 2505 1803 ἔστωσαν
2554 1750 3020 1822 διαμεμερισμένα
3059 1754 3116 1805 ὲν
3178 1752 3383 1823 ἰσότητι
3428 1752 3659 1822 ἀγάπης
3716 1754 3855 1806 πᾶσι

2197 1835 2241 1893 Β
2267 1845 2379 1904 τοῖς
2453 1846 2840 1913 πνευματικοῖς
2889 1860 2984 1898 σου
3044 1844 3251 1908 τέκνοις
3315 1844 3411 1898 καὶ
3458 1844 3741 1913 ἀδελφοῖς.

2334 1933 2402 2005 η’.
2446 1936 2519 1991 Οὐ
2546 1937 2733 2008 σχοίης
2761 1937 2896 2008 μετά
2924 1938 3204 2008 κοσμικῶν
3240 1937 3633 2006 ἀδελφοποιίας
3655 1941 3691 2010 ἦ
3738 1957 3853 1994 συν-

2261 2030 2500 2094 τεκνίας,
2534 2033 2562 2084 ὁ
2584 2032 2758 2099 φυγὰς
2785 2031 2879 2084 τοῦ
2913 2032 3116 2101 κόσμου
3142 2032 3236 2085 καὶ
3273 2033 3367 2086 τοῦ
3391 2034 3580 2103 γάμου
3608 2050 3622 2063 ·
3646 2035 3715 2087 οὐ
3744 2037 3851 2108 γάρ

2260 2119 2485 2192 εὓρηται
2524 2124 2581 2173 ὲν
2617 2126 2729 2185 τοῖς
2785 2123 3095 2192 Πατράσιψ
3125 2124 3252 2177 εἰδὲ
3284 2125 3379 2178 καὶ
3412 2124 3679 2195 εὓρηται,
3714 2143 3848 2179 crta.-

2264 2212 2466 2275 νιάκις.
2498 2213 2776 2267 καὶτοῦτο
2798 2215 2858 2267 οὑ
2891 2215 3075 2285 νόμος.

2337 2302 2402 2357 0'.
2437 2304 2510 2357 Οὐ
2572 2306 2963 2377 συνεστιαθήσῃ
3007 2308 3149 2377 μετὰ
3198 2307 3499 2375 γυναικῶν,
3542 2308 3695 2379 πλὴν
3752 2311 3846 2381 τῆς

2260 2397 2400 2450 κατά
2452 2396 2629 2467 σάρκα
2660 2398 2865 2470 μητρός
2904 2416 2997 2452 σου
3036 2400 3133 2453 καὶ
3172 2400 3430 2471 ἀδελφῆς,
3463 2402 3571 2454 κᾶν
3595 2419 3659 2455 τε
3690 2420 3846 2457 κανο-

2260 2489 2435 2559 νικῆς,
2463 2490 2564 2543 κᾶν
2596 2507 2651 2542 τε
2674 2493 2943 2561 κοσμικῆς
2966 2506 2980 2521 ⁸
3007 2491 3107 2545 οὐκ
3154 2485 3295 2554 οἶδας
3314 2492 3365 2544 εί
3394 2493 3470 2562 μή
3501 2510 3594 2558 τις
3626 2494 3724 2564 βία
3755 2498 3844 2550 καὶ

2259 2579 2470 2651 ἀνάγκη
2506 2579 2717 2653 καλοίη,
2744 2581 2924 2643 καθὼς
2948 2581 3413 2649 παρακελεύονται
3443 2585 3492 2637 οἱ
3522 2584 3681 2654 ἅγιοι
3725 2588 3837 2641 Πα-

2257 2671 2434 2740 τέρες.

2334 2783 2387 2837 ι’.
2422 2783 2496 2837 Οὐ
2530 2783 2717 2853 σχοίης
2741 2782 2802 2837 τὸ
2857 2783 3223 2856 πολυπρόοδον
3263 2786 3359 2839 καὶ
3398 2788 3836 2859 πολυγύρευτον.

2258 2877 2387 2931 ἀνευ
2422 2878 2669 2947 ἀνάγκης
2706 2878 3202 2949 ὲγκαταλιμπάνων
3235 2881 3297 2933 τὸ
3321 2883 3527 2935 οἰκεῖον
3560 2886 3832 2954 ποίμνιον.

2273 2970 2582 3039 Ἀγαπητὸν
2610 2972 2717 3041 γὰρ
2760 2972 2853 3023 καὶ
2884 2971 3211 3042 σχολάζοντα
3239 2973 3297 3026 ὲν
3324 2977 3391 3043 τῇ
3426 2975 3522 3026 ποί
3528 2991 3643 3046 μνῃ
3674 2976 3833 3045 δυνη-

2258 3061 2418 3132 Θῆναί
2447 3079 2507 3115 σε
2556 3063 2821 3117 διασῶσαι
2858 3066 2924 3117 τά
2970 3063 3430 3135 πολυτροπώτατα
3470 3067 3571 3119 καὶ
3613 3067 3830 3120 πολυδι-

2176 3177 2220 3236 c
2254 3150 2502 3215 εξόδευτα
2526 3152 2719 3221 λογικά
2743 3153 3007 3226 πρόϐατα.

2328 3249 2415 3298 ια’.
2449 3244 2862 3317 Παραφυλάξεις
2883 3247 3101 3312 πάντως
3130 3246 3224 3301 τοῦ
3254 3249 3529 3303 ποιεῖσθαι
3573 3250 3826 3321 τρισάκις

2251 3333 2353 3404 τὴν
2385 3337 2685 3408 κατήχησιν
2715 3341 2782 3409 τῇ
2816 3338 3093 3409 ἑϐδομάδι,
3123 3341 3217 3393 καὶ
3244 3340 3367 3393 καθ’
3398 3341 3651 3412 ἑσπέραν
3688 3342 3827 3411 ﬁdei

2256 3426 2473 3493 σαυτοῦ,
2501 3428 2533 3499 ἢ
2557 3428 2625 3481 δι’
2664 3428 2824 3482 ἄλλου
2851 3429 2962 3483 τῶν
3015 3431 3240 3484 τέκνων.
3279 3432 3497 3502 Ἐπειδὴ
3544 3451 3828 3506 πατροπα-

2254 3520 2476 3590 ράδοτον
2506 3521 2667 3574 τοῦτο
2698 3524 2792 3575 καὶ
2820 3525 3106 3594 σωτήριον.

2325 3610 2409 3681 ιβ’.
2444 3612 2519 3665 Οὐ
2542 3612 2692 3684 δοίης
2719 3614 2859 3686 ὅπερ
2890 3614 3112 3682 λέγουσι
3151 3616 3346 3688 μικρὸν
3385 3618 3602 3689 σχῆμα,
3635 3620 3827 3674 ἔπειτα

2250 3698 2327 3762 ὡς
2360 3701 2501 3769 μέγα
2524 3718 2538 3731 ·
2566 3701 2626 3755 ἒν
2659 3702 2767 3775 γάρ
2792 3704 2851 3757 τὸ
2880 3705 3082 3776 σχῆμα,
3107 3704 3297 3779 ὥσπερ
3313 3710 3407 3763 καὶ
3432 3709 3494 3762 τὸ
3516 3710 3824 3781 βάπτισμα.

2250 3791 2429 3857 καθὼς
2458 3794 2509 3846 οἱ
2533 3793 2676 3863 ἆγιοι
2703 3797 2942 3868 Πατέρες
2974 3799 3297 3871 ἐχρήσαντο.

2320 4001 2409 4063 ιγ’.
2438 3995 2513 4048 Οὐ
2541 3996 2853 4067 παραϐαίης
2899 3996 3026 4059 τοὺς
3078 3995 3275 4067 νόμους
3314 3994 3413 4049 καὶ
3441 3993 3680 4058 κανόνας
3713 3994 3822 4049 τῶν

2249 4084 2417 4155 ἁγίων
2449 4089 2727 4157 Πατέρων.
2759 4090 2871 4157 Πρό
2895 4103 2959 4155 γε
3012 4088 3227 4141 πάντων
3272 4084 3367 4138 τοῦ
3416 4086 3566 4139 θείου
3594 4087 3694 4140 καὶ
3725 4104 3820 4158 ρε-

2248 4177 2412 4243 γάλου
2441 4178 2743 4231 Βασιλείου.
2785 4176 2945 4230 Ἀλλὰ
2975 4179 3082 4230 πᾶν
3100 4178 3129 4229 ὅ
3149 4193 3202 4228 τι
3235 4175 3301 4228 ἂν
3331 4178 3492 4246 ποιῇς
3538 4175 3575 4246 ἢ
3623 4176 3814 4247 λέγῃς,

2247 4268 2322 4332 ὡς
2356 4269 2658 4341 μαρτυρίαν
2701 4269 2839 4339 ἔχων
2872 4270 2937 4321 ὲκ
2975 4267 3082 4320 τῶν
3120 4266 3351 4339 Γραφῶν
3386 4266 3644 4337 πράξαις,
3689 4270 3725 4340 ἢ
3754 4272 3817 4323 ἐκ

2247 4360 2519 4430 πατρικῆς
2580 4360 2867 4430 συνηθείας
2894 4400 2909 4426 ,
2964 4359 3091 4414 ἀνευ
3166 4360 3541 4432 παραϐάσεως
3592 4362 3815 4433 ἐντολῆς

2245 4449 2401 4504 Θεοῦ.

2316 4561 2375 4615 ιδ’
2382 4602 2396 4617 .
2420 4562 2494 4615 Οὐ
2510 4563 2856 4635 καταλείψεις
2881 4565 2943 4619 τὸ
2972 4566 3219 4636 ποίμνιόν
3248 4583 3341 4620 σου
3363 4567 3458 4621 καλ
3473 4566 3617 4637 πρὸς
3632 4566 3812 4641 ἕτερον

2242 4654 2551 4727 μεταδήσῃ,
2578 4655 2610 4726 ἢ
2643 4658 2778 4728 πρὸς
2801 4657 2959 4724 ἀξίαν
2997 4659 3410 4731 ὲπαναδράμῃς,
3439 4661 3573 4715 ἄνευ
3608 4677 3810 4731 συγκα-

2237 4746 2511 4810 ταθέσεως
2541 4748 2643 4817 τῆς
2669 4750 2874 4813 οἰκείας
2910 4768 3003 4804 σου
3048 4752 3429 4823 ἀδελφότητος.

2309 4845 2389 4895 ιε’.
2408 4840 2482 4893 Οὐ
2502 4839 2767 4909 φιλιάσεις
2810 4843 2945 4913 μετά
2984 4845 3275 4915 κανονικῆς
3292 4846 3445 4899 ὀὐδὲ
3468 4846 3807 4920 παραϐαλεξ

2236 4933 2295 4985 ὲν
2332 4933 2624 5005 γυναικείῳ
2663 4937 2900 5005 σεμνείῳ
2926 4952 2941 4965 ·
2976 4936 3099 4989 οὐδὲ
3150 4939 3468 5008 καταμόνας
3524 4941 3803 5012 ὁμιλήσεις

2239 5024 2544 5098 μοναζούσῃ
2578 5025 2610 5097 ἢ
2640 5031 2879 5100 κοσμικῇ
2903 5044 2917 5058 ’
2952 5030 2999 5083 εί
3036 5031 3111 5101 μή
3130 5047 3233 5083 που
3262 5033 3481 5104 ἀνάγκη
3516 5034 3690 5100 ἕλκει,
3716 5036 3800 5089 καὶ

2234 5114 2355 5167 τότε
2384 5115 2476 5168 δύο
2497 5117 2779 5187 παρόντων
2818 5117 2877 5183 ἐξ
2907 5118 3167 5191 ἐκατέρου
3220 5122 3424 5196 μέρους
3451 5126 3764 5199 προσώπων
3782 5143 3797 5160 ⁸

2233 5207 2292 5260 τὸ
2322 5207 2429 5279 γάρ
2453 5206 2532 5274 ἓν,
2563 5207 2639 5271 ὣς
2666 5226 2853 5279 φασιν,
2895 5211 3327 5285 εύεπηρέαστον.

2306 5306 2403 5363 ις’.
2426 5299 2541 5353 Οὐκ
2567 5299 2803 5369 ἀνοίξεις
2837 5304 2935 5376 τὴν
2975 5304 3144 5376 θύραν
3174 5308 3273 5376 τῆς
3298 5309 3468 5380 μονῆς
3496 5310 3595 5363 ἐπὶ
3619 5312 3799 5383 είσύδφ

2236 5389 2494 5455 παντοίας
2520 5395 2781 5462 γυναικὸς
2801 5397 2932 5451 ἄνευ
2961 5399 3205 5470 μεγάλης
3227 5401 3482 5474 ἀνάγκης
3508 5422 3523 5437 ο
3553 5407 3605 5458 εί
3632 5405 3691 5460 δὲ
3714 5406 3795 5460 δυ·-

2233 5484 2393 5548 νατὸς
2419 5482 2470 5538 εἶ
2507 5485 2844 5556 ἀσυμφανῶς
2882 5487 3150 5561 δέχεσθαι,
3190 5492 3313 5547 οὐδὲ
3358 5496 3523 5551 τοῦτο
3560 5498 3795 5569 ἀπόϐλη-

2232 5594 2343 5633 τον.

2305 5691 2473 5753 ιζ’.ού
2500 5695 2747 5764 ποιήσεις
2764 5695 2972 5766 σεαυτῷ
2994 5694 3412 5770 καταγώγιον,ἢ
3428 5705 3541 5766 τοῖς
3559 5721 3795 5773 mappa-

2231 5786 2402 5847 τικοτς
2433 5799 2522 5839 σου
2555 5784 2765 5850 τέκνοις
2786 5781 2933 5841 οἶκον
2962 5790 3247 5859 κοσμικὺν,
3289 5792 3351 5847 ἐν
3381 5785 3430 5862 ᾧ
3472 5796 3579 5850 είσι
3617 5797 3793 5866 γυναῖ-
