3976 6314
155 361 296 432 1821

1531 374 2115 437 TESTAMENTUM.

3268 368 3406 433 1822

147 494 274 541 κες,
309 477 412 530 ἐπὶ
471 475 652 548 συχνῷ
700 477 1062 547 παραϐάλλων
1089 494 1101 508 ·
1140 477 1255 530 ἀλλ’
1287 477 1480 550 ἐκλέξῃ
1515 480 1595 540 είς
1639 479 1731 530 ἀν-

1847 478 2020 542 lieres,
2059 479 2252 534 crebro
2299 478 2558 533 accedens
2587 496 2600 532 :
2627 476 2719 532 sed
2761 474 2902 545 apud
2948 473 3230 540 religiosos
3257 475 3408 530 viros

144 567 299 639 δρῶν
339 568 591 622 εὐλαϐὦν
613 569 711 632 τὰς
739 570 1038 641 παρώικάς
1082 570 1179 623 καὶ
1213 569 1518 638 ἀναγκαίας
1550 569 1736 639 χρείας

146 659 463 714 ποιεῖσθαι.

222 759 320 823 ιη’.
340 756 420 806 Οὐ
453 755 629 825 κτήσῃ
666 753 912 823 μαθητὴν
930 755 1008 817 είς
1032 752 1092 806 τὸ
1111 755 1319 808 κελλίον
1337 769 1426 808 σου
1454 753 1737 824 μειράκιον

143 845 505 915 προσπαθώς
523 863 537 878 ο
555 846 670 898 ἀλλ’
684 849 747 900 ἐκ
769 846 1059 916 προσώπου
1077 849 1406 906 ἀνυπόπτου,
1425 848 1518 899 καὶ
1538 849 1601 899 ἐκ
1623 845 1736 898 δια-

143 935 346 1004 φόρων
387 936 636 1004 ἀδελφῶν
668 937 766 1004 τὴν
805 936 1110 1005 ὑπηρεσίαν
1147 955 1239 989 σου
1286 939 1555 1005 ποιήσεις.

220 1027 316 1081 ιϐ’.
355 1028 434 1080 Οὐ
473 1029 646 1099 κτήσῃ
678 1027 968 1097 ἱματισμὴν
1013 1027 1412 1098 ἐξηλλαγμένον
1444 1031 1536 1081 καὶ
1573 1029 1736 1083 πολύ-

140 1136 353 1190 τιμον,
397 1120 526 1173 ἇνευ
594 1120 688 1173 τοῦ
752 1120 1048 1190 ἱερατικοῦ.
1101 1120 1261 1173 Ἀλλά
1307 1124 1420 1184 τοῖς
1458 1125 1733 1186 ταπεινοῖς

141 1212 597 1281 πατρομιμήτως
626 1210 718 1264 καὶ
752 1210 964 1264 ἐνδόσει
1003 1212 1092 1264 καὶ
1127 1210 1401 1268 ὑποδύσει.

218 1310 297 1356 κ’.
315 1304 434 1356 Οὐκ
459 1302 558 1377 ἔσῃ
574 1303 932 1374 ἁϐροδίαιτος,
950 1302 1072 1356 οὐτε
1099 1305 1156 1357 ἐν
1177 1307 1240 1374 τῇ
1263 1304 1367 1376 ἰδίᾳ
1384 1322 1477 1357 σου
1494 1304 1731 1380 δαπάνῃ,

140 1393 280 1453 οὐτε
319 1398 384 1449 ἐν
411 1399 529 1460 ταῖς
564 1396 852 1466 ὑποδοχαῖς
889 1396 999 1449 τῶν
1039 1397 1239 1463 ξένων·
1270 1396 1347 1460 ὡς
1388 1397 1531 1452 κατά
1577 1399 1735 1451 τοῦτο

142 1487 588 1561 περισπώμενος
606 1505 620 1519 ’
652 1489 768 1542 ἐστι
791 1489 900 1559 γὰρ
926 1488 1087 1542 τοῦτο
1108 1491 1208 1559 τῆς
1234 1489 1452 1560 μερίδος
1477 1489 1571 1544 τοῦ
1597 1492 1733 1544 ἀπο·

141 1581 462 1636 λαυστικοῦ
486 1581 626 1651 βίου.

219 1673 340 1727 κα’.
362 1674 437 1726 Οὑ
470 1674 820 1743 Θησαυρίσεις
846 1671 1066 1742 χρυσίον
1097 1673 1152 1724 ἔν
1181 1675 1245 1742 τῇ
1271 1675 1403 1743 μονῇ
1438 1690 1531 1726 σου
1555 1686 1569 1700 ⁶
1599 1672 1732 1726 ἀλλά

143 1765 210 1818 τὸ
247 1765 400 1819 κατὰ
422 1765 739 1836 περισσείαν
770 1765 860 1816 ἐπὶ
877 1763 1076 1825 παντὸς
1094 1763 1287 1830 εἴδους,
1309 1764 1593 1834 μεταδοίης
1613 1755 1732 1827 ’τοῖς

145 1847 439 1928 δεομένοις
462 1874 477 1888 ·
519 1857 577 1910 ἐν
604 1856 803 1920 ἀνοίξει
826 1857 926 1925 τῆς
955 1855 1125 1922 αὐλῆς
1155 1872 1272 1920 σου,
1296 1856 1478 1921 καθὼς
1504 1859 1553 1911 οί
1583 1858 1728 1923 ἅγιοι

144 1950 432 2019 Πατέρες.

223 2040 342 2110 κβ’.
376 2040 449 2092 Οὐ
477 2039 771 2111 κρατήσεις
799 2037 964 2091 τόπον
986 2039 1385 2109 ἡσφαλισμένον
1420 2039 1512 2092 καὶ
1534 2039 1631 2110 τὴν
1653 2040 1730 2091 οί-

141 2130 461 2201 κονομικὴν
506 2131 761 2201 φροντίδα
783 2131 929 2184 ’ἀλλ’
961 2131 1100 2184 ἔστω
1135 2149 1214 2184 σοι
1232 2130 1401 2195 κλεὶς,
1429 2133 1462 2201 ἠ
1494 2132 1724 2200 μεγίστη

142 2224 266 2276 τῶν
295 2221 486 2292 ψυχῶν
515 2223 757 2292 φροντὶς,
799 2220 888 2274 τοῦ
911 2222 1061 2275 λύειν
1086 2223 1178 2275 καὶ
1206 2222 1445 2292 δεσμεῖν,
1491 2223 1631 2276 κατά
1657 2222 1728 2276 τὰ

142 2315 355 2383 Λόγια.
390 2316 462 2368 Τὸ
491 2315 709 2385 χρυσίον
749 2315 804 2368 δέ
840 2315 931 2367 καὶ
971 2316 1041 2369 τὰ
1080 2315 1220 2367 κατά
1244 2315 1454 2385 χρείαν,
1491 2316 1728 2386 ἐγχειρί-

145 2427 272 2471 σεις
302 2411 418 2471 τοῖς
445 2408 766 2478 οἰκονόμοις,
820 2410 930 2469 τοῖς
979 2407 1344 2478 χελλαρίταις,
1381 2408 1472 2459 καὶ
1501 2407 1576 2470 ὼς
1607 2409 1728 2459 ἐπι-

143 2501 346 2554 ϐάλλει
377 2501 497 2554 καθ’
531 2503 766 2572 ἑκάστην
796 2503 1074 2555 διακονίαν
1108 2521 1199 2556 σου
1225 2504 1489 2573 πρόδηλον
1509 2507 1727 2558 πάντων

142 2593 252 2663 τὴν
280 2593 528 2657 ἐξουσίαν
557 2592 770 2663 ἔχοντος
790 2610 802 2623 ·
831 2594 926 2648 καὶ
971 2595 1366 2665 μεταφέροντος
1404 2598 1479 2658 ώς
1515 2597 1580 2649 ἂν
1605 2596 1727 2665 βου-

144 2684 289 2756 λεύῃ
323 2685 460 2754 μετὰ
488 2685 596 2736 τῶν
622 2685 960 2754 προεχόντων
985 2687 1042 2738 ἐν
1071 2686 1147 2756 τῷ
1176 2686 1392 2754 τυχόντι
1420 2686 1724 2756 προσώπῳ,

147 2775 562 2845 ἀπολαμϐάνων
587 2777 677 2828 τὸν
707 2777 863 2844 λόγον
902 2777 1138 2847 ἑκάστης
1170 2778 1511 2849 διοικήσεως.

226 2867 336 2936 κγ’.
355 2868 428 2921 Οὐ
459 2870 814 2938 προτιμήσεις
846 2868 940 2921 τοῦ
977 2871 1388 2940 συμμφέροντος
1413 2873 1477 2941 τῇ
1508 2870 1730 2938 ἀδελφό-

147 2976 281 3028 τητι
301 2959 592 3028 πρόσωπον
613 2961 809 3024 παντὸς
832 2961 1016 3030 ἐτέρου
1046 2960 1352 3031 ἀνθρώπου,
1377 2962 1729 3032 ὑπερέχοντος

151 3050 255 3103 καὶ
284 3050 689 3115 ἐξουσιάζοντος
741 3051 881 3104 κατὰ
931 3052 1023 3104 τὸν
1070 3054 1312 3122 παρόντα
1357 3055 1562 3107 αίῶνα·
1602 3055 1728 3106 οὐτε

1838 574 2021 642 potius
2047 572 2345 636 diversare,
2370 581 2424 625 et
2460 568 2770 624 transitoria
2801 568 2902 621 vite
2939 566 3184 621 subsidia
3213 581 3409 636 capere

1837 665 2104 719 studebis.

1912 754 1997 808 18.
2015 754 2130 808 Non
2147 754 2369 809 habebis
2393 754 2444 808 in
2469 754 2602 809 cella
2621 761 2708 806 tua
2734 752 3061 820 discipulum
3087 751 3406 807 adolescen-

1837 853 1968 911 tem,
2001 860 2110 915 quo
2143 844 2386 899 afliciare
2417 863 2429 898 :
2463 846 2557 900 sed
2608 844 2910 898 ministeria
2959 852 3049 897 tua
3083 844 3283 897 obeant
3308 843 3402 896 dir-

1837 938 1978 993 versi
2007 937 2222 1002 fratres,
2257 947 2310 991 et
2342 937 2565 991 minime
2593 936 2853 1006 suspecli.

1907 1030 1994 1086 19.
2030 1028 2150 1083 Νοη
2177 1030 2346 1084 uteris
2379 1029 2702 1083 vestimento
2747 1028 3028 1082 elaborato
3053 1037 3106 1080 et
3132 1027 3402 1096 pretioso,

1834 1133 2194 1194 praeterquam
2256 1121 2611 1186 sacerdotali;
2664 1119 2756 1174 sed
2803 1120 3135 1187 humilibus,
3182 1118 3403 1174 Patrum

1834 1216 2104 1284 exemplo,
2133 1214 2374 1277 induere,
2404 1226 2458 1268 et
2488 1213 2818 1266 calceabere.

1904 1305 1993 1359 20.
2022 1303 2138 1358 Non
2162 1306 2271 1358 eris
2293 1303 2555 1358 delicatus
2573 1318 2636 1357 ac
2659 1303 2860 1368 lautus,
2888 1317 3068 1372 neque
3101 1301 3155 1356 in
3190 1301 3405 1370 privato

1834 1411 2052 1469 sumptu
2101 1409 2216 1459 tuo,
2253 1413 2428 1467 neque
2473 1398 2527 1450 in
2575 1396 2850 1464 hospitum
2905 1394 3247 1464 receptione;
3283 1403 3403 1448 tan-

1833 1509 1995 1563 quam
2038 1508 2099 1546 ea
2126 1506 2255 1545 cura
2284 1489 2605 1545 distraharis
2644 1504 2660 1542 :
2694 1488 2796 1542 hoc
2828 1489 2972 1542 enim
3009 1487 3286 1558 proprium
3316 1494 3406 1541 est

1834 1585 1955 1638 vitae
1983 1581 2320 1651 voluptariae.

1901 1676 1991 1731 21.
2021 1675 2136 1728 Non
2167 1674 2429 1728 recondas
2458 1688 2651 1727 aurum
2678 1673 2729 1726 in
2775 1671 3108 1726 monasterio
3156 1682 3270 1735 tuo,
3304 1670 3401 1727 sed

1833 1765 2094 1838 quidquid
2121 1767 2172 1817 in
2197 1778 2528 1833 unoquoque
2540 1777 2737 1832 genere
2750 1762 3090 1826 redundabit,
3119 1760 3404 1829 indigenti-

1831 1864 1934 1916 bus
1970 1859 2183 1930 largire,
2215 1859 2471 1926 adaperto
2503 1855 2644 1909 atrio
2677 1865 2791 1919 tuo,
2828 1855 2968 1910 sicut
2993 1853 3168 1909 sancti
3190 1851 3400 1907 Patres.

1896 2035 1986 2089 Ἡ.
2008 2033 2126 2089 Non
2147 2034 2384 2088 servabis
2404 2035 2581 2087 locum
2601 2032 2892 2095 munitum,
2915 2044 3014 2083 nec
3037 2044 3224 2082 curam
3247 2043 3402 2097 geras

1827 2125 2222 2182 mconomicam
2274 2143 2288 2177 :
2331 2123 2423 2177 sed
2483 2122 2653 2176 clavis
2699 2131 2818 2176 esto
2872 2116 2976 2174 tibi
3021 2134 3234 2174 summa
3271 2133 3401 2173 cura

1829 2221 2157 2281 animarum,
2191 2216 2258 2271 ad
2291 2215 2605 2270 solvendum
2643 2222 2696 2268 et
2721 2213 3181 2284 ligandum,juxta
3213 2212 3403 2281 Scrip-

1827 2323 2027 2366 turam.
2072 2311 2281 2363 Aurum
2327 2317 2507 2362 autem
2539 2314 2594 2360 et
2624 2321 2711 2360 res
2740 2307 2863 2359 usui
2887 2305 3226 2358 necessarias
3251 2317 3403 2356 com-

1828 2405 2010 2458 mittes
2065 2401 2387 2465 mconomis,
2429 2398 2663 2454 cellariis
2703 2408 2759 2451 et
2807 2397 3041 2461 caeteris,
3089 2405 3148 2448 ut
3201 2394 3402 2463 cuique

1828 2495 2078 2552 convenit
2111 2511 2175 2549 ex
2208 2493 2390 2548 ofliciu
2419 2511 2430 2545 :
2461 2491 2532 2544 ita
2567 2490 2824 2543 nimirum
2852 2500 2909 2542 ut
2930 2488 3173 2541 omnium
3201 2485 3402 2540 habeas

1826 2599 2191 2658 potestatem;
2245 2594 2300 2639 et
2347 2583 2645 2638 transferas
2717 2590 2880 2651 prout
2950 2578 3303 2650 praeceperis,
3340 2576 3396 2630 in

1827 2678 1974 2732 hunc
2021 2676 2104 2730 vel
2161 2676 2332 2740 illum,
2394 2675 2661 2728 rationein
2707 2673 2928 2742 exigens
2971 2668 3402 2739 uniuscujusque

1827 2767 2341 2825 administrationis.

1896 2861 1984 2915 23.
1999 2857 2116 2914 Non
2132 2869 2430 2927 anteponas
2450 2856 2676 2910 fratrum
2693 2855 2906 2909 utilitati
2921 2867 3204 2923 personam
3224 2851 3404 2921 cujus-

1828 2969 1934 3024 que
1963 2952 2189 3007 alterius
2235 2951 2472 3005 hominis
2511 2947 2801 3002 eminentis
2841 2961 2906 3000 ac
2931 2943 3167 3015 potentis
3203 2958 3406 2997 secun-

1828 3047 1956 3100 dum
1997 3044 2277 3099 saeculum.
2305 3042 2416 3096 Nec
2450 3039 2686 3109 refugies
2743 3053 2842 3106 pro
2885 3036 3194 3090 divinarum
3221 3035 3402 3104 legum

151 3142 483 3206 ὑποσταλεῖς
541 3143 728 3213 μέχρις
754 3143 990 3211 αἵματος
1039 3145 1131 3196 ἐπὶ
1175 3145 1386 3216 φυλακῇ
1438 3146 1546 3199 τῶν
1571 3145 1730 3207 οείων

1847 3151 1896 3190 ιο
1928 3143 2318 3204 praeceptorum
2349 3129 2755 3192 observatione,
2782 3127 3022 3180 animam
3048 3135 3195 3178 tuam
3228 3138 3405 3193 usque

151 3236 363 3302 νόμων,
392 3235 485 3286 καὶ
512 3233 762 3296 ἐντολῶν,
789 3232 1068 3302 προθεῖναι
1106 3234 1204 3303 τὴν
1232 3235 1409 3305 ψυχήν
1442 3252 1556 3290 σου.

231 3324 329 3378 κδ’.
353 3327 428 3379 Οὐ
457 3328 701 3397 ποιήσεις
724 3343 775 3377 τι
805 3324 837 3395 ῆ
861 3324 1086 3394 πράξεις
1107 3326 1443 3380 κατόίκείαν
1475 3326 1726 3397 γνώμην,

153 3419 219 3484 ἐν
253 3421 538 3490 πράγματι
577 3421 742 3471 παντὶ
765 3419 872 3471 τῶν
902 3435 960 3472 τε
995 3418 1242 3489 ψυχικῶν
1272 3424 1363 3473 καὶ
1393 3422 1501 3473 τῶν
1536 3436 1725 3489 σωμα-

152 3512 328 3565 τικῶν
354 3530 365 3543 ·
398 3513 612 3582 πρῶτον
647 3511 747 3581 μὲν
774 3513 901 3566 ἄνευ
935 3510 1132 3580 βουλῆς
1170 3513 1261 3564 καὶ
1297 3512 1462 3582 εὐχῆς
1489 3512 1582 3564 τοῦ
1611 3513 1726 3564 Κυ·

157 3604 279 3674 ρίου
304 3603 400 3656 καὶ
431 3604 639 3674 Πατρός
663 3620 779 3664 σου,
803 3602 993 3662 ἔπειτα
1014 3602 1120 3656 τῶν
1149 3605 1487 3674 προεχόντων
1509 3606 1565 3656 ἐν
1587 3603 1728 3670 γνώο

157 3715 246 3749 σει
276 3697 368 3748 καὶ
407 3695 666 3766 εὐλαϐείᾳ
705 3695 845 3748 κατᾶ
893 3693 992 3764 τὴν
1038 3695 1404 3764 ὑποκειμένην
1428 3695 1723 3747 ὑπόθεσινο

156 3791 278 3853 ἐνὸς
301 3789 410 3860 γὰρ
437 3789 598 3859 χρεία
638 3788 800 3858 τυχὸν
828 3790 859 3858 ἢ
892 3790 1006 3854 δύο,
1044 3791 1075 3860 ἢ
1114 3788 1362 3862 τριῶν,ἢ
1395 3788 1490 3840 καὶ
1545 3787 1729 3839 πλειό-

156 3900 268 3935 νων
329 3881 514 3951 ὦσπερ
585 3880 950 3950 ἐντετάλμεθα
1005 3881 1286 3952 πατρικῶς
1321 3920 1336 3945 ,
1389 3882 1481 3933 καί¹
1544 3879 1730 3948 διήξα-

161 3989 283 4042 μεν.

233 4063 418 4116 Ταῦτα
467 4061 645 4115 πάντα
695 4064 788 4116 καὶ
829 4063 926 4115 ὅσα
956 4061 1117 4130 ἔτερα
1157 4043 1434 4127 ἐξελάϐου,
1467 4075 1726 4131 παραφυ-

156 4155 361 4220 λάξεις,
389 4157 484 4208 καὶ
516 4156 846 4226 φρουρήσεις
865 4172 880 4187 θ
920 4155 1004 4207 ἵνα
1033 4151 1090 4208 εὖ
1120 4171 1201 4207 σοι
1232 4154 1479 4225 γένηται.
1505 4155 1613 4207 Καὶ
1631 4154 1729 4226 ἔσῃ

159 4246 618 4315 κατευοδούμενος
650 4250 707 4300 ἐν
748 4247 936 4318 Κυρίῳ
962 4263 976 4276 θ
1008 4247 1072 4300 τὸ
1114 4248 1222 4316 γὰρ
1278 4247 1516 4299 ἐναντίον
1563 4246 1729 4316 ἀπείη

161 4343 257 4395 καὶ
288 4342 466 4409 λέγειν
493 4342 588 4394 καὶ
626 4343 845 4396 ἐννοεῖν.

562 4432 828 4486 Ἐντολαὶ
863 4433 988 4497 τοῖς
1021 4434 1324 4503 ἀδελφοῖς.

1833 3227 1899 3282 ad
1941 3225 2260 3294 sanguinem
2295 3237 2586 3293 apponere.

1901 3317 1991 3372 24.
2015 3315 2132 3369 Non
2153 3315 2319 3370 facies
2341 3315 2422 3368 vel
2441 3328 2566 3382 ages
2583 3310 2878 3380 quidquam
2895 3326 2959 3363 ex
2980 3309 3199 3379 proprio
3236 3323 3404 3363 sensu

1836 3412 1888 3466 in
1916 3427 1973 3465 re
1998 3411 2126 3474 ulla,
2156 3410 2270 3463 sive
2298 3409 2363 3461 ad
2392 3407 2629 3460 animam
2661 3413 2886 3473 spectet,
2923 3405 3038 3458 sive
3075 3402 3141 3456 ad
3169 3416 3401 3470 corpus;

1835 3499 2071 3570 primum
2104 3497 2221 3552 sine
2244 3494 2476 3550 consilio
2506 3508 2568 3546 ac
2596 3500 2722 3546 voto
2767 3491 2977 3545 domini
2999 3506 3062 3545 ac
3087 3489 3267 3544 Patris
3291 3489 3401 3542 tui:

1836 3590 2028 3646 deinde
2079 3590 2312 3642 aliorum
2367 3587 2574 3655 judicio
2611 3593 2666 3639 et
2717 3585 2914 3654 pietate
2955 3581 3402 3652 prwcellenlium,

1836 3693 1996 3754 prout
2042 3683 2288 3750 subjecta
2353 3696 2438 3734 res
2493 3679 2778 3748 postulat:
2817 3690 2927 3729 uno
2973 3676 3116 3729 enim
3171 3673 3403 3728 forsitan

1833 3791 1971 3845 opus
1998 3784 2102 3837 est,
2132 3783 2227 3828 aut
2254 3773 2487 3835 duobus,
2511 3779 2602 3824 aut
2628 3771 2822 3832 tribus,
2840 3767 3198 3836 autpluribus
3219 3766 3404 3830 etiam,

1836 3869 1981 3922 sicut
2008 3882 2037 3919 a
2077 3864 2330 3918 Patribus
2371 3862 2526 3916 nobis
2557 3869 2886 3931 praeceptum
2914 3866 3019 3911 est.

1909 4043 2032 4099 Haec
2046 4041 2252 4105 omnia,
2277 4049 2681 4109 etquaecunque
2701 4036 2804 4090 alia
2831 4033 3108 4105 accepisti,
3134 4031 3405 4098 servabis,

1835 4147 1889 4194 et
1917 4135 2214 4200 custodies,
2247 4143 2304 4185 ut
2326 4133 2460 4186 bene
2487 4130 2580 4184 tibi
2610 4129 2699 4190 sit,
2729 4138 2783 4182 et
2803 4138 2947 4182 recte
2969 4125 3282 4182 ambulesin
3307 4124 3415 4181 Do-

1838 4233 2008 4286 mino.
2032 4227 2378 4284 Contrarium
2404 4224 2546 4278 enim
2577 4222 2719 4277 absit
2737 4222 2819 4275 vel
2844 4220 3024 4275 dicere
3041 4219 3124 4275 vel
3146 4219 3406 4290 cogitare.

2246 4427 2524 4494 Prwcepla
2554 4423 2812 4493 fratribus
2850 4422 3001 4475 data.

234 4526 406 4595 Δεῦρο
429 4528 522 4578 καὶ
559 4527 736 4594 ὑμεῖς,
772 4520 816 4578 ὦ
839 4527 1005 4579 τέκνα
1035 4545 1134 4595 μου
1170 4529 1265 4580 καὶ
1284 4528 1521 4596 ἀδελφοί,
1572 4526 1731 4581 ἀκού-

1911 4527 2103 4580 Adeste
2122 4532 2177 4577 et
2198 4537 2315 4584 vos,
2347 4520 2442 4573 filii
2469 4519 2574 4572 mei
2599 4531 2662 4570 ac
2683 4516 2898 4578 fratres,
2918 4523 2971 4569 et
3003 4513 3188 4569 audite
3217 4511 3411 4568 miscr-

166 4618 300 4671 σατέ
329 4635 429 4687 μου
460 4621 559 4690 τῆς
589 4618 943 4688 οἰκτροτάτης
988 4618 1188 4686 φωνῆς.
1224 4618 1462 4683 Δέξασθε
1512 4619 1604 4670 τὸν
1635 4618 1733 4671 κύ-

171 4727 284 4781 ριον
342 4711 434 4762 τὸν
486 4709 810 4780 ἡγούμενον,
868 4708 1050 4774 καθὼς
1103 4709 1417 4774 ἐξελέξασθε
1466 4708 1628 4762 αὐτὸν
1676 4711 1725 4763 οί

168 4805 370 4863 πάντες
396 4820 408 4834 ’
437 4803 614 4855 οὐδενὶ
632 4803 741 4873 γὰρ
766 4802 942 4866 ἔξεστι
976 4802 1094 4854 κατ’
1132 4802 1322 4854 οὐδένα
1348 4803 1547 4873 τρόπον
1581 4803 1737 4873 αἱρή-

170 4897 365 4950 σασθαι
400 4895 558 4954 ἄλλον
592 4895 714 4955 τινὰ
770 4894 883 4964 βίον
927 4895 1056 4965 παρ’
1085 4893 1112 4945 ὃ
1139 4895 1373 4964 ὑπάρχει
1397 4912 1411 4926 ·
1440 4895 1532 4947 καὶ
1579 4885 1736 4957 οὗτος

166 4991 196 5042 ὁ
223 4988 420 5056 δεσμὸς
450 4987 553 5039 ὑπὸ
597 4986 826 5056 Κυρίου.
873 4986 1214 5040 Ἀσπάσασθε
1245 4987 1407 5038 αὐτὸν
1447 4985 1522 5049 ὡς
1567 4984 1739 5038 διάδο-

171 5079 265 5149 χόν
299 5097 420 5150 μου,
446 5079 510 5130 δι’
533 5077 710 5140 αἰδοῦς
740 5078 834 5129 καὶ
874 5077 1041 5147 τιμῆς
1073 5075 1506 5148 προσϐλέποντες
1534 5077 1695 5129 αὐτόν
1719 5092 1734 5107 ·

175 5172 270 5224 καὶ
315 5172 409 5224 τὸν
435 5171 532 5239 τῆς
568 5171 846 5239 ὑποταγῆς
879 5171 1079 5223 κανόνα
1122 5171 1351 5239 νόμιμον
1402 5168 1476 5230 ὡς
1513 5170 1580 5219 ’ἐν
1617 5167 1739 5236 ἐμοὶ

177 5267 270 5319 καὶ
301 5266 356 5318 ἐν
384 5263 530 5333 αὑτῷ
553 5263 937 5332 διαφυλάξατε,
969 5263 1043 5333 μὴ
1070 5261 1534 5332 καταφρονοῦντες
1556 5259 1653 5328 τῆς
1683 5261 1739 5312 ἐν

174 5356 368 5428 Κυρίῳ
415 5357 614 5424 νεαρᾶς
646 5357 913 5427 προϐολῆς
962 5356 1163 5411 αὐτοῦ’
1202 5355 1335 5425 μηδέ
1383 5351 1739 5420 ἐκζητοῦντες

177 5447 358 5500 πλεῖόν
405 5463 458 5499 τι
521 5447 671 5515 παρὰ
728 5447 837 5499 τῶν
902 5446 1256 5516 δωρηθέντων
1302 5443 1452 5510 αὐτῷ
1497 5442 1600 5494 ὑπὸ
1646 5440 1739 5493 τοῦ

177 5536 492 5606 Πνεύματος
523 5534 614 5586 τοῦ
669 5535 826 5602 ἁγίου
878 5531 1253 5605 χαρισμάτων.
1296 5531 1548 5602 Ἀρκετὸν
1589 5531 1740 5600 αὐτῷ

176 5628 556 5698 διακρατῆσαι,
591 5625 732 5696 ἅπερ
762 5628 911 5697 παρά
945 5627 1044 5697 τῆς
1086 5623 1467 5686 ταπεινώσεώς
1513 5641 1614 5693 μου
1653 5625 1740 5674 ἐν-

177 5721 448 5774 τέταλται.
487 5719 591 5773 Καὶ
620 5721 665 5770 εί
693 5719 937 5786 ἀγαπᾶτέ
973 5738 1059 5788 με,
1088 5719 1255 5772 τέκνα
1296 5733 1420 5786 μου,
1447 5716 1545 5777 τὰς
1592 5717 1737 5767 ἐντο-

181 5814 272 5876 λάς
301 5831 401 5882 μου
439 5810 730 5879 φυλάξατε.
766 5814 871 5865 Καὶ
892 5813 989 5881 τὴν
1016 5814 1238 5884 εἰρήνην
1263 5813 1319 5863 ἐν
1355 5811 1569 5870 ἑαυτοῖς
1591 5806 1736 5876 ἔχετε

1838 4617 2034 4671 rimam
2076 4627 2265 4668 vocem
2313 4625 2511 4664 meam.
2543 4607 2812 4676 Suscipite
2837 4605 3115 4660 dominum
3147 4604 3412 4674 praeposi-

1839 4711 1980 4764 tum,
2012 4699 2155 4752 sicut
2201 4694 2409 4764 clegisti
2445 4693 2620 4760 ipsum
2668 4706 2888 4756 omnes;
2917 4689 3121 4743 nemini
3147 4688 3291 4742 enim
3324 4687 3410 4744 fas

1837 4803 1948 4860 est,
1986 4790 2097 4845 ullo
2147 4788 2308 4842 modo
2355 4786 2518 4840 aliam
2574 4783 2886 4853 quampiam
2948 4782 3116 4835 vitam
3175 4779 3407 4851 eligere,

1838 4893 2032 4956 praeter
2080 4895 2243 4952 quam
2291 4879 2515 4933 sortitus
2565 4885 2692 4930 est:
2725 4884 2780 4929 et
2821 4875 2925 4928 hoc
2963 4872 3240 4928 vinculum
3266 4881 3350 4928 est
3377 4887 3409 4928 a

1841 4978 2089 5035 Domino.
2118 4970 2522 5043 Amplectimini
2551 4969 2704 5023 illum
2739 4977 2995 5035 tanquam
3031 4979 3408 5020 successorem

1839 5090 2043 5134 meum,
2077 5085 2200 5126 cum
2234 5065 2532 5122 reverentia
2564 5074 2617 5118 et
2636 5063 2841 5117 honore
2869 5062 3142 5115 intuentes
3175 5059 3229 5113 in
3259 5074 3406 5124 eum,

1840 5180 1894 5224 et
1913 5166 2207 5239 legitimam
2231 5159 2551 5217 obedientize
2576 5156 2818 5226 regulam
2840 5167 2969 5222 erga
2994 5152 3145 5206 illum
3171 5159 3408 5213 servate,

1845 5271 2100 5330 tanquam
2151 5270 2277 5326 erga
2329 5268 2417 5307 me
2472 5251 2672 5321 ipsum,
2706 5264 2902 5303 novam
2933 5247 3053 5317 ejus
3091 5247 3144 5299 in
3175 5243 3410 5298 Domino

1845 5351 2240 5424 prornutionem
2293 5346 2517 5401 minime
2573 5352 2912 5413 spernentes,
2945 5354 3046 5394 nec
3087 5339 3209 5408 plus
3251 5337 3412 5406 quid-

1841 5462 2005 5518 quam
2049 5445 2102 5497 in
2150 5457 2214 5495 eo
2243 5439 2602 5510 requirentes.
2632 5450 2794 5503 quam
2828 5433 2875 5487 ei
2912 5447 2939 5485 a
2978 5430 3180 5500 Spiritu
3217 5437 3411 5483 sancto

1843 5546 2166 5589 concessum
2193 5531 2261 5585 sit
2291 5524 2764 5596 :quandoquidem
2801 5523 2846 5576 ei
2882 5519 3102 5583 sufﬁcit,
3135 5528 3194 5572 ut
3222 5531 3282 5571 ea
3312 5520 3411 5572 ob-

1842 5636 2038 5690 servet,
2068 5638 2189 5692 qute
2213 5621 2280 5675 ab
2302 5619 2607 5674 humilitate
2635 5632 2756 5671 mea
2778 5621 3043 5684 prteccpta
3075 5620 3222 5665 sunt.
3249 5607 3409 5674 Quod

1842 5718 1887 5772 si
1933 5715 2157 5784 diligitis
2206 5729 2312 5775 me,
2347 5711 2440 5764 lilii
2470 5709 2596 5770 mei,
2627 5706 2884 5761 mandata
2928 5717 3047 5756 mea
3080 5705 3314 5763 servate,
3353 5708 3407 5753 et

1844 5826 2029 5881 pacem
2063 5811 2201 5862 inter
2231 5824 2325 5863 vos
2390 5807 2659 5860 habetote.
2691 5799 3007 5871 Angelicum
3067 5791 3399 5864 promissum
