3976 6314
560 332 697 396 1823

1441 335 1502 394 S.
1532 334 1920 394 THEODORI
1973 330 2935 396 STUDITETESTAMENTUM.

3673 319 3806 384 1821

555 453 800 497 vestrum
849 440 1225 511 incorruptum
1281 441 1585 510 custodite,
1625 444 1675 496 in
1724 441 1878 496 caslis
1934 425 2173 498 ambu-tl

2261 441 2599 508 ὺάγγελικὸν
2649 441 2806 511 ὑμῶν
2838 437 3161 507 ἐπάγγελμα
3215 433 3586 502 ἀδιάψευστον
3637 432 3806 500 τηρή-

559 537 759 591 lantes.

629 626 888 681 Mundum
919 627 1045 682 odio
1083 626 1365 690 habentes,
1399 627 1464 680 ad
1492 627 1681 681 mundi
1715 641 1877 695 opera
1902 641 1970 680 ne
1999 640 2131 680 con-

2233 549 2384 594 σατε,
2413 533 2680 601 οὑρανίως
2708 532 3087 603 πορευόμενοι.

2300 625 2404 676 Τὸν
2440 625 2642 692 κόσμον
2669 627 3018 693 μισήσαντες,
3060 621 3133 691 μὴ
3160 618 3544 688 ἒπιστραφῆτε
3580 614 3722 684 πρὸς
3746 617 3806 667 τὰ

561 719 868 774 vertamini.
896 719 1100 773 Solutis
1132 720 1360 773 vinculis
1385 720 1682 774 carnalium
1715 719 2031 783 affectuum,
2063 733 2132 772 ne

2263 715 2325 768 οῦ
2351 716 2554 786 κόσμου
2591 716 2749 786 ἔργα.
2775 715 3039 777 Λυθέντες
3063 715 3169 765 τῶν
3190 711 3406 780 δεσμῶν
3427 710 3528 774 τῆς
3551 723 3805 774 προσπα-

565 812 619 865 in
651 811 868 866 eosdem
901 813 1098 866 iterum
1140 811 1472 882 impingatis.

637 991 1013 1059 Quiomnibus
1035 994 1254 1049 caducis
1288 993 1453 1060 huius
1484 994 1608 1047 vita:
1639 994 1908 1048 illecebris
1934 1008 2134 1047 renun-

567 1087 766 1151 tiastis,
799 1103 828 1142 a
851 1089 1138 1158 praeposito
1181 1099 1360 1143 vestro
1391 1089 1569 1143 studio
1591 1099 1644 1143 et
1673 1089 1995 1143 obedientia:
2023 1105 2137 1143 cer-

569 1181 772 1233 tamine
795 1194 862 1234 ne
889 1181 1145 1235 resiliatis
1178 1197 1272 1250 per
1297 1181 1568 1250 ignaviam
1605 1221 1620 1246 ,
1655 1181 1825 1236 risum
1875 1180 2135 1235 daemoni-

569 1269 673 1324 bus
701 1271 1018 1337 praebentes.

639 1360 719 1413 Ad
757 1375 980 1415 cursum
1015 1362 1331 1417 obedientite
1375 1379 1546 1432 usque
1575 1363 1640 1417 ad
1675 1363 1832 1416 linem
1861 1363 2132 1430 insistite;

569 1461 632 1505 ut
656 1450 1158 1510 immarcecsibiletn
1190 1455 1414 1524 justitize
1444 1472 1701 1510 coronam
1735 1455 2045 1525 reponetis.

643 1622 1014 1681 llnmilitatem
1098 1637 1409 1695 sectantes,
1468 1628 1800 1684 voluntatem
1863 1630 2133 1699 pr0priam

569 1717 856 1787 abnegate,
898 1719 963 1772 ad
995 1735 1057 1772 ea
1087 1719 1262 1774 solum
1315 1736 1414 1773 vos
1462 1719 1889 1784 conformantes,
1936 1736 2056 1789 quae
2105 1736 2134 1774 a

570 1783 856 1879 praeposito
884 1822 1063 1866 vestro
1089 1811 1288 1866 fuerint
1312 1813 1628 1882 approbata.
1648 1813 1710 1867 Et
1729 1813 1771 1866 si
1791 1783 2004 1882 quidem
2025 1813 2138 1868 haec
2165 1783 2212 1842 Β

575 1896 902 1958 scitis,beati
927 1899 1101 1961 eritis,
1129 1900 1172 1953 si
1203 1900 1268 1952 ad
1303 1901 1460 1952 linem
1499 1916 1669 1970 usque
1710 1901 1798 1955 illa
1833 1902 2135 1958 servabitis.

579 1989 689 2044 Vos
739 1991 881 2043 enim
934 2003 1233 2063 martyrum
1266 1993 1467 2048 chorus
1514 1995 1770 2063 excipiet,
1811 1997 2142 2065 coronisque

571 2081 625 2133 itt
666 2095 831 2150 regno
859 2082 1121 2137 caelorum
1154 2083 1410 2150 redimiti,
1439 2086 1779 2153 sempiternis
1810 2086 1967 2140 bonis
1995 2085 2140 2140 frue-

571 2187 725 2225 nllnl.

1221 2263 1494 2336 Epilogus.

642 2354 720 2410 De
757 2366 973 2422 caetero,
1004 2357 1222 2425 fratres,
1259 2362 1452 2415 valete.
1489 2361 1590 2415 lter
1654 2363 1797 2415 enim
1845 2364 2140 2433 ingredior,

575 2447 719 2501 unde
768 2451 972 2504 reditus
1028 2465 1134 2504 non
1177 2461 1324 2520 patet
1355 2469 1370 2503 :
1400 2452 1544 2521 quod
1589 2468 1778 2509 omnes
1807 2455 1874 2508 ab
1905 2471 2019 2509 arvo
2054 2456 2138 2510 in-

575 2541 747 2610 gressi
807 2551 986 2597 sunt:
1024 2544 1166 2612 quod
1222 2554 1278 2598 et
1332 2560 1430 2598 vos
1480 2545 1848 2614 postmodum,
1889 2547 1990 2601 hac
2037 2548 2140 2601 vita

577 2639 833 2699 peracta,
874 2631 1173 2702 ingressuri
1227 2635 1380 2688 eatis.
1434 2633 1626 2705 Ignoro
1688 2647 1896 2703 autem,
1937 2637 2144 2693 fratres

579 2722 707 2784 mei,
757 2739 865 2792 quo
918 2740 1175 2793 pergam,
1207 2734 1260 2780 et
1291 2727 1453 2796 quale
1478 2727 1745 2796 judicium
1784 2745 1869 2782 me
1909 2739 2142 2793 maneat,

578 2818 674 2865 aut
700 2813 950 2880 quisnam
984 2831 1069 2868 me
1100 2818 1250 2870 locus
1288 2819 1550 2885 excipiet;
1579 2834 1715 2885 opus
1752 2820 1895 2871 enim
1943 2820 2143 2872 bonum

2233 808 2404 872 θείας,
2448 807 2522 878 μὴ
2567 807 2819 878 ὲνδεθῆτε
2872 805 3032 869 αὖθις
3079 804 3214 874 πρὸς
3252 804 3350 864 τὰς
3386 799 3672 868 σαρκικάς
3695 797 3809 865 σχέο

2235 913 2372 960 σεις.

2315 989 2786 1059 Ἀπαρνησάμενοι
2838 987 3016 1041 πάντα
3062 984 3130 1038 τὰ
3163 982 3375 1053 τερπνά
3428 981 3526 1033 καὶ
3573 977 3810 1047 ἐπίκηρα

2234 1081 2329 1135 τοῦ
2355 1083 2621 1152 παρόντος
2654 1082 2795 1151 βίου,
2834 1081 2910 1150 μὴ
2959 1079 3026 1132 δι’
3064 1076 3357 1144 ὀλιγωρίαν
3416 1071 3811 1139 ἁποπηδήσητε

2234 1178 2333 1246 τῆς
2354 1175 2650 1246 ἀθλητικῆς
2682 1173 2836 1246 ὑμῶν
2867 1171 3165 1241 ὑποταγῆς,
3197 1168 3487 1238 γενόμενοι
3517 1166 3810 1234 ὲπίχαρμα

2235 1266 2317 1319 δαι
2326 1267 2501 1335 μόνων
2508 1308 2521 1322 .

2307 1358 2451 1427 Πρὸς
2478 1358 2570 1410 τὸν
2592 1357 2792 1428 δρόμον
2827 1355 2927 1425 τῆς
2971 1353 3250 1421 ὑποταγῆς
3295 1352 3462 1421 μέχρι
3500 1349 3701 1410 τέλους
3733 1349 3817 1412 ἑγ-

2238 1450 2642 1520 καρτερήσατε·
2667 1448 2754 1501 ἵνα
2791 1448 2883 1501 τὸν
2913 1446 3009 1518 τῆς
3048 1443 3396 1514 δικαιοσύνης
3439 1441 3816 1516 ἀμαράντινον

2239 1542 2499 1610 στέφανον
2533 1539 2857 1609 κομίσησθε.

2307 1634 2386 1704 Τῇ
2417 1631 2881 1701 ταπεινοφροσύνῃ
2910 1629 3187 1699 ἀγόμενοι.
3213 1627 3453 1697 ἀρνηταὶ
3480 1625 3585 1679 τοῦ
3617 1625 3818 1679 οἰκείου

2239 1722 2539 1795 θελήματος
2584 1723 2864 1792 γένοισθεο
2891 1722 3024 1793 πρὸς
3080 1721 3215 1790 μόνα
3268 1718 3718 1789 διατυπούμενοι
3755 1717 3818 1769 τα

2240 1818 2391 1887 παρά
2427 1815 2519 1869 τοῦ
2549 1815 2962 1886 καθηγουμένου
3006 1813 3160 1883 ὑμῶν
3199 1813 3604 1883 ὲγκρινόμενα.
3638 1811 3751 1862 Καὶ
3780 1811 3824 1860 εἰ

2238 1906 2410 1960 ταῦτα
2456 1906 2657 1971 οἴδατε,
2712 1905 2971 1975 μακάριοί
3028 1907 3170 1968 ἐστε,
3202 1904 3299 1958 ἐὰν
3348 1903 3654 1972 φυλάξοιτε
3695 1904 3826 1954 αὖτὰ

2240 2000 2369 2068 ἄχρι
2399 1998 2610 2060 τέλους.
2659 1998 2716 2050 Ὀ
2737 1999 2844 2066 γὰρ
2874 1998 3034 2068 χορὸς
3062 1997 3170 2049 τῶν
3203 1998 3500 2068 μαρτύρων
3535 1997 3690 2065 ὑμᾶς
3717 1996 3825 2047 εισ-

2239 2090 2470 2157 δέξεται.
2498 2090 2606 2143 Kal.
2645 2090 3181 2159 στεφανηφοροῦντες
3219 2091 3278 2143 ὲν
3317 2093 3384 2160 τῇ
3429 2088 3697 2160 βασιλείᾳ
3725 2091 3826 2141 τῶν

2240 2180 2506 2252 οὐρανῶν,
2547 2180 2656 2232 τῶν
2683 2180 2922 2233 αἰωνίων
2971 2180 3190 2247 ἀγαθῶν
3217 2179 3612 2233 ἀπολαύσοιτε.

2857 2271 3161 2337 Ἐπίλογος
3171 2309 3185 2323 .

2313 2364 2425 2416 Καὶ
2439 2363 2648 2429 λοιπὸν,
2671 2362 2837 2416 τέκνα
2856 2403 2868 2426 ,
2891 2361 3152 2427 σώζοισθε
3181 2376 3196 2392 ⁶
3215 2361 3536 2432 ἀποδημίαν
3553 2364 3669 2432 γὰρ
3690 2361 3828 2414 στέλ-

2243 2455 2404 2522 λομαι
2441 2456 2872 2525 ἀνεπίστροφονο
2905 2453 2974 2524 ἧν
3016 2455 3213 2512 πάντες
3251 2454 3301 2506 οἱ
3350 2453 3449 2505 ἀπ’
3498 2453 3704 2515 αἰῶνος
3753 2452 3824 2503 δι-

2246 2541 2484 2597 ώδευσαν
2509 2559 2522 2572 ⁸
2552 2543 2638 2612 ἐφ’
2671 2545 2738 2614 ἣν
2766 2545 2859 2596 καὶ
2874 2544 3026 2597 αὐτοὶ
3060 2544 3252 2614 μικρὸν
3293 2543 3545 2613 ὕστερον,
3580 2544 3825 2613 λειτουρο

2246 2635 2513 2703 γήσαντες
2531 2635 2598 2688 τὰ
2618 2634 2712 2688 τοῦ
2733 2634 3260 2706 βίου,ὲπι6ιώσεσθε.
3289 2635 3403 2688 Οὐκ
3426 2632 3550 2689 οἶδα
3579 2636 3662 2700 δὲ,
3686 2636 3824 2687 ἀδελ-

2247 2725 2336 2794 φοί
2369 2743 2492 2794 μου,
2523 2725 2624 2779 ποῦ
2675 2727 2988 2796 ἀπέρχομαι
3009 2743 3022 2757 ³
3048 2727 3081 2797 ἢ
3112 2722 3223 2781 οἷον
3272 2728 3588 2797 ἀπαντήσει
3642 2745 3736 2798 μοι
3765 2727 3823 2777 τὸ

2247 2821 2420 2887 κρῖμα
2452 2833 2464 2846 ·
2494 2817 2526 2887 ἢ
2554 2818 2734 2879 ὁποῖος
2780 2818 3096 2886 ὑποδέξεταί
3149 2836 3215 2889 με
3262 2821 3427 2880 τόπος
3453 2836 3470 2850 ο
3501 2820 3672 2888 ἔργον
3719 2819 3821 2887 γὰρ

581 2904 635 2956 in
663 2914 956 2974 conspectu
991 2905 1086 2961 Dei
1120 2908 1329 2961 nullum
1371 2910 1478 2977 egi,
1508 2924 1572 2963 ne
1606 2925 1771 2962 unum
1806 2910 2058 2979 quidem;
2094 2920 2149 2965 at

2261 2905 2452 2972 hyaebv
2507 2907 2604 2958 οὐκ
2655 2908 3002 2979 εἰργασάμην
3047 2907 3275 2961 ἐνώπιον
3325 2907 3423 2961 τοῦ
3461 2907 3604 2960 Θεοῦ
3634 2909 3695 2959 ἒν
3733 2909 3820 2960 καὶ

580 3003 768 3046 contra
797 3008 924 3048 reus
965 3011 1086 3050 sum
1121 3001 1299 3051 omnis
1327 2999 1553 3066 peccati.
1583 2996 1968 3053 Verumtamen
1997 3000 2149 3054 laetor

2261 2998 2411 3069 μόνον
2434 3012 2446 3026 ⁸
2481 2998 2660 3067 πάσης
2685 2998 2740 3050 δὲ
2773 3000 3048 3069 ἁμαρτίας
3074 3000 3372 3062 ὑπεύθυνος
3396 3000 3658 3070 ὑπάρχω.
3683 2998 3820 3067 Πλὴν

581 3094 635 3139 et
659 3087 886 3154 gaudeo,
926 3087 1072 3157 quod
1126 3105 1193 3143 ex
1240 3089 1344 3144 hoc
1378 3092 1581 3145 mundo
1605 3092 1659 3146 in
1691 3093 1882 3146 cmlum
1920 3093 2076 3157 abeo,
2118 3109 2147 3148 a

2261 3090 2423 3159 χαίρω
2439 3092 2531 3143 καὶ
2551 3091 2749 3161 ἥδομαι
2771 3092 2851 3146 ὄτι
2878 3091 2984 3145 ἀπὸ
3001 3092 3209 3160 κόσμου
3233 3095 3311 3152 είς
3327 3091 3564 3159 οὐρανὸν
3587 3090 3814 3159 πορεύο-

579 3179 820 3234 tenebris
879 3181 930 3232 in
963 3181 1158 3246 lucem,
1184 3199 1211 3236 a
1250 3183 1506 3237 servitute
1533 3185 1582 3236 in
1621 3185 1944 3248 libertatem,
1969 3186 2038 3240 ab
2069 3186 2152 3240 in-

584 3270 761 3323 colatu
805 3272 859 3325 in
903 3287 1085 3327 veram
1126 3273 1514 3329 habitationem
1556 3286 1610 3329 et
1638 3276 1904 3344 patriam;
1941 3293 1971 3330 a
1999 3293 2152 3347 pere-

581 3363 756 3431 grinis
813 3372 868 3418 et
917 3365 1130 3428 alienis,
1161 3365 1346 3420 Incola
1393 3367 1536 3420 enim
1571 3383 1688 3422 sum
1735 3379 1785 3422 et
1829 3370 2151 3438 peregrinus,

581 3454 722 3505 sicut
751 3469 926 3508 omnes
960 3465 1132 3523 patres
1161 3458 1328 3520 mei‘,
1363 3459 1427 3510 ad
1467 3474 1582 3511 mea
1617 3468 1671 3512 et
1701 3459 1940 3527 prOpria.
1970 3457 2152 3512 Conli-

583 3547 806 3601 dentius
852 3549 1028 3602 adhuc
1085 3549 1284 3610 dicam.
1333 3551 1475 3619 quod
1524 3551 1588 3603 ad
1646 3549 1934 3604 Dominum
1975 3567 2152 3604 meum

584 3639 744 3703 abeo,
777 3639 842 3694 ad
874 3641 1162 3695 Dominum
1199 3658 1261 3697 ac
1291 3642 1458 3696 Deum
1508 3659 1710 3710 meum,
1756 3659 1916 3713 quem
1966 3644 2156 3698 dilexit

583 3733 770 3787 anima
827 3748 970 3800 mea;
1013 3749 1172 3804 quem
1226 3735 1420 3802 agnovi
1474 3734 1720 3799 Patrem,
1770 3736 1983 3789 tametsi
2049 3752 2155 3788 non

590 3825 732 3880 colui
785 3832 846 3879 ut
901 3825 1043 3880 [ilius
1078 3844 1091 3880 :
1123 3841 1284 3894 quem
1334 3826 1551 3895 possedi
1603 3841 1710 3896 pm
1765 3828 2039 3892 omnibus,
2075 3837 2158 3879 ta-

593 3920 750 3971 metsi
805 3927 858 3971 ut
914 3933 1204 3986 germanus
1261 3933 1452 3972 servus
1511 3932 1618 3972 non
1676 3919 1892 3973 servivi.
1937 3916 2059 3972 llaec
2103 3929 2161 3971 ut

595 4010 855 4079 insipiens
876 4009 1007 4073 dixi,
1029 4010 1120 4064 sed
1153 4019 1373 4079 propter
1404 4023 1500 4063 vos
1530 4010 1665 4073 dixi,
1689 4017 1749 4063 ut
1778 4009 2160 4079 propensiores

595 4103 736 4167 sitis,
774 4111 827 4155 et
855 4104 1022 4156 oretis
1061 4119 1157 4170 pro
1194 4103 1367 4156 salute
1407 4117 1525 4158 mea
1559 4119 1571 4154 :
1608 4117 1769 4169 quam
1809 4102 1898 4154 ubi
1934 4099 2162 4169 adeptus

597 4195 752 4249 fuero
786 4196 931 4266 (ecce
960 4210 1022 4250 ea
1058 4196 1298 4264 Spondeo
1328 4196 1381 4248 in
1404 4193 1580 4248 oculis
1612 4193 1895 4261 veritatis),
1924 4208 2029 4246 non
2062 4192 2157 4245 de-

597 4289 831 4343 siturum
891 4303 978 4343 me
1028 4289 1361 4343 confidenter
1389 4304 1546 4342 orare
1577 4287 1743 4342 Deum
1781 4303 1842 4341 ac
1870 4285 2161 4340 Dominum

598 4365 778 4432 meum
805 4393 901 4446 pro
928 4378 1181 4431 omnibus
1215 4378 1390 4440 vobis,
1422 4387 1481 4431 ut
1503 4379 1638 4432 bene
1673 4378 1824 4454 vobis
1851 4377 1939 4443 sit,
1969 4385 2025 4429 ttt
2050 4376 2161 4430 sal-

2255 3203 2351 3256 μαι
2386 3203 2399 3217 ·
2436 3187 2542 3240 ἀπὸ
2574 3187 2794 3248 σκότους
2825 3187 2903 3248 εἰς
2949 3185 3066 3253 φῶς
3093 3201 3108 3217 ·
3139 3185 3245 3237 ἀπὸ
3285 3184 3539 3245 δουλείας
3566 3185 3649 3246 είς
3680 3184 3822 3236 tiru-

2254 3277 2471 3346 θερίανο
2501 3276 2612 3330 ἀπὸ
2633 3276 2928 3346 παροικίας
2956 3278 3038 3339 εἰς
3061 3274 3321 3345 ἀληθινὴν
3341 3275 3658 3329 κατοικίαν.
3699 3275 3822 3326 Ἀπὸ

2252 3367 2359 3422 τῶν
2393 3369 2556 3434 ξένων
2586 3372 2679 3421 καὶ
2718 3367 3014 3438 ἀλλοτρίων
3055 3367 3370 3438 (Πάροικος
3410 3366 3526 3434 γάρ
3569 3367 3690 3430 ειμι
3729 3365 3819 3417 καὶ

2255 3460 2678 3528 παρεπίδημος,
2700 3460 2892 3526 καθὼς
2931 3459 3155 3526 ,πάντες
3183 3461 3237 3513 οἱ
3283 3456 3541 3527 πατέρες
3582 3457 3727 3528 μου)
3751 3460 3821 3519 εἰς

2255 3552 2323 3604 τὰ
2353 3551 2462 3620 ὲμά
2511 3555 2706 3605 οἰκεῖα.
2742 3551 2864 3605 Ἔτι
2920 3551 3320 3622 τολμηρότερον
3374 3551 3707 3620 φθέγξομαι,
3749 3552 3823 3603 ὅτι

2258 3642 2391 3712 πρὸς
2415 3641 2505 3694 τὸν
2526 3643 2802 3711 Δεσπότην
2829 3661 2930 3713 μου
2958 3644 3185 3714 ἀπίημι,
3211 3645 3347 3714 πρὸς
3372 3644 3465 3695 τὸν
3500 3643 3711 3713 Κύριον
3738 3644 3825 3695 καὶ

2257 3730 2390 3783 Θεόν
2421 3747 2544 3801 μου,
2595 3731 2654 3784 ὃν
2696 3732 2986 3802 ἠγάπησεν
3018 3733 3051 3802 ή
3091 3732 3236 3802 ψυχή
3287 3749 3389 3802 μου
3419 3746 3434 3761 ⁸
3462 3731 3524 3783 ὃν
3557 3731 3825 3803 ἐγνώρισα

2259 3823 2496 3892 Πατέρα,
2525 3823 2572 3875 εί
2608 3823 2700 3876 καὶ
2729 3823 2828 3876 οὐκ
2859 3823 3199 3893 ἐθεράπευσα
3243 3823 3316 3884 ὡς
3347 3821 3496 3885 υἱός·
3540 3823 3641 3875 Ὃν
3675 3824 3828 3890 ἐκτη-

2262 3914 2443 3982 σάμην
2470 3915 2588 3967 ἀντὶ
2619 3913 2860 3974 πάντων,
2884 3914 2932 3966 εἰ
2972 3914 3064 3966 καὶ
3101 3915 3201 3967 οὑκ
3227 3911 3517 3964 ἐδούλευσα
3545 3911 3622 3973 ὠς
3653 3911 3828 3970 δοῦλος

2236 4007 2503 4079 χνήσιος.
2538 4004 2722 4058 Ταῦτα
2778 4004 3145 4076 παραφρονῶν
3199 4003 3434 4072 εἴρηκα·
3463 4002 3532 4054 δι’
3575 4002 3725 4071 ὑμᾶς
3776 4001 3826 4051 δὲ

2261 4099 2454 4168 λέλεχα
2479 4114 2493 4128 ο
2523 4098 2609 4150 ἴνα
2643 4095 2998 4167 προθυμῆσθε
3039 4097 3134 4148 καὶ
3173 4093 3552 4165 ὑπερεύχησθέ
3597 4110 3705 4162 μου
3739 4096 3830 4159 τῆς

2266 4187 2537 4258 σωτηρίας
2561 4203 2574 4217 ·
2609 4188 2703 4240 καὶ
2733 4188 2828 4240 ὲάν
2863 4184 3105 4255 ἐπιτύχω
3146 4183 3368 4256 ταύτης,
3397 4183 3510 4236 ἰδοὺ
3561 4183 3724 4251 λόγον
3745 4181 3829 4234 δίο

2265 4280 2405 4349 δωμι
2434 4278 2662 4332 ἐνώπιον
2688 4278 2782 4348 τῆς
2804 4277 3082 4347 ἀληθείας,
3110 4277 3191 4330 ὅτι
3219 4277 3278 4328 οὐ
3303 4276 3514 4343 σιγήσω
3544 4271 3828 4341 τολμηρῶς

2265 4368 2476 4420 δέεσθαι
2506 4368 2598 4422 τοῦ
2619 4369 2822 4437 Κυρίου
2873 4371 2968 4421 καὶ
3000 4368 3267 4420 Δεαπότου
3314 4383 3416 4436 μου
3447 4365 3593 4433 ὑπὲρ
3623 4365 3832 4417 πάντων

601 4468 819 4533 vemini,
855 4476 911 4522 ut
943 4469 1274 4538 impleamini
1305 4486 1320 4522 :
1351 4478 1673 4538 exspectans
1719 4453 2162 4537 unumquemque

2272 4458 2441 4528 ὑμῶν,
2474 4459 2561 4512 ἵνα
2610 4460 2951 4529 εύπραγῆτε,
2980 4459 3067 4511 ἵνα
3113 4457 3398 4523 σώζοισθε,
3427 4456 3517 4510 ἴνα
3555 4455 3829 4524 πληθύνη-

602 4561 895 4631 sigillatim,
927 4577 1046 4615 cum
1083 4577 1148 4615 ex
1201 4561 1403 4614 mundo
1456 4561 1806 4630 migrabit,ut
1847 4561 2080 4624 videam,
2112 4570 2166 4614 et

603 4654 892 4723 excipiam,
914 4666 968 4706 et
987 4654 1301 4722 amplectar.
1324 4653 1599 4708 Fiduciam
1635 4655 1777 4707 enim
1806 4655 1945 4708 hanc
1973 4655 2166 4716 habeo,

602 4746 748 4816 quod
784 4747 998 4799 bonitas
1030 4746 1149 4815 ejus
1185 4747 1237 4799 in
1275 4745 1508 4816 idipsum
1562 4763 1661 4800 nos
1700 4761 1889 4800 omnes
1923 4747 2011 4800 hic
2054 4762 2170 4800 scr-

600 4838 753 4893 vabit
776 4847 830 4892 et
862 4838 914 4892 in
945 4837 1130 4891 futuro
1166 4839 1384 4902 saeculo,
1413 4837 1531 4904 ejus
1561 4839 1830 4892 mandatis
1860 4839 2168 4902 obsecutus,

604 4934 673 4987 ad
722 4931 1096 4988 celebrandam
1142 4931 1270 4999 ejus
1305 4947 1575 4985 summam
1614 4932 1932 5001 potentiam.
1966 4929 2170 4985 Recor-

607 5024 815 5078 damini
865 5023 1150 5077 humilium
1195 5038 1508 5076 sermonum
1549 5039 1813 5085 meorum,
1849 5023 1964 5076 lilii.
1996 5021 2170 5091 Depo-

609 5118 773 5172 situm
820 5117 1088 5171 custodite
1117 5135 1131 5170 :
1167 5116 1220 5169 in
1254 5114 1472 5169 Christo
1513 5113 1640 5170 Jesu
1689 5116 1912 5168 Domino
1943 5124 2132 5167 nostro
2154 5154 2168 5179 ,

608 5211 698 5264 cui
764 5210 935 5279 gloria
995 5218 1049 5264 et
1114 5207 1401 5278 imperium
1455 5206 1509 5260 in
1564 5206 1756 5262 saecula
1827 5206 2172 5261 saeculorum.

611 5307 804 5358 Arnen.

691 5480 1015 5535 Obdormivt’t
1050 5480 1410 5533 sanctissimus
1445 5478 1610 5532 Pater
1662 5487 1838 5531 noster
1879 5486 1926 5530 et
1959 5491 2176 5545 magnus

617 5570 883 5639 confessor
907 5568 1228 5629 Theodorus,
1251 5586 1414 5622 annos
1469 5579 1623 5622 natus
1655 5569 1931 5636 sexaginta
1962 5576 2176 5635 septem,

619 5676 789 5714 mense
817 5659 1115 5721 Novembri,
1140 5661 1409 5712 undecima
1431 5660 1514 5715 die
1547 5658 1983 5725 Dominica,ltora
2006 5667 2173 5724 sarta,

621 5753 815 5808 lndicl.
842 5752 1043 5820 quinta,
1077 5768 1214 5803 anno
1247 5751 1403 5806 6555.

695 5868 713 5897 ⁸
752 5865 889 5918 Psal.
931 5881 1153 5927 xxxvnt,
1194 5865 1271 5916 15.

2275 4547 2394 4599 σθε·
2433 4549 2858 4619 προσδεχόμενος
2887 4549 2983 4603 ’ἐνα
3013 4549 3216 4605 καθένα
3239 4548 3327 4602 διά
3363 4548 3462 4617 τῆς
3500 4547 3612 4600 ἀπὸ
3634 4549 3830 4615 κόσμου

2271 4642 2695 4712 ἀποχωρήσεως,
2748 4642 2992 4711 θεωρεῖν,
3050 4642 3144 4697 καὶ
3208 4639 3683 4712 προσλαμϐάνειν,
3749 4640 3833 4692 καὶ

2273 4731 2740 4802 προασπάζεσθαι.
2766 4730 3093 4801 Πεποίθησιν
3141 4730 3249 4801 γὰρ
3291 4729 3552 4800 τοιαύτην
3581 4729 3715 4799 έχω,
3757 4729 3830 4780 ὅτι

2273 4823 2306 4892 ἡ
2332 4821 2602 4892 ἁγαθότης
2634 4821 2795 4874 αὑτοῦ
2828 4824 2921 4875 ἐπὶ
2947 4822 3006 4875 τὸ
3028 4823 3178 4887 αὐτὸ,
3209 4822 3284 4884 ὡς
3319 4820 3554 4875 ἐνταῦθα
3577 4821 3830 4890 διατηρή-

2275 4928 2358 4964 σει
2393 4914 2600 4975 πάντας
2631 4914 2773 4983 ὑμᾶς
2800 4913 2894 4967 καὶ
2922 4916 2979 4966 ἐν
3018 4912 3096 4982 τῷ
3129 4912 3371 4982 μέλλοντι
3418 4913 3600 4976 αἰῶνι,
3628 4914 3726 4974 τὰς
3754 4912 3830 4962 ἐν·

2272 5005 2430 5068 τολάς
2459 5005 2623 5058 αὑτοῦ
2649 5006 3038 5077 τετηρηκότας,
3061 5005 3197 5074 πρὸς
3230 5004 3290 5058 τὸ
3319 5007 3580 5074 ἀνυμνεῖν
3615 5003 3679 5056 τὸ
3707 5019 3828 5055 παν-

2274 5096 2428 5164 ἀγιον
2487 5097 2650 5150 αὐτοῦ
2683 5097 2904 5167 κράτος.
2932 5098 3230 5168 Μέμνησθέ,
3269 5114 3368 5167 μου
3420 5097 3533 5149 τῶν
3571 5095 3829 5150 ταπεινῶν

2272 5189 2464 5258 λόγων,
2502 5190 2689 5244 τεκνία
2714 5208 2728 5222 ·
2765 5191 2863 5261 τὴν
2923 5189 3395 5261 παρακαταθήκην
3438 5189 3720 5258 φυλάξατε
3745 5208 3758 5218 ’
3783 5191 3830 5240 ἐν

2277 5281 2498 5352 Χριστῷ
2550 5281 2723 5352 Ἰησοῦ
2753 5281 2830 5352 τῷ
2851 5282 3041 5352 Κυρίῳ
3079 5281 3259 5352 ἡμῶν,
3289 5275 3333 5349 ᾧ
3374 5283 3409 5352 ὴ
3462 5281 3594 5346 δόξα
3651 5282 3742 5334 καὶ
3783 5279 3830 5330 τὸ

2277 5379 2484 5450 κράτος
2513 5380 2591 5441 είς
2622 5378 2745 5440 τοὺς
2775 5376 2975 5439 αἰῶνας
3012 5375 3122 5428 τῶν
3160 5373 3393 5428 αἰώνων.
3436 5376 3493 5427 Ἀ
3508 5377 3644 5445 μήν.

2358 5469 2672 5538 Ἐκοιμήθη
2721 5471 2752 5521 ὀ
2780 5465 3217 5535 πανατιώτατος
3272 5466 3477 5533 Πατὴρ
3537 5465 3707 5534 ἡμῶν
3749 5460 3830 5514 καί

2271 5563 2458 5634 μέγας
2479 5561 2854 5632 ὀμολογητὴς
2875 5558 3171 5626 Θεόδωρος
3189 5556 3339 5611 ἐτῶν
3368 5557 3666 5626 ὑπάρχων
3705 5558 3829 5605 ἑπτα

2277 5654 2375 5707 καὶ
2402 5651 2697 5718 ἐξήκοντα
2720 5667 2732 5680 ·
2758 5647 2902 5717 μηνὶ
2928 5648 3240 5716 Νοεμϐρίῴ,
3259 5652 3330 5700 ta’
3347 5645 3543 5715 ἡμέρᾳ
3565 5638 3831 5714 Κιιριακῶ

2279 5747 2393 5816 ὥρᾳ
2436 5754 2506 5811 ς’.
2548 5744 2686 5799 Ἰνὸ.
2718 5752 2776 5797 ε’.
2818 5743 2903 5797 ἔτ.
2936 5743 3112 5794 ςτλεν.
