3976 6314
188 394 1887 426 W

1185 405 3374 440 nmmum—=3

1362 580 2195 705 APPENDIX.

638 855 1282 946 NAUCRATII
1360 853 2165 945 CONFESSOBIS
2263 856 2916 948 ENCYCLICA

995 1047 1100 1106 DE
1129 1045 1370 1108 OBITU
1405 1045 1682 1106 SANCTI
1717 1045 2131 1106 THEODORI
2172 1047 2558 1114 STUDl'l'JE.

168 1358 299 1424 Τοῖς
331 1357 428 1412 διὰ
461 1357 676 1425 Κύριον
703 1355 1136 1423 δεδιωγμένοις,
1172 1355 1266 1407 καὶ
1295 1354 1601 1425 πανταχοῦ
1631 1354 1718 1406 δι·-

1824 1353 2246 1406 Persecutioncm
2291 1363 2502 1423 propter
2563 1353 2844 1425 Dominum
2889 1355 3285 1425 sustinentibus,
3329 1376 3391 1412 ac

232 1424 630 1496 εσπιιρμένοις
677 1425 1092 1498 πνευματικοῖς
1137 1424 1418 1498 ᾀδελέοἷς
1471 1425 1567 1478 καὶ
1601 1429 1717 1478 Πα-

1893 1426 2076 1498 ubique
2103 1425 2374 1498 dispersis,
2393 1424 2718 1498 spiritalibus
2741 1424 2992 1493 fratribus
3033 1429 3390 1498 patribusque,

233 1492 439 1566 rpdoi,
469 1497 832 1564 Ναυκράτιος
864 1495 1228 1563 ἁμαρτωλὸς,
1253 1496 1509 1562 εὔχεται.

1029 1495 1228 1559 τωλὸς,
1253 1496 1509 1562 εὔχεται.
1902 1493 2221 1546 Naucratius
2253 1504 2495 1561 peccator
2542 1492 2599 1548 S.

1072 1608 1376 1676 (Councrts.
1410 1607 1616 1661 llis-tor.
1655 1607 1840 1662 lia'res.
1864 1604 2219 1667 Monottielit.,
2250 1621 2300 1674 p.
2331 1604 2482 1672 856.)

241 1725 386 1787 Ἕως
431 1724 530 1791 μὲν
569 1723 663 1777 τοῦ
702 1722 1232 1793 παρόντος,·ἀδελφοί
1265 1741 1368 1791 μου
1405 1722 1723 1794 τιμιώτατοι

1899 1720 2199 1784 Hactenus,
2232 1721 2644 1777 honoratissimi
2686 1738 2749 1778 ac
2779 1722 3083 1778 charissimi
3113 1721 3309 1776 fratres
3334 1736 3395 1775 ac

159 1818 262 1871 καὶ
320 1817 587 1884 Πατέρες,
635 1814 1002 1884 ἀνεϐαλλόμην
1048 1817 1109 1867 τὸ
1157 1815 1411 1868 ταπεινὸν
1469 1817 1724 1885 ¹γράμμα,

1831 1822 2047 1881 patres,
2085 1813 2314 1866 humiles
2356 1814 2596 1882 vilesque
2645 1815 2830 1868 distuli
2881 1816 3104 1879 litteras,
3145 1813 3285 1866 diem
3328 1827 3395 1866 ex

161 1909 384 1980 ἡμέραν
420 1908 478 1972 ἐξ
509 1908 723 1976 ἡμέρας
756 1905 1181 1976 διεξερχόμενος,
1215 1907 1308 1959 καὶ
1343 1907 1462 1959 κατ’
1492 1905 1726 1975 ἐμαυτὸν

1832 1902 1916 1955 die
1947 1902 2262 1965 decurrens,
2297 1917 2359 1956 ac
2403 1917 2614 1955 mecum
2658 1901 2772 1969 ipse
2823 1904 3095 1958 tristitiam
3133 1902 3392 1954 retinens.

160 2003 414 2070 κατέχων
463 1999 522 2052 τὸ
564 1997 823 2065 λυπηρόν.
875 1997 983 2048 Καὶ
1033 1996 1096 2066 δὴ
1141 1997 1297 2050 τοῦτο
1337 1998 1591 2068 πέπραχα
1639 1995 1726 2050 διὰ

1835 1994 1887 2048 Id
1923 2011 2084 2063 porro
2111 1995 2295 2048 multis
2322 1994 2388 2049 de
2435 1995 2618 2048 causis
2664 1993 2788 2058 feci,
2834 2011 2974 2065 quas
3014 2010 3190 2063 neque
3244 2002 3394 2062 puto,

162 2091 361 2151 πολλὰ,
397 2090 432 2143 ἃ
465 2085 615 2159 οἶμαι
661 2089 780 2141 οὐδὲ
819 2086 918 2158 τὴν
952 2089 1242 2157 τιμιότητα
1287 2089 1440 2158 ὑμῶν
1485 2090 1724 2156 ἀγνοεῖν·

1839 2087 2156 2139 honoranda
2215 2094 2395 2138 vestra
2442 2085 2681 2140 charitas
2722 2086 3087 2155 ignoraverit:
3119 2085 3172 2138 In
3208 2084 3396 2152 primis

161 2185 261 2238 καί
295 2201 358 2252 γε
391 2185 494 2254 πρὸ
523 2182 629 2234 τῶν
656 2179 849 2242 ἄλλων,
887 2180 958 2249 μὴ
991 2181 1170 2250 φέρων
1196 2181 1423 2248 ἄγγελος
1460 2181 1585 2250 ὑμῖν
1614 2179 1728 2232 θλι-

1837 2186 2043 2239 autem,
2103 2177 2249 2245 quod
2309 2192 2417 2229 non
2451 2175 2645 2231 ferrem
2685 2177 2899 2230 molesti
2933 2177 3088 2230 vobis
3118 2192 3180 2230 ac
3209 2175 3391 2230 acerbi

162 2277 368 2344 πτικῆς
401 2273 669 2340 ἐπιφορᾶς
695 2271 976 2338 γενέσθαι·
1005 2271 1150 2339 λέγω
1177 2272 1264 2340 δὴ.
1295 2271 1393 2338 τῆς
1428 2272 1732 2338 κοιμήσεως

1840 2283 2024 2331 casus,
2054 2268 2274 2321 nuntius
2314 2282 2436 2321 esse
2474 2285 2488 2321 :
2533 2283 2727 2337 nempe
2762 2268 3108 2322 dormitionis
3147 2267 3293 2321 beati
3328 2282 3391 2322 ac

158 2365 259 2419 τοῦ
297 2363 565 2435 μακαρίου
597 2361 689 2414 καὶ
730 2361 972 2430 ἀοιδίμου
1002 2360 1214 2433 Πατρδς
1245 2361 1418 2432 ἡμῶν.
1460 2360 1613 2414 Ἐπεὶ
1653 2360 1728 2424 δὲ,

1835 2357 2075 2426 praeclari
2125 2357 2297 2412 Patris
2329 2358 2520 2415 nostri.
2551 2364 2619 2412 At
2655 2368 2962 2428 postquam,
2993 2368 3051 2412 ut
3079 2358 3254 2423 video,
3287 2374 3394 2413 non

160 2458 242 2520 ὡς
275 2455 405 2526 ὁρῶ,
442 2454 511 2506 οὐ⁶
551 2451 707 2521 μόνον
736 2453 803 2506 τὰ
837 2452 1089 2515 ἐνταῦθα,
1130 2451 1261 2505 ἀλλὰ
1307 2450 1402 2503 καὶ
1433 2450 1501 2503 τὰ
1541 2451 1730 2521 πόρρω

1835 2449 1919 2502 hic
1945 2458 2176 2515 tantum,
2210 2450 2301 2504 sed
2329 2459 2382 2503 et
2405 2450 2616 2519 longius
2641 2450 2866 2519 positos,
2900 2465 3038 2503 nova
3061 2449 3177 2504 haec
3208 2449 3394 2502 turba-

160 2547 441 2614 δεδόνηται
491 2543 569 2613 τῷ
622 2543 912 2615 παραδόξῳ
959 2542 1053 2596 τοῦ
1108 2541 1487 2611 ἀκούσματος’
1517 2541 1592 2606 ὡς
1635 2541 1729 2593 καὶ

1833 2541 1906 2592 vit
1938 2541 2179 2604 auditio;
2214 2549 2271 2593 ut
2300 2548 2353 2593 et
2381 2541 2655 2609 plerisque
2684 2540 2897 2594 difﬁcile
2917 2541 3127 2595 creditu
3149 2541 3396 2594 videatur

162 2643 279 2701 τοῖς
310 2637 516 2691 πλείοσι
549 2636 866 2688 δύσπειστον
889 2635 1159 2702 γενέσθαι,
1186 2635 1233 2686 εἰ
1263 2635 1369 2692 ἄρα
1399 2653 1460 2703 γε
1490 2634 1720 2703 μετέστη

1828 2641 1886 2685 ut
1916 2645 2040 2685 vere
2073 2631 2287 2684 Domini
2334 2630 2576 2685 famulus
2605 2631 2674 2685 ab
2708 2631 2962 2685 humanis
2993 2634 3288 2685 translatus
3327 2631 3398 2685 sit

162 2729 277 2780 τῶν
307 2726 512 2779 ἐνθένδε
544 2727 572 2777 δ
598 2726 690 2779 τοῦ
722 2725 924 2796 Κυρίου
956 2725 1235 2794 θεράπων·
1265 2727 1364 2778 οὐκ
1390 2723 1540 2795 οἶμαι
1570 2725 1625 2776 δὲ
1652 2727 1724 2794 μὴ

1826 2722 1969 2775 haud
2000 2737 2127 2775 vero
2149 2722 2404 2786 arbitror,
2439 2731 2498 2775 ut
2529 2722 2674 2791 quod
2731 2723 2832 2790 ipsi
2865 2738 2931 2776 ex
2972 2723 3206 2791 quadam
3243 2736 3396 2776 reve-

166 2820 263 2870 καὶ
297 2818 431 2886 προς
456 2819 598 2886 ὑμᾶς
631 2817 955 2869 καταλαεεῖν
989 2817 1049 2867 τὸ
1078 2818 1208 2883 παρ’
1237 2818 1392 2886 ἡμῶν
1426 2817 1564 2869 αἰδοῖ
1593 2817 1724 2868 ὑπο-

1826 2812 1999 2863 rentia
2027 2822 2080 2864 et
2105 2820 2248 2865 metu
2281 2813 2678 2877 subtacuimus,
2712 2814 2778 2866 ad
2805 2829 2899 2868 vos
2925 2829 3028 2866 non
3057 2813 3393 2879 pervenerit;

169 2906 522 2976 σιωπώμενον
540 2925 554 2939 ο
589 2907 899 2976 ἀναγκαίως
922 2907 1013 2957 ἐπὶ
1038 2906 1097 2958 τὸ
1120 2906 1352 2975 γράμμα
1373 2903 1556 2978 ἦλθον,
1602 2906 1725 2976 ἄρτι

1827 2903 2152 2958 necessitate
2189 2905 2254 2957 ad
2305 2903 2650 2958 scribendum
2709 2905 2987 2974 processi;
3015 2905 3126 2972 jam
3158 2904 3392 2973 planius,

167 3002 297 3066 ὑμῖν
323 3001 731 3068 ἐναργέστερον,
763 2998 854 3050 καὶ
883 2998 956 3067 μὴ
984 2997 1326 3066 βουλόμενος,
1358 2998 1722 3065 ἀναγγέλλων,

1828 3011 2139 3064 quanquam
2197 2998 2412 3062 nolens,
2445 2998 2882 3062 renuntiaturus,
2920 2998 3062 3065 quod
3108 3000 3292 3067 utique
3328 3012 3398 3051 ex

164 3094 227 3143 τὸ
253 3093 379 3159 παρ’
406 3093 603 3160 ἑτέρων
626 3090 997 3160 προακουσθέν
1013 3109 1025 3121 ·
1049 3092 1141 3144 καὶ
1161 3090 1317 3144 τοῦτο
1339 3091 1437 3144 οὐκ
1459 3092 1726 3154 ἀποτνιῶς

1829 3088 2061 3141 aliorum
2084 3087 2194 3155 jam
2232 3089 2403 3141 relatu
2436 3087 2668 3142 audistis
2697 3107 2708 3142 :
2746 3103 2846 3145 nec
2878 3092 3055 3158 plane,
3111 3089 3232 3144 sine
3261 3104 3398 3158 que-

166 3184 276 3235 οὑδ’
313 3185 594 3253 ἀδακρυτί.
615 3185 710 3244 Τίς
743 3184 851 3253 γὰρ
877 3185 924 3235 εἰ
961 3187 1054 3235 καὶ
1080 3183 1284 3252 λιθίνην
1313 3185 1424 3253 ἔχει
1457 3184 1555 3252 τὴν
1590 3203 1728 3254 καρ-

1831 3179 1965 3231 rulis
2012 3179 2490 3232 lamentationibus
2574 3194 2637 3232 ac
2697 3179 2968 3248 lacrymis.
3037 3178 3171 3244 Quis
3226 3180 3394 3242 enim,

166 3276 310 3334 δέαν,
361 3276 459 3328 οὐκ
490 3274 814 3337 ἀποστάξειε
863 3273 1093 3342 δάκρυον
1139 3275 1359 3345 θερμὸν,
1400 3277 1498 3344 τὴν
1544 3277 1729 3346 κοινὴν

1830 3287 2141 3339 quanquam
2176 3286 2338 3324 saxeo
2380 3272 2567 3334 corde,
2617 3287 2726 3325 non
2777 3271 3046 3326 ferventes
3107 3271 3399 3340 profundat

169 3363 368 3430 ζημίαν
418 3362 515 3432 τῆς
557 3362 649 3414 τοῦ
699 3361 832 3415 Θεοῦ
876 3362 1198 3432 Ἐκκλησίας
1242 3365 1727 3434 ἁναλογιζόμενοςς

1831 3363 2122 3431 lacrytnas.
2158 3378 2498 3417 communem
2541 3363 2794 3418 Ecclesia:
2824 3363 2917 3416 Dei
2944 3364 3211 3431 jacturam
3240 3378 3370 3430 repu

166 3455 360 3506 ὁποίαν
394 3455 448 3506 δὲ
477 3455 843 3524 ἀδαμαντίνην
870 3454 1044 3524 ψυχὴν
1073 3457 1425 3524 κεκτημένος,
1460 3460 1507 3509 εἰ
1538 3460 1632 3510 καὶ
1655 3459 1728 3529 μὴ

1834 3454 1994 3509 tans?
2022 3452 2155 3517 Quis
2195 3469 2323 3507 vero
2379 3470 2550 3523 usque
2591 3455 2725 3507 adeo
2766 3456 3172 3508 adamantinum
3207 3463 3398 3521 pectus

171 3547 448 3608 παντελῶς
479 3547 581 3610 ἔξω
615 3547 721 3597 τῶν
751 3547 890 3615 ὅρων
920 3546 1174 3613 γεγονὼς,
1216 3548 1274 3610 ὃς
1311 3550 1368 3600 οὑ
1394 3550 1731 3620 πληγήσεται

1836 3547 2051 3612 habeat,
2094 3548 2199 3600 nisi
2238 3548 2465 3601 omnino
2499 3549 2734 3601 excessit
2764 3557 2970 3600 natura:
3001 3547 3155 3611 lines,
3197 3555 3248 3598 ut
3285 3561 3395 3600 non

170 3638 249 3706 τῷ
312 3639 700 3708 ἀπροσδοκήτῳ
749 3641 847 3708 τῆς
897 3640 1086 3708 ἀκοῆς,
1143 3642 1237 3693 καὶ
1287 3641 1355 3693 τὰ
1387 3642 1482 3710 τῆς
1517 3641 1732 3709 φύσεως

1835 3640 2204 3708 inexspectata
2279 3640 2556 3693 auditione
2616 3655 2947 3708 percussus,
3003 3638 3163 3692 faciat
3225 3637 3396 3707 patia-

172 3730 445 3798 δράσειεν;
484 3731 642 3782 Ἀ).λά
673 3731 770 3798 φεῦ
798 3732 896 3799 τῆς
927 3733 1064 3800 ἐμῆς
1091 3733 1486 3803 ταλαιπωρίαςῑ
1518 3737 1595 3797 εἰς
1625 3730 1733 3787 οἷον

1836 3743 2053 3801 turque,
2088 3732 2231 3801 quod
2257 3732 2556 3785 humanum
2586 3731 2704 3786 est?
2731 3730 2859 3794 Sed,
2891 3731 2993 3783 heu
3021 3744 3107 3782 me
3129 3729 3393 3782 miserum

173 3820 376 3887 τετήρη
390 3838 484 3888 μαι
519 3819 545 3871 ὁ
571 3820 828 3886 δύστηνος
869 3825 1096 3890 καιρόνς
1144 3822 1237 3872 καὶ
1271 3824 1448 3874 ὁποῖον
1477 3821 1734 3873 ἀπέκειτο

1836 3824 1887 3877 in
1922 3824 2102 3891 quale,
2149 3821 2355 3887 infelix,
2388 3832 2597 3891 tempus
2635 3833 2881 3877 servatus
2927 3821 3090 3876 sum?
3121 3818 3393 3884 Quidnam

178 3929 278 3979 μου
316 3914 380 3980 τῇ
429 3913 676 3981 μοχθηρᾷ
716 3910 849 3980 ζωῇ.
891 3911 1118 3965 θάνατον
1165 3913 1482 3979 ἀναγγεῖλαι
1529 3912 1623 3963 τοῦ
1659 3913 1733 3983 μὴ

1839 3930 1966 3968 vero
1989 3914 2136 3977 illud,
2163 3913 2370 3968 alllictze
2393 3916 2512 3968 vitae
2535 3929 2666 3968 mem
2689 3923 2807 3968 erat
2829 3915 3146 3983 repositum.
3171 3924 3228 3966 ut
3253 3912 3394 3980 ejus,

175 4002 354 4070 ἑαυτῴ
386 4001 657 4071 ὲζηκότος,
701 4003 835 4056 ἀλλὰ
863 4004 1114 4073 Χριστῷς
1158 4005 1264 4057 Καὶ
1313 4004 1477 4065 ὅντως
1518 4003 1734 4071 ἀληθῶς

1839 4015 2064 4060 mortem
2100 4021 2274 4060 essem
2299 4008 2738 4068 annuntiaturus,
2763 4005 2853 4074 qui
2885 4021 2988 4059 non
3014 4006 3116 4059 sibi
3146 4005 3394 4068 vixisset,

174 4092 497 4163 κεκοίμηται
531 4096 557 4146 ὁ
581 4095 754 4156 κοινὸς
791 4095 978 4163 Πατὴρ
1011 4095 1186 4164 ἡμῶν,
1217 4099 1244 4148 ὁ
1271 4095 1438 4147 πολλὰ
1467 4097 1610 4165 ὑμᾶς
1639 4097 1731 4150 καὶ

1836 4097 1927 4150 sed
1955 4095 2214 4150 Christo?
2243 4095 2407 4150 Plane
2431 4111 2577 4161 vero,
2605 4095 2934 4150 obdormivit
2969 4095 3124 4150 Pater
3153 4112 3397 4151 commu-

177 4182 363 4249 φιλῶν,
407 4185 497 4235 καὶ
523 4184 780 4251 στέργων,
805 4183 878 4243 ὡς
904 4185 1063 4236 τέκνα
1098 4185 1324 4255 ἀληθινά
1348 4199 1361 4212 ·
1392 4184 1467 4247 ὡς
1495 4185 1728 4255 ὲργάτας

1835 4188 1963 4241 nis:
2016 4187 2082 4248 is,
2116 4188 2357 4254 inquam,
2388 4187 2478 4255 qui
2528 4188 2693 4242 multa
2735 4205 2829 4243 vos
2865 4189 3153 4244 dilectione
3206 4196 3259 4241 et
3298 4204 3394 4256 pa-

176 4273 268 4325 τοῦ
331 4275 650 4340 ἀμπελῶνος
710 4275 952 4345 Κυρίουο
1008 4276 1082 4338 ὡς
1136 4278 1282 4338 υἱοὺς
1326 4277 1610 4344 ὑπακοῆςσ
1657 4277 1733 4341 ὼς

1835 4287 1990 4331 terno
2033 4277 2224 4330 affectu
2281 4287 2602 4348 prosecutus
2653 4289 2754 4345 est,
2809 4288 2868 4332 ut
2923 4295 3047 4334 vere
3108 4278 3296 4344 filios;
3339 4286 3395 4331 ut

181 4364 512 4431 στρατιώτας
544 4365 776 4433 Χριστοῦ
798 4381 809 4393 ·
845 4367 920 4428 ὠς
960 4367 1296 4435 ὁμολογητάς
1341 4367 1594 4436 ἀψευδεῖς
1614 4385 1627 4399 ο
1658 4371 1732 4432 ὼς

1831 4369 2004 4422 vinea:
2052 4369 2262 4422 Domini
2307 4370 2585 4438 operarios
2617 4389 2630 4436 ;
2663 4381 2722 4423 ut
2759 4371 3076 4426 obedientia:
3107 4371 3246 4423 lilios
3277 4387 3290 4433 ;
3339 4381 3397 4423 ut

180 4456 677 4520 συγκεκοπιακότας
701 4454 867 4524 αὐτῷ,
893 4455 984 4506 καὶ
1010 4455 1408 4526 συνηθληκότας
1435 4459 1492 4509 ὲν
1521 4457 1733 4522 πολλοῖς

1836 4460 2038 4515 milites
2079 4459 2278 4516 Christi
2311 4477 2326 4527 ',
2370 4470 2426 4515 ut
2458 4476 2616 4516 veros
2657 4462 3000 4516 confessores
3031 4479 3045 4526 ;
3088 4470 3145 4515 ut
3178 4476 3273 4514 eos
3300 4459 3392 4529 qui

1663 4594 1894 4650 ΝΟΤΧΕ.

249 4705 323 4774 (l,
359 4705 531 4779 Magni
574 4705 842 4779 Theodori
884 4707 1159 4779 prazpositi
1196 4707 1510 4779 Studiires.
1553 4725 1739 4763 susce«
1831 4727 1954 4765 cum
1989 4709 2164 4763 facere
2193 4728 2204 4764 :
2235 4725 2296 4764 ac
2325 4725 2423 4762 nec
2453 4708 2594 4779 mihi
2611 4710 2892 4779 imperare
2932 4725 3172 4777 possum,
3220 4719 3278 4763 ut
3321 4725 3390 4763 ne

178 4778 362 4844 ptique
393 4776 458 4848 ab
492 4790 555 4827 eo
574 4790 671 4843 pro
692 4776 928 4848 Ecclesia
955 4777 1188 4838 labores,
1219 4793 1281 4832 ac
1305 4777 1620 4832 defensione
1650 4796 1737 4833 sa-
1832 4782 1972 4834 idem
2003 4792 2250 4848 praestem
2283 4781 2348 4833 de
2372 4781 2544 4833 sancti
2582 4776 2786 4833 Nicolai
2843 4779 3068 4832 Studitze
3121 4781 3249 4842 vita,
3298 4781 3390 4848 qui

179 4860 395 4919 crarutn
427 4845 743 4912 imaginum,
779 4847 920 4919 adeo
948 4857 1231 4919 praestant,
1270 4859 1502 4916 suntque
1549 4849 1734 4902 Eccle-
1832 4852 1947 4919 ipse
1990 4845 2113 4903 cum
2157 4849 2393 4918 praefatis
2432 4848 2734 4912 confessor,
2797 4865 2860 4902 ac
2911 4865 3096 4901 eorum
3153 4845 3390 4912 tandem,

179 4916 273 4968 sia:
303 4913 573 4989 uliles_,_.ut
595 4915 840 4989 quamvis
874 4915 1024 4989 plura
1055 4915 1162 4989 jam
1188 4918 1254 4969 de
1279 4919 1345 4971 iis
1374 4913 1576 4988 scripta
1602 4919 1732 4984 sint,
1831 4913 2137 4982 successor,
2158 4913 2234 4974 'ad
2270 4922 2454 4989 Ignatii
2485 4935 2656 4989 usque
2680 4936 2742 4972 ac
2769 4919 3236 4989 Photiitempora,
3257 4935 3393 4986 prae-

180 4996 340 5053 atqne
371 4983 422 5034 in
458 4982 749 5057 llistoriam
785 4985 1230 5057 ecclesiasticam,
1258 5004 1452 5055 magno
1479 4982 1618 5056 ejus,
1647 4982 1737 5041 or-
1833 4991 2015 5046 clarus
2047 4991 2252 5044 meritis
2286 4982 2348 5044 ac
2389 4989 2513 5049 fide,
2564 4982 2860 5057 lgnatiique
2913 4982 3296 5042 communione
3330 5003 3393 5041 ac

181 5063 436 5107 namento
463 5055 628 5129 illata,
673 5055 814 5106 haud
844 5065 1030 5129 tamen
1074 5057 1198 5129 alia,
1219 5055 1517 5129 codicibus
1551 5059 1734 5113 hacte-
1833 5061 2157 5129 patrocinio,
2195 5060 2418 5128 insignis
2454 5055 2694 5129 pervenit
2730 5077 2744 5112 :
2777 5055 2880 5126 qua
2926 5059 3166 5129 ejusdem
3213 5058 3390 5129 'I‘heo-

181 5140 282 5176 nus
318 5124 906 5197 reposita._acpaucis,
945 5127 1145 5192 pervia,
1182 5127 1356 5180 eidem
1385 5129 1645 5189 historiae.
1673 5143 1737 5182 ac
1833 5124 1951 5184 (lori
1979 5147 2042 5183 ac
2071 5124 2406 5197 reliquorum
2437 5124 2818 5182 Confessorum
2853 5124 2965 5182 subi
2989 5127 3237 5194 pluribus
3275 5125 3389 5179 Ico-

175 5196 450 5245 ‘communi
485 5191 734 5268 Ecclesiae
764 5193 906 5268 usui.
940 5191 1181 5268 neganda
1206 5198 1505 5250 videantur.
1534 5198 1730 5251 Praeter
1835 5202 2092 5255 noclaslis
2132 5191 2491 5268 principibus.
2533 5209 2678 5266 gesta
2721 5191 3068 5268 memoranda
3097 5197 3390 5268 plurimum

177 5278 304 5336 ergo
330 5279 411 5336 ea,
434 5278 566 5336 qua).
594 5265 674 5336 vel
699 5263 812 5336 suis
841 5264 952 5336 ipse
985 5267 1049 5318 de
1082 5282 1138 5319 se
1173 5268 1497 5334 conscripsit
1528 5269 1730 5336 episto-
1835 5263 2191 5329 illustrentur,
2232 5263 2598 5324 iac-successio
2659 5278 2767 5321 tota
2792 5283 2970 5321 rerum
3023 5266 3277 5336 Ecclesia}
3338 5266 3390 5318 in

181 5333 264 5410 Iis,
294 5333 375 5385 vel
413 5333 478 5385 de
504 5348 567 5385 eo
601 5332 842 5410 ejusdem
886 5335 1183 5402 discipulus
1230 5332 1456 5410 Michael
1497 5332 1574 5410 in—
1613 5342 1731 5410 eius
1834 5341 2061 5410 Graecia
2087 5341 2151 5392 ad
2192 5356 2362 5410 usque
2410 5338 2734 5410 Photiauum
2779 5338 3058 5410 schisnta.‘
3094 5333 3394 5410 Consecrat

180 5406 323 5481 vita,
378 5418 605 5481 qumque
652 5402 915 5481 Batonius
958 5406 1408 5481 _comn_iunicante
1460 5408 1576 5481 viro
1632 5409 1729 5458 do-
1838 5413 2000 5481 hujus
2027 5409 2227 5463 Nicolai
2276 5402 2591 5481 memoriam
2641 5408 2893 5461 Nicolaus
2932 5405 3093 5474 Papa,
3123 5405 3393 5481 qna_petit

179 5469 421 5550 ctissimo
441 5469 842 5550 Jacobosirm.
867 5474 924 5528 S.
957 5472 995 5526 I.
1032 5475 1081 5525 in
1112 5475 1348 5550 Annales
1371 5476 1569 5550 retulit,
1602 5493 1731 5550 opc-
1835 5469 2010 5550 ips'um
2047 5482 2178 5532 mitti
2216 5483 2439 5534 Romam
2471 5480 2537 5530 ab
2575 5480 2916 5550 imperatore,
2949 5469 3024 5529 οἱ
3055 5469 3208 5543 parte
3240 5469 3392 5550 lgna-

181 5558 250 5613 τερ
274 5544 500 5610 pretium
539 5543 685 5603 duxi,
714 5543 854 5596 hanc
883 5547 1216 5598 successoris
1234 5545 1502 5598 Naucratii
1530 5543 1730 5613 epis'to-
1836 5543 1916 5613 lii,
1947 5551 2031 5603 cui
2066 5552 2317 5603 nimirum
2379 5543 2699 5611 adlimrerc't,
2745 5549 3016 5607 obnitens,
3068 5545 3387 5612 grassatori,

183 5610 284 5663 lam
319 5613 458 5690 velut
491 5613 1090 5691 encycli_catn,_di_gnum
1127 5618 1280 5682 plane
1307 5630 1431 5668 cum
1458 5610 1724 5691 ponentis,
1837 5610 2051 5683 Pliotio,
2091 5622 2169 5673 uti
2199 5621 2404 5691 piidem
2437 5619 2666 5674 obnixus
2688 5610 2870 5672 fuerat
2908 5610 3243 5686 principibus
3277 5614 3381 5667 ιω.

179 5692 286 5735 tum
322 5683 438 5750 ejus
472 5683 555 5736 cui
589 5683 821 5751 positum
855 5683 976 5748 fuit,
1009 5696 1444 5752 monumentum,
1466 5683 1522 5738 in
1554 5689 1729 5753 publi-
1838 5693 2114 5747 noclastis.
