3976 6314
568 322 701 389 1827

1472 328 1872 391 APPENDIX.
1898 353 1967 373 -
2001 333 2412 395 NAUCRATII
2441 330 2848 395 ENCYCLICA

3658 327 3789 392 1828

562 434 670 504 ipsi
728 431 1163 489 collaborassetis
1194 474 1209 501 ,
1258 448 1321 489 ac
1373 433 1427 488 in
1496 436 1685 492 multis
1732 438 2113 509 omnibusque,

2230 441 2309 493 ml.
2348 442 2405 493 ὲν
2441 440 2594 492 πᾶσι.
2648 437 2987 508 Κεκοίμηται
3031 437 3060 490 6
3106 434 3280 499 κοινὸς
3312 434 3507 507 [ἰατὴρ
3542 439 3729 507 ἡμων,
3766 440 3790 490 ὁ

558 539 845 580 commune
872 539 995 579 cum
1035 542 1099 581 eo
1127 525 1454 581 habuissetis
1507 539 1799 584 certamen.
1826 532 2120 585 Dormitio-

565 633 688 672 nem
747 618 958 687 accepit
982 619 1290 672 communis
1322 618 1480 672 Pater
1516 630 1719 684 noster,
1754 622 1840 675 ille
1868 638 2116 692 prorsus,

563 717 617 763 et
637 708 937 775 discipulus
965 707 1161 763 Christi
1187 710 1492 763 etimitator
1529 728 1543 775 ;
1574 726 1636 765 os
1676 711 1805 765 illud
1830 711 2117 780 Ecclesia;

564 797 905 851 sacerdotum
947 797 1111 851 decus
1141 814 1155 864 ;
1191 798 1311 853 ﬁdei
1378 800 1623 854 columen
1654 818 1667 865 ;
1701 802 1885 871 regula
1928 818 2123 859 monac

567 891 795 942 chorum
823 904 837 953 ;
874 889 1214 957 evangelicus
1241 897 1423 957 pastor
1455 907 1469 953 ;
1499 902 1684 960 pectus
1722 895 2077 961 apostolicum
2103 911 2119 960 ;

565 980 799 1035 eximius
848 980 1130 1035 confessor
1181 997 1196 1046 ;
1248 990 1423 1053 matyr
1482 985 1820 1052 propositus;
1865 985 1945 1040 sol
1997 985 2123 1040 tidei

564 1070 929 1135 orthodoxa;
983 1069 1134 1124 orbis
1176 1072 1383 1125 doctor.
1436 1075 1631 1141 Atque,
1670 1076 1804 1142 proh
1857 1075 2119 1131 verbum!

566 1160 1181 1230 acccpitdormitionem
1228 1164 1534 1218 communis
1580 1163 1781 1227 Pater;
1832 1166 2120 1221 vocalissi-

567 1268 690 1305 mus
725 1252 813 1305 ille
833 1251 1073 1306 veritatis
1100 1268 1274 1322 praco
1304 1270 1319 1318 ;
1344 1252 1490 1322 jugis
1515 1253 1775 1308 doctrina
1802 1257 2076 1326 scaturigo
2106 1273 2122 1325 ;

566 1344 655 1397 cui
703 1343 850 1397 velut
904 1344 1318 1399 innumerabilis
1369 1344 1446 1413 (Ξ)
1482 1347 1546 1397 ad
1580 1349 2024 1414 gubernationem
2069 1350 2121 1403 in

564 1436 723 1488 linem
748 1434 912 1489 divini
937 1435 1195 1503 propositi
1216 1445 1357 1490 esset
1386 1437 1691 1492 intellectus
1722 1455 1737 1504 ;
1786 1440 2122 1497 admirabilis

563 1525 654 1579 ille
680 1524 1063 1589 consiliarius;
1092 1526 1262 1579 ﬁdelis
1289 1527 1629 1595 dispensator
1657 1541 2119 1585 sacramentorum

565 1614 656 1669 Dei
685 1630 702 1680 ;
736 1615 870 1668 civis
906 1616 1140 1669 caelestis
1171 1614 1508 1683 Jerusalem;
1536 1634 1687 1673 mens
1719 1631 1940 1690 purgata
1971 1638 1986 1687 ;
2018 1637 2118 1675 au-

562 1720 688 1760 reus
713 1706 928 1761 animus
961 1723 976 1771 ;
1014 1707 1342 1776 paenitentia
1370 1708 1536 1777 janua
1566 1709 1729 1774 ;lons
1763 1712 2074 1783 dogmatum
2102 1754 2116 1779 ,

562 1797 700 1851 bene
742 1798 1012 1852 modulata
1055 1797 1287 1868 Spiritus
1328 1800 1441 1871 lyra
1483 1819 1496 1867 ;
1534 1802 1704 1857 beata
1748 1819 1812 1858 ac
1838 1777 2119 1874 'principis
2152 1777 2194 1835 Β

560 1886 846 1945 Trinitatis
876 1891 1210 1945 domicilium
1242 1890 1507 1947 Caterum
1542 1894 1716 1948 dicam
1741 1896 1934 1951 iterum
1962 1914 1977 1952 :
2012 1913 2120 1951 non

562 1988 619 2033 ut
649 1980 1079 2035 consolationem
1114 1982 1397 2037 adhibeam
1423 2001 1438 2049 ;
1466 1982 1597 2049 Qua
1625 1987 1766 2039 enim
1799 1988 1972 2041 oratio
2002 2000 2123 2042 tan-

562 2077 630 2125 ta
658 2070 785 2125 huic
814 2073 1112 2127 calamitati
1154 2074 1359 2128 mederi
1394 2074 1568 2144 possit
1588 2075 1723 2130 ?sed
1756 2087 1813 2130 ut
1841 2093 1969 2132 voce
1996 2078 2119 2144 hac,

565 2161 812 2217 dolorem
842 2164 990 2216 omni
1020 2173 1171 2233 parte
1191 2166 1647 2235 constringentem
1670 2182 1784 2232 cor,
1816 2168 2075 2238 explicem
2105 2186 2119 2223 :

562 2252 766 2322 accepit
813 2254 1189 2310 dormitionem
1247 2257 1553 2311 communis
1576 2255 1792 2323 Pater;
1852 2261 2124 2315 terrestris

564 2343 652 2398 ille
679 2345 921 2413 angelus,
948 2355 1002 2401 et
1030 2346 1191 2401 homo
1215 2347 1449 2403 calestis
1485 2364 1502 2413 ;
1536 2349 1954 2405 mundissimum
1992 2351 2125 2406 illud

564 2434 890 2505 virginitatis
912 2438 1167 2506 templum
1197 2454 1212 2503 ;
1249 2439 1530 2508 multiplex
1560 2439 1646 2494 ille
1675 2456 1738 2495 ac
1755 2442 2122 2510 multiformis,

563 2526 789 2580 volubili
808 2527 1071 2596 sapientia
1091 2529 1328 2598 Spiritus
1350 2548 1365 2597 ;
1391 2513 1789 2588 intentissimus
1814 2536 2123 2604 conjector;

566 2632 729 2672 verus
767 2619 967 2674 Christi
1014 2619 1252 2676 famulus
1308 2640 1322 2688 ;
1369 2622 1614 2689 corporis
1653 2622 1855 2679 Christi
1902 2625 2127 2693 pulchro

568 2710 862 2779 supercilio
919 2710 1111 2766 oculus
1169 2727 1184 2778 ;
1237 2714 1505 2781 patientia
1563 2715 1732 2784 pugil,
1797 2716 2128 2786 haresisque

567 2799 1054 2857 lconomachorum
1100 2806 1271 2859 victor
1303 2822 1318 2871 ;
1358 2806 1583 2875 justitia
1625 2814 1901 2861 armatura
1936 2824 1949 2873 ;
1982 2808 2126 2862 elee-

567 2908 807 2964 mosyna
850 2894 971 2949 l'ons
1001 2913 1016 2962 ;
1047 2896 1276 2964 diligens
1309 2896 1519 2951 Domini
1549 2899 1726 2967 legum
1758 2908 1979 2964 custos;
2012 2901 2129 2953 the-

567 2985 717 3039 sauri
761 2984 1020 3041 virtutum
1060 3002 1199 3055 penu
1236 3005 1251 3053 ;
1294 2989 1466 3045 dulcis
1497 3005 1766 3053 sermone,
1801 2998 1855 3043 et
1886 2990 1952 3043 ad
1986 2991 2129 3043 salu-

569 3077 793 3132 tandum
836 3078 1009 3133 facilis
1031 3079 1128 3149 (5).
1166 3078 1297 3145 Quis
1325 3096 1472 3142 vero,
1515 3090 1591 3135 tot
1620 3091 1860 3135 tantasve
1897 3082 2130 3149 appella-

2220 531 2314 585 τοῦ
2337 531 2570 598 Χριστοῦ
2600 530 2834 601 ἀληθῶς,
2861 530 2954 581 καὶ
2986 528 3250 599 μαθητὴς,
3283 531 3376 580 καὶ
3406 529 3663 598 μιμητής
3686 544 3703 559 ’
3734 530 3791 581 τὸ

2222 622 2415 686 σκεῦος
2456 621 2554 691 τῆς
2595 606 2950 691 ὲκλογῆςσ’τδ
2983 619 3153 687 στόμα
3192 618 3295 688 τῆς
3331 618 3705 687 Ἐκκλησίας·
3735 620 3793 672 τὸ

2220 715 2375 776 κλέος
2418 712 2526 766 τῶν
2571 713 2758 784 ἱερέων
2778 728 2791 741 ’
2820 711 2881 765 τὸ
2917 711 3015 781 τῆς
3042 712 3277 773 πίστεως
3305 709 3545 781 ἔρεισμα
3565 727 3581 741 ’
3621 713 3652 762 6
3687 710 3791 762 τῶν

2223 803 2562 877 μοναζόντων
2594 804 2772 856 κανών
2793 818 2808 833 ο
2849 802 2878 854 6
2910 800 3262 869 εὖαγγελικδς
3291 802 3537 870 ποιμήν·
3572 802 3607 868 ἡ
3658 800 3790 853 61:0-

2223 898 2440 968 στολικὴ
2500 897 2724 969 καρδία·
2776 894 2885 949 τῶν
2934 896 3278 965 όμολογητῶν
3322 898 3349 949 6
3392 896 3719 965 ἐξαίρετος·
3766 898 3791 948 6

2221 990 2601 1060 προαιρετικὸς
2633 987 2869 1058 μάρτυςο
2895 986 2924 1039 6
2954 986 3052 1056 τῆς
3074 985 3379 1055 δρθοδοξίας
3412 987 3570 1057 ⁴ἣλιος
3594 1004 3609 1017 ·
3642 987 3673 1039 6
3713 988 3789 1039 ol-

2222 1078 2542 1150 κουμενικδς
2572 1077 2903 1140 διδάσκαλος.
2928 1078 3056 1142 Καὶ,
3088 1074 3133 1128 ὦ
3154 1076 3246 1129 τοῦ
3270 1076 3665 1146 ἀκούσματοςί
3701 1094 3790 1129 κε-

2220 1171 2475 1239 κοίμηται
2513 1170 2542 1221 6
2589 1167 2767 1231 κοινὸς
2800 1166 2984 1237 Πατὴρ
3020 1165 3174 1237 ἡμῶν
3202 1168 3230 1219 6
3263 1167 3788 1235 μεγαλοφωνότατος

2221 1266 2318 1335 τῆς
2341 1264 2594 1331 ἀληθείας
2621 1263 2825 1335 κῆρυξ·
2854 1263 2882 1314 ὁ
2904 1262 3125 1325 ἀένναος
3152 1262 3249 1330 τῆς
3278 1261 3635 1325 διδασκαλίας
3663 1262 3793 1333 βρυ-

2218 1358 2325 1428 τήρ
2343 1371 2357 1387 ⁸
2391 1357 2420 1408 6
2442 1356 2725 1427 μυριόνους
2743 1357 2810 1425 τῇ
2835 1353 3113 1424 θεοσκόταρ
3137 1353 3460 1424 κυόερνησει
3481 1371 3496 1385 ·
3520 1356 3552 1407 6
3583 1354 3795 1423 θαυμα-

2224 1451 2344 1512 στὸς
2378 1448 2705 1518 βουληφόρος
2726 1463 2741 1478 ο
2771 1447 2800 1499 6
2826 1444 3017 1507 πιστὸς
3045 1444 3324 1513 οἰκονόμος
3354 1445 3466 1497 τῶν
3509 1444 3609 1497 τοῦ
3655 1444 3792 1498 Θεοῦ

2224 1540 2533 1610 μυστηρίων
2556 1544 2569 1556 ⁸
2607 1540 2636 1591 6
2660 1537 2761 1607 τῆς
2787 1535 3107 1606 ἐπουρανίου
3143 1536 3503 1606 Ἰερουσαλὴμ
3541 1537 3792 1607 πολίτης·

2218 1634 2247 1685 6
2275 1629 2680 1699 κεκαθαρμένος
2731 1627 2888 1689 νοῦς’
2925 1630 2957 1696 ἡ
3009 1626 3326 1697 χρυσοειδὴς
3372 1627 3566 1698 ψυχή’
3616 1630 3652 1697 ἡ
3699 1629 3799 1695 τῆς

2225 1721 2508 1792 μετανοίας
2539 1719 2709 1790 θύρα’
2759 1720 2793 1789 η
2826 1717 2932 1772 τῶν
2972 1718 3253 1786 δογμάτων
3289 1720 3442 1788 πηγή
3464 1736 3480 1751 ο
3534 1721 3570 1790 ἡ
3599 1718 3799 1789 εῦηχος

2221 1810 2314 1864 τοῦ
2366 1810 2683 1880 Πνεύματος
2714 1809 2881 1881 λύρα’
2922 1813 2984 1863 τὸ
3018 1810 3336 1881 ἐνδιαίτημα
3373 1811 3477 1879 τῆς
3514 1813 3800 1882 μακαρίας

2221 1903 2315 1955 καὶ
2360 1903 2594 1973 ἀρχικῆς
2634 1902 2886 1971 Τριάδος.
2919 1902 3028 1956 Καί
3069 1919 3133 1970 γε
3166 1900 3322 1965 αὖθις
3350 1901 3485 1972 ἐρῶ,
3521 1904 3587 1955 οὐ
3620 1920 3804 1974 παρα-

2220 1992 2461 2064 κλήσεως
2499 1993 2688 2046 ἕνεκαο
2739 1994 2824 2053 τίς
2871 1994 2979 2064 γὰρ
3023 1992 3090 2048 ἂν
3134 1995 3225 2047 καὶ
3270 1993 3431 2061 λόγος
3474 1992 3802 2065 ὲξευρεθείη

2220 2086 2489 2154 τοσαύτης
2535 2086 2818 2155 συμφορᾶς
2868 2085 3086 2154 ίατρός;
3134 2086 3268 2139 ἀλλά
3307 2086 3411 2156 τὴν
3442 2086 3804 2156 περιοδυνίαν

2221 2177 2321 2246 τῆς
2368 2177 2624 2247 ταπεινῆς
2659 2176 2816 2245 ἡμῶν
2850 2177 3094 2247 καρδίας,
3128 2178 3191 2229 ὲκ
3228 2176 3330 2247 τῆς
3368 2175 3564 2245 φωνῆς
3594 2176 3804 2245 ταύτης

2224 2269 2353 2337 ὑμῖν
2396 2268 2874 2336 διασημαίνοντες·
2924 2268 3250 2335 κεκοίμηται
3294 2268 3322 2319 6
3361 2266 3550 2328 κοινὸς
3609 2266 3804 2335 Πατὴρ

2223 2363 2254 2431 ὴ
2265 2360 2401 2430 μῶν,
2434 2362 2462 2412 6
2491 2359 2728 2426 ἐπίγειος
2756 2358 2983 2427 ἄγγελος
3011 2358 3105 2411 καὶ
3129 2358 3381 2427 οὐράνιος
3408 2356 3740 2427 ἄνθρωπος·
3774 2358 3803 2407 6

2222 2453 2319 2520 τῆς
2359 2450 2655 2520 παρθενίας
2707 2450 2832 2513 ναὸς
2871 2448 3278 2519 καθαρώτατοςο
3310 2449 3339 2500 ὀ
3377 2447 3683 2511 πολλοστὸς
3713 2448 3802 2500 καὶ

2225 2542 2505 2612 πολυειδὴς
2530 2544 2597 2611 τῇ
2628 2542 3055 2611 ποικιλοστρόφῳ
3080 2538 3240 2610 σοφίᾳ
3268 2537 3362 2591 τοῦ
3388 2538 3746 2606 Πνεύματοςο
3773 2538 3804 2590 6

2226 2630 2614 2705 ὲπιτεταμὲνος
2649 2632 2949 2699 στοχαστής
2970 2647 2983 2661 ο
3015 2631 3043 2682 6
3070 2629 3292 2698 γνήσιος
3322 2627 3563 2679 Χσιστοῦ
3590 2628 3800 2697 ὑπηρέ-

2223 2738 2321 2791 της
2345 2736 2359 2751 ο
2390 2722 2418 2773 6
2456 2719 2881 2788 καλλιδλέφαρος
2910 2718 3185 2789 ὀφθαλμὸς
3212 2716 3307 2770 τοῦ
3335 2716 3581 2786 Χριστοῦ
3613 2715 3801 2785 σῶμα·

2224 2827 2340 2874 τος·
2365 2812 2393 2862 6
2412 2812 2510 2880 τῆς
2537 2810 2813 2879 ὑπομονῆς
2834 2810 3090 2879 ἀθλητὴς.
3114 2810 3207 2863 καὶ
3232 2808 3331 2877 τῆς
3358 2809 3799 2878 Είκονομαχικῆς,

2228 2900 2491 2971 αἱρέσεως
2515 2901 2738 2978 νικητής
2764 2916 2777 2929 ·
2812 2901 2872 2953 τὸ
2901 2903 2998 2969 τῆς
3019 2899 3362 2970 δικαιοσύνης
3402 2898 3572 2951 ὅπλον
3594 2917 3609 2927 ·
3643 2900 3678 2967 ἡ
3706 2900 3801 2967 τῆς

2228 2994 2597 3061 ὲλεημοσύνης
2632 2993 2828 3061 κρήνη,
2869 2994 2897 3045 6
2924 2993 3154 3063 ἀκριϐὴς
3185 2992 3275 3044 τοῦ
3316 2991 3526 3061 Κυρίου
3564 2990 3800 3059 νομοςιὺ·

2230 3081 2357 3147 λαξ’
2390 3082 2449 3132 τὸ
2480 3080 2975 3151 θησαυροφυλάκιον
3019 3079 3127 3133 τῶν
3167 3077 3379 3149 ἀρετῶν
3400 3095 3415 3109 ·
3454 3078 3484 3129 6
3518 3078 3613 3131 τὸν
3646 3077 3797 3143 λόγον

570 3167 747 3224 tiones
785 3169 952 3238 gratia
1001 3184 1313 3233 concessas,
1357 3171 1425 3225 ab
1452 3171 1569 3238 ejus
1598 3171 2004 3240 operationibus
2032 3173 2124 3241 qui

2234 3173 2382 3243 ἡδὺς,
2413 3175 2505 3226 καὶ
2523 3172 2619 3243 τὴν
2646 3172 3015 3242 προσηγορίαν
3046 3172 3382 3241 εὐπρόσιτος.
3412 3170 3527 3224 Καὶ
3560 3171 3647 3229 τίς
3679 3169 3796 3220 ἱκα-

569 3260 863 3328 apostolica
899 3260 1183 3316 all‘ectione
1211 3264 1392 3316 omnia
1435 3263 1689 3317 omnibus
1712 3263 1936 3319 ell‘ectus
1963 3273 2125 3330 esset,

570 3352 817 3404 oratione
869 3352 1240 3422 expresserit?
1281 3351 1325 3407 Ο
1374 3352 1845 3419 desideratissimi,
1882 3354 2011 3424 quid
2060 3355 2128 3408 ad

571 3460 670 3499 nos
718 3444 950 3499 humiles
1002 3444 1142 3498 istud
1183 3444 1557 3498 sacramenti?
1614 3444 1744 3509 Qua
1778 3459 1904 3499 vero
1931 3461 2127 3500 arcana

572 3534 664 3589 Dei
704 3536 967 3606 sapientia
998 3536 1021 3588 Τ
1051 3534 1205 3591 Nunc
1238 3536 1371 3589 mihi
1405 3535 1648 3590 Ieremia
1698 3537 1945 3593 lamentis
1992 3551 2129 3607 opus

569 3636 731 3691 esset.
759 3645 823 3683 ac
857 3629 902 3682 si
930 3629 1053 3698 quis
1075 3628 1213 3682 alius
1252 3628 1440 3683 beatus
1459 3628 1547 3682 vir
1576 3638 1929 3697 sanctusque,
1962 3644 2130 3698 gran-

569 3722 688 3774 dem
727 3721 963 3790 aliquam
982 3720 1345 3774 calamitatem
1389 3720 1707 3789 deploravit.
1759 3720 1974 3774 Corrujt
2023 3721 2127 3786 vir,

572 3810 727 3879 plane
795 3811 1046 3864 columna
1102 3818 1157 3865 et
1219 3810 1451 3865 fulcrum
1515 3810 1771 3865 Ecclesia
1824 3827 1837 3863 :
1899 3811 2039 3874 imo,
2081 3811 2129 3864 is

572 3902 787 3971 quidem
830 3901 895 3954 ad
927 3902 1135 3955 beatam
1170 3902 1340 3956 elatus
1368 3902 1553 3966 vitam,
1580 3916 1611 3955 a
1635 3901 1792 3955 nobis
1824 3902 2126 3955 abscessit:

572 3992 873 4062 periculum
910 4007 1034 4045 vero
1053 4001 1155 4055 est,
1187 4006 1253 4045 ne
1283 4002 1433 4045 tanto
1452 3993 1766 4046 fulcimento
1798 3994 2126 4058 substracta,

575 4093 833 4138 cci-ruant
894 4083 1083 4151 aliqui,
1123 4083 1407 4152 palamque
1439 4083 1529 4137 liat
1556 4084 1698 4151 quod
1732 4094 1886 4152 putre
1940 4084 1996 4138 iu
2049 4084 2129 4139 eis

573 4189 674 4232 est.
699 4178 1017 4232 Obturatum
1046 4186 1128 4232 est
1158 4192 1241 4239 os,
1270 4176 1421 4243 Quod
1450 4178 1505 4230 in
1528 4176 1636 4247 lege
1659 4175 1755 4230 Dei
1788 4178 2133 4232 meditaretur

573 4271 656 4323 die
697 4285 760 4322 ac
821 4282 968 4323 nocte
994 4270 1035 4334 ¹,
1066 4270 1317 4337 quodque
1338 4259 1498 4338 justa
1560 4268 1827 4323 libertatis
1874 4269 2035 4325 verba
2064 4270 2131 4324 ad

570 4361 981 4417 adificationem
1016 4362 1326 4417 scaturiret.
1356 4361 1750 4415 Abscesserunt
1784 4361 1901 4429 ejus
1933 4361 2130 4417 mentis

2232 3265 2321 3328 νὸς
2350 3266 2726 3334 λογογραφεῖν,
2762 3265 2960 3325 ὁπόσας
2989 3263 3137 3329 αὐτῷ
3158 3264 3253 3314 καὶ
3292 3262 3487 3330 ἡλίκας
3522 3275 3795 3329 προσηγοε

2236 3357 2357 3429 ρίας
2387 3356 2624 3425 παρέσχε
2659 3356 2692 3424 ἡ
2718 3354 2837 3406 θεία
2874 3353 3055 3423 χάρις,
3084 3354 3201 3412 ταῖς
3231 3351 3535 3417 ἐνεργείαις
3566 3349 3663 3403 τοῦ
3695 3351 3797 3411 toi;

2237 3451 2369 3502 πᾶσι
2400 3450 2574 3501 πάντα
2598 3445 2926 3515 ἀποστολικῇ
2972 3442 3207 3497 διαθέσει
3240 3440 3535 3510 γενομένου
3583 3457 3598 3505 ;
3633 3434 3800 3495 ὧάει-

2235 3538 2484 3608 πόθητοι,
2518 3538 2571 3588 τί
2598 3538 2659 3589 τὸ
2693 3537 2821 3605 περὶ
2854 3537 2998 3605 ἡμᾶς
3038 3534 3162 3594 τοὺς
3197 3533 3484 3593 ταπεινοὺς
3514 3530 3675 3583 τοῦτο
3702 3548 3798 3599 μυ-

2236 3632 2485 3700 στήριον;
2530 3629 2640 3682 Καὶ
2680 3628 2763 3691 τίς
2814 3630 2847 3696 ἡ
2895 3626 2989 3679 τοῦ
3021 3624 3154 3678 Θεοῦ
3192 3623 3351 3693 σοφία
3394 3623 3673 3694 ἄρῤητος;
3711 3620 3800 3672 νῦν

2235 3723 2463 3793 ἐδεόμην
2490 3718 2598 3771 τῶν
2638 3718 2898 3787 Ἱερεμίου
2933 3716 3164 3787 θρήνων,
3194 3715 3289 3768 καὶ
3332 3714 3380 3764 εί
3425 3713 3488 3780 δή
3523 3729 3609 3773 τις
3648 3711 3800 3772 ἄλλος

2232 3814 2342 3869 τῶν
2364 3811 2648 3882 μακαρίων
2671 3808 2880 3880 ἀνδρῶν
2901 3808 3182 3878 συμφορᾶς
3206 3804 3434 3876 μέγεθος
3455 3802 3799 3871 ἀπωδύρατο.

2238 3905 2498 3959 Πέπτωκε
2522 3900 2660 3971 ἀνὴρ
2680 3899 2757 3970 τῷ
2787 3900 2896 3952 δντι
2924 3899 3111 3961 στύλος
3138 3898 3232 3950 καὶ
3260 3896 3543 3967 ἑδραίωμα
3567 3894 3670 3962 τῆς
3687 3893 3804 3945 Ἐκ-

2236 3996 2496 4066 κλησίας·
2535 3992 2734 4063 μᾶλλον
2777 3992 2853 4055 δὲ,
2892 3990 3055 4052 αὐτὸς
3094 3990 3192 4059 μὲν
3219 3989 3354 4060 πρὸς
3396 3987 3494 4039 τὴν
3526 3985 3803 4054 μακαρίαν

2237 4089 2383 4157 ζωὴν
2441 4085 2647 4155 ἀρθεὶς,
2697 4083 2788 4151 ἀφ’
2830 4081 2989 4153 ἡμῶν
3040 4082 3275 4150 οἴχεταιο
3322 4079 3443 4139 δέος
3494 4074 3577 4139 δὲ,
3621 4074 3699 4144 μὴ
3732 4074 3801 4142 τῷ

2238 4177 2521 4247 ἐρείσματι
2549 4173 2724 4243 τούτῳ
2752 4170 3181 4241 ὑπεξαιρεθέντι,
3204 4169 3349 4231 τινὲς
3374 4164 3806 4235 συγκαταπέσω-

2239 4282 2313 4331 σι,
2362 4265 2457 4318 καὶ
2498 4263 2566 4317 τά
2604 4262 2809 4315 τούτων
2840 4259 3014 4329 σαθρά
3056 4257 3420 4327 διελεγχθῶσι.
3477 4254 3803 4309 Κέκλεισται

2240 4355 2434 4425 στόμα,
2460 4351 2737 4409 Μελετῶν
2761 4352 2832 4406 ἐν
2851 4351 3013 4419 νόμῳ
3043 4350 3260 4417 Κυρίου
3298 4346 3523 4416 ἡμέρας
3562 4345 3663 4398 καί
3698 4361 3802 4395 rn-

572 4451 818 4514 consilia,
844 4449 1003 4519 cujus
1028 4450 1080 4503 in
1105 4449 1213 4503 Deo
1243 4459 1420 4503 motus
1443 4458 1615 4505 erant.
1639 4448 1871 4504 Clausus
1896 4456 1979 4503 est
2003 4463 2128 4503 ocu-

2242 4447 2379 4512 κτός
2402 4461 2417 4477 ’
2454 4442 2765 4516 παρρησίας
2793 4458 2852 4495 τε
2877 4437 2944 4494 αὖ
2975 4440 3208 4502 δικαίας,
3241 4439 3366 4498 τοὺς
3390 4436 3587 4503 λόγους
3618 4434 3709 4486 ἐπ’
3728 4434 3805 4485 οξ-

573 4542 658 4596 lus
674 4552 822 4596 recta
846 4542 1269 4610 videns,quique
1293 4542 1494 4594 bonum
1512 4556 1542 4594 a
1561 4541 1702 4593 malo
1722 4540 1920 4609 optime
1936 4540 2141 4594 discer-

574 4632 1096 4704 neret.Quieverunt
1120 4634 1279 4698 labia,
1299 4647 1414 4700 qua
1445 4632 1724 4686 scientiam
1781 4631 2137 4697 custodirent,

575 4738 640 4779 ac
688 4740 753 4778 ex
797 4724 995 4792 quibus
1026 4766 1042 4788 ,
1078 4732 1336 4792 tanquam
1392 4722 1569 4792 angeli
1625 4721 1835 4776 Domini
1887 4722 2137 4790 omnipo-

577 4815 740 4870 tentis
791 4814 972 4879 labiis,
1004 4814 1253 4884 ﬁivinam
1308 4814 1475 4884 legem
1522 4812 1886 4882 exquirerent.
1949 4811 2134 4867 Vincta

645 4946 667 4982 ⁸
687 4946 830 5003 Psal.
854 4963 893 5013 t,
920 4946 976 5002 2.

2238 4536 2443 4605 κοδομῇ
2488 4536 2722 4596 πίστεως
2752 4531 2938 4603 βρύον.
2972 4529 3191 4600 Οἶχεται
3224 4526 3421 4596 φρενὸς
3458 4523 3805 4595 βουλεύματα

2240 4630 2339 4697 τῆς
2378 4627 2545 4689 ὅντως
2593 4628 2652 4679 ὲν
2697 4624 2815 4694 Θεῷ
2850 4622 3191 4691 κινουμένης.
3222 4618 3483 4685 Μέμυκεν
3530 4613 3806 4684 ὀφθαλμὸς

2242 4714 2453 4787 βλέπων
2498 4713 2653 4784 ὀρθὰ.
2704 4714 2798 4766 καὶ
2840 4709 3128 4779 διακρίνων
3170 4708 3235 4763 τὸ
3273 4708 3522 4773 κρεῖττον
3566 4703 3677 4760 ἀπὸ
3716 4701 3806 4753 τοῦ

2244 4807 2487 4877 χείρονος
2548 4802 2831 4857 κάλλιστα.
2900 4801 3182 4854 Πέπαυται
3246 4795 3401 4868 χείλη
3468 4795 3805 4863 φυλάσσοντα

2079 5054 2313 5113 NOTAE.

648 5155 729 5225 (‘2)
783 5154 883 5210 Cui
942 5153 1087 5225 velut
1132 5151 1755 5225 innumeraotlia,_etc.,
1810 5150 2134 5225 μυριόνους·

578 5221 748 5280 Plane
768 5227 1045 5294 egregium
1078 5223 1131 5276 iu
1176 5222 1423 5294 praelatos
1462 5221 1792 5294 epithetum;
1832 5223 2032 5294 quibus
2058 5228 2137 5274 tot

579 5288 828 5349 debeant"
859 5288 981 5347 esse
1040 5292 1253 5359 ingenia
1295 5300 1423 5357 quot
1463 5289 1703 5359 subditi:
1758 5303 1857 5342 nec
1894 5288 1945 5342 id
1996 5306 2136 5357 quo-

579 5367 664 5417 vis
698 5363 877 5424 modo,
914 5363 1006 5417 sed
1036 5358 1411 5429 'tﬁbeocmrrqo
1440 5358 1763 5428 κυϐερνήσει
1791 5374 1804 5387 ·
1835 5368 1894 5412 ιιι
1938 5363 2137 5427 guber-

583 5443 712 5486 nent
742 5433 1085 5501 dirigautque
1114 5429 1359 5501 subditos
1403 5429 1454 5481 in
1497 5444 1717 5495 scopum
1745 5436 1799 5481 et
1836 5431 1996 5481 linem
2022 5429 2137 5481 rui-

583 5516 689 5569 que
718 5500 1050 5570 propositum
1088 5516 1116 5552 a
1152 5500 1291 5561 Deo;
1330 5513 1458 5570 non”
1484 5508 1541 5550 ut
1570 5513 1781 5570 eorum
1838 5509 2136 5565 sequantur

581 5566 735 5631 vitia,
767 5566 1115 5638 placeantque
1184 5582 1289 5621 non
1337 5568 1386 5619 iu
1428 5566 1677 5621 Domino.
1732 5567 1943 5638 Grande
1997 5577 2142 5621 certe

586 5642 689 5693 hoc
713 5637 1058 5708 inpr-alatos.
1087 5647 1143 5690 ut
1172 5638 1516 5708 postmodum
1541 5638 1744 5705 colligit
1765 5637 1975 5708 Naucra
1991 5638 2097 5708 tius
2124 5654 2137 5688 :

587 5710 772 5777 paucis
794 5706 918 5764 vere
971 5719 1181 5772 notum;
1205 5720 1376 5773 eoque
1420 5707 1528 5773 jam
1560 5708 1710 5759 multi
1742 5722 1850 5761 rem
1876 5706 2139 5759 ambiunt.

2326 5149 2404 5221 (3)
2455 5147 2542 5221 Διί
2572 5146 2917 5221 salutandum
2948 5144 3139 5221 facilis.
3188 5140 3428 5221 Passive.
3469 5138 3585 5220 fin
3646 5156 3805 5221 προσ-

2242 5212 2474 5288 ηγορίαν
2494 5218 2811 5286 εὐπρόσιτος
2834 5232 2846 5245 υ
2887 5212 3160 5288 Acestahlc
3190 5228 3207 5265 :
3234 5226 3353 5288 qua
3378 5218 3435 5264 et
3469 5212 3587 5288 ipsa
3611 5212 3803 5288 virtus.

2243 5280 2433 5343 Patres
2466 5280 2797 5345 animorum,
2825 5293 2877 5337 et
2907 5284 3171 5351 spiritales
3215 5280 3383 5351 duces
3436 5280 3675 5351 maxime
3715 5280 3805 5351 ροο

2244 5371 2347 5412 cet.
2377 5356 2477 5412 Vix
2513 5357 2805 5425 quidquam
2835 5345 3053 5427 Asceta
3074 5350 3399 5427 constiterit,
3440 5348 3532 5427 cui
3574 5364 3682 5427 non
3715 5345 3805 5426 Pa-

2245 5431 2345 5482 tris
2370 5421 2677 5481 coustiterit
2700 5428 2936 5485 animus,
2967 5424 3057 5476 sed
3091 5421 3259 5488 magis
3302 5421 3476 5471 severi
3518 5421 3800 5471 exactoris.

2246 5514 2309 5551 ac
2342 5497 2583 5550 tetricosi
2629 5496 2826 5561 judicis
2865 5514 2874 5545 :
2910 5494 2988 5544 vel
3015 5491 3198 5561 etiam,
3239 5503 3339 5561 sua
3379 5488 3682 5561 quat-antis
3707 5502 3801 5538 non

2246 5568 2470 5630 subditi,
2507 5556 2679 5633 eoque
2709 5580 2776 5617 ne
2805 5563 2973 5616 hilum
3018 5560 3211 5614 Patris.
3260 5556 3461 5609 Pareat
3518 5557 3684 5619 Deus,
3745 5571 3801 5633 ne

2247 5637 2376 5703 quid
2407 5624 2635 5688 monstri
2665 5633 2951 5701 ejusmodi,
2988 5640 3093 5684 tam
3126 5638 3340 5690 sancta,
3379 5635 3565 5681 mater
3592 5635 3648 5681 et
3687 5624 3800 5677 reb-

2248 5708 2335 5773 gio
2367 5704 2652 5773 pepererit.
