3976 6314
136 351 269 414 1829
1089 359 1186 418 DE
1235 361 1464 419 OBITU
1492 362 1552 419 S.
1581 362 1971 422 THEODORI
1997 366 2364 425 STUDITJE.
3242 355 3379 420 1830

128 464 357 533 γνῶσιν,
409 465 504 518 καὶ
549 463 712 534 νόμον
750 463 891 518 θεῖον
929 465 1326 536 ἐπιζητούμενα,
1374 467 1451 531 ὡς
1479 469 1698 537 ἁγγέλοι

1812 481 1896 526 est
1948 472 2130 542 lingua
2180 488 2316 527 auro
2351 472 2541 535 lluens,
2591 470 2890 525 enarratrix
2949 468 3038 521 illa
3075 465 3378 522 cmlestium

132 557 337 628 Κυρίου
371 558 834 628 παντοκράτορος.
868 557 1088 611 Δέδεται
1131 559 1354 626 γλῶσσα
1402 563 1702 632 χρυσορῤή-

1812 564 2146 634 dogmatnm.
2190 564 2376 619 Vincta
2419 573 2501 618 est
2535 579 2596 618 ac
2628 563 2879 632 impedita
2921 571 3116 613 manus
3157 557 3382 625 pulchre

132 666 272 720 μων.
308 649 474 702 θείων
496 648 780 718 δογμάτων
803 649 1091 721 ἐξηγητής.
1123 646 1354 719 Εἷρκται
1374 651 1498 721 χεὶρ
1521 651 1702 723 ὡραιο-

1813 658 2076 723 scribens,
2108 674 2228 726 qua:
2245 657 2492 726 epistolis
2529 657 2789 709 mumlum
2819 654 3067 713 ditasset,
3093 666 3156 704 ac
3179 647 3382 702 multos

129 743 368 812 γράφος,
403 741 714 805 ἐπιστολαῖς
737 742 828 794 τὸν
862 743 1063 811 κόσμον
1089 744 1590 808 καταπλουτίσασα,
1621 744 1699 795 καῖ

1817 751 1882 803 ad
1906 751 2236 820 agnitionem
2296 750 2540 804 veritatis
2603 754 2960 803 converterat.
3010 742 3386 798 Constiteruut

131 835 373 898 πολλοὺς
437 835 518 897 εἰς
575 836 869 903 ἐπίγνωσιν
920 834 1174 905 ἀληθείας
1228 837 1701 906 ὲπαναστρέψαςςα⁴

1816 844 2047 912 speciosi
2082 844 2262 912 pedes,
2301 845 2392 912 qui
2430 853 2617 897 noctes
2654 849 2796 894 totas
2832 838 3130 896 stetissent,
3173 831 3386 887 multis-

136 927 425 997 Ἐστησαν
452 926 611 988 πόδες
639 927 826 995 ὡραῖοι
869 927 1185 996 παννυχίοις
1231 929 1452 980 στάσεσι
1482 929 1706 998 διηρκη-

1816 952 1921 1005 que
1950 938 2418 1007 evangelizassent
2443 951 2625 1004 pacem
2646 945 2698 988 et
2725 935 2887 988 bona.
2911 928 3195 1000 Requievit
3230 939 3383 979 mens

132 1019 315 1084 κότες,
348 1019 446 1072 καὶ
476 1020 689 1081 πολλοῖς
731 1018 1212 1087 εύαγγελισάμενοι
1253 1020 1496 1091 εἰρήνην,
1522 1022 1614 1073 καὶ
1649 1022 1702 1073 τὲ

1818 1029 2309 1099 perspicacissima,
2355 1044 2474 1096 quae
2538 1027 2774 1095 Spiritus
2832 1023 3099 1095 profunda
3145 1026 3388 1076 scrutata

132 1111 340 1178 ἀγαθά.
390 1109 664 1179 Ἥρέμησε
692 1109 813 1170 νοῦς
842 1109 1308 1179 διορατικώτατος,
1341 1109 1406 1162 τὰ
1429 1111 1520 1163 τοῦ
1549 1111 1702 1164 Πνεύ·

1819 1129 1980 1183 esset,
2037 1135 2101 1175 ac
2141 1121 2352 1187 longius
2406 1120 2577 1188 posita
2645 1117 3031 1187 prospexisset.
3082 1114 3194 1168 Sub
3243 1121 3389 1164 terra

137 1217 314 1272 ματος
359 1200 499 1271 βάθη
527 1202 898 1270 διερευνήσας,
936 1201 1031 1254 καὶ
1059 1201 1127 1252 τὰ
1158 1200 1440 1271 πόρρωθεν
1475 1201 1707 1271 προὸλὲσ

1819 1213 2059 1266 abditum
2091 1222 2173 1266 est
2202 1227 2400 1281 corpus
2430 1211 2559 1265 illud
2604 1212 2853 1264 asceticis
2880 1209 3154 1262 laboribus
3175 1204 3389 1259 exerci-

133 1296 268 1364 ψας,
299 1296 399 1347 καὶ
433 1292 665 1362 προϊδὼν
692 1293 910 1362 ἄριστα.
940 1293 1260 1363 Κέκρυπται
1291 1293 1394 1346 ὑπὸ
1423 1295 1526 1362 γῆν
1558 1293 1703 1364 σῶμα

1821 1315 2012 1363 latum,
2042 1303 2295 1372 quodque
2323 1305 2510 1358 exsilia
2547 1304 2735 1363 multa,
2781 1315 3154 1368 carceresqne,
3186 1308 3240 1351 et
3273 1297 3390 1362 pla-

137 1387 466 1456 ἀσκητικοῖς
486 1385 668 1448 πόνοις
689 1387 932 1453 ἐγγυμνα
943 1384 1085 1447 σθέν,
1109 1387 1201 1438 καὶ
1223 1386 1443 1451 πολλαῖς
1461 1388 1707 1461 ἐξορίαις1

1819 1411 1936 1465 gas,
1989 1405 2040 1449 et
2090 1396 2441 1449 abductiones
2504 1394 2873 1448 sustinuisset.
2934 1391 3078 1445 Talis
3123 1390 3389 1459 siquidem

137 1482 234 1533 καὶ
259 1479 558 1548 φυλακαῖς,
580 1477 814 1548 πληγαῖς
835 1494 894 1529 τε
924 1479 1016 1530 καὶ
1044 1478 1368 1546 ἀπαγωγαῖς
1398 1479 1707 1550 ὲξαρκέσαν.

1822 1497 1972 1552 erat,
2027 1488 2347 1552 beatissimi,
2389 1496 2543 1557 pater
2578 1487 2664 1541 ille
2711 1499 2944 1540 noster:
2992 1483 3220 1554 perinde
3262 1498 3392 1536 vero

137 1572 400 1634 Τοιοῦτος
434 1572 561 1640 γὰρ,
590 1565 633 1623 ὦ
667 1570 1090 1651 μακαριώτατοι,
1121 1574 1149 1624 ὁ
1195 1572 1459 1643 ἡμέτερος
1497 1575 1707 1645 Πατήρ

1824 1580 2004 1646 fuerit,
2048 1598 2113 1636 ac
2172 1584 2463 1635 tnultorum
2519 1582 2698 1636 dicere
2753 1588 2961 1649 patrem
3019 1589 3180 1646 atque
3220 1577 3391 1646 inagi-

137 1666 345 1720 ταυτὸν
384 1665 441 1717 δὲ
477 1665 672 1728 εἰπεῖν,
705 1664 912 1717 πολλῶν
960 1664 1149 1734 Πατὴρ
1193 1666 1286 1718 καὶ
1312 1666 1630 1730 διδάσκαλος
1651 1682 1664 1696 ·
1693 1669 1707 1720 l

1825 1684 1997 1728 strum
2034 1695 2045 1728 :
2078 1676 2167 1728 ille
2201 1676 2337 1727 alter
2371 1675 2665 1737 Abraham,
2699 1672 2856 1740 cujus
2883 1688 2909 1722 a
2946 1670 3052 1723 Deo
3089 1669 3394 1724 benedictio

137 1758 403 1827 δεύτερος
436 1756 703 1827 Ἀϐραὰμ,
735 1751 794 1810 οὗ
830 1758 862 1826 ὴ
897 1757 1044 1826 παρὰ
1075 1756 1209 1809 Θεοῦ
1255 1758 1474 1827 εὐλογία
1508 1760 1707 1830 ἐξαίρε-

1825 1768 2044 1831 eximia,
2070 1778 2124 1821 et
2154 1782 2335 1820 semen
2370 1766 2759 1818 innumerabile
2803 1784 2816 1818 :
2855 1764 3091 1816 imitator
3115 1763 3221 1816 "ille
3250 1763 3394 1816 Prie-

138 1869 259 1916 τος,
427 1842 486 1904 οὗ
527 1819 586 1903 τὸ
628 1819 862 1920 σπέρμα·
892 1819 1032 1920 ὺπέρ
1065 1851 1316 1920 ἀριθμόν.
1451 1819 1708 1923 mutu-po-

1827 1861 2070 1914 cursoris
2115 1875 2128 1910 :
2180 1859 2269 1912 ille
2319 1856 2443 1910 Elize
2488 1858 2818 1911 mmulator:
2870 1856 3103 1910 Phinecs
3156 1853 3340 1923 gratia:
3379 1871 3391 1908 :

139 1943 355 2015 δρόμου
393 1942 634 2013 μιμητής
657 1958 672 1972 ⁸
701 1943 728 1994 ὁ
751 1941 845 1993 τοῦ
872 1941 1050 1994 Ἠλίου
1073 1943 1346 2013 ζηλωτής.-
1372 1945 1472 2011 τῆς
1506 1945 1709 2015 χάριτος

1826 1970 1999 2008 novus
2031 1953 2246 2006 Samuel
2273 1966 2286 2003 :
2317 1951 2506 2004 electus
2535 1965 2598 2002 ea:
2625 1948 2855 2002 millibus
2879 1948 2923 2010 ’,
2955 1948 3114 2015 cujus
3136 1947 3390 1999 virtutem

139 2037 373 2099 Φινεὲς⁶
409 2037 438 2088 ὀ
480 2036 600 2098 νέος
631 2035 912 2106 Σαμουήλο
952 2035 1013 2088 ⁸0
1058 2037 1560 2106 ἑκλελογισμένος
1606 2039 1709 2092 ἀπ(

1827 2046 2012 2099 multa:
2057 2044 2347 2098 decantant
2391 2042 2574 2104 urbes,
2637 2041 3015 2109 regionesque,
3066 2046 3119 2091 et
3165 2037 3396 2100 insulae;

137 2127 483 2200 μυριάδων·
516 2122 576 2181 οὗ
603 2128 702 2197 τὴν
733 2127 933 2198 ἀρετὴν
961 2127 1142 2199 ᾄδουσι
1174 2129 1364 2181 πολλαὶ
1394 2131 1597 2192 πόλεις,
1621 2129 1707 2200 χῶ

1828 2136 1986 2204 cujus
2026 2147 2078 2189 et
2116 2134 2280 2187 vitam
2338 2142 2390 2184 et
2432 2131 2752 2191 certamina,
2821 2129 2971 2182 orbis
3033 2127 3168 2181 lines
3207 2124 3398 2179 merito

145 2223 241 2292 ραί
278 2237 337 2273 τε
381 2220 472 2272 καὶ
513 2218 686 2288 νῆσοι,
729 2221 821 2270 καὶ
857 2211 916 2269 οὗ
947 2218 1036 2270 τὸν
1064 2217 1198 2287 βίον.
1233 2220 1326 2271 καὶ
1355 2222 1480 2282 τοὺς
1508 2221 1715 2287 ἀγῶνας

1831 2227 2231 2282 concelebrant.
2276 2224 2409 2290 Quis
2450 2223 2593 2276 enim
2641 2230 2907 2290 quantum
2948 2220 3055 2282 ille,
3105 2225 3199 2272 aut
3229 2218 3401 2282 virtu-

145 2314 378 2374 είκότως
403 2310 618 2382 θρυλλεῖ
642 2311 711 2362 τὰ
732 2311 964 2382 πέρατα.
992 2310 1087 2371 Τίς
1118 2310 1222 2381 γὰρ
1248 2311 1437 2373 οὕτως,
1466 2311 1496 2380 ἢ
1529 2310 1715 2382 ἀρετὴι

1834 2328 1936 2370 tem
1968 2316 2175 2376 dilexit,
2209 2323 2301 2367 aut
2330 2312 2454 2366 odio
2486 2313 2674 2365 vitium
2721 2311 2911 2365 habuit
2945 2310 2966 2362 ?
2998 2308 3134 2375 Quia
3164 2310 3234 2361 ita
3265 2323 3404 2360 mor-

143 2405 461 2476 ἠγάπησεν,
493 2402 525 2471 ἢ
549 2401 746 2454 κακίαν
772 2403 1037 2470 ἐμίσησε;
1071 2401 1149 2464 τίς
1173 2401 1340 2464 οὕτως
1371 2403 1704 2469 ἐνέκρωσεν

1832 2411 2069 2478 liﬁcaril,
2101 2417 2158 2461 ut
2182 2406 2359 2460 verbis
2409 2404 2654 2474 Apostoli
2699 2414 2841 2466 utar,
2883 2405 3113 2454 membra
3146 2416 3260 2470 qua:
3283 2408 3400 2454 sunt

145 2495 527 2556 άποστολικῶς
557 2496 750 2556 εἰπεῖν,
793 2494 866 2546 τὰ
890 2495 1045 2561 μέλη
1086 2493 1158 2545 τὰ
1195 2493 1289 2544 ἐπὶ
1325 2493 1433 2559 τῆς
1471 2493 1600 2560 γῆς,
1636 2497 1715 2546 κατ

1832 2519 1984 2571 super
2009 2512 2202 2554 terram
2225 2501 2265 2562 ³,
2308 2515 2471 2567 seque
2514 2498 2686 2566 ipsum
2721 2498 3046 2558 emumlans,
3090 2495 3178 2547 Dei
3217 2495 3402 2546 viven-

150 2588 428 2658 ἐκάθηρεν
460 2587 672 2652 ἑαυτὸν,
692 2586 786 2639 καὶ
810 2587 934 2638 ναὸν
955 2584 1088 2637 Θευῦ
1118 2584 1317 2648 ζῶντος
1339 2586 1720 2654 ἀπειργάσατο;

1837 2597 1904 2647 tis
1955 2593 2213 2660 templum
2266 2590 2487 2645 ellecit?
2533 2589 2666 2654 Quis
2715 2590 2785 2643 ita
2833 2590 3025 2643 ducem
3064 2587 3189 2654 egit,
3242 2596 3404 2654 atque

149 2682 238 2745 τίς
272 2683 670 2751 ἐστρατήγησε,
701 2682 792 2732 καὶ
816 2677 1157 2749 imperativo
1185 2678 1320 2748 πρὸς
1349 2681 1474 2740 τοὺς
1498 2679 1719 2731 ύπεναν·

1833 2683 2120 2737 adversum
2166 2682 2350 2734 h0stes
2396 2681 2565 2733 aciem
2619 2679 2895 2743 instruxit,
2947 2690 3401 2744 congressusque,

151 2775 326 2839 τίους,
358 2775 453 2827 καὶ
481 2772 804 2844 προσϐαλὼν
842 2771 1110 2841 εὐστόχως
1137 2771 1401 2824 κατέϐαλε
1436 2771 1721 2840 νενικηκὼς

1838 2784 1942 2830 tam
1978 2775 2117 2827 felici
2151 2771 2781 2838 successu,nobilissima
2823 2778 2977 2839 parta
3011 2767 3257 2829 victoria,
3280 2781 3408 2835 pro-

160 2866 402 2937 ἇριστα;
436 2865 516 2926 τίς
547 2861 798 2930 ὀξύτερος
827 2861 1036 2913 ἐκείνου
1067 2861 1380 2929 προϊδέσθαι
1410 2861 1469 2912 τὸ
1501 2860 1691 2930 μέλλον
1718 2879 1730 2926 ;

1838 2867 2070 2923 stravit?
2100 2866 2232 2932 Quis
2273 2865 2363 2917 illo
2405 2865 2618 2917 acutior
2667 2863 2908 2915 futurum
2952 2859 3198 2930 pmvidit
3225 2858 3248 2911 ?
3275 2856 3408 2922 Quis

155 2957 241 3020 τίς
266 2955 408 3008 οὕτω
432 2953 701 3024 σταθηρῷ,
728 2953 822 3006 καὶ
846 2953 1024 3022 παγίῳ
1046 2954 1143 3022 τῆς
1165 2953 1342 3021 ψυχῆς
1370 2953 1508 3023 ἤθει,
1538 2953 1725 3023 άστρα·

1843 2964 1910 3017 ita
1958 2959 2196 3015 robustis
2234 2957 2532 3025 solidisque
2579 2956 2841 3017 moribus,
2875 2955 2966 3021 qui
3009 2952 3282 3022 pernicius
3313 2949 3413 3002 l‘nl-

155 3047 272 3118 πῆς
328 3047 516 3117 τάχιον
555 3050 663 3108 τοῖς
712 3046 1030 3115 πράγμασιν
1079 3044 1323 3096 ἐπελθεῖν
1375 3045 1592 3112 ίκανός;
1629 3047 1725 3097 Kal

1843 3069 1970 3123 gure
2015 3067 2077 3104 ac
2111 3051 2258 3104 dicto
2306 3049 2468 3101 citius
2501 3063 2586 3100 res
2611 3061 2771 3114 agere
2811 3054 2991 3115 posset
3024 3044 3045 3096 ?
3085 3043 3283 3097 Verum
3320 3040 3413 3094 de-

155 3140 267 3194 ποῦ
303 3157 392 3209 μοι
428 3140 615 3209 καιρὸς
654 3139 721 3191 τὰ
751 3138 971 3190 πλείονα
995 3137 1193 3204 λέγειν,
1231 3136 1266 3189 ὃ.
1296 3138 1427 3190 πᾶσι
1475 3136 1725 3207 πρόδηλα,

1843 3145 2000 3198 fuerit
2029 3154 2261 3212 tempus,
2283 3149 2341 3194 ut
2362 3140 2554 3208 loquar
2577 3139 2764 3206 plura;
2796 3147 2919 3190 nota
2944 3136 3098 3204 plane
3132 3133 3406 3197 omnibus,

159 3232 269 3287 κᾶν
299 3233 458 3302 ἡμεῖς
485 3233 558 3301 μὴ
585 3233 852 3301 λέγωμεν,
879 3230 966 3283 διὰ
989 3230 1047 3280 τὸ
1077 3229 1174 3299 τῆς
1201 3231 1485 3299 ἐπιστολῆς
1511 3230 1729 3300 ὑπερτε-

1842 3252 2147 3311 quanquam
2182 3234 2402 3288 minime
2429 3232 2693 3294 dicamus,
2734 3232 3068 3291 omittentcs,
3103 3238 3161 3280 ut
3193 3242 3259 3280 ne
3286 3241 3412 3295 pro-

161 3324 256 3385 νές
286 3340 464 3393 παρατ
475 3323 742 3392 ρέχοντες;

1842 3332 1998 3386 lixior
2034 3331 2122 3383 liat
2149 3328 2399 3396 epistola.

239 3415 432 3484 Οἴμοιι
461 3413 633 3481 οἰμοιί
666 3411 882 3479 ἀδελφοί
916 3428 1014 3478 μου
1036 3410 1375 3480 τιμιώτατοι·
1405 3412 1615 3474 πολλοῖς
1640 3413 1738 3484 ἥδη

1913 3421 2024 3474 llen
2053 3435 2136 3473 me
2164 3419 2176 3472 !
2210 3417 2322 3471 Heu
2356 3433 2440 3471 me
2474 3418 2487 3470 l
2525 3412 2935 3470 honoratissimi
2969 3409 3165 3465 fratres
3196 3424 3259 3462 ac
3287 3406 3416 3461 cha-

168 3507 602 3578 προειλημμένοι
637 3505 832 3558 πάθεσι
862 3505 956 3556 καὶ
979 3503 1240 3573 θλίψεσιν,
1269 3505 1405 3576 ὑπὲρ
1439 3505 1651 3569 ούδενός
1679 3524 1738 3574 γε

1844 3514 2041 3567 rissimi
2068 3552 2080 3574 ,
2104 3511 2195 3580 qui
2233 3509 2416 3563 multis
2441 3508 2658 3577 quidem
2688 3507 2952 3558 hactenus
2976 3501 3225 3570 occupati
3256 3499 3414 3552 malis

173 3601 284 3670 μὴν
326 3599 498 3662 οὕτως
546 3599 623 3660 εἰς
657 3597 797 3650 αὐτὰ
828 3598 1014 3668 καίρια
1046 3599 1144 3666 τῆς
1180 3597 1358 3666 ψυχῆς
1387 3597 1739 3668 τρωσθέντες.

1846 3619 1896 3662 et
1933 3607 2335 3668 alllictionibus,
2363 3605 2510 3657 nulla
2553 3619 2612 3657 re
2657 3611 2834 3655 tamen
2880 3601 2960 3654 sic
2992 3613 3156 3668 grave
3185 3612 3248 3650 ac
3273 3595 3416 3663 peri-

169 3693 288 3747 Νῦν
319 3693 631 3763 ἀπήνθηκεν
662 3692 792 3761 ἡμῖν
817 3691 1020 3760 κόσμος
1047 3693 1074 3743 ὁ
1096 3690 1375 3753 κάλλιστος
1396 3706 1408 3718 ·
1450 3691 1739 3760 Ἐκκλησία

1846 3703 2092 3758 culosum
2127 3701 2310 3752 animo
2341 3696 2536 3750 vulnus
2566 3690 3015 3763 accepistis..lam
3050 3689 3206 3742 nobis
3237 3702 3416 3740 emar-

169 3784 230 3837 δὲ
261 3784 570 3851 στυγνάζει,
602 3783 697 3836 καὶ
721 3781 1173 3851 σκυθρωπάζουσι
1201 3781 1381 3852 δῆμοι,
1417 3783 1497 3834 ὅτι
1533 3782 1739 3848 ἐξέλιπε

1846 3796 1959 3850 cuit
1997 3793 2231 3846 mundus
2260 3789 2662 3860 pulcherrimus
2691 3805 2704 3852 ;
2735 3786 2984 3840 trislatur
3000 3798 3128 3835 vero
3157 3779 3415 3842 Ecclesia,

175 3877 445 3946 μαχητὴς,
499 3876 593 3929 καὶ
643 3875 860 3946 ἁπέπτη
921 3875 1237 3945 στοχαστὴς,
1295 3875 1388 3927 καί
1435 3876 1745 3943 Θαυμαστὸς

1848 3904 1910 3942 ac
1939 3894 2171 3941 niterent
2216 3883 2423 3952 p0puli,
2449 3883 2594 3952 quod
2624 3879 2884 3934 defecerit
2917 3885 3206 3946 pugnator,
3236 3874 3418 3926 avola-

174 3968 500 4040 σύμϐουλος.
561 3968 838 4021 Ἐντεῦθεν
873 3966 1122 4038 ἐπιζητεῖ
1167 3969 1226 4019 τὸ
1283 3967 1423 4038 ἱερὸν
1475 3967 1744 4036 συνέδριον

1849 3983 2026 4049 ritque
2049 3977 2349 4046 conjector,
2383 3991 2447 4029 ac
2473 3974 2822 4029 consiliarius
2847 3969 3205 4024 admirabilis.
3239 3967 3419 4031 Quare

173 4062 268 4115 τὸν
298 4063 590 4131 κορυφαῖον
615 4077 629 4091 ·
661 4063 709 4112 οἱ
733 4060 1059 4131 ὀμολογηταὶ
1080 4060 1169 4112 τὸν
1196 4059 1481 4112 σύναθλον·
1510 4060 1558 4110 οἱ
1587 4060 1642 4110 ἐν
1671 4057 1743 4129 τῷ

1851 4076 2078 4146 requirit
2096 4083 2315 4127 senatus
2338 4085 2491 4124 sacer
2513 4067 2810 4137 principem
2837 4079 2995 4117 suum
3023 4060 3421 4117 :conlessores,

175 4154 349 4222 ἀγῶνι
374 4153 461 4205 τὸν
493 4152 751 4222 ἀλείπτην
771 4169 784 4181 ·
812 4154 859 4205 οἱ
893 4150 1173 4214 νοσοῦντες
1202 4152 1293 4204 τὸν
1321 4151 1500 4221 ἰατρόν
1520 4167 1533 4179 '
1565 4152 1612 4203 οἱ
1641 4149 1745 4202 θλι⁴

1852 4162 2164 4219 certaminis
2201 4161 2406 4215 socium
2440 4179 2451 4213 :
2490 4158 2718 4228 pugiles,
2767 4155 2986 4224 aliptem
3031 4167 3189 4206 suum
3218 4165 3280 4204 ac
3310 4148 3422 4203 ludi

177 4248 420 4317 ϐόμενοι,
475 4246 574 4316 τὴν
622 4244 1002 4315 παραμυθίανο
1063 4247 1110 4298 οἱ
1169 4245 1226 4296 ἐν
1276 4245 1605 4314 συμφοραῖς,
1652 4244 1747 4313 τὴν

1851 4254 2162 4323 ιιι-αξίεοιιιιη
2191 4268 2205 4304 :
2229 4252 2379 4320 aegri,
2402 4251 2671 4303 medicum
2695 4267 2707 4301 :
2729 4245 2935 4302 alllicti.
2955 4241 3383 4299 consolationem
3407 4258 3421 4293 :

177 4337 558 4408 παράκλησιν
595 4337 643 4388 οἱ
675 4337 917 4406 ὀρφανοὶ,
948 4335 1040 4388 τὸν
1073 4335 1315 4404 πατέρα·
1354 4337 1407 4388 αί
1451 4335 1636 4405 χῆραι,
1660 4337 1747 4388 τὸν

1854 4349 1907 4402 in
1938 4341 2338 4399 calamitatibus
2363 4337 2542 4407 positi,
2565 4336 2656 4406 qui
2697 4337 2940 4388 levamen
2967 4330 3152 4385 afferat
3178 4345 3191 4382 :
3228 4327 3424 4396 orpha-

178 4429 521 4502 προστάτην·
557 4431 603 4480 οί
635 4428 882 4498 πένητες,
915 4428 1005 4479 τὸν
1030 4429 1231 4499 τροφέα
1256 4445 1269 4459 ⁸
1306 4430 1354 4481 οἱ
1382 4427 1747 4499 ἀδικούμενοι,

1859 4439 1934 4502 ni,
1981 4445 2185 4505 patrem
2237 4451 2248 4487 :
2289 4441 2598 4501 patronum,
2645 4427 2824 4480 vidum
2863 4441 2877 4478 :
2914 4437 3202 4493 pauperes,
3255 4417 3429 4471 nutri-

180 4522 274 4575 τὸν
323 4523 737 4592 ὺπερασπιστὴν
788 4523 882 4576 κα)⁵
922 4524 1288 4594 άντιλήπτορα
1312 4541 1325 4552 ·
1356 4525 1403 4576 οί
1442 4524 1643 4586 πάντες
1687 4526 1750 4576 ἐκ

1861 4529 2002 4581 cium
2032 4521 2161 4592 :qui
2200 4521 2481 4590 patiuntur
2503 4514 2784 4584 injuriam,
2813 4513 2909 4582 qui
2935 4515 3238 4580 propugnet
3261 4521 3324 4560 ac
3347 4508 3431 4557 de-

181 4614 292 4667 τῶν
335 4613 549 4666 οἰκείων
601 4614 880 4683 ὀνομάτων
937 4617 1363 4683 ἀνακαλούμενοι
1423 4617 1518 4668 ἐπὶ
1569 4615 1751 4685 οἰκείῳ

1863 4618 2084 4672 lendat:
2129 4627 2338 4673 omnes,
2373 4625 2437 4662 ex
2475 4609 2590 4661 suis
2621 4606 2817 4675 singuli
2861 4603 3196 4666 nominibus,
3237 4598 3288 4650 in
3313 4611 3433 4666 pro-

183 4705 368 4765 πάθει,
419 4709 616 4759 οἰκεῖον
669 4709 844 4778 ἐαυτῷ
890 4709 983 4760 καλ⁸
1027 4710 1366 4778 προσήκοντα
1393 4709 1621 4770 ἕκαστος
1660 4709 1752 4759 τὸν

1863 4709 1982 4779 prio
2036 4706 2270 4776 quisque
2323 4701 2464 4753 malo
2505 4699 2839 4755 invocantes,
2909 4691 3132 4763 proprio
3199 4688 3433 4756 quisque

185 4800 383 4870 θρῆνον
417 4799 713 4863 ποιοῦνται,
747 4800 936 4853 τούτου
965 4799 1057 4852 τοῦ
1093 4801 1383 4870 μακαρίου,
1413 4800 1505 4852 τοῦ
1536 4801 1749 4853 πλείοσι

1858 4813 2228 4871 congruoque,
2255 4798 2469 4849 beatum
2494 4794 2693 4854 virum,
2717 4791 2954 4843 Iamento
2977 4789 3384 4855 prosequuntur
3413 4796 3428 4844 ;

185 4890 396 4955 τούτοις
441 4893 534 4944 καὶ
580 4893 968 4962 ἀναριθμήτοις
1016 4891 1343 4963 χαρίσμασι,
1393 4893 1486 4944 καὶ
1538 4891 1755 4961 ἀρεταῖς

1865 4894 2028 4954 illum,
2061 4891 2284 4958 inquam
2307 4928 2319 4948 ,
2347 4889 2507 4939 etiam
2541 4884 2789 4953 pluribus
2833 4874 3435 4941 innumerabilibusque

185 4985 652 5052 κατεστεμμένου,
701 4985 794 5036 καὶ
841 4984 1046 5037 ἄνωθεν
1083 4983 1426 5054 φερωνύμως
1466 4982 1755 5052 ἐσχηκότος

1863 4983 2040 5053 gratia:
2056 4980 2213 5033 donis
2229 4984 2572 5038 coronatum,
2590 4988 2654 5026 ac
2670 4984 2907 5039 congrua
2947 4964 3308 5022 similitudine
3332 4963 3433 5034 (5),

188 5077 289 5149 τὴν
315 5077 524 5145 κλῆσιν.

1861 5073 2099 5128 nominis
2134 5071 2552 5140 appellationem
2578 5065 2845 5121 divinitus
2875 5069 3252 5115 consecutum.

262 5174 283 5204 '
309 5171 474 5226 Cant.
497 5189 551 5236 v,
581 5172 665 5224 l0.
745 5174 766 5204 ⁸
793 5170 1004 5227 Coloss.
1034 5187 1091 5225 ιιι
1114 5209 1128 5234 ,
1157 5171 1208 5225 5.

1679 5233 1912 5290 NOTAE.

267 5336 343 5405 (4)
383 5335 486 5401 Qui
515 5345 686 5389 noctes
721 5343 855 5388 totas
875 5335 1166 5405 stetissent.
1197 5328 1510 5405 παννυχίοις
1539 5327 1759 5405 στάσεσι

1865 5337 2050 5405 cantes
2079 5325 2435 5405 voluntatem.
2476 5321 2647 5402 Nobis
2695 5321 3027 5402 geniculatio
3075 5320 3126 5373 in
3157 5318 3435 5405 _precih£s

194 5390 576 5477 διτῖρῖεηῖιότες.
611 5406 819 5460 Habent
860 5404 1030 5458 Graeci
1079 5419 1207 5477 suas
1261 5390 1478 5477 στάσεις
1529 5408 1581 5451 et
1627 5398 1759 5477 καθ-

1869 5397 2144 5477 crebrior;
2186 5394 2389 5448 Graecis
2421 5408 2557 5462 pene
2588 5393 2792 5462 ignota,
2830 5402 2882 5445 et
2915 5390 3265 5445 insuetudine
3298 5390 3439 5444 ditii-

201 5467 336 5540 ίσέίς
378 5467 431 5530 in
473 5467 668 5530 divinis
709 5477 935 5537 ollieiis;
988 5475 1316 5541 quandoque
1365 5471 1545 5543 etiam
1585 5468 1762 5543 conti-
1867 5467 2010 5543 cilis.
2095 5536 2105 5543 Δ
2232 5536 2241 5543 _
2450 5534 2481 5543 η
3300 5528 3312 5543 ρ

199 5534 359 5600 nuaia
395 5557 561 5600 totam
619 5561 830 5601 noetem
889 5534 1143 5605 statione,
1200 5534 1257 5594 ιιί
1310 5543 1362 5593 in
1415 5538 1615 5590 celebri
1675 5538 1762 5590 illa
1937 5538 2014 5606 (5)
2073 5536 2146 5588 Ac
2199 5534 2548 5586 similitudine
2603 5549 2832 5602 congrua
2865 5572 2879 5592 ,
2936 5539 3041 5584 etc.
3099 5534 3439 5650 φεὲωνύμως

205 5627 360 5650 ηηηιο
417 5633 578 5650 nnnm
612 5627 779 5650 ιηιη...
831 5617 960 5650 pomi
1008 5617 1057 5650 in
1095 5615 1254 5650 nmloa
1292 5609 1495 5650 diuinis
1535 5607 1764 5650 ('ilnlit'lS
1896 5607 2130 5650 ἄνωθεν-
2163 5603 2319 5650 Velut
2369 5609 2490 5650 Ihm-
2546 5618 2843 5650 autumnum
2895 5599 3117 5650 omnino
3207 5599 3439 5650 εοδώοου

203 5599 380 5679 nocte,
416 5599 578 5686 quam
612 5599 779 5670 idem
831 5617 962 5669 recti
1008 5617 1057 5666 in
1095 5599 1254 5682 pedes
1292 5609 1495 5686 divinis
1535 5607 1764 5660 canticis
1896 5599 2130 5660 ἄνωθεν.
2163 5603 2321 5686 Velut
2369 5609 2491 5686 Deo,
2546 5599 2843 5686 congruum
2895 5599 3117 5682 omnino
3160 5599 3440 5686 Θεοδώρου

204 5696 253 5739 et
286 5666 476 5755 gratiis
506 5687 845 5756 impendunt,
903 5666 1023 5756 ideo
1065 5666 1262 5756 dictam
1308 5678 1596 5733 ὰκάθιστον
1627 5697 1641 5709 ·
1676 5693 1766 5730 ve-
1872 5693 2071 5756 nomen
2094 5666 2496 5756 ;_qu_od.sonc.t;.
2544 5666 2905 5756 Qei'donum;
2963 5671 3296 5756 impo‘t‘tcnt'e.
3350 5666 3442 5722 Sit:

206 5737 324 5808 τιιιῖι
353 5737 954 5825 plura—adduntsancti
994 5755 1268 5814 monachi,
1320 5756 1634 5825 spontaneo
1675 5763 1730 5825 s_a_
1875 5737 2248 5825 passim'lu'dit
2279 5744 2694 5825 Amphilochius
2736 5751 2940 5800 noster,
2996 5741 3050 5793 in
3105 5737 3288 5792 Basilii
3340 5754 3441 5790 no-

205 5816 431 5893 crilicio,
488 5827 748 5897 majorem
806 5829 856 5880 in
917 5826 1116 5880 tlchitis
1173 5816 1564 5892 praeceptisque
1625 5819 1763 5871 iudi-
1877 5816 2041 5881 mine,
2073 5817 2214 5886 quod
2248 5819 2316 5869 sit
2347 5816 2550 5870 dictqu
2588 5829 2614 5866 a
2653 5830 2837 5884 regno.
