3976 6314
602 361 730 427 1831

668 477 779 532 Nos
810 475 1067 534 humiles,
1099 488 1224 527 cum
1260 472 1385 527 aliis
1413 487 1478 528 ac
1521 489 1636 543 pra:
1667 477 1790 530 aliis
1843 477 1894 530 in
1929 492 2165 546 praeseu-
2190 477 2240 535 Α

594 574 793 624 tiarnm
822 567 950 622 facti
987 566 1242 635 orphani,
1278 581 1340 620 ac
1377 582 1606 636 corpore
1636 569 1900 638 disjuncti
1929 611 1943 631 ,
1986 569 2161 624 relicti

596 677 788 716 sumus
831 659 1083 712 desolati.
1139 656 1287 710 Facti
1339 673 1530 712 sumus
1568 659 1712 714 sicut
1771 675 1799 712 a
1849 659 2157 728 principio:

599 753 843 814 lugentes
891 750 1197 803 incedimus
1230 764 1291 802 ac
1323 749 1472 803 vultu
1513 761 1726 804 mmsto.
1762 751 1910 804 Facti
1968 767 2162 804 sumus

599 840 937 895 adversariis
982 840 1332 908 opprobrium
1365 881 1378 903 ,
1429 842 1796 912 gaudiumque
1872 842 2159 895 limreticis.

598 919 1125 999 Aperuerunt‘contra
1157 949 1247 984 nos
1281 931 1621 986 Iconomaclii
1648 950 1702 986 os
1730 933 1917 985 suum‘
1943 950 1956 986 :
1986 932 2161 985 ίεειί-

598 1026 727 1076 moti
775 1040 952 1076 sumus
1004 1040 1121 1076 cum
1164 1024 1588 1078 descendentibus
1620 1027 1673 1077 in
1703 1025 1872 1077 lacum
1904 1028 1924 1057 ⁸
1955 1039 1969 1076 :
2008 1024 2163 1077 Facti

596 1132 775 1168 sumus
802 1117 937 1168 sicut
965 1132 1144 1182 passer
1172 1116 1444 1167 solitarius
1466 1119 1517 1168 in
1552 1125 1681 1168 tecto
1700 1117 1719 1146 ‘
1757 1135 1768 1168 :
1799 1116 1970 1168 Paulo
1991 1117 2160 1168 minus

595 1205 852 1258 habitavit
881 1207 1180 1258 ritanostra
1212 1208 1264 1257 in
1297 1207 1552 1272 inferno".
1583 1203 1784 1260 Sumus
1799 1206 2041 1259 destituti
2060 1208 2157 1272 (6),

597 1314 660 1351 ac
706 1298 827 1350 \icti
859 1297 1018 1349 taedio
1053 1315 1064 1350 :
1099 1297 1504 1364 desperavimus
1535 1315 1546 1350 :
1577 1297 1700 1350 facti
1741 1314 1932 1351 sumus
1991 1298 2160 1352 tristis

596 1387 801 1438 mundo
839 1387 1076 1438 narratio
1105 1403 1116 1437 :
1151 1397 1333 1452 atque,
1363 1403 1394 1438 0
1415 1387 1669 1455 grandem
1699 1403 1884 1440 revera
1922 1389 2161 1442 tristem-

595 1494 701 1547 que
763 1478 1105 1531 solitudinem
1145 1480 1156 1530 !
1193 1495 1351 1547 quam
1394 1480 1550 1546 plane
1591 1495 1778 1533 sumus
1802 1479 1926 1532 facti
1953 1480 2160 1534 similes

596 1572 854 1637 pelecauo
881 1571 1131 1624 Solitario
1156 1571 1226 1624 ll?
1279 1572 1465 1642 Inclyti
1517 1572 1614 1623 viri
1678 1573 1942 1626 transitus
1972 1572 2160 1626 dolore

597 1661 836 1729 implerit
865 1670 1109 1714 noStrum
1144 1679 1238 1714 cor
1271 1664 1490 1716 humile.
1545 1663 1940 1718 Obtenebratos
1973 1666 2160 1718 oculos

597 1766 812 1806 nostros
853 1755 1091 1822 opplevit
1117 1755 1391 1826 lacrymis.
1422 1755 1599 1807 Animi
1638 1772 1830 1808 sensus
1869 1757 2157 1825 gemitibus

596 1846 914 1908 cumulavit,
965 1863 1028 1899 ac
1071 1847 1191 1899 aliis
1223 1847 1451 1914 aliisque
1481 1847 1663 1900 cordis
1708 1848 1951 1901 aastibus.
1982 1849 2156 1900 Vitam
2192 1826 2232 1879 Β

597 1947 912 2006 pra-sentem
950 1939 1203 1991 odihilem
1231 1939 1480 2001 reddidit,
1515 1949 1743 1992 mortem
1771 1955 1896 1992 vero
1935 1939 2160 1993 deside—

596 2031 841 2084 rabilem.
906 2031 1085 2082 Animi
1139 2046 1232 2083 ver
1285 2031 1335 2082 in
1398 2031 1627 2083 hiemem
1696 2033 1976 2085 convertit.
2030 2030 2160 2098 Quae

598 2123 750 2174 multi
787 2124 1026 2189 impense
1050 2132 1254 2183 amant,
1283 2139 1342 2176 ea
1369 2123 1522 2176 nobis
1548 2124 1935 2177 abominationi
1961 2126 2162 2179 haben-

597 2219 706 2263 tur.
740 2210 826 2264 Sic
855 2227 983 2263 vero
1017 2225 1222 2276 nostra,
1251 2228 1284 2265 ο
1312 2214 1791 2276 venerabilissimi,
1833 2215 2156 2270 immensum

597 2303 866 2370 lugubria.
904 2319 1220 2373 amaraque,
1259 2321 1358 2358 nec
1393 2307 1592 2369 amica,
1621 2308 1704 2359 vel
1737 2308 2034 2376 quidquam
2069 2308 2159 2360 Ιειιο

597 2404 682 2456 ta;
713 2411 774 2447 ac
808 2395 1096 2464 ejusmodi,
1156 2405 1211 2448 ut
1253 2398 1454 2448 nullam
1501 2398 1930 2452 consolationem
1967 2399 2162 2452 admit-

598 2497 746 2550 tant;
786 2498 843 2540 ut
875 2505 1034 2557 quam
1075 2489 1125 2541 in
1163 2500 1367 2557 partem
1416 2490 1691 2544 discurrat
1735 2491 1956 2546 humilis
1996 2493 2156 2556 ratio,

596 2589 889 2639 nusquam.
929 2576 1032 2630 nisi
1079 2593 1142 2631 ea
1173 2588 1381 2631 tantum
1431 2582 1662 2642 ratione,
1701 2591 1758 2634 ut
1793 2583 1844 2635 in
1878 2581 2043 2636 Deum
2097 2598 2162 2638 ac

595 2681 808 2720 sacrum
846 2670 1150 2736 sepulcrum
1183 2672 1400 2724 assidue
1435 2675 1754 2741 respexerit,
1801 2675 2037 2742 quietem
2074 2676 2162 2729 in-

597 2759 794 2811 veniat.
826 2757 1090 2813 Caeterum
1121 2761 1213 2829 qui
1245 2762 1446 2816 habent
1491 2780 1575 2816 res
1607 2766 1835 2818 vestras?
1867 2765 1983 2820 Non
2017 2767 2164 2822 velut

595 2851 832 2903 nesciam
877 2852 1168 2921 interrogo.
1205 2853 1503 2908 Percontor
1557 2856 1936 2921 nihilominus,
1982 2873 2016 2911 o
2067 2859 2160 2913 de—

595 2941 979 2997 sideratissimi
1019 2961 1030 2995 :
1069 2959 1200 2998 sane
1229 2945 1372 2998 enim
1399 2947 1594 3000 similia
1629 2963 1850 3016 prorsus
1880 2950 2158 3018 dixeritis;

594 3035 880 3101 siquidem,
899 3045 1033 3089 teste
1053 3038 1354 3105 Scriptura,
1377 3055 1478 3091 uno
1504 3041 1729 3093 membro
1750 3043 1998 3110 patiente,
2017 3059 2160 3096 com-

596 3133 874 3194 patiuntur
905 3130 1081 3180 omnia
1114 3129 1343 3182 membra
1369 3132 1410 3184 ’.
1441 3130 1593 3196 Quod
1627 3147 1756 3184 vero
1793 3132 1891 3201 ipsi
1918 3135 2158 3188 membra

593 3221 734 3280 sitis,
787 3231 839 3273 et
874 3223 1092 3290 quidem
1144 3222 1194 3274 in
1235 3224 1493 3277 membris
1525 3223 1886 3289 nobilissima,
1935 3227 2158 3281 omnino

594 3313 941 3367 manifestum
993 3315 1100 3374 sit;
1170 3332 1339 3384 quare
1389 3318 1585 3369 merito
1637 3319 1960 3378 condoletis.
2025 3321 2158 3386 Quis

591 3405 736 3456 enim
761 3405 1016 3467 deinceps
1046 3405 1383 3457 venientibus
1405 3409 1526 3458 Ιεειο
1564 3405 1713 3457 vultu
1747 3409 2070 3470 occurrerit,
2095 3423 2160 3462 ac

593 3496 844 3548 manibus
874 3496 1083 3563 supinis
1119 3498 1439 3564 susceperit.
1493 3499 1914 3568 complexusque
1965 3500 2159 3554 charos

591 3586 776 3639 vultus
810 3587 1090 3639 osculatus
1116 3587 1315 3639 fuerit?
1350 3585 1483 3652 Quis
1517 3599 1846 3658 Opportuna.
1879 3603 1934 3645 et
1965 3592 2160 3647 anima:

591 3679 962 3731 conducibilia
996 3679 1443 3746 percontabitur?
1472 3680 1605 3747 Quis
1643 3683 1828 3738 tristes
1858 3685 2158 3752 composita

592 3770 964 3823 admonitiooe
1003 3772 1402 3826 lmtilicaverit?
1436 3773 1573 3840 Quis
1626 3790 1734 3843 pra:
1775 3776 2020 3828 molestia
2061 3791 2156 3828 co-

591 3859 916 3927 gitationum
951 3871 1198 3926 maestos,
1233 3873 1483 3932 totosque
1509 3881 1803 3918 succensos
1829 3880 1892 3919 ac
1920 3875 2158 3918 arstuan-

593 3959 672 4004 tes
713 3951 1157 4020 refrigeraverit?
1209 3952 1344 4018 Quis
1388 3955 1661 4008 iuunxerit
1705 3956 1769 4008 ad
1821 3957 2158 4011 certamina?

592 4042 725 4107 Quis
754 4043 818 4094 ad
862 4043 1078 4112 pietatis
1099 4060 1322 4098 cursum
1351 4047 1679 4100 intenderit?
1713 4047 1846 4112 Quis
1889 4049 1953 4101 ad
1988 4048 2156 4104 virilis

592 4134 758 4186 animi
789 4135 953 4187 robur
981 4135 1396 4204 provocaverit?
1444 4138 1578 4202 Quis
1603 4139 1668 4192 ad
1706 4139 1948 4192 veritatis
1981 4149 2158 4193 certa-

594 4241 715 4277 men
745 4225 1064 4280 duraverit?
1102 4227 1234 4292 Quis
1257 4231 1642 4297 tegi-ulantibus
1669 4231 1927 4284 medelam
1963 4231 2159 4285 attule-

595 4316 701 4370 rit?
733 4318 867 4382 Quis
897 4320 1084 4387 procul
1128 4321 1443 4376 absentibus
1475 4339 1570 4391 per
1605 4323 1860 4392 epistolas
1891 4333 2156 4393 Opportu-

594 4424 660 4461 na
719 4408 965 4464 elocutus
1006 4410 1205 4463 l'uerit?
1239 4412 1373 4477 Quis
1401 4413 1471 4466 ita
1497 4413 1781 4479 dilexerit,
1811 4415 2158 4484 animamque

593 4500 884 4568 pretiosam
918 4541 933 4562 ,

591 4591 779 4644 divino
811 4607 1034 4646 munere
1065 4609 1364 4648 concessus
1397 4607 1580 4664 pastor
1630 4612 1692 4649 ac
1747 4599 1938 4650 doctor
1967 4637 1982 4659 ,
2057 4613 2154 4666 pro

592 4697 920 4751 unoquoque
951 4684 1228 4751 posuerit?
1257 4684 1394 4750 Quid
1436 4703 1563 4741 vero
1592 4703 1751 4756 opus,
1783 4700 1840 4739 ut
1898 4689 2154 4756 pleraque

593 4772 738 4826 beati
791 4784 952 4842 atque
1002 4776 1344 4830 admirabilis
1379 4778 1500 4842 viri,
1559 4779 1808 4833 lamentis
1836 4794 2148 4847 prosequar,

592 4862 662 4914 ob
686 4878 801 4932 qua:
824 4866 987 4918 etiam
1025 4867 1261 4919 maxime
1288 4866 1499 4934 jactura
1528 4867 1742 4920 videtur
1764 4868 2156 4924 intolerabilis?

592 4949 723 5005 Nam
757 4969 865 5006 non
908 4955 1091 5008 tulerit
1118 4959 1308 5011 modus
1341 4958 1582 5026 epistola:
1615 4977 1628 5013 :
1658 4975 1968 5027 quanquam
2016 4961 2153 5013 alio-

592 5045 702 5112 qui,
732 5046 812 5098 sic
839 5047 1029 5100 humili
1056 5049 1234 5102 anima
1266 5060 1450 5105 nostra
1476 5067 1539 5104 ex
1561 5053 1778 5106 tristitia
1808 5053 2148 5118 concidente,

1540 361 1944 427 APPENDIX.
1976 387 2044 398 --
2075 363 2491 426 NAUCRATII
2524 362 2938 425 ENCYCLICA

3709 358 3836 424 1832

2346 477 2532 546 Ἡμεῖς
2559 477 2607 528 ot
2636 475 2898 536 ταπεινοὶ,
2931 474 2980 524 ot
3023 470 3160 541 μετά
3185 469 3406 522 πάντων
3439 469 3534 521 καὶ
3573 480 3681 538 προ
3716 475 3836 525 πάν-

2263 586 2372 622 των
2395 570 2462 620 τά
2484 567 2577 620 νῦν
2598 564 3116 634 ἀπορφανισθέντες,
3153 563 3245 615 καὶ
3275 560 3698 629 διαζευχθέντες
3740 580 3835 614 σω-

2269 655 2536 728 ματικῶς,
2559 654 2993 723 κατελείφθημεν
3018 651 3409 722 μεμονωμένου
3429 651 3744 718 Γεγόναμεν
3771 651 3836 713 ὡς

2263 751 2324 804 τὸ
2352 751 2446 802 ἀπ’
2475 750 2648 820 ἀρχῆς
2672 767 2684 779 ’
2726 745 3048 808 πενθοῦντες
3089 745 3183 796 καὶ
3218 743 3720 812 σκυθρωπάζοντες
3751 759 3839 793 περ

2268 840 2533 911 ρευόμεθα
2552 854 2566 868 ⁸
2599 838 2900 906 γεγόναμεν
2924 835 3124 896 ὄνειδος
3143 833 3252 896 τοῖς
3284 835 3578 895 ἐναντίοις,
3612 834 3834 900 ἐπίχαρ-

2267 933 2342 1003 μα
2371 935 2482 994 τοῖς
2508 930 2834 993 κακοδόξοις.
2868 931 3161 982 Ἦνοικται
3191 925 3320 980 καθ’
3345 923 3516 994 ἡμῶν
3541 925 3836 992 Είκονομά-

2263 1044 2372 1096 χων
2401 1027 2595 1092 στόμα
2615 1039 2628 1051 ·
2658 1022 3218 1088 Προσελογίσθημεν
3236 1019 3385 1086 μετὰ
3416 1015 3538 1068 τῶν
3570 1019 3838 1069 καταϐαι-

2262 1123 2491 1174 νόντων
2527 1122 2614 1183 εις
2640 1119 2889 1182 λάκκον,
2911 1115 3199 1186 ψαλμικῶς
3228 1117 3401 1166 εἰπεῖν
3427 1129 3442 1142 ο
3490 1114 3835 1179 Pis-porcas?

2261 1211 2342 1276 ὼς
2369 1209 2688 1277 στρουθίον
2719 1206 2979 1276 pomifer
3005 1207 3102 1259 ἐπὶ
3134 1205 3400 1273 δώματος
3422 1220 3438 1234 ο
3477 1202 3837 1270 "apag:qu

2262 1300 2580 1369 παρῴκησε
2630 1299 2705 1365 τῷ
2742 1299 2856 1367 ᾅδῃ
2906 1299 2944 1364 ἡ
2991 1297 3102 1364 ζωὴ
3145 1295 3330 1365 ἡμῶν.
3377 1295 3834 1364 Ἐξηπορήμεθα·

2261 1391 2614 1460 ἀπειπάμεθα
2652 1389 2859 1442 ἐαυτῶν
2879 1403 2894 1416 ⁶
2921 1389 3230 1456 γεγόναμεν
3259 1385 3338 1456 τῷ
3365 1385 3562 1453 κόσμῳ
3594 1383 3839 1452 διήγημα

2263 1481 2584 1552 σκυθρωπόν
2603 1497 2619 1513 ’
2668 1482 2781 1542 καὶ,
2804 1479 2849 1532 ὣ
2875 1480 2974 1548 τῆς
2997 1478 3174 1546 δεινῆς
3194 1476 3363 1538 ὄντως
3388 1477 3485 1526 καὶ
3508 1475 3841 1544 σκυθρωπῆς

2261 1575 2530 1644 ἐρημίαςὶ
2567 1573 2681 1634 πῶς
2721 1572 2962 1644 ἀκριϐῶς
3001 1568 3365 1640 ὡμοιώθημεν
3397 1569 3670 1620 πελεκᾶνι
3717 1568 3842 1634 ἐρη-

2263 1668 2440 1738 μικῷς
2492 1666 2729 1718 Ἐκείνου
2773 1664 2865 1718 τοῦ
2888 1664 3126 1732 ἀοιδίμου
3175 1663 3206 1731 ή
3254 1663 3612 1731 μετάστασις,
3657 1659 3843 1726 ὀδύνης

2262 1761 2626 1828 πεπλήρωκεν
2660 1756 2816 1827 ἡμῶν
2843 1755 2940 1826 τὴν
2968 1755 3226 1824 ταπεινὴν
3270 1753 3501 1822 καρδίαν
3527 1768 3543 1781 ⁶
3592 1751 3841 1820 δακρύων

2263 1855 2417 1922 ἡμῶν
2440 1856 2563 1916 τοὺς
2585 1853 2999 1922 ἐσκοτισμένους
3023 1849 3313 1917 ἐνέπλησεν
3335 1847 3661 1915 ὀφθαλμούς
3679 1859 3694 1873 °
3729 1861 3843 1896 στε-

2262 1947 2487 2016 ναγμῶν
2510 1945 2813 2015 ἐπλήρωσε,
2846 1942 3152 2012 καρδιακῶν
3180 1940 3467 2010 βρασμῶν,
3489 1939 3592 1990 καὶ
3612 1937 3842 2005 ἀναϐρα·

2263 2038 2437 2108 σμῶν,
2460 2038 2526 2091 τά
2549 2040 2644 2107 τῆς
2663 2037 2838 2106 ψυχῆς
2859 2036 3209 2104 αἰσθητήρια.
3233 2033 3343 2102 Τὴν
3375 2030 3671 2101 παροῦσαν
3700 2031 3841 2098 ζωὴν

2265 2131 2499 2201 μισητὴν
2531 2130 2817 2199 πεποίηκε,
2847 2129 2938 2180 τὸν
2965 2127 3192 2180 θάνατον
3234 2124 3601 2194 ἐπιθυμητὸν.
3635 2123 3716 2174 Τὸ
3747 2123 3844 2190 ψυ-

2261 2223 2413 2292 χικὸν
2445 2222 2545 2293 ἔαρ
2579 2225 2656 2283 είς
2689 2221 2927 2292 χειμῶνα
2971 2218 3321 2290 μετέστρεφε.
3362 2219 3445 2269 Τά
3473 2220 3593 2279 τοῖς
3630 2215 3843 2275 πολλοῖς

2261 2314 2726 2383 περισπούδαστα,
2767 2313 2898 2381 ἡμῖν
2944 2309 3284 2362 ἀπόπτυστα.
3318 2309 3428 2360 Καὶ
3466 2297 3540 2358 τά
3587 2306 3693 2373 μὲν
3729 2304 3840 2356 καθ’

2261 2408 2428 2475 ἡμᾶς,
2487 2401 2532 2458 ὦ
2589 2402 3041 2474 σεϐασμιώτατοι,
3089 2402 3231 2455 οὑτω
3283 2399 3706 2452 πολυστένακτα
3758 2399 3842 2448 καὶ

2261 2498 2596 2559 πολυώδυνα,
2643 2497 2808 2566 ἀφιλά
2841 2513 2898 2548 τε
2931 2496 3026 2548 καὶ
3075 2495 3324 2563 ἀνέορτα,
3375 2492 3664 2561 μηδεμίαν
3703 2505 3840 2558 παρ-

2259 2588 2486 2659 ηγορίαν
2542 2587 2766 2656 ἔχοντα’
2816 2583 3088 2654 πανταχοῦ
3127 2583 3219 2635 τοῦ
3271 2581 3536 2636 ταπεινοῦ
3583 2579 3839 2648 λογισμοῦ

2259 2680 2578 2742 διαθέοντος.
2611 2679 2704 2731 καὶ
2735 2676 2984 2748 μηδαμοῦ
3013 2677 3202 2728 στάσιν
3229 2674 3605 2745 εὑρίσκοντος,
3628 2674 3663 2741 ἢ
3690 2673 3840 2740 μόνον

2261 2775 2309 2826 εί
2357 2774 2435 2832 είς
2478 2771 2610 2824 Θεὸν
2656 2771 2750 2824 καὶ
2799 2772 2879 2833 εἰς
2916 2769 3007 2821 τὸν
3049 2768 3191 2838 ἱερὸν
3219 2768 3389 2835 τάφον
3429 2764 3838 2837 παρεδρευτικὴ

2261 2865 2559 2937 ἀποὸλέψῃ.
2603 2865 2793 2917 Ὀποία
2818 2863 2874 2916 δὲ
2899 2862 2968 2915 τὰ
2999 2861 3121 2914 καθ’
3158 2861 3331 2929 ὑμᾶςς
3364 2859 3464 2908 οὑκ
3499 2857 3724 2924 ἀγνοῶν
3752 2858 3840 2906 ἐπα

2261 2959 2480 3027 ερωτῶο
2535 2957 2872 3025 πυνθάνομαι
2917 2953 2962 3006 δ’
2997 2949 3091 3006 οὑν
3139 2953 3306 3021 ὅμως,
3347 2943 3392 3002 ὦ
3442 2949 3836 3006 ποθεινότατοι,

2261 3051 2352 3104 καί
2377 3067 2437 3118 γε
2465 3049 2535 3101 τά
2574 3049 2733 3117 ὃμοια
2763 3046 2976 3107 πάντως
3008 3045 3259 3112 φήσοιτεο
3291 3044 3340 3094 εἰ
3381 3041 3516 3110 γάρ,
3543 3041 3621 3103 ὡς
3657 3059 3835 3110 φησιν,

2185 3164 2228 3226 C
2261 3142 2396 3206 ἐνὸς
2437 3141 2663 3209 μέλους
2711 3136 3056 3204 πάσχοντος
3108 3131 3462 3200 σιιμπὰσχει
3525 3131 3730 3184 ,πάντα
3776 3136 3838 3182 τὰ

2259 3231 2435 3302 μέλη.
2492 3231 2613 3283 Ὀτι
2663 3229 2720 3282 δὲ
2766 3230 2920 3297 ὑμεῖς
2968 3225 3126 3295 μέλη,
3157 3225 3251 3279 καὶ
3303 3225 3413 3276 τῶν
3467 3225 3835 3293 τιμιωτάτων.

2265 3323 2426 3377 παντί
2465 3340 2568 3376 που
2598 3322 2775 3392 δῆλον.
2815 3319 2976 3373 Ὀθεν
3017 3319 3238 3379 εἰκότως
3274 3318 3308 3384 ὴ
3343 3316 3704 3383 συνάλγησις.
3754 3314 3838 3372 Ti;

2263 3419 2371 3489 γὰρ
2412 3417 2569 3486 ὑμῶν
2609 3415 2690 3468 ἔτι
2725 3413 3182 3486 παραγενομένων
3228 3411 3684 3480 προσυπαντήσε.
3722 3423 3836 3472 φαι-

2263 3512 2375 3581 δρῷ
2403 3509 2483 3578 τῷ
2511 3508 2808 3579 προσώπῳ,
2853 3506 2947 3558 καὶ
2997 3503 3215 3564 ὑπτίαις
3271 3502 3458 3571 χερσὶν
3501 3497 3832 3561 ὑποδέξεται,

2265 3601 2358 3656 καὶ
2423 3598 2812 3670 περιπλακεὶς,
2875 3594 3283 3648 κατασπάσεται
3339 3590 3494 3659 ὑμῶν
3555 3590 3626 3641 τὰ
3689 3590 3837 3655 τίμια

2265 3691 2566 3757 πρόσωπα;
2596 3687 2691 3749 Τίς
2719 3684 3053 3754 ἐπερωτήσει
3078 3680 3148 3733 τά
3171 3681 3354 3732 δέοντα
3377 3679 3477 3729 καὶ
3508 3676 3833 3746 ψυχωφελῆς

2263 3783 2359 3843 Τίς
2386 3781 2756 3850 λυπουμένους
2786 3775 3166 3847 χαροποιήσειε
3195 3775 3260 3841 τῇ
3294 3770 3522 3839 ἐμμελεί
3552 3768 3803 3837 νουθεσίᾳ
3822 3808 3834 3830 ,

2262 3871 2358 3935 Τίς
2387 3869 2779 3938 ἀπεγνωκότας
2811 3863 3210 3935 παρακαλέσειε
3235 3878 3248 3923 ;
3279 3861 3373 3922 Τίς
3399 3859 3752 3928 ἀθυμοῦντας
3780 3862 3838 3908 ὲκ

2259 3961 2559 4032 λογισμῶν,
2605 3959 2702 4012 καὶ
2743 3954 3300 4026 κατεμπρηζομὲνους
3356 3951 3695 4020 ἀναψύξειες
3749 3950 3838 4008 Τίς

2261 4053 2592 4122 ἀπαλείψειε·
2634 4050 2769 4121 πρὸς
2815 4050 2940 4104 τοὺς
2985 4046 3235 4114 ἀγῶνας;
3279 4045 3375 4106 Τίς
3407 4043 3669 4096 τονώσειε
3708 4042 3838 4110 πρὸς

2260 4145 2351 4197 τὸν
2379 4145 2477 4213 τῆς
2507 4139 2791 4201 εὐσεϐείας
2822 4137 3058 4207 δρόμον;
3087 4136 3182 4198 Τίς
3205 4132 3462 4200 διεγείροι
3499 4133 3642 4199 πρὸς
3683 4133 3838 4183 εὑαν-

2261 4235 2478 4305 δρείαν;
2513 4231 2607 4295 Τίς
2637 4228 2936 4299 στομώσειε
2967 4229 3103 4296 πρὸς
3133 4227 3380 4278 ἔνστασιν
3416 4223 3715 4293 ἀληθείαςς
3746 4221 3836 4281 τίς

2266 4325 2542 4396 ίατρεύσει
2566 4321 2956 4391 νενοσηκότας;
2983 4319 3078 4381 Τίς
3106 4318 3290 4388 πόρρω
3311 4315 3432 4368 οὑσι
3459 4315 3553 4367 διὰ
3580 4314 3835 4384 γραμμα-

2261 4435 2353 4480 τος
2383 4414 2818 4487 προσφθέγξεται
2845 4413 2912 4464 τά
2940 4411 3253 4479 ὀφείλοντα;
3284 4406 3378 4468 Τίς
3408 4405 3584 4465 οὕτως
3622 4405 3834 4471 ἀγαπή-

989 4501 1190 4553 Chrisli
1228 4504 1480 4573 exemplo
1511 4544 1524 4567 ,
1557 4505 2017 4573 quemadmodum
2067 4508 2157 4561 ille

2262 4527 2393 4571 σειε,
2441 4509 2534 4560 καὶ
2581 4507 2678 4576 τὴν
2723 4505 2909 4573 τιμίαν
2950 4501 3127 4571 ψυχὴν
3183 4500 3322 4566 ὑπὲρ
3379 4499 3620 4550 ἐκάστου
3659 4497 3832 4564 esset:

2259 4603 2762 4671 Χριστομιμήτως;
2821 4597 2896 4657 ὼς
2937 4596 2964 4647 ὁ
3007 4591 3336 4660 θεθδώρητος
3377 4593 3587 4652 ἐκεῖνος
3638 4588 3832 4655 ποιμὴν

2261 4692 2352 4742 καὶ
2390 4687 2735 4748 διδασκαλος
2782 4684 2892 4736 Καὶ
2934 4681 2984 4733 τί
3011 4682 3088 4733 δεῖ
3116 4680 3184 4732 τά
3231 4678 3401 4732 πολλά
3439 4677 3537 4730 τοῦ
3568 4677 3831 4746 μακαρίου

2261 4780 2356 4833 καὶ
2398 4778 2725 4845 ἀξιαγάστου
2780 4773 3173 4843 ἐκτραγῳδεῖν,
3220 4770 3302 4838 ἐφ’
3346 4765 3426 4831 οἷς
3474 4772 3569 4820 καὶ
3609 4768 3830 4838 μάλιστα

2259 4873 2358 4941 τὴν
2405 4870 2605 4938 ζημίαν
2642 4867 2915 4937 ἀφόρητον
2959 4865 3222 4933 ὑπάρχειν
3253 4860 3584 4928 λογίζεσθες
3625 4861 3733 4912 οὐδ’
3774 4859 3831 4910 ἂν

2260 4963 2543 5030 ἐπιστολῆς
2578 4961 2772 5030 μέτρον
2799 4958 3139 5023 ὑποδέξαιτο·
3166 4956 3259 5008 καὶ
3293 4955 3494 5018 ἄλλως,
3523 4957 3627 5006 οὑκ
3657 4954 3829 5006 εὔκαι-

2260 5073 2352 5127 ρον
2394 5055 2804 5126 ἀριστευμάτων
2839 5052 3015 5122 πλήθη
3056 5050 3132 5120 τῷ
3164 5050 3458 5119 γράμματι
3509 5052 3821 5119 προσάγειν,

659 5177 681 5207 ⁸
710 5179 852 5233 Psal.
893 5194 1003 5241 ut,
1046 5181 1133 5234 14.
1208 5183 1228 5212 ⁸
1265 5181 1411 5236 Psal.
1448 5199 1690 5248 Lxxxvn,
1723 5185 1776 5238 5.
1852 5186 1872 5218 ⁸
1911 5186 2056 5240 Psal.
2096 5202 2169 5251 Cl,
2204 5187 2258 5242 8.
2332 5191 2352 5222 "
2382 5189 2526 5244 Psal.
2555 5204 2705 5252 xcnt,
2741 5189 2826 5242 l7.
2866 5188 2887 5220 ⁸
2929 5189 3074 5243 Psal.
3104 5202 3179 5249 cr,
3213 5186 3265 5240 7.
3337 5187 3358 5217 ⁸
3389 5185 3405 5238 l
3436 5185 3570 5240 Cor.
3620 5205 3713 5251 sn,
3743 5183 3817 5237 26.

2089 5300 2318 5358 ΝΟΤᾸΞ.

663 5407 986 5484 (6)”Sumus
1054 5412 1309 5467 destituti.
1367 5415 1749 5484 ἐξηπορήμεθα
1803 5432 1818 5469 :
1869 5416 2161 5484 apostolica

591 5494 693 5554 vox
745 5479 949 5554 ll_Cor.
997 5497 1067 5543 iv,
1127 5485 1329 5536 habens
1387 5479 1710 5551 emphasim,
1776 5496 1834 5538 ut
1894 5479 2161 5554 signiticet

590 5550 735 5624 velut
789 5551 1227 5618 desperationem
1291 5550 1537 5608 vincente
1600 5572 1823 5624 prorsus
1885 5550 2044 5609 taedio
2108 5566 2160 5610 et

2261 5418 2423 5472 tionis
2454 5417 2770 5470 barathrum
2799 5415 3058 5484 impellat.
3090 5414 3302 5467 Erasin.
3338 5412 3694 5474 Lahoramus,
3723 5412 3819 5470 sed,

2257 5500 2386 5551 elc.,
2417 5489 2561 5539 velut
2591 5488 2656 5539 de
2705 5501 2884 5538 rerum
2928 5485 3150 5552 penuria
3208 5487 3468 5550 loquatur
3518 5486 3818 5551 Apostolus,

2257 5559 2398 5626 quod
2444 5560 2625 5610 minus
2653 5567 2835 5622 aptum
2868 5556 3102 5610 videtur.
3155 5554 3340 5626 Maluit
3395 5552 3555 5623 Vulg.
3606 5557 3820 5610 retinere

589 5621 860 5693 anitietate
917 5624 1316 5690 ἀπορούμενοι,
1377 5621 1611 5692 ιιι(ιιιὶι,’
1645 5626 1756 5677 ἀλλ’
1791 5628 1892 5678 οὑκ
1960 5625 2158 5690 ἐξαποο

2261 5621 2440 5680 vocem
2488 5621 2756 5686 Graecam,
2811 5641 2874 5679 ac
2917 5641 3014 5679 ceu
3062 5643 3124 5677 ex
3185 5641 3245 5676 ea
3304 5621 3559 5676 Latinam
3618 5629 3815 5693 lillgrn’.

593 5688 882 5763 ροὺμενοις
919 5688 1072 5759 quasi
1113 5688 1256 5746 dicat
1295 5713 1304 5745 :
1344 5688 1499 5747 Anx'ii
1543 5696 1758 5763 quidem
1785 5735 1798 5756 ,
1839 5706 1894 5748 at
1930 5688 2038 5748 non
2083 5697 2153 5748 ita

592 5770 650 5815 ut
681 5761 925 5816 anxietas
963 5765 1186 5817 omnino
1219 5763 1430 5828 vincat,
1473 5781 1536 5819 ac
1564 5761 1731 5828 velut,
1786 5768 1837 5820 in
1897 5768 2152 5835 despera-

2254 5713 2362 5767 ψιο
2393 5714 2488 5758 sua
2532 5698 2607 5749 illi
2639 5695 2941 5764 amplitudo
2972 5699 3314 5767 consisteret.
3345 5697 3695 5764 Aporiamur,
3721 5697 3816 5753 sed,

2259 5765 2364 5822 etc.
2393 5767 2554 5822 Plane
2587 5778 2764 5822 tamen
2801 5765 3088 5822 obscurius
3127 5776 3229 5820 est.
