3976 6314
137 367 271 434 1833

1083 374 1179 433 DE
1211 373 1440 436 OBITU
1484 373 1524 435 S
1579 375 2330 438 THEODORISTUDITE

3221 375 3355 447 1834

121 481 294 545 οὕτως
334 477 488 551 ήμῶν
517 481 616 551 τῆς
641 483 900 554 ταπεινῆς
926 482 1100 554 ψυχῆς
1128 479 1591 555 συμπεπτωκυίας
1621 488 1687 556 τῇ

1793 487 2160 556 importunum
2188 489 2259 544 sit
2283 488 2435 556 plura
2454 487 2555 541 viri
2593 487 2836 542 facinora
2870 488 3063 545 litteris
3096 488 3353 548 inserere-

121 573 286 644 λύπῃ.
321 573 388 624 Τί
422 572 530 643 γὰρ
550 572 657 626 τῶν
679 574 884 628 ἐκείνου
913 575 1174 639 τοιοῦτον,
1204 571 1313 630 οἷον
1342 577 1374 648 ἢ
1413 578 1512 648 τῆς
1549 579 1686 648 μνή-

123 679 230 731 μης
257 660 417 731 ήμῶν
445 663 719 726 ἐκπεσεῖν,
750 661 784 730 ἢ
811 664 1116 717 σιωπᾶσθαι
1151 665 1298 731 ἄξιον
1335 666 1683 736 νομισθῆναι;

132 751 273 804 Ἀλλ’
302 751 451 823 οἴμοι
483 752 562 822 τῷ
589 753 856 824 ταπεινῷί
892 753 1100 810 ἔνδοθεν
1121 757 1211 825 ὑφ’
1244 758 1434 827 ἡδονῆς
1463 757 1571 810 τῶν
1597 757 1686 810 λσ-

119 841 362 912 χθέντων
412 841 750 912 κινούμενος,
797 844 994 913 λέληθα
1028 846 1263 915 ἐμαυτὸν
1301 848 1688 918 ὲμφιλοχωρῶν

115 930 194 1001 τῷ
227 931 414 996 πάθει,
446 932 541 985 καὶ⁵
570 932 1006 1002 ὑπομιμνήσκειν
1031 934 1174 1001 ὑμᾶς
1200 934 1268 988 τὰ
1291 935 1385 988 τοῦ
1417 936 1686 1005 μακαρίου

119 1019 257 1089 πρὸς
312 1021 465 1090 ἡμᾶς
513 1020 981 1090 πρακτικεύματα,
1017 1025 1446 1094 παρηγορεῖσθαι
1478 1027 1685 1080 δοκῶν·

114 1109 430 1163 τούναντίον
465 1109 740 1180 ἑπικνήθω
781 1111 932 1180 ὑμῶν
994 1111 1056 1164 τὺ
1100 1113 1199 1182 τῆς
1231 1115 1408 1184 ψυχῆς
1447 1116 1687 1186 τραῦμα,

116 1199 210 1253 καὶ
240 1199 472 1255 ἁνάπτω
493 1199 592 1267 τὴν
619 1202 720 1270 τῆς
751 1200 975 1272 καρδίας
1000 1200 1190 1271 φλόγα,
1213 1207 1307 1257 καὶ
1326 1203 1471 1269 αὔξω
1498 1206 1559 1258 τὸ
1587 1209 1692 1261 πά-

115 1290 230 1356 θος,
263 1291 363 1346 καὶ
384 1293 633 1361 δακρύων
660 1291 813 1361 ὑμῶν
836 1293 974 1364 τάχα
998 1294 1124 1359 τοὺς
1144 1295 1467 1364 ἀδελφικοὺς
1493 1298 1688 1367 ὀφθαλ-

119 1384 258 1452 μοὺς
287 1384 510 1451 ἁποπλη
519 1386 616 1453 ρῶ.

194 1475 362 1530 Ἀλλά
395 1494 483 1546 μοι
509 1477 667 1548 δεῦρο
688 1517 706 1544 ,
751 1473 796 1533 ὦ
852 1479 1110 1552 Πατέρων
1152 1480 1383 1552 ἄριστοι,
1415 1482 1508 1536 καὶ
1537 1483 1689 1536 ἀδελο

112 1567 232 1634 φῶν
288 1567 676 1637 γνησιώτατοιο
724 1571 798 1641 μὴ
848 1572 1010 1643 μέχρι
1049 1571 1252 1626 τούτων
1296 1574 1387 1626 τὸν
1432 1573 1687 1645 λογισμὸν

113 1658 428 1730 στήσωμεν,
464 1660 598 1730 μηδὲ
622 1661 1185 1731 καταμαλακισθῶμεν
1227 1664 1321 1715 καὶ
1366 1665 1685 1726 καταπέσω-

116 1767 219 1820 μεν
271 1751 351 1822 τῷ
395 1753 577 1817 πάθει,
626 1755 712 1808 ἵνα
759 1755 832 1826 μὴ
881 1757 1234 1828 κατηγορήσῃ
1290 1758 1384 1811 καὶ
1439 1758 1598 1828 ήμῶν
1658 1763 1687 1812 ὁ

1786 578 1924 643 Quid
1961 579 2106 634 enim
2137 593 2225 634 res
2249 579 2367 648 ejus
2410 579 2516 634 tale
2554 578 2780 644 habent,
2817 589 2875 634 ut
2908 580 2994 634 vel
3037 581 3352 641 excisurum

1787 669 2069 732 memoria,
2101 670 2185 724 vel
2215 670 2440 740 dignum
2469 670 2615 740 quod
2646 679 2912 736 taceatur,
2952 671 3144 726 debeat
3171 672 3355 728 existi-

1789 759 1966 813 mari?
2018 759 2126 816 Sed
2165 761 2270 816 heu
2331 776 2418 817 me
2472 762 2768 816 humilem!
2812 762 2961 818 Intus
3012 763 3351 830 stimulante,

1788 863 1953 918 quam
1991 848 2129 904 dicta
2162 850 2490 920 voluptatem
2517 851 2742 918 habent,
2793 852 2908 921 ipse
2958 854 3179 909 nescius
3204 854 3353 910 velut

1788 941 1929 995 ultro
1951 940 2124 996 dolori
2153 942 2448 1010 immoror;
2479 957 2544 998 ac
2575 943 2915 1014 suggerendo
2949 952 3009 998 ut
3035 958 3096 998 se
3117 943 3206 998 vir
3222 943 3352 1000 bea-

1789 1039 1880 1086 tus
1923 1032 1978 1086 in
2013 1047 2114 1088 nos
2163 1033 2408 1101 haberet,
2452 1034 2602 1090 visus
2639 1035 2931 1101 consolari,
2965 1035 3148 1105 potius
3183 1035 3351 1091 vestri

1790 1122 1957 1176 animi
1976 1123 2176 1178 vulnus
2202 1122 2424 1188 refrico,
2450 1124 2796 1193 accendoque
2819 1125 3058 1194 pectoris
3079 1124 3350 1181 ﬂammam

1790 1226 1854 1266 ac
1883 1228 2057 1282 augeo
2094 1214 2363 1280 dolorem,
2406 1213 2625 1284 forsque
2681 1215 2908 1271 fratrum
2949 1216 3140 1272 oculos
3179 1215 3353 1286 lacry-

1791 1305 1895 1360 mis
1933 1304 2146 1374 oppleo.

1859 1477 2165 1546 Enimvero,
2198 1481 2382 1536 adeste
2412 1481 2575 1547 mihi,
2610 1490 2793 1551 patres
2822 1482 3035 1552 optimi,
3064 1497 3129 1539 ac
3157 1483 3352 1538 fratres

1789 1569 2145 1626 sincerissimi
2179 1589 2192 1625 :
2225 1586 2292 1627 ne
2313 1571 2418 1626 huc
2443 1587 2617 1642 usque
2647 1573 3055 1630 cohibuerimus
3088 1575 3350 1635 animum.

1788 1673 1924 1714 neve
1951 1659 2314 1722 emolliamur.
2343 1669 2435 1714 aut
2476 1660 2665 1716 dolore
2691 1661 3044 1716 concidamus
3077 1677 3144 1716 ne
3167 1670 3223 1717 et
3253 1677 3353 1718 nos

1790 1763 2019 1819 magnus
2049 1749 2344 1819 Apostolus
2391 1750 2780 1820 vituperaverit
2816 1768 2830 1805 :
2863 1752 2957 1807 sed
3005 1767 3353 1807 recurramns

114 1841 296 1909 μέγας
345 1842 698 1911 ’Δπόστολοςς
733 1844 1133 1915 ἀναδράμωμεν
1182 1827 1277 1900 ἐπὶ
1322 1846 1419 1917 τὴν
1462 1827 1684 1919 ἀρχαιοο

1793 1838 1854 1891 ad
1888 1839 2140 1908 antiquas
2173 1838 2552 1909 generationes
2578 1879 2592 1901 .
2657 1840 3047 1910 videamusque
3097 1857 3126 1894 a
3179 1841 3354 1912 primo

109 1931 323 1998 γονίαν,
355 1933 447 1984 καὶ
478 1931 677 2002 ίδωμεν
700 1932 807 1988 ἀπὸ
834 1932 926 1986 τοῦ
953 1933 1294 2006 προπάτορος
1323 1935 1356 2004 ή
1366 1935 1482 2004 μῶν
1523 1936 1682 2007 μέχρι

105 2021 208 2075 τοῦ
231 2021 395 2093 δεῦρο
413 2037 428 2054 ο
455 2022 548 2076 καί
574 2040 636 2092 γε
662 2025 766 2092 πρὸ
788 2022 895 2075 τῶν
915 2023 1086 2078 ἄλλων
1107 2025 1232 2088 τοὺς
1254 2024 1371 2094 Θεῷ
1392 2024 1685 2098 εὐαρεστη-

108 2112 284 2174 κότας
308 2113 398 2167 διὰ
433 2112 550 2183 βίου
584 2115 676 2168 καὶ
705 2113 981 2176 πολιτείας
1009 2114 1240 2186 ἀρίστης
1261 2132 1274 2146 ο
1299 2101 1440 2184 λέγω
1467 2117 1531 2187 δὴ
1560 2120 1684 2182 τοὺς

110 2203 223 2272 πρὸ
264 2205 430 2273 νόμου
471 2206 731 2274 πατέρας,
761 2205 1126 2276 πατριάρχας,
1165 2206 1434 2277 Ἀϐραὰμ,
1480 2208 1681 2273 Ἰσαὰκ,

125 2291 366 2346 Ἰακὼὄο
421 2295 548 2356 τοὺς
600 2294 704 2365 πρὸ
760 2295 958 2358 αὐτῶν,
1006 2296 1100 2349 καὶ
1155 2295 1274 2367 μετ’
1315 2298 1532 2361 αὐτοὺς,
1564 2300 1686 2364 τοὺς

111 2382 172 2436 ιν
199 2384 372 2454 νόμῳ,
404 2385 606 2438 Μωσέα
638 2386 731 2438 καὶ
773 2384 982 2457 Ἀαρών
1003 2402 1018 2417 ο
1058 2387 1185 2450 τοὺς
1217 2388 1532 2457 μετέπειτα,
1561 2407 1684 2461 κρι-

113 2472 218 2536 τὰς
256 2475 352 2528 καὶ
381 2476 696 2546 προφήτας·
731 2477 856 2540 τοὺς
888 2478 946 2529 ὲν
978 2480 1044 2548 τῇ
1077 2478 1277 2548 χάριτι,
1323 2480 1686 2545 ἀποστόλους,

119 2564 432 2633 μάρτυρας,
497 2563 852 2634 ὁμολογητὰς,
912 2567 1191 2636 ίεράρχας,
1250 2567 1453 2633 ὁσίους,
1523 2569 1688 2638 μέχρι

113 2650 213 2704 τοῦ
272 2651 744 2722 μνημονευομένω
769 2667 782 2681 ⁶
844 2654 938 2706 καὶ
985 2653 1059 2716 ὡς
1115 2654 1340 2708 ἕκαστον
1381 2656 1585 2710 τούτων
1622 2661 1685 2726 τῇ

117 2743 228 2814 illi;
287 2743 450 2813 γενεᾷ
499 2743 792 2813 ἐπιτρίψας
841 2744 1326 2816 ύπηρετήσασθαι,
1360 2749 1472 2812 τοῖς
1548 2749 1688 2802 καθ-

115 2832 318 2902 ήκουσι
364 2832 576 2904 χρόνοις
609 2835 745 2906 πρὸς
774 2835 963 2889 ἑαυτὸν
993 2837 1153 2890 πάλιν
1185 2839 1691 2898 ἀνεκαλέσατο.Καὶ

121 2927 199 2996 μὴ
232 2926 474 2980 λυπείτω
509 2927 653 2996 ὑμᾶς
708 2927 856 2996 ήτοῦ
910 2928 1238 3000 ἀειμνήστου
1300 2933 1632 3001 μετάστασις
1674 2951 1688 2965 ⁸

119 3015 464 3087 εὐφραινέτω
492 3016 548 3070 δὲ
586 3018 803 3086 μᾶλλον,
838 3019 920 3072 ὅτι
961 3020 1070 3072 τῶν
1100 3023 1691 3092 προμνημονευθέντων

121 3108 484 3179 συναρίθμιος
511 3112 606 3163 καὶ
642 3111 1004 3181 συμμέτοχος,
1028 3112 1103 3175 ὡς
1131 3114 1198 3166 τὰ
1226 3115 1314 3167 ῐσα
1345 3119 1438 3168 καὶ
1490 3116 1693 3183 ἀγωνι-

120 3200 360 3271 σάμενος
384 3201 673 3271 ἀριδήλως.
700 3203 827 3256 Ὅτι
856 3204 976 3257 οὐδὲ
1010 3205 1363 3259 ἀπολέλοιπεν
1412 3209 1557 3276 ήμᾶς
1609 3207 1688 3261 εί-

120 3306 233 3362 περ
262 3290 506 3361 θέλομεν,
537 3292 672 3345 ἀλλὰ
708 3292 826 3361 μεθ’
854 3294 1009 3363 ήμῶν
1040 3297 1206 3361 ἐστιν,
1247 3297 1298 3347 εἰ
1324 3313 1408 3364 γε,
1435 3297 1509 3360 ὡς
1531 3298 1692 3362 αὐτὸς

119 3379 252 3452 ἔφη,
313 3381 411 3444 τὰς
462 3382 681 3445 ἐντολὰς
739 3383 904 3436 αὐτοῦ
969 3385 1317 3454 τηρήσομεν⁹
1378 3389 1692 3456 ὑπερτέρως

119 3471 252 3541 ἄρτι
283 3466 479 3540 ἰσχύων
515 3472 839 3542 πρεσϐεύειν
867 3490 928 3526 τε
954 3475 1050 3527 καὶ
1083 3475 1297 3544 βοηθεῖν
1323 3494 1334 3506 ·
1376 3479 1469 3530 καὶ
1505 3478 1691 3531 τοσοῦ-

117 3578 234 3629 τον,
261 3562 384 3615 ὅσον
415 3566 470 3614 ἐν
488 3562 881 3633 ύποδείγματος
906 3565 1037 3634 ὅρῳ,
1053 3566 1315 3638 πρότερον
1338 3567 1406 3621 δι’
1428 3568 1690 3638 ὲσὸπτρου

118 3653 215 3706 καὶ
235 3653 577 3722 αἰνίγματος,
613 3653 707 3707 νῦν
734 3654 789 3707 δὲ
821 3655 1114 3725 πρόσωπον
1185 3657 1322 3726 πρὸς
1379 3658 1687 3728 πρόσωπον,

118 3744 526 3814 καθαρωτέρως
558 3745 652 3798 καλ
675 3744 827 3816 λαμπ
845 3748 964 3816 ροτέ
976 3764 1081 3817 ρως
1135 3747 1213 3818 τῷ
1242 3748 1360 3817 Θεῷ
1419 3750 1692 3820 λατρεύων

119 3839 218 3890 καὶ
240 3836 592 3907 λειτουργῶν.
629 3837 740 3891 Καὶ
762 3837 942 3905 ὀλίγον
976 3839 1348 3910 προενήρξατο
1404 3842 1502 3909 τῆς
1553 3842 1689 3908 πρὸς

117 3928 257 3981 Θεὸν
279 3927 421 3990 ὀδοῦ,
460 3928 829 3998 προοδοποιῶν
889 3931 1020 3999 ἡμῖν
1071 3931 1273 4001 ταύτην
1305 3947 1320 3962 ·
1358 3933 1690 4002 εὐτρεπίζιον

117 4021 260 4090 ἡμῖν
296 4021 549 4072 κάκεῖθεν
572 4020 927 4085 ἀναπαύσεως
953 4023 1261 4094 κατάλυμα,
1295 4025 1453 4093 εἴπερ
1501 4025 1691 4095 εὐαρέ-

122 4126 268 4172 στως
306 4109 494 4180 Κυρίῳ
526 4109 893 4180 βιοτεύσομεν,
920 4113 1012 4165 καὶ
1045 4113 1119 4175 ὡς
1149 4115 1310 4177 αὐτὸς
1340 4117 1469 4186 ἡμῖν
1493 4116 1690 4187 ἐμαθή-

118 4217 314 4255 τευσεν
378 4200 522 4271 ἔργῳ
585 4203 679 4254 καὶ
722 4203 881 4270 λόγῳ.
955 4204 1143 4257 Ταῦτα
1198 4206 1689 4276 παρηγορείτωσαν

120 4293 281 4362 ὑμῶν
307 4291 403 4362 τὴν
434 4294 709 4363 μακαρίαν
741 4295 939 4364 ψυχήν.
982 4297 1072 4347 Ἐν
1105 4295 1314 4360 τούτοις
1342 4297 1641 4367 ἀνιστορῶν
1662 4303 1689 4352 ὁ

120 4381 505 4452 καθαρώτατος
556 4383 710 4451 ὑμῶν
739 4384 882 4446 νοῦς,
945 4386 1316 4450 σαϐϐατιζέτω
1384 4388 1478 4442 καὶ
1529 4389 1689 4441 οἱονεὶ

1786 1933 2006 1991 parente
2030 1934 2239 1990 nostro,
2278 1925 2344 1978 ad
2369 1925 2471 1980 hoc
2512 1942 2687 1996 usque
2714 1936 2965 1996 tempus;
2990 1938 3150 1998 atque
3177 1945 3270 1984 eos
3298 1930 3352 1985 in

1785 2015 1994 2083 primis,
2026 2015 2120 2085 qui
2147 2016 2255 2070 vita
2291 2031 2355 2070 ac
2382 2017 2582 2085 Optima
2619 2018 3064 2082 conversatione,
3099 2017 3208 2075 Deo
3235 2020 3354 2090 pla-

1786 2112 2014 2159 cuerunt
2031 2105 2261 2169 :Patres,
2283 2106 2525 2175 inquam,
2542 2108 2654 2174 lege
2679 2106 3039 2176 antiquiores,
3055 2108 3351 2174 Abraham,

1788 2192 1954 2258 Isaac,
1993 2192 2158 2248 Jacol)
2187 2214 2199 2248 :
2226 2197 2337 2250 illis
2377 2206 2536 2251 mtate
2567 2200 2899 2266 superiores,
2954 2213 3019 2255 ac
3068 2209 3351 2269 posteros:

1787 2298 1882 2337 eos
1909 2283 1998 2353 qui
2025 2284 2281 2339 vixerunt
2307 2286 2411 2340 sub
2453 2288 2590 2358 lege,
2640 2286 2833 2349 Mosen
2857 2299 2912 2343 et
2955 2291 3135 2344 Aaron
3166 2306 3180 2343 :
3206 2304 3356 2346 secu-

1789 2385 1980 2444 tosquc
2005 2375 2220 2444 judices
2275 2387 2329 2432 et
2364 2379 2680 2448 prophetas.
2725 2380 2832 2435 Eos
2870 2383 2964 2449 qui
3015 2382 3118 2436 sub
3158 2381 3352 2451 gratia,

1789 2467 2088 2534 apostolos,
2121 2478 2410 2538 martyres,
2444 2468 2793 2524 eonfessores
2818 2510 2831 2531 ,
2869 2470 3183 2540 pontifices,
3226 2487 3355 2528 san-

1791 2565 1909 2612 ctos
1930 2556 2028 2628 (7),
2061 2558 2125 2611 ad
2163 2560 2306 2613 hunc
2337 2575 2529 2628 usque,
2574 2561 2639 2613 de
2685 2576 2794 2629 quo
2826 2562 2982 2617 nobis
3008 2570 3093 2617 est
3132 2575 3311 2618 sermo
3340 2575 3352 2615 :

1758 2688 1760 2690 τ
1791 2660 1958 2716 utque
2011 2648 2172 2712 Dens,
2229 2650 2318 2703 ubi
2380 2650 2628 2719 singulos
2662 2667 2774 2705 suae
2811 2666 3084 2722 quemque
3111 2653 3255 2707 aetati
3294 2667 3360 2706 ac

1793 2739 1875 2792 sui
1909 2738 2006 2792 σξνί
2035 2737 2352 2794 hominibus
2387 2740 2612 2810 obsequi
2651 2743 3008 2810 permisisset,
3059 2744 3126 2797 ad
3157 2759 3217 2798 se
3237 2758 3359 2797 rur-

1793 2844 1912 2882 sum
1930 2817 2189 2899 congruis
2219 2830 2556 2899 temporibus
2586 2833 2938 2886 revocaverit.
2974 2831 3083 2888 Nec
3106 2847 3237 2889 vero
3263 2847 3359 2886 vos

1795 2923 2051 2976 transitus
2079 2922 2147 2975 ab
2167 2922 2421 2976 humanis
2441 2921 2765 2992 sempiterna
2802 2924 3065 2978 memoria
3095 2926 3194 2979 viri
3225 2939 3357 2980 cou-

1796 3013 2116 3074 tristaverit,
2155 3013 2335 3081 potius
2366 3027 2495 3068 vero
2514 3013 2751 3068 laetitiam
2788 3014 2940 3068 vobis
2970 3012 3182 3076 fecerit,
3216 3014 3359 3083 quod

1798 3103 1865 3158 iis
1894 3118 2128 3172 quorum
2166 3104 2536 3168 meminimus,
2573 3106 2643 3158 sit
2697 3114 3020 3168 consertus,
3076 3105 3364 3176 factusque

1793 3208 1980 3248 eorum
2015 3194 2307 3264 particeps,
2337 3195 2481 3249 velut
2524 3196 2616 3264 qui
2649 3196 2836 3252 eadem
2874 3196 3053 3266 palam
3082 3195 3364 3253 desudarit

1794 3284 2109 3349 certamina,
2154 3285 2429 3356 vitamque
2477 3288 2725 3341 eamdem
2752 3287 2992 3342 duxerit.
3025 3285 3364 3357 Namneun

1793 3376 1840 3431 si
1865 3377 2135 3440 volumus,
2158 3391 2258 3433 nos
2281 3377 2600 3447 dereliquit:
2624 3363 2755 3448 quin
2778 3389 3028 3433 versatur
3045 3379 3362 3435 nobiscum:

1794 3471 1975 3534 modo,
2007 3478 2066 3524 ut
2113 3470 2249 3524 dixit
2293 3470 2424 3540 ipse,
2477 3472 2596 3540 ejus
2631 3470 2888 3524 mandata
2930 3471 3361 3534 servaverimus;

1794 3560 2064 3628 potentior
2109 3560 2220 3630 jam
2266 3561 2330 3614 ad
2373 3560 2817 3616 intercessionem
2859 3568 3024 3630 atque
3052 3560 3361 3615 auxilium:

1795 3664 2054 3721 tmnoque
2083 3651 2337 3721 amplius,
2381 3661 2667 3720 quantum,
2700 3651 2932 3720 exempli
2971 3665 3135 3706 causa
3168 3649 3357 3713 refert.

1793 3753 1851 3797 ut
1885 3743 2034 3812 prius
2077 3757 2170 3812 per
2221 3741 2502 3812 speculum
2548 3742 2602 3796 in
2646 3741 2951 3812 aenigmate,
3000 3756 3148 3797 nunc
3181 3750 3364 3796 autem

1793 3835 1931 3889 facie
1971 3835 2035 3887 ad
2061 3833 2276 3895 faciem,
2317 3833 2507 3902 purius
2548 3831 3000 3903 splendidiusque
3022 3830 3135 3886 Deo
3166 3832 3367 3886 serviat

1791 3938 1950 3996 atque
1982 3926 2278 3979 ministret.
2337 3929 2414 3977 Ac
2460 3925 2606 3994 prior
2642 3924 3040 3994 aliquantulum
3082 3922 3175 3976 Dei
3222 3923 3362 3976 viam

1792 4019 2092 4079 inchoavit,
2125 4018 2280 4071 nobis
2307 4016 2512 4071 faciens
2552 4017 2656 4070 iter
2684 4035 2694 4067 :
2736 4017 2846 4070 illic
2870 4023 3164 4085 paraturus
3196 4014 3366 4069 beatae

1791 4110 1992 4179 quietis
2029 4109 2397 4162 habitaculum
2429 4147 2443 4170 ,
2480 4108 2782 4162 dummodo
2812 4109 2919 4161 Deo
2953 4106 3166 4174 placitis
3199 4105 3368 4159 mori-

1792 4204 1893 4256 hus
1929 4201 2224 4254 vixerimus
2251 4242 2264 4264 ,
2301 4216 2406 4268 qua
2443 4200 2559 4268 ipse
2603 4201 2833 4263 ratione,
2885 4197 3050 4254 verbo
3095 4204 3149 4250 et
3203 4209 3367 4265 opere

1790 4293 1996 4348 docuit.
2051 4294 2173 4346 Sint
2198 4293 2314 4346 haec
2347 4292 2516 4345 beata:
2543 4290 2739 4344 animae
2765 4297 2960 4344 vestra:
2991 4285 3203 4342 solatia.
3239 4283 3365 4341 Haec

1792 4385 2039 4441 recolens
2087 4383 2380 4452 purissima
2436 4397 2591 4436 mens
2654 4383 2870 4444 vestra,
2940 4377 3240 4433 Sabbatum
3302 4392 3369 4433 ac

123 4472 502 4527 καταπαυέτω.
537 4474 646 4535 Τὰς
665 4475 720 4526 δὲ
747 4473 837 4526 τοῦ
864 4476 1166 4544 τρισολϐίου
1214 4477 1424 4543 Πατρδς
1473 4478 1689 4542 ἐντολὰς

1793 4474 2028 4546 quietem
2056 4480 2198 4542 agat.
2246 4471 2352 4526 Ter
2389 4471 2530 4527 beati
2590 4470 2762 4541 patris
2790 4468 3044 4523 mandata
3073 4475 3129 4522 et
3175 4467 3368 4522 admo-

122 4567 219 4620 καὶ
248 4565 548 4631 νουθεσίας,
579 4568 672 4620 καὶ
696 4567 838 4636 μάλα
878 4568 1090 4639 ἡμέρας
1156 4571 1249 4622 καὶ
1309 4571 1504 4634 νυκτὸς
1556 4571 1690 4624 ἀνα-

127 4658 582 4728 μιμνησκόμενοι,
616 4659 707 4711 καὶ
735 4661 1015 4728 προσεχῶς
1043 4662 1101 4712 ὲν
1141 4661 1364 4724 ταύταις
1398 4662 1690 4730 ἐνασχλού-

123 4763 279 4816 μενοι
313 4747 406 4799 καὶ
438 4747 766 4814 μελετῶντες
791 4762 803 4774 ·
835 4746 976 4799 οὕτω
997 4748 1104 4816 γὰρ
1134 4750 1227 4800 καὶ
1251 4749 1369 4820 Θεῷ
1399 4749 1696 4821 εὐαρεστή-

121 4853 292 4904 σομεν
335 4830 379 4904 ᾧ
432 4837 969 4908 προσκεκολλήμεθα,
1027 4840 1120 4891 καὶ
1185 4838 1274 4891 τὸν
1337 4840 1694 4909 προκείμενον

118 4928 312 4994 ἀγῶνα
336 4926 498 4989 ὁσίως
527 4928 904 4999 ὲκτελὲσομεν,
927 4931 1016 4982 καὶ
1037 4929 1426 5000 δοξασθήσεται
1456 4929 1523 4984 δι’
1539 4932 1695 5000 ήμῶν

121 5018 222 5070 καὶ
249 5016 805 5088 ἀντιδοξάσειενήμᾶς
837 5020 1107 5081 ἐντεῦθεν,
1139 5021 1232 5072 καὶ
1261 5022 1318 5072 ἐν
1344 5020 1424 5090 τῷ
1450 5019 1694 5089 μέλλοντι

127 5106 407 5174 ἑτοιμάσει
437 5107 568 5174 ἡμῖν
601 5106 880 5176 βασιλείαν
907 5109 1168 5180 οὐρανῶν.
1227 5110 1338 5161 Καὶ
1390 5109 1561 5163 ταῦτα
1597 5112 1694 5181 μὲν

125 5194 359 5265 διῆλθον,
378 5198 424 5248 εἰ
445 5200 539 5251 καὶ
557 5198 695 5269 ὑπὲρ
712 5199 998 5269 ἐπιστολὴν
1033 5201 1180 5270 παρά
1199 5218 1358 5253 τινων
1384 5200 1657 5270 λογισθείη
1676 5218 1691 5233 ο

130 5289 266 5358 πρὸς
292 5289 349 5341 δὲ
372 5291 440 5342 τὰ
468 5291 770 5362 ὀφείλοντα,
804 5292 922 5344 οὐδὲ
952 5293 1115 5362 μέρος
1176 5292 1466 5360 ἐπιστολῆς
1490 5308 1506 5326 ο
1559 5293 1693 5363 ὁμοῦ

136 5383 254 5451 μὲν,
296 5382 364 5436 τὰ
394 5383 652 5437 κατὰτὸν
693 5385 963 5455 μακάριον
999 5386 1203 5438 ἐκεῖνον
1235 5385 1695 5454 ἁνδραγαθήματα

1795 4568 2029 4621 uitiones
2059 4564 2152 4619 diu
2188 4572 2464 4633 noctuque
2511 4563 2777 4617 memoria
2816 4560 3150 4624 retinentes,
3192 4558 3365 4612 otium

1794 4658 1848 4711 in
1876 4657 1983 4710 illis
2015 4669 2280 4725 ponamus
2317 4669 2383 4708 ac
2416 4654 2740 4708 meditemur
2774 4670 2788 4706 :
2822 4652 2901 4705 sic
2943 4649 3087 4704 enim
3109 4688 3124 4715 ,
3156 4659 3210 4704 et
3246 4649 3367 4718 pla-

1795 4749 2069 4804 cuerimus
2090 4746 2195 4801 Deo
2214 4745 2299 4800 cui
2325 4745 2676 4808 adhaesimus,
2703 4753 2999 4811 sancteque
3019 4740 3367 4811 propositum

1796 4849 2069 4894 certamen
2099 4837 2498 4892 confecerimus
2528 4855 2541 4890 :
2581 4836 2738 4904 isque
2769 4850 2799 4888 a
2837 4833 2996 4888 nobis
3029 4831 3367 4902 gloriﬁcabi-

1801 4939 1906 4992 tnr,
1938 4943 2000 4981 ac
2030 4926 2267 4981 vicissim
2293 4924 2639 4995 glorificabit,
2671 4923 2967 4993 futuroque
2991 4921 3191 4977 saeculo
3232 4936 3368 4991 prae.

1799 5019 2011 5090 parabit
2032 5018 2251 5074 cmleste
2276 5032 2520 5087 regnum.
2557 5018 2738 5085 Atque
2763 5015 2879 5070 haec
2905 5015 3201 5079 hactenus;
3230 5028 3370 5083 quo-

1800 5107 2049 5163 rumdam
2072 5106 2209 5161 forte
2229 5105 2440 5175 judicio
2469 5119 2632 5172 supra
2692 5103 2938 5172 epistolae
2965 5101 3219 5166 modum;
3243 5116 3368 5170 quae

1801 5209 1980 5254 tamen
2013 5213 2110 5252 nec
2141 5196 2382 5266 epistola?
2421 5196 2688 5265 attingant
2726 5201 2956 5263 partem,
3001 5201 3059 5246 ut
3088 5200 3368 5263 spectetur

1802 5291 2085 5346 debitum:
2122 5297 2276 5350 tum,
2335 5287 2550 5353 inquam
2575 5327 2589 5349 ,
2629 5285 2774 5354 quod
2823 5284 2963 5340 beati
3011 5284 3115 5338 viri
3151 5285 3367 5352 egregia

1804 5384 2019 5446 merito,
2055 5379 2387 5445 humilisque
2444 5393 2507 5432 ac
2549 5377 2758 5432 afﬂictae
2813 5376 3008 5430 anima:
3056 5383 3263 5430 nostra:
3312 5375 3366 5429 in

1637 5513 1863 5575 ΝΟΤίΕ.

209 5626 555 5698 (ηδαηειοε.
593 5629 789 5690 ὁσίους.
852 5629 982 5683 Eam
1030 5645 1214 5684 vocem
1267 5629 1539 5698 praecipue
1573 5647 1692 5684 mo-

143 5697 702 5768 nachisiassignant,
766 5713 894 5753 snas
939 5701 1134 5768 cuique
1182 5697 1392 5761 ordini,
1440 5707 1505 5768 _nt
1568 5710 1694 5754 sunt

143 5768 312 5822 Graeci
343 5767 742 5836 ἀκριϐέστατοι,
781 5766 1322 5840 Ιιαὶιοηιρε“ρι·οριὶιιε
1371 5785 1382 5820 :
1433 5766 1521 5822 Sic
1572 5784 1694 5838 pas-

471 5861 734 5920 Ριτιιοι.
769 5861 882 5918 Gn.
919 5860 1141 5921 XCIX.

1799 5631 1900 5704 sim
1933 5624 2209 5695 apostolos
2240 5633 2436 5680 vocant
2458 5623 2902 5704 _7tav_sucp'qp.00c'
2936 5617 3362 5704 ἱερομὰρτυεας,

1799 5692 2098 5768 episcopos
2115 5704 2379 5768 martyres
2410 5713 2422 5748 :
2454 5692 2696 5758 δικαίους
2715 5692 2747 5758 ’,’
2772 5692 3002 5750 sanctos
3022 5692 3359 5762 conjugatos,

1802 5766 1895 5825 seu
1923 5783 2020 5823 nec
2054 5766 2289 5836 virgines
2321 5780 2418 5820 nec
2464 5776 2747 5837 martyres;
2779 5773 2884 5820 etc.

2890 5850 2966 5915 88
