3976 6314
104 380 234 442 1837

99 579 290 650 εὐχαῖς
325 576 480 647 ὑμῶν
511 575 910 644 ἀνακεκλημαι.
948 573 1088 625 Ἀλλ’
1117 573 1226 633 ἓως
1252 572 1384 624 πότε
1422 570 1686 641 μέλλομεν

99 667 363 740 ἔρχεσθαι
393 666 484 718 ἐπὶ
500 663 560 717 τὺ
591 661 816 726 πάλιν;
854 661 1166 715 Ἐλεύσεται
1195 661 1259 730 δὴ
1293 658 1552 727 πάντωςή
1573 659 1687 708 ἐπι-

101 761 360 821 θάνατιος
388 756 592 827 ἡμέρα,
613 756 701 809 ὅτε
731 754 830 824 οὑχ
863 753 975 817 ἕξει
1008 752 1190 823 χώραν
1224 750 1283 803 τὸ
1312 749 1516 814 πάλιν,
1576 764 1684 817 χω-

103 849 340 920 ρίζουσά
375 867 441 918 με
471 849 564 916 ἀφ’
600 845 775 915 ὑμῶν,
811 846 904 898 καὶ
927 841 1374 914 παραπέμπουσά
1409 857 1476 908 με
1497 837 1688 891 ἐκτῶν

102 940 348 996 ἐνθένδε.
381 939 456 994 Ob
490 937 594 1008 μὴν
607 938 694 990 διὰ
719 933 876 988 τοῦτο
906 936 1183 1002 λογιστέον
1212 930 1476 1003 ὀρφανίαν
1497 945 1512 960 ·
1532 929 1691 998 ἀψευο

100 1031 200 1103 δὴς
229 1031 347 1101 γὰρ
375 1033 403 1084 ὁ
425 1027 612 1082 εἰπών·
650 1030 769 1080 Οὐκ
802 1026 1018 1094 ἀφήσω
1049 1023 1203 1092 ὑμᾶς
1232 1022 1530 1090 ὀρφανούς
1549 1020 1687 1082 ’καὶ,

114 1123 268 1179 Ἰδοὺ
305 1121 422 1190 ἐγὼ
447 1118 573 1189 μεθ’
609 1115 773 1188 ὑμῶν
800 1121 916 1185 εὶμι
955 1116 1157 1178 πάσας
1186 1115 1292 1179 τὰς
1321 1111 1689 1180 ἡμέρας-,ἓως

103 1214 220 1284 τῆς
248 1211 615 1276 συντελείας
639 1209 744 1264 τοῦ
773 1207 987 1272 αἰῶνος
1020 1223 1032 1237 ’
1067 1206 1242 1267 ἄλλως
1273 1222 1330 1256 τε
1365 1203 1459 1256 καὶ
1489 1202 1690 1270 ὀψόμε-

107 1307 177 1360 θα
223 1304 494 1372 ἀλλήλους
533 1303 590 1355 ὲν
620 1304 688 1371 τῇ
721 1300 906 1369 ἡμέρα
936 1297 1148 1366 ἐκείνῃ·
1208 1294 1322 1347 ἀλλ’
1377 1294 1463 1362 εἴη
1519 1293 1691 1344 εἰπεῖν

107 1397 167 1450 ὲν
193 1396 348 1466 χαρᾷ
373 1392 722 1462 ανεκλαλήτῳ
753 1390 847 1442 καὶ
877 1388 989 1455 ζωῇ
1028 1384 1386 1454 ἀτελευτήτῳ.
1424 1384 1488 1434 Ὃ
1520 1381 1574 1434 δὲ
1596 1381 1692 1433 πέ-

110 1487 290 1540 πονθα
332 1487 390 1537 ὲν
425 1482 492 1553 τῇ
533 1480 789 1551 ἀσθενείᾳ
840 1479 956 1531 ίστε
985 1496 1000 1507 ·
1049 1476 1164 1538 πῶς
1225 1474 1328 1527 ὑπὸ
1362 1474 1544 1544 ῥίγους
1598 1490 1692 1524 συ-

113 1576 356 1647 σχεθεὶς,
393 1574 762 1629 ἀνυπόστατον
817 1569 1003 1624 κλόνον
1062 1567 1303 1635 ὑπέστην
1332 1581 1346 1594 '
1407 1560 1523 1617 εἷτα
1580 1563 1695 1624 πῶς

112 1670 318 1723 θᾶττον
351 1664 583 1736 ὲὸλήθην
606 1663 709 1716 ὑπὸ
742 1661 998 1724 διακαοῦς
1020 1658 1254 1731 πυρετοῦ
1288 1658 1417 1726 ὃλην
1441 1656 1655 1727 ἡμέραν
1679 1696 1691 1708 .

123 1759 513 1829 Ἐνεθυμήθην
540 1752 632 1810 οῦν
681 1758 760 1818 είς
790 1753 1028 1822 ἐμαυτὸν
1054 1753 1296 1822 πάσχων,
1353 1752 1436 1804 ὅτι
1489 1751 1695 1819 μήποτε

1064 376 1161 433 DE
1200 375 1426 432 OBlTU
1478 373 1538 429 S.
1590 367 1982 427 THEODORI
2035 365 2400 424 STUDlT/E.

173 507 196 540 ι
244 485 498 553 Ἀδελφοὶ
547 484 642 536 καὶ
689 484 931 552 Πατέρες
961 497 972 509 '
1023 483 1314 551 ἠσθένησα,
1369 481 1464 533 καὶ
1523 477 1682 533 πάλιν
1712 480 1758 535 Α

3211 357 3344 418 1838

1860 495 1878 525 ι
1908 473 2144 536 Fratres,
2187 480 2496 540 patresque,
2530 466 2783 535 aegrotavi
2807 463 3351 533 ,iterumquevestris

1789 562 2040 632 precibus
2066 559 2337 616 convalui.
2379 555 2695 618 Enimvero,
2740 553 2982 623 quandiu
3008 551 3222 608 venturi
3260 567 3353 604 su-

1789 669 1911 708 mus
1937 654 2003 707 ad
2036 652 2166 707 illud
2191 692 2206 716 ,
2261 649 2505 704 lterum?
2551 648 2693 703 Sane
2742 648 2966 702 omnino
3015 655 3237 700 ventura
3271 650 3356 697 est

1790 743 1983 798 mortis
2013 743 2150 806 dies,
2183 739 2400 811 quando
2447 739 2524 793 illi
2553 740 2739 792 iterum
2770 752 2877 792 non
2912 737 2984 791 sit
3023 735 3243 790 futurus
3276 733 3356 788 lo-

1789 845 1887 890 cus
1925 851 1938 888 :
1975 834 2166 888 mortis
2210 833 2430 901 inquam
2463 831 2579 885 dies
2603 871 2618 897 ,
2649 843 2757 898 qua
2792 844 2824 883 a
2869 828 3023 882 vobis
3067 827 3168 882 sim
3200 841 3356 896 sepa-

1791 925 2016 987 randus,
2056 933 2221 993 atque
2272 923 2339 976 ab
2391 921 2648 976 humanis
2679 920 3035 990 migraturus.
3076 918 3195 973 Non
3237 919 3358 972 idco

1792 1023 1972 1068 tamen
2012 1013 2311 1081 reputanda
2359 1011 2834 1080 orbitaszquippc
2882 1025 3050 1064 verax
3089 1018 3210 1075 est,
3265 1024 3337 1076 qu

1791 1103 1926 1157 dixit
1959 1121 1971 1158 :
2007 1102 2129 1157 Non
2161 1104 2455 1173 relinquant
2503 1117 2590 1154 vos
2639 1102 2898 1166 orplianos
2944 1102 2983 1131 ¹¹
3018 1116 3032 1165 ;
3078 1108 3134 1154 et.
3169 1120 3182 1153 :
3226 1099 3359 1152 Ecce

1790 1213 1882 1265 ego
1916 1198 2180 1251 vobiscum
2218 1213 2335 1250 sum
2368 1195 2606 1249 omnibus
2637 1193 2820 1246 diebus
2842 1208 3002 1262 usque
3025 1191 3094 1245 ad
3122 1207 3364 1245 consum-

1794 1289 2076 1343 mationem
2105 1289 2287 1344 surculi
2315 1290 2356 1319 "
2383 1306 2396 1341 :
2440 1307 2456 1340 ι
2488 1286 2754 1341 Ρτδιῐθτεε
2788 1287 2955 1340 etiam
2984 1284 3226 1339 futurum
3259 1295 3361 1347 est,

1793 1389 1855 1435 ut
1889 1396 1990 1435 nos
2022 1379 2112 1436 illa
2155 1380 2241 1434 die
2272 1387 2461 1433 mutuo
2508 1377 2791 1431 videamus
2825 1394 2838 1428 :
2875 1376 3084 1430 utinam
3129 1390 3261 1430 vero
3310 1376 3363 1429 iu

1794 1473 1991 1543 gaudio
2042 1471 2432 1535 inenarrabili,
2483 1479 2537 1524 et
2585 1470 2695 1523 vita
2745 1469 3162 1523 interminabili.
3209 1466 3364 1532 Quod

1795 1580 1959 1634 porro
1998 1564 2131 1618 mihi
2169 1564 2223 1617 in
2273 1562 2588 1617 infirmitate
2618 1562 2859 1627 accidit,
2901 1577 3007 1614 non
3055 1575 3151 1614 vos
3191 1560 3365 1614 latet:

1796 1666 1857 1710 ut
1895 1656 2072 1722 rigore
2101 1654 2534 1723 constringente,
2567 1651 2964 1706 intolerabilem
3019 1665 3215 1719 passus
3263 1651 3368 1703 sim

1797 1747 2202 1816 quassationem
2228 1760 2241 1798 :
2268 1754 2435 1814 utque
2458 1744 2803 1815 postmodum
2830 1743 2898 1796 ab
2921 1742 3114 1797 ardore
3137 1741 3367 1796 febrium

454 1808 964 1918 *μελλούσῃ-κρίσει,
993 1845 1102 1898 ἀπὸ
1123 1808 1224 1912 τῆς
1249 1808 1357 1895 τῶν
1400 1808 1697 1910 Ταρτάρων

1826 1808 1942 1890 liem
1976 1843 2144 1889 totam
2180 1808 2474 1903 jacuerim:
2519 1833 2611 1888 Sic
2650 1847 2752 1903 ego
2803 1832 3011 1887 habens
3063 1832 3368 1902 cogitabam

115 1942 416 2014 τιμωρίας,
447 1940 562 1993 ἔστι
602 1938 964 2008 μεταπίπτειν
993 1937 1074 1999 εἰς
1105 1936 1205 2007 τὴν
1229 1935 1454 2002 γέενναν
1477 1930 1570 1984 τοῦ
1597 1947 1700 1982 πυ-

119 2035 215 2104 ρός
239 2053 254 2067 ο
287 2035 385 2088 καὶ
414 2034 558 2086 δυοῖν
589 2030 751 2100 τυχὸν
779 2027 1080 2100 τιμωριῶν,
1104 2027 1137 2096 ἢ
1167 2026 1262 2080 καὶ
1277 2024 1532 2077 πλειόνων
1555 2019 1701 2074 ἐστὶν

119 2123 435 2188 ὑπεύθυνος
467 2126 496 2178 6
525 2122 873 2191 ταλαίπωρος
906 2118 1210 2187 ἄνθρωπος.

193 2296 348 2368 Πλὴν
392 2296 503 2349 εἴτε
534 2296 683 2364 μιᾶς,
737 2293 844 2346 εἴτε
875 2292 1018 2344 δυοῖν
1045 2331 1061 2356 ,
1117 2287 1510 2359 τεκμαίρεσθαι
1561 2287 1706 2338 ἐστιν

122 2391 192 2442 ὲκ
225 2389 338 2442 τῶν
385 2385 622 2439 ἐνταῦθα
649 2382 939 2451 ἀλγεινῶν,
972 2382 1070 2451 τὴν
1099 2381 1468 2433 ἀνυπόστατον
1491 2379 1583 2430 ἐπὶ
1596 2379 1708 2441 τοῖς

126 2475 478 2548 ἁμαρτωλοῖς
511 2473 681 2543 ὀργὴν
705 2471 799 2526 τοῦ
829 2470 962 2524 Θεοῦ
994 2487 1005 2498 ·
1035 2472 1129 2523 καὶ
1161 2469 1311 2538 φόϐῳ
1357 2467 1558 2538 πολλῷ,
1616 2467 1710 2520 καὶ

145 2568 342 2637 τρόμῳ
374 2563 694 2634 συνέχεσθαι
726 2560 993 2626 ἐντεῦθεν,
1028 2563 1107 2623 είς
1138 2561 1196 2613 τὸ
1230 2559 1304 2630 μὴ
1334 2560 1586 2611 ἐκπεσεῖν
1634 2559 1712 2620 εἰς

127 2659 233 2721 τὰς
307 2655 670 2717 ἁνυποίστους
733 2652 985 2715 κολάσεις
1037 2652 1274 2715 ὲκείνας..
1333 2650 1637 2720 Τοιγαροῦν
1687 2650 1715 2701 ὁ

133 2747 331 2820 παρὼν
360 2746 630 2816 διωγμὸςο
656 2739 738 2808 οἷς
776 2745 893 2816 μὲν,
936 2742 1038 2813 ῦλη
1088 2744 1288 2813 ἀρετῆς
1333 2742 1552 2812 εὑρέθη,
1618 2742 1718 2794 Ἐν

132 2833 184 2906 ᾧ
215 2839 576 2906 ἐξέλαμψαν
603 2835 682 2900 ὠς
709 2833 1020 2904 φωστῆρες
1039 2835 1108 2886 ἐν
1130 2836 1352 2901 κόσμῳ,
1369 2835 1555 2900 λόγον
1573 2828 1718 2899 ζωῆς

139 2929 502 2997 ἐπέχοντες,
533 2929 620 2991 εὶς
645 2925 927 2994 καύχημα
959 2925 1088 2992 ἐμοὶ
1127 2924 1197 2993 (εί
1222 2923 1377 2992 θέμις
1403 2923 1595 2989 εἰπεῖν)
1633 2923 1721 2985 εἰς

135 3022 374 3090 ἡμέραν
405 3017 663 3088 Χριστοῦ
684 3034 698 3049 ·
721 3017 773 3070 τί
807 3017 864 3069 οὐ
885 3015 1044 3069 καλὸν
1072 3015 1432 3085 ἐργασάμενοι
1458 3032 1472 3079 ;
1505 3016 1584 3076 εἰς
1607 3013 1722 3065 οἵαν

1802 1926 1938 1995 apud
1969 1926 2259 1993 meipsum,
2305 1939 2436 1977 num
2467 1933 2520 1977 ct
2547 1923 2600 1976 in
2636 1922 2820 1977 futuro
2845 1921 3075 1991 judicio,
3118 1938 3146 1975 a
3202 1931 3370 1975 tarta-

1805 2020 1911 2072 reis
1936 2015 2273 2070 cruciatibus
2290 2015 2361 2069 sit
2389 2013 2627 2068 incidere
2648 2014 2701 2069 in
2729 2016 3032 2084 gehennam
3057 2014 3198 2084 ignis
3221 2013 3370 2084 (12):

1804 2123 2004 2163 numve
2042 2107 2208 2162 miser
2237 2106 2402 2160 homo
2427 2106 2628 2176 duplici
2665 2121 2862 2176 poenae,
2889 2106 2967 2160 ait
3007 2106 3174 2162 etiam
3202 2105 3373 2175 pluri-

1805 2202 1932 2265 bus,
1960 2198 2232 2254 obnoxius
2267 2198 2361 2253 sit.

1877 2291 2169 2355 Caeterum,
2207 2290 2321 2346 sive
2363 2305 2470 2344 una
2527 2297 2745 2344 maneat
2787 2304 2970 2358 poena,
3002 2289 3116 2343 sive
3156 2287 3375 2356 duplex,

1809 2393 1957 2439 certo
1980 2381 2274 2450 coniectari
2309 2381 2454 2444 licet,
2479 2396 2543 2435 ex
2575 2380 2860 2450 pra-sentis
2901 2379 3026 2434 vitae
3064 2379 3341 2434 doloribus
3361 2415 3377 2442 .

1811 2474 1928 2528 fore
1960 2473 2055 2526 Dei
2103 2475 2240 2526 iram
2281 2474 2335 2525 in
2382 2481 2697 2540 peccatores
2738 2471 3136 2527 intolerabilem
3170 2489 3184 2525 :
3217 2477 3380 2539 atque

1814 2563 1971 2627 adeo,
2006 2560 2178 2613 multo
2231 2560 2427 2614 timore
2475 2574 2541 2614 ao
2581 2567 2822 2614 tremore
2859 2559 3217 2614 habuerimus
3247 2573 3378 2613 con-

1819 2652 2037 2722 stringi,
2071 2661 2129 2706 ut
2157 2666 2225 2704 ne
2254 2652 2308 2705 in
2339 2666 2530 2721 plenas
2563 2652 2683 2707 illas
2722 2652 3094 2707 intolerabiles
3125 2651 3384 2706 incideri-

1820 2761 1964 2800 mus.
1994 2745 2241 2799 Praesens
2270 2759 2400 2814 ergo
2433 2745 2762 2814 persecutio,
2790 2744 2910 2800 aliis
2941 2745 3184 2815 quidem,
3215 2745 3387 2799 virtu-

1819 2838 1888 2889 tis
1918 2835 2142 2889 materia
2180 2836 2397 2889 inventa
2423 2844 2529 2899 est,
2567 2836 2687 2900 Qua
2726 2836 2861 2890 sicut
2890 2835 3180 2890 luminaria
3205 2836 3388 2890 eluse-

1823 2937 1942 2980 runt
1975 2929 2030 2980 in
2060 2927 2278 2990 mundo,
2310 2943 2599 2980 sermonem
2640 2929 2762 2982 vita:
2792 2929 3038 2983 habentes
3065 2930 3134 2982 ad
3167 2931 3391 3000 gloriam

1825 3033 1994 3070 meam
2028 3016 2096 3080 (si
2127 3015 2208 3071 fas
2237 3026 2321 3070 est
2349 3017 2550 3086 dicere)
2583 3018 2743 3071 indie
2764 3017 2966 3073 Christi
3003 3021 3067 3072 ¹³.
3100 3018 3218 3084 Que
3250 3020 3394 3073 bono

138 3111 196 3165 δὲ
231 3111 514 3182 βελτίωσιν
542 3111 603 3162 οὑ
637 3108 1032 3180 προελθόντεςς
1065 3108 1145 3160 ὅτι
1197 3107 1291 3158 καὶ¹
1329 3107 1573 3169 ἑαυτοὺς,
1632 3105 1719 3158 καὶ

1834 3129 1940 3167 non
1982 3112 2260 3168 defuncti?
2298 3112 2416 3178 Quo
2445 3129 2551 3167 non
2583 3113 2826 3183 profectu
2867 3129 2930 3170 ac
2959 3113 3292 3185 proiectione
3325 3109 3396 3166 ad

142 3204 383 3269 ἔσωσαν,
416 3204 511 3256 καὶ
549 3202 835 3265 σώζουσιν,
871 3199 1338 3269 ὲγγυμνασθὲντες
1365 3201 1476 3260 τοῖς
1526 3215 1714 3262 πειρα-

145 3296 331 3363 σμοῖς,
387 3292 728 3363 πυρωθὲντες
751 3294 871 3352 ταῖς
906 3290 1114 3358 θλίψεσι
1149 3290 1492 3360 χρυσοειδῶς,
1527 3289 1716 3350 ἄλλους

145 3397 206 3433 τε
245 3382 614 3452 προσιέμενοι,
647 3379 742 3432 καὶ
783 3379 1023 3448 σωτῆρες
1059 3378 1264 3432 πολλῶν
1292 3377 1567 3446 ὀφθέντες,
1598 3378 1722 3444 ὁμου

149 3473 340 3542 ταγῶν
369 3489 428 3525 τε
454 3473 547 3526 καὶ
567 3472 900 3542 ἑτεροταγῶν
919 3487 933 3501 ·
955 3470 1076 3540 μεθ’
1098 3465 1170 3523 ὧν
1195 3470 1275 3540 εἴη
1304 3487 1392 3539 μοι
1424 3486 1487 3538 με
1498 3471 1599 3538 ρἰς,
1629 3469 1722 3520 καὶ

150 3567 206 3617 εἰ
233 3582 339 3618 τινι
372 3565 521 3633 φίλον
549 3565 671 3633 ἐμοὶ
696 3562 1084 3616 συντάττεσθαι
1110 3579 1124 3592 ·
1155 3558 1235 3622 οἷς
1265 3561 1342 3621 δὲ,
1375 3561 1468 3612 καὶ
1514 3559 1723 3620 τούτοις

152 3658 490 3725 ὁλιγοστοῖς,
539 3654 638 3725 ῦλη
693 3654 909 3718 κακίας,
963 3655 1028 3724 τῇ
1081 3652 1384 3722 αὐθαιρέτῳ
1443 3650 1577 3720 ζωῇ,
1633 3651 1727 3702 καὶ

154 3750 324 3802 οἱονεὶ
370 3746 722 3816 άπονοσφίσει
753 3747 854 3815 τῆς
914 3747 1192 3815 ὑποταγῆς
1254 3746 1582 3814 ἐνεργήσασι
1631 3743 1727 3805 τὰς

159 3841 374 3896 ἑαυτῶν
415 3839 694 3910 αἰσχύνας.
723 3839 887 3893 Ὅθεν
909 3839 1201 3908 Γραφικῶς
1255 3836 1507 3906 εὔκαιρον
1535 3836 1725 3887 εἰπεῖν·

171 3934 514 3989 Ἐσκότωσε
546 3933 613 3986 τὸ
644 3929 805 3995 εἶδος
835 3932 939 3986 τοῦ
966 3930 1289 3999 προσώπου
1319 3929 1534 3991 αὐτῶν,
1589 3928 1731 3981 ὡσεὶ

161 4027 419 4093 ἀσϐόλγν
437 4026 570 4096 πρὸς
593 4021 684 4088 οῦς
699 4025 790 4078 καὶ
811 4025 1072 4095 βοήσομαι
1093 4041 1105 4054 ·
1134 4024 1251 4076 Υἱοὶ
1280 4022 1508 4090 ἄνομοι,
1524 4021 1732 4086 ἐγκατ-

161 4117 401 4170 ελίπετε
446 4116 552 4168 τὸν
585 4117 798 4184 Κύριον
823 4131 836 4142 ·
870 4114 1133 4183 ἠλλάξατε
1168 4113 1234 4165 τὰ
1264 4113 1466 4181 νόμιμα
1492 4110 1590 4179 τῆς
1637 4126 1736 4178 μο-

165 4208 390 4278 ναδικῆς
411 4206 744 4269 διαϐιώσεως
771 4225 786 4240 ·
816 4207 1038 4276 τροχιὰς
1076 4204 1241 4274 ὀρθὰς
1289 4204 1388 4256 οὐκ
1428 4202 1598 4272 ἔχετε,
1622 4201 1736 4254 ἀλλ’

165 4300 244 4361 ὼς
273 4299 439 4367 χωλοὶ
473 4298 802 4368 ὲκτρέπεσθε
834 4293 935 4351 ὦδε
966 4301 1190 4351 κακείσε
1219 4297 1506 4364 φερόμενοι
1539 4312 1553 4325 ο
1602 4295 1737 4347 ἀποο

167 4389 442 4442 διίστασθε
470 4389 580 4442 τῶν
635 4389 889 4442 συνοδιῶν
940 4390 1130 4458 ὑμῶν·
1185 4386 1593 4455 φιλογυνιάζετε
1624 4403 1639 4418 ο
1690 4387 1739 4438 οἱ

1819 3205 2065 3259 meliora?
2082 3204 2215 3258 Nam
2244 3214 2298 3259 et
2322 3214 2608 3259 servarunt
2636 3207 2845 3275 seipsos
2872 3215 3215 3274 servantque,
3245 3220 3399 3258 exer-

1821 3296 1970 3352 citati
2050 3296 2482 3362 tentationibus,
2523 3298 2640 3349 auri
2711 3297 2884 3351 instar
2939 3296 3396 3361 tribulaliunibus,

1823 3389 1968 3442 velut
2015 3387 2135 3456 igne
2197 3387 2409 3457 probati
2457 3388 2775 3457 purgatique
2817 3405 2831 3454 ;
2881 3389 2972 3458 qui
3031 3397 3085 3443 et
3135 3386 3403 3456 recipiant

1829 3479 1987 3541 alios,
2024 3487 2078 3531 ct
2109 3479 2401 3531 multorum
2430 3495 2487 3532 se
2512 3488 2819 3534 servatores
2850 3478 3218 3541 exhibuerint,
3249 3475 3402 3544 ejus-

1829 3571 1952 3624 dem
1979 3584 2167 3624 secum
2201 3584 2266 3624 ac
2290 3569 2490 3624 diversi
2523 3569 2730 3625 ordinis
2769 3587 2782 3624 :
2823 3570 3150 3639 quibuscum
3192 3578 3401 3639 partem

1831 3662 1966 3716 mihi
2001 3661 2144 3715 Deus
2173 3661 2532 3727 concesserit,
2563 3678 2627 3716 ac
2655 3661 2703 3717 si
2741 3662 2852 3726 cui,
2885 3675 2943 3716 ut
2973 3661 3106 3715 mihi
3137 3661 3405 3729 adjunga~

1831 3761 1938 3813 tur,
1976 3750 2228 3819 placitum
2267 3751 2426 3804 fuerit
2470 3766 2486 3803 :
2527 3752 2648 3806 aliis
2707 3765 2885 3808 autem
2954 3755 3128 3825 iisque
3179 3755 3404 3823 paucis,

1836 3842 2064 3898 materia
2107 3841 2211 3896 fuit
2261 3850 2316 3894 et
2347 3842 2566 3896 occasio
2600 3844 2824 3900 sceleris
2853 3860 2916 3900 ac
2950 3846 3170 3916 probri:
3204 3847 3290 3909 iis,
3322 3847 3409 3901 in-

1837 3947 2024 4002 quam,
2056 3933 2152 4000 qui
2195 3931 2317 3985 vitae
2358 3931 2626 3998 libertate,
2674 3948 2740 3990 ac
2786 3935 2934 3991 velut
2977 3937 3226 3992 sullurati
3277 3938 3410 3993 obe-

1839 4023 2096 4077 dientiam
2127 4022 2261 4090 (l5),
2304 4036 2400 4075 sua
2433 4022 2678 4091 ipsorum
2712 4025 2977 4082 dedecora
3012 4030 3222 4097 operati
3261 4039 3408 4084 sunt.

1841 4117 2021 4180 Quare
2063 4121 2370 4182 opportune
2389 4129 2497 4175 ceu
2534 4113 2832 4184 Scripturae
2860 4118 3039 4174 verbis
3067 4119 3363 4174 dixerimus
3395 4137 3410 4175 :

1849 4206 2195 4260 Obtenebrata
2224 4214 2300 4258 est
2331 4207 2524 4273 species
2569 4207 2742 4259 cultus
2770 4225 2950 4262 eorum
2980 4211 3116 4262 sicut
3143 4210 3310 4279 fuligo
3337 4211 3414 4265 ’δι

1846 4298 1912 4352 ad
1944 4311 2081 4366 quos
2113 4297 2272 4351 etiam
2309 4298 2588 4352 clamabo:
2627 4296 2757 4352 Filii
2793 4301 3021 4365 scelesti,
3057 4301 3412 4371 dereliquistis

1853 4389 2134 4441 Dominum
2167 4388 2210 4418 ¹⁸
2235 4405 2246 4440 :
2280 4387 2611 4442 immutastis
2641 4387 2879 4458 legitima
2907 4391 3032 4444 vitae
3061 4392 3414 4447 monasticae:

172 4482 295 4550 μὲν,
329 4480 703 4550 μεμονωμένοι
731 4481 1088 4549 τυγχάνοντες
1112 4497 1125 4510 ο
1160 4483 1207 4532 οἱ
1238 4481 1314 4543 δὲ,
1334 4479 1552 4541 δούλους
1581 4477 1718 4530 ὠνοῦ

1853 4481 1968 4536 Νοη
2007 4481 2216 4535 habetis
2246 4495 2466 4550 gressus
2500 4489 2676 4534 rectos
2711 4482 2773 4547 ¹⁶;
2800 4481 2892 4535 sed
2923 4483 3071 4534 velut
3100 4482 3279 4535 claudi
3314 4485 3419 4538 huc

175 4588 367 4642 μενοι·
402 4572 555 4636 ἔνιοι,
583 4571 891 4642 ἐμπορικὴν
933 4571 1078 4642 ζωὴν
1114 4572 1487 4641 διαμείὸοντες
1533 4569 1624 4622 διὰ
1645 4572 1743 4640 τὴν

245 4688 286 4719 ¹¹
321 4685 479 4740 Joan.
522 4701 634 4751 τιν,
661 4686 750 4740 l8.
847 4686 889 4716 "
922 4683 1112 4738 Matth.
1149 4699 1344 4750 xxvut,
1376 4685 1466 4738 20.

175 4772 278 4824 In,
317 4757 405 4809 1⁸5.

1588 4687 1630 4718 ¹⁸
1667 4687 1808 4743 Phil.
1843 4704 1904 4754 tl,
1940 4686 2026 4740 15.

1852 4584 2014 4644 atque
2049 4574 2175 4627 illuc
2205 4571 2541 4627 dellectentes
2569 4572 2688 4638 iter,
2721 4571 2975 4627 ferimini.
3048 4573 3417 4643 Abjungimini

2120 4683 2392 4738 "Thrcn.
2441 4700 2513 4748 tv,
2545 4685 2594 4737 8.
2703 4685 2742 4717 "
2795 4685 2898 4741 lsa.
2936 4703 2972 4750 ι,
3019 4687 3075 4742 4.
3180 4688 3223 4719 ⁸⁸
3252 4686 3418 4743 Hebr.

1687 4849 1921 4905 ΝΟΤᾸΕ.

178 4940 473 5001 districtio,
526 4939 579 4990 in
632 4938 699 4991 iis
742 4936 998 4998 maxime,
1049 4952 1170 5006 quae
1227 4947 1353 4990 sunt
1401 4938 1648 5002 canonis,
1695 4949 1750 4994 et

183 5020 369 5066 sancte
414 5008 682 5071 obtinent,
717 5007 1057 5061 continenda.-
1103 5006 1344 5073 religioni
1393 5023 1617 5076 prorsus
1652 5025 1748 5062 ue-

183 5079 442 5136 cessaria.
501 5077 688 5147 Apud?
728 5079 954 5130 Paulum
1029 5077 1380 5144 ἀπαράϐατος
1440 5077 1704 5147 ἱερωσύνη
1733 5119 1747 5140 ,

187 5150 352 5204 Hebr.
382 5163 478 5208 vn,
507 5146 870 5199 sacerdotium
901 5153 1002 5207 est,
1053 5147 1194 5213 quod
1239 5162 1344 5197 non
1399 5156 1633 5200 transeat
1685 5146 1750 5202 ad

188 5221 375 5276 alium,
406 5231 579 5284 eoque
606 5228 946 5283 perpetuum,
974 5225 1133 5280 atque
1159 5223 1215 5265 ut
1237 5215 1412 5267 reddit
1441 5217 1706 5284 interpres
1734 5235 1746 5268 :

187 5283 573 5355 sempiternum.
626 5285 776 5352 Apud
813 5285 982 5351 Epict.
1024 5283 1375 5353 ἀπαράϐατος
1399 5283 1595 5352 νόμοςί
1619 5285 1748 5347 Lex,

189 5372 347 5412 auum
382 5371 528 5408 nemo
557 5356 994 5423 transgrediatur.

261 5426 370 5493 (12)
403 5427 446 5477 A
484 5422 731 5478 tartareis
757 5423 1077 5475 cruciatibus
1107 5423 1172 5474 sit
1207 5422 1433 5493 iuride_re
1468 5425 1518 5475 in
1561 5425 1750 5492 gehen-

191 5490 316 5552 nam
349 5496 504 5563 ignis.
531 5493 706 5547 Multis
739 5493 1028 5563 Piucda‘ad
1063 5508 1176 5550 xu.
1211 5507 1333 5547 xxrv
1363 5490 1485 5554 Job,
1526 5490 1636 5560 quo
1671 5495 1751 5543 vi-

193 5568 348 5621 detur
370 5561 562 5617 auctor
589 5563 890 5630 respicere;
936 5561 1002 5615 de
1046 5563 1163 5615 illa’
1191 5577 1473 5630 poenarum
1517 5563 1754 5616 alterna-

195 5637 360 5689 tione.
395 5631 619 5686 Videtur
645 5633 786 5700 quod
814 5633 901 5686 hic
935 5633 1113 5686 innuit
1141 5631 1480 5696 Theodorus,
1514 5647 1635 5686 esse
1667 5647 1752 5685 res

197 5706 376 5758 minus
405 5711 581 5768 certa;
608 5703 787 5756 minus
832 5712 975 5756 certe
1018 5702 1236 5756 conficit
1276 5701 1363 5753 ille
1394 5701 1564 5770 locus,
1594 5717 1750 5770 quem

196 5775 342 5829 varie
375 5783 669 5842 exponunt.
720 5770 910 5840 Magna
954 5781 1130 5826 tamen
1183 5769 1583 5842 probabilitate,
1608 5769 1754 5826 velut

1855 4955 2091 4996 consona
2131 4938 2264 4993 satis
2306 4936 2638 5005 Scriptura.
2700 4952 2801 4991 nec
2850 4937 3055 4990 habens
3083 4936 3283 5006 aliquid
3325 4940 3422 4992 ab-

1856 5011 2026 5074 surili,
2061 5008 2426 5076 Patribusque
2454 5007 2730 5059 nonnullis
2757 5023 2820 5060 ac
2847 5007 3112 5076 theologis
3144 5008 3264 5059 aliis
3298 5026 3423 5076 pm-

1859 5083 2002 5142 bata,
2038 5078 2246 5131 admitti
2281 5075 2454 5144 petest
2509 5091 2571 5129 ac
2604 5076 2778 5128 timeri
2815 5095 2825 5129 :
2862 5075 3183 5143 Quanquam
3230 5075 3420 5144 parum

1860 5149 2046 5210 refert,
2078 5149 2401 5200 timeaturne
2428 5146 2566 5213 ipsa,
2604 5148 2680 5198 vel
2713 5145 2861 5199 solus
2888 5147 3042 5214 ignis.

1931 5219 2038 5287 (l3)
2080 5217 2232 5270 Velut
2261 5215 2510 5287 sui/furati
2541 5215 2907 5287 obedientiam.
2935 5215 3112 5287 Οίονεὶ
3133 5215 3422 5284 ἀπονοσφί-

1862 5284 1946 5340 σει
1971 5284 2066 5354 τῆς
2103 5286 2400 5353 ὑποταγῆς.
2427 5284 2706 5351 Tanquam
2731 5285 2933 5339 alludat
2963 5285 3027 5336 ad
3052 5286 3250 5338 factum
3279 5287 3426 5340 Aua-

1859 5359 1959 5410 nize
1993 5367 2043 5410 et
2076 5355 2319 5424 Saphirae
2350 5355 2466 5405 Act.
2505 5369 2557 5411 v,
2589 5355 2999 5424 quordicunlur,
3033 5355 3422 5422 νοσφίσασθαι»

1855 5423 2181 5480 subtraxisse
2210 5441 2271 5476 ac
2300 5425 2645 5490 defraudasse
2678 5423 2740 5476 de
2778 5426 2946 5488 pretio
2972 5423 3124 5491 agri;
3156 5423 3302 5476 velut
3342 5427 3427 5479 di-

1858 5507 1942 5550 cat
1997 5514 2008 5548 :
2059 5494 2453 5549 Substractione
2507 5491 2812 5547 obedientite
2857 5510 2874 5547 :
2925 5508 3026 5561 qua
3080 5493 3427 5560 sacrilegium

1860 5568 2098 5619 immane
2147 5572 2371 5632 peccant
2418 5563 2596 5615 devoti
2647 5563 2755 5618 Deo
2827 5564 3111 5624 homines.
3160 5562 3426 5632 siquidem

1859 5637 2008 5704 quasi
2041 5630 2601 5704 peccatumariolandi
2635 5646 2735 5704 est,
2778 5647 3083 5704 repugnare,
3109 5641 3211 5686 etc.
3245 5630 3270 5682 l
3301 5631 3425 5702 Reg.

1859 5701 1948 5766 iv,
1980 5701 2170 5772 nempe
2200 5704 2253 5756 in
2289 5702 2506 5772 debitis,
2539 5703 2718 5769 qualia
2760 5703 2886 5760 facit
2910 5701 3015 5757 ’vel
3051 5701 3228 5771 ipsum
3258 5701 3424 5770 spon-

1861 5771 2112 5838 dentem,
2131 5773 2356 5842 sponsio
2386 5771 2654 5837 religiosa.
