3976 6314
589 376 728 441 1839

1507 367 1908 429 APPENDIX.
1937 387 2006 398 -
2047 362 2461 422 NAUCRATII
2496 364 2904 426 ENCYCLICA

3714 367 3841 428 1840

585 499 616 540 a
645 478 844 538 vestris
874 476 1234 535 conventibus
1259 495 1270 530 :
1300 477 1430 533 estis
1467 478 1782 542 mulierosi;
1813 476 1900 529 alii
1938 473 2155 544 quidem

2268 473 2600 544 φιλάργυρον
2629 475 2876 545 γνώμην.
2905 474 2980 528 Ού
3005 476 3161 543 φοϐεῖ
3191 477 3356 545 ύμας,
3389 475 3520 529 οὗτε
3553 475 3670 546 ἀρὰ
3707 495 3838 546 προ-

586 574 816 633 solitarii
840 573 1013 636 estis;
1045 572 1136 628 alii
1157 582 1334 626 autem
1366 572 1576 626 emistis
1611 584 1798 626 servos
1825 585 1840 634 ;
1873 567 1964 621 alii
2003 564 2152 618 deni-

585 681 715 738 que,
759 679 871 736 prie
913 663 1081 720 animi
1124 663 1378 720 sordibus
1409 677 1475 719 ac
1516 660 1768 725 avaritia,
1792 666 2154 713 mercaturam

587 756 890 814 assumitis.
937 755 1060 810 Non
1105 769 1203 809 vos
1249 763 1472 818 terrent,
1505 753 1588 806 vel
1627 751 1759 806 dira:
1804 748 2153 820 prophetica;

587 849 672 902 vel
717 847 1026 916 apostolica
1071 847 1261 911 mina);
1304 845 1385 900 vel
1435 859 1568 899 meae
1593 843 1764 912 ipsius
1809 838 2154 901 humilitatis,

587 939 666 993 uti
697 941 861 992 etiam
900 939 1045 1000 novi,
1085 937 1407 1001 admonitio,
1439 935 1657 1004 quando
1685 933 1851 988 etiam
1888 929 2155 1000 ejusmodi

587 1029 822 1100 aliquis,
853 1030 1149 1083 amicitiam
1194 1028 1370 1082 iniens
1405 1043 1527 1081 cum
1573 1025 1773 1096 puella,
1801 1032 2027 1093 excepto
2066 1037 2158 1075 ra-

585 1131 706 1189 ptu.
739 1121 902 1174 etiam
945 1118 1142 1172 divinae
1190 1118 1562 1186 aspernationi
1596 1117 1761 1186 pedes
1789 1115 1992 1184 aptavit
2020 1111 2156 1183 (14).

590 1210 728 1277 Quid
749 1209 830 1264 ais
859 1208 1048 1264 infelix
1074 1224 1138 1265 ac
1159 1210 1359 1263 miser?
1385 1209 1610 1274 Quoties
1631 1206 1862 1262 cantasti
1891 1224 1902 1259 :
1930 1204 2044 1270 Quo
2075 1205 2158 1257 ibo

587 1315 620 1353 α
651 1298 844 1368 spiritu
883 1306 994 1364 tuo,
1036 1306 1211 1367 etquo
1256 1312 1288 1349 a
1337 1297 1470 1365 facie
1515 1306 1607 1349 tua
1643 1296 1845 1364 fugiam
1877 1295 1916 1325 "
1942 1294 1965 1346 ?
1996 1292 2160 1347 Plane

591 1387 863 1457 impulsus
896 1400 957 1442 es
984 1387 1036 1440 in
1067 1399 1332 1450 amorem,
1367 1386 1681 1456 serpentino
1705 1385 1799 1439 illo
1821 1384 2024 1447 afﬂatu,
2051 1397 2160 1451 quo

589 1481 812 1534 seducta
844 1475 976 1542 Eva,
1011 1492 1116 1532 una
1157 1492 1280 1531 cum
1317 1477 1494 1546 primo
1527 1483 1752 1546 parente
1782 1476 1975 1537 Adam,
2005 1475 2159 1543 pulsa

587 1577 671 1623 est
699 1568 975 1638 paradiso.
1017 1565 1238 1635 Cogitas
1284 1565 1510 1620 omnino
1545 1565 1825 1620 Christum
1867 1565 2156 1632 abnegare,

587 1655 678 1711 cui
727 1670 928 1711 vovens
971 1657 1342 1726 virginitatem
1374 1656 1741 1725 desponsatus
1771 1670 1851 1719 es,
1885 1665 1946 1707 ut
1979 1654 2160 1708 adhae-

2257 566 2460 633 φητική
2493 581 2508 596 ·
2534 564 2657 618 οὔτε
2713 566 3043 636 ἀποστολικὴ
3077 567 3273 637 ἀπειλή
3301 582 3317 597 ο
3357 566 3484 620 οὔτε
3548 571 3656 638 τῆς
3711 569 3844 639 ἐμῆς

2256 654 2636 719 ταπεινώσεως
2666 658 2698 728 ὴ
2729 657 3047 728 παραίνεσις
3073 672 3087 688 ο
3117 656 3191 720 ώς
3249 657 3574 727 μεμάθηκα,
3625 659 3710 711 ὅτι
3757 659 3847 711 καί

2256 761 2338 808 τις
2368 745 2477 799 τῶν
2511 746 2786 812 τοιούτων,
2825 748 2918 800 καὶ
2951 747 3086 820 κόρῃ
3116 749 3505 818 συμφιλιάσας,
3543 749 3687 817 πρὸς
3711 749 3844 818 αὐτῇ

2258 839 2322 906 τῇ
2353 839 2596 910 ἁρπαγῇ,
2625 839 2722 892 καὶ
2743 841 2808 910 τῇ
2836 839 3090 910 ἀθετήσει
3141 841 3232 893 τοῦ
3268 840 3428 907 Θεοῦ,
3480 841 3615 904 τοὺς
3684 842 3847 902 πόδας

2259 928 2648 1000 εὖτρέπισε.Τι
2675 931 2874 998 λέγεις,
2899 925 2944 984 ὧ
2970 931 3119 986 ἄθλιε
3144 935 3236 985 καὶ
3263 934 3586 1003 ταλαίπωρε
3611 951 3626 998 ;
3678 937 3845 987 reo-3&-

2260 1039 2346 1084 κις
2379 1022 2606 1090 ἔψαλλες
2632 1038 2646 1052 °
2677 1022 2801 1076 Ποῦ
2851 1023 3121 1090 πορευθῶ
3155 1023 3274 1078 ἀπὸ
3330 1024 3437 1078 τοῦ
3500 1026 3848 1094 πνεύματός

2261 1127 2416 1176 σονς
2447 1113 2544 1168 καὶ
2599 1114 2719 1168 ἀπὸ
2754 1113 2862 1168 τοῦ
2918 1113 3242 1182 προσώπου
3289 1131 3408 1169 σου
3459 1115 3586 1170 ποῦ
3637 1120 3848 1186 sati-rw;

2264 1206 2534 1268 Φιλιάζειν
2558 1204 2694 1265 ὅλως
2717 1203 2890 1274 ἦχϐης
2923 1205 3062 1256 κατὰ
3091 1203 3186 1256 τοῦ
3224 1205 3398 1272 ὄφεως
3427 1207 3522 1259 τοῦ
3564 1208 3848 1276 ἠπατηκὸ-

2261 1313 2352 1357 τος
2398 1297 2495 1364 τὴν
2525 1295 2688 1357 Εὔαν,
2720 1297 2816 1348 καὶ
2850 1296 3268 1359 ωνεκϐαλόντος
3298 1299 3360 1349 ὲκ
3381 1298 3476 1350 τοῦ
3511 1299 3848 1368 παραδείσου

2277 1386 2444 1454 Ἀδάμ
2469 1387 2559 1438 τὸν
2597 1387 2918 1456 προπάτορα
2966 1387 3134 1456 ἡμῶν.
3180 1386 3418 1457 Ἐνθυμῇ
3479 1388 3627 1452 ὅλως
3686 1391 3851 1458 ἀρνή-

2265 1476 2461 1530 σασθαι
2512 1469 2556 1545 ᾧ
2602 1476 2882 1548 ήρμόσθης
2915 1476 3158 1547 Χριστῷ,
3214 1476 3303 1529 διὰ
3361 1477 3456 1530 τοῦ
3513 1477 3850 1548 παρθενικοῦ

2264 1568 2701 1638 ἐπαγγέλματος,
2734 1568 2829 1621 καὶ
2862 1567 3199 1637 συνοφθῆναι
3229 1570 3294 1638 τῇ
3341 1567 3617 1638 ἁμαρτίᾳ,
3683 1569 3753 1622 δι’
3791 1565 3852 1639 ἦς

2268 1659 2492 1722 Θάνατος
2524 1660 2602 1722 εἰς
2625 1658 2717 1710 τὸν
2746 1658 2947 1728 κόσμον
2983 1658 3230 1727 εἰσῆλθεν
3259 1675 3274 1724 ;
3314 1659 3417 1711 οὐκ
3475 1659 3714 1722 ἀκούεις
3761 1661 3854 1729 τῆς

590 1762 716 1803 reas
745 1756 1112 1817 peccato,quo
1130 1762 1272 1803 mors
1300 1748 1353 1800 in
1386 1747 1650 1801 mundum
1681 1746 1928 1814 ingressa
1959 1752 2043 1800 est
2072 1743 2156 1796 u?

2268 1750 2482 1821 Γραφῆς
2533 1747 2744 1819 βοώσης
2791 1751 2920 1820 περὶ
2973 1750 3081 1804 τῶν
3141 1748 3282 1802 οὕτω
3333 1751 3743 1820 πραττόντων·
3804 1753 3855 1803 ’0

590 1829 709 1888 Non
743 1833 900 1888 audis
931 1833 1256 1890 clamantem
1298 1832 1633 1903 Scripturam
1679 1833 1735 1888 in
1761 1848 1880 1898 eos,
1908 1833 2003 1904 qui
2031 1832 2160 1888 talia

590 1935 757 1997 agunt
791 1942 804 1978 :
855 1923 1053 1979 Vermia
1081 1941 1262 1980 eorum
1300 1941 1403 1979 non
1430 1926 1704 1990 morietur,
1733 1934 1782 1980 et
1819 1925 1955 1995 ignis
1980 1940 2160 1979 eorum

591 2032 696 2070 non
727 2017 1094 2085 exstinguetur
1124 2015 1215 2068 ὀἳ
1245 2013 1364 2069 Non
1400 2015 1558 2071 audis
1586 2014 1854 2070 dicentem
1887 2013 2116 2069 Paulum
2146 2034 2158 2070 :

595 2103 971 2178 Fornicatores
997 2115 1048 2160 et
1086 2107 1360 2160 adulteros
1394 2105 1662 2174 judicabit
1693 2104 1836 2160 Deus
1867 2106 1952 2158 "?
1977 2106 2041 2158 Et
2066 2105 2163 2159 ite-

591 2212 710 2252 rum
746 2211 762 2250 :
801 2196 859 2252 Si
892 2198 1008 2265 quis
1050 2197 1302 2266 templum
1343 2195 1437 2250 Dei
1476 2196 1771 2259 violaverit,
1806 2196 2069 2265 disperdat
2094 2195 2163 2247 il-

587 2288 700 2343 lum
753 2287 896 2343 Deus
945 2289 1030 2342 ⁸ίῖ
1075 2287 1217 2355 Quid
1263 2303 1322 2343 es
1360 2288 1704 2352 inventurus,
1742 2301 1866 2342 cum
1902 2301 2162 2342 consum-

589 2381 828 2436 maveris
855 2379 1238 2448 iniquitatem?
1287 2377 1478 2433 Nonne
1507 2378 1762 2433 tenebras
1816 2377 2162 2446 gladiumque

589 2470 984 2526 dissecaturum
1027 2484 1120 2525 cor
1167 2469 1364 2524 tuum?
1405 2466 1598 2524 Nonne
1633 2468 2030 2538 desperationis
2063 2484 2162 2539 pu-

590 2560 788 2619 teum?
823 2561 1014 2618 Nonne
1041 2563 1220 2630 ipsum
1257 2559 1518 2615 Satanam
1550 2560 1643 2630 qui
1673 2559 1928 2626 seduxit,
1967 2575 2164 2630 urgen-

588 2663 696 2709 tem
744 2661 804 2708 ut
851 2652 1036 2707 restim
1081 2651 1428 2720 amplexeris,
1470 2651 1525 2704 in
1564 2665 1730 2720 quam
1766 2649 1896 2704 olim
1945 2649 2165 2717 impulit

585 2741 828 2800 Judam?
859 2741 1135 2812 Resipisce
1162 2742 1256 2810 qui
1291 2742 1530 2797 tenebris
1560 2741 1870 2796 obcaecatus
1897 2755 1991 2795 es:
2019 2739 2167 2809 Fuge

589 2835 782 2890 mortis
807 2835 1079 2905 laqueum,
1107 2833 1201 2904 qui
1243 2833 1393 2890 fuisti
1428 2832 1845 2903 supplantatus:
1875 2847 1941 2888 nc
1967 2831 2164 2886 inferni

589 2934 823 3005 capiaris
867 2942 1094 3004 petauro
1123 2933 1259 3004 (l5),
1289 2935 1344 2989 in
1379 2947 1510 3004 quo,
1551 2934 1716 2989 etiam
1752 2934 2009 3004 praesenti
2045 2948 2163 2988 aevo

591 3026 748 3082 Caini
779 3026 984 3082 vixeris
1013 3027 1212 3092 vitam;
1245 3024 1526 3095 fuerisqne
1559 3037 1798 3080 tremens
1829 3040 1893 3080 ac
1920 3040 2162 3094 gemens,

591 3127 896 3184 omnesque
916 3122 1073 3168 notos
1099 3091 1344 3183 fugiens:
1367 3113 1420 3166 in
1438 3091 1637 3166 futuro
1661 3121 1869 3176 autem,
1890 3091 2165 3164 damneris
2191 3091 2236 3152 C

592 3208 648 3261 in
695 3205 941 3277 gehenna
980 3205 1140 3275 ignis.
1175 3203 1316 3270 Quid
1344 3219 1507 3268 vero,
1535 3203 1702 3258 miser
1743 3217 1873 3273 ego,
1901 3201 2020 3257 loco
2055 3215 2165 3255 uno

591 3295 846 3352 definitus
879 3297 934 3350 in
959 3311 1150 3351 omnes
1179 3295 1435 3366 prmfatos
1462 3293 1665 3365 agam?
1709 3293 1872 3360 Quid,
1918 3294 2164 3362 inquam,

591 3387 776 3452 aliud,
821 3402 988 3457 quam
1040 3395 1101 3441 ut
1140 3387 1339 3457 gemitu
1388 3386 1632 3455 lugeam,
1675 3391 2076 3451 contesuerque,
2105 3396 2169 3436 ac

596 3487 884 3534 venturum
921 3477 1162 3547 gladium
1202 3477 1561 3532 annuntiein?
1595 3475 1723 3531 Etsi
1749 3475 2022 3530 audierint
2048 3475 2170 3544 qui-

591 3571 740 3636 dem,
773 3569 1084 3640 fuerintque
1107 3568 1360 3624 conversi
1399 3583 1431 3622 a
1469 3569 1556 3621 via
1586 3566 1792 3622 erroris
1830 3565 1936 3631 sui,
1960 3573 2014 3619 et
2049 3579 2171 3633 qua:

591 3660 660 3716 ad
693 3660 1053 3730 perditionem
1086 3659 1236 3714 ducit
1261 3698 1276 3723 ,
1310 3658 1413 3714 sibi
1462 3658 1598 3727 ipsis
1644 3671 1884 3725 meaeque
1950 3656 2171 3709 humili-

593 3752 716 3820 tati,
743 3751 906 3807 saluti
936 3751 1141 3806 fuerint
1169 3769 1183 3806 :
1224 3751 1308 3805 sin
1344 3758 1526 3804 autem
1554 3788 1568 3812 ,
1595 3749 1692 3803 soli
1721 3747 1975 3802 haurient
2003 3748 2167 3815 mala,

594 3842 697 3898 soli
717 3843 868 3897 ibunt
888 3842 941 3896 in
962 3843 1168 3912 ignem,
1185 3854 1347 3910 quem
1370 3837 1776 3893 succenderunt
1799 3852 1812 3903 ;
1831 3837 1938 3891 soli
1963 3853 2165 3906 pinnam

595 3933 773 3996 latent;
824 3941 1080 3985 utentum
1120 3929 1392 3984 interitum
1425 3944 1458 3980 α
1487 3927 1627 3996 facie
1679 3927 1813 3992 Dei,
1853 3936 1904 3981 et
1938 3944 1969 3980 a
1998 3927 2168 3998 gloria

593 4019 804 4074 virtutis
837 4018 974 4087 ejus,
1005 4033 1124 4071 cum
1151 4017 1348 4072 venerit
1383 4016 1676 4086 glori/ictui
1715 4016 1770 4069 in
1805 4016 2001 4069 sanctis
2033 4015 2162 4076 suis,

591 4127 641 4171 et
670 4117 1008 4171 admirabilis
1051 4117 1168 4186 ﬁeri
1207 4117 1264 4169 in
1302 4115 1538 4169 omnibus
1565 4115 1626 4178 “,
1663 4115 1755 4184 qui
1784 4128 1850 4168 ex
1882 4112 2164 4166 mandato-

594 4231 715 4270 rum
748 4216 921 4286 ipsius
950 4215 1268 4284 praescripto
1300 4213 1530 4268 ﬁdeliter
1570 4209 1970 4264 ambulaverint
2002 4222 2020 4259 :
2057 4207 2164 4261 illis

610 4307 832 4377 quidem
883 4306 1188 4362 retribuens
1232 4305 1512 4378 condigna.
1545 4302 1788 4373 prwmia;
1838 4298 2165 4354 adversariis

2263 1839 2511 1906 σκώληξ
2539 1840 2739 1895 αὐτῶν
2766 1843 2838 1895 οὐ
2873 1841 3241 1907 τελευτήσει,
3280 1842 3378 1895 καὶ
3412 1843 3478 1895 τὸ
3507 1841 3638 1911 πῦρ
3661 1841 3859 1896 αὐτῶν

2263 1933 2333 1985 οὐ
2365 1931 2806 1998 σϐεσθήσεται;
2853 1933 2968 1986 Οὐκ
2997 1934 3208 1996 ἐπαϊεις
3227 1933 3322 1986 τοῦ
3375 1933 3726 1986 Ἀποστόλου
3773 1934 3859 1986 λέ-

2263 2039 2450 2090 γοντος
2470 2041 2484 2055 '
2516 2025 2788 2092 Πόρνους
2806 2023 2907 2078 καὶ
2929 2024 3188 2092 μοιχοὺς
3217 2025 3414 2094 κρινεῖ
3472 2029 3508 2079 d
3538 2026 3735 2091 Θεός;
3767 2027 3856 2078 καὶ

2263 2117 2417 2180 αὖθις
2445 2133 2455 2146 ’
2494 2116 2562 2170 ει
2586 2133 2676 2182 τις
2709 2116 2816 2169 τὸν
2843 2117 2993 2169 ναὸν
3026 2116 3132 2170 τοῦ
3164 2118 3312 2171 Θευῦ
3342 2120 3600 2187 φθείρει,
3661 2119 3859 2188 φθερεῖ

2263 2205 2477 2260 τοῦτον
2515 2209 2546 2259 ό
2575 2204 2760 2270 Θεός;
2800 2205 2864 2257 Τί
2892 2205 3145 2276 εὑρήσεις
3181 2209 3239 2260 ὲν
3268 2207 3345 2276 τῷ
3387 2209 3718 2262 συντελέσαι
3763 2211 3853 2279 τὴν

2265 2295 2531 2365 ἀνομίανς
2567 2296 2690 2364 οὐχ)⁸
2720 2295 2912 2360 σκότος
2939 2301 3032 2351 καὶ
3063 2300 3339 2368 μάχαιραν
3395 2298 3452 2351 τέ
3463 2304 3719 2366 μνουσάν
3765 2320 3851 2356 σου

2263 2387 2362 2457 τὴν
2390 2386 2617 2457 καρδίαν
2643 2403 2656 2450 ;
2689 2387 2812 2457 οὐχὶ
2840 2388 3202 2457 ἀπογνώσεως
3235 2388 3427 2459 βόθρον
3454 2407 3468 2455 ;
3525 2391 3634 2446 οὐκ
3702 2395 3854 2447 αὐτὸν

2264 2476 2586 2544 ἡπατηκότα
2613 2493 2670 2528 σε
2698 2478 2968 2542 Σατανᾶν,
2989 2477 3088 2546 τὴν
3108 2477 3343 2547 ἀγχόνην
3362 2493 3425 2530 σε
3453 2483 3852 2550 κατεπείγοντα

2265 2565 2633 2630 ἀσπάσασθαι,
2657 2568 2905 2634 καθάπερ
2969 2567 3060 2620 τὸν
3096 2568 3293 2621 Ἰούδαν
3316 2570 3484 2637 ποτέ;
3530 2572 3847 2646 Ἀνάνηψον,

2263 2658 2292 2709 ό
2335 2657 2751 2728 ὲσκοτισμένος’
2787 2657 2923 2726 φύγε
2944 2657 3043 2728 τὴν
3077 2659 3282 2726 παγῖδα
3338 2659 3433 2713 τοῦ
3508 2661 3774 2728 θανάτου,
3825 2670 3846 2718 ὁ

2266 2748 2646 2818 ὲσκελισμένος
2671 2767 2684 2780 ·
2720 2750 2792 2818 μὴ
2829 2749 2970 2815 ἁλῷς
3027 2752 3106 2812 εἰς
3157 2751 3434 2821 πέταυρον
3493 2753 3654 2824 ᾅδου,
3683 2750 3846 2824 ύφόἷι

2268 2841 2547 2895 κάνταῦθα
2582 2841 2674 2893 τοῦ
2705 2839 2842 2893 Καῒν
2871 2841 2967 2906 τὴν
3019 2841 3164 2912 ζωὴν
3211 2841 3427 2910 ζήσεις’
3494 2846 3724 2914 τρέμων
3763 2849 3846 2898 καὶ

2269 2933 2470 2985 στένων
2512 2933 2629 3002 ἔσῃ,
2668 2933 2764 2984 καὶ
2809 2932 3140 3000 ἀποφεύγων
3180 2935 3468 3004 πρόσωπον
3526 2935 3807 3008 γνώριμον
3831 2953 3842 2966 ·

2267 3029 2324 3082 ἐν
2355 3046 2414 3082 τε
2436 3029 2513 3099 τῷ
2542 3028 2787 3098 μέλλοντι
2823 3028 2999 3093 αἰῶνι,
3036 3029 3533 3098 καταδικαζόμενος
3557 3031 3617 3083 ἐν
3635 3035 3702 3100 τῇ
3760 3049 3842 3099 γε·

2270 3122 2394 3192 έννῃ
2423 3119 2517 3172 τοῦ
2554 3119 2740 3190 πυρός,
2772 3120 2837 3172 Τί
2866 3119 2958 3173 οὖν
3011 3119 3137 3173 ἄλλο
3165 3121 3372 3188 ποιήσω
3406 3122 3434 3172 ό
3459 3121 3638 3185 τάλας
3658 3161 3676 3182 ,
3707 3139 3844 3191 περι-

2270 3211 2570 3280 ωρισμένος
2591 3213 2647 3263 ἐν
2679 3212 2759 3263 ἑνὶ
2792 3212 2960 3282 τόπῳ,
2979 3211 3114 3281 πρὸς
3145 3210 3390 3272 ἅπαντας
3413 3211 3544 3274 τοὺς
3581 3229 3843 3284 προειρη-

2275 3302 2468 3372 μένους
2500 3319 2512 3366 ;
2547 3303 2610 3354 Τί
2642 3302 2902 3372 ἓτερον,ἢ
2934 3303 2991 3354 τδ
3009 3301 3210 3354 στένειν
3248 3301 3341 3352 καὶ
3370 3301 3844 3373 διαμαρτύρασθαι

2271 3393 2364 3442 καὶ
2389 3391 2488 3460 τὴν
2517 3393 2819 3462 ἐρχομένην
2853 3390 3130 3460 ῥομφαίαν
3148 3389 3501 3457 ἀναγγέλλειν
3529 3409 3544 3457 ;
3575 3393 3674 3445 καὶ
3692 3395 3739 3445 ει
3756 3394 3847 3461 μὲν

2270 3484 2575 3548 ἀκούσοιεν,
2607 3485 2701 3535 καὶ
2733 3481 3119 3551 ἐπιστρέψαιεν
3151 3480 3257 3533 ἀπὸ
3288 3480 3391 3548 τῆς
3421 3483 3847 3553 πεπλανημένης

2272 3573 2452 3624 αὐτῶν
2476 3572 2616 3635 ὀδοῦ,
2648 3569 2918 3639 φερούσης
2949 3569 3029 3631 εἰς
3056 3569 3274 3638 ὄλεθρον
3305 3584 3320 3600 ο
3354 3571 3571 3632 ἑαυτοῖς
3639 3573 3847 3625 ἔσονται

2274 3664 2560 3732 σωτήριον,
2592 3661 2687 3713 καὶ
2716 3663 2782 3728 τῇ
2816 3661 2920 3730 ἐμῇ
2950 3659 3312 3712 ταπεινώσειο
3346 3662 3392 3712 εξ
3424 3661 3484 3713 δὲ
3545 3663 3643 3732 μὴ,
3704 3664 3846 3733 μόνοι

2270 3754 2593 3822 ἀντλήσουσι
2638 3753 2706 3805 τά
2733 3753 2902 3816 κακὰ,
2940 3752 3087 3822 μόνοι
3115 3752 3472 3822 πορεύσονται
3526 3758 3594 3825 τῇ
3641 3750 3846 3826 φλογὶῇ

2272 3844 2584 3909 ἐξέκαυσαν,
2627 3844 2810 3897 Μόνοι
2841 3842 3403 3910 τίσουσιν’ὅλεθρον
3433 3845 3682 3898 αἰώνιον
3737 3847 3849 3899 ἀπὸ

2269 3934 2591 4002 προσώπου
2631 3933 2739 3988 τοῦ
2799 3934 2966 3997 Θεοῦ,
3016 3933 3113 3986 καὶ
3174 3934 3290 3986 ἀπὸ
3331 3934 3442 4001 τῆς
3502 3935 3698 4002 δόξης
3743 3935 3847 4002 τῆς

2271 4026 2482 4092 ἰσχύος
2505 4024 2710 4087 αὐτοῦ,
2747 4024 2893 4078 ὅταν
2925 4025 3070 4092 ἕλοῃ
3115 4022 3558 4092 ἐνδοξασθῆναι
3623 4028 3693 4079 ἐν
3725 4027 3849 4090 τοῖς

2267 4115 2453 4183 ἁγίοις
2484 4114 2688 4177 αὑτοῦ,
2706 4115 2801 4168 καὶ
2823 4113 3236 4184 θαυμασθῆναι
3266 4115 3334 4165 ἐν·
3363 4113 3512 4168 πᾶσι
3541 4120 3659 4179 τοῖς
3713 4123 3846 4169 κατα

2266 4207 2364 4269 τάς
2402 4206 2619 4269 ἐντολὰς
2654 4207 2818 4260 αὐτοῦ
2863 4208 3066 4270 πιστῶς
3120 4207 3460 4277 πορευθεῖσιν
3496 4226 3507 4237 ’
3545 4208 3731 4271 αὐτοῖς
3758 4211 3846 4277 μὲν

2271 4297 2558 4360 ἀποδιδοὺς
2590 4298 2662 4351 τὰ
2695 4295 2820 4361 ἀξια
2850 4297 2985 4367 γέρα
3005 4312 3020 4325 ·
3051 4299 3160 4359 τοῖς
3177 4297 3230 4348 δὲ
3262 4298 3550 4358 ἐναντίοις,
3583 4298 3684 4359 τάς
3711 4302 3846 4366 ﬁta:-

603 4376 811 4460 autem,
838 4409 1025 4469 parata
1055 4408 1258 4453 interna
1290 4376 1576 4466 supplicia.
1608 4393 1717 4448 Vos
1745 4400 1949 4452 autem,
1974 4388 2164 4442 fratres

2275 4391 2562 4459 μασμὲνας
2589 4391 2771 4451 αὐτοῖς
2799 4389 3189 4458 ἀτελευτήτους
3221 4376 3494 4450 κολάσεις.
3550 4390 3748 4459 Ὑμεῖς
3771 4392 3842 4454 δὲ,

593 4493 700 4549 mei
725 4533 740 4556 ,
787 4495 924 4548 bene
969 4506 1153 4563 quaeso
1205 4490 1612 4547 ambulaveritis
1637 4526 1652 4554 ,
1690 4497 1748 4542 ut
1778 4485 2090 4553 diffamatus
2129 4485 2161 4536 ὰ

662 4671 705 4707 τ’
730 4671 876 4729 Psal.
896 4686 1158 4736 cxxxvin,
1177 4672 1231 4726 7.
1272 4671 1316 4711 ⁸⁸
1347 4671 1389 4726 ll
1413 4670 1540 4726 Cor.
1577 4684 1637 4734 ιι,
1664 4669 1718 4722 2.

2273 4476 2491 4544 ἀδελφοί
2516 4494 2639 4546 μου,
2671 4475 2732 4528 εὖ
2771 4475 3112 4546 πορεύοισθε,
3145 4477 3468 4546 παρακαλῶ,
3523 4479 3601 4544 ώς
3642 4481 3706 4533 ἂν
3755 4479 3845 4548 ἀφ’

1798 4669 1839 4698 ¹⁹
1871 4667 1972 4722 lsa.
1998 4682 2140 4721 uvr.

2295 4663 2524 4718 "Hebr.
2552 4678 2674 4725 xm,
2698 4661 2756 4716 '4.
2832 4663 2874 4692 “
2903 4661 3061 4717 lCor.
3085 4678 3165 4723 Ill,
3191 4663 3274 4716 I7.
3349 4665 3396 4694 "
3428 4661 3467 4716 ll
3499 4664 3647 4720 Thes
3684 4683 3723 4728 ι,
3763 4665 3839 4720 10.

2094 4803 2328 4860 NOTAE.

661 4923 794 4992 (la).
841 4921 1075 4992 Excepto
1125 4933 1280 4992 raptu
1313 4959 1328 4984 ,
1374 4924 1534 4977 etiam
1587 4922 1778 4976 divina:
1825 4921 2168 4992 afﬁrmationi

593 4986 763 5064 pedes
785 4986 1009 5064 aptavit.
1037 4986 1334 5064 πρὸςάὑτῇ
1350 4995 1416 5063 τῇ
1443 4994 1687 5064 ἁρπαγῇ,
1714 4986 1894 5064 καὶᾼτῇ
1911 4986 2166 5060 άθετήσει

589 5060 684 5133 τοῦ
704 5060 855 5133 -θεοῦ
879 5064 1006 5133 τους
1046 5060 1214 5126 πόδας
1237 5060 1544 5133 saepem“.
1563 5060 1792 5133 Videtur
1812 5060 2038 5113 inuuere
2071 5075 2166 5112 ne-

591 5131 785 5184 fandas
830 5132 1070 5199 nuptias,
1115 5149 1252 5201 quas
1307 5131 1454 5186 velut
1503 5133 1558 5185 in
1600 5131 1695 5185 Dei
1742 5137 2164 5201 contemptum,

591 5210 777 5267 aposta
805 5197 964 5269 quem
997 5197 1170 5265 notat,
1214 5203 1548 5256 contraxerit
1576 5218 1590 5254 :
1630 5199 1818 5270 quales
1852 5197 1986 5270 fere
2029 5213 2163 5270 con-

591 5267 878 5339 traxerunt
919 5281 1180 5339 apostatze
1240 5272 1440 5334 nostri,
1491 5267 1796 5325 novo'orto
1849 5267 2167 5337 Evangelio,

591 5337 830 5408 lau‘thero
859 5337 1188 5407 praédicante
1236 5358 1249 5393 :
1287 5342 1430 5408 quod
1483 5348 1810 5402 monstrum,
1857 5352 2168 5408 quanquam

590 5405 681 5459 alii
711 5405 1030 5462 assuescere
1057 5417 1244 5464 coacta
1274 5405 1447 5463 Gallia
1482 5418 1693 5471 nostra,
1740 5405 1886 5460 haud
1939 5408 2010 5459 ita
2057 5407 2164 5472 pri-

590 5475 738 5540 dem,
769 5479 1030 5531 severiori
1063 5479 1353 5533 sanctione
1379 5479 1432 5531 in
1473 5493 1593 5532 eam
1625 5493 1736 5531 rem
1775 5478 1941 5537 edita,
1985 5477 2165 5542 depel-

591 5543 702 5618 l_ere
729 5556 923 5618 conata
964 5556 1067 5618 est.
1094 5546 1276 5618 Potest
1302 5549 1417 5618 ipse
1445 5545 1993 5618 Theodorusconsuli
2024 5544 2163 5618 ap_nd

591 5612 908 5680 Baronium,
942 5615 1030 5670 ubi
1057 5612 1406 5671 nonnulla'de
1435 5617 1584 5671 falsis
1625 5617 1732 5670 illis
1766 5614 2046 5668 fratribus.
2071 5613 2166 5666 Est

592 5683 736 5753 apud
767 5684 1155 5754 TheOphanem
1182 5688 1248 5740 de
1283 5689 1589 5750 monachis,
1620 5701 1757 5755 quos
1790 5684 2032 5738 nonnulli
2063 5683 2168 5755 ini-

593 5762 873 5824 peratores
903 5753 1248 5810 iconoclastae
1277 5757 1542 5824 cogebant
1583 5753 1859 5810 coronari.
1904 5769 1942 5807 ι.
1990 5753 2166 5808 sacri-

2276 4916 2560 5037 legajnir‘e
2584 4913 2862 5037 lconiugia,
2896 4923 2958 4969 ut
2985 4914 3144 4971 docto
3176 4920 3472 4988 συμμυπῇ
3520 4919 3648 4988 ejus
3690 4921 3839 4974 inter-

2278 4999 2414 5037 men
2458 5003 2506 5037 Η
2549 5001 2578 5037 Θ
2607 5000 2692 5037 ιιτ.

2317 4995 2414 5041 I'Cil
2458 4995 2692 5038 videtur.

2278 5003 2414 5058 prcu
2458 5003 2692 5038 \luellll‘.

2347 5056 2482 5126 (f5).
2512 5052 2594 5107 Ne
2619 5053 2812 5127 inferni
2843 5051 3073 5127 capieris
3097 5062 3333 5127 petauro.
3373 5053 3540 5109 Plura
3579 5055 3830 5127 Stephan.

2275 5121 2465 5180 (le'ii'la
2498 5139 2632 5178 voce
2662 5124 2716 5177 in
2757 5122 3071 5192 appendice.
3111 5121 3208 5176 Hic
3240 5123 3455 5177 videtur
3482 5121 3838 5180 auctor—acci-

2278 5211 2402 5265 pere
2449 5208 2555 5265 pro
2588 5193 2680 5265 tali
2725 5207 2918 5260 genere
2956 5192 3154 5265 laquei,
3201 5207 3312 5265 quo
3351 5207 3452 5246 ceu
3498 5210 3720 5250 carcere
3756 5211 3834 5250 ca-

2279 5261 2426 5332 ptum
2450 5261 2671 5334 ’animal
2695 5261 2989 5334 iteneatur'
3015 5279 3029 5314 :
3059 5262 3160 5334 sic
3200 5261 3343 5334 enim
3384 5265 3626 5332 quadrat
3655 5267 3837 5334 optime

2278 5330 2788 5404 exemplumcaini,
2812 5332 2879 5404 a_b
2926 5330 3178 5404 omnibus
3210 5330 3459 5404 timentis
3496 5343 3552 5386 et
3588 5330 3730 5404 vagi.
3763 5334 3834 5386 Vel

2275 5395 2552 5463 etiam'tb;
2579 5400 2666 5468 ὑφ’
2691 5395 2774 5454 οὗ.
2823 5401 3029 5461 Fuerit,
3080 5403 3226 5453 velut
3268 5416 3380 5469 quo
3427 5395 3743 5468 detinenle,
3780 5419 3833 5455 eo

2275 5472 2440 5526 modo
2473 5485 2581 5539 quo
2602 5471 2740 5533 avis,
2774 5471 2910 5537 pede
2933 5479 3027 5541 aut
3049 5470 3133 5541 ala
3163 5470 3444 5541 detinetur
3485 5472 3720 5541 laqueo,
3765 5471 3831 5525 fu-

2276 5537 2519 5610 gitatque
2553 5555 2617 5593 ac
2659 5549 2815 5610 pavet
2856 5539 3054 5593 omnia.
3095 5537 3680 5610 Enm_amp|itudinem
3721 5544 3831 5598 satis

2275 5605 2445 5664 refert
2477 5605 2747 5670 nostrum,
2783 5609 2837 5660 in
2880 5624 3002 5678 quo,
3051 5616 3157 5660 etc.
3203 5605 3388 5661 Utitur
3419 5625 3485 5664 ea
3519 5628 3654 5666 voce
3683 5611 3825 5666 Andr.

2273 5680 2420 5736 Cret.
2453 5677 2714 5747 Encontio
2742 5680 2820 5739 εἰς
2855 5679 2952 5747 τὴν
2977 5679 3257 5745 ἀποτομὴν
3289 5678 3386 5731 τοῦ
3419 5682 3581 5747 άγιου
3624 5684 3663 5735 Π

2276 5766 2402 5818 μου,
2431 5749 2662 5804 necdum
2687 5746 2870 5804 Grtccc
2887 5746 3050 5804 edito.
3068 5747 3205 5818 γυνὴ
3223 5746 3545 5819 ἄφρων“ούκ
3564 5746 3826 5806 ἐπίσταται
