3976 6314
173 381 314 445 1841

1134 377 1230 436 DE
1271 376 1492 435 OBlTU
1535 376 1594 434 s.
1644 374 2033 435 THEODORI
2069 347 2410 436 STUDITIE

3272 372 3406 436 1842

166 487 348 556 ὑμῶν
376 488 781 556 ἑξηχυύμενος
814 488 845 539 ὁ
875 484 1056 554 λόγος
1080 479 1190 550 τῆς
1231 480 1466 550 ἀρετῆς,
1509 483 1602 535 καὶ
1655 481 1746 536 ἐπὶ

1853 483 1988 538 vobis
2035 485 2248 537 virtutis
2296 498 2464 536 sermo
2497 481 2580 546 ",
2619 482 2701 537 vel
2740 481 2880 551 apud
2912 482 3056 552 ipsos
3093 481 3405 544 sceleratos.

165 579 302 639 τοὺς
335 577 696 640 ἁτασθὰλους,
724 573 1125 644 ἁγάγοιαύτοὺς
1151 575 1236 638 εὶς
1249 573 1576 641 ἐπίγνωσιν
1601 573 1744 639 ἀλη-

165 669 345 734 θείας
371 684 386 698 ·
433 665 630 720 πάντα
662 667 1083 734 ὑπομένοντες,
1123 663 1208 718 ἵνα
1247 663 1448 726 πάντες
1482 663 1541 715 ὲν
1581 663 1744 716 πᾶσιν

165 758 650 829 εὐαρεστήσαντες
683 755 761 825 τῷ
805 756 1013 826 Κυρίῳ,
1051 754 1315 823 φύγοιμεν
1339 753 1611 817 κολάσεως
1645 770 1745 806 κα-

163 853 433 921 ταδίκην,
461 850 556 904 καὶ
583 849 838 919 τύχοιμεν
874 848 1150 918 βασιλείας
1174 847 1440 917 οὐρανῶν,
1491 848 1549 899 ὲν
1601 844 1746 915 αὐτῷ

165 943 408 1013 Χριστῷ
431 941 511 1011 τῷ
538 940 726 1011 Κυρίῳ
756 941 931 1010 ἡμῶν,
969 933 1012 1006 ᾧ
1045 939 1079 1008 ἡ
1110 937 1237 1004 δόξα
1264 939 1356 991 καὶ
1407 937 1470 990 τὸ
1525 938 1743 1008 κράτος,

165 1033 275 1086 σὺν
307 1031 392 1103 τῷ
441 1030 620 1101 Πατρὶ
647 1028 844 1100 καὶτῷ
893 1030 1031 1099 ἁγίῳ
1066 1027 1361 1097 Πνεύματι,
1391 1027 1487 1082 νῦν
1520 1027 1616 1081 καὶ
1636 1027 1742 1094 ἀεὶ,

166 1123 272 1177 καὶ
304 1124 391 1186 είς
417 1122 543 1184 τοὺς
572 1120 772 1184 αἰῶνας
813 1119 921 1172 τῶν
947 1117 1176 1172 αἰώνων.
1224 1116 1421 1188 Ἀμήν.

242 1213 409 1268 Μετὰ
438 1213 494 1265 δὲ
520 1213 617 1280 τὴν
639 1209 996 1280 τετράριθμον
1023 1208 1130 1262 τῶν
1153 1208 1372 1278 ἡμερῶν
1397 1211 1461 1280 τῇ
1493 1206 1617 1278 ἑξῆς
1639 1223 1652 1236 ·
1679 1203 1747 1278 ἦν

165 1302 287 1374 γὰρ
319 1303 690 1370 ἀναστάσιμος
723 1298 860 1369 αὕτη
886 1314 902 1330 ·
930 1299 1015 1366 ἐφ’
1116 1297 1257 1351 κατὰ
1288 1296 1350 1350 τὸ
1379 1297 1567 1360 είωθδς
1610 1314 1745 1367 προ-

165 1390 475 1452 καθεσθεὶς
507 1390 535 1441 ὁ
567 1386 896 1458 μακαρίτης,
928 1385 1023 1438 καὶ
1057 1383 1495 1453 ἀναγνωσθείσης
1527 1384 1627 1451 τῆς
1654 1384 1747 1436 αὐ-

166 1481 280 1549 τῆς
323 1480 675 1548 κατηχήσεως
740 1475 792 1528 τί
813 1476 1057 1543 γίνεται;
1091 1474 1355 1543 ῥώννυται
1380 1477 1446 1544 τῇ
1473 1473 1746 1544 προθυμίᾳ

169 1572 308 1625 ἐπεὶ
339 1571 453 1633 καὶ,
483 1568 557 1632 ὦς
574 1583 705 1637 φησι
726 1610 740 1633 ,
784 1567 942 1629 πόνος
974 1565 1160 1633 ὑγείαν
1183 1564 1486 1634 χαρίζεται,
1520 1563 1611 1616 καὶ
1625 1579 1746 1634 προ·

170 1655 359 1725 θυμία
403 1655 628 1724 νεκροὺς
672 1654 968 1723 ἀνίστησιν.
1009 1652 1156 1704 Ἐπεὶ
1179 1652 1236 1704 δὲ
1278 1651 1382 1704 ἔδει
1413 1651 1504 1703 καὶ
1545 1667 1745 1720 μυστα-

170 1744 394 1812 γωγίαν
432 1743 704 1811 γενέσθαι,
737 1743 802 1813 ἢν
853 1744 1107 1796 ἑκάστοτε
1161 1742 1247 1794 διὰ
1281 1741 1480 1809 πολλῆς
1540 1743 1568 1793 ὁ
1595 1758 1746 1812 τρισ-

1846 585 1939 626 eos
1964 571 2134 626 ducat
2163 569 2230 624 ad
2254 571 2558 640 ignitionem
2580 587 2596 618 ι
2617 571 2819 624 eritatis
2843 571 2909 623 ".
2959 568 3272 638 Suﬁ‘erentes
3294 587 3407 625 om-

1846 663 1934 714 nia
1967 659 2098 730 (16);
2132 659 2316 714 omnia
2346 659 2662 725 credentes;
2689 660 2869 714 omnia
2893 660 3226 717 sustinentes
3257 661 3323 728 ",
3349 673 3408 716 ut

1846 765 2033 806 omnes
2065 751 2119 804 in
2159 750 2414 805 omnibus
2452 749 2727 818 placentes
2768 749 3025 817 Domino,
3054 751 3316 820 gehennae
3342 765 3407 806 ac

1846 839 2094 909 supplicii
2121 839 2527 894 damnationem
2555 838 2895 908 eﬂ‘ugiamus,
2923 854 2985 894 ac
3009 854 3407 908 consequamur

1846 933 2107 985 etelorum
2141 944 2390 998 regnum,
2411 929 2463 982 in
2486 929 2677 984 eodem
2704 929 2920 984 Christo
2946 928 3174 985 Domino
3198 941 3402 994 nostro,
3432 1001 3436 1005 ~

1845 1022 1930 1076 cui
1962 1020 2132 1090 gloria
2159 1029 2214 1075 et
2241 1020 2554 1090 imperium,
2589 1036 2712 1076 cum
2739 1019 2897 1076 Patre
2925 1027 2979 1075 et
3015 1028 3201 1075 sancto
3232 1018 3404 1091 Spiri-

1847 1119 1926 1176 tu,
1945 1125 2092 1166 nunc
2115 1120 2169 1165 et
2186 1123 2422 1180 semper,
2440 1120 2493 1166 et
2515 1111 2568 1166 in
2592 1112 2788 1167 saecula
2816 1112 3156 1167 saeculorum.
3175 1114 3399 1168 Amen.»

1922 1199 2093 1255 Porro
2131 1208 2321 1254 exacta
2369 1210 2561 1269 quarta
2615 1203 2740 1268 die;
2793 1201 3082 1270 postridie,
3140 1217 3260 1270 quae
3311 1202 3407 1257 fuit

1847 1289 2125 1346 Dominica
2172 1305 2236 1346 ac
2275 1305 2428 1346 sacra
2456 1291 2890 1349 Resurrectionis
2919 1294 3055 1358 dies,
3091 1308 3213 1348 cum
3256 1296 3406 1360 prius

1846 1393 1944 1447 pro
1982 1393 2130 1434 more
2176 1381 2260 1434 vir
2299 1381 2491 1437 beatus
2529 1382 2760 1437 sedisset
2800 1382 3098 1454 fuissetque
3123 1383 3262 1439 lecta
3291 1384 3406 1438 haec

1845 1469 1961 1539 ipsa
1993 1469 2292 1525 catechesis
2326 1510 2342 1536 ,
2378 1470 2507 1540 quid
2542 1472 2735 1526 accidit
2769 1472 3121 1527 ?Animatior
3152 1473 3209 1527 fit
3238 1474 3405 1528 animi

1846 1561 2125 1615 alacritate
2159 1579 2171 1614 :
2207 1576 2330 1615 nam
2380 1570 2433 1616 et
2460 1561 2629 1627 labor,
2663 1563 2837 1627 aiunt,
2871 1563 3153 1618 sanitatem
3185 1564 3400 1633 praebet,

1847 1651 2126 1720 animique
2160 1651 2414 1706 alacritas
2443 1665 2505 1706 ac
2535 1653 2834 1722 impensius
2868 1652 3128 1717 studium,
3159 1661 3404 1707 mortuos

1848 1743 2091 1800 suscitat.
2134 1735 2270 1806 Quia
2314 1755 2442 1795 vero
2470 1756 2581 1795 rem
2635 1756 2845 1796 sacram
2881 1742 3060 1813 peragi
3098 1732 3401 1812 oportebat,

174 1835 377 1904 μάκαρ
405 1835 612 1895 ἐκεῖνος
651 1830 792 1902 εἶχεν
837 1830 1149 1901 ἐπιθυμίας,
1173 1831 1396 1883 εἴσεισιν
1425 1832 1503 1893 εἰς
1527 1831 1587 1884 τὸ
1605 1829 1745 1899 ἱερὸν

1853 1824 2004 1900 c'ujus
2039 1831 2122 1884 vir
2151 1840 2232 1885 ter
2260 1831 2475 1897 beatus,
2499 1833 2671 1887 multo
2697 1832 2936 1903 quotidie
2959 1831 3231 1888 desiderio
3257 1842 3404 1889 tene-

171 1922 444 1994 καθαρῶς
474 1921 782 1994 λατρεύσων
809 1921 883 1990 τῷ
913 1920 1123 1989 Κυρίῳ,
1155 1922 1246 1972 καὶ
1278 1920 1376 1989 τὴν
1411 1919 1744 1990 ἀναίμακτον

172 2012 511 2084 προσφέρων
538 2011 744 2064 θυσίαν.

253 2102 369 2154 Kal.
398 2101 597 2168 ταύτην
624 2097 1021 2166 πεπληρωκὼς,
1057 2096 1149 2150 καὶ
1173 2096 1430 2165 μεταδοὺς
1458 2099 1567 2159 τοῖς
1600 2112 1740 2166 παρ·

173 2191 328 2255 οὖσι,
361 2191 456 2242 καὶ
512 2190 688 2242 πάντα
721 2185 1076 2250 ἐκτετελεκὼς
1108 2184 1507 2256 ἁρμοδιώτατα,
1536 2186 1742 2239 ἐκεῖθεν

175 2282 281 2335 ἐπὶ
309 2281 408 2351 τὴν
435 2279 713 2350 τράπεζαν
745 2277 1140 2346 ἀνακέκληταιο
1176 2276 1260 2345 ἐφ’
1369 2277 1458 2329 καὶ
1490 2275 1744 2342 δεξιωσά-

181 2373 354 2441 μενός
390 2387 540 2432 τινας
575 2370 683 2421 τῶν
715 2367 1168 2437 παραγενομένων
1203 2367 1461 2438 Πατέρων
1496 2368 1588 2420 καὶ
1613 2370 1742 2437 ὁμο-

176 2458 452 2529 λογητῶν,
483 2459 578 2510 καὶ
609 2448 944 2525 φιλοφρόνως
977 2453 1211 2519 ξενίσας,
1239 2455 1304 2507 τὰ
1333 2454 1432 2524 τῆς
1476 2455 1744 2524 μεταστά-

181 2565 327 2611 σεως
355 2548 441 2601 διὰ
472 2547 710 2610 πάντων,
742 2544 834 2598 καὶ
868 2543 1396 2614 προσφθεγγόμενος,
1425 2543 1515 2596 καὶ
1545 2543 1744 2612 ὁμιλῶν

179 2637 419 2698 τούτοις,
459 2634 870 2704 παρεπέμπετο.
900 2630 1004 2683 Καί
1030 2647 1091 2698 γε
1112 2629 1270 2682 τοῦτο
1300 2629 1419 2698 οὐχὶ
1447 2635 1744 2698 τηνικαῦτα

185 2727 374 2798 μόνον,
415 2725 488 2787 ὦς
535 2726 677 2785 ὲστε,
713 2721 826 2776 ἀλλ’
867 2721 987 2784 ὃλος
1035 2722 1062 2773 ὁ
1103 2718 1290 2789 χρόνος
1323 2719 1420 2788 τῆς
1471 2719 1743 2789 μακαρίας

181 2815 284 2870 τοῦ
311 2814 554 2882 ἀοιδίμου
581 2811 744 2880 ζωῆς,
775 2810 924 2863 οὐδὲν
953 2809 1110 2862 πλέον
1150 2805 1237 2878 ἧν,
1283 2807 1315 2878 ἢ
1347 2808 1542 2877 μελέτη
1577 2808 1740 2861 θανά·-

185 2923 286 2960 του
310 2947 324 2972 ,
345 2906 440 2958 καὶ
477 2901 741 2973 ἐπιθυμία
775 2900 879 2954 τοῦ
899 2900 1218 2964 ἀναλῦσαι,
1244 2899 1340 2952 καί
1369 2897 1488 2952 σὺν
1515 2899 1744 2966 Χριστῷ

185 2992 364 3049 εἶναι.
412 2992 500 3057 Ἐξ
540 2988 606 3063 ἦς
642 2992 881 3061 μνήμης,
923 2991 1114 3051 ὁπόσος
1145 2987 1312 3057 αὐτῷ,
1355 2990 1445 3040 καὶ
1488 2989 1672 3057 ἡλίκος
1717 2990 1744 3040 ὁ

186 3085 534 3152 καθεκὰστην
585 3082 760 3148 ἀγώνς
810 3081 902 3132 καὶ
934 3082 1001 3132 τὰ
1050 3080 1135 3131 διὰ
1175 3068 1405 3148 σποοᾶδῆς
1456 3077 1742 3148 κατορθού-

1845 1924 2005 1976 batur
2032 1921 2166 1992 (l7),
2197 1923 2501 1993 ingreditur
2534 1924 3023 1992 templum,munde
3051 1925 3276 1981 Domino
3297 1926 3402 1981 mi-

1844 2011 2193 2074 nistraturus,
2225 2025 2290 2065 ac
2315 2010 2599 2066 oblaturus
2630 2012 2966 2066 incruentam
2999 2013 3252 2066 hostiam.

1896 2095 2087 2163 Porro,
2107 2105 2323 2166 peracta
2348 2113 2404 2152 re
2422 2114 2594 2160 sacra,
2612 2099 3023 2166 impertitusque
3048 2099 3131 2162 iis,
3151 2099 3244 2168 qui
3261 2098 3406 2153 ades-

1845 2195 1988 2248 sent,
2024 2183 2239 2238 vivifica
2270 2194 2631 2247 sacramenta,
2663 2199 2725 2237 ac
2753 2183 3008 2238 omnibus
3030 2182 3406 2252 congruentis-

1844 2275 1980 2330 sime
2014 2275 2424 2340 consummatis;
2461 2274 2610 2330 illinc
2641 2275 2704 2332 ad
2735 2288 2974 2330 mensam
3009 2288 3263 2328 reversus
3277 2281 3400 2328 est:

1845 2365 1935 2419 ubi
1969 2365 2133 2419 etiam
2167 2366 2477 2429 nonnullos,
2502 2367 2591 2436 qui
2617 2366 2888 2430 adessent,
2909 2365 3091 2420 Patres
3119 2374 3172 2419 et
3193 2362 3405 2420 confes-

1845 2466 2021 2516 sores,
2053 2451 2416 2520 amplexatus,
2454 2467 2516 2506 ac
2554 2460 2803 2506 amanter
2843 2451 3141 2520 excipiens,
3181 2451 3270 2504 vix
3301 2449 3402 2504 nisi

1844 2541 1912 2594 de
1949 2550 2121 2594 morte
2165 2551 2417 2596 conserto
2459 2556 2709 2595 sermone
2751 2555 2816 2594 ac
2862 2541 3156 2610 colloquio,
3199 2539 3404 2595 dimisit

1843 2643 1955 2683 eos.
1989 2629 2097 2684 Nec
2141 2645 2290 2696 sane,
2324 2632 2393 2685 ita
2437 2637 2566 2684 tunc
2597 2629 2793 2694 solum,
2824 2638 2884 2682 ut
2922 2629 3108 2694 scitis;
3143 2629 3235 2683 sed
3266 2638 3406 2683 tem-

1845 2730 1946 2784 pus
1978 2725 2151 2770 totum
2186 2718 2356 2771 beata:
2393 2718 2491 2770 viri
2519 2717 2702 2786 inclyti
2737 2717 2860 2771 vitae
2884 2755 2898 2781 ,
2942 2717 3078 2771 nihil
3109 2717 3278 2786 magis
3309 2716 3406 2772 ha-

1845 2806 1982 2872 buit,
2009 2823 2170 2876 quam
2194 2809 2383 2863 mortis
2410 2808 2835 2868 meditationem,
2860 2816 2914 2862 ct
2940 2807 3255 2865 desiderium
3293 2808 3404 2861 dis-

1844 2897 1971 2950 solvi
2018 2905 2067 2950 et
2105 2913 2212 2950 esse
2255 2912 2372 2949 cum
2417 2896 2708 2952 Christo“.
2735 2895 2812 2950 Ex
2844 2911 2906 2952 ea
2945 2899 3226 2963 memoria,
3249 2897 3406 2964 quale

1846 2988 1947 3056 ipsi
1981 3002 2043 3040 ac
2068 2996 2331 3055 quantum
2361 2988 2603 3055 quotidie
2635 2998 2907 3042 certamen
2944 2986 3079 3041 fuit?
3109 2986 3247 3054 Quid
3274 3003 3404 3044 vero

1845 3091 2006 3145 opus,
2039 3076 2245 3131 referre
2267 3092 2332 3131 eo
2362 3077 2543 3132 studio
2588 3087 2738 3147 gesta
2765 3078 2976 3148 egregia
3011 3087 3123 3133 tum
3152 3080 3402 3149 privatim

192 3146 335 3239 μενα
383 3146 502 3219 ἰδιόι
533 3183 592 3218 τε
635 3146 735 3220 καὶ
762 3167 934 3234 κοινῇ,
979 3165 1029 3217 τί
1067 3166 1147 3217 δεῖ
1193 3165 1286 3218 καὶ
1319 3146 1517 3232 λέγειν,
1567 3146 1746 3218 αὐτῶν

1853 3177 1964 3221 tum
1995 3167 2232 3234 publice,
2271 3182 2390 3222 cum
2419 3169 2505 3220 vix
2540 3168 2656 3236 ipsa
2687 3182 2794 3222 non
2821 3168 3099 3223 clament?
3131 3166 3285 3232 Nune
3307 3184 3404 3223 au-

189 3259 400 3314 τούτων
457 3257 780 3327 μονονουχὶ,
837 3256 930 3307 καὶ
979 3255 1125 3326 ἔργῳ
1182 3256 1460 3325 βοώντων;
1509 3257 1645 3308 Νυνὶ
1693 3257 1745 3308 δὲ

191 3350 377 3419 πολλῷ
436 3348 628 3401 πλέον’
684 3347 758 3409 ὡς
811 3344 1004 3414 μικροῦ
1056 3345 1296 3409 ἐνιαυτὸς
1347 3346 1744 3416 παρὺιπευσεν,

193 3442 434 3510 ὁπηνίκα
463 3440 684 3502 τελείως
717 3437 850 3508 πρὸς
872 3436 969 3505 τὴν
1000 3436 1176 3503 ἔξοδον
1213 3439 1619 3508 παρεσκεύαστο
1639 3454 1653 3469 ο
1677 3439 1750 3499 ὡς

195 3531 474 3593 πολλάκις,
512 3530 605 3583 καὶ
644 3529 733 3581 ἐπὶ
762 3526 936 3595 συχνῷ
984 3527 1366 3597 παρεδρεύοντί
1403 3545 1490 3596 μοι
1520 3525 1685 3596 αὐτῷ,
1723 3529 1750 3578 ὁ

195 3623 376 3674 πάντα
425 3621 674 3690 βουλήσει
729 3616 862 3669 Θεοῦ
913 3615 1008 3668 καὶ
1054 3618 1194 3686 δρῶν
1239 3620 1331 3670 καὶ
1371 3618 1561 3684 λέγων,
1604 3617 1751 3686 ὅμως

194 3711 627 3781 Χριστομιμήτῳ
658 3705 980 3762 ταπεινώσει
1028 3708 1125 3759 οὐκ
1161 3707 1388 3776 ἀπηξίου
1441 3707 1749 3777 προσφθέγ-

196 3802 410 3870 γεσΟαι,
440 3801 533 3853 καὶ
574 3802 637 3868 τῇ
671 3798 914 3869 ἡμετέρᾳ
941 3797 1268 3851 ταπεινώσει
1302 3801 1360 3852 ὲν
1384 3799 1594 3860 τούτοις
1617 3814 1631 3828 ο
1656 3799 1746 3868 Μή

195 3909 249 3944 τι
279 3890 589 3958 ὲνελίπομεν
614 3885 720 3957 ἆρα
740 3887 846 3940 τῶν
870 3887 1188 3956 ὀφειλόντων
1209 3888 1505 3959 λαληθῆναι
1529 3887 1667 3941 κατὰ
1688 3888 1747 3941 τὸ

198 3982 526 4048 ἀναγκαῖον;
562 3980 636 4048 μή
672 3994 724 4030 τι
770 3977 876 4030 τῶν
921 3978 1416 4048 κεχρεωστημένων
1451 3981 1584 4049 ἡμῖν
1609 3996 1746 4049 παρ·

198 4069 496 4139 ημέληταις
538 4066 678 4120 οὕτω
717 4067 812 4121 καὶ
865 4068 990 4136 περί
1027 4068 1133 4121 τῶν
1167 4069 1420 4122 τοιούτων
1446 4070 1478 4138 ἡ
1505 4070 1745 4138 μακαρία

198 4161 380 4229 ἐκείνη
429 4157 828 4228 πολυμέριμνος
872 4155 1017 4226 ψυχη
1064 4158 1378 4226 ἠγωνίζετο,
1413 4160 1506 4212 καὶ
1554 4159 1743 4227 ἐφρόν-

200 4251 352 4314 τιξε⁶
394 4249 488 4300 καὶ
521 4247 657 4318 μετὰ
679 4247 776 4318 τὴν
818 4247 973 4315 ἑξῆς·
1027 4244 1093 4318 ἧν
1133 4246 1240 4318 γὰρ
1269 4249 1425 4317 τρίτη
1473 4248 1579 4300 τῶν
1610 4250 1743 4318 ἡμεα

1849 3271 1953 3314 tem
1982 3258 2139 3328 longe
2178 3259 2410 3328 amplius
2447 3275 2459 3311 :
2491 3259 2677 3324 utjam
2713 3256 2826 3314 fere
2856 3258 2924 3313 ab
2952 3274 3118 3323 anno,
3150 3261 3314 3314 merti
3345 3252 3406 3316 se

1848 3346 2087 3418 perfecte
2132 3356 2503 3416 comparasset
2536 3365 2547 3400 :
2581 3348 2728 3402 Adeo
2762 3358 2854 3410 ut,
2882 3347 3003 3401 cum
3033 3348 3080 3402 ei
3118 3349 3317 3417 saepius
3343 3365 3406 3404 ac

1853 3436 2106 3506 frequens
2147 3437 2413 3501 adessem,
2446 3438 2537 3507 qui
2577 3438 2758 3494 omnia
2796 3437 2886 3492 Dei
2919 3439 3194 3495 voluntate
3227 3450 3283 3495 et
3321 3440 3405 3496 fa-

1855 3539 1999 3585 ceret
2026 3537 2079 3581 et
2112 3530 2452 3597 loqueretur;
2497 3541 2594 3583 nec
2632 3529 2710 3583 sic
2751 3537 2953 3596 tamen,
2985 3529 3189 3586 Christi
3221 3531 3404 3587 humi-

1855 3623 2020 3676 litatis
2048 3620 2294 3682 a3mulus,
2321 3617 2684 3671 humilitatem
2715 3633 2887 3672 meam
2917 3633 3080 3686 super
3099 3619 3184 3674 his
3206 3620 3405 3691 allequi

1855 3713 2262 3784 dedignaretur:
2287 3707 2426 3762 Num
2447 3717 2716 3776 superest,
2742 3709 2938 3774 aiebat,
2963 3709 3166 3779 aliquid
3194 3724 3404 3771 eorum,
3436 3739 3439 3742 ι

1855 3814 1974 3869 qua:
2019 3795 2325 3852 necessarie
2372 3795 2517 3863 loqui
2561 3793 2890 3848 habuimus?
2930 3794 3184 3864 Nunquid
3219 3810 3406 3853 eorum

1853 3890 2056 3958 aliquid
2108 3886 2468 3956 negleximus,
2515 3899 2742 3952 quorum
2793 3900 3034 3941 essemus
3095 3888 3410 3944 debitores?

1854 3980 1944 4036 Sic
1976 3981 2025 4032 in
2059 3977 2326 4046 ejusmodi
2353 3975 2712 4030 contendebat
2734 3987 2788 4031 et
2813 3977 3005 4047 agebat
3024 3992 3234 4042 curam,
3252 3977 3405 4033 beata

1854 4071 1962 4136 illa,
1996 4083 2059 4122 ac
2083 4068 2266 4121 multa:
2299 4066 2680 4121 sollicitudinis
2706 4067 2907 4121 anima.
2945 4065 3144 4121 Verum
3174 4079 3296 4136 post
3317 4082 3406 4125 se-

1850 4170 2104 4233 quentem
2135 4161 2275 4214 diem
2310 4176 2324 4212 :
2365 4158 2469 4213 fuit
2505 4161 2648 4213 enim
2677 4160 2830 4214 tertia
2871 4159 3008 4222 dies,
3040 4174 3145 4228 qua
3173 4160 3406 4215 occurrit

1853 4253 2108 4308 memoria
2137 4249 2246 4319 (l‘8)
2297 4251 2475 4319 magni
2525 4250 2850 4308 confessoris
2890 4248 3074 4313 Pauli;
3109 4252 3191 4304 vir
3221 4250 3410 4306 beatus

271 4382 316 4413 ³³
346 4380 367 4434 Ι
401 4375 562 4431 Thes.
599 4395 635 4441 ι,
667 4379 718 4432 8.
793 4381 839 4410 ’⁸
872 4380 887 4431 l
920 4379 1055 4432 Tim.
1102 4394 1158 4442 ιι,
1190 4383 1242 4443 4.
1319 4381 1362 4413 ’⁸
1413 4380 1427 4432 l
1476 4377 1602 4432 Cor.
1653 4395 1747 4432 xm

1855 4419 1866 4433 .
1943 4383 1988 4414 “
2016 4379 2245 4448 Philipp.
2299 4394 2339 4442 ι,
2364 4377 2453 4431 25.

202 4474 490 4543 αἰσχύνην·
543 4471 786 4543 ἁλλ’-ἐπὶ
827 4475 1089 4542 πέταυρον
1129 4473 1252 4542 ᾇεου
1299 4475 1529 4542 συναντᾷ
1547 4488 1564 4543 Δ.
1612 4488 1747 4543 Aqua,

1853 4484 1899 4528 et
1941 4491 1968 4529 a
1999 4475 2107 4527 Deo
2142 4489 2171 4526 τι
2201 4488 2307 4541 quo
2355 4473 2508 4540 ipse;
2539 4473 2857 4541 inspectanti
2927 4473 3119 4528 fratres
3163 4488 3409 4530 sorores-

202 4540 361 4597 verba
379 4540 803 4611 habenturProv.
825 4557 902 4596 ιιι.
924 4540 1128 4595 Occurit
1141 4540 1193 4594 in
1207 4543 1430 4611 pro/und
1438 4560 1463 4594 ιι
1475 4540 1520 4593 ni
1538 4540 1748 4611 inferni.

205 4612 434 4682 Hesych.
468 4608 602 4682 εἶδος
641 4611 897 4682 παγίδος-ἣ
929 4623 1115 4682 auctor
1147 4608 1363 4680 quoque
1404 4612 1525 4662 vitae
1546 4609 1752 4682 _Nicolai

207 4679 432 4736 Studitaa
461 4683 526 4732 de
548 4679 814 4747 Cypriane
840 4679 1040 4732 Nicolai
1069 4679 1351 4747 discipulo,
1382 4695 1503 4733 cum
1537 4680 1752 4746 juvenis

206 4751 345 4803 inter
375 4750 660 4802 Scholares
710 4750 822 4801 alas
858 4750 1112 4810 militans,
1143 4766 1169 4801 ιι
1200 4750 1423 4801 muliere
1480 4748 1748 4815 impudica

203 4821 312 4888 jam
354 4820 510 4871 tertio
551 4816 616 4888 ad
655 4817 1349 4888 libidinemprovocaretur
1390 4833 1403 4868 :
1446 4818 1520 4877 ὡς
1562 4817 1749 4888 eam}

205 4884 386 4958 τρίτον
404 4887 723 4958 ἐπιστᾶσαν,
753 4886 848 4938 καὶ
870 4884 1289 4958 προς-πέ-ταυρον
1306 4885 1429 4956 ᾅδου
1448 4884 1750 4958 κᾼατασῦραί

1860 4560 1963 4611 que
1992 4543 2241 4611 audirent
2287 4560 2300 4594 :
2347 4556 2465 4611 eam
2509 4543 2604 4593 viri
2643 4543 2895 4609 pietatem
2924 4582 2939 4607 ,
2996 4545 3411 4599 commendante

1863 4610 1990 4677 Deo,
2034 4610 2263 4664 mirabili
2290 4610 2520 4677 quadam
2551 4611 2600 4662 in
2633 4627 2717 4664 res
2741 4625 2930 4665 omnes
2973 4613 3320 4676 auctoritate,
3352 4623 3411 4668 ut

1860 4684 2053 4736 nedum
2076 4682 2252 4741 hrnta,
2277 4680 2372 4751 sed
2398 4679 2479 4751 vel
2503 4679 2797 4743 insensata,
2821 4680 2967 4751 velut
3002 4679 3218 4751 fratrem
3244 4695 3412 4751 agno-

1859 4759 2088 4814 scerent,
2112 4763 2176 4802 ac
2201 4763 2301 4802 nec
2330 4747 2475 4815 ignis
2489 4749 3095 4810 cruciarer,cruciatum
3121 4747 3412 4818 deprecan-

1858 4829 1982 4873 lem.

1917 4887 2028 4957 (l7)
2072 4885 2238 4957 Multo
2263 4884 2493 4957 quotidie
2529 4876 3104 4957 desiderioten'elgatur.
3136 4888 3204 4957 ἣν
3247 4888 3410 4939 ἑκάσ-

211 4950 631 5034 μξεηβουλομὲνην
663 4950 927 5034 εώραιια.’
957 4953 1054 5034 [ζὺί
1068 4950 1436 5034 ⁸ῥιιιιιιίιενιίιιιιιι
1470 4950 1747 5034 instantem

1853 4950 1967 5034 τοτε
2013 4950 2119 5008 ’διὰ
2159 4950 2356 5034 πολλῇς
2399 4950 2563 5034 εἶχεν-
2591 4954 2899 5034 ἐπιθυμίας,
2948 4954 3106 5034 Non“
3127 4950 3266 5009 forte
3318 4972 3415 5034 per

207 5024 337 5085 uidi,
368 5040 544 5093 meque
577 5024 628 5074 in
658 5024 848 5092 inferni
878 5024 1190 5092 profundum
1231 5025 1483 5093 volentem
1527 5024 1746 5093 trahere.

279 5093 388 5163 (16)
438 5090 747 5160 Sta/ferentes
787 5090 983 5146 omnia.
1036 5094 1170 5145 Sunt
1207 5095 1362 5146 verba
1397 5091 1547 5163 Pauli
1579 5095 1596 5143 Ι
1630 5090 1751 5145 Cor.

212 5161 328 5219 xui.
363 5161 588 5230 Soloque
611 5164 896 5230 antiquarii
933 5165 1082 5229 lapsu
1111 5164 1316 5215 videtur
1345 5162 1404 5213 τὸ
1438 5161 1751 5230 στέργοντες

212 5233 513 5301 irrepsisse,
545 5231 666 5284 ἀντὶ
685 5233 777 5284 τοῦ
805 5231 1253 5297 στέγοντες.ριιὶ(1
1278 5231 1320 5285 si
1345 5232 1415 5283 ila
1437 5231 1563 5298 legit
1584 5231 1758 5301 Theo-

213 5299 397 5367 dorus,
429 5300 514 5354 vel
557 5301 630 5354 ita
681 5301 1031 5369 apostolicam
1067 5315 1251 5355 vocem
1302 5301 1546 5362 detorsit,
1591 5309 1646 5350 nt
1684 5299 1758 5350 si-

213 5372 494 5440 gnificaret
522 5369 610 5440 illa
641 5370 908 5438 iustorum
941 5371 1166 5432 viscera,
1207 5371 1404 5437 quibus
1432 5383 1553 5440 vere
1577 5369 1760 5440 omnia

213 5438 457 5493 videntur
493 5439 757 5507 στέργειν,
803 5440 1074 5501 adamare,
1107 5450 1160 5492 et
1184 5440 1428 5507 quadam,
1469 5438 1753 5507 charitate,

214 5522 313 5577 pro
344 5505 610 5575 cujusque
637 5505 732 5562 rei
773 5509 997 5572 ratione,
1039 5505 1290 5576 prosequi
1331 5525 1343 5560 :
1386 5506 1542 5571 Nam,
1594 5505 1756 5557 Novit

209 5577 380 5642 justus
415 5579 770 5646 jumentmum
812 5594 1022 5629 suorum
1073 5579 1298 5640 animas,
1345 5577 1540 5646 uiscera
1581 5587 1752 5628 autem

212 5644 485 5714 aniorum
539 5647 792 5699 crudelia.
829 5647 983 5699 Prov.
1017 5662 1111 5708 xu,
1141 5661 1280 5699 vers.
1330 5645 1411 5698 10.
1457 5644 1753 5714 Ρΐαῖεεμυίι

212 5711 535 5772 Franciscus
565 5717 806 5772 Asisinas
833 5731 894 5770 ea
926 5717 1203 5780 charitatc,
1237 5715 1324 5770 cui
1354 5715 1532 5770 omnia
1559 5723 1615 5767 ut
1639 5712 1750 5780 Dei,

1852 5026 2086 5092 seipsum
2123 5027 2361 5090 quotidie
2389 5023 2725 5092 peracturus,
2756 5025 2899 5090 quod
2937 5038 3034 5078 nec
3069 5023 3254 5078 Graeca
3277 5023 3407 5079 satis

1859 5096 2166 5164 signiﬁcant
2209 5095 2338 5146 :vel
2384 5094 2624 5164 quotidie
2668 5102 2986 5164 peracturus
3036 5095 3273 5162 quidem,
3319 5093 3411 5164 sed

1863 5162 2031 5217 veto:
2065 5177 2228 5232 reque
2273 5165 2409 5226 ipsa,
2450 5162 2689 5232 quoties
2738 5162 2980 5217 licuisset
3030 5201 3045 5225 ,
3099 5178 3261 5230 quam
3309 5163 3416 5216 fre-

1865 5234 2083 5302 quentis
2113 5231 2492 5285 celebrationis
2519 5232 2863 5302 cupiditatem
2889 5239 3088 5302 tantam
3105 5232 3414 5302 habuerunt

1867 5299 2042 5379 sancti
2086 5319 2194 5355 non
2241 5302 2417 5379 pauci,
2459 5310 2515 5352 ut
2545 5304 2721 5379 __\'elut_
2754 5301 3001 5379 desolati,
3043 5315 3148 5379 qua
3191 5299 3277 5353 die
3307 5316 3412 5379 non

1867 5368 2254 5431 cclebrassent,
2289 5370 2369 5422 vix
2419 5368 2672 5438 gaudium
2711 5369 2966 5422 haberent
2999 5385 3010 5420 :
3063 5368 3140 5422 ira
3183 5374 3416 5424 maxime

1869 5452 2052 5494 noster
2085 5440 2408 5500 Ludovicus,
2444 5449 2547 5492 etc.

1932 5509 2042 5578 (18)
2077 5509 2252 5578 Magni
2284 5508 2593 5575 confessoris
2619 5505 2799 5559 Pauli.
2834 5505 2997 5578 Ponit
3019 5505 3244 5578 Michael
3274 5507 3416 5578 hunc

1861 5573 2001 5631 diem
2025 5573 2070 5631 ’6
2101 5573 2434 5642 Novembris,
2468 5595 2497 5631 ιι
2527 5593 2635 5644 quo
2667 5587 2942 5643 superstes
2976 5574 3072 5628 fuit
3101 5573 3418 5642 Theodorus

1863 5663 2035 5715 usque
2069 5649 2133 5701 ad
2165 5647 2301 5700 dicm
2337 5657 2525 5702 sancto
2553 5646 2768 5715 martyri
2813 5644 2977 5700 Mena:
3012 5660 3228 5699 sacrum
3260 5683 3274 5708 ,
3319 5660 3417 5697 no-

1862 5718 1943 5772 bis
1967 5717 2138 5772 sancti
2169 5716 2381 5771 Martini
