3976 6314
129 385 275 448 1845

1134 376 1234 432 DE
1264 373 1490 432 OBITU
1532 373 1594 432 s.
1625 370 2018 430 THEODORI
2058 333 2421 429 STU'Dl‘l‘zE.

3258 355 3389 417 1846

125 492 490 560 πνεύματος
529 485 696 554 ὑμῶν
714 499 728 514 ⁸
763 483 856 536 καὶ
882 481 1266 551 ἀσπασάμενος
1302 481 1428 542 τοὺς
1454 478 1725 546 παρόντας

1855 477 2092 530 90minus
2125 475 2269 542 pacis
2298 473 2398 527 erit
2431 487 2548 525 cum
2578 473 2767 540 spiritu
2799 479 2966 523 vestro
2989 469 3056 521 ’⁸.
3083 467 3395 533 Omnesque

127 587 418 644 ἅπαντας,
449 578 719 647 διέμεινεν
752 573 944 637 οὕτως.
975 574 1085 626 Καὶ
1115 572 1213 642 τὴν
1242 570 1407 642 αὐτὴν
1427 561 1720 624 διαδίδοται

124 680 159 743 ἡ
192 677 373 742 ἀκοὴ,
423 671 521 723 καὶ
566 667 928 738 παραγίνεται
970 663 1100 718 λαοῦ
1143 664 1348 732 πλῆθος
1397 662 1496 714 οὐκ
1523 660 1722 728 ὀλίγον.

127 766 250 819 Καὶ
305 763 456 816 οὓτω
503 758 926 828 δισημερεύσας,
977 756 1206 807 ’ἑκαστον
1261 753 1371 805 τῶν
1397 750 1726 821 ἐρχομένων,

128 857 235 910 καὶ
267 852 761 922 κατασφραγίζων,
799 849 892 902 καὶ
940 847 1199 914 εὐλογῶν,
1239 847 1333 899 καὶ
1379 843 1728 908 κατασπαζό-

134 964 335 1017 μενος,
371 946 465 997 καὶ
507 944 687 1014 ἡρέμα
720 939 1257 1011 προσφθεγγόμενος,
1300 937 1394 989 καὶ
1423 936 1728 1004 ἐπευχόμε-

131 1056 228 1101 νος
280 1039 312 1090 ὀ
368 1035 788 1106 τρισμακάριος,
830 1031 1070 1083 ἀπέλυεν
1121 1030 1179 1081 ἐν
1226 1028 1463 1098 εἰρήνῃ,
1513 1027 1730 1096 ἑκάστῳ

138 1135 380 1198 μνήμης
412 1125 558 1190 ἄξιον
593 1123 684 1176 καὶ
715 1121 985 1189 σωτηρίας
1041 1118 1249 1186 ἐφόδιον
1279 1114 1725 1185 καταλιμπάνων.

217 1219 340 1270 Καὶ
362 1219 426 1286 τῇ
461 1215 712 1284 Κυριακῇ
742 1213 799 1265 ἐν
897 1212 930 1279 ἡ
966 1209 1156 1279 μνήμη
1190 1207 1484 1272 ἐξετελεῖτο
1513 1204 1608 1256 τοῦ
1631 1221 1728 1274 με-

136 1309 324 1375 γάλου
366 1306 640 1374 μάρτυρος
688 1301 888 1368 Μηνᾶ,
941 1297 1190 1367 ἐψαλκὼς
1223 1295 1292 1348 τὰ
1337 1294 1581 1364 συνήθη·
1631 1289 1730 1345 εἶθ’

139 1398 334 1459 οὕτως
390 1391 673 1465 μετασχὼν
720 1391 826 1442 τῶν
875 1388 1234 1458 ἁγιασμάτων
1291 1387 1397 1438 τῶν
1450 1382 1732 1447 ζωοποιῶν

142 1489 422 1550 ἐκείνων,
472 1483 566 1536 καὶ⁸
608 1480 747 1533 κατά
790 1480 849 1531 τὸ
903 1479 1092 1541 είωοδς
1156 1474 1589 1544 ἐπαλειψάμενος
1639 1473 1733 1526 καὶ

142 1571 774 1643 κατασφραγισάμενος,
831 1566 965 1636 ὑψοῦ
1023 1567 1121 1627 τὰς
1177 1566 1364 1634 χεῖρας
1424 1564 1582 1632 ἄρας,
1640 1559 1734 1613 καὶ

146 1664 626 1738 προσευξάμενος,
659 1663 785 1729 περὶ
812 1657 960 1729 ὤραν
988 1656 1153 1724 ἓκτην
1183 1655 1506 1723 αἰσθόμενος
1536 1650 1732 1704 ἑαυτοῦ

503 1770 561 1814 ς,
617 1749 948 1819 προστάσσει
1007 1746 1188 1815 ἡρέμα
1244 1743 1518 1812 κηραψίαν
1579 1741 1731 1810 γενέ-

148 1946 215 1996 ὲν
257 1938 339 2008 τῷ
388 1937 581 2004 στίχῳ,
616 1936 672 1984 ὲν
783 1946 980 1999 φησιν,
1017 1931 1120 1993 Εἰς
1161 1929 1265 1980 τὸν
1307 1925 1494 1979 αἰῶνα
1533 1925 1606 1978 οὐ
1647 1921 1731 1991 μὴ

149 2031 534 2096 ἐπιλάθωμαι
562 2025 677 2078 τῶν
707 2020 1112 2088 δικαιωμάτων
1138 2034 1279 2083 σου,
1317 2017 1405 2070 ὅτι
1434 2017 1505 2069 ἐν
1531 2014 1736 2078 αὐτοῖς

151 2121 386 2192 ἑζησάς
440 2135 536 2188 με,
581 2112 1049 2183 ὲνδιατριϐόντων,
1099 2109 1381 2180 παρέδωκε
1417 2107 1514 2175 τὴν
1553 2123 1736 2176 μακα-

159 2217 294 2287 ρίαν
348 2212 442 2265 καὶ
486 2207 731 2275 καθαρὰν
780 2202 945 2257 αὑτοῦ
972 2200 1148 2271 ψυχὴν
1197 2201 1308 2261 τοῖς
1365 2199 1542 2264 ἁγίοις
1572 2194 1738 2263 ἀγγέ-

154 2286 301 2368 λοις.
332 2303 486 2355 Οὕτω
519 2297 615 2368 μὲν
651 2291 742 2347 οὖν
777 2295 850 2356 ὡς
877 2294 932 2345 ὲν
967 2289 1227 2360 συντομία
1253 2292 1285 2358 ὴ
1314 2288 1405 2340 τοῦ
1432 2286 1739 2356 τρισμάκιι.⁹

163 2413 264 2465 po;
297 2393 581 2462 κοίμησις,
633 2387 726 2439 καὶ
759 2384 852 2436 τοῦ
884 2379 1176 2450 ἀθλητικοῦ
1211 2379 1411 2449 δρόμου
1441 2378 1500 2430 τὸ
1531 2377 1734 2446 πέρας·

160 2489 269 2541 καὶ
317 2484 455 2552 αὓτη
489 2485 523 2551 ἡ
566 2479 672 2531 τῶν
708 2476 915 2530 πολλῶν
962 2473 1212 2542 ἀγώνων,
1255 2472 1350 2524 καὶ
1399 2470 1597 2535 πόνων,
1647 2469 1742 2522 καὶ

165 2575 416 2648 ἱδρώτων
440 2573 518 2633 είς
549 2569 719 2622 αίῶνα
753 2566 947 2628 αἰῶνος
983 2565 1346 2624 κατάπαυσις.

263 2665 402 2718 Ἀλλ’
449 2663 516 2728 ὣ,
561 2661 679 2723 πῶς
720 2660 848 2728 ὑμῖν
914 2655 1175 2725 ἀδακρυτὶ
1207 2654 1276 2706 τά
1322 2652 1450 2722 ἑξῆς
1499 2651 1589 2705 ὑπ’
1622 2651 1742 2720 όψιν

166 2759 390 2827 ἀγάγω,
445 2751 886 2822 πυρπολούμενος
921 2750 1030 2810 τοῖς
1083 2746 1386 2815 λογισμοῖς,
1438 2743 1533 2796 καὶ
1581 2743 1744 2796 οἱονεὶ

169 2845 486 2916 ἐξεστηκὼς
516 2847 580 2914 τῇ
614 2841 808 2911 καρδία
830 2858 844 2904 ;
870 2838 964 2891 καί
1002 2853 1089 2906 μοι
1117 2836 1235 2888 δότε
1262 2834 1454 2905 μικρὸν
1484 2832 1742 2903 ἐνδιατρί-

170 2941 278 3009 ψαι
307 2939 385 3008 τῷ
409 2937 728 3004 διηγήματι.
778 2931 994 2981 Ἕκειτο
1022 2923 1114 2979 οὖν
1143 2927 1170 2978 ὁ
1201 2925 1519 2996 τρισμάκαρ
1550 2922 1746 2993 (καλὸν

172 3032 288 3098 γὰρ
365 3027 495 3097 μηδὲ
545 3024 702 3076 τοῦτο
759 3019 1171 3090 παραδραμεῖν,
1224 3016 1412 3086 ὥσπερ
1491 3031 1542 3066 τι
1597 3012 1748 3078 ξένον

177 3125 403 3191 οέαμα),
440 3116 713 3184 αἰδέσιμος
735 3117 798 3182 τῇ
833 3112 975 3180 Mign,
1001 3107 1349 3178 ἀγγελοειδὴς
1381 3105 1458 3173 τῷ
1483 3106 1744 3174 σχήματι,
1774 3154 1818 3211 C

175 3214 281 3282 τῆς
320 3208 700 3279 ὲνδημησάσης
731 3203 865 3274 πρὸς
918 3201 1120 3270 Κύριον
1163 3197 1339 3267 ψυχῆς
1377 3195 1564 3263 ὧσπερ
1594 3193 1746 3256 τινὰς

179 3304 490 3374 φωτοειδεῖς
539 3300 762 3362 ἀκτῖνας
818 3289 1312 3362 ἐναπομαξαμένης
1351 3286 1428 3355 τῷ
1477 3287 1606 3355 ἱερῷ
1639 3284 1748 3336 σώ-

184 3414 337 3466 ματι,
361 3394 475 3463 μεθ’
509 3383 570 3443 οὗ
600 3389 694 3442 καὶ
720 3389 805 3456 ἐφ’
826 3378 869 3452 ᾧ
899 3383 1226 3452 λελάτρευκε
1257 3381 1321 3448 τῇ
1353 3376 1486 3446 ἀγίᾳ
1535 3374 1746 3444 Τριάδι.

185 3484 570 3549 Προστέθειται
609 3478 868 3546 ἐξαπίνης
888 3475 1001 3537 τοῖς
1023 3468 1354 3543 προλαϐοῦσι
1390 3465 1598 3533 πλῆθος
1634 3463 1751 3515 ἓτε-

189 3597 306 3651 ρον,
334 3577 466 3646 ὁμοῦ
501 3575 595 3644 μὲν
627 3567 928 3641 μοναστῶν,
954 3563 1088 3633 ὁμοῦ
1113 3563 1169 3616 δὲ
1203 3560 1294 3613 καὶ⁸
1326 3557 1586 3628 μιγάδων·
1616 3554 1750 3606 πολ-

184 3642 270 3724 λοὶ
295 3642 378 3723 ὅτι
413 3642 667 3737 μάλιστα,
713 3662 804 3714 καὶ
833 3658 937 3712 τῶν
971 3656 1194 3724 ὲξόχων,
1242 3651 1361 3721 μεθ’
1390 3642 1464 3702 ὧν
1499 3647 1594 3700 καὶ
1641 3648 1752 3715 iap-

188 3763 386 3831 ἁρχαι,
416 3735 530 3810 καὶ
585 3755 783 3823 ἱερεῖς,
841 3746 1234 3819 ἐπιφερόμενος
1271 3741 1498 3799 ἕκαστος
1543 3737 1613 3790 τὰ
1654 3735 1753 3803 τῆς

193 3824 467 3923 μακαρίας
503 3845 716 3913 ἐκείνης
761 3839 981 3909 κηδείας
1021 3835 1116 3888 καὶ
1163 3831 1344 3899 ταφῆς
1395 3827 1665 3898 ἁρμόδια·
1704 3824 1753 3875 οί

193 3916 289 4010 μὲν
311 3916 509 4007 κηροὺς
542 3934 842 4000 ὲξάσπρους
872 3929 964 3982 καὶ
993 3923 1318 3992 πολυτίμους
1338 3938 1351 3951 ·
1381 3921 1409 3972 ό
1437 3920 1511 3982 δὲ,
1535 3916 1747 3970 σινδόνα

193 4009 623 4095 πεποικιλμένην
643 4040 656 4054 ·
686 4023 870 4092 ἕτερος
900 4014 1298 4082 καταπέτασμα
1321 4009 1752 4082 περιπόρφυρον·

193 4126 286 4177 καὶ
318 4123 464 4176 ἄλλοι
507 4117 676 4185 σκεύη
708 4116 946 4185 ἀργυρᾶ,
985 4111 1078 4165 καὶ
1104 4108 1482 4180 χρυσάργυρα,
1519 4101 1615 4154 καὶ
1643 4100 1758 4168 ἠλε-

193 4212 458 4284 κτριώδη·
493 4209 586 4262 καὶ
628 4208 676 4258 οἱ
712 4208 807 4275 μὲν
838 4203 1127 4273 ἀρώματα,
1156 4198 1248 4251 καὶ
1291 4195 1630 4263 Θυμιάματα,
1664 4190 1757 4242 καὶ

194 4282 346 4367 ἄλλος
383 4304 529 4363 ἄλλο,
561 4302 653 4352 καὶ
686 4299 874 4366 ἕτερος
909 4297 1114 4364 ἓτερον,
1157 4293 1242 4344 ἵνα
1276 4289 1351 4358 μὴ
1398 4282 1754 4356 μακρηγορῶ.

196 4401 404 4459 Πάντες
433 4395 476 4446 δ’
501 4392 593 4445 οὖν
623 4392 770 4460 ὅμως
805 4389 985 4439 πίστει
1015 4383 1334 4441 σπεύδοντες
1364 4378 1514 4442 ἄξιον
1539 4375 1757 4444 μνήμης

1826 570 1919 640 qui
1954 569 2180 623 aderant
2202 567 2568 636 amplexatus,
2591 566 2662 619 ita
2687 561 2967 618 remansit.
3016 559 3237 615 Interim
3264 572 3394 612 vero

1825 658 2002 729 gliscit
2029 656 2197 721 fama,
2217 655 2479 726 adestque
2505 654 2688 725 populi
2712 652 3003 708 multitudo
3029 667 3136 706 non
3159 648 3395 705 modica.

1829 751 1934 806 Ubi
1964 749 2046 804 sic
2069 750 2153 802 vir
2184 759 2264 803 ter
2295 749 2487 803 beatus
2513 747 2652 801 duos
2683 745 2954 815 exegisset
2985 743 3120 807 dies,
3153 742 3397 812 singulos

1829 836 2148 891 accedentes
2192 837 2542 905 consignans,
2585 847 2651 887 ac
2694 831 3022 888 benedicens
3061 840 3123 885 et
3165 830 3400 884 deoscu-

1829 936 1966 991 |ans,
2000 927 2228 995 leneque
2258 941 2322 981 ac
2346 924 2621 980 submisse
2651 923 2935 992 alloquens
2955 930 3009 976 et
3040 919 3396 990 adprecatus;

1829 1025 1991 1083 atque
2034 1015 2246 1086 signum
2296 1017 2578 1080 memoria,
2614 1024 2670 1068 et
2710 1013 2981 1068 salubrem
3036 1019 3398 1066 commeatum

1829 1108 2160 1178 reliquisset,
2189 1109 2398 1162 dimisit
2433 1109 2484 1162 in
2517 1122 2668 1177 pace.

1909 1202 2079 1256 Porro
2121 1200 2208 1255 die
2251 1198 2556 1262 Dominica,
2587 1212 2696 1267 qua
2739 1196 2922 1266 magni
2957 1195 3209 1266 martyris
3238 1191 3404 1246 Mente

1832 1293 2097 1348 memoria
2133 1287 2460 1347 celebratur.
2492 1284 2586 1340 ubi
2625 1292 2887 1341 consueta
2925 1281 3148 1338 Cantica
3175 1291 3228 1334 et
3250 1279 3404 1332 Psal-

1835 1395 1954 1434 inos
2007 1379 2326 1439 recitasset;
2366 1382 2589 1441 tumque
2626 1372 2900 1441 particeps
2938 1384 3221 1423 sacrorum
3278 1367 3405 1421 effe-

1835 1479 1958 1523 Ctus
1985 1464 2118 1536 (21);
2143 1476 2449 1524 sacrorum,
2482 1461 2730 1528 inquam,
2763 1473 2886 1527 quae
2911 1456 3125 1510 viviﬁca
3153 1462 3311 1519 sunt;
3342 1469 3406 1508 ac

1837 1569 1936 1624 pro
1966 1567 2118 1606 more
2175 1551 2436 1603 innnetus
2514 1545 2977 1614 consignatusque
3019 1559 3033 1596 :
3074 1542 3302 1597 sublatis
3350 1543 3404 1594 in

1838 1645 2074 1700 sublime
2102 1639 2374 1704 manibus,
2401 1650 2694 1704 oransque;
2715 1650 2862 1700 eum,
2891 1634 3036 1688 circa
3057 1633 3250 1688 horam
3282 1648 3407 1687 sex.-

1838 1743 1972 1796 tam,
2017 1745 2077 1785 se
2114 1726 2320 1783 sensim
2363 1723 2592 1779 deﬁcere
2624 1723 2905 1787 sensisset,
2936 1735 3067 1775 voce
3093 1734 3248 1775 cassa
3278 1720 3406 1774 sub-

276 1802 561 1817 “”⁶’“’““⁸’
662 1802 672 1819 ι
1031 1802 1059 1815 ιι
1116 1802 1126 1814 ι
1301 1802 1334 1812 II
1405 1802 1417 1812 υ
1589 1802 1599 1810 υ

276 1863 324 1900 ι·
379 1841 654 1898 κάνταῦθα
712 1836 1119 1908 προσϐάλλομεν
1158 1837 1224 1905 τῇ
1271 1833 1560 1903 ψαλμῳδίᾳ
1589 1847 1604 1862 ·
1640 1832 1733 1884 καὶ

1855 1818 2115 1886 nissaque
2145 1827 2334 1868 cereos
2365 1809 2586 1865 accendi
2617 1807 2772 1877 jubet
2816 1824 2831 1860 :
2873 1806 3234 1874 deincepsque
3257 1802 3410 1858 Psal-

1839 1923 1957 1961 mos
1989 1904 2276 1973 incipimus
2313 1917 2328 1952 :
2369 1907 2529 1967 atque
2559 1896 2624 1949 ad
2656 1894 2810 1947 illum
2842 1907 3060 1947 versum
3092 1908 3106 1945 :
3155 1889 3222 1944 In
3255 1898 3409 1944 teter-

1837 2015 1961 2054 num
1990 2013 2093 2050 non
2126 1993 2409 2048 obliviscar
2435 1988 2844 2060 justiﬁcationes
2881 1995 3018 2048 tuas,
3048 1985 3174 2054 quia
3203 1983 3257 2036 in
3281 1983 3409 2050 ipsis

1837 2086 2111 2157 viviﬁcasti
2124 2100 2201 2138 me
2214 2085 2259 2116 ’9
2279 2078 2730 2137 :immorantibus
2747 2075 2903 2130 nobis
2919 2073 3261 2138 Psalmodite,
3283 2072 3411 2126 bea-

1841 2190 1947 2235 tam
1974 2176 2344 2244 mundamque
2370 2186 2524 2228 suam
2577 2167 2816 2222 animam
2844 2166 3047 2221 sanctis
3069 2163 3274 2233 angelis
3301 2170 3412 2217 tra-

1839 2267 1997 2322 didit.
2028 2265 2118 2318 Sic
2159 2277 2293 2317 sane
2324 2259 2467 2314 velut
2493 2254 2815 2324 compendio
2843 2260 3060 2306 narrata
3089 2251 3278 2305 habuit
3311 2250 3410 2303 viri

1841 2369 1921 2413 ter
1964 2356 2104 2411 beati
2151 2351 2427 2408 dormitio.
2465 2346 2582 2402 Tali
2627 2345 2864 2399 termino
2920 2342 3124 2397 athleta
3183 2341 3413 2396 absolvit

1841 2463 2088 2504 cursum.
2113 2445 2240 2500 Fuit
2268 2444 2380 2497 haec
2405 2441 2698 2496 multorum
2725 2438 3106 2496 certaminum,
3134 2434 3414 2488 laborum-

1842 2555 1946 2612 que
1970 2551 2022 2595 et
2055 2537 2341 2600 sudorum,
2374 2533 2630 2589 saeculum
2666 2531 2718 2584 in
2751 2528 2932 2584 saeculi
2968 2525 3205 2596 requies.

1917 2632 2230 2693 Enimvero,
2269 2642 2376 2696 qua
2402 2622 2561 2679 vobis
2585 2621 2814 2684 ratione,
2840 2633 2958 2686 qnze
2987 2626 3113 2671 sunt
3134 2615 3414 2683 deinceps.

1844 2720 1964 2774 sine
2004 2716 2260 2786 lacryunis
2308 2715 2377 2768 ob
2420 2711 2607 2766 oculos
2647 2721 2867 2778 ponam,
2912 2718 3074 2774 quem
3121 2717 3219 2758 ceu
3280 2700 3416 2770 ignis

1845 2809 2214 2881 cogitationes
2243 2804 2546 2866 devastent,
2579 2800 2782 2869 quique
2819 2795 2964 2849 velut
3001 2795 3184 2849 animo
3206 2791 3417 2847 defece-

1845 2902 1972 2955 rint.
2013 2898 2210 2951 Verum
2276 2893 2439 2948 liceat
2483 2888 2730 2945 nonnihil
2789 2885 3088 2940 narrationi
3144 2883 3416 2938 insistere.

1847 2993 2071 3048 Iacebat
2111 2988 2276 3055 igitur
2319 2985 2404 3040 vir
2444 2992 2522 3038 ter
2563 2983 2753 3037 beatus
2786 2996 2799 3032 :
2834 2978 3056 3033 Praistat
3083 2976 3262 3040 enim,
3322 2987 3422 3028 nec

1852 3084 1981 3137 illud
2032 3080 2180 3135 velut
2229 3090 2432 3132 novum
2476 3073 2826 3139 insolensque
2864 3067 3229 3137 spectaculum
3263 3065 3418 3120 omit-

1854 3183 1968 3228 tere
2007 3190 2020 3227 :
2050 3169 2286 3239 iacebat,
2321 3166 2564 3234 inquam,
2621 3161 2758 3215 facie
2827 3156 3153 3212 venerabilis
3182 3173 3196 3209 :
3227 3153 3419 3224 ﬁgura,

1856 3264 2004 3318 velut
2086 3258 2387 3326 angelicam
2438 3254 2670 3324 speciem
2721 3249 3000 3315 referens,
3046 3247 3248 3312 anima,
3303 3261 3425 3315 quae

1855 3363 2005 3411 esset
2041 3351 2383 3422 peregrinata
2418 3347 2484 3400 ad
2520 3343 2833 3405 Dominum,
2868 3341 3012 3394 velut
3047 3339 3314 3409 quosdam
3345 3337 3425 3390 lu-

1857 3449 1936 3503 eis
1991 3445 2195 3507 radios,
2250 3453 2409 3494 sacro
2465 3435 2705 3503 corpori,
2760 3447 2885 3488 cum
2933 3446 3062 3500 quo,
3097 3444 3160 3483 ac
3210 3429 3264 3482 in
3314 3443 3425 3496 quo

1857 3545 2061 3595 sanctae
2093 3531 2346 3588 Trinitati
2394 3527 2674 3590 servisset,
2709 3540 2775 3580 ex
2811 3539 2890 3588 se,
2922 3538 2986 3578 ac
3032 3520 3147 3576 suis
3193 3518 3426 3591 fulgori-

1857 3632 1982 3694 bus,
2005 3627 2346 3697 imprimeute
2376 3621 2511 3690 (22).
2532 3617 2816 3672 Prioribus
2842 3613 3155 3679 confestim,
3183 3626 3304 3667 sese
3329 3625 3425 3680 po-

1859 3721 1972 3791 puli
2002 3718 2091 3771 alii
2116 3717 2504 3785 adjunxerunt,
2540 3723 2648 3778 qua
2699 3705 3114 3767 monachorum,
3158 3717 3260 3773 qua
3297 3715 3428 3771 pro-

1861 3812 2087 3866 miscuae
2147 3802 2510 3859 nmltitudiuis
2568 3819 2580 3855 :
2631 3798 2899 3867 multique
2953 3795 3009 3850 in
3061 3793 3271 3865 primis,
3324 3793 3426 3847 viri

1862 3902 2095 3964 nobiles,
2124 3913 2188 3952 ac
2211 3904 2514 3965 magnates,
2544 3906 2649 3944 una
2683 3905 2807 3945 cum
2836 3887 3108 3958 episcopis
3157 3895 3212 3940 et
3248 3899 3430 3941 sacer-

1861 3995 2108 4058 dotibus;
2172 3987 2403 4058 singulis
2460 3983 2853 4043 inferentibus,
2923 3996 3045 4050 qua:
3091 3978 3268 4033 beatis
3325 3976 3431 4031 illis

1864 4083 2145 4155 exsequiis
2168 4096 2233 4135 ac
2264 4077 2440 4132 funeri
2467 4090 2704 4146 congrua
2722 4080 2925 4128 essent.
2977 4069 3292 4126 Aﬁ‘erebant
3338 4067 3432 4122 alii

1862 4179 2079 4250 quidem
2140 4172 2292 4227 albos
2351 4184 2414 4222 ac
2469 4165 2649 4234 magni
2704 4163 2861 4235 pretii
2893 4176 3080 4217 cereos
3133 4160 3281 4230 (25);
3342 4157 3433 4214 hic

1862 4268 2097 4340 Phrygio
2127 4277 2289 4334 Opere.
2313 4261 2513 4332 pictam
2556 4256 2879 4321 sindonem;
2908 4255 2997 4308 ille
3048 4259 3430 4323 praetextatum

1863 4365 2082 4426 velum;
2115 4357 2205 4413 alii
2239 4362 2422 4409 autem
2486 4363 2619 4403 vasa
2671 4354 2925 4417 argentea
2970 4353 3024 4399 et
3070 4344 3348 4404 deaurata,
3379 4349 3433 4395 et

197 4432 461 4459 usus..-
502 4432 587 4445 υ...
625 4432 770 4460 ,μνη
812 4432 984 4439 ...----
1019 4432 1230 4438 -,--_-,,
1317 4432 1331 4441 ,
1413 4432 1428 4442 _
1539 4432 1550 4444 ,
1631 4432 1662 4442 __
1715 4432 1747 4440 ,ν

197 4490 274 4561 τῷ
313 4486 441 4557 ἱερῷ
475 4483 711 4551 λειψάνῳ
743 4482 1046 4549 προσοίσαι,
1071 4473 1166 4526 καὶ
1190 4473 1267 4541 τῷ
1295 4469 1463 4537 τιμίῳ
1487 4466 1641 4534 τάφῳ
1665 4464 1747 4513 ἐπε

1866 4455 2120 4512 succinea
2155 4467 2170 4504 :
2206 4463 2270 4502 ac
2300 4444 2390 4500 alii
2421 4441 2641 4513 quidem
2689 4448 2930 4493 aromata
2969 4445 3023 4491 et
3056 4435 3294 4500 sumtus;
3339 4432 3432 4488 alii

1900 4550 1930 4561 ..
1993 4546 2006 4561 ι
2099 4550 2113 4561 .
2152 4555 2215 4561 μ-
2246 4540 2297 4561 :_
2349 4537 2568 4561 unum...
2613 4544 2918 4561 οηηωηηοηι
2976 4526 3290 4561 nrnipnhqm
3360 4523 3430 4561 Iln

197 4558 513 4634 ἀποθέσθαι.
544 4575 738 4640 Γέγονε
783 4571 839 4622 δὲ
883 4566 1089 4638 χειμὼν
1124 4562 1265 4615 κατά
1312 4560 1375 4611 τὺ
1417 4558 1758 4626 νυχθήμερον

199 4675 372 4728 ἐκεῖνο
413 4666 659 4737 σφοδρὸς,
695 4664 767 4723 ὡς
814 4660 977 4712 πάλαι
1006 4658 1098 4709 ἐπὶ
1126 4653 1220 4706 τοῦ
1272 4650 1505 4721 μεγάλου
1552 4646 1758 4714 Πέτρου

213 4762 633 4833 ’Λλεξανδρείας.
668 4756 777 4810 Καὶ
806 4751 871 4824 ἦν
893 4754 1019 4804 ἰδεῖν
1050 4746 1325 4818 ὑπερφυὲς
1355 4744 1416 4796 τὸ
1444 4741 1753 4810 γενόμενον.

1867 4546 2031 4610 aliud,
2059 4550 2120 4598 ut
2152 4555 2219 4596 ne
2246 4540 2300 4592 in
2349 4537 2568 4605 longum
2613 4544 2920 4586 sermonem
2976 4526 3314 4597 protraham.
3360 4523 3431 4578 Ita

1869 4633 2221 4693 nihilominus
2249 4636 2310 4681 ut
2335 4631 2681 4680 accurrentes
2716 4634 2905 4675 omnes
2935 4616 3105 4673 sacris
3129 4615 3334 4686 aliquid
3353 4629 3435 4669 re-

1872 4727 2034 4799 iquiis
2064 4737 2164 4793 pro
2191 4717 2451 4774 memoria
2494 4714 2868 4772 admoverent,
2904 4725 2966 4764 ac
2994 4706 3293 4763 venerabili
3347 4715 3434 4760 tu-

270 4881 313 4911 ”
341 4878 499 4932 Num.
533 4892 605 4936 Vl,
638 4873 728 4926 ‘26.
806 4871 848 4901 ²⁹
875 4868 1017 4922 Psal.
1047 4878 1237 4923 cxvm,
1267 4859 1356 4913 95.

1701 4943 1931 5000 ΝΟΤΔΕ.

1877 5093 2043 5150 quam
2084 5077 2136 5128 in
2179 5062 2956 5150 suisﬁraecisLimprobante.
2988 5068 3036 5150 et
3074 5066 3128 5110 ut
3146 5056 3437 5150 novellum

1877 5127 2120 5204 errorem
2151 5159 2180 5197 a
2205 5141 2476 5200 sordibus,
2517 5127 2812 5204 damnante
2837 5127 3094 5204 Arcudio,
3145 5141 3251 5178 non
3289 5135 3436 5196 sp‘cr-

1881 5195 2178 5273 B'c'aiizi‘in‘*
2204 5212 2317 5265 suis
2343 5195 2720 5273 Euchologicis
2758 5211 2939 5273 noster
2972 5195 3136 5273 Goar.

1953 5265 2226 5356 Ex_
2266 5294 2360 5356 se,_
2393 5292 2453 5328 ac
2496 5265 2612 5356 suis
2655 5268 3039 5356 ‘fulgoribrusn
3089 5265 3436 5356 imprimelntc.

1886 5335 2494 5416 Sic—e—i'r'cnmloqnimur
2525 5342 2623 5416 ea,
2652 5335 3158 5416 ἐναπομάξαμένης·
3191 5335 3335 5416 quod
3368 5335 3440 5386 sit

1883 5403 2193 5480 ueluti—arise
2229 5403 2938 5484 ah'stergendo’imprimere,
2979 5420 3040 5458 ac
3067 5403 3296 5484 quadam
3331 5418 3442 5484 asc

1872 5472 2210 5550 deri—vatione
2243 5507 2254 5540 :
2290 5487 2394 5540 alia
2416 5472 2569 5536 Vvoce
2599 5488 2654 5533 et
2690 5472 2886 5550 'siinili,
2911 5472 3441 5550 ἐναπομόργνυσθαι·

1872 5544 2039 5635 plane
2062 5556 2536 5635 signantia-simum
2563 5551 2616 5602 in
2651 5548 2892 5632 materia,
2911 5544 3171 5609 subjecta.

1942 5609 2280 5702 iégﬂjllbos
2310 5638 2518 5702 cereos,
2563 5620 2765 5700 κηρους
2807 5615 3148 5693 ἐξάσπρουςο.
3195 5609 3308 5662 Vox
3362 5623 3447 5662 se-

1867 5686 2046 5774 qniori
2067 5698 2288 5774 Graeciae
2315 5689 2779 5774 usitatissitna‘,‘ut
2817 5686 2978 5739 etiam
3006 5686 3330 5735 nutnismata
3359 5694 3448 5732 ar-

1866 5758 2056 5846 gentea
2099 5782 2129 5822 a
2158 5768 2342 5822 colore
2374 5764 2617 5830 ἀσπρους
2659 5758 2861 5812 dicant.

279 5109 410 5177 (2|).
467 5106 730 5177 Particeps
762 5111 1033 5154 sacrorum
1084 5094 1278 5161 factus,
1339 5084 1623 5177 μετασχιῖῖυν
1654 5081 1764 5133 τῶν

208 5155 584 5244 ἁγίασμάτωνέ
600 5155 754 5244 Velut
774 5155 1263 5244 sacramentorum,
1289 5176 1318 5213 a
1341 5155 1628 5215 sacranda,
1649 5165 1772 5233 quin

210 5222 331 5302 id‘co
363 5222 631 5305 rimantur,
655 5239 921 5305 ζωοποιά·
965 5233 1180 5305 Vivi/‘ica
1219 5222 1771 5305 suci-atttenta,_nimi-

213 5301 695 5371 rumEueharistire
721 5327 733 5362 :
759 5319 869 5362 tum
889 5304 1034 5359 addit
1060 5308 1125 5356 de
1155 5301 1272 5355 solo
1303 5301 1647 5371 sacramento
1675 5306 1774 5343 un-

211 5363 700 5453 σιῑῶιῖέῗῆῖίόὶέιτέι
732 5379 1094 5453 migraturum.
1113 5379 1295 5453 ut‘est_
1308 5367 1476 5453 moris
1508 5363 1772 5453 νςξυιιιῖιρ

213 5429 463 5524 Ehﬁreiiio
484 5429 655 5522 agone
677 5429 929 5524 intinctus
953 5444 1021 5494 sit
1043 5429 1534 5524 εἐξαλειψάμενοςἶ
1547 5429 1773 5524 Michael

213 5499 1094 5588 hicn-ttulitvgsp-ressit;_interpres
1131 5499 1366 5588 Baronii,
1396 5502 1568 5588 magis
1610 5499 1762 5588 vide-

1053 5580 1248 5632 Deinde
1327 5569 1593 5649 mysteriis
1627 5569 1762 5649 diri-

217 5667 316 5728 nis,
342 5677 395 5718 ut
426 5663 613 5715 anima:
635 5639 876 5728 viaticum
897 5662 942 5705 et
960 5651 1227 5728 munimen
1247 5639 1436 5728 essent.
1455 5639 1758 5728 participat.

222 5710 778 5789 lieii'titwsacramcnti
827 5720 1124 5789 unctionis,
1166 5713 1411 5771 nonnihil
1458 5710 1658 5764 Grzecis
1697 5722 1760 5760 ac

222 5788 424 5861 Latinis
453 5802 686 5864 diverso,
717 5796 961 5864 utrisque
1000 5788 1352 5845 nihilominus
1388 5794 1542 5846 sano,
1587 5791 1759 5848 quan-
