3976 6314
572 307 707 374 1847

1970 306 2377 366 APPENDIX.

3707 302 3838 364 1848

566 424 720 480 mulo
737 430 1190 492 superponercnt.
1206 421 1378 478 Porro
1404 419 1550 475 facta
1564 427 1648 475 est
1671 418 1761 474 die
1782 418 1872 473 illa
1893 432 1958 474 ac
1983 425 2141 472 nocte

2247 417 2451 478 Πάντες
2502 413 2610 484 γὰρ
2643 413 3056 485 κατεφρόνησαν
3091 415 3182 468 καὶ
3233 414 3524 485 θαλάσσης
3549 454 3566 478 ,
3615 416 3716 466 καὶ
3745 415 3833 466 ἀὲ-

567 522 863 585 tempestas
921 513 1132 579 valida,
1185 514 1368 584 qualis
1433 512 1566 568 olim
1627 512 1684 566 iu
1751 510 1937 581 magni
1993 507 2141 566 Petri

563 604 918 661 Alexandrini
947 604 1135 660 funere
1172 604 1306 675 (24).
1356 604 1597 673 Eratque
1651 601 1835 657 videre
1879 615 1994 655 rem
2035 601 2141 655 mi-

565 695 816 753 rabilem.
872 694 1084 768 Quippe
1127 705 1451 768 spreverunt
1498 711 1713 759 omnes,
1765 709 2044 764 mareque,
2087 704 2142 749 et

561 802 774 854 aerem,
811 797 868 843 et
918 787 1332 843 inundationem
1377 786 1688 850 ﬂuminum,
1725 785 2143 855 principumque

565 880 945 945 tentatioue,
980 893 1046 934 ac
1079 879 1124 935 si
1149 879 1281 950 quid
1315 878 1461 934 aliud
1486 888 1572 934 est
1609 889 1876 933 terrorem
1909 876 2136 938 habens,

564 970 951 1040 posthabuere.
969 968 1112 1036 Quin
1141 981 1198 1025 et
1219 971 1384 1025 servi.
1408 970 1756 1025 dominorum
1777 966 2136 1036 obsequium;

564 1068 621 1115 et
644 1060 917 1130 agricolae,
952 1061 1183 1116 cultura:
1218 1066 1471 1131 opfram;
1503 1069 1897 1128 curatoresque
1921 1069 1977 1114 et
2003 1072 2140 1128 prte-

565 1146 1077 1215 fecti,eurationem
1125 1166 1190 1206 ac
1234 1145 1648 1222 praefecturam;
1705 1159 1886 1206 nauta:
1932 1149 2061 1204 item
2087 1155 2144 1203 et

569 1254 926 1312 mercatores,
964 1256 1374 1313 mercaturam;
1429 1262 1494 1304 ac
1535 1247 1795 1312 viatores,
1855 1246 1958 1301 iter
2014 1261 2030 1300 :

2243 523 2356 578 ρος,
2400 503 2510 559 nali
2543 504 2882 566 ὲπικλύσεως
2918 504 3201 573 ποταμῶν,
3242 506 3342 559 καὶ
3370 502 3701 575 πειρασμοῦ
3732 505 3835 556 τῶν

2239 595 2608 668 κρατούντων,
2639 597 2734 652 καὶ
2761 597 2816 650 εί
2839 614 2982 661 τινος
3010 597 3194 662 ἄλλου,
3211 595 3452 667 δεύτερα
3484 597 3680 648 πάντα
3703 597 3836 664 ἡγη-

2239 689 2486 760 σάμενοι.
2529 688 2691 742 Ἀλλὰ
2717 690 2811 742 καὶ
2845 689 3025 742 δοῦλοι
3052 689 3329 743 δεσποτῶν
3359 688 3682 760 θεραπείαν
3704 727 3719 751 ,
3752 690 3837 740 καὶ

2237 781 2496 851 γεηπόνοι
2537 781 2636 851 τὴν
2676 781 2940 852 ἐργασίαν
2963 818 2980 845 ,
3032 782 3122 833 καὶ
3148 780 3448 850 ἐπίτροποι
3480 780 3590 849 τὴν
3621 781 3836 832 ἐπιστα-

2244 873 2389 939 σίαν,
2417 865 2512 926 καὶ
2543 870 2830 940 πλωτῆρας
2881 871 2975 924 καὶ
3005 870 3236 940 ἔμποροι
3269 870 3370 940 τὴν
3405 867 3719 939 ἐμπορίαν,
3751 869 3838 920 καὶ

2243 963 2414 1018 ὁδῖται
2458 963 2668 1016 οἰκείαν
2693 961 2839 1016 ὁδόν
2872 963 2969 1015 καὶ
2996 959 3410 1031 περιεκέχυντο,
3441 961 3532 1021 είς
3560 959 3733 1012 αύτὲν
3769 961 3838 1019 ὡς

2245 1039 2327 1117 είς
2357 1053 2500 1124 ίερδν
2525 1054 2814 1124 κειμήλιον
2840 1051 3260 1115 ἀποϐλέποντες,
3294 1051 3330 1120 ἢ
3390 1050 3606 1120 μᾶλλον
3651 1051 3837 1101 οἰκειᾲ-

2260 1161 2422 1216 τερον
2464 1145 2660 1208 εἰπεῖν,
2684 1143 2759 1208 ὡς
2785 1143 3029 1214 ἔμπνουν
3057 1142 3149 1196 καὶ
3175 1143 3378 1211 φωνεῖν
3403 1141 3738 1210 δυνάμενον.

2084 1251 2144 1299 ιιι
2182 1255 2374 1297 omnes
2440 1240 2758 1297 circumfusi
2839 1247 3056 1307 essent,
3100 1239 3274 1295 oculis
3309 1239 3366 1292 in
3415 1252 3578 1301 eum,
3642 1252 3741 1292 ceu
3789 1236 3839 1291 in

564 1338 866 1409 pretiosum
905 1340 1103 1397 mobile
1141 1342 1335 1397 intenti
1375 1359 1389 1396 :
1433 1342 1517 1397 vel
1541 1351 1600 1397 ut
1621 1342 1837 1412 proprie
1882 1339 2059 1410 magis
2095 1337 2296 1404 dicam,
2329 1337 2476 1391 velut
2498 1336 2552 1390 in
2586 1337 2882 1405 spirantem
2914 1350 2979 1390 ac
3017 1335 3318 1390 etiamnum
3359 1334 3516 1402 loqui
3544 1333 3834 1388 valentem.

636 1432 900 1501 Proinde,
930 1450 998 1490 ea
1035 1435 1377 1492 Psalmorum
1421 1436 1796 1492 modulatione
1852 1450 1917 1490 ac
1972 1433 2133 1489 lumi-

563 1537 698 1580 num
725 1524 1080 1590 accensionc;
1121 1525 1298 1595 iisque
1334 1525 1556 1596 vigiliis,
1601 1539 1665 1580 ac
1701 1526 1874 1580 sacris
1905 1523 2136 1578 inclina-

571 1614 843 1680 tionibus;
872 1625 1087 1684 postera
1125 1616 1232 1682 die,
1268 1631 1325 1670 re
1356 1631 1512 1671 sacra
1559 1616 1626 1669 de
1690 1630 1839 1669 more
1897 1623 2134 1683 peracta,

566 1703 787 1757 circiter
827 1704 959 1756 hora
1001 1703 1256 1772 septima,
1295 1703 1528 1757 traditus
1561 1711 1646 1758 est
1707 1702 1962 1771 sepulcro
2025 1701 2139 1754 sive

2304 1433 2415 1485 Καὶ
2454 1430 2598 1485 οὕτω
2645 1431 2741 1484 σὺν
2787 1429 3130 1500 ψαλμῳδίαις
3191 1430 3288 1483 καὶ
3355 1429 3687 1498 φωταψίαις
3727 1429 3837 1490 ταῖς

2237 1522 2612 1592 καθηκούσαις
2633 1561 2648 1586 ,
2669 1522 2954 1591 παννυχίσι
2979 1538 3036 1573 τε
3066 1521 3160 1574 καὶ
3177 1519 3514 1591 ἐπικλήσεσι
3547 1521 3748 1591 ίεραῖς,
3775 1521 3834 1588 τῇ

2237 1614 2364 1683 ἑξῆς
2399 1614 2541 1669 κατὰ
2583 1616 2646 1666 τὸ
2698 1613 2927 1682 σύνηθες
2960 1613 3494 1684 λειτουργήσαντες,
3530 1613 3670 1680 περὶ
3697 1611 3838 1682 ὤραν

2238 1705 2496 1774 πέμπτην
2519 1703 2788 1775 παρεδόθη
2811 1703 2889 1774 τῷ
2921 1703 3049 1774 ίερῷ
3063 1701 3240 1772 τάφῳ,
3286 1705 3412 1772 ἦτοι
3432 1702 3836 1771 γλωσσοκόμφ,

564 1793 777 1848 tumulo
810 1793 923 1863 (25)
960 1813 971 1847 :
1006 1809 1108 1848 nec
1139 1794 1191 1847 id
1234 1794 1394 1862 plane
1444 1807 1550 1846 non
1595 1808 1758 1862 πει-ε,
1809 1806 1872 1846 ac
1927 1789 2137 1857 labore,

2247 1798 2342 1848 οὐκ
2375 1797 2644 1864 ἀκαματὶ,
2698 1794 2806 1846 οὐδ’
2853 1794 2913 1846 ού
2955 1790 3062 1862 μὴν
3102 1793 3372 1860 ἀπονητὶ,
3407 1785 3503 1846 διὰ
3537 1794 3603 1846 τὸ
3654 1796 3837 1856 imas-

567 1884 811 1938 irruente
847 1885 1029 1954 populi
1082 1884 1454 1946 multitudine,
1491 1893 1551 1937 ut
1583 1884 1689 1938 sibi
1725 1883 1979 1952 quisque,
2035 1880 2132 1934 ali-

565 1974 695 2044 quid
734 1975 800 2030 de
828 1977 999 2031 sacris
1021 1975 1288 2031 demortui
1323 1975 1584 2037 exsnviis,
1625 1973 1989 2044 pretiosisquc
2018 1971 2143 2026 reli-

567 2067 735 2135 quiis,
769 2066 1002 2122 tolleret.
1038 2066 1304 2121 Traditus
1329 2065 1690 2120 nihilominus
1719 2075 1825 2126 est,
1853 2078 1916 2116 ac
1953 2063 2004 2116 in
2041 2061 2140 2116 do-

564 2160 823 2212 muncula
853 2173 950 2214 sua
987 2158 1290 2227 depositus,
1339 2172 1447 2227 quo
1495 2158 1615 2211 loco
1657 2156 1738 2210 vir
1791 2155 2144 2209 beatissimus

567 2248 761 2304 solitus
793 2259 936 2306 esset
976 2249 1143 2305 libros
1171 2263 1358 2304 sacros
1388 2249 1652 2313 scribere,
1693 2264 1756 2304 ac
1787 2247 2019 2301 Domino
2043 2246 2142 2300 mi-

571 2339 828 2394 nistrare.
854 2337 968 2395 Hoc
991 2341 1133 2394 enim
1150 2340 1305 2409 juxta
1335 2339 1679 2409 Apostolum,
1702 2339 1866 2394 etiam
1890 2340 1958 2393 ab
2014 2337 2141 2392 affe-

569 2431 678 2485 ctis
708 2430 936 2496 viribus,
967 2439 1020 2486 et
1052 2431 1191 2486 mala
1225 2431 1554 2496 valetudine,
1580 2447 1610 2486 a
1649 2433 2024 2502 persecutione
2056 2445 2144 2485 se-

568 2520 793 2590 nioque,
821 2535 960 2590 opus
979 2537 1239 2576 manuum
1257 2522 1511 2578 habebat.
1540 2523 1685 2577 Sane
1711 2536 1839 2578 vero
1861 2520 2144 2591 appositus

566 2619 672 2677 cst,
703 2609 885 2677 Pater,
917 2613 1176 2668 Patribus
1208 2629 1225 2679 ;
1259 2614 1546 2678 sacerdos,
1594 2613 1969 2674 Pontificibus,
2014 2622 2145 2665 ante

567 2704 730 2758 etiatn
768 2703 1076 2758 unctionem
1122 2704 1235 2773 (9.6)
1278 2722 1293 2772 ;
1343 2685 1646 2771 confessor,
1683 2703 2143 2768 confeSsoribus;

569 2794 920 2866 martyribus,
949 2796 1230 2864 propesito
1255 2805 1462 2867 martyr
1489 2813 1502 2861 ;
1533 2796 1998 2864 praedicatoribus,
2027 2810 2144 2855 ma-

568 2897 684 2953 gna
727 2883 974 2939 veritatis
1001 2886 1152 2938 tuba.
1184 2881 1289 2939 Sed
1341 2895 1394 2938 et
1439 2886 1541 2939 hoc
1583 2884 1882 2938 addiderim
1917 2904 1927 2938 :
1959 2885 2146 2939 Conti-

569 2988 707 3029 nens
735 2974 848 3040 ille,
877 2974 1318 3041 continentibus;
1352 2985 1560 3040 castus,
1603 2978 1870 3031 castitatis
1917 2977 2148 3030 amanti-

569 3066 673 3122 bus
702 3083 718 3132 ;
750 3068 1053 3138 hospitalis,
1088 3069 1178 3133 iis,
1214 3070 1307 3140 qui
1356 3071 1695 3126 studuissent
1736 3072 2092 3141 hospitalitati
2133 3090 2146 3136 ;

2244 1885 2520 1938 πτωκὲναι
2549 1885 2612 1938 τὸ
2653 1882 2750 1937 τοῦ
2795 1883 2920 1938 λαοῦ
2971 1883 3194 1952 πλῆθος,
3244 1880 3379 1953 ἆραι
3411 1900 3468 1936 τι
3526 1884 3646 1936 τῶν
3677 1884 3836 1963 ,ἱερῶν

2242 1976 2532 2044 ὲνταφίων,
2583 1975 2615 2044 ἦ
2662 1973 2756 2027 τοῦ
2801 1974 2983 2044 τιμίου
3011 1974 3288 2044 λειψάνου.
3339 1976 3638 2046 Παροδόθη
3674 1978 3716 2029 δ’
3749 1973 3836 2030 οὖν

2243 2069 2413 2138 ὅμως,
2463 2068 2557 2120 καὶ
2583 2065 2824 2136 ἀπετέθη
2855 2067 2914 2118 ὲν
2943 2065 3022 2136 τῷ
3053 2067 3236 2137 οἰκείῳ
3284 2066 3576 2138 δωματίῳ,
3618 2068 3745 2120 καθ’
3782 2069 3836 2120 ὃν

2243 2160 2408 2211 τόπον
2438 2157 2618 2210 εἰώθει
2653 2160 2679 2210 6
2724 2157 3127 2226 τρισμακάριος
3148 2158 3248 2220 τὰς
3283 2157 3437 2228 ἱερὰς
3466 2159 3714 2228 γράφειν
3753 2158 3836 2212 Βί-

2246 2250 2426 2316 ϐλους,
2474 2249 2570 2302 καὶ
2612 2249 2950 2316 λειτουργεῖν
2991 2249 3204 2319 Κυρίῳ.
3237 2247 3411 2301 Τοῦτο
3441 2249 3558 2318 γὰρ
3595 2245 3670 2318 ἦν
3692 2251 3834 2320 αύτῷ

2245 2338 2639 2403 ἀποστολικῶς,
2672 2340 2767 2392 καὶ
2802 2340 2941 2409 μετὰ
2977 2339 3269 2408 διωκτικὴν
3299 2339 3555 2392 κάκωσιν
3613 2342 3710 2394 καὶ
3738 2342 3831 2410 γῆ-

2251 2449 2366 2502 ρας,
2407 2429 2743 2501 ὲργόχειρον.
2795 2431 2905 2485 Καί
2939 2449 3002 2499 γε
3058 2429 3364 2502 προσετέθη
3405 2431 3432 2482 6
3480 2431 3684 2503 Πατὴρ
3727 2437 3832 2497 τρεῖς

2249 2528 2563 2599 Πατράσιψ
2610 2529 2638 2580 ὁ
2676 2511 2856 2598 ίερείις
2911 2511 3026 2588 τοῖς
3076 2525 3381 2596 ίεράρχαις,
3428 2526 3529 2577 καὶ
3580 2525 3690 2594 πρὸ
3740 2527 3829 2595 τῆς

2247 2617 2480 2689 χρίσεως
2503 2639 2515 2651 ο
2548 2622 2575 2672 6
2603 2619 2944 2690 ὁμολογητὴς
2973 2621 3086 2680 τοῖς
3111 2617 3476 2685 ὁμολογηταῖς
3497 2633 3510 2644 ·
3545 2621 3668 2682 ι’τοῖς
3698 2619 3830 2687 μάρ-

2249 2725 2431 2772 τυσιν,
2463 2712 2491 2763 6
2520 2712 2904 2781 προαιρετικὸς
2939 2709 3178 2778 μάρτυς’
3210 2710 3238 2760 6
3263 2707 3587 2769 διδάσκαλος
3618 2712 3731 2771 τοῖς
3754 2710 3828 2761 δι-

2251 2801 2575 2865 δασκάλοις·
2628 2804 2740 2863 τοῖς
2787 2801 3038 2868 κήρυξιν,
3084 2803 3115 2869 ὴ
3170 2799 3380 2869 μεγάλη
3429 2802 3532 2869 τῆς
3568 2800 3830 2869 ἀληθείας

2255 2891 2509 2960 σάλπιγξ.
2558 2891 2860 2962 Προσθείην
2921 2891 2966 2943 δ’
2998 2891 3062 2943 ἂν
3095 2889 3191 2942 καὶ
3222 2889 3396 2942 ταῦτα
3420 2907 3434 2920 ·
3486 2894 3515 2943 ό
3557 2890 3829 2960 ἐγκρατὴς

2251 2984 2364 3044 τοῖς
2411 2981 2757 3051 ὲγκρατέσιν,
2808 2983 2836 3032 6
2875 2981 3038 3050 ἁγνὸς
3105 2983 3217 3050 τοῖς
3259 2981 3564 3049 φιλάγνοις,
3617 2983 3647 3032 ό
3686 2981 3828 3048 φιλό-

2256 3073 2404 3137 ξενος
2434 3076 2545 3136 τοῖς
2596 3072 2928 3141 φι).οξένοις,’
2973 3074 3000 3125 6
3049 3071 3289 3142 μέτριος,
3333 3077 3446 3136 τοῖς
3506 3074 3830 3143 μετριόφρο-

569 3155 872 3222 modestus,
917 3172 1102 3233 sensu,
1130 3158 1392 3213 modestis
1421 3174 1484 3212 ac
1521 3160 1842 3214 humilibus.
1879 3161 1985 3225 Qui
2014 3162 2141 3215 bene

2253 3180 2370 3215 σιν·
2407 3165 2666 3217 Ἀπαντα
2712 3163 2835 3230 τοῖς
2882 3162 3072 3218 πᾶσιν
3111 3160 3180 3219 εὖ
3221 3164 3503 3233 γεγονὼς.
3554 3164 3684 3217 καθ’
3717 3165 3829 3217 ὗσεν

571 3249 748 3301 omnia
779 3248 1017 3302 omnibus
1047 3249 1114 3311 '°,
1133 3249 1314 3323 quoad
1339 3249 1452 3304 ﬁeri
1477 3259 1682 3320 posset,
1706 3251 1889 3306 divina
1913 3253 2149 3321 quadam

574 3338 782 3391 ratione
816 3337 1004 3405 fuisset
1032 3339 1228 3407 factus,
1262 3349 1322 3395 ut
1352 3357 1549 3415 ontnes,
1579 3350 1741 3395 autve
1759 3342 1945 3410 plures
1977 3341 2149 3396 saltos

569 3434 765 3502 taceret
790 3429 857 3496 ³⁸,
891 3419 1320 3499 apostolicorum
1353 3439 1630 3502 gestorum
1666 3431 2151 3490 informationibns

572 3521 752 3576 nixus.
781 3520 859 3575 Ac
884 3522 1102 3588 quidem
1146 3522 1308 3577 modo
1354 3537 1368 3581 ς
1412 3534 1794 3579 consummato
1851 3526 2150 3596 apostolico

569 3626 756 3674 cursu,
797 3611 968 3667 caelos
994 3627 1192 3683 pompa
1223 3613 1544 3684 ingreditur,
1583 3631 1646 3669 ac
1673 3630 1782 3668 una
1819 3630 1942 3670 cum
1981 3631 2149 3687 ange-

569 3702 638 3755 lis
674 3703 839 3757 l'estos
868 3703 1065 3758 choros
1098 3704 1269 3768 ducit,
1308 3706 1361 3759 in
1403 3705 1516 3759 loco
1554 3706 1883 3761 tabernaculi
1906 3707 2144 3762 admira-

571 3789 715 3855 bilis,
761 3791 817 3845 in
864 3791 1191 3859 epulantium
1243 3807 1372 3845 sono
1434 3794 1499 3857 ",
1530 3795 1748 3847 internis
1802 3794 1856 3846 in
1917 3793 2146 3848 Domino

571 3879 758 3938 fruens
792 3883 950 3955 bonis
992 3901 1005 3938 :
1043 3899 1254 3952 nosque
1289 3885 1414 3939 inde
1448 3885 1716 3954 prepitius
1751 3886 1992 3950 intuens,
2019 3901 2146 3940 suas

569 3991 666 4042 pro
691 3975 989 4032 humilibus
1028 3977 1186 4030 nobis
1219 3976 1644 4045 supplicationes
1693 3978 1801 4032 Deo
1847 3975 2143 4032 ferventius

568 4065 743 4120 offert.
771 4066 887 4121 Nos
915 4081 1078 4137 porro
1105 4065 1338 4122 humiles
1382 4067 1711 4138 abjectique,
1755 4083 1850 4137 spe
1901 4069 1952 4122 in
2007 4069 2143 4124 alios

567 4159 784 4224 mutati,
818 4159 1075 4224 feramus,
1108 4161 1312 4228 gratias
1347 4175 1592 4228 agentes,
1623 4162 1665 4215 si
1688 4161 1816 4230 quid
1853 4162 2140 4217 molestum

568 4252 793 4322 ingruit,
823 4254 1094 4323 egregiam
1140 4242 1286 4307 illam
1323 4253 1586 4322 prolocuti
1622 4268 1805 4307 vocem
1835 4272 1847 4306 :
1885 4251 2140 4306 Dominus

569 4343 736 4408 dedit,
775 4344 1030 4399 Dominus
1077 4345 1342 4400 abstulit:
1375 4345 1510 4400 sicut
1549 4343 1768 4398 Domino
1806 4345 2027 4414 placuit,
2067 4347 2141 4398 ita

2252 3249 2360 3308 οἷόν
2411 3274 2469 3309 τε
2524 3256 2878 3324 θεοπρεπῶς,
2934 3256 3035 3309 ira
3091 3257 3232 3322 τσὺς
3275 3256 3510 3321 πάντας
3543 3299 3558 3322 ,
3612 3256 3654 3323 ἢ
3697 3255 3830 3320 τσὺς

2253 3345 2539 3411 πλείονας
2566 3344 2762 3413 σώσῃ,
2784 3342 3162 3410 ἀποστολικοῖς
3186 3344 3616 3414 κατορθώμασιν
3633 3348 3829 3416 ὲπερει·

2252 3437 2495 3506 δόμενος.
2528 3437 2638 3490 Καὶ
2687 3437 2781 3488 νῦν
2840 3437 3002 3500 αὐτὸς
3047 3438 3168 3506 μὲν,
3203 3435 3568 3490 ἀποστολικὺν
3615 3439 3826 3489 ὲκτετεο

2252 3526 2425 3589 λεκὼς
2467 3526 2690 3598 δρόμον,
2721 3528 2867 3580 ἐστιν
2901 3527 3164 3598 οὐρανοὺς
3206 3525 3553 3597 ἐμϐατεύων,
3607 3528 3703 3581 καὶ
3738 3529 3828 3595 ἀγ-

2253 3617 2428 3684 γέλων
2458 3617 2963 3688 συμπανηγυρίζων
2994 3618 3256 3688 χορείαις,
3274 3617 3379 3672 Ἐν
3407 3619 3578 3685 τόπῳ
3599 3618 3827 3687 σκηνῆς

2251 3689 2624 3775 θαυμαστῆς,
2668 3706 2738 3758 ἐν
2763 3705 2890 3774 ἤχῳ
2923 3691 3349 3773 ἑορταζόντων,
3383 3709 3442 3759 ἐν
3471 3709 3673 3780 κυρίῳ
3701 3711 3826 3763 ἀπο·

2249 3797 2425 3857 λαύων
2472 3799 2578 3849 τῶν
2629 3797 2862 3849 αἰωνίων
2917 3797 3167 3866 ἀγαθῶν·
3223 3797 3484 3853 κάκεῖθεν
3537 3800 3694 3869 ἡμᾶς
3738 3802 3828 3851 ἑπ-

2251 3887 2498 3940 οπτεύων
2539 3887 2715 3951 ἵλεως,
2741 3885 2840 3951 τὰς
2867 3887 3006 3960 ὑπὲρ
3034 3887 3192 3958 ἡμῶν
3230 3889 3340 3941 τῶν
3370 3892 3656 3944 ταπεινῶν
3686 3892 3828 3952 λιτὰς

2251 3978 2330 4048 τῷ
2363 3977 2550 4048 Κυρίῳ
2589 3979 2891 4051 προσφέρει
2926 3978 3279 4051 θερμότερον.
3307 3979 3508 4050 Ἡμεῖς
3551 3982 3610 4035 δὲ
3644 3985 3693 4036 οἱ
3734 4000 3824 4035 τα-

2258 4073 2454 4137 πεινοὶ,
2484 4073 2550 4141 τῇ
2587 4071 2686 4140 μὲν
2717 4071 2894 4125 ἐλπίδι
2927 4071 3410 4142 μεταϐαλλόμενοι,
3445 4073 3714 4144 φέρωμεν
3742 4075 3819 4126 εύ-

2249 4161 2523 4230 χαρίστως
2548 4159 2608 4213 τὸ
2653 4160 2915 4229 λυπηρὸν,
2950 4161 3047 4229 τὴν
3076 4161 3318 4229 ἀοίδιμον
3342 4161 3566 4230 ἐκείνην
3599 4164 3824 4230 φθεγγό-

2249 4268 2401 4322 μενοι
2433 4253 2644 4323 φωνήν·
2698 4254 2750 4304 '0
2791 4252 3002 4319 Κύριος
3033 4251 3274 4317 ἔδωκεν,
3319 4255 3352 4305 ὀ
3402 4255 3630 4321 Κύριος
3662 4255 3818 4323 ἀρεί-

2243 4348 2383 4396 λετο
2404 4361 2418 4374 ο
2447 4344 2526 4409 ὡς
2560 4343 2637 4407 τῷ
2670 4344 2860 4412 Κυρίῳ
2879 4343 3130 4407 ἔδοξεν,
3149 4343 3302 4396 οὕτω
3326 4344 3428 4397 καί
3459 4345 3735 4412 ἐγένετο.
3766 4346 3821 4397 Ei

566 4443 617 4490 et
653 4436 854 4504 factum
883 4445 962 4490 est
993 4436 1058 4489 ³³.
1097 4436 1152 4490 Si
1184 4435 1312 4505 qttid
1341 4439 1485 4490 enim
1513 4435 1617 4507 fuit
1660 4437 1881 4496 factum,
1928 4437 2137 4490 llomini

2247 4451 2292 4486 τι
2334 4434 2442 4505 γὰρ
2476 4435 2685 4501 γέγονε,
2727 4434 2996 4505 θελήματι
3024 4434 3229 4505 Κυρίου
3266 4435 3485 4501 γέγονε,
3543 4437 3643 4488 τοῦ
3701 4454 3820 4503 συμ·

566 4525 768 4580 factum
800 4535 881 4580 est
921 4527 1218 4592 voluntate,
1251 4527 1345 4595 qui
1376 4527 1555 4579 omnia
1591 4527 2134 4594 utilitcrdispensat:

578 4609 850 4668 Voluntati
873 4622 1045 4666 autem
1081 4613 1216 4683 ejus,
1251 4614 1426 4678 inquit
1453 4613 1790 4668 admirabilis
1821 4615 2130 4682 Apostolus,

637 4728 682 4759 ³ο
731 4725 773 4780 ιι
815 4725 944 4780 Cor.
1001 4743 1080 4790 ix,
1135 4728 1226 4780 2'2.
1303 4729 1344 4759 ³¹
1399 4725 1440 4780 11
1482 4725 1620 4780 Tim.
1664 4743 1735 4780 iv.
1771 4726 1821 4780 7.
1902 4725 1944 4758 ³³
1984 4728 2127 4781 Psal.
2163 4744 2271 4794 xu,
2319 4729 2372 4783 5.

2169 4493 2216 4549 ι)

2243 4526 2516 4595 φερόντως
2557 4526 2735 4578 πάντα
2768 4524 3206 4595 οἰκονομοῦντος’
3248 4511 3330 4588 ’Ῑῷ
3371 4525 3441 4577 δὲ
3465 4527 3805 4596 βουλήματι

2242 4615 2448 4678 αὐτοῦ,
2507 4614 2580 4677 ὥς
2635 4631 2798 4686 φησιν
2843 4617 2872 4668 6
2917 4615 3055 4679 θεῖος
3140 4616 3477 4684 Λπόστολος,
3537 4619 3634 4685 τίς
3676 4620 3813 4672 dra-

2451 4729 2495 4760 ³³
2532 4727 2631 4782 Joh
2666 4747 2703 4794 ι,
2734 4729 2822 4784 21.

2082 4865 2316 4920 NOTAE.

638 4956 776 5025 (Si).
813 4956 880 5009 In
907 4959 1085 5025 magni
1121 4955 1272 5012 Petri
1299 4957 1657 5011 Alexandrini
1683 4959 1882 5025 funere,
1925 4959 2018 5011 ὲπὶ
2050 4958 2143 5011 τοῦ

571 5026 809 5097 μεγάλου
840 5027 1049 5096 Πέτρου
1071 5027 1508 5097 Ἀλεξανδρείας.
1543 5026 1658 5091 Non
1690 5029 1902 5096 videtur
1932 5035 2144 5082 exstare

569 5095 734 5165 quam
761 5095 1222 5152 anctorinsinuat
1252 5097 1558 5162 historiam,
1578 5095 1780 5150 obortae
1810 5100 2144 5164 tempestatis

572 5166 638 5219 ad
687 5165 978 5235 elationem
1020 5166 1226 5221 funeris
1276 5166 1464 5232 Petri;
1513 5167 1809 5235 probanda:
1884 5169 2141 5220 nimirum

572 5234 849 5288 devotioni
877 5236 1046 5303 plebis
1096 5234 1600 5307 Alexandri-itaain
1650 5252 1976 5290 coronarum
2027 5236 2140 5305 jam

570 5312 844 5374 pastorem
877 5321 1055 5366 suum,
1095 5306 1330 5374 inquem
1366 5305 1432 5358 ad
1453 5319 1717 5359 coronam
1758 5317 2140 5374 properantem

546 5371 646 5428 sic
670 5371 898 5427 fuissent
921 5375 1144 5436 assidui,
1167 5371 1225 5428 ut
1247 5376 1334 5428 vix
1360 5390 1465 5428 non
1485 5376 1829 5442 impedierth
1846 5371 2136 5440 coronam;

571 5443 692 5509 ipso
739 5443 874 5494 adeo
924 5445 1106 5506 Petro,
1141 5461 1208 5498 ne
1249 5446 1339 5498 illa
1383 5445 1790 5498 desiderantem
1832 5444 2094 5513 effugeret
2121 5484 2134 5505 ,

569 5513 874 5582 elancidum
910 5523 963 5566 et
1002 5515 1085 5580 pia
1126 5514 1314 5567 fraude
1338 5554 1351 5577 ,
1377 5515 1767 5582 spieulatorem
1791 5515 2134 5579 admittente,

568 5580 952 5643 tlato.consi|io
985 5583 1308 5637 stiliodiendi
1332 5580 1494 5636 noctu
1535 5599 1770 5646 murum,
1797 5585 1977 5652 qn0'is
2000 5593 2135 5646 tuto,

573 5652 799 5717 lusoque
831 5653 1047 5719 populo.
1083 5667 1241 5719 caput
1289 5664 1669 5721 amputaturus
1713 5655 2008 5711 accederet.
2044 5655 2135 5710 Mi-

570 5723 753 5775 randze
784 5723 1006 5776 omnino
1040 5729 1212 5787 artes,
1241 5724 1334 5779 sed
1365 5723 1676 5778 amantibus
1700 5733 1858 5778 none.

2319 4959 2453 5030 (25).
2492 4958 2593 5014 Seu
2620 4961 2858 5039 tumulo,"
2889 4960 3007 5039 ἦτοι
3048 4957 3611 5039 γλωσσοκόμῳῖηνοιι
3647 4961 3809 5039 minus

2243 5028 2504 5098 frequens
2561 5045 2626 5083 co
2685 5028 3007 5097 signiﬁcato.
3070 5028 3230 5083 Forte
3301 5028 3582 5097 signiﬁcat
3643 5033 3804 5099 ipsum

2245 5100 2579 5167 pheretrum,
2635 5101 2779 5168 quod
2822 5099 2984 5152 fuerit
3021 5099 3291 5164 clausum,
3337 5101 3645 5154 condendo
3673 5112 3808 5154 terra:

2243 5183 2406 5222 sacro
2440 5171 2788 5236 corpusculo,
2837 5170 2979 5236 quod
3034 5171 3298 5223 hactenus
3333 5169 3599 5223 omnibus
3641 5170 3804 5221 visen-

2243 5239 2370 5290 dum
2400 5238 2728 5306 prostitisset
2756 5256 2770 5303 ;
2812 5248 2870 5292 ut
2895 5239 3213 5300 etiamnum,
3243 5240 3486 5292 maxime
3523 5244 3579 5292 in
3612 5237 3718 5292 Deo
3737 5256 3807 5292 sa-

2243 5321 2463 5361 crorum
2496 5308 2778 5377 hominum
2810 5308 3106 5377 exsequiis,
3140 5309 3253 5365 fieri
3280 5311 3440 5363 solet.

2318 5377 2451 5449 (26).
2483 5376 2738 5449 Sacerdos
2782 5376 3134 5446 pontificibus,
3168 5388 3296 5449 ante
3315 5381 3481 5433 etiam
3507 5386 3805 5449 unctionem,

2242 5443 2270 5518 δ
2297 5443 2476 5518 ἱερεὺς
2511 5449 2621 5508 τοῖς
2645 5443 3066 5518 ἐξεράρχαιςριαὶ
3087 5447 3193 5516 πρὸ
3220 5448 3340 5518 τῆς-
3363 5451 3623 5518 κρίσεως.
3643 5443 3807 5508 Βίηιὶὶὲ

2245 5514 2404 5568 habet
2434 5514 2594 5569 Joan.
2640 5514 3161 5587 lliérdsblymitanus
3218 5514 3283 5570 in'
3317 5514 3595 5576 Joannem
3640 5524 3802 5578 Dama-

2243 5600 2487 5648 sconum,
2532 5601 2809 5652 exponens
2831 5586 3009 5654 sancti
3051 5586 3580 5654 Stcphanijunioris
3623 5594 3803 5648 dictum

2244 5655 2370 5730 illud
2404 5656 2454 5706 in
2500 5651 2835 5730 ipsum,_quo
2866 5651 3006 5708 θέἶον
3031 5656 3126 5730 και
3148 5651 3416 5730 θεοᾳὸρον
3451 5671 3653 5726 vocat;
3707 5678 3804 5730 quae

2243 5725 2498 5780 nimirum
2531 5726 2758 5795 propria,
2787 5735 2914 5783 sunt
2940 5726 3255 5795 pontilicum
3277 5767 3290 5790 ,
3324 5725 3452 5795 κᾶν,
3512 5725 3799 5804 inquinth
