  <div class='ocr_page' id='page_1' title='image "/cluster/home/n/w/nwhite01/storage/ocr_20150623/99/pst.000005714063/990.png"; bbox 0 0 3976 6314; ppageno 0'>
   <div class='ocr_carea' id='block_1_1' title="bbox 142 364 3416 460">
    <p class='ocr_par' dir='ltr' id='par_1_1' title="bbox 142 364 3416 460">
     <span class='ocr_line' id='line_1_1' title="bbox 142 364 3416 460; baseline 0.006 -19"><span class='ocrx_word' id='word_1_1' title='bbox 142 379 302 443; x_wconf 73' lang='lat' dir='ltr'><strong>tato</strong></span> <span class='ocrx_word' id='word_1_2' title='bbox 1138 364 1142 369; x_wconf 71' lang='grc'>⁷</span> <span class='ocrx_word' id='word_1_3' title='bbox 1236 385 1334 443; x_wconf 90' lang='lat' dir='ltr'><strong>DE</strong></span> <span class='ocrx_word' id='word_1_4' title='bbox 1367 385 1790 444; x_wconf 71' lang='lat' dir='ltr'><strong>scmsm&#39;rs</strong></span> <span class='ocrx_word' id='word_1_5' title='bbox 1839 387 2356 450; x_wconf 81' lang='lat' dir='ltr'><strong>STUDITARUM.</strong></span> <span class='ocrx_word' id='word_1_6' title='bbox 3280 398 3416 460; x_wconf 81' lang='lat'><strong>1850</strong></span> 
     </span>
    </p>
   </div>
   <div class='ocr_carea' id='block_1_2' title="bbox 135 483 1715 570">
    <p class='ocr_par' dir='ltr' id='par_1_2' title="bbox 135 483 1715 562">
     <span class='ocr_line' id='line_1_2' title="bbox 135 483 1715 562; baseline 0.002 -19"><span class='ocrx_word' id='word_1_7' title='bbox 135 483 443 559; x_wconf 66' lang='grc' dir='ltr'>ἕστηκας</span> <span class='ocrx_word' id='word_1_8' title='bbox 511 491 658 561; x_wconf 78' lang='grc' dir='ltr'>Πλὴν</span> <span class='ocrx_word' id='word_1_9' title='bbox 709 492 792 545; x_wconf 80' lang='grc' dir='ltr'>ὅτι</span> <span class='ocrx_word' id='word_1_10' title='bbox 844 493 939 545; x_wconf 73' lang='grc' dir='ltr'>καὶ</span> <span class='ocrx_word' id='word_1_11' title='bbox 993 492 1054 545; x_wconf 80' lang='grc' dir='ltr'><strong>τὺ</strong></span> <span class='ocrx_word' id='word_1_12' title='bbox 1113 494 1212 562; x_wconf 80' lang='grc' dir='ltr'>τῆς</span> <span class='ocrx_word' id='word_1_13' title='bbox 1259 493 1474 561; x_wconf 83' lang='grc' dir='ltr'>φύσεως</span> <span class='ocrx_word' id='word_1_14' title='bbox 1543 494 1715 546; x_wconf 80' lang='grc' dir='ltr'>πανθά</span> 
     </span>
    </p>
   </div>
   <div class='ocr_carea' id='block_1_3' title="bbox 1824 483 3420 570">
    <p class='ocr_par' dir='ltr' id='par_1_3' title="bbox 1824 495 3420 570">
     <span class='ocr_line' id='line_1_3' title="bbox 1824 495 3420 570; baseline 0.008 -26"><span class='ocrx_word' id='word_1_15' title='bbox 1824 495 1971 560; x_wconf 68' lang='grc' dir='ltr'>,ᾳιιὶε</span> <span class='ocrx_word' id='word_1_16' title='bbox 2006 495 2201 548; x_wconf 86' lang='lat' dir='ltr'><strong>restitit</strong></span> <span class='ocrx_word' id='word_1_17' title='bbox 2231 497 2309 548; x_wconf 74' lang='lat'><strong>“?</strong></span> <span class='ocrx_word' id='word_1_18' title='bbox 2339 496 2629 562; x_wconf 70' lang='lat' dir='ltr'><strong>Caeterum,</strong></span> <span class='ocrx_word' id='word_1_19' title='bbox 2662 497 2788 566; x_wconf 94' lang='lat' dir='ltr'><strong>quia</strong></span> <span class='ocrx_word' id='word_1_20' title='bbox 2817 499 2980 553; x_wconf 91' lang='lat' dir='ltr'><strong>etiam</strong></span> <span class='ocrx_word' id='word_1_21' title='bbox 3045 509 3252 555; x_wconf 72' lang='lat' dir='ltr'><strong>natura:</strong></span> <span class='ocrx_word' id='word_1_22' title='bbox 3296 503 3420 570; x_wconf 84' lang='lat' dir='ltr'><strong>jura</strong></span> 
     </span>
    </p>
   </div>
   <div class='ocr_carea' id='block_1_4' title="bbox 138 581 1715 662">
    <p class='ocr_par' dir='ltr' id='par_1_4' title="bbox 138 581 1715 653">
     <span class='ocr_line' id='line_1_4' title="bbox 138 581 1715 653; baseline 0 -19"><span class='ocrx_word' id='word_1_23' title='bbox 138 598 330 653; x_wconf 81' lang='grc' dir='ltr'>νομεν</span> <span class='ocrx_word' id='word_1_24' title='bbox 363 620 383 646; x_wconf 91' lang='grc'><strong>,</strong></span> <span class='ocrx_word' id='word_1_25' title='bbox 463 581 560 635; x_wconf 79' lang='grc' dir='ltr'>καὶ</span> <span class='ocrx_word' id='word_1_26' title='bbox 635 581 950 652; x_wconf 84' lang='grc' dir='ltr'>όρφανικῶς</span> <span class='ocrx_word' id='word_1_27' title='bbox 1030 581 1458 653; x_wconf 78' lang='grc' dir='ltr'><strong>ἀποδυρόμενοι,</strong></span> <span class='ocrx_word' id='word_1_28' title='bbox 1519 581 1610 634; x_wconf 81' lang='grc' dir='ltr'>τὸν</span> <span class='ocrx_word' id='word_1_29' title='bbox 1681 581 1715 634; x_wconf 81' lang='grc' dir='ltr'>ἀ</span> 
     </span>
    </p>
   </div>
   <div class='ocr_carea' id='block_1_5' title="bbox 1824 581 3425 662">
    <p class='ocr_par' dir='ltr' id='par_1_5' title="bbox 1857 582 3425 662">
     <span class='ocr_line' id='line_1_5' title="bbox 1857 582 3425 662; baseline 0.006 -26"><span class='ocrx_word' id='word_1_30' title='bbox 1857 583 2105 638; x_wconf 89' lang='lat' dir='ltr'><strong>subimus</strong></span> <span class='ocrx_word' id='word_1_31' title='bbox 2135 582 2269 655; x_wconf 74' lang='lat'><strong>(27),</strong></span> <span class='ocrx_word' id='word_1_32' title='bbox 2289 585 2611 655; x_wconf 87' lang='lat' dir='ltr'><strong>pupillorum</strong></span> <span class='ocrx_word' id='word_1_33' title='bbox 2640 601 2791 642; x_wconf 87' lang='lat' dir='ltr'><strong>more</strong></span> <span class='ocrx_word' id='word_1_34' title='bbox 2811 588 3174 658; x_wconf 79' lang='lat' dir='ltr'><strong>deplorantes,</strong></span> <span class='ocrx_word' id='word_1_35' title='bbox 3207 604 3333 662; x_wconf 79' lang='lat' dir='ltr'><strong>vero</strong></span> <span class='ocrx_word' id='word_1_36' title='bbox 3368 598 3425 645; x_wconf 90' lang='lat' dir='ltr'><strong>et</strong></span> 
     </span>
    </p>
   </div>
   <div class='ocr_carea' id='block_1_6' title="bbox 136 671 1715 745">
    <p class='ocr_par' dir='ltr' id='par_1_6' title="bbox 136 673 1714 745">
     <span class='ocr_line' id='line_1_6' title="bbox 136 673 1714 745; baseline -0.001 -17"><span class='ocrx_word' id='word_1_37' title='bbox 136 673 392 745; x_wconf 80' lang='grc' dir='ltr'>ἀληθῶς</span> <span class='ocrx_word' id='word_1_38' title='bbox 419 713 438 740; x_wconf 93' lang='grc'><strong>,</strong></span> <span class='ocrx_word' id='word_1_39' title='bbox 507 673 601 728; x_wconf 77' lang='grc' dir='ltr'>καὶ</span> <span class='ocrx_word' id='word_1_40' title='bbox 661 674 909 744; x_wconf 83' lang='grc' dir='ltr'><strong>φιλόθεον</strong></span> <span class='ocrx_word' id='word_1_41' title='bbox 935 715 951 741; x_wconf 95' lang='grc'><strong>,</strong></span> <span class='ocrx_word' id='word_1_42' title='bbox 1011 676 1107 728; x_wconf 79' lang='grc' dir='ltr'>καὶ</span> <span class='ocrx_word' id='word_1_43' title='bbox 1171 673 1483 743; x_wconf 77' lang='grc' dir='ltr'>φιλότεκνον</span> <span class='ocrx_word' id='word_1_44' title='bbox 1531 675 1714 744; x_wconf 83' lang='grc' dir='ltr'>Πατέρ</span> 
     </span>
    </p>
   </div>
   <div class='ocr_carea' id='block_1_7' title="bbox 1824 671 3418 745">
    <p class='ocr_par' dir='ltr' id='par_1_7' title="bbox 1855 671 3418 743">
     <span class='ocr_line' id='line_1_7' title="bbox 1855 671 3418 743; baseline 0.004 -17"><span class='ocrx_word' id='word_1_45' title='bbox 1855 671 1951 728; x_wconf 88' lang='lat' dir='ltr'><strong>Dei</strong></span> <span class='ocrx_word' id='word_1_46' title='bbox 1999 685 2052 729; x_wconf 89' lang='lat' dir='ltr'><strong>et</strong></span> <span class='ocrx_word' id='word_1_47' title='bbox 2090 674 2326 730; x_wconf 80' lang='lat' dir='ltr'><strong>ﬁliorum</strong></span> <span class='ocrx_word' id='word_1_48' title='bbox 2395 677 2630 733; x_wconf 84' lang='lat' dir='ltr'><strong>amantis</strong></span> <span class='ocrx_word' id='word_1_49' title='bbox 2671 676 2881 743; x_wconf 89' lang='lat' dir='ltr'><strong>Patris,</strong></span> <span class='ocrx_word' id='word_1_50' title='bbox 2931 694 3019 734; x_wconf 89' lang='lat' dir='ltr'><strong>res</strong></span> <span class='ocrx_word' id='word_1_51' title='bbox 3078 694 3418 735; x_wconf 83' lang='lat' dir='ltr'><strong>enarramus.</strong></span> 
     </span>
    </p>
   </div>
   <div class='ocr_carea' id='block_1_8' title="bbox 134 762 1715 838">
    <p class='ocr_par' dir='ltr' id='par_1_8' title="bbox 134 765 1715 838">
     <span class='ocr_line' id='line_1_8' title="bbox 134 765 1715 838; baseline 0 -20"><span class='ocrx_word' id='word_1_52' title='bbox 134 765 572 838; x_wconf 80' lang='grc' dir='ltr'><strong>διεξερχόμεθα</strong></span> <span class='ocrx_word' id='word_1_53' title='bbox 591 781 608 798; x_wconf 83' lang='lat'><strong><em>°</em></strong></span> <span class='ocrx_word' id='word_1_54' title='bbox 631 766 724 820; x_wconf 90' lang='grc' dir='ltr'><strong>καί</strong></span> <span class='ocrx_word' id='word_1_55' title='bbox 753 783 820 835; x_wconf 89' lang='grc' dir='ltr'><strong>γε</strong></span> <span class='ocrx_word' id='word_1_56' title='bbox 861 767 1097 837; x_wconf 75' lang='grc' dir='ltr'>μάλιστα</span> <span class='ocrx_word' id='word_1_57' title='bbox 1125 765 1360 836; x_wconf 84' lang='grc' dir='ltr'>ὁρῶντες</span> <span class='ocrx_word' id='word_1_58' title='bbox 1382 765 1715 835; x_wconf 82' lang='grc' dir='ltr'>καθεκὰστηι</span> 
     </span>
    </p>
   </div>
   <div class='ocr_carea' id='block_1_9' title="bbox 1824 762 3418 838">
    <p class='ocr_par' dir='ltr' id='par_1_9' title="bbox 1857 762 3418 834">
     <span class='ocr_line' id='line_1_9' title="bbox 1857 762 3418 834; baseline 0.004 -16"><span class='ocrx_word' id='word_1_59' title='bbox 1857 762 2001 820; x_wconf 88' lang='lat' dir='ltr'><strong>Sane</strong></span> <span class='ocrx_word' id='word_1_60' title='bbox 2029 765 2113 820; x_wconf 95' lang='lat' dir='ltr'><strong>vel</strong></span> <span class='ocrx_word' id='word_1_61' title='bbox 2153 765 2412 832; x_wconf 77' lang='lat' dir='ltr'><strong>maxime,</strong></span> <span class='ocrx_word' id='word_1_62' title='bbox 2450 783 2571 823; x_wconf 89' lang='lat' dir='ltr'><strong>cum</strong></span> <span class='ocrx_word' id='word_1_63' title='bbox 2617 768 2715 823; x_wconf 77' lang='lat' dir='ltr'><strong>den</strong></span> <span class='ocrx_word' id='word_1_64' title='bbox 2750 769 3014 834; x_wconf 85' lang='lat' dir='ltr'><strong>aviculas,</strong></span> <span class='ocrx_word' id='word_1_65' title='bbox 3076 769 3272 826; x_wconf 77' lang='lat' dir='ltr'><strong>fratres</strong></span> <span class='ocrx_word' id='word_1_66' title='bbox 3321 785 3418 824; x_wconf 90' lang='lat' dir='ltr'><strong>no-</strong></span> 
     </span>
    </p>
   </div>
   <div class='ocr_carea' id='block_1_10' title="bbox 134 857 1715 933">
    <p class='ocr_par' dir='ltr' id='par_1_10' title="bbox 134 857 1715 929">
     <span class='ocr_line' id='line_1_10' title="bbox 134 857 1715 929; baseline 0.001 -18"><span class='ocrx_word' id='word_1_67' title='bbox 134 857 435 929; x_wconf 78' lang='grc' dir='ltr'>καθάπερ</span> <span class='ocrx_word' id='word_1_68' title='bbox 513 858 778 928; x_wconf 85' lang='grc' dir='ltr'>πετηνούς</span> <span class='ocrx_word' id='word_1_69' title='bbox 841 859 967 919; x_wconf 75' lang='grc' dir='ltr'>τοὺς</span> <span class='ocrx_word' id='word_1_70' title='bbox 1025 858 1286 926; x_wconf 75' lang='grc' dir='ltr'>ἀδελφοὺς</span> <span class='ocrx_word' id='word_1_71' title='bbox 1335 858 1492 928; x_wconf 73' lang='grc' dir='ltr'>ἡμῶν</span> <span class='ocrx_word' id='word_1_72' title='bbox 1556 858 1715 912; x_wconf 75' lang='grc' dir='ltr'>ἄλλου</span> 
     </span>
    </p>
   </div>
   <div class='ocr_carea' id='block_1_11' title="bbox 1824 857 3417 933">
    <p class='ocr_par' dir='ltr' id='par_1_11' title="bbox 1853 857 3417 933">
     <span class='ocr_line' id='line_1_11' title="bbox 1853 857 3417 933; baseline 0.004 -23"><span class='ocrx_word' id='word_1_73' title='bbox 1853 864 2022 920; x_wconf 90' lang='lat' dir='ltr'><strong>stros,</strong></span> <span class='ocrx_word' id='word_1_74' title='bbox 2050 857 2186 912; x_wconf 86' lang='lat' dir='ltr'><strong>alios</strong></span> <span class='ocrx_word' id='word_1_75' title='bbox 2217 859 2486 930; x_wconf 88' lang='lat' dir='ltr'><strong>aliosque,</strong></span> <span class='ocrx_word' id='word_1_76' title='bbox 2506 877 2571 914; x_wconf 79' lang='lat' dir='ltr'><strong>ex</strong></span> <span class='ocrx_word' id='word_1_77' title='bbox 2603 861 2725 916; x_wconf 88' lang='lat' dir='ltr'><strong>aliis</strong></span> <span class='ocrx_word' id='word_1_78' title='bbox 2755 861 2986 932; x_wconf 84' lang='lat' dir='ltr'><strong>aliisque</strong></span> <span class='ocrx_word' id='word_1_79' title='bbox 3013 863 3417 933; x_wconf 85' lang='lat' dir='ltr'><strong>pr0pinquiori-</strong></span> 
     </span>
    </p>
   </div>
   <div class='ocr_carea' id='block_1_12' title="bbox 132 947 1715 1024">
    <p class='ocr_par' dir='ltr' id='par_1_12' title="bbox 132 947 1715 1020">
     <span class='ocr_line' id='line_1_12' title="bbox 132 947 1715 1020; baseline 0 -18"><span class='ocrx_word' id='word_1_80' title='bbox 132 948 494 1020; x_wconf 81' lang='grc' dir='ltr'><strong>ἀλλαχόθεν,</strong></span> <span class='ocrx_word' id='word_1_81' title='bbox 546 948 672 1012; x_wconf 85' lang='grc' dir='ltr'><strong>τούς</strong></span> <span class='ocrx_word' id='word_1_82' title='bbox 729 949 827 1018; x_wconf 79' lang='grc' dir='ltr'>μὲν</span> <span class='ocrx_word' id='word_1_83' title='bbox 876 947 1129 1016; x_wconf 74' lang='grc' dir='ltr'>ἐγγύθεν,</span> <span class='ocrx_word' id='word_1_84' title='bbox 1176 947 1302 1012; x_wconf 80' lang='grc' dir='ltr'>τοὺς</span> <span class='ocrx_word' id='word_1_85' title='bbox 1351 949 1408 1002; x_wconf 87' lang='grc' dir='ltr'><strong>δὲ</strong></span> <span class='ocrx_word' id='word_1_86' title='bbox 1461 948 1715 1020; x_wconf 79' lang='grc' dir='ltr'>πόρῤωθε</span> 
     </span>
    </p>
   </div>
   <div class='ocr_carea' id='block_1_13' title="bbox 1824 947 3410 1024">
    <p class='ocr_par' dir='ltr' id='par_1_13' title="bbox 1851 948 3410 1024">
     <span class='ocr_line' id='line_1_13' title="bbox 1851 948 3410 1024; baseline 0.004 -21"><span class='ocrx_word' id='word_1_87' title='bbox 1851 948 1955 1004; x_wconf 87' lang='lat' dir='ltr'><strong>bus</strong></span> <span class='ocrx_word' id='word_1_88' title='bbox 1973 963 2037 1004; x_wconf 89' lang='lat' dir='ltr'><strong>ac</strong></span> <span class='ocrx_word' id='word_1_89' title='bbox 2063 949 2448 1006; x_wconf 83' lang='lat' dir='ltr'><strong>remotioribus</strong></span> <span class='ocrx_word' id='word_1_90' title='bbox 2479 951 2634 1017; x_wconf 89' lang='lat' dir='ltr'><strong>locis,</strong></span> <span class='ocrx_word' id='word_1_91' title='bbox 2657 954 2720 1005; x_wconf 73' lang='lat' dir='ltr'><strong>atl</strong></span> <span class='ocrx_word' id='word_1_92' title='bbox 2755 965 3040 1022; x_wconf 86' lang='lat' dir='ltr'><strong>paternum</strong></span> <span class='ocrx_word' id='word_1_93' title='bbox 3100 955 3410 1024; x_wconf 84' lang='lat' dir='ltr'><strong>sepulcrum</strong></span> 
     </span>
    </p>
   </div>
   <div class='ocr_carea' id='block_1_14' title="bbox 131 1038 1715 1114">
    <p class='ocr_par' dir='ltr' id='par_1_14' title="bbox 131 1038 1715 1114">
     <span class='ocr_line' id='line_1_14' title="bbox 131 1038 1715 1114; baseline -0.003 -19"><span class='ocrx_word' id='word_1_94' title='bbox 131 1041 615 1114; x_wconf 82' lang='grc' dir='ltr'><strong>προστρέχοντας</strong></span> <span class='ocrx_word' id='word_1_95' title='bbox 663 1038 746 1110; x_wconf 73' lang='grc' dir='ltr'>τῷ</span> <span class='ocrx_word' id='word_1_96' title='bbox 796 1039 1050 1110; x_wconf 81' lang='grc' dir='ltr'>πατρικῷ</span> <span class='ocrx_word' id='word_1_97' title='bbox 1109 1039 1302 1110; x_wconf 85' lang='grc' dir='ltr'>τάφῳ,</span> <span class='ocrx_word' id='word_1_98' title='bbox 1369 1040 1615 1108; x_wconf 79' lang='grc' dir='ltr'>ἀμειδετς</span> <span class='ocrx_word' id='word_1_99' title='bbox 1667 1042 1715 1092; x_wconf 70' lang='grc' dir='ltr'><strong>τι</strong></span> 
     </span>
    </p>
   </div>
   <div class='ocr_carea' id='block_1_15' title="bbox 1824 1038 3416 1114">
    <p class='ocr_par' dir='ltr' id='par_1_15' title="bbox 1849 1042 3416 1112">
     <span class='ocr_line' id='line_1_15' title="bbox 1849 1042 3416 1112; baseline 0.004 -17"><span class='ocrx_word' id='word_1_100' title='bbox 1849 1051 2220 1105; x_wconf 76' lang='lat' dir='ltr'><strong>occurrentes,</strong></span> <span class='ocrx_word' id='word_1_101' title='bbox 2252 1042 2306 1096; x_wconf 92' lang='lat' dir='ltr'><strong>in</strong></span> <span class='ocrx_word' id='word_1_102' title='bbox 2341 1043 2456 1097; x_wconf 89' lang='lat' dir='ltr'><strong>dies</strong></span> <span class='ocrx_word' id='word_1_103' title='bbox 2485 1043 2790 1110; x_wconf 83' lang='lat' dir='ltr'><strong>videamus,</strong></span> <span class='ocrx_word' id='word_1_104' title='bbox 2815 1044 2968 1100; x_wconf 90' lang='lat' dir='ltr'><strong>vultu</strong></span> <span class='ocrx_word' id='word_1_105' title='bbox 3004 1046 3280 1112; x_wconf 90' lang='lat' dir='ltr'><strong>tetricoso,</strong></span> <span class='ocrx_word' id='word_1_106' title='bbox 3310 1046 3416 1100; x_wconf 90' lang='lat' dir='ltr'><strong>im-</strong></span> 
     </span>
    </p>
   </div>
   <div class='ocr_carea' id='block_1_16' title="bbox 131 1130 1715 1208">
    <p class='ocr_par' dir='ltr' id='par_1_16' title="bbox 131 1130 1714 1204">
     <span class='ocr_line' id='line_1_16' title="bbox 131 1130 1714 1204; baseline -0.002 -16"><span class='ocrx_word' id='word_1_107' title='bbox 131 1133 479 1204; x_wconf 82' lang='grc' dir='ltr'><strong>προσώπῳ,</strong></span> <span class='ocrx_word' id='word_1_108' title='bbox 510 1132 934 1204; x_wconf 70' lang='grc' dir='ltr'>ἑρικνωμένους,</span> <span class='ocrx_word' id='word_1_109' title='bbox 974 1131 1314 1202; x_wconf 78' lang='grc' dir='ltr'><strong>αὐχμηροὺς,</strong></span> <span class='ocrx_word' id='word_1_110' title='bbox 1343 1130 1714 1204; x_wconf 75' lang='grc' dir='ltr'>δακρυρροοῢν</span> 
     </span>
    </p>
   </div>
   <div class='ocr_carea' id='block_1_17' title="bbox 1824 1130 3414 1208">
    <p class='ocr_par' dir='ltr' id='par_1_17' title="bbox 1849 1133 3414 1208">
     <span class='ocr_line' id='line_1_17' title="bbox 1849 1133 3414 1208; baseline 0.004 -21"><span class='ocrx_word' id='word_1_111' title='bbox 1849 1133 2082 1189; x_wconf 91' lang='lat' dir='ltr'><strong>maniter</strong></span> <span class='ocrx_word' id='word_1_112' title='bbox 2110 1133 2335 1190; x_wconf 78' lang='lat' dir='ltr'><strong>ainictos</strong></span> <span class='ocrx_word' id='word_1_113' title='bbox 2360 1150 2425 1190; x_wconf 88' lang='lat' dir='ltr'><strong>ac</strong></span> <span class='ocrx_word' id='word_1_114' title='bbox 2457 1135 2638 1190; x_wconf 82' lang='lat' dir='ltr'><strong>tristes</strong></span> <span class='ocrx_word' id='word_1_115' title='bbox 2673 1137 2808 1208; x_wconf 69' lang='lat'><strong>(28),</strong></span> <span class='ocrx_word' id='word_1_116' title='bbox 2853 1139 3165 1208; x_wconf 88' lang='lat' dir='ltr'><strong>squalidos,</strong></span> <span class='ocrx_word' id='word_1_117' title='bbox 3238 1140 3414 1208; x_wconf 80' lang='lat' dir='ltr'><strong>lacry-</strong></span> 
     </span>
    </p>
   </div>
   <div class='ocr_carea' id='block_1_18' title="bbox 130 1222 1744 1297">
    <p class='ocr_par' dir='ltr' id='par_1_18' title="bbox 130 1222 1744 1297">
     <span class='ocr_line' id='line_1_18' title="bbox 130 1222 1744 1297; baseline -0.003 -17"><span class='ocrx_word' id='word_1_118' title='bbox 130 1243 275 1292; x_wconf 83' lang='grc' dir='ltr'>τας,</span> <span class='ocrx_word' id='word_1_119' title='bbox 329 1224 836 1297; x_wconf 80' lang='grc' dir='ltr'>συστρεφομένους,</span> <span class='ocrx_word' id='word_1_120' title='bbox 869 1223 966 1276; x_wconf 71' lang='grc' dir='ltr'>καὶ</span> <span class='ocrx_word' id='word_1_121' title='bbox 989 1225 1054 1277; x_wconf 75' lang='grc' dir='ltr'>ὲκ</span> <span class='ocrx_word' id='word_1_122' title='bbox 1080 1222 1279 1293; x_wconf 82' lang='grc' dir='ltr'><strong>βάθους</strong></span> <span class='ocrx_word' id='word_1_123' title='bbox 1306 1223 1707 1293; x_wconf 77' lang='grc' dir='ltr'>ποτνιωμένους</span> <span class='ocrx_word' id='word_1_124' title='bbox 1727 1237 1744 1256; x_wconf 78' lang='grc' dir='ltr'><strong>ο</strong></span> 
     </span>
    </p>
   </div>
   <div class='ocr_carea' id='block_1_19' title="bbox 130 1304 1744 1386">
    <p class='ocr_par' dir='ltr' id='par_1_19' title="bbox 130 1304 1744 1386">
     <span class='ocr_line' id='line_1_19' title="bbox 130 1304 1744 1386; baseline -0.004 -13"><span class='ocrx_word' id='word_1_125' title='bbox 130 1319 221 1382; x_wconf 80' lang='grc' dir='ltr'>ὥς</span> <span class='ocrx_word' id='word_1_126' title='bbox 259 1319 375 1373; x_wconf 69' lang='grc' dir='ltr'>καὶ</span> <span class='ocrx_word' id='word_1_127' title='bbox 417 1304 680 1386; x_wconf 78' lang='grc' dir='ltr'>ὲξάὐτῆς</span> <span class='ocrx_word' id='word_1_128' title='bbox 711 1314 887 1380; x_wconf 74' lang='grc' dir='ltr'>ὅψεως</span> <span class='ocrx_word' id='word_1_129' title='bbox 919 1313 1285 1385; x_wconf 80' lang='grc' dir='ltr'><strong>γνωρίζεσθαι</strong></span> <span class='ocrx_word' id='word_1_130' title='bbox 1327 1315 1462 1368; x_wconf 82' lang='grc' dir='ltr'>πᾶσι</span> <span class='ocrx_word' id='word_1_131' title='bbox 1495 1315 1586 1366; x_wconf 80' lang='grc' dir='ltr'>τὸν</span> <span class='ocrx_word' id='word_1_132' title='bbox 1618 1313 1744 1384; x_wconf 84' lang='grc' dir='ltr'>τρό-</span> 
     </span>
    </p>
   </div>
   <div class='ocr_carea' id='block_1_20' title="bbox 131 1403 1742 1480">
    <p class='ocr_par' dir='ltr' id='par_1_20' title="bbox 131 1403 1742 1480">
     <span class='ocr_line' id='line_1_20' title="bbox 131 1403 1742 1480; baseline -0.006 -15"><span class='ocrx_word' id='word_1_133' title='bbox 131 1426 253 1465; x_wconf 79' lang='grc' dir='ltr'><strong>πον</strong></span> <span class='ocrx_word' id='word_1_134' title='bbox 274 1427 294 1443; x_wconf 79' lang='grc' dir='ltr'><strong>ο</strong></span> <span class='ocrx_word' id='word_1_135' title='bbox 335 1408 484 1463; x_wconf 80' lang='grc' dir='ltr'>ἀλλὰ</span> <span class='ocrx_word' id='word_1_136' title='bbox 514 1407 620 1480; x_wconf 80' lang='grc' dir='ltr'>μὴν</span> <span class='ocrx_word' id='word_1_137' title='bbox 651 1409 744 1460; x_wconf 79' lang='grc' dir='ltr'>καὶ</span> <span class='ocrx_word' id='word_1_138' title='bbox 779 1407 998 1476; x_wconf 75' lang='grc' dir='ltr'>ἑτέρους</span> <span class='ocrx_word' id='word_1_139' title='bbox 1042 1405 1290 1467; x_wconf 81' lang='grc' dir='ltr'>πλείονας</span> <span class='ocrx_word' id='word_1_140' title='bbox 1320 1404 1430 1457; x_wconf 91' lang='grc' dir='ltr'><strong>τῶν</strong></span> <span class='ocrx_word' id='word_1_141' title='bbox 1458 1403 1742 1473; x_wconf 81' lang='grc' dir='ltr'>πατρικῶν</span> 
     </span>
    </p>
   </div>
   <div class='ocr_carea' id='block_1_21' title="bbox 130 1492 1740 1567">
    <p class='ocr_par' dir='ltr' id='par_1_21' title="bbox 130 1492 1740 1567">
     <span class='ocr_line' id='line_1_21' title="bbox 130 1492 1740 1567; baseline -0.007 -11"><span class='ocrx_word' id='word_1_142' title='bbox 130 1499 627 1557; x_wconf 78' lang='grc' dir='ltr'>ἀπολελαυκότων</span> <span class='ocrx_word' id='word_1_143' title='bbox 655 1497 983 1567; x_wconf 77' lang='grc' dir='ltr'><strong>εὐεργεσιῶν</strong></span> <span class='ocrx_word' id='word_1_144' title='bbox 1033 1494 1152 1549; x_wconf 84' lang='grc' dir='ltr'>κατ’</span> <span class='ocrx_word' id='word_1_145' title='bbox 1188 1494 1497 1564; x_wconf 82' lang='grc' dir='ltr'>ἀμφότερα.</span> <span class='ocrx_word' id='word_1_146' title='bbox 1551 1492 1740 1563; x_wconf 84' lang='grc' dir='ltr'><strong>Ὑμεῖς</strong></span> 
     </span>
    </p>
   </div>
   <div class='ocr_carea' id='block_1_22' title="bbox 130 1583 1736 1662">
    <p class='ocr_par' dir='ltr' id='par_1_22' title="bbox 130 1583 1736 1662">
     <span class='ocr_line' id='line_1_22' title="bbox 130 1583 1736 1662; baseline -0.007 -15"><span class='ocrx_word' id='word_1_147' title='bbox 130 1595 223 1657; x_wconf 82' lang='grc' dir='ltr'>δὲ,</span> <span class='ocrx_word' id='word_1_148' title='bbox 261 1587 318 1646; x_wconf 77' lang='grc' dir='ltr'>ὦ</span> <span class='ocrx_word' id='word_1_149' title='bbox 355 1589 794 1662; x_wconf 82' lang='grc' dir='ltr'>μακαριώτατοι,</span> <span class='ocrx_word' id='word_1_150' title='bbox 828 1587 894 1639; x_wconf 78' lang='grc' dir='ltr'><strong>τὰ</strong></span> <span class='ocrx_word' id='word_1_151' title='bbox 930 1585 1021 1640; x_wconf 77' lang='grc' dir='ltr'>ἴσα</span> <span class='ocrx_word' id='word_1_152' title='bbox 1052 1589 1100 1639; x_wconf 86' lang='grc' dir='ltr'>εἰ</span> <span class='ocrx_word' id='word_1_153' title='bbox 1134 1586 1230 1639; x_wconf 71' lang='grc' dir='ltr'>καὶ</span> <span class='ocrx_word' id='word_1_154' title='bbox 1261 1585 1480 1637; x_wconf 82' lang='grc' dir='ltr'>πλείονα</span> <span class='ocrx_word' id='word_1_155' title='bbox 1510 1583 1736 1648; x_wconf 82' lang='grc' dir='ltr'>εἴποιτε,</span> 
     </span>
    </p>
   </div>
   <div class='ocr_carea' id='block_1_23' title="bbox 130 1673 1737 1749">
    <p class='ocr_par' dir='ltr' id='par_1_23' title="bbox 130 1673 1737 1749">
     <span class='ocr_line' id='line_1_23' title="bbox 130 1673 1737 1749; baseline -0.007 -11"><span class='ocrx_word' id='word_1_156' title='bbox 130 1686 220 1748; x_wconf 85' lang='grc' dir='ltr'><strong>ὡς</strong></span> <span class='ocrx_word' id='word_1_157' title='bbox 262 1680 702 1749; x_wconf 80' lang='grc' dir='ltr'>ἀπολειφθέντες</span> <span class='ocrx_word' id='word_1_158' title='bbox 748 1682 842 1731; x_wconf 68' lang='grc' dir='ltr'>καὶ</span> <span class='ocrx_word' id='word_1_159' title='bbox 883 1680 981 1746; x_wconf 63' lang='grc' dir='ltr'>τῆς</span> <span class='ocrx_word' id='word_1_160' title='bbox 1029 1677 1122 1729; x_wconf 76' lang='grc' dir='ltr'><strong>ἐπὶ</strong></span> <span class='ocrx_word' id='word_1_161' title='bbox 1167 1680 1234 1746; x_wconf 81' lang='grc' dir='ltr'>τῇ</span> <span class='ocrx_word' id='word_1_162' title='bbox 1276 1675 1605 1746; x_wconf 84' lang='grc' dir='ltr'><strong>μεταστάσει</strong></span> <span class='ocrx_word' id='word_1_163' title='bbox 1641 1673 1737 1727; x_wconf 80' lang='grc' dir='ltr'>τοῦ</span> 
     </span>
    </p>
   </div>
   <div class='ocr_carea' id='block_1_24' title="bbox 129 1767 1738 1845">
    <p class='ocr_par' dir='ltr' id='par_1_24' title="bbox 129 1767 1738 1845">
     <span class='ocr_line' id='line_1_24' title="bbox 129 1767 1738 1845; baseline -0.006 -17"><span class='ocrx_word' id='word_1_164' title='bbox 129 1775 544 1845; x_wconf 81' lang='grc' dir='ltr'>παμμάκαρος</span> <span class='ocrx_word' id='word_1_165' title='bbox 599 1769 861 1838; x_wconf 82' lang='grc' dir='ltr'>αὐτοψίας</span> <span class='ocrx_word' id='word_1_166' title='bbox 887 1806 902 1831; x_wconf 93' lang='grc'><strong>,</strong></span> <span class='ocrx_word' id='word_1_167' title='bbox 971 1769 1065 1822; x_wconf 68' lang='grc' dir='ltr'>καὶ</span> <span class='ocrx_word' id='word_1_168' title='bbox 1125 1768 1586 1837; x_wconf 84' lang='grc' dir='ltr'>ἀποκλαιόμενοι,</span> <span class='ocrx_word' id='word_1_169' title='bbox 1645 1767 1738 1819; x_wconf 76' lang='grc' dir='ltr'>καὶ</span> 
     </span>
    </p>
   </div>
   <div class='ocr_carea' id='block_1_25' title="bbox 1847 1226 3414 1301">
    <p class='ocr_par' dir='ltr' id='par_1_25' title="bbox 1847 1226 3414 1301">
     <span class='ocr_line' id='line_1_25' title="bbox 1847 1226 3414 1301; baseline 0.004 -19"><span class='ocrx_word' id='word_1_170' title='bbox 1847 1227 1953 1282; x_wconf 91' lang='lat' dir='ltr'><strong>mis</strong></span> <span class='ocrx_word' id='word_1_171' title='bbox 1985 1226 2328 1294; x_wconf 78' lang='lat' dir='ltr'><strong>ditﬂuentes,</strong></span> <span class='ocrx_word' id='word_1_172' title='bbox 2387 1244 2509 1284; x_wconf 87' lang='lat' dir='ltr'><strong>sese</strong></span> <span class='ocrx_word' id='word_1_173' title='bbox 2573 1239 3028 1299; x_wconf 89' lang='lat' dir='ltr'><strong>contorquentes,</strong></span> <span class='ocrx_word' id='word_1_174' title='bbox 3073 1247 3247 1301; x_wconf 80' lang='lat' dir='ltr'><strong>exque</strong></span> <span class='ocrx_word' id='word_1_175' title='bbox 3303 1234 3414 1288; x_wconf 91' lang='lat' dir='ltr'><strong>imo</strong></span> 
     </span>
    </p>
   </div>
   <div class='ocr_carea' id='block_1_26' title="bbox 1845 1321 3406 1395">
    <p class='ocr_par' dir='ltr' id='par_1_26' title="bbox 1845 1321 3406 1395">
     <span class='ocr_line' id='line_1_26' title="bbox 1845 1321 3406 1395; baseline 0.004 -21"><span class='ocrx_word' id='word_1_176' title='bbox 1845 1329 2067 1388; x_wconf 85' lang='lat' dir='ltr'><strong>pectore</strong></span> <span class='ocrx_word' id='word_1_177' title='bbox 2098 1329 2398 1390; x_wconf 71' lang='lat' dir='ltr'><strong>gementes,</strong></span> <span class='ocrx_word' id='word_1_178' title='bbox 2429 1330 2489 1374; x_wconf 91' lang='lat' dir='ltr'><strong>ut</strong></span> <span class='ocrx_word' id='word_1_179' title='bbox 2522 1322 2604 1376; x_wconf 85' lang='lat' dir='ltr'><strong>vel</strong></span> <span class='ocrx_word' id='word_1_180' title='bbox 2645 1338 2710 1376; x_wconf 79' lang='lat' dir='ltr'><strong>ex</strong></span> <span class='ocrx_word' id='word_1_181' title='bbox 2764 1321 2888 1392; x_wconf 89' lang='lat' dir='ltr'><strong>ipso</strong></span> <span class='ocrx_word' id='word_1_182' title='bbox 2933 1335 3181 1395; x_wconf 87' lang='lat' dir='ltr'><strong>aspectu,</strong></span> <span class='ocrx_word' id='word_1_183' title='bbox 3216 1327 3406 1395; x_wconf 87' lang='lat' dir='ltr'><strong>quivis</strong></span> 
     </span>
    </p>
   </div>
   <div class='ocr_carea' id='block_1_27' title="bbox 1844 1411 3409 1484">
    <p class='ocr_par' dir='ltr' id='par_1_27' title="bbox 1844 1411 3409 1484">
     <span class='ocr_line' id='line_1_27' title="bbox 1844 1411 3409 1484; baseline 0.002 -19"><span class='ocrx_word' id='word_1_184' title='bbox 1844 1411 2030 1466; x_wconf 84' lang='lat' dir='ltr'><strong>statim</strong></span> <span class='ocrx_word' id='word_1_185' title='bbox 2084 1421 2347 1482; x_wconf 79' lang='lat' dir='ltr'><strong>agnoscat</strong></span> <span class='ocrx_word' id='word_1_186' title='bbox 2403 1412 2679 1467; x_wconf 80' lang='lat' dir='ltr'><strong>aﬂ‘ectum.</strong></span> <span class='ocrx_word' id='word_1_187' title='bbox 2728 1413 2870 1479; x_wconf 86' lang='lat' dir='ltr'><strong>Quin</strong></span> <span class='ocrx_word' id='word_1_188' title='bbox 2918 1423 2972 1469; x_wconf 91' lang='lat' dir='ltr'><strong>et</strong></span> <span class='ocrx_word' id='word_1_189' title='bbox 3022 1415 3162 1470; x_wconf 85' lang='lat' dir='ltr'><strong>alios</strong></span> <span class='ocrx_word' id='word_1_190' title='bbox 3209 1415 3409 1484; x_wconf 84' lang='lat' dir='ltr'><strong>plures,</strong></span> 
     </span>
    </p>
   </div>
   <div class='ocr_carea' id='block_1_28' title="bbox 1842 1500 3409 1571">
    <p class='ocr_par' dir='ltr' id='par_1_28' title="bbox 1842 1500 3409 1571">
     <span class='ocr_line' id='line_1_28' title="bbox 1842 1500 3409 1571; baseline 0.001 -16"><span class='ocrx_word' id='word_1_191' title='bbox 1842 1501 1938 1569; x_wconf 89' lang='lat' dir='ltr'><strong>qui</strong></span> <span class='ocrx_word' id='word_1_192' title='bbox 1973 1500 2028 1555; x_wconf 91' lang='lat' dir='ltr'><strong>in</strong></span> <span class='ocrx_word' id='word_1_193' title='bbox 2077 1510 2310 1571; x_wconf 87' lang='lat' dir='ltr'><strong>utroque</strong></span> <span class='ocrx_word' id='word_1_194' title='bbox 2354 1512 2578 1570; x_wconf 88' lang='lat' dir='ltr'><strong>paterna</strong></span> <span class='ocrx_word' id='word_1_195' title='bbox 2638 1503 2898 1558; x_wconf 80' lang='lat' dir='ltr'><strong>beneﬁcia</strong></span> <span class='ocrx_word' id='word_1_196' title='bbox 2955 1505 3231 1558; x_wconf 88' lang='lat' dir='ltr'><strong>consecuti</strong></span> <span class='ocrx_word' id='word_1_197' title='bbox 3279 1503 3409 1557; x_wconf 91' lang='lat' dir='ltr'><strong>sint.</strong></span> 
     </span>
    </p>
   </div>
   <div class='ocr_carea' id='block_1_29' title="bbox 1843 1592 3410 1663">
    <p class='ocr_par' dir='ltr' id='par_1_29' title="bbox 1843 1592 3410 1663">
     <span class='ocr_line' id='line_1_29' title="bbox 1843 1592 3410 1663; baseline 0.001 -17"><span class='ocrx_word' id='word_1_198' title='bbox 1843 1592 1950 1647; x_wconf 79' lang='lat' dir='ltr'><strong>Vos</strong></span> <span class='ocrx_word' id='word_1_199' title='bbox 1983 1607 2168 1662; x_wconf 91' lang='lat' dir='ltr'><strong>porro,</strong></span> <span class='ocrx_word' id='word_1_200' title='bbox 2208 1593 2533 1659; x_wconf 86' lang='lat' dir='ltr'><strong>beatissimi,</strong></span> <span class='ocrx_word' id='word_1_201' title='bbox 2565 1594 2775 1657; x_wconf 89' lang='lat' dir='ltr'><strong>eadem,</strong></span> <span class='ocrx_word' id='word_1_202' title='bbox 2816 1611 2881 1648; x_wconf 89' lang='lat' dir='ltr'><strong>ac</strong></span> <span class='ocrx_word' id='word_1_203' title='bbox 2910 1595 2975 1649; x_wconf 91' lang='lat' dir='ltr'><strong>iis</strong></span> <span class='ocrx_word' id='word_1_204' title='bbox 3008 1596 3163 1663; x_wconf 88' lang='lat' dir='ltr'><strong>plura</strong></span> <span class='ocrx_word' id='word_1_205' title='bbox 3207 1595 3410 1649; x_wconf 79' lang='lat' dir='ltr'><strong>dixeri-</strong></span> 
     </span>
    </p>
   </div>
   <div class='ocr_carea' id='block_1_30' title="bbox 1843 1681 3412 1754">
    <p class='ocr_par' dir='ltr' id='par_1_30' title="bbox 1843 1681 3412 1754">
     <span class='ocr_line' id='line_1_30' title="bbox 1843 1681 3412 1754; baseline 0.002 -19"><span class='ocrx_word' id='word_1_206' title='bbox 1843 1681 1932 1746; x_wconf 88' lang='lat' dir='ltr'><strong>tis,</strong></span> <span class='ocrx_word' id='word_1_207' title='bbox 1964 1683 2068 1738; x_wconf 91' lang='lat' dir='ltr'><strong>hoc</strong></span> <span class='ocrx_word' id='word_1_208' title='bbox 2093 1685 2158 1738; x_wconf 93' lang='lat' dir='ltr'><strong>ad</strong></span> <span class='ocrx_word' id='word_1_209' title='bbox 2195 1683 2296 1737; x_wconf 90' lang='lat' dir='ltr'><strong>alia</strong></span> <span class='ocrx_word' id='word_1_210' title='bbox 2339 1684 2705 1753; x_wconf 80' lang='lat' dir='ltr'><strong>deplorantes,</strong></span> <span class='ocrx_word' id='word_1_211' title='bbox 2748 1685 2892 1754; x_wconf 91' lang='lat' dir='ltr'><strong>quod</strong></span> <span class='ocrx_word' id='word_1_212' title='bbox 2932 1685 3003 1738; x_wconf 91' lang='lat' dir='ltr'><strong>sit</strong></span> <span class='ocrx_word' id='word_1_213' title='bbox 3033 1694 3310 1750; x_wconf 80' lang='lat' dir='ltr'><strong>negatum,</strong></span> <span class='ocrx_word' id='word_1_214' title='bbox 3354 1694 3412 1738; x_wconf 93' lang='lat' dir='ltr'><strong>ut</strong></span> 
     </span>
    </p>
   </div>
   <div class='ocr_carea' id='block_1_31' title="bbox 1841 1773 3408 1844">
    <p class='ocr_par' dir='ltr' id='par_1_31' title="bbox 1841 1773 3408 1844">
     <span class='ocr_line' id='line_1_31' title="bbox 1841 1773 3408 1844; baseline 0.002 -19"><span class='ocrx_word' id='word_1_215' title='bbox 1841 1779 1923 1826; x_wconf 88' lang='lat' dir='ltr'><strong>ter</strong></span> <span class='ocrx_word' id='word_1_216' title='bbox 1953 1773 2095 1827; x_wconf 85' lang='lat' dir='ltr'><strong>beati</strong></span> <span class='ocrx_word' id='word_1_217' title='bbox 2127 1775 2226 1828; x_wconf 88' lang='lat' dir='ltr'><strong>viri</strong></span> <span class='ocrx_word' id='word_1_218' title='bbox 2254 1775 2507 1829; x_wconf 83' lang='lat' dir='ltr'><strong>transilui</strong></span> <span class='ocrx_word' id='word_1_219' title='bbox 2540 1785 2835 1844; x_wconf 67' lang='lat' dir='ltr'><strong>praesentes</strong></span> <span class='ocrx_word' id='word_1_220' title='bbox 2857 1775 3066 1830; x_wconf 86' lang='lat' dir='ltr'><strong>essetis.</strong></span> <span class='ocrx_word' id='word_1_221' title='bbox 3096 1776 3408 1841; x_wconf 85' lang='lat' dir='ltr'><strong>Enimvero,</strong></span> 
     </span>
    </p>
   </div>
   <div class='ocr_carea' id='block_1_32' title="bbox 129 1842 1715 1935">
    <p class='ocr_par' dir='ltr' id='par_1_32' title="bbox 129 1842 1715 1935">
     <span class='ocr_line' id='line_1_32' title="bbox 129 1842 1715 1935; baseline -0.007 -16"><span class='ocrx_word' id='word_1_222' title='bbox 129 1842 334 1920; x_wconf 61' lang='grc' dir='ltr'>ἀποδυ</span> <span class='ocrx_word' id='word_1_223' title='bbox 347 1863 586 1935; x_wconf 86' lang='grc' dir='ltr'>ρόμενοι.</span> <span class='ocrx_word' id='word_1_224' title='bbox 644 1860 769 1914; x_wconf 59' lang='lat' dir='ltr'><strong>AD.’</strong></span> <span class='ocrx_word' id='word_1_225' title='bbox 803 1854 896 1912; x_wconf 77' lang='grc' dir='ltr'>οὖν</span> <span class='ocrx_word' id='word_1_226' title='bbox 924 1859 1013 1911; x_wconf 78' lang='grc' dir='ltr'>διὰ</span> <span class='ocrx_word' id='word_1_227' title='bbox 1062 1857 1175 1911; x_wconf 92' lang='grc' dir='ltr'><strong>τῶν</strong></span> <span class='ocrx_word' id='word_1_228' title='bbox 1207 1856 1602 1921; x_wconf 73' lang='grc' dir='ltr'>ἀκουσθέντων,</span> <span class='ocrx_word' id='word_1_229' title='bbox 1642 1857 1715 1910; x_wconf 82' lang='grc' dir='ltr'><strong>κα</strong></span> 
     </span>
    </p>
   </div>
   <div class='ocr_carea' id='block_1_33' title="bbox 1824 1842 3409 1935">
    <p class='ocr_par' dir='ltr' id='par_1_33' title="bbox 1839 1863 3409 1935">
     <span class='ocr_line' id='line_1_33' title="bbox 1839 1863 3409 1935; baseline 0.001 -18"><span class='ocrx_word' id='word_1_230' title='bbox 1839 1863 2216 1931; x_wconf 89' lang='lat' dir='ltr'><strong>consolamini,</strong></span> <span class='ocrx_word' id='word_1_231' title='bbox 2244 1880 2340 1934; x_wconf 91' lang='lat' dir='ltr'><strong>per</strong></span> <span class='ocrx_word' id='word_1_232' title='bbox 2359 1879 2422 1920; x_wconf 91' lang='lat' dir='ltr'><strong>ea</strong></span> <span class='ocrx_word' id='word_1_233' title='bbox 2454 1881 2574 1935; x_wconf 75' lang='lat' dir='ltr'><strong>qua:</strong></span> <span class='ocrx_word' id='word_1_234' title='bbox 2607 1866 2836 1920; x_wconf 81' lang='lat' dir='ltr'><strong>audistis</strong></span> <span class='ocrx_word' id='word_1_235' title='bbox 2879 1874 2933 1919; x_wconf 90' lang='lat' dir='ltr'><strong>et</strong></span> <span class='ocrx_word' id='word_1_236' title='bbox 2961 1867 3216 1934; x_wconf 84' lang='lat' dir='ltr'><strong>speratis,</strong></span> <span class='ocrx_word' id='word_1_237' title='bbox 3250 1865 3409 1918; x_wconf 81' lang='lat' dir='ltr'><strong>refri-</strong></span> 
     </span>
    </p>
   </div>
   <div class='ocr_carea' id='block_1_34' title="bbox 125 1947 1736 2024">
    <p class='ocr_par' dir='ltr' id='par_1_34' title="bbox 125 1947 1736 2024">
     <span class='ocr_line' id='line_1_34' title="bbox 125 1947 1736 2024; baseline -0.007 -13"><span class='ocrx_word' id='word_1_238' title='bbox 125 1955 538 2024; x_wconf 78' lang='grc' dir='ltr'>ὲλπιζομένων</span> <span class='ocrx_word' id='word_1_239' title='bbox 601 1949 1029 2022; x_wconf 85' lang='grc' dir='ltr'>παρηγορήθητε</span> <span class='ocrx_word' id='word_1_240' title='bbox 1085 1949 1181 2002; x_wconf 79' lang='grc' dir='ltr'>καὶ</span> <span class='ocrx_word' id='word_1_241' title='bbox 1228 1947 1565 2014; x_wconf 72' lang='grc' dir='ltr'>ἁναψύξατε,</span> <span class='ocrx_word' id='word_1_242' title='bbox 1643 1947 1736 2001; x_wconf 76' lang='grc' dir='ltr'>καὶ</span> 
     </span>
    </p>
   </div>
   <div class='ocr_carea' id='block_1_35' title="bbox 129 2038 1734 2118">
    <p class='ocr_par' dir='ltr' id='par_1_35' title="bbox 129 2038 1734 2118">
     <span class='ocr_line' id='line_1_35' title="bbox 129 2038 1734 2118; baseline -0.009 -16"><span class='ocrx_word' id='word_1_243' title='bbox 129 2048 294 2118; x_wconf 74' lang='grc' dir='ltr'>πρὸς</span> <span class='ocrx_word' id='word_1_244' title='bbox 318 2045 386 2100; x_wconf 77' lang='grc' dir='ltr'>τὸ</span> <span class='ocrx_word' id='word_1_245' title='bbox 411 2044 536 2113; x_wconf 81' lang='grc' dir='ltr'><strong>ἑξῆς</strong></span> <span class='ocrx_word' id='word_1_246' title='bbox 568 2043 755 2112; x_wconf 80' lang='grc' dir='ltr'>ἔχεσθε</span> <span class='ocrx_word' id='word_1_247' title='bbox 788 2041 885 2095; x_wconf 80' lang='grc' dir='ltr'>τοῦ</span> <span class='ocrx_word' id='word_1_248' title='bbox 917 2040 1082 2094; x_wconf 76' lang='grc' dir='ltr'>καλοῦ</span> <span class='ocrx_word' id='word_1_249' title='bbox 1117 2039 1270 2108; x_wconf 81' lang='grc' dir='ltr'>ὐμῶν</span> <span class='ocrx_word' id='word_1_250' title='bbox 1285 2038 1488 2111; x_wconf 81' lang='grc' dir='ltr'>δρόμου</span> <span class='ocrx_word' id='word_1_251' title='bbox 1522 2039 1734 2106; x_wconf 68' lang='grc' dir='ltr'>ἀνολιγι</span> 
     </span>
    </p>
   </div>
   <div class='ocr_carea' id='block_1_36' title="bbox 124 2130 1732 2210">
    <p class='ocr_par' dir='ltr' id='par_1_36' title="bbox 124 2130 1732 2210">
     <span class='ocr_line' id='line_1_36' title="bbox 124 2130 1732 2210; baseline -0.006 -18"><span class='ocrx_word' id='word_1_252' title='bbox 124 2139 317 2210; x_wconf 82' lang='grc' dir='ltr'>ώρως</span> <span class='ocrx_word' id='word_1_253' title='bbox 341 2153 356 2169; x_wconf 84' lang='grc'><strong>·</strong></span> <span class='ocrx_word' id='word_1_254' title='bbox 395 2137 680 2206; x_wconf 83' lang='grc' dir='ltr'>εὐχόμενοι</span> <span class='ocrx_word' id='word_1_255' title='bbox 715 2135 823 2201; x_wconf 67' lang='lat' dir='ltr'><strong>mit</strong></span> <span class='ocrx_word' id='word_1_256' title='bbox 853 2133 992 2202; x_wconf 80' lang='grc' dir='ltr'>ὑπὲρ</span> <span class='ocrx_word' id='word_1_257' title='bbox 1034 2133 1131 2202; x_wconf 76' lang='grc' dir='ltr'>τῆς</span> <span class='ocrx_word' id='word_1_258' title='bbox 1157 2130 1536 2193; x_wconf 82' lang='grc' dir='ltr'>ταπεινώσεως</span> <span class='ocrx_word' id='word_1_259' title='bbox 1576 2133 1732 2200; x_wconf 75' lang='grc' dir='ltr'>ἡμῶν</span> 
     </span>
    </p>
   </div>
   <div class='ocr_carea' id='block_1_37' title="bbox 126 2221 1732 2293">
    <p class='ocr_par' dir='ltr' id='par_1_37' title="bbox 126 2221 1732 2293">
     <span class='ocr_line' id='line_1_37' title="bbox 126 2221 1732 2293; baseline -0.006 -11"><span class='ocrx_word' id='word_1_260' title='bbox 126 2227 545 2290; x_wconf 77' lang='grc' dir='ltr'>ἀδιαλείπτως,</span> <span class='ocrx_word' id='word_1_261' title='bbox 596 2228 718 2278; x_wconf 74' lang='grc' dir='ltr'>ἐπεὶ</span> <span class='ocrx_word' id='word_1_262' title='bbox 765 2223 860 2276; x_wconf 72' lang='grc' dir='ltr'>καὶ</span> <span class='ocrx_word' id='word_1_263' title='bbox 898 2224 1058 2293; x_wconf 81' lang='grc' dir='ltr'>ἡμεῖς</span> <span class='ocrx_word' id='word_1_264' title='bbox 1101 2221 1240 2292; x_wconf 81' lang='grc' dir='ltr'>ὑπὲρ</span> <span class='ocrx_word' id='word_1_265' title='bbox 1289 2221 1388 2290; x_wconf 86' lang='grc' dir='ltr'>τῆς</span> <span class='ocrx_word' id='word_1_266' title='bbox 1423 2221 1732 2290; x_wconf 84' lang='grc' dir='ltr'>τιμιότητος</span> 
     </span>
    </p>
   </div>
   <div class='ocr_carea' id='block_1_38' title="bbox 129 2311 1728 2390">
    <p class='ocr_par' dir='ltr' id='par_1_38' title="bbox 129 2311 1728 2390">
     <span class='ocr_line' id='line_1_38' title="bbox 129 2311 1728 2390; baseline -0.006 -16"><span class='ocrx_word' id='word_1_267' title='bbox 129 2319 317 2390; x_wconf 82' lang='grc' dir='ltr'>ὑμῶν</span> <span class='ocrx_word' id='word_1_268' title='bbox 341 2359 356 2384; x_wconf 96' lang='grc'><strong>,</strong></span> <span class='ocrx_word' id='word_1_269' title='bbox 397 2319 446 2370; x_wconf 81' lang='grc' dir='ltr'><strong>εί</strong></span> <span class='ocrx_word' id='word_1_270' title='bbox 480 2318 576 2371; x_wconf 71' lang='grc' dir='ltr'>καὶ</span> <span class='ocrx_word' id='word_1_271' title='bbox 597 2313 910 2385; x_wconf 75' lang='grc' dir='ltr'>τολμηρῶς.</span> <span class='ocrx_word' id='word_1_272' title='bbox 943 2315 1130 2367; x_wconf 82' lang='grc' dir='ltr'>Πᾶσαν</span> <span class='ocrx_word' id='word_1_273' title='bbox 1161 2311 1316 2382; x_wconf 85' lang='grc' dir='ltr'>ὐμῶν</span> <span class='ocrx_word' id='word_1_274' title='bbox 1344 2311 1443 2379; x_wconf 81' lang='grc' dir='ltr'>τὴν</span> <span class='ocrx_word' id='word_1_275' title='bbox 1483 2311 1728 2364; x_wconf 77' lang='grc' dir='ltr'>συνοδίαν</span> 
     </span>
    </p>
   </div>
   <div class='ocr_carea' id='block_1_39' title="bbox 133 2404 1733 2483">
    <p class='ocr_par' dir='ltr' id='par_1_39' title="bbox 133 2404 1733 2483">
     <span class='ocr_line' id='line_1_39' title="bbox 133 2404 1733 2483; baseline -0.007 -16"><span class='ocrx_word' id='word_1_276' title='bbox 133 2414 297 2483; x_wconf 80' lang='grc' dir='ltr'>μετὰ</span> <span class='ocrx_word' id='word_1_277' title='bbox 359 2412 453 2466; x_wconf 71' lang='grc' dir='ltr'>καὶ</span> <span class='ocrx_word' id='word_1_278' title='bbox 495 2411 604 2465; x_wconf 85' lang='grc' dir='ltr'><strong>τῶν</strong></span> <span class='ocrx_word' id='word_1_279' title='bbox 647 2407 850 2482; x_wconf 67' lang='grc' dir='ltr'>λοιπῶν</span> <span class='ocrx_word' id='word_1_280' title='bbox 895 2405 1204 2473; x_wconf 63' lang='grc' dir='ltr'>ἀδελφικῶς</span> <span class='ocrx_word' id='word_1_281' title='bbox 1254 2404 1733 2475; x_wconf 86' lang='grc' dir='ltr'>προσαγορεύομεν</span> 
     </span>
    </p>
   </div>
   <div class='ocr_carea' id='block_1_40' title="bbox 127 2497 1734 2576">
    <p class='ocr_par' dir='ltr' id='par_1_40' title="bbox 127 2497 1734 2576">
     <span class='ocr_line' id='line_1_40' title="bbox 127 2497 1734 2576; baseline -0.007 -16"><span class='ocrx_word' id='word_1_282' title='bbox 127 2507 208 2560; x_wconf 83' lang='grc' dir='ltr'>δι’</span> <span class='ocrx_word' id='word_1_283' title='bbox 245 2505 432 2576; x_wconf 81' lang='grc' dir='ltr'>ὑμῶν.</span> <span class='ocrx_word' id='word_1_284' title='bbox 469 2506 530 2556; x_wconf 80' lang='lat' dir='ltr'><strong>Oi</strong></span> <span class='ocrx_word' id='word_1_285' title='bbox 567 2506 662 2555; x_wconf 74' lang='grc' dir='ltr'>σὺν</span> <span class='ocrx_word' id='word_1_286' title='bbox 694 2503 847 2571; x_wconf 81' lang='grc' dir='ltr'>ἡμῖν,</span> <span class='ocrx_word' id='word_1_287' title='bbox 881 2500 1110 2551; x_wconf 79' lang='grc' dir='ltr'>πλεῖστα</span> <span class='ocrx_word' id='word_1_288' title='bbox 1133 2497 1597 2568; x_wconf 82' lang='grc' dir='ltr'>προσαγορεύουσι</span> <span class='ocrx_word' id='word_1_289' title='bbox 1634 2498 1734 2549; x_wconf 53' lang='grc' dir='ltr'><strong>τὸν</strong></span> 
     </span>
    </p>
   </div>
   <div class='ocr_carea' id='block_1_41' title="bbox 132 2595 686 2669">
    <p class='ocr_par' dir='ltr' id='par_1_41' title="bbox 132 2595 686 2669">
     <span class='ocr_line' id='line_1_41' title="bbox 132 2595 686 2669; baseline -0.007 -14"><span class='ocrx_word' id='word_1_290' title='bbox 132 2597 471 2669; x_wconf 77' lang='grc' dir='ltr'>ἁγιωσύνην</span> <span class='ocrx_word' id='word_1_291' title='bbox 511 2595 686 2666; x_wconf 82' lang='grc' dir='ltr'>ὐμῶν.</span> 
     </span>
    </p>
   </div>
   <div class='ocr_carea' id='block_1_42' title="bbox 216 2728 700 2796">
    <p class='ocr_par' dir='ltr' id='par_1_42' title="bbox 216 2728 700 2796">
     <span class='ocr_line' id='line_1_42' title="bbox 216 2728 700 2796; baseline -0.008 -9"><span class='ocrx_word' id='word_1_292' title='bbox 216 2735 271 2768; x_wconf 69' lang='grc'><strong>³⁵</strong></span> <span class='ocrx_word' id='word_1_293' title='bbox 308 2731 464 2787; x_wconf 77' lang='lat' dir='ltr'><strong>Rom.</strong></span> <span class='ocrx_word' id='word_1_294' title='bbox 501 2746 577 2796; x_wconf 76' lang='grc' dir='ltr'>ιιι,</span> <span class='ocrx_word' id='word_1_295' title='bbox 616 2728 700 2784; x_wconf 85' lang='lat' dir='ltr'><strong>l9.</strong></span> 
     </span>
    </p>
   </div>
   <div class='ocr_carea' id='block_1_43' title="bbox 1835 1953 3405 2024">
    <p class='ocr_par' dir='ltr' id='par_1_43' title="bbox 1835 1953 3405 2024">
     <span class='ocr_line' id='line_1_43' title="bbox 1835 1953 3405 2024; baseline 0.001 -18"><span class='ocrx_word' id='word_1_296' title='bbox 1835 1953 2092 2022; x_wconf 78' lang='lat' dir='ltr'><strong>gerioque</strong></span> <span class='ocrx_word' id='word_1_297' title='bbox 2117 1954 2344 2021; x_wconf 89' lang='lat' dir='ltr'><strong>aiacres,</strong></span> <span class='ocrx_word' id='word_1_298' title='bbox 2377 1956 2648 2024; x_wconf 90' lang='lat' dir='ltr'><strong>reliquum</strong></span> <span class='ocrx_word' id='word_1_299' title='bbox 2688 1956 2888 2010; x_wconf 90' lang='lat' dir='ltr'><strong>bonum</strong></span> <span class='ocrx_word' id='word_1_300' title='bbox 2915 1971 3134 2010; x_wconf 83' lang='lat' dir='ltr'><strong>cursum</strong></span> <span class='ocrx_word' id='word_1_301' title='bbox 3166 1965 3405 2009; x_wconf 84' lang='lat' dir='ltr'><strong>vestrum</strong></span> 
     </span>
    </p>
   </div>
   <div class='ocr_carea' id='block_1_44' title="bbox 1837 2044 3406 2115">
    <p class='ocr_par' dir='ltr' id='par_1_44' title="bbox 1837 2044 3406 2115">
     <span class='ocr_line' id='line_1_44' title="bbox 1837 2044 3406 2115; baseline 0.002 -20"><span class='ocrx_word' id='word_1_302' title='bbox 1837 2044 2068 2114; x_wconf 82' lang='lat' dir='ltr'><strong>impigre</strong></span> <span class='ocrx_word' id='word_1_303' title='bbox 2097 2047 2487 2115; x_wconf 89' lang='lat' dir='ltr'><strong>prosequimini</strong></span> <span class='ocrx_word' id='word_1_304' title='bbox 2518 2063 2531 2100; x_wconf 91' lang='lat'><strong>:</strong></span> <span class='ocrx_word' id='word_1_305' title='bbox 2565 2047 2730 2101; x_wconf 91' lang='lat' dir='ltr'><strong>etiam</strong></span> <span class='ocrx_word' id='word_1_306' title='bbox 2773 2045 3141 2101; x_wconf 83' lang='lat' dir='ltr'><strong>indesinenter</strong></span> <span class='ocrx_word' id='word_1_307' title='bbox 3178 2061 3276 2115; x_wconf 89' lang='lat' dir='ltr'><strong>pro</strong></span> <span class='ocrx_word' id='word_1_308' title='bbox 3307 2060 3406 2098; x_wconf 87' lang='lat' dir='ltr'><strong>no-</strong></span> 
     </span>
    </p>
   </div>
   <div class='ocr_carea' id='block_1_45' title="bbox 1832 2136 3406 2208">
    <p class='ocr_par' dir='ltr' id='par_1_45' title="bbox 1832 2136 3406 2208">
     <span class='ocr_line' id='line_1_45' title="bbox 1832 2136 3406 2208; baseline 0.001 -20"><span class='ocrx_word' id='word_1_309' title='bbox 1832 2143 1942 2188; x_wconf 89' lang='lat' dir='ltr'><strong>stra</strong></span> <span class='ocrx_word' id='word_1_310' title='bbox 1973 2136 2278 2191; x_wconf 87' lang='lat' dir='ltr'><strong>humilitate</strong></span> <span class='ocrx_word' id='word_1_311' title='bbox 2306 2147 2610 2206; x_wconf 85' lang='lat' dir='ltr'><strong>precantes,</strong></span> <span class='ocrx_word' id='word_1_312' title='bbox 2641 2137 2861 2208; x_wconf 89' lang='lat' dir='ltr'><strong>quando</strong></span> <span class='ocrx_word' id='word_1_313' title='bbox 2890 2146 2946 2192; x_wconf 91' lang='lat' dir='ltr'><strong>et</strong></span> <span class='ocrx_word' id='word_1_314' title='bbox 2966 2153 3066 2192; x_wconf 92' lang='lat' dir='ltr'><strong>nos</strong></span> <span class='ocrx_word' id='word_1_315' title='bbox 3093 2152 3192 2207; x_wconf 92' lang='lat' dir='ltr'><strong>pro</strong></span> <span class='ocrx_word' id='word_1_316' title='bbox 3225 2137 3406 2191; x_wconf 86' lang='lat' dir='ltr'><strong>bono-</strong></span> 
     </span>
    </p>
   </div>
   <div class='ocr_carea' id='block_1_46' title="bbox 1833 2223 3404 2297">
    <p class='ocr_par' dir='ltr' id='par_1_46' title="bbox 1833 2223 3404 2297">
     <span class='ocr_line' id='line_1_46' title="bbox 1833 2223 3404 2297; baseline 0.003 -21"><span class='ocrx_word' id='word_1_317' title='bbox 1833 2223 1998 2277; x_wconf 83' lang='lat' dir='ltr'><strong>rauda</strong></span> <span class='ocrx_word' id='word_1_318' title='bbox 2037 2234 2214 2279; x_wconf 85' lang='lat' dir='ltr'><strong>vestra</strong></span> <span class='ocrx_word' id='word_1_319' title='bbox 2241 2227 2507 2280; x_wconf 88' lang='lat' dir='ltr'><strong>charitate</strong></span> <span class='ocrx_word' id='word_1_320' title='bbox 2541 2248 2552 2280; x_wconf 90' lang='lat'><strong>:</strong></span> <span class='ocrx_word' id='word_1_321' title='bbox 2593 2243 2907 2297; x_wconf 87' lang='lat' dir='ltr'><strong>quanquam</strong></span> <span class='ocrx_word' id='word_1_322' title='bbox 2939 2227 3188 2282; x_wconf 90' lang='lat' dir='ltr'><strong>videatur</strong></span> <span class='ocrx_word' id='word_1_323' title='bbox 3221 2228 3272 2282; x_wconf 90' lang='lat' dir='ltr'><strong>id</strong></span> <span class='ocrx_word' id='word_1_324' title='bbox 3305 2241 3404 2280; x_wconf 89' lang='lat' dir='ltr'><strong>au-</strong></span> 
     </span>
    </p>
   </div>
   <div class='ocr_carea' id='block_1_47' title="bbox 1836 2311 3402 2381">
    <p class='ocr_par' dir='ltr' id='par_1_47' title="bbox 1836 2311 3402 2381">
     <span class='ocr_line' id='line_1_47' title="bbox 1836 2311 3402 2381; baseline 0.004 -14"><span class='ocrx_word' id='word_1_325' title='bbox 1836 2311 2147 2369; x_wconf 86' lang='lat' dir='ltr'><strong>daciuscule</strong></span> <span class='ocrx_word' id='word_1_326' title='bbox 2173 2316 2374 2370; x_wconf 89' lang='lat' dir='ltr'><strong>dictum</strong></span> <span class='ocrx_word' id='word_1_327' title='bbox 2400 2332 2415 2367; x_wconf 86' lang='lat'><strong>:</strong></span> <span class='ocrx_word' id='word_1_328' title='bbox 2439 2316 2540 2370; x_wconf 89' lang='lat' dir='ltr'><strong>Per</strong></span> <span class='ocrx_word' id='word_1_329' title='bbox 2568 2334 2684 2381; x_wconf 90' lang='lat' dir='ltr'><strong>vos,</strong></span> <span class='ocrx_word' id='word_1_330' title='bbox 2711 2319 2948 2374; x_wconf 80' lang='lat' dir='ltr'><strong>fraterne</strong></span> <span class='ocrx_word' id='word_1_331' title='bbox 2969 2320 3146 2375; x_wconf 87' lang='lat' dir='ltr'><strong>saluto</strong></span> <span class='ocrx_word' id='word_1_332' title='bbox 3162 2330 3402 2375; x_wconf 87' lang='lat' dir='ltr'><strong>vestrum</strong></span> 
     </span>
    </p>
   </div>
   <div class='ocr_carea' id='block_1_48' title="bbox 1835 2409 3400 2478">
    <p class='ocr_par' dir='ltr' id='par_1_48' title="bbox 1835 2409 3400 2478">
     <span class='ocr_line' id='line_1_48' title="bbox 1835 2409 3400 2478; baseline 0.002 -19"><span class='ocrx_word' id='word_1_333' title='bbox 1835 2420 2054 2459; x_wconf 88' lang='lat' dir='ltr'><strong>omnem</strong></span> <span class='ocrx_word' id='word_1_334' title='bbox 2112 2417 2436 2460; x_wconf 81' lang='lat' dir='ltr'><strong>conventum</strong></span> <span class='ocrx_word' id='word_1_335' title='bbox 2481 2421 2604 2460; x_wconf 92' lang='lat' dir='ltr'><strong>cum</strong></span> <span class='ocrx_word' id='word_1_336' title='bbox 2657 2409 2903 2478; x_wconf 89' lang='lat' dir='ltr'><strong>reliquis.</strong></span> <span class='ocrx_word' id='word_1_337' title='bbox 2959 2410 3060 2476; x_wconf 85' lang='lat' dir='ltr'><strong>Qui</strong></span> <span class='ocrx_word' id='word_1_338' title='bbox 3115 2410 3400 2464; x_wconf 83' lang='lat' dir='ltr'><strong>nobiscum</strong></span> 
     </span>
    </p>
   </div>
   <div class='ocr_carea' id='block_1_49' title="bbox 1835 2498 3400 2568">
    <p class='ocr_par' dir='ltr' id='par_1_49' title="bbox 1835 2498 3400 2568">
     <span class='ocr_line' id='line_1_49' title="bbox 1835 2498 3400 2568; baseline 0.003 -16"><span class='ocrx_word' id='word_1_339' title='bbox 1835 2508 1964 2552; x_wconf 90' lang='lat' dir='ltr'><strong>sunt</strong></span> <span class='ocrx_word' id='word_1_340' title='bbox 2029 2498 2224 2553; x_wconf 83' lang='lat' dir='ltr'><strong>fratres</strong></span> <span class='ocrx_word' id='word_1_341' title='bbox 2275 2498 2570 2568; x_wconf 89' lang='lat' dir='ltr'><strong>plurimum</strong></span> <span class='ocrx_word' id='word_1_342' title='bbox 2624 2501 2862 2556; x_wconf 86' lang='lat' dir='ltr'><strong>salutant</strong></span> <span class='ocrx_word' id='word_1_343' title='bbox 2916 2503 3259 2558; x_wconf 85' lang='lat' dir='ltr'><strong>sanctitatem</strong></span> <span class='ocrx_word' id='word_1_344' title='bbox 3316 2516 3400 2557; x_wconf 89' lang='lat' dir='ltr'><strong>ve-</strong></span> 
     </span>
    </p>
   </div>
   <div class='ocr_carea' id='block_1_50' title="bbox 1835 2599 2023 2646">
    <p class='ocr_par' dir='ltr' id='par_1_50' title="bbox 1835 2599 2023 2646">
     <span class='ocr_line' id='line_1_50' title="bbox 1835 2599 2023 2646; baseline 0.011 -2"><span class='ocrx_word' id='word_1_345' title='bbox 1835 2599 2023 2646; x_wconf 85' lang='lat' dir='ltr'><strong>stram.</strong></span> 
     </span>
    </p>
   </div>
   <div class='ocr_carea' id='block_1_51' title="bbox 866 3014 2671 3105">
    <p class='ocr_par' dir='ltr' id='par_1_51' title="bbox 866 3014 2671 3105">
     <span class='ocr_line' id='line_1_51' title="bbox 866 3014 2671 3105; baseline -0.002 -5"><span class='ocrx_word' id='word_1_346' title='bbox 866 3040 949 3101; x_wconf 84' lang='lat' dir='ltr'><strong>IN</strong></span> <span class='ocrx_word' id='word_1_347' title='bbox 992 3014 1622 3105; x_wconf 85' lang='lat' dir='ltr'><strong>SUBSEQUENTEM</strong></span> <span class='ocrx_word' id='word_1_348' title='bbox 1671 3032 2671 3096; x_wconf 80' lang='lat' dir='ltr'><strong>NARRATIONEMMONITUM.</strong></span> 
     </span>
    </p>
   </div>
   <div class='ocr_carea' id='block_1_52' title="bbox 218 3175 3393 3253">
    <p class='ocr_par' dir='ltr' id='par_1_52' title="bbox 218 3175 3393 3253">
     <span class='ocr_line' id='line_1_52' title="bbox 218 3175 3393 3253; baseline -0.001 -19"><span class='ocrx_word' id='word_1_349' title='bbox 218 3181 306 3234; x_wconf 78' lang='lat' dir='ltr'><strong>Ad</strong></span> <span class='ocrx_word' id='word_1_350' title='bbox 338 3195 452 3235; x_wconf 90' lang='lat' dir='ltr'><strong>rem</strong></span> <span class='ocrx_word' id='word_1_351' title='bbox 483 3181 802 3236; x_wconf 91' lang='lat' dir='ltr'><strong>canonicam</strong></span> <span class='ocrx_word' id='word_1_352' title='bbox 835 3181 992 3237; x_wconf 90' lang='lat' dir='ltr'><strong>valde</strong></span> <span class='ocrx_word' id='word_1_353' title='bbox 1022 3181 1257 3251; x_wconf 85' lang='lat' dir='ltr'><strong>pertinet</strong></span> <span class='ocrx_word' id='word_1_354' title='bbox 1304 3179 1547 3235; x_wconf 89' lang='lat' dir='ltr'><strong>narratio</strong></span> <span class='ocrx_word' id='word_1_355' title='bbox 1605 3176 1850 3253; x_wconf 65' lang='lat' dir='ltr'><strong>quaedam</strong></span> <span class='ocrx_word' id='word_1_356' title='bbox 1895 3176 2105 3231; x_wconf 86' lang='lat' dir='ltr'><strong>dissidii</strong></span> <span class='ocrx_word' id='word_1_357' title='bbox 2150 3177 2236 3230; x_wconf 90' lang='lat' dir='ltr'><strong>vel</strong></span> <span class='ocrx_word' id='word_1_358' title='bbox 2288 3178 2471 3246; x_wconf 88' lang='lat' dir='ltr'><strong>potius</strong></span> <span class='ocrx_word' id='word_1_359' title='bbox 2510 3178 2822 3234; x_wconf 85' lang='lat' dir='ltr'><strong>sehismatis</strong></span> <span class='ocrx_word' id='word_1_360' title='bbox 2855 3176 3126 3233; x_wconf 90' lang='lat' dir='ltr'><strong>Theodori</strong></span> <span class='ocrx_word' id='word_1_361' title='bbox 3170 3175 3393 3230; x_wconf 78' lang='lat' dir='ltr'><strong>Studitze</strong></span> 
     </span>
    </p>
   </div>
   <div class='ocr_carea' id='block_1_53' title="bbox 135 3264 3391 3338">
    <p class='ocr_par' dir='ltr' id='par_1_53' title="bbox 135 3264 3391 3338">
     <span class='ocr_line' id='line_1_53' title="bbox 135 3264 3391 3338; baseline -0.002 -16"><span class='ocrx_word' id='word_1_362' title='bbox 135 3284 168 3322; x_wconf 89' lang='lat' dir='ltr'><strong>a</strong></span> <span class='ocrx_word' id='word_1_363' title='bbox 207 3268 432 3322; x_wconf 82' lang='lat' dir='ltr'><strong>duobus</strong></span> <span class='ocrx_word' id='word_1_364' title='bbox 463 3269 788 3338; x_wconf 87' lang='lat' dir='ltr'><strong>patriarebis</strong></span> <span class='ocrx_word' id='word_1_365' title='bbox 823 3267 1051 3324; x_wconf 87' lang='lat' dir='ltr'><strong>Tarasio</strong></span> <span class='ocrx_word' id='word_1_366' title='bbox 1070 3278 1124 3322; x_wconf 92' lang='lat' dir='ltr'><strong>et</strong></span> <span class='ocrx_word' id='word_1_367' title='bbox 1159 3268 1499 3337; x_wconf 80' lang='lat' dir='ltr'><strong>Nicephoro,</strong></span> <span class='ocrx_word' id='word_1_368' title='bbox 1527 3267 1669 3336; x_wconf 86' lang='lat' dir='ltr'><strong>quod</strong></span> <span class='ocrx_word' id='word_1_369' title='bbox 1704 3281 1736 3320; x_wconf 89' lang='lat' dir='ltr'><strong>a</strong></span> <span class='ocrx_word' id='word_1_370' title='bbox 1776 3264 1952 3318; x_wconf 84' lang='lat' dir='ltr'><strong>Studii</strong></span> <span class='ocrx_word' id='word_1_371' title='bbox 1995 3265 2188 3319; x_wconf 90' lang='lat' dir='ltr'><strong>deinde</strong></span> <span class='ocrx_word' id='word_1_372' title='bbox 2246 3267 2529 3320; x_wconf 86' lang='lat' dir='ltr'><strong>monachis</strong></span> <span class='ocrx_word' id='word_1_373' title='bbox 2589 3266 2750 3335; x_wconf 91' lang='lat' dir='ltr'><strong>paulo</strong></span> <span class='ocrx_word' id='word_1_374' title='bbox 2803 3265 2970 3320; x_wconf 88' lang='lat' dir='ltr'><strong>ditius</strong></span> <span class='ocrx_word' id='word_1_375' title='bbox 3013 3265 3391 3320; x_wconf 88' lang='lat' dir='ltr'><strong>continuatum</strong></span> 
     </span>
    </p>
   </div>
   <div class='ocr_carea' id='block_1_54' title="bbox 136 3353 3387 3425">
    <p class='ocr_par' dir='ltr' id='par_1_54' title="bbox 136 3353 3387 3425">
     <span class='ocr_line' id='line_1_54' title="bbox 136 3353 3387 3425; baseline -0 -17"><span class='ocrx_word' id='word_1_376' title='bbox 136 3354 278 3410; x_wconf 79' lang='lat' dir='ltr'><strong>fuit.</strong></span> <span class='ocrx_word' id='word_1_377' title='bbox 311 3353 386 3408; x_wconf 86' lang='lat' dir='ltr'><strong>Ea</strong></span> <span class='ocrx_word' id='word_1_378' title='bbox 418 3368 541 3407; x_wconf 89' lang='lat' dir='ltr'><strong>cum</strong></span> <span class='ocrx_word' id='word_1_379' title='bbox 573 3355 708 3408; x_wconf 90' lang='lat' dir='ltr'><strong>mihi</strong></span> <span class='ocrx_word' id='word_1_380' title='bbox 736 3364 1026 3425; x_wconf 89' lang='lat' dir='ltr'><strong>conspecta</strong></span> <span class='ocrx_word' id='word_1_381' title='bbox 1062 3353 1224 3410; x_wconf 82' lang='lat' dir='ltr'><strong>fuerit</strong></span> <span class='ocrx_word' id='word_1_382' title='bbox 1253 3357 1306 3409; x_wconf 92' lang='lat' dir='ltr'><strong>in</strong></span> <span class='ocrx_word' id='word_1_383' title='bbox 1346 3355 1479 3409; x_wconf 89' lang='lat' dir='ltr'><strong>Cod.</strong></span> <span class='ocrx_word' id='word_1_384' title='bbox 1520 3353 1635 3407; x_wconf 82' lang='lat' dir='ltr'><strong>Vat.</strong></span> <span class='ocrx_word' id='word_1_385' title='bbox 1670 3353 1894 3422; x_wconf 80' lang='lat' dir='ltr'><strong>praecisa</strong></span> <span class='ocrx_word' id='word_1_386' title='bbox 1926 3353 2219 3409; x_wconf 90' lang='lat' dir='ltr'><strong>admodum</strong></span> <span class='ocrx_word' id='word_1_387' title='bbox 2256 3363 2309 3408; x_wconf 88' lang='lat' dir='ltr'><strong>et</strong></span> <span class='ocrx_word' id='word_1_388' title='bbox 2340 3355 2475 3408; x_wconf 90' lang='lat' dir='ltr'><strong>satis</strong></span> <span class='ocrx_word' id='word_1_389' title='bbox 2501 3354 2671 3418; x_wconf 89' lang='lat' dir='ltr'><strong>utilis,</strong></span> <span class='ocrx_word' id='word_1_390' title='bbox 2713 3354 2840 3408; x_wconf 89' lang='lat' dir='ltr'><strong>nolo</strong></span> <span class='ocrx_word' id='word_1_391' title='bbox 2863 3354 3114 3408; x_wconf 83' lang='lat' dir='ltr'><strong>fraudare</strong></span> <span class='ocrx_word' id='word_1_392' title='bbox 3135 3353 3387 3418; x_wconf 86' lang='lat' dir='ltr'><strong>lectores,</strong></span> 
     </span>
    </p>
   </div>
   <div class='ocr_carea' id='block_1_55' title="bbox 137 3437 2918 3512">
    <p class='ocr_par' dir='ltr' id='par_1_55' title="bbox 137 3437 2918 3512">
     <span class='ocr_line' id='line_1_55' title="bbox 137 3437 2918 3512; baseline 0 -18"><span class='ocrx_word' id='word_1_393' title='bbox 137 3456 306 3496; x_wconf 90' lang='lat' dir='ltr'><strong>meos</strong></span> <span class='ocrx_word' id='word_1_394' title='bbox 335 3442 402 3496; x_wconf 86' lang='lat' dir='ltr'><strong>tle</strong></span> <span class='ocrx_word' id='word_1_395' title='bbox 432 3441 534 3495; x_wconf 88' lang='lat' dir='ltr'><strong>hac</strong></span> <span class='ocrx_word' id='word_1_396' title='bbox 566 3442 946 3497; x_wconf 65' lang='lat' dir='ltr'><strong>ecclesiasticae</strong></span> <span class='ocrx_word' id='word_1_397' title='bbox 967 3442 1206 3496; x_wconf 71' lang='lat' dir='ltr'><strong>historiae</strong></span> <span class='ocrx_word' id='word_1_398' title='bbox 1236 3442 1521 3511; x_wconf 90' lang='lat' dir='ltr'><strong>particula.</strong></span> <span class='ocrx_word' id='word_1_399' title='bbox 1554 3469 1621 3480; x_wconf 86' lang='lat'><strong>—-</strong></span> <span class='ocrx_word' id='word_1_400' title='bbox 1649 3440 1782 3493; x_wconf 68' lang='lat' dir='ltr'><strong>Asc.</strong></span> <span class='ocrx_word' id='word_1_401' title='bbox 1819 3437 1926 3494; x_wconf 79' lang='lat' dir='ltr'><strong>MAI</strong></span> <span class='ocrx_word' id='word_1_402' title='bbox 1957 3439 2208 3512; x_wconf 84' lang='lat' dir='ltr'><strong>Spicileg.</strong></span> <span class='ocrx_word' id='word_1_403' title='bbox 2245 3439 2402 3495; x_wconf 88' lang='lat' dir='ltr'><strong>Rom.</strong></span> <span class='ocrx_word' id='word_1_404' title='bbox 2443 3451 2482 3496; x_wconf 93' lang='lat' dir='ltr'><strong>t.</strong></span> <span class='ocrx_word' id='word_1_405' title='bbox 2525 3439 2634 3507; x_wconf 85' lang='lat' dir='ltr'><strong>VII,</strong></span> <span class='ocrx_word' id='word_1_406' title='bbox 2669 3457 2723 3509; x_wconf 91' lang='lat' dir='ltr'><strong>p.</strong></span> <span class='ocrx_word' id='word_1_407' title='bbox 2766 3457 2918 3495; x_wconf 67' lang='grc' dir='ltr'>χχιιι.</span> 
     </span>
    </p>
   </div>
   <div class='ocr_carea' id='block_1_56' title="bbox 137 3656 1785 3736">
    <p class='ocr_par' dir='ltr' id='par_1_56' title="bbox 137 3656 1785 3736">
     <span class='ocr_line' id='line_1_56' title="bbox 137 3656 1785 3736; baseline -0.002 -20"><span class='ocrx_word' id='word_1_408' title='bbox 137 3659 292 3729; x_wconf 72' lang='grc' dir='ltr'>Περὶ</span> <span class='ocrx_word' id='word_1_409' title='bbox 337 3656 628 3726; x_wconf 83' lang='grc' dir='ltr'>Ταρασιου</span> <span class='ocrx_word' id='word_1_410' title='bbox 655 3656 752 3711; x_wconf 75' lang='grc' dir='ltr'>καὶ</span> <span class='ocrx_word' id='word_1_411' title='bbox 774 3658 1114 3736; x_wconf 50' lang='grc' dir='ltr'>Νικηφόρον</span> <span class='ocrx_word' id='word_1_412' title='bbox 1147 3656 1266 3712; x_wconf 73' lang='grc' dir='ltr'>τῶν</span> <span class='ocrx_word' id='word_1_413' title='bbox 1289 3660 1359 3712; x_wconf 82' lang='grc' dir='ltr'><strong>ἐν</strong></span> <span class='ocrx_word' id='word_1_414' title='bbox 1390 3661 1581 3730; x_wconf 78' lang='grc' dir='ltr'>ἁγίοις</span> <span class='ocrx_word' id='word_1_415' title='bbox 1605 3677 1715 3715; x_wconf 85' lang='grc' dir='ltr'>πα·</span> <span class='ocrx_word' id='word_1_416' title='bbox 1742 3669 1785 3726; x_wconf 85' lang='lat' dir='ltr'><strong>c</strong></span> 
     </span>
    </p>
   </div>
   <div class='ocr_carea' id='block_1_57' title="bbox 768 3743 1079 3794">
    <p class='ocr_par' dir='ltr' id='par_1_57' title="bbox 768 3743 1079 3794">
     <span class='ocr_line' id='line_1_57' title="bbox 768 3743 1079 3794; baseline 0.006 -15"><span class='ocrx_word' id='word_1_417' title='bbox 768 3743 1079 3794; x_wconf 80' lang='grc' dir='ltr'>τριαρχων.</span> 
     </span>
    </p>
   </div>
   <div class='ocr_carea' id='block_1_58' title="bbox 218 3841 1717 3914">
    <p class='ocr_par' dir='ltr' id='par_1_58' title="bbox 218 3841 1717 3914">
     <span class='ocr_line' id='line_1_58' title="bbox 218 3841 1717 3914; baseline 0 -18"><span class='ocrx_word' id='word_1_418' title='bbox 218 3843 346 3896; x_wconf 77' lang='grc' dir='ltr'><strong>Ὀτι</strong></span> <span class='ocrx_word' id='word_1_419' title='bbox 376 3841 648 3913; x_wconf 78' lang='grc' dir='ltr'>Ταράσιος</span> <span class='ocrx_word' id='word_1_420' title='bbox 693 3841 786 3894; x_wconf 55' lang='grc' dir='ltr'><strong>καὶ¹</strong></span> <span class='ocrx_word' id='word_1_421' title='bbox 825 3842 1136 3911; x_wconf 85' lang='grc' dir='ltr'>Νικηφόρος</span> <span class='ocrx_word' id='word_1_422' title='bbox 1169 3843 1218 3894; x_wconf 85' lang='lat' dir='ltr'><strong>oi</strong></span> <span class='ocrx_word' id='word_1_423' title='bbox 1249 3842 1481 3912; x_wconf 75' lang='grc' dir='ltr'>ἀοίδιμοι</span> <span class='ocrx_word' id='word_1_424' title='bbox 1523 3860 1717 3914; x_wconf 84' lang='grc' dir='ltr'>πατρι-</span> 
     </span>
    </p>
   </div>
   <div class='ocr_carea' id='block_1_59' title="bbox 142 3932 1710 4006">
    <p class='ocr_par' dir='ltr' id='par_1_59' title="bbox 142 3932 1710 4006">
     <span class='ocr_line' id='line_1_59' title="bbox 142 3932 1710 4006; baseline 0 -18"><span class='ocrx_word' id='word_1_425' title='bbox 142 3935 322 4004; x_wconf 78' lang='grc' dir='ltr'>άρχαι</span> <span class='ocrx_word' id='word_1_426' title='bbox 393 3933 704 4002; x_wconf 76' lang='grc' dir='ltr'>οἰκονομίας</span> <span class='ocrx_word' id='word_1_427' title='bbox 765 3932 916 3994; x_wconf 87' lang='grc' dir='ltr'>τινὰς</span> <span class='ocrx_word' id='word_1_428' title='bbox 978 3934 1290 3999; x_wconf 73' lang='grc' dir='ltr'>ἀναγκαίοις</span> <span class='ocrx_word' id='word_1_429' title='bbox 1348 3936 1710 4006; x_wconf 79' lang='grc' dir='ltr'>ἐποιήσαντο,</span> 
     </span>
    </p>
   </div>
   <div class='ocr_carea' id='block_1_60' title="bbox 137 4021 1710 4095">
    <p class='ocr_par' dir='ltr' id='par_1_60' title="bbox 137 4021 1710 4095">
     <span class='ocr_line' id='line_1_60' title="bbox 137 4021 1710 4095; baseline 0.004 -20"><span class='ocrx_word' id='word_1_430' title='bbox 137 4023 214 4076; x_wconf 80' lang='grc' dir='ltr'><strong>δι’</strong></span> <span class='ocrx_word' id='word_1_431' title='bbox 251 4022 317 4083; x_wconf 72' lang='grc' dir='ltr'>ἃς</span> <span class='ocrx_word' id='word_1_432' title='bbox 346 4021 440 4074; x_wconf 75' lang='grc' dir='ltr'>καὶ</span> <span class='ocrx_word' id='word_1_433' title='bbox 470 4023 763 4093; x_wconf 79' lang='grc' dir='ltr'>ἀπέσχισεν</span> <span class='ocrx_word' id='word_1_434' title='bbox 789 4023 1065 4076; x_wconf 82' lang='grc' dir='ltr'>ἑαυτδνέκ</span> <span class='ocrx_word' id='word_1_435' title='bbox 1104 4026 1204 4095; x_wconf 86' lang='grc' dir='ltr'>τῆς</span> <span class='ocrx_word' id='word_1_436' title='bbox 1255 4025 1461 4080; x_wconf 86' lang='grc' dir='ltr'>τούτων</span> <span class='ocrx_word' id='word_1_437' title='bbox 1517 4041 1710 4080; x_wconf 78' lang='grc' dir='ltr'>κοινω-</span> 
     </span>
    </p>
   </div>
   <div class='ocr_carea' id='block_1_61' title="bbox 137 4114 1708 4189">
    <p class='ocr_par' dir='ltr' id='par_1_61' title="bbox 137 4114 1708 4189">
     <span class='ocr_line' id='line_1_61' title="bbox 137 4114 1708 4189; baseline 0.005 -26"><span class='ocrx_word' id='word_1_438' title='bbox 137 4115 264 4177; x_wconf 77' lang='grc' dir='ltr'>νίας</span> <span class='ocrx_word' id='word_1_439' title='bbox 303 4116 331 4166; x_wconf 86' lang='grc' dir='ltr'><strong>ό</strong></span> <span class='ocrx_word' id='word_1_440' title='bbox 372 4115 430 4166; x_wconf 81' lang='grc' dir='ltr'>ὲν</span> <span class='ocrx_word' id='word_1_441' title='bbox 483 4114 658 4180; x_wconf 78' lang='grc' dir='ltr'>ἁγίοις</span> <span class='ocrx_word' id='word_1_442' title='bbox 714 4114 990 4186; x_wconf 86' lang='grc' dir='ltr'>Θεόδωρος</span> <span class='ocrx_word' id='word_1_443' title='bbox 1045 4117 1074 4167; x_wconf 87' lang='grc' dir='ltr'><strong>ὁ</strong></span> <span class='ocrx_word' id='word_1_444' title='bbox 1123 4117 1434 4187; x_wconf 86' lang='grc' dir='ltr'>Στουδίτης,</span> <span class='ocrx_word' id='word_1_445' title='bbox 1479 4117 1554 4181; x_wconf 83' lang='grc' dir='ltr'>ὡς</span> <span class='ocrx_word' id='word_1_446' title='bbox 1611 4119 1708 4189; x_wconf 76' lang='grc' dir='ltr'><strong>ἠδη</strong></span> 
     </span>
    </p>
   </div>
   <div class='ocr_carea' id='block_1_62' title="bbox 137 4202 1705 4275">
    <p class='ocr_par' dir='ltr' id='par_1_62' title="bbox 137 4202 1705 4275">
     <span class='ocr_line' id='line_1_62' title="bbox 137 4202 1705 4275; baseline 0.003 -18"><span class='ocrx_word' id='word_1_447' title='bbox 137 4202 612 4274; x_wconf 82' lang='grc' dir='ltr'>παρεδηλώσαμεν</span> <span class='ocrx_word' id='word_1_448' title='bbox 638 4221 651 4235; x_wconf 86' lang='grc'><strong>·</strong></span> <span class='ocrx_word' id='word_1_449' title='bbox 716 4205 962 4275; x_wconf 87' lang='grc' dir='ltr'>βούλεται</span> <span class='ocrx_word' id='word_1_450' title='bbox 997 4203 1090 4260; x_wconf 86' lang='grc' dir='ltr'>οὖν</span> <span class='ocrx_word' id='word_1_451' title='bbox 1138 4208 1166 4259; x_wconf 83' lang='grc' dir='ltr'><strong>ὁ</strong></span> <span class='ocrx_word' id='word_1_452' title='bbox 1194 4207 1349 4275; x_wconf 84' lang='grc' dir='ltr'>λόγος</span> <span class='ocrx_word' id='word_1_453' title='bbox 1381 4207 1586 4270; x_wconf 83' lang='grc' dir='ltr'>ταύτας</span> <span class='ocrx_word' id='word_1_454' title='bbox 1632 4209 1705 4261; x_wconf 88' lang='grc' dir='ltr'>δι-</span> 
     </span>
    </p>
   </div>
   <div class='ocr_carea' id='block_1_63' title="bbox 135 4295 1710 4367">
    <p class='ocr_par' dir='ltr' id='par_1_63' title="bbox 135 4295 1710 4367">
     <span class='ocr_line' id='line_1_63' title="bbox 135 4295 1710 4367; baseline 0.003 -20"><span class='ocrx_word' id='word_1_455' title='bbox 135 4295 473 4367; x_wconf 80' lang='grc' dir='ltr'>ηγήσασθαι.</span> <span class='ocrx_word' id='word_1_456' title='bbox 516 4296 574 4348; x_wconf 90' lang='lat'><strong>&#39;0</strong></span> <span class='ocrx_word' id='word_1_457' title='bbox 628 4296 736 4367; x_wconf 77' lang='grc' dir='ltr'>γὰρ</span> <span class='ocrx_word' id='word_1_458' title='bbox 768 4297 1018 4367; x_wconf 81' lang='grc' dir='ltr'>βασιλεὺς</span> <span class='ocrx_word' id='word_1_459' title='bbox 1067 4299 1491 4365; x_wconf 84' lang='grc' dir='ltr'>Κωνσταντῖνος,</span> <span class='ocrx_word' id='word_1_460' title='bbox 1539 4301 1567 4352; x_wconf 84' lang='grc' dir='ltr'><strong>ό</strong></span> <span class='ocrx_word' id='word_1_461' title='bbox 1611 4298 1710 4367; x_wconf 85' lang='grc' dir='ltr'>τῆς</span> 
     </span>
    </p>
   </div>
   <div class='ocr_carea' id='block_1_64' title="bbox 1943 3659 3260 3731">
    <p class='ocr_par' dir='ltr' id='par_1_64' title="bbox 1943 3659 3260 3731">
     <span class='ocr_line' id='line_1_64' title="bbox 1943 3659 3260 3731; baseline 0.004 -18"><span class='ocrx_word' id='word_1_462' title='bbox 1943 3659 2018 3713; x_wconf 86' lang='lat' dir='ltr'><strong>De</strong></span> <span class='ocrx_word' id='word_1_463' title='bbox 2045 3661 2241 3714; x_wconf 77' lang='lat' dir='ltr'><strong>sanctis</strong></span> <span class='ocrx_word' id='word_1_464' title='bbox 2271 3660 2588 3727; x_wconf 82' lang='lat' dir='ltr'><strong>patriarchis</strong></span> <span class='ocrx_word' id='word_1_465' title='bbox 2618 3659 2836 3714; x_wconf 80' lang='lat' dir='ltr'><strong>Tarasio</strong></span> <span class='ocrx_word' id='word_1_466' title='bbox 2859 3670 2910 3714; x_wconf 83' lang='lat' dir='ltr'><strong>et</strong></span> <span class='ocrx_word' id='word_1_467' title='bbox 2938 3660 3260 3731; x_wconf 76' lang='lat' dir='ltr'><strong>Nicephoro.</strong></span> 
     </span>
    </p>
   </div>
   <div class='ocr_carea' id='block_1_65' title="bbox 1894 3842 3386 3914">
    <p class='ocr_par' dir='ltr' id='par_1_65' title="bbox 1894 3842 3386 3914">
     <span class='ocr_line' id='line_1_65' title="bbox 1894 3842 3386 3914; baseline 0.004 -16"><span class='ocrx_word' id='word_1_468' title='bbox 1894 3845 2224 3899; x_wconf 74' lang='lat' dir='ltr'><strong>Patriarcha:</strong></span> <span class='ocrx_word' id='word_1_469' title='bbox 2263 3843 2503 3897; x_wconf 87' lang='lat' dir='ltr'><strong>celebres</strong></span> <span class='ocrx_word' id='word_1_470' title='bbox 2537 3842 2799 3898; x_wconf 84' lang='lat' dir='ltr'><strong>Tarasius</strong></span> <span class='ocrx_word' id='word_1_471' title='bbox 2849 3851 3011 3912; x_wconf 90' lang='lat' dir='ltr'><strong>atque</strong></span> <span class='ocrx_word' id='word_1_472' title='bbox 3045 3842 3386 3914; x_wconf 85' lang='lat' dir='ltr'><strong>Nicephorus</strong></span> 
     </span>
    </p>
   </div>
   <div class='ocr_carea' id='block_1_66' title="bbox 1819 3931 3382 4003">
    <p class='ocr_par' dir='ltr' id='par_1_66' title="bbox 1819 3931 3382 4003">
     <span class='ocr_line' id='line_1_66' title="bbox 1819 3931 3382 4003; baseline 0.002 -16"><span class='ocrx_word' id='word_1_473' title='bbox 1819 3931 2255 4000; x_wconf 74' lang='lat' dir='ltr'><strong>dispensationes</strong></span> <span class='ocrx_word' id='word_1_474' title='bbox 2293 3931 2556 3999; x_wconf 90' lang='lat' dir='ltr'><strong>quasdam</strong></span> <span class='ocrx_word' id='word_1_475' title='bbox 2609 3931 2872 3996; x_wconf 80' lang='lat' dir='ltr'><strong>fecerunt,</strong></span> <span class='ocrx_word' id='word_1_476' title='bbox 2935 3949 3167 4003; x_wconf 90' lang='lat' dir='ltr'><strong>quarum</strong></span> <span class='ocrx_word' id='word_1_477' title='bbox 3215 3950 3382 3991; x_wconf 82' lang='lat' dir='ltr'><strong>causa</strong></span> 
     </span>
    </p>
   </div>
   <div class='ocr_carea' id='block_1_67' title="bbox 1827 4021 3384 4092">
    <p class='ocr_par' dir='ltr' id='par_1_67' title="bbox 1827 4021 3384 4092">
     <span class='ocr_line' id='line_1_67' title="bbox 1827 4021 3384 4092; baseline 0.003 -14"><span class='ocrx_word' id='word_1_478' title='bbox 1827 4023 2100 4092; x_wconf 84' lang='lat' dir='ltr'><strong>separavit</strong></span> <span class='ocrx_word' id='word_1_479' title='bbox 2131 4035 2190 4075; x_wconf 89' lang='lat' dir='ltr'><strong>se</strong></span> <span class='ocrx_word' id='word_1_480' title='bbox 2221 4022 2288 4075; x_wconf 90' lang='lat' dir='ltr'><strong>ab</strong></span> <span class='ocrx_word' id='word_1_481' title='bbox 2322 4021 2540 4074; x_wconf 90' lang='lat' dir='ltr'><strong>illorum</strong></span> <span class='ocrx_word' id='word_1_482' title='bbox 2560 4023 2941 4080; x_wconf 87' lang='lat' dir='ltr'><strong>communione</strong></span> <span class='ocrx_word' id='word_1_483' title='bbox 2970 4035 3190 4082; x_wconf 86' lang='lat' dir='ltr'><strong>sanctus</strong></span> <span class='ocrx_word' id='word_1_484' title='bbox 3207 4027 3384 4082; x_wconf 86' lang='lat' dir='ltr'><strong>Theo-</strong></span> 
     </span>
    </p>
   </div>
   <div class='ocr_carea' id='block_1_68' title="bbox 1816 4112 3382 4189">
    <p class='ocr_par' dir='ltr' id='par_1_68' title="bbox 1816 4112 3382 4189">
     <span class='ocr_line' id='line_1_68' title="bbox 1816 4112 3382 4189; baseline 0.005 -21"><span class='ocrx_word' id='word_1_485' title='bbox 1816 4115 1983 4168; x_wconf 89' lang='lat' dir='ltr'><strong>dorus</strong></span> <span class='ocrx_word' id='word_1_486' title='bbox 2012 4112 2251 4189; x_wconf 87' lang='lat' dir='ltr'><strong>Studita,</strong></span> <span class='ocrx_word' id='word_1_487' title='bbox 2293 4121 2354 4166; x_wconf 95' lang='lat' dir='ltr'><strong>ut</strong></span> <span class='ocrx_word' id='word_1_488' title='bbox 2392 4113 2504 4182; x_wconf 87' lang='lat' dir='ltr'><strong>jam</strong></span> <span class='ocrx_word' id='word_1_489' title='bbox 2557 4114 3003 4182; x_wconf 78' lang='lat' dir='ltr'><strong>significavimus.</strong></span> <span class='ocrx_word' id='word_1_490' title='bbox 3054 4116 3156 4173; x_wconf 82' lang='lat' dir='ltr'><strong>Rei</strong></span> <span class='ocrx_word' id='word_1_491' title='bbox 3218 4119 3382 4189; x_wconf 77' lang='lat' dir='ltr'><strong>igitur</strong></span> 
     </span>
    </p>
   </div>
   <div class='ocr_carea' id='block_1_69' title="bbox 1817 4187 3379 4273">
    <p class='ocr_par' dir='ltr' id='par_1_69' title="bbox 1817 4187 3379 4273">
     <span class='ocr_line' id='line_1_69' title="bbox 1817 4187 3379 4273; baseline 0.005 -17"><span class='ocrx_word' id='word_1_492' title='bbox 1817 4203 2047 4257; x_wconf 82' lang='lat' dir='ltr'><strong>historia</strong></span> <span class='ocrx_word' id='word_1_493' title='bbox 2097 4187 2381 4272; x_wconf 82' lang='lat' dir='ltr'><strong>pandenda</strong></span> <span class='ocrx_word' id='word_1_494' title='bbox 2439 4214 2542 4256; x_wconf 88' lang='lat' dir='ltr'><strong>est.</strong></span> <span class='ocrx_word' id='word_1_495' title='bbox 2600 4202 2900 4272; x_wconf 87' lang='lat' dir='ltr'><strong>Imperator</strong></span> <span class='ocrx_word' id='word_1_496' title='bbox 2962 4187 3379 4273; x_wconf 41' lang='lat' dir='ltr'><strong>Constanti—nus,</strong></span> 
     </span>
    </p>
   </div>
   <div class='ocr_carea' id='block_1_70' title="bbox 1817 4281 3379 4368">
    <p class='ocr_par' dir='ltr' id='par_1_70' title="bbox 1817 4281 3379 4368">
     <span class='ocr_line' id='line_1_70' title="bbox 1817 4281 3379 4368; baseline 0.003 -19"><span class='ocrx_word' id='word_1_497' title='bbox 1817 4297 2082 4366; x_wconf 63' lang='lat' dir='ltr'><strong>religiosae</strong></span> <span class='ocrx_word' id='word_1_498' title='bbox 2129 4295 2309 4350; x_wconf 90' lang='lat' dir='ltr'><strong>lrenes</strong></span> <span class='ocrx_word' id='word_1_499' title='bbox 2332 4295 2495 4361; x_wconf 86' lang='lat' dir='ltr'><strong>(ilius,</strong></span> <span class='ocrx_word' id='word_1_500' title='bbox 2526 4311 2697 4350; x_wconf 76' lang='lat' dir='ltr'><strong>uxore</strong></span> <span class='ocrx_word' id='word_1_501' title='bbox 2729 4311 2826 4351; x_wconf 90' lang='lat' dir='ltr'><strong>sua</strong></span> <span class='ocrx_word' id='word_1_502' title='bbox 2849 4297 3039 4366; x_wconf 88' lang='lat' dir='ltr'><strong>ejecta,</strong></span> <span class='ocrx_word' id='word_1_503' title='bbox 3064 4281 3117 4351; x_wconf 86' lang='lat' dir='ltr'><strong>et</strong></span> <span class='ocrx_word' id='word_1_504' title='bbox 3141 4314 3238 4368; x_wconf 90' lang='lat' dir='ltr'><strong>per</strong></span> <span class='ocrx_word' id='word_1_505' title='bbox 3271 4301 3379 4354; x_wconf 83' lang='lat' dir='ltr'><strong>vim</strong></span> 
     </span>
    </p>
   </div>
   <div class='ocr_carea' id='block_1_71' title="bbox 1663 4391 1893 4450">
    <p class='ocr_par' dir='ltr' id='par_1_71' title="bbox 1663 4391 1893 4450">
     <span class='ocr_line' id='line_1_71' title="bbox 1663 4391 1893 4450; baseline 0.013 -3"><span class='ocrx_word' id='word_1_506' title='bbox 1663 4391 1893 4450; x_wconf 72' lang='grc' dir='ltr'><strong>ΝυΤᾹΞ.</strong></span> 
     </span>
    </p>
   </div>
   <div class='ocr_carea' id='block_1_72' title="bbox 135 4502 1704 4581">
    <p class='ocr_par' dir='ltr' id='par_1_72' title="bbox 135 4502 1704 4581">
     <span class='ocr_line' id='line_1_72' title="bbox 135 4502 1704 4581; baseline -0.004 -14"><span class='ocrx_word' id='word_1_507' title='bbox 135 4507 500 4581; x_wconf 82' lang='grc' dir='ltr'>κεχρισμένος</span> <span class='ocrx_word' id='word_1_508' title='bbox 528 4502 596 4581; x_wconf 76' lang='grc' dir='ltr'>ἦν</span> <span class='ocrx_word' id='word_1_509' title='bbox 625 4507 1032 4578; x_wconf 74' lang='grc' dir='ltr'>ἀρχιερωσύνης</span> <span class='ocrx_word' id='word_1_510' title='bbox 1049 4509 1444 4581; x_wconf 38' lang='grc' dir='ltr'>τῷχρίσματιο-</span> <span class='ocrx_word' id='word_1_511' title='bbox 1461 4508 1538 4564; x_wconf 91' lang='lat' dir='ltr'><strong>sic</strong></span> <span class='ocrx_word' id='word_1_512' title='bbox 1561 4509 1704 4563; x_wconf 89' lang='lat' dir='ltr'><strong>enim</strong></span> 
     </span>
    </p>
   </div>
   <div class='ocr_carea' id='block_1_73' title="bbox 136 4578 1704 4651">
    <p class='ocr_par' dir='ltr' id='par_1_73' title="bbox 136 4578 1704 4651">
     <span class='ocr_line' id='line_1_73' title="bbox 136 4578 1704 4651; baseline 0.028 -30"><span class='ocrx_word' id='word_1_513' title='bbox 136 4578 535 4651; x_wconf 45' lang='lat' dir='ltr'><strong>egd&#39;cunt&#39;ms.</strong></span> <span class='ocrx_word' id='word_1_514' title='bbox 557 4578 862 4651; x_wconf 63' lang='lat' dir='ltr'><strong>iungerem,</strong></span> <span class='ocrx_word' id='word_1_515' title='bbox 887 4593 1007 4651; x_wconf 63' lang='grc' dir='ltr'><strong>Διιοιι</strong></span> <span class='ocrx_word' id='word_1_516' title='bbox 1034 4589 1091 4651; x_wconf 25' lang='grc' dir='ltr'>ειμι</span> <span class='ocrx_word' id='word_1_517' title='bbox 1134 4578 1338 4651; x_wconf 42' lang='lat' dir='ltr'><strong>hab?“</strong></span> <span class='ocrx_word' id='word_1_518' title='bbox 1383 4579 1548 4651; x_wconf 56' lang='lat' dir='ltr'><strong>‘idm’</strong></span> <span class='ocrx_word' id='word_1_519' title='bbox 1577 4594 1704 4651; x_wconf 48' lang='lat'><strong>9&quot;&quot;!</strong></span> 
     </span>
    </p>
   </div>
   <div class='ocr_carea' id='block_1_74' title="bbox 137 4647 1703 4719">
    <p class='ocr_par' dir='ltr' id='par_1_74' title="bbox 137 4647 1703 4719">
     <span class='ocr_line' id='line_1_74' title="bbox 137 4647 1703 4719; baseline -0.004 -14"><span class='ocrx_word' id='word_1_520' title='bbox 137 4647 499 4719; x_wconf 80' lang='lat' dir='ltr'><strong>séqueutibus</strong></span> <span class='ocrx_word' id='word_1_521' title='bbox 557 4647 960 4719; x_wconf 81' lang='lat' dir='ltr'><strong>de_martyrio,</strong></span> <span class='ocrx_word' id='word_1_522' title='bbox 998 4648 1079 4719; x_wconf 78' lang='lat' dir='ltr'><strong>ad</strong></span> <span class='ocrx_word' id='word_1_523' title='bbox 1112 4648 1259 4717; x_wconf 91' lang='lat' dir='ltr'><strong>quod</strong></span> <span class='ocrx_word' id='word_1_524' title='bbox 1293 4647 1530 4702; x_wconf 89' lang='lat' dir='ltr'><strong>chrisma</strong></span> <span class='ocrx_word' id='word_1_525' title='bbox 1576 4649 1703 4719; x_wconf 82' lang='lat' dir='ltr'><strong>illud</strong></span> 
     </span>
    </p>
   </div>
   <div class='ocr_carea' id='block_1_75' title="bbox 141 4716 1701 4785">
    <p class='ocr_par' dir='ltr' id='par_1_75' title="bbox 141 4716 1701 4785">
     <span class='ocr_line' id='line_1_75' title="bbox 141 4716 1701 4785; baseline -0.002 -13"><span class='ocrx_word' id='word_1_526' title='bbox 141 4716 464 4784; x_wconf 77' lang='lat' dir='ltr'><strong>pontiﬁcum</strong></span> <span class='ocrx_word' id='word_1_527' title='bbox 511 4716 878 4769; x_wconf 86' lang='lat' dir='ltr'><strong>accidentario</strong></span> <span class='ocrx_word' id='word_1_528' title='bbox 922 4716 1101 4779; x_wconf 91' lang='lat' dir='ltr'><strong>habet,</strong></span> <span class='ocrx_word' id='word_1_529' title='bbox 1139 4716 1423 4771; x_wconf 79' lang='lat' dir='ltr'><strong>Communi</strong></span> <span class='ocrx_word' id='word_1_530' title='bbox 1458 4718 1701 4785; x_wconf 86' lang='lat' dir='ltr'><strong>martyrii</strong></span> 
     </span>
    </p>
   </div>
   <div class='ocr_carea' id='block_1_76' title="bbox 140 4785 1703 4850">
    <p class='ocr_par' dir='ltr' id='par_1_76' title="bbox 140 4785 1703 4850">
     <span class='ocr_line' id='line_1_76' title="bbox 140 4785 1703 4850; baseline -0.002 -7"><span class='ocrx_word' id='word_1_531' title='bbox 140 4791 330 4843; x_wconf 85' lang='lat' dir='ltr'><strong>laurea</strong></span> <span class='ocrx_word' id='word_1_532' title='bbox 371 4787 518 4838; x_wconf 87' lang='lat' dir='ltr'><strong>omni</strong></span> <span class='ocrx_word' id='word_1_533' title='bbox 564 4785 842 4838; x_wconf 89' lang='lat' dir='ltr'><strong>hominum</strong></span> <span class='ocrx_word' id='word_1_534' title='bbox 873 4786 1040 4838; x_wconf 85' lang='lat' dir='ltr'><strong>statui</strong></span> <span class='ocrx_word' id='word_1_535' title='bbox 1069 4795 1123 4838; x_wconf 90' lang='lat' dir='ltr'><strong>et</strong></span> <span class='ocrx_word' id='word_1_536' title='bbox 1149 4786 1357 4850; x_wconf 90' lang='lat' dir='ltr'><strong>ordini;</strong></span> <span class='ocrx_word' id='word_1_537' title='bbox 1390 4801 1489 4840; x_wconf 89' lang='lat' dir='ltr'><strong>nec</strong></span> <span class='ocrx_word' id='word_1_538' title='bbox 1524 4788 1703 4840; x_wconf 93' lang='lat' dir='ltr'><strong>minus</strong></span> 
     </span>
    </p>
   </div>
   <div class='ocr_carea' id='block_1_77' title="bbox 112 4853 1698 4928">
    <p class='ocr_par' dir='ltr' id='par_1_77' title="bbox 112 4853 1698 4928">
     <span class='ocr_line' id='line_1_77' title="bbox 112 4853 1698 4928; baseline -0.004 -16"><span class='ocrx_word' id='word_1_539' title='bbox 112 4859 209 4928; x_wconf 34' lang='lat' dir='ltr'><strong>,ad</strong></span> <span class='ocrx_word' id='word_1_540' title='bbox 238 4869 428 4909; x_wconf 84' lang='lat' dir='ltr'><strong>omnes</strong></span> <span class='ocrx_word' id='word_1_541' title='bbox 469 4853 720 4914; x_wconf 84' lang='lat' dir='ltr'><strong>habente,</strong></span> <span class='ocrx_word' id='word_1_542' title='bbox 750 4868 914 4928; x_wconf 88' lang='lat' dir='ltr'><strong>quam</strong></span> <span class='ocrx_word' id='word_1_543' title='bbox 946 4853 1141 4928; x_wconf 84' lang='lat' dir='ltr'><strong>habeat</strong></span> <span class='ocrx_word' id='word_1_544' title='bbox 1166 4855 1368 4909; x_wconf 87' lang='lat' dir='ltr'><strong>Christi</strong></span> <span class='ocrx_word' id='word_1_545' title='bbox 1397 4855 1698 4928; x_wconf 81' lang='lat' dir='ltr'><strong>eharitas,ta</strong></span> 
     </span>
    </p>
   </div>
   <div class='ocr_carea' id='block_1_78' title="bbox 140 4923 1702 4996">
    <p class='ocr_par' dir='ltr' id='par_1_78' title="bbox 140 4923 1702 4996">
     <span class='ocr_line' id='line_1_78' title="bbox 140 4923 1702 4996; baseline -0.002 -15"><span class='ocrx_word' id='word_1_546' title='bbox 140 4942 250 4996; x_wconf 89' lang='lat' dir='ltr'><strong>qua</strong></span> <span class='ocrx_word' id='word_1_547' title='bbox 294 4934 396 4988; x_wconf 87' lang='lat' dir='ltr'><strong>est,</strong></span> <span class='ocrx_word' id='word_1_548' title='bbox 437 4931 512 4996; x_wconf 9' lang='lat' dir='ltr'><strong>ut;</strong></span> <span class='ocrx_word' id='word_1_549' title='bbox 565 4925 880 4996; x_wconf 80' lang='lat' dir='ltr'><strong>martyrium</strong></span> <span class='ocrx_word' id='word_1_550' title='bbox 923 4923 1026 4996; x_wconf 88' lang='lat' dir='ltr'><strong>sit;</strong></span> <span class='ocrx_word' id='word_1_551' title='bbox 1083 4935 1342 4996; x_wconf 84' lang='lat' dir='ltr'><strong>Operante</strong></span> <span class='ocrx_word' id='word_1_552' title='bbox 1395 4926 1451 4996; x_wconf 82' lang='lat' dir='ltr'><strong>in</strong></span> <span class='ocrx_word' id='word_1_553' title='bbox 1499 4939 1593 4996; x_wconf 78' lang='lat' dir='ltr'><strong>eo,</strong></span> <span class='ocrx_word' id='word_1_554' title='bbox 1627 4933 1702 4996; x_wconf 79' lang='lat' dir='ltr'><strong>ut</strong></span> 
     </span>
    </p>
   </div>
   <div class='ocr_carea' id='block_1_79' title="bbox 139 4990 1699 5062">
    <p class='ocr_par' dir='ltr' id='par_1_79' title="bbox 139 4990 1699 5062">
     <span class='ocr_line' id='line_1_79' title="bbox 139 4990 1699 5062; baseline -0.003 -11"><span class='ocrx_word' id='word_1_555' title='bbox 139 4990 343 5051; x_wconf 83' lang='lat' dir='ltr'><strong>Christi</strong></span> <span class='ocrx_word' id='word_1_556' title='bbox 373 4994 624 5062; x_wconf 83' lang='lat' dir='ltr'><strong>passione</strong></span> <span class='ocrx_word' id='word_1_557' title='bbox 654 4990 745 5062; x_wconf 77' lang='lat' dir='ltr'><strong>per</strong></span> <span class='ocrx_word' id='word_1_558' title='bbox 772 4990 1354 5062; x_wconf 78' lang='lat' dir='ltr'><strong>imitationem&#39;operis,</strong></span> <span class='ocrx_word' id='word_1_559' title='bbox 1393 4993 1466 5046; x_wconf 90' lang='lat' dir='ltr'><strong>ita</strong></span> <span class='ocrx_word' id='word_1_560' title='bbox 1497 4993 1699 5062; x_wconf 88' lang='lat' dir='ltr'><strong>Spiritu</strong></span> 
     </span>
    </p>
   </div>
   <div class='ocr_carea' id='block_1_80' title="bbox 140 5060 1702 5129">
    <p class='ocr_par' dir='ltr' id='par_1_80' title="bbox 140 5060 1702 5129">
     <span class='ocr_line' id='line_1_80' title="bbox 140 5060 1702 5129; baseline 0.001 -13"><span class='ocrx_word' id='word_1_561' title='bbox 140 5077 332 5117; x_wconf 85' lang='lat' dir='ltr'><strong>saneto</strong></span> <span class='ocrx_word' id='word_1_562' title='bbox 357 5060 449 5129; x_wconf 79' lang='lat' dir='ltr'><strong>per</strong></span> <span class='ocrx_word' id='word_1_563' title='bbox 477 5061 815 5128; x_wconf 83' lang='lat' dir='ltr'><strong>potissimum</strong></span> <span class='ocrx_word' id='word_1_564' title='bbox 845 5060 1150 5115; x_wconf 88' lang='lat' dir='ltr'><strong>dilectionis</strong></span> <span class='ocrx_word' id='word_1_565' title='bbox 1175 5060 1445 5122; x_wconf 82' lang='lat' dir='ltr'><strong>alTectum,</strong></span> <span class='ocrx_word' id='word_1_566' title='bbox 1471 5072 1520 5114; x_wconf 88' lang='lat' dir='ltr'><strong>ut</strong></span> <span class='ocrx_word' id='word_1_567' title='bbox 1540 5060 1702 5118; x_wconf 43' lang='lat' dir='ltr'><strong>‘scite</strong></span> 
     </span>
    </p>
   </div>
   <div class='ocr_carea' id='block_1_81' title="bbox 138 5130 1700 5200">
    <p class='ocr_par' dir='ltr' id='par_1_81' title="bbox 138 5130 1700 5200">
     <span class='ocr_line' id='line_1_81' title="bbox 138 5130 1700 5200; baseline 0.001 -15"><span class='ocrx_word' id='word_1_568' title='bbox 138 5134 334 5185; x_wconf 91' lang='lat' dir='ltr'><strong>doctor</strong></span> <span class='ocrx_word' id='word_1_569' title='bbox 385 5140 572 5200; x_wconf 77' lang='lat' dir='ltr'><strong>noster</strong></span> <span class='ocrx_word' id='word_1_570' title='bbox 617 5131 894 5200; x_wconf 76' lang='lat' dir='ltr'><strong>angelit-us</strong></span> <span class='ocrx_word' id='word_1_571' title='bbox 921 5131 972 5183; x_wconf 83' lang='grc'><strong>5.</strong></span> <span class='ocrx_word' id='word_1_572' title='bbox 1017 5147 1066 5196; x_wconf 88' lang='lat' dir='ltr'><strong>p.</strong></span> <span class='ocrx_word' id='word_1_573' title='bbox 1097 5148 1153 5198; x_wconf 87' lang='lat' dir='ltr'><strong>q.</strong></span> <span class='ocrx_word' id='word_1_574' title='bbox 1185 5131 1271 5184; x_wconf 85' lang='lat'><strong>66.</strong></span> <span class='ocrx_word' id='word_1_575' title='bbox 1305 5147 1334 5183; x_wconf 91' lang='lat' dir='ltr'><strong>a</strong></span> <span class='ocrx_word' id='word_1_576' title='bbox 1366 5132 1453 5184; x_wconf 67' lang='grc'><strong>12.</strong></span> <span class='ocrx_word' id='word_1_577' title='bbox 1478 5130 1593 5184; x_wconf 88' lang='lat' dir='ltr'><strong>Non</strong></span> <span class='ocrx_word' id='word_1_578' title='bbox 1622 5134 1700 5186; x_wconf 90' lang='lat' dir='ltr'><strong>sic</strong></span> 
     </span>
    </p>
   </div>
   <div class='ocr_carea' id='block_1_82' title="bbox 138 5197 1698 5270">
    <p class='ocr_par' dir='ltr' id='par_1_82' title="bbox 138 5197 1698 5270">
     <span class='ocr_line' id='line_1_82' title="bbox 138 5197 1698 5270; baseline 0.003 -19"><span class='ocrx_word' id='word_1_579' title='bbox 138 5201 222 5264; x_wconf 85' lang='grc' dir='ltr'>τὸ,</span> <span class='ocrx_word' id='word_1_580' title='bbox 275 5197 531 5270; x_wconf 75' lang='grc' dir='ltr'>θεοφόρον</span> <span class='ocrx_word' id='word_1_581' title='bbox 611 5197 711 5254; x_wconf 79' lang='lat' dir='ltr'><strong>sed</strong></span> <span class='ocrx_word' id='word_1_582' title='bbox 751 5203 815 5255; x_wconf 89' lang='lat' dir='ltr'><strong>iis</strong></span> <span class='ocrx_word' id='word_1_583' title='bbox 851 5200 994 5251; x_wconf 90' lang='lat' dir='ltr'><strong>velut</strong></span> <span class='ocrx_word' id='word_1_584' title='bbox 1033 5197 1306 5270; x_wconf 75' lang='lat' dir='ltr'><strong>preprium</strong></span> <span class='ocrx_word' id='word_1_585' title='bbox 1358 5210 1459 5265; x_wconf 74' lang='lat' dir='ltr'><strong>est,</strong></span> <span class='ocrx_word' id='word_1_586' title='bbox 1501 5203 1698 5270; x_wconf 84' lang='lat' dir='ltr'><strong>quibus</strong></span> 
     </span>
    </p>
   </div>
   <div class='ocr_carea' id='block_1_83' title="bbox 140 5269 1701 5339">
    <p class='ocr_par' dir='ltr' id='par_1_83' title="bbox 140 5269 1701 5339">
     <span class='ocr_line' id='line_1_83' title="bbox 140 5269 1701 5339; baseline 0.001 -17"><span class='ocrx_word' id='word_1_587' title='bbox 140 5269 433 5338; x_wconf 81' lang='lat' dir='ltr'><strong>Apostolus</strong></span> <span class='ocrx_word' id='word_1_588' title='bbox 453 5269 752 5322; x_wconf 78' lang='lat' dir='ltr'><strong>doctrinam</strong></span> <span class='ocrx_word' id='word_1_589' title='bbox 795 5279 852 5322; x_wconf 93' lang='lat' dir='ltr'><strong>ut</strong></span> <span class='ocrx_word' id='word_1_590' title='bbox 905 5269 1176 5338; x_wconf 80' lang='lat' dir='ltr'><strong>propriam</strong></span> <span class='ocrx_word' id='word_1_591' title='bbox 1220 5271 1403 5322; x_wconf 86' lang='lat' dir='ltr'><strong>tribuit</strong></span> <span class='ocrx_word' id='word_1_592' title='bbox 1451 5290 1462 5322; x_wconf 93' lang='lat'>:</span> <span class='ocrx_word' id='word_1_593' title='bbox 1510 5287 1701 5339; x_wconf 89' lang='lat' dir='ltr'><strong>nempe</strong></span> 
     </span>
    </p>
   </div>
   <div class='ocr_carea' id='block_1_84' title="bbox 141 5339 1701 5408">
    <p class='ocr_par' dir='ltr' id='par_1_84' title="bbox 141 5339 1701 5408">
     <span class='ocr_line' id='line_1_84' title="bbox 141 5339 1701 5408; baseline 0.001 -16"><span class='ocrx_word' id='word_1_594' title='bbox 141 5339 528 5408; x_wconf 72' lang='lat' dir='ltr'><strong>pastoribuset</strong></span> <span class='ocrx_word' id='word_1_595' title='bbox 557 5340 824 5407; x_wconf 59' lang='lat' dir='ltr'><strong>epist-epis</strong></span> <span class='ocrx_word' id='word_1_596' title='bbox 859 5357 870 5391; x_wconf 89' lang='lat'>:</span> <span class='ocrx_word' id='word_1_597' title='bbox 898 5354 1037 5408; x_wconf 85' lang='lat' dir='ltr'><strong>quos</strong></span> <span class='ocrx_word' id='word_1_598' title='bbox 1063 5348 1312 5408; x_wconf 83' lang='lat' dir='ltr'><strong>Oporteat</strong></span> <span class='ocrx_word' id='word_1_599' title='bbox 1353 5340 1420 5391; x_wconf 89' lang='lat' dir='ltr'><strong>ab</strong></span> <span class='ocrx_word' id='word_1_600' title='bbox 1467 5341 1578 5408; x_wconf 85' lang='lat' dir='ltr'><strong>ipsa</strong></span> <span class='ocrx_word' id='word_1_601' title='bbox 1612 5357 1701 5393; x_wconf 85' lang='lat' dir='ltr'><strong>ra-</strong></span> 
     </span>
    </p>
   </div>
   <div class='ocr_carea' id='block_1_85' title="bbox 145 5407 1699 5471">
    <p class='ocr_par' dir='ltr' id='par_1_85' title="bbox 145 5407 1699 5471">
     <span class='ocr_line' id='line_1_85' title="bbox 145 5407 1699 5471; baseline 0.002 -10"><span class='ocrx_word' id='word_1_602' title='bbox 145 5407 289 5461; x_wconf 88' lang='lat' dir='ltr'><strong>tione</strong></span> <span class='ocrx_word' id='word_1_603' title='bbox 315 5407 474 5461; x_wconf 88' lang='lat' dir='ltr'><strong>ollicii</strong></span> <span class='ocrx_word' id='word_1_604' title='bbox 515 5423 632 5460; x_wconf 66' lang='lat' dir='ltr'><strong>esw</strong></span> <span class='ocrx_word' id='word_1_605' title='bbox 679 5409 783 5461; x_wconf 84' lang='lat' dir='ltr'><strong>Deo</strong></span> <span class='ocrx_word' id='word_1_606' title='bbox 810 5407 1037 5471; x_wconf 73' lang='lat' dir='ltr'><strong>amatos,</strong></span> <span class='ocrx_word' id='word_1_607' title='bbox 1071 5407 1134 5463; x_wconf 86' lang='lat' dir='ltr'><strong>ac</strong></span> <span class='ocrx_word' id='word_1_608' title='bbox 1180 5424 1276 5463; x_wconf 93' lang='lat' dir='ltr'><strong>ceu</strong></span> <span class='ocrx_word' id='word_1_609' title='bbox 1320 5407 1534 5463; x_wconf 82' lang='lat' dir='ltr'><strong>amante</strong></span> <span class='ocrx_word' id='word_1_610' title='bbox 1591 5408 1699 5464; x_wconf 91' lang='lat' dir='ltr'><strong>Deo</strong></span> 
     </span>
    </p>
   </div>
   <div class='ocr_carea' id='block_1_86' title="bbox 142 5475 1700 5546">
    <p class='ocr_par' dir='ltr' id='par_1_86' title="bbox 142 5475 1700 5546">
     <span class='ocr_line' id='line_1_86' title="bbox 142 5475 1700 5546; baseline 0 -14"><span class='ocrx_word' id='word_1_611' title='bbox 142 5479 335 5532; x_wconf 87' lang='lat' dir='ltr'><strong>docere</strong></span> <span class='ocrx_word' id='word_1_612' title='bbox 359 5475 627 5544; x_wconf 79' lang='lat' dir='ltr'><strong>subjectas</strong></span> <span class='ocrx_word' id='word_1_613' title='bbox 660 5480 859 5546; x_wconf 86' lang='lat' dir='ltr'><strong>plebes;</strong></span> <span class='ocrx_word' id='word_1_614' title='bbox 893 5489 948 5531; x_wconf 93' lang='lat' dir='ltr'><strong>ut</strong></span> <span class='ocrx_word' id='word_1_615' title='bbox 972 5478 1062 5531; x_wconf 83' lang='lat' dir='ltr'><strong>alii</strong></span> <span class='ocrx_word' id='word_1_616' title='bbox 1084 5493 1307 5540; x_wconf 91' lang='lat' dir='ltr'><strong>omnes,</strong></span> <span class='ocrx_word' id='word_1_617' title='bbox 1344 5482 1457 5533; x_wconf 88' lang='lat' dir='ltr'><strong>sive</strong></span> <span class='ocrx_word' id='word_1_618' title='bbox 1502 5478 1700 5536; x_wconf 64' lang='lat' dir='ltr'><strong>Dama-2</strong></span> 
     </span>
    </p>
   </div>
   <div class='ocr_carea' id='block_1_87' title="bbox 143 5546 1694 5616">
    <p class='ocr_par' dir='ltr' id='par_1_87' title="bbox 143 5546 1694 5616">
     <span class='ocr_line' id='line_1_87' title="bbox 143 5546 1694 5616; baseline -0.002 -13"><span class='ocrx_word' id='word_1_619' title='bbox 143 5562 358 5611; x_wconf 88' lang='lat' dir='ltr'><strong>scenus,</strong></span> <span class='ocrx_word' id='word_1_620' title='bbox 377 5546 838 5616; x_wconf 58' lang='lat' dir='ltr'><strong>sivej‘heodorus,</strong></span> <span class='ocrx_word' id='word_1_621' title='bbox 863 5549 973 5601; x_wconf 88' lang='lat' dir='ltr'><strong>sive</strong></span> <span class='ocrx_word' id='word_1_622' title='bbox 999 5549 1283 5611; x_wconf 83' lang='lat' dir='ltr'><strong>Maximus,</strong></span> <span class='ocrx_word' id='word_1_623' title='bbox 1313 5557 1407 5603; x_wconf 90' lang='lat' dir='ltr'><strong>aut</strong></span> <span class='ocrx_word' id='word_1_624' title='bbox 1427 5550 1694 5616; x_wconf 62' lang='lat' dir='ltr'><strong>Ephrrem,</strong></span> 
     </span>
    </p>
   </div>
   <div class='ocr_carea' id='block_1_88' title="bbox 142 5613 1690 5687">
    <p class='ocr_par' dir='ltr' id='par_1_88' title="bbox 142 5613 1690 5687">
     <span class='ocr_line' id='line_1_88' title="bbox 142 5613 1690 5687; baseline -0.001 -15"><span class='ocrx_word' id='word_1_625' title='bbox 142 5627 452 5687; x_wconf 84' lang='lat' dir='ltr'><strong>nosterque</strong></span> <span class='ocrx_word' id='word_1_626' title='bbox 476 5613 860 5685; x_wconf 79' lang='lat' dir='ltr'><strong>Hieronymus,</strong></span> <span class='ocrx_word' id='word_1_627' title='bbox 890 5633 954 5671; x_wconf 89' lang='lat' dir='ltr'><strong>ac</strong></span> <span class='ocrx_word' id='word_1_628' title='bbox 982 5629 1248 5686; x_wconf 82' lang='lat' dir='ltr'><strong>quotquot</strong></span> <span class='ocrx_word' id='word_1_629' title='bbox 1272 5635 1376 5671; x_wconf 92' lang='lat' dir='ltr'><strong>non</strong></span> <span class='ocrx_word' id='word_1_630' title='bbox 1430 5613 1690 5687; x_wconf 82' lang='lat' dir='ltr'><strong>episcopi,</strong></span> 
     </span>
    </p>
   </div>
   <div class='ocr_carea' id='block_1_89' title="bbox 143 5686 1688 5756">
    <p class='ocr_par' dir='ltr' id='par_1_89' title="bbox 143 5686 1688 5756">
     <span class='ocr_line' id='line_1_89' title="bbox 143 5686 1688 5756; baseline 0.003 -18"><span class='ocrx_word' id='word_1_631' title='bbox 143 5702 263 5740; x_wconf 91' lang='lat' dir='ltr'><strong>vere</strong></span> <span class='ocrx_word' id='word_1_632' title='bbox 297 5686 541 5755; x_wconf 75' lang='grc' dir='ltr'>θεοφόροι</span> <span class='ocrx_word' id='word_1_633' title='bbox 576 5696 628 5739; x_wconf 91' lang='lat' dir='ltr'><strong>et</strong></span> <span class='ocrx_word' id='word_1_634' title='bbox 654 5687 751 5754; x_wconf 81' lang='lat' dir='ltr'><strong>ipsi</strong></span> <span class='ocrx_word' id='word_1_635' title='bbox 779 5687 1016 5749; x_wconf 81' lang='lat' dir='ltr'><strong>fuerunt,</strong></span> <span class='ocrx_word' id='word_1_636' title='bbox 1071 5690 1213 5741; x_wconf 84' lang='lat' dir='ltr'><strong>velut</strong></span> <span class='ocrx_word' id='word_1_637' title='bbox 1255 5686 1487 5756; x_wconf 85' lang='lat' dir='ltr'><strong>quadam</strong></span> <span class='ocrx_word' id='word_1_638' title='bbox 1525 5690 1688 5756; x_wconf 85' lang='lat' dir='ltr'><strong>parti-</strong></span> 
     </span>
    </p>
   </div>
   <div class='ocr_carea' id='block_1_90' title="bbox 140 5757 1687 5826">
    <p class='ocr_par' dir='ltr' id='par_1_90' title="bbox 140 5757 1687 5826">
     <span class='ocr_line' id='line_1_90' title="bbox 140 5757 1687 5826; baseline 0.001 -16"><span class='ocrx_word' id='word_1_639' title='bbox 140 5757 410 5825; x_wconf 86' lang='lat' dir='ltr'><strong>cipatione</strong></span> <span class='ocrx_word' id='word_1_640' title='bbox 457 5758 746 5823; x_wconf 85' lang='lat' dir='ltr'><strong>pastoralis</strong></span> <span class='ocrx_word' id='word_1_641' title='bbox 775 5757 918 5811; x_wconf 89' lang='lat' dir='ltr'><strong>illius</strong></span> <span class='ocrx_word' id='word_1_642' title='bbox 978 5757 1222 5826; x_wconf 84' lang='lat' dir='ltr'><strong>spiritus.</strong></span> <span class='ocrx_word' id='word_1_643' title='bbox 1269 5758 1533 5826; x_wconf 81' lang='lat' dir='ltr'><strong>ejusmodi</strong></span> <span class='ocrx_word' id='word_1_644' title='bbox 1570 5759 1687 5812; x_wconf 77' lang='lat' dir='ltr'><strong>fuc-</strong></span> 
     </span>
    </p>
   </div>
   <div class='ocr_carea' id='block_1_91' title="bbox 143 5825 1686 5898">
    <p class='ocr_par' dir='ltr' id='par_1_91' title="bbox 143 5825 1686 5898">
     <span class='ocr_line' id='line_1_91' title="bbox 143 5825 1686 5898; baseline 0.001 -18"><span class='ocrx_word' id='word_1_645' title='bbox 143 5826 246 5882; x_wconf 82' lang='lat' dir='ltr'><strong>rint</strong></span> <span class='ocrx_word' id='word_1_646' title='bbox 285 5845 299 5884; x_wconf 87' lang='lat'><strong>:</strong></span> <span class='ocrx_word' id='word_1_647' title='bbox 335 5826 478 5881; x_wconf 87' lang='lat' dir='ltr'><strong>velut</strong></span> <span class='ocrx_word' id='word_1_648' title='bbox 504 5828 746 5884; x_wconf 84' lang='lat' dir='ltr'><strong>seniores</strong></span> <span class='ocrx_word' id='word_1_649' title='bbox 775 5826 975 5898; x_wconf 86' lang='lat' dir='ltr'><strong>quibus</strong></span> <span class='ocrx_word' id='word_1_650' title='bbox 1005 5825 1265 5884; x_wconf 83' lang='lat' dir='ltr'><strong>Dominus</strong></span> <span class='ocrx_word' id='word_1_651' title='bbox 1299 5825 1364 5882; x_wconf 87' lang='lat' dir='ltr'><strong>de</strong></span> <span class='ocrx_word' id='word_1_652' title='bbox 1385 5827 1547 5884; x_wconf 81' lang='lat' dir='ltr'><strong>Mosis</strong></span> <span class='ocrx_word' id='word_1_653' title='bbox 1577 5829 1686 5897; x_wconf 80' lang='lat' dir='ltr'><strong>spi-</strong></span> 
     </span>
    </p>
   </div>
   <div class='ocr_carea' id='block_1_92' title="bbox 1807 4504 2916 4568">
    <p class='ocr_par' dir='ltr' id='par_1_92' title="bbox 1807 4504 2916 4568">
     <span class='ocr_line' id='line_1_92' title="bbox 1807 4504 2916 4568; baseline -0.005 -6"><span class='ocrx_word' id='word_1_654' title='bbox 1807 4507 1936 4568; x_wconf 87' lang='lat' dir='ltr'><strong>rittt,</strong></span> <span class='ocrx_word' id='word_1_655' title='bbox 1977 4507 2219 4561; x_wconf 71' lang='lat' dir='ltr'><strong>subsidio</strong></span> <span class='ocrx_word' id='word_1_656' title='bbox 2244 4507 2416 4560; x_wconf 87' lang='lat' dir='ltr'><strong>eidem</strong></span> <span class='ocrx_word' id='word_1_657' title='bbox 2442 4505 2659 4566; x_wconf 81' lang='lat' dir='ltr'><strong>futuris,</strong></span> <span class='ocrx_word' id='word_1_658' title='bbox 2685 4504 2916 4559; x_wconf 86' lang='lat' dir='ltr'><strong>dederit.</strong></span> 
     </span>
    </p>
   </div>
   <div class='ocr_carea' id='block_1_93' title="bbox 1877 4573 3369 4643">
    <p class='ocr_par' dir='ltr' id='par_1_93' title="bbox 1877 4573 3369 4643">
     <span class='ocr_line' id='line_1_93' title="bbox 1877 4573 3369 4643; baseline 0 -13"><span class='ocrx_word' id='word_1_659' title='bbox 1877 4578 1991 4643; x_wconf 71' lang='lat'><strong>(27)</strong></span> <span class='ocrx_word' id='word_1_660' title='bbox 2024 4577 2159 4638; x_wconf 86' lang='lat' dir='ltr'><strong>Ouia</strong></span> <span class='ocrx_word' id='word_1_661' title='bbox 2214 4588 2261 4629; x_wconf 83' lang='lat' dir='ltr'><strong>et</strong></span> <span class='ocrx_word' id='word_1_662' title='bbox 2310 4585 2555 4628; x_wconf 80' lang='lat' dir='ltr'><strong>naturam</strong></span> <span class='ocrx_word' id='word_1_663' title='bbox 2601 4575 2875 4635; x_wconf 75' lang='lat' dir='ltr'><strong>discimus,</strong></span> <span class='ocrx_word' id='word_1_664' title='bbox 2920 4573 2978 4625; x_wconf 85' lang='grc' dir='ltr'>τὸ</span> <span class='ocrx_word' id='word_1_665' title='bbox 3018 4573 3116 4642; x_wconf 84' lang='grc' dir='ltr'>τῆς</span> <span class='ocrx_word' id='word_1_666' title='bbox 3146 4574 3369 4642; x_wconf 85' lang='grc' dir='ltr'>φύσεως</span> 
     </span>
    </p>
   </div>
   <div class='ocr_carea' id='block_1_94' title="bbox 1804 4643 3369 4724">
    <p class='ocr_par' dir='ltr' id='par_1_94' title="bbox 1804 4643 3369 4724">
     <span class='ocr_line' id='line_1_94' title="bbox 1804 4643 3369 4724; baseline 0 -25"><span class='ocrx_word' id='word_1_667' title='bbox 1804 4647 2164 4724; x_wconf 78' lang='grc' dir='ltr'>πανθὰνομεν.</span> <span class='ocrx_word' id='word_1_668' title='bbox 2182 4645 2336 4724; x_wconf 60' lang='lat' dir='ltr'><strong>velut</strong></span> <span class='ocrx_word' id='word_1_669' title='bbox 2354 4647 2519 4724; x_wconf 72' lang='lat' dir='ltr'><strong>dicat,</strong></span> <span class='ocrx_word' id='word_1_670' title='bbox 2537 4643 2748 4724; x_wconf 69' lang='lat' dir='ltr'><strong>afﬁcior</strong></span> <span class='ocrx_word' id='word_1_671' title='bbox 2760 4653 2967 4696; x_wconf 62' lang='lat' dir='ltr'><strong>naturae</strong></span> <span class='ocrx_word' id='word_1_672' title='bbox 2982 4643 3369 4724; x_wconf 49' lang='lat' dir='ltr'><strong>aﬂeﬂionibus,</strong></span> 
     </span>
    </p>
   </div>
   <div class='ocr_carea' id='block_1_95' title="bbox 1803 4714 3369 4785">
    <p class='ocr_par' dir='ltr' id='par_1_95' title="bbox 1803 4714 3369 4785">
     <span class='ocr_line' id='line_1_95' title="bbox 1803 4714 3369 4785; baseline 0 -17"><span class='ocrx_word' id='word_1_673' title='bbox 1803 4732 1865 4771; x_wconf 87' lang='lat' dir='ltr'><strong>ac</strong></span> <span class='ocrx_word' id='word_1_674' title='bbox 1887 4714 2173 4785; x_wconf 71' lang='lat' dir='ltr'><strong>praesentit)</strong></span> <span class='ocrx_word' id='word_1_675' title='bbox 2198 4719 2245 4767; x_wconf 91' lang='lat' dir='ltr'><strong>in</strong></span> <span class='ocrx_word' id='word_1_676' title='bbox 2286 4716 2369 4768; x_wconf 92' lang='lat' dir='ltr'><strong>his</strong></span> <span class='ocrx_word' id='word_1_677' title='bbox 2400 4714 2661 4776; x_wconf 84' lang='lat' dir='ltr'><strong>adversis,</strong></span> <span class='ocrx_word' id='word_1_678' title='bbox 2683 4722 2735 4766; x_wconf 85' lang='lat' dir='ltr'><strong>et</strong></span> <span class='ocrx_word' id='word_1_679' title='bbox 2761 4715 3034 4785; x_wconf 84' lang='lat' dir='ltr'><strong>communi</strong></span> <span class='ocrx_word' id='word_1_680' title='bbox 3059 4714 3369 4781; x_wconf 85' lang='lat' dir='ltr'><strong>amictione,</strong></span> 
     </span>
    </p>
   </div>
   <div class='ocr_carea' id='block_1_96' title="bbox 1801 4782 3369 4855">
    <p class='ocr_par' dir='ltr' id='par_1_96' title="bbox 1801 4782 3369 4855">
     <span class='ocr_line' id='line_1_96' title="bbox 1801 4782 3369 4855; baseline -0.001 -15"><span class='ocrx_word' id='word_1_681' title='bbox 1801 4782 1946 4855; x_wconf 84' lang='lat' dir='ltr'><strong>quod</strong></span> <span class='ocrx_word' id='word_1_682' title='bbox 1973 4795 2053 4839; x_wconf 92' lang='lat' dir='ltr'><strong>est</strong></span> <span class='ocrx_word' id='word_1_683' title='bbox 2083 4786 2337 4847; x_wconf 87' lang='lat' dir='ltr'><strong>hominis,</strong></span> <span class='ocrx_word' id='word_1_684' title='bbox 2374 4798 2690 4855; x_wconf 76' lang='lat' dir='ltr'><strong>quanquam</strong></span> <span class='ocrx_word' id='word_1_685' title='bbox 2723 4782 3059 4855; x_wconf 71' lang='lat' dir='ltr'><strong>propositum</strong></span> <span class='ocrx_word' id='word_1_686' title='bbox 3083 4785 3247 4855; x_wconf 84' lang='lat' dir='ltr'><strong>animi</strong></span> <span class='ocrx_word' id='word_1_687' title='bbox 3271 4800 3369 4838; x_wconf 88' lang='lat' dir='ltr'><strong>su-</strong></span> 
     </span>
    </p>
   </div>
   <div class='ocr_carea' id='block_1_97' title="bbox 1803 4849 3365 4920">
    <p class='ocr_par' dir='ltr' id='par_1_97' title="bbox 1803 4849 3365 4920">
     <span class='ocr_line' id='line_1_97' title="bbox 1803 4849 3365 4920; baseline -0.001 -12"><span class='ocrx_word' id='word_1_688' title='bbox 1803 4849 1967 4909; x_wconf 78' lang='lat' dir='ltr'><strong>blime</strong></span> <span class='ocrx_word' id='word_1_689' title='bbox 2016 4863 2100 4907; x_wconf 89' lang='lat' dir='ltr'><strong>est</strong></span> <span class='ocrx_word' id='word_1_690' title='bbox 2121 4895 2134 4919; x_wconf 91' lang='lat'><strong>,</strong></span> <span class='ocrx_word' id='word_1_691' title='bbox 2165 4869 2228 4908; x_wconf 87' lang='lat' dir='ltr'><strong>ac</strong></span> <span class='ocrx_word' id='word_1_692' title='bbox 2273 4855 2336 4906; x_wconf 90' lang='lat' dir='ltr'><strong>ad</strong></span> <span class='ocrx_word' id='word_1_693' title='bbox 2368 4849 2608 4908; x_wconf 73' lang='lat' dir='ltr'><strong>sanctam</strong></span> <span class='ocrx_word' id='word_1_694' title='bbox 2639 4849 2783 4905; x_wconf 84' lang='lat' dir='ltr'><strong>illam</strong></span> <span class='ocrx_word' id='word_1_695' title='bbox 2817 4849 3085 4902; x_wconf 80' lang='grc' dir='ltr'>ἀπάθειαν</span> <span class='ocrx_word' id='word_1_696' title='bbox 3117 4853 3365 4920; x_wconf 83' lang='lat' dir='ltr'><strong>impellit.</strong></span> 
     </span>
    </p>
   </div>
   <div class='ocr_carea' id='block_1_98' title="bbox 1806 4920 3368 4991">
    <p class='ocr_par' dir='ltr' id='par_1_98' title="bbox 1806 4920 3368 4991">
     <span class='ocr_line' id='line_1_98' title="bbox 1806 4920 3368 4991; baseline -0.001 -13"><span class='ocrx_word' id='word_1_697' title='bbox 1806 4925 2017 4978; x_wconf 91' lang='lat' dir='ltr'><strong>Similia</strong></span> <span class='ocrx_word' id='word_1_698' title='bbox 2047 4923 2158 4977; x_wconf 80' lang='lat' dir='ltr'><strong>fere</strong></span> <span class='ocrx_word' id='word_1_699' title='bbox 2193 4923 2387 4991; x_wconf 91' lang='lat' dir='ltr'><strong>Sulpit.</strong></span> <span class='ocrx_word' id='word_1_700' title='bbox 2421 4923 2486 4976; x_wconf 89' lang='lat' dir='ltr'><strong>de</strong></span> <span class='ocrx_word' id='word_1_701' title='bbox 2507 4922 2762 4991; x_wconf 87' lang='lat' dir='ltr'><strong>lacrymis</strong></span> <span class='ocrx_word' id='word_1_702' title='bbox 2794 4921 2846 4973; x_wconf 89' lang='lat' dir='ltr'><strong>in</strong></span> <span class='ocrx_word' id='word_1_703' title='bbox 2871 4920 3020 4973; x_wconf 89' lang='lat' dir='ltr'><strong>obitu</strong></span> <span class='ocrx_word' id='word_1_704' title='bbox 3055 4921 3193 4974; x_wconf 86' lang='lat' dir='ltr'><strong>beati</strong></span> <span class='ocrx_word' id='word_1_705' title='bbox 3223 4921 3368 4977; x_wconf 77' lang='lat' dir='ltr'><strong>Mar-</strong></span> 
     </span>
    </p>
   </div>
   <div class='ocr_carea' id='block_1_99' title="bbox 1807 4991 3364 5061">
    <p class='ocr_par' dir='ltr' id='par_1_99' title="bbox 1807 4991 3364 5061">
     <span class='ocr_line' id='line_1_99' title="bbox 1807 4991 3364 5061; baseline -0.001 -12"><span class='ocrx_word' id='word_1_706' title='bbox 1807 4995 1933 5059; x_wconf 90' lang='lat' dir='ltr'><strong>tini;</strong></span> <span class='ocrx_word' id='word_1_707' title='bbox 1960 5009 2058 5048; x_wconf 90' lang='lat' dir='ltr'><strong>nec</strong></span> <span class='ocrx_word' id='word_1_708' title='bbox 2080 4993 2526 5060; x_wconf 73' lang='lat' dir='ltr'><strong>vero.Apostolus</strong></span> <span class='ocrx_word' id='word_1_709' title='bbox 2548 5007 2638 5045; x_wconf 84' lang='lat' dir='ltr'><strong>eas</strong></span> <span class='ocrx_word' id='word_1_710' title='bbox 2667 4993 2937 5061; x_wconf 83' lang='lat' dir='ltr'><strong>lacrymas</strong></span> <span class='ocrx_word' id='word_1_711' title='bbox 2969 4991 3236 5056; x_wconf 87' lang='lat' dir='ltr'><strong>prohibet,</strong></span> <span class='ocrx_word' id='word_1_712' title='bbox 3270 4995 3364 5048; x_wconf 89' lang='lat' dir='ltr'><strong>sed</strong></span> 
     </span>
    </p>
   </div>
   <div class='ocr_carea' id='block_1_100' title="bbox 1806 5060 3366 5132">
    <p class='ocr_par' dir='ltr' id='par_1_100' title="bbox 1806 5060 3366 5132">
     <span class='ocr_line' id='line_1_100' title="bbox 1806 5060 3366 5132; baseline -0.001 -15"><span class='ocrx_word' id='word_1_713' title='bbox 1806 5065 1993 5132; x_wconf 90' lang='lat' dir='ltr'><strong>quales</strong></span> <span class='ocrx_word' id='word_1_714' title='bbox 2014 5073 2141 5116; x_wconf 90' lang='lat' dir='ltr'><strong>sunt</strong></span> <span class='ocrx_word' id='word_1_715' title='bbox 2170 5078 2358 5116; x_wconf 89' lang='lat' dir='ltr'><strong>eorum</strong></span> <span class='ocrx_word' id='word_1_716' title='bbox 2389 5063 2482 5132; x_wconf 91' lang='lat' dir='ltr'><strong>qui</strong></span> <span class='ocrx_word' id='word_1_717' title='bbox 2506 5076 2654 5129; x_wconf 90' lang='lat' dir='ltr'><strong>spem</strong></span> <span class='ocrx_word' id='word_1_718' title='bbox 2693 5060 2801 5114; x_wconf 85' lang='lat' dir='ltr'><strong>non</strong></span> <span class='ocrx_word' id='word_1_719' title='bbox 2839 5060 3190 5132; x_wconf 58' lang='lat' dir='ltr'><strong>habent,_att_t</strong></span> <span class='ocrx_word' id='word_1_720' title='bbox 3223 5063 3366 5132; x_wconf 85' lang='lat' dir='ltr'><strong>velut</strong></span> 
     </span>
    </p>
   </div>
   <div class='ocr_carea' id='block_1_101' title="bbox 1808 5128 3360 5199">
    <p class='ocr_par' dir='ltr' id='par_1_101' title="bbox 1808 5128 3360 5199">
     <span class='ocr_line' id='line_1_101' title="bbox 1808 5128 3360 5199; baseline 0 -13"><span class='ocrx_word' id='word_1_721' title='bbox 1808 5128 1911 5186; x_wconf 79' lang='lat' dir='ltr'><strong>non</strong></span> <span class='ocrx_word' id='word_1_722' title='bbox 1939 5132 2198 5186; x_wconf 86' lang='lat' dir='ltr'><strong>haberent</strong></span> <span class='ocrx_word' id='word_1_723' title='bbox 2222 5128 2676 5199; x_wconf 55' lang='lat' dir='ltr'><strong>ininus&#39;castigate</strong></span> <span class='ocrx_word' id='word_1_724' title='bbox 2698 5138 2751 5185; x_wconf 94' lang='lat' dir='ltr'><strong>et</strong></span> <span class='ocrx_word' id='word_1_725' title='bbox 2773 5128 3036 5199; x_wconf 79' lang='lat' dir='ltr'><strong>modestia</strong></span> <span class='ocrx_word' id='word_1_726' title='bbox 3053 5129 3360 5186; x_wconf 83' lang='lat' dir='ltr'><strong>Christiana</strong></span> 
     </span>
    </p>
   </div>
   <div class='ocr_carea' id='block_1_102' title="bbox 1806 5197 3362 5272">
    <p class='ocr_par' dir='ltr' id='par_1_102' title="bbox 1806 5197 3362 5272">
     <span class='ocr_line' id='line_1_102' title="bbox 1806 5197 3362 5272; baseline -0.003 -16"><span class='ocrx_word' id='word_1_727' title='bbox 1806 5205 2172 5272; x_wconf 84' lang='lat' dir='ltr'><strong>laerymantur</strong></span> <span class='ocrx_word' id='word_1_728' title='bbox 2212 5212 2266 5256; x_wconf 92' lang='lat' dir='ltr'><strong>et</strong></span> <span class='ocrx_word' id='word_1_729' title='bbox 2298 5197 2684 5272; x_wconf 78' lang='lat' dir='ltr'><strong>lamentantur,</strong></span> <span class='ocrx_word' id='word_1_730' title='bbox 2728 5200 2873 5254; x_wconf 89' lang='lat' dir='ltr'><strong>velut</strong></span> <span class='ocrx_word' id='word_1_731' title='bbox 2911 5197 3052 5251; x_wconf 79' lang='lat' dir='ltr'><strong>facto</strong></span> <span class='ocrx_word' id='word_1_732' title='bbox 3103 5210 3362 5272; x_wconf 72' lang='lat' dir='ltr'><strong>negantes</strong></span> 
     </span>
    </p>
   </div>
   <div class='ocr_carea' id='block_1_103' title="bbox 1806 5268 3350 5346">
    <p class='ocr_par' dir='ltr' id='par_1_103' title="bbox 1806 5268 3350 5346">
     <span class='ocr_line' id='line_1_103' title="bbox 1806 5268 3350 5346; baseline -0.004 -19"><span class='ocrx_word' id='word_1_733' title='bbox 1806 5268 2261 5346; x_wconf 67' lang='lat' dir='ltr'><strong>resurrectionem</strong></span> <span class='ocrx_word' id='word_1_734' title='bbox 2302 5271 2396 5346; x_wconf 82' lang='lat' dir='ltr'><strong>:__in</strong></span> <span class='ocrx_word' id='word_1_735' title='bbox 2426 5287 2570 5346; x_wconf 28' lang='lat' dir='ltr'><strong>quos.</strong></span> <span class='ocrx_word' id='word_1_736' title='bbox 2602 5270 3065 5346; x_wconf 32' lang='lat' dir='ltr'><strong>9hrysos‘tomush</strong></span> <span class='ocrx_word' id='word_1_737' title='bbox 3102 5268 3262 5346; x_wconf 63' lang='lat' dir='ltr'><strong>hoim</strong></span> <span class='ocrx_word' id='word_1_738' title='bbox 3289 5270 3350 5323; x_wconf 73' lang='lat'><strong>2|</strong></span> 
     </span>
    </p>
   </div>
   <div class='ocr_carea' id='block_1_104' title="bbox 1803 5337 3358 5408">
    <p class='ocr_par' dir='ltr' id='par_1_104' title="bbox 1803 5337 3358 5408">
     <span class='ocr_line' id='line_1_104' title="bbox 1803 5337 3358 5408; baseline -0.002 -12"><span class='ocrx_word' id='word_1_739' title='bbox 1803 5343 1857 5396; x_wconf 88' lang='lat' dir='ltr'><strong>iu</strong></span> <span class='ocrx_word' id='word_1_740' title='bbox 1890 5343 2046 5404; x_wconf 85' lang='lat' dir='ltr'><strong>Acta,</strong></span> <span class='ocrx_word' id='word_1_741' title='bbox 2078 5351 2131 5395; x_wconf 92' lang='lat' dir='ltr'><strong>et</strong></span> <span class='ocrx_word' id='word_1_742' title='bbox 2158 5342 2183 5394; x_wconf 70' lang='grc' dir='ltr'>δ</span> <span class='ocrx_word' id='word_1_743' title='bbox 2214 5342 2266 5394; x_wconf 89' lang='lat' dir='ltr'><strong>in</strong></span> <span class='ocrx_word' id='word_1_744' title='bbox 2303 5337 2472 5408; x_wconf 75' lang='lat' dir='ltr'><strong>Epist.</strong></span> <span class='ocrx_word' id='word_1_745' title='bbox 2508 5341 2571 5393; x_wconf 83' lang='lat' dir='ltr'><strong>ad</strong></span> <span class='ocrx_word' id='word_1_746' title='bbox 2601 5337 2765 5394; x_wconf 76' lang='lat' dir='ltr'><strong>Hebr.</strong></span> <span class='ocrx_word' id='word_1_747' title='bbox 2793 5339 2880 5391; x_wconf 91' lang='lat' dir='ltr'><strong>ubi</strong></span> <span class='ocrx_word' id='word_1_748' title='bbox 2913 5347 2965 5389; x_wconf 86' lang='lat' dir='ltr'><strong>et</strong></span> <span class='ocrx_word' id='word_1_749' title='bbox 3016 5337 3358 5393; x_wconf 83' lang='lat' dir='ltr'><strong>divinissime</strong></span> 
     </span>
    </p>
   </div>
   <div class='ocr_carea' id='block_1_105' title="bbox 1802 5407 3359 5479">
    <p class='ocr_par' dir='ltr' id='par_1_105' title="bbox 1802 5407 3359 5479">
     <span class='ocr_line' id='line_1_105' title="bbox 1802 5407 3359 5479; baseline -0.004 -16"><span class='ocrx_word' id='word_1_750' title='bbox 1802 5421 2041 5473; x_wconf 86' lang='lat' dir='ltr'><strong>enarrat,</strong></span> <span class='ocrx_word' id='word_1_751' title='bbox 2077 5412 2222 5479; x_wconf 89' lang='lat' dir='ltr'><strong>qttod</strong></span> <span class='ocrx_word' id='word_1_752' title='bbox 2268 5407 2504 5464; x_wconf 81' lang='lat' dir='ltr'><strong>Ecclesia</strong></span> <span class='ocrx_word' id='word_1_753' title='bbox 2537 5412 2685 5463; x_wconf 88' lang='lat' dir='ltr'><strong>velut</strong></span> <span class='ocrx_word' id='word_1_754' title='bbox 2727 5407 3181 5479; x_wconf 83' lang='lat' dir='ltr'><strong>resurrectionem</strong></span> <span class='ocrx_word' id='word_1_755' title='bbox 3220 5421 3359 5473; x_wconf 79' lang='lat' dir='ltr'><strong>pra:-</strong></span> 
     </span>
    </p>
   </div>
   <div class='ocr_carea' id='block_1_106' title="bbox 1801 5478 3352 5547">
    <p class='ocr_par' dir='ltr' id='par_1_106' title="bbox 1801 5478 3352 5547">
     <span class='ocr_line' id='line_1_106' title="bbox 1801 5478 3352 5547; baseline -0.004 -11"><span class='ocrx_word' id='word_1_756' title='bbox 1801 5483 1989 5536; x_wconf 84' lang='lat' dir='ltr'><strong>dicaus</strong></span> <span class='ocrx_word' id='word_1_757' title='bbox 2016 5483 2068 5533; x_wconf 91' lang='lat' dir='ltr'><strong>iu</strong></span> <span class='ocrx_word' id='word_1_758' title='bbox 2090 5478 2323 5532; x_wconf 83' lang='lat' dir='ltr'><strong>lidelium</strong></span> <span class='ocrx_word' id='word_1_759' title='bbox 2348 5479 2640 5547; x_wconf 79' lang='lat' dir='ltr'><strong>exsequiis,</strong></span> <span class='ocrx_word' id='word_1_760' title='bbox 2663 5478 3047 5547; x_wconf 84' lang='lat' dir='ltr'><strong>suavissimum</strong></span> <span class='ocrx_word' id='word_1_761' title='bbox 3071 5485 3352 5547; x_wconf 82' lang='lat' dir='ltr'><strong>personat:</strong></span> 
     </span>
    </p>
   </div>
   <div class='ocr_carea' id='block_1_107' title="bbox 1800 5544 3354 5619">
    <p class='ocr_par' dir='ltr' id='par_1_107' title="bbox 1800 5544 3354 5619">
     <span class='ocr_line' id='line_1_107' title="bbox 1800 5544 3354 5619; baseline -0.005 -15"><span class='ocrx_word' id='word_1_762' title='bbox 1800 5551 2127 5614; x_wconf 79' lang='lat' dir='ltr'><strong>Convertere,</strong></span> <span class='ocrx_word' id='word_1_763' title='bbox 2143 5551 2341 5613; x_wconf 85' lang='lat' dir='ltr'><strong>anima,</strong></span> <span class='ocrx_word' id='word_1_764' title='bbox 2361 5551 2412 5602; x_wconf 86' lang='lat' dir='ltr'><strong>in</strong></span> <span class='ocrx_word' id='word_1_765' title='bbox 2430 5544 2656 5619; x_wconf 70' lang='lat' dir='ltr'><strong>requiem</strong></span> <span class='ocrx_word' id='word_1_766' title='bbox 2676 5563 2818 5602; x_wconf 82' lang='lat' dir='ltr'><strong>luam</strong></span> <span class='ocrx_word' id='word_1_767' title='bbox 2831 5588 2844 5614; x_wconf 95' lang='lat'><strong>,</strong></span> <span class='ocrx_word' id='word_1_768' title='bbox 2859 5546 2982 5614; x_wconf 86' lang='lat' dir='ltr'><strong>quia</strong></span> <span class='ocrx_word' id='word_1_769' title='bbox 3001 5544 3253 5596; x_wconf 81' lang='lat' dir='ltr'><strong>Dominus</strong></span> <span class='ocrx_word' id='word_1_770' title='bbox 3268 5546 3354 5598; x_wconf 81' lang='lat' dir='ltr'><strong>be-</strong></span> 
     </span>
    </p>
   </div>
   <div class='ocr_carea' id='block_1_108' title="bbox 1799 5621 2120 5685">
    <p class='ocr_par' dir='ltr' id='par_1_108' title="bbox 1799 5621 2120 5685">
     <span class='ocr_line' id='line_1_108' title="bbox 1799 5621 2120 5685; baseline -0.009 -11"><span class='ocrx_word' id='word_1_771' title='bbox 1799 5622 1981 5685; x_wconf 78' lang='lat' dir='ltr'><strong>nefccit</strong></span> <span class='ocrx_word' id='word_1_772' title='bbox 2009 5621 2120 5672; x_wconf 79' lang='lat' dir='ltr'><strong>(ibi.</strong></span> 
     </span>
    </p>
   </div>
   <div class='ocr_carea' id='block_1_109' title="bbox 1867 5681 3348 5758">
    <p class='ocr_par' dir='ltr' id='par_1_109' title="bbox 1867 5681 3348 5758">
     <span class='ocr_line' id='line_1_109' title="bbox 1867 5681 3348 5758; baseline -0.005 -14"><span class='ocrx_word' id='word_1_773' title='bbox 1867 5681 1976 5758; x_wconf 70' lang='lat'><strong>(28)</strong></span> <span class='ocrx_word' id='word_1_774' title='bbox 2022 5690 2328 5743; x_wconf 76' lang='lat' dir='ltr'><strong>humaniter</strong></span> <span class='ocrx_word' id='word_1_775' title='bbox 2353 5689 2581 5757; x_wconf 61' lang='lat' dir='ltr'><strong>afﬂictos</strong></span> <span class='ocrx_word' id='word_1_776' title='bbox 2613 5707 2673 5743; x_wconf 88' lang='lat' dir='ltr'><strong>ac</strong></span> <span class='ocrx_word' id='word_1_777' title='bbox 2704 5691 2904 5752; x_wconf 84' lang='lat' dir='ltr'><strong>tristes,</strong></span> <span class='ocrx_word' id='word_1_778' title='bbox 2928 5681 3348 5758; x_wconf 74' lang='grc' dir='ltr'>ἐρικνωμένους.</span> 
     </span>
    </p>
   </div>
   <div class='ocr_carea' id='block_1_110' title="bbox 1795 5751 3347 5838">
    <p class='ocr_par' dir='ltr' id='par_1_110' title="bbox 1795 5751 3347 5838">
     <span class='ocr_line' id='line_1_110' title="bbox 1795 5751 3347 5838; baseline -0.005 -24"><span class='ocrx_word' id='word_1_779' title='bbox 1795 5751 1914 5838; x_wconf 81' lang='grc' dir='ltr'><strong>Οιιό</strong></span> <span class='ocrx_word' id='word_1_780' title='bbox 1934 5751 2096 5838; x_wconf 64' lang='lat' dir='ltr'><strong>sensu</strong></span> <span class='ocrx_word' id='word_1_781' title='bbox 2118 5751 2397 5838; x_wconf 44' lang='lat' dir='ltr'><strong>llesyehio&#39;</strong></span> <span class='ocrx_word' id='word_1_782' title='bbox 2411 5751 2519 5824; x_wconf 74' lang='lat' dir='ltr'><strong>&quot;l‘o,</strong></span> <span class='ocrx_word' id='word_1_783' title='bbox 2545 5761 2860 5830; x_wconf 78' lang='grc' dir='ltr'>κιιωμὲνων,</span> <span class='ocrx_word' id='word_1_784' title='bbox 2879 5751 3347 5821; x_wconf 66' lang='grc' dir='ltr'>εδίπονουμένων.</span> 
     </span>
    </p>
   </div>
   <div class='ocr_carea' id='block_1_111' title="bbox 1792 5827 2470 5899">
    <p class='ocr_par' dir='ltr' id='par_1_111' title="bbox 1792 5827 2470 5899">
     <span class='ocr_line' id='line_1_111' title="bbox 1792 5827 2470 5899; baseline -0.015 -13"><span class='ocrx_word' id='word_1_785' title='bbox 1792 5841 1844 5886; x_wconf 85' lang='lat' dir='ltr'><strong>Cl</strong></span> <span class='ocrx_word' id='word_1_786' title='bbox 1867 5831 1944 5898; x_wconf 75' lang='grc' dir='ltr'>τὸ,</span> <span class='ocrx_word' id='word_1_787' title='bbox 1973 5827 2190 5899; x_wconf 73' lang='grc' dir='ltr'>κνῆσαι,</span> <span class='ocrx_word' id='word_1_788' title='bbox 2206 5827 2470 5892; x_wconf 51' lang='grc' dir='ltr'>’λυπῆσαι</span> 
     </span>
    </p>
   </div>
  </div>
