3976 6314
591 351 722 418 1851

2010 357 2413 420 APPENDIX.

3711 348 3846 412 1852

584 477 772 533 tonsa,
800 468 964 524 aliam
996 469 1428 526 subintroduxit.
1456 467 1523 523 Et
1551 477 1776 525 sanctus
1802 468 2022 538 quidem
2047 468 2151 524 Ta-

2267 472 2610 543 ριλοχρίστου
2654 468 2891 539 Εἰρήνης
2937 464 3073 531 υἱὸς,
3121 463 3217 534 τὴν
3242 461 3446 516 ἑαυτοῦ
3480 458 3724 528 σύμϐιον
3757 459 3841 522 ἐξ·

584 558 786 625 rasius,
815 560 910 628 qui
946 566 1077 614 tunc
1106 559 1371 628 temporis
1398 556 2024 628 Constantinopolitanae
2053 555 2156 611 Ec-

582 648 764 703 clesia:
784 648 996 702 clavum
1033 648 1445 713 moderabatur,
1481 662 1706 717 prorsus
1729 663 1834 702 non
1854 648 2154 712 consensit;

587 738 682 794 sed
707 739 950 794 ecclesiae
977 740 1261 810 presbyter
1296 739 1543 809 quidam,
1591 738 1813 793 nomine
1860 736 2154 808 Iosephus,

584 829 708 884 illos
736 830 1037 884 coronavit.
1074 828 1230 884 'l‘unc
1266 845 1396 899 ergo
1425 843 1654 900 magnus
1693 827 2017 884 Theodorus
2056 829 2156 882 im-

583 929 891 990 peratorem
926 920 1111 973 divino
1140 920 1256 974 zelo
1289 930 1599 975 commotus
1632 922 2150 983 exeommunicavit,

583 1022 637 1067 et
675 1027 772 1066 ceu
801 1012 1042 1081 graviter
1067 1021 1257 1066 contra
1287 1012 1378 1082 jus
1403 1021 1653 1080 agentem
1695 1012 1993 1080 redarguit,
2030 1012 2154 1066 aliis

583 1103 773 1158 multis
810 1104 1145 1172 prepositum
1176 1104 1295 1173 ejus
1343 1103 1631 1171 zelumque
1654 1103 1989 1157 sectantibus
2025 1121 2039 1156 :
2079 1104 2155 1157 si-

584 1194 808 1263 mulque
862 1196 1133 1264 separavit
1164 1210 1222 1249 se
1270 1194 1338 1249 ab
1364 1193 1608 1249 Ecclesia
1643 1202 1695 1247 et
1736 1209 1766 1246 a
1807 1196 2152 1266 patriarcha;

584 1286 713 1356 quia
758 1287 969 1341 etiamsi
1014 1287 1218 1356 nuptiis
1264 1286 1466 1340 illicitis
1510 1302 1616 1340 non
1664 1297 2017 1343 consenserat
2057 1304 2155 1356 pa-

584 1369 845 1443 triarcha,
873 1378 1014 1432 haud
1054 1387 1233 1431 tamen
1267 1386 1456 1431 contra
1480 1377 1672 1441 iret-at,
1705 1394 1880 1447 neque
1907 1379 2152 1432 divinum

585 1469 760 1522 zelum
800 1470 1062 1524 adversus
1093 1471 1471 1539 imperatorem
1515 1472 1647 1524 tanti
1675 1471 1858 1540 ﬂagitii
1884 1486 2035 1525 reum
2058 1485 2155 1524 ex-

585 1562 948 1630 prompserat.
979 1559 1084 1615 Sed
1115 1571 1401 1631 postquam
1436 1562 1547 1617 Deo
1590 1563 1803 1617 vindice
1836 1561 2154 1616 Constanti-

574 1653 692 1707 'nus
727 1661 1031 1707 excaecatus
1085 1652 1209 1717 fuit,
1238 1664 1293 1708 et
1348 1654 1510 1723 hujus
1550 1670 1769 1725 quoque
1804 1663 1976 1709 mater
2003 1654 2181 1708 lrene'

587 1743 817 1812 imperio
845 1745 1063 1807 excidit,
1118 1744 1165 1799 is
1197 1745 1287 1813 qui
1322 1745 1461 1799 hanc
1518 1746 1734 1800 insidiis
1780 1747 2154 1800 exauctoravit

586 1829 930 1902 Nicephorus
976 1844 1190 1903 sceptro
1240 1834 1465 1904 potitus,
1518 1834 1661 1890 inter
1711 1835 1818 1889 alia
1867 1850 2151 1905 perperam

587 1932 916 1994 perpetrata,
957 1940 1177 1994 operam
1227 1925 1375 1979 dedit
1427 1932 1486 1979 ut
1526 1926 1818 1993 praedictus
1870 1928 2156 1997 presbyter

588 2008 879 2078 Josephus,
913 2012 1025 2081 jam
1059 2014 1232 2069 sacris
1250 2017 1530 2079 exclusus,
1570 2032 1763 2071 rursus
1786 2015 1840 2069 in
1865 2017 2154 2071 ecclesiam

590 2101 946 2169 reciperetur.
974 2102 1111 2157 Tum
1140 2115 1361 2161 sanctus
1394 2106 1758 2175 Nicephorus,
1804 2109 2005 2161 mortui
2043 2107 2154 2175 jam

591 2190 803 2246 Tarasii
832 2208 1141 2260 successor,
1183 2196 1475 2267 Nicephori
1514 2198 1859 2268 imperatoris
1890 2200 2157 2253 voluntati

590 2284 997 2349 condescendit,
1023 2295 1076 2340 et
1110 2287 1408 2357 Josephum
1438 2290 1681 2343 admisit.
1738 2289 1911 2355 Quam
1941 2290 2011 2343 ob
2045 2306 2157 2344 rem

592 2387 789 2428 rursus
831 2390 1059 2444 magnus
1096 2376 1419 2433 Theodorus
1455 2379 1524 2431 ab
1568 2380 1735 2446 hujus
1764 2394 1979 2449 quoque
2010 2393 2161 2434 com-

595 2467 855 2521 munione
894 2477 1067 2521 semet
1107 2472 1358 2524 secrevit.
1409 2470 1476 2525 Et
1523 2472 1742 2540 quidem
1780 2472 1892 2540 jam
1926 2472 2050 2527 inde
2092 2474 2162 2527 ab

596 2555 753 2609 initio
796 2568 1020 2613 sanctus
1067 2559 1387 2616 Theodorus
1452 2563 1795 2630 iniquitatem
1853 2562 1999 2616 illam
2051 2579 2161 2617 non

599 2648 839 2713 tulerat;
891 2665 1205 2721 quanquam
1261 2653 1655 2709 Constantinus
1704 2655 2003 2723 imperator
2050 2671 2165 2709 mu-

597 2754 727 2792 nera
791 2754 1010 2809 quoque
1062 2742 1354 2809 obtulerat,
1407 2760 1642 2814 eumque
1692 2746 1917 2801 omnino
1950 2747 2167 2817 placare

598 2838 865 2898 sategerat
887 2841 999 2885 tum
1028 2836 1140 2901 ipse
1162 2849 1255 2902 per
1273 2850 1351 2897 se,
1377 2844 1491 2887 tum
1507 2849 1602 2902 per
1628 2834 1854 2898 alios,et
1879 2851 1973 2906 per
1992 2837 2165 2905 ipsam

599 2918 834 2988 denique
862 2920 1199 2990 illegitimam
1238 2922 1553 2991 conjugem,
1587 2939 1708 2992 quae
1730 2924 2021 2980 Theodoro
2051 2936 2168 2981 erat

599 3010 774 3067 aﬂiuis
811 3030 824 3066 :
862 3029 1039 3083 neque
1069 3015 1220 3077 item,
1255 3018 1579 3086 gravissima
1618 3019 1688 3072 ab
1715 3019 1806 3073 illo
1849 3035 2166 3088 perpessus,

2258 563 2426 628 ὠσας,
2448 563 2542 617 καὶ
2560 560 2860 629 ἀποκείρας
2875 560 3114 613 ἄκουσαν
3132 557 3224 609 καὶ
3237 554 3312 625 μὴ
3338 551 3711 623 βουλομένην,
3730 550 3841 602 ἐτέ-

2263 674 2361 727 ραν
2391 657 2504 707 ἀντ’
2526 654 2696 722 αὐτῆς
2722 652 2962 721 ἠγάγετο
2987 665 2999 680 ⁸
3026 650 3125 701 καὶ
3146 650 3173 699 6
3205 648 3304 716 μὲν
3355 644 3521 713 ᾶτιος
3566 642 3840 711 Ταράσιος

2264 742 2438 818 (οὗτος
2470 744 2577 815 γάρ
2599 740 2668 815 ἧν
2692 741 2993 813 τηνικαῦτα
3020 739 3147 801 τοὺς
3172 738 3365 797 οῐακας
3404 734 3611 788 ἰθύνων
3666 731 3768 800 τῆς
3790 732 3843 781 ἐν

2258 833 2837 891 Κωνσταντινουπόλει
2882 829 3229 897 Ἐκκλησίας,
3265 827 3406 888 ὅλως
3432 827 3519 887 εἰς
3568 821 3736 874 τοῦτο
3784 820 3839 871 οὐ

2260 928 2651 995 συνευδόκησεν
2671 941 2686 956 ⁶
2716 923 2850 977 ἀλλά
2867 919 3235 991 πρεσϐύτερός
3264 934 3349 979 τις
3371 919 3477 985 τῆς
3509 910 3843 979 Ἐκκλησω

2258 1022 2430 1091 ὄνομα
2476 1018 2697 1087 Ἰωσὴφ,
2724 1013 3101 1081 ἐστεφάνωσεν
3129 1008 3326 1070 αὐτούς
3358 1023 3372 1036 ·
3407 1008 3542 1058 τότε
3602 1004 3788 1056 τοίνυν
3818 1003 3842 1052 ὁ

2261 1112 2432 1182 μέγας
2468 1108 2741 1177 Θεόδωρος
2766 1105 2855 1158 τὸν
2891 1101 3115 1172 βασιλέα
3144 1100 3242 1170 μὲν
3278 1096 3651 1167 ἀπεκήρυξεν
3706 1093 3844 1162 ζήλῳ

2258 1202 2387 1272 θείῳ
2417 1199 2566 1253 κινού
2577 1197 2869 1267 μενος,καὶ
2897 1195 2971 1257 ὡς
2996 1194 3056 1246 οὐ
3090 1190 3325 1261 μετρίως
3354 1187 3842 1256 παρανομήσαντα-

2258 1292 2508 1363 ήλεγξεν,
2547 1286 3027 1355 ἀκολουθησάντων
3054 1281 3132 1351 τῷ
3160 1280 3327 1335 αὐτοῦ
3387 1277 3593 1346 σκοπῷ
3651 1294 3715 1328 τε
3757 1275 3842 1327 καὶ

2258 1384 2401 1454 ζήλῳ
2424 1384 2515 1434 καὶ
2532 1381 2708 1434 ἄλλων
2734 1376 3015 1430 πλειόνων·
3039 1371 3282 1443 ἀφώρισε
3292 1370 3347 1421 δὲ
3377 1368 3584 1421 sam-bV
3595 1366 3701 1434 τῆς
3730 1366 3843 1417 ἐκο

2258 1474 2486 1544 κλησίας
2515 1470 2726 1525 καὶτοῦ
2753 1469 3096 1538 πατριάρχου
3133 1481 3147 1495 ·
3175 1464 3310 1517 διότι
3337 1464 3387 1514 εί
3415 1461 3519 1514 καὶ
3550 1460 3631 1529 μὴ
3654 1474 3837 1511 συνευ-

2256 1566 2483 1635 δόκησεν
2530 1566 2609 1625 εἰς
2666 1562 2757 1615 τὸν
2803 1559 3119 1629 παράνομον
3172 1556 3351 1622 γάμον
3386 1555 3415 1606 6
3460 1550 3841 1621 πατριάρχης,

2257 1658 2369 1712 ἀλλ’
2394 1656 2501 1710 οὐδ’
2532 1653 2846 1721 ἐπεξῆλθεν,
2862 1650 2981 1703 οὐδὲ
2999 1648 3156 1717 ζῆλον
3173 1647 3316 1700 θεῖον
3340 1643 3678 1708 ἐπεδείξατο
3710 1640 3843 1691 κατὰ

2256 1748 2350 1801 τοῦ
2399 1744 2717 1815 τηλικοῦτον
2770 1744 2922 1807 μῖσος
2952 1738 3327 1809 ἐργασαμωυ
3362 1734 3669 1803 βασιλέως.
3711 1729 3845 1783 Ἀλλ’

2260 1839 2397 1909 μετά
2451 1838 2551 1905 τὴν
2607 1838 2671 1888 ἐκ
2723 1833 2873 1895 θείας
2924 1832 3077 1899 δίκης
3125 1829 3203 1897 τῷ
3240 1823 3653 1891 Κωνσταντίνῳ
3689 1824 3841 1909 ἐπεν-

2257 1907 2507 1999 εχθεῖσαν
2530 1923 2824 1993 τύφλωσιν,
2841 1922 2935 1972 καὶ
2949 1920 3049 1988 τὴν
3067 1921 3130 1970 ἐκ
3152 1917 3249 1985 τῆς
3269 1912 3560 1983 βασιλείας
3582 1907 3843 1999 καθαίρει

2260 1998 2344 2074 σιν
2376 2020 2609 2089 Εἰρήνης
2636 2016 2735 2083 τῆς
2770 2014 2956 2067 τούτου
2987 2011 3211 2081 μητρὸς,
3233 2010 3264 2059 6
3292 2004 3506 2074 ταύτην
3530 2002 3595 2065 ἐξ
3626 1998 3841 2052 ἐπιδου-

2258 2114 2356 2182 λῆς
2384 2088 2628 2165 καθελὼν
2680 2104 2995 2175 Νικηφόρος
3050 2101 3160 2154 τῶν
3195 2101 3498 2169 σκήπτρων
3563 2088 3841 2182 ἐγκρατὴς

2259 2179 2570 2272 γενόμενος,
2602 2200 2736 2268 μετὰ
2763 2195 2873 2248 τῶν
2902 2194 3077 2249 ἄλλων
3101 2184 3174 2243 ὧν
3203 2191 3304 2242 οὐκ
3329 2185 3554 2253 εὐαγῶς
3580 2179 3836 2272 ἔπραξεν,

2261 2268 2557 2353 ἐσπούδαζε
2588 2288 2681 2341 καὶ
2712 2288 2804 2339 τὸν
2832 2281 3199 2355 προλεχθέντα
3228 2276 3615 2348 πρεσϐύτερον
3645 2268 3838 2337 Ἰωσήφ

2260 2380 2646 2454 καθῃρημένον
2684 2378 2808 2447 ήδη,
2836 2374 3093 2445 δεχθῆναι
3120 2370 3281 2425 πάλιν
3314 2370 3374 2421 ἐν
3423 2368 3497 2435 τῇ
3527 2360 3801 2454 ἐκκλησίᾳ
3821 2374 3834 2385 ·

2261 2478 2289 2529 6
2326 2453 2385 2528 δέ
2426 2477 2484 2527 ἐν
2509 2473 2683 2539 ἁγίοις
2708 2468 3045 2538 Νικηφόρος,
3080 2463 3461 2530 διαδεξάμενος
3497 2456 3606 2526 ήδη
3656 2453 3836 2503 τελευ-

2262 2566 2505 2637 τήσαντα
2529 2563 2619 2615 τὸν
2645 2562 2936 2631 Ταράσιον,
2971 2553 3280 2625 συγκατὲδη
3330 2552 3398 2620 τῇ
3427 2544 3528 2600 τοῦ
3574 2542 3838 2637 βασιλέως

2264 2633 2581 2726 Νικηφόρον
2620 2652 2842 2722 σπουδῇ,
2881 2651 2974 2703 καὶ
3004 2646 3307 2709 εἰσεδέξατο
3327 2641 3417 2693 τὸν
3460 2637 3671 2705 Ἰωσήφ
3692 2649 3707 2663 ο
3726 2633 3837 2726 ὅθεν

2265 2723 2436 2801 πάλιν
2459 2723 2498 2799 6-
2521 2745 2700 2815 μέγας
2715 2742 2986 2809 Θεόδωρος
3005 2738 3097 2788 καὶ
3127 2736 3189 2785 ἐκ
3215 2733 3313 2800 τῆς
3338 2730 3536 2782 τούτου
3555 2723 3836 2786 κοινωνίας

2267 2814 2707 2907 ἀπορρήγνυται’
2728 2830 2839 2883 ἀλλ’
2870 2827 3034 2887 αὐτὸς
3060 2823 3159 2893 μὲν
3210 2823 3238 2875 δ
3261 2823 3319 2873 ἐν
3347 2818 3529 2887 ἁγίοις
3563 2814 3839 2882 Θεόδωρος

2269 2929 2393 2983 οὔτε
2427 2927 2487 2992 ἐξ
2519 2926 2690 2995 ἀρχῆς
2710 2926 2777 2993 τῇ
2822 2917 3139 2988 παρανομίᾳ
3192 2911 3487 2967 συνθέσθαι
3544 2909 3839 2978 ἠνέσχετο,

2272 3021 2478 3088 καίπερ
2508 3017 2602 3069 τοῦ
2632 3012 2897 3085 βασιλέως
2922 3007 3336 3062 Κωνσταντίνου
3363 3003 3459 3055 καὶ
3489 2999 3646 3068 δῶρα
3708 3014 3839 3068 προ.

599 3102 793 3157 exsilia
837 3104 1066 3170 scilicet,
1114 3120 1392 3170 carceres,
1444 3108 1660 3178 longam
1714 3108 1933 3174 famem,
1998 3111 2165 3180 plagis

2270 3111 2558 3171 τείνοντος,
2598 3106 2691 3158 καὶ
2721 3100 2991 3163 παντοίως
3018 3094 3359 3151 τιθασσεύειν
3406 3090 3576 3143 αὐτὸν
3646 3090 3841 3155 ἐπιχει-

600 3194 764 3247 etiam
790 3195 951 3249 dorso
982 3196 1222 3260 inﬂictis,
1266 3207 1319 3252 et
1355 3200 1688 3253 omnimodis
1714 3201 2069 3267 cruciatibus,
2102 3203 2169 3258 de

600 3286 783 3340 divino
814 3286 929 3340 zelo
960 3288 1257 3357 quidquam
1290 3290 1519 3358 remisit,
1542 3306 1717 3359 neque
1751 3293 1973 3361 segnius
2035 3294 2172 3349 resi-

602 3388 750 3434 stere
790 3380 943 3434 visus
972 3389 1074 3435 est.
1117 3380 1371 3437 Profecto
1427 3385 1541 3439 leve
1603 3386 1770 3440 videri
1800 3400 1906 3439 non
1957 3394 2169 3455 poterat

604 3480 768 3525 tantae
798 3472 1015 3525 virtutis
1052 3472 1168 3525 viro
1198 3472 1544 3531 Constantini
1584 3476 1875 3547 ﬂagitium,
1911 3478 2056 3549 quod
2099 3480 2169 3533 ab

604 3567 933 3635 imperatore
976 3569 1249 3638 inceptum
1321 3568 1386 3623 ad
1436 3569 1794 3638 plurimarum
1856 3570 2165 3625 animarum

605 3652 1012 3707 subversionem
1054 3654 1167 3723 jam
1207 3653 1567 3709 redundabat.
1627 3654 1840 3709 Etenim
1907 3657 2167 3711 mortales

606 3742 784 3809 multi,
827 3744 1123 3812 prmsertim
1168 3746 1231 3799 ad
1269 3746 1548 3799 libidinem
1589 3747 1769 3815 proni,
1815 3762 2004 3801 ansam
2046 3748 2171 3803 inde

606 3830 935 3901 ahripicntes
962 3834 1023 3886 ad
1060 3848 1188 3888 suas
1214 3835 1507 3903 explendas
1549 3835 1976 3903 intemperantes
2013 3836 2170 3905 cupi-

604 3919 818 3986 ditates,
860 3922 973 3991 jam
1013 3934 1269 3993 tanquam
1304 3926 1473 3994 legem
1518 3923 1779 3994 ﬂagitium
1827 3926 2175 3996 imperatoris

604 4012 973 4078 sectabantur,
1037 4014 1304 4083 legitimas
1355 4014 1602 4085 pellendo
1646 4029 1867 4078 uxores,
1920 4024 1975 4069 et
2034 4016 2169 4073 alias

605 4110 769 4171 prout
790 4104 987 4173 cuique
1019 4105 1191 4174 magis
1211 4105 1497 4173 placebant
1522 4106 1624 4159 sibi
1662 4107 1998 4175 copulantes.
2021 4106 2172 4164 llanc

606 4204 810 4262 pestem
842 4194 953 4263 jam
988 4196 1055 4249 ad
1077 4196 1257 4265 plures
1300 4197 1551 4265 regiones
1584 4206 1894 4251 manantem
1941 4213 2171 4252 cernens

608 4297 841 4351 magnus
871 4284 1214 4350 Theodorus,
1246 4288 1543 4341 commovit
1576 4289 1690 4356 ipse
1724 4303 1880 4341 suum
1909 4288 2172 4345 adversus

611 4372 998 4443 imperatorem
1031 4378 1274 4431 divinum
1311 4379 1505 4442 zelum,
1540 4386 1599 4431 ut
1634 4378 1894 4443 diximus,
1931 4386 1984 4433 et
2007 4379 2073 4433 ad
2104 4383 2170 4434 li-

2276 3200 2490 3271 ροῦντος
2524 3195 2612 3250 διά
2640 3211 2700 3247 τε
2729 3188 2946 3254 ἐαυτοῦ,
2977 3188 3074 3241 καὶ
3099 3188 3163 3240 δι’
3188 3183 3416 3253 ἐτέρων,
3444 3180 3545 3232 καὶ
3569 3175 3841 3271 6-.‘Aa'3113;

2269 3265 2335 3359 δὴ
2365 3290 2461 3359 τῆς
2484 3287 2738 3355 ἁθέσμως
2767 3281 2914 3352 αὐτῷ
2942 3276 3359 3345 συνοικησάσης,
3393 3268 3703 3338 συγγενοῦς
3757 3265 3841 3359 06-

2273 3357 2373 3453 σης
2410 3357 2502 3434 τοῦ
2535 3378 2742 3447 Πατρός
2766 3393 2781 3406 σ
2809 3373 2933 3427 οὔτε
2981 3368 3134 3432 αὖθις
3161 3368 3226 3419 τὰ
3262 3363 3548 3418 δεινότατα
3605 3357 3839 3417 ὑποστὰς

2271 3451 2402 3545 παρ’
2427 3470 2588 3525 αὐτοῦ
2605 3473 2660 3522 ἐν
2677 3467 2933 3537 ἐξορίαις,
2950 3463 3040 3516 καὶ
3061 3460 3320 3527 εἱρκταῖς,
3339 3454 3434 3506 καὶ
3461 3451 3613 3520 λιμῷ
3630 3451 3840 3517 μακρῷ,

2271 3568 2506 3639 πληγαῖς
2541 3580 2598 3617 τε
2628 3566 2748 3625 ταῖς
2774 3560 2915 3615 κατὰ
2946 3558 3055 3611 τῶν
3081 3553 3287 3614 νώτων,
3309 3550 3407 3602 καὶ
3436 3546 3728 3639 παντοίας
3749 3559 3845 3594 κα-

2274 3635 2500 3721 κώσεσι,
2530 3651 2811 3723 καθυφῆκέ
2836 3668 2888 3703 τι
2923 3647 3017 3700 τοῦ
3049 3645 3191 3699 θείου
3215 3642 3403 3713 ζήλου,
3438 3640 3475 3707 ἢ
3500 3637 3642 3698 ὅλως
3671 3635 3843 3723 ἥττων

2274 3748 2427 3818 ὤφθη
2457 3749 2556 3816 τὴν
2586 3722 2851 3797 ἔνστασιν.
2872 3740 2947 3791 (ὶύ
2975 3737 3084 3807 γὰρ
3109 3732 3174 3805 ἦν
3214 3731 3447 3801 ἐλαφρὸν
3488 3729 3670 3782 δοκεῖν
3696 3722 3844 3793 ἀνδρὶ

2273 3838 2511 3908 τοσούτῳ
2526 3837 2621 3905 τὴν
2638 3831 2836 3902 ἀρετὴν
2854 3829 2915 3882 τὸ
2930 3827 3022 3881 τοῦ
3038 3822 3445 3879 Κωνσταντίνου
3468 3818 3842 3888 παράπτωμαο

2278 3933 2373 3986 καὶ
2402 3929 2510 3998 γάρ
2542 3928 2634 3979 ἀπ’
2664 3922 2826 3977 αὐτοῦ
2860 3920 3052 3973 τούτου
3081 3915 3175 3969 τοῦ
3210 3912 3475 3983 βασιλέως
3539 3908 3843 3979 ἀρξάμενον

2276 4024 2352 4084 είς
2380 4016 2764 4088 καταστροφὴν
2798 4011 3007 4083 μυρίων
3045 4006 3229 4078 ψυχῶν
3285 4003 3389 4072 ἤδη
3444 4001 3803 4071 προέὅαινειν
3826 4011 3840 4025 ο

2275 4111 2322 4162 οἱ
2351 4108 2459 4175 γὰρ
2490 4105 2674 4159 πολλοὶ
2700 4102 2808 4156 τῶν
2838 4099 3159 4171 ἀνθρώπων,
3210 4094 3303 4147 καὶ
3329 4092 3532 4161 μᾶλλον
3558 4092 3613 4144 οἱ
3665 4093 3842 4158 ἐμπα-

2275 4200 2539 4269 θέστεροι,
2570 4196 2820 4267 ἀφορμὴν
2837 4197 2901 4247 ἐκ
2921 4192 3108 4246 τούτου
3136 4180 3506 4258 λαμϐάνοντες
3534 4185 3619 4246 είς
3645 4181 3844 4250 ἐκπλή-

2280 4307 2447 4362 ρωσιν
2495 4289 2604 4341 τῶν
2635 4285 2947 4339 ἀκολάστων
2978 4280 3155 4334 αὐτῶν
3186 4274 3518 4345 ἐπιθυμιῶν,
3570 4272 3650 4335 ὡς
3704 4272 3845 4362 νόμῳ

2275 4358 2435 4448 δῆθεν
2464 4379 2530 4447 τῇ
2593 4372 2904 4445 παρανομίᾳ
2928 4369 3022 4423 τοῦ
3057 4368 3319 4440 βασιλέως
3346 4365 3590 4426 εἵποντο,
3627 4362 3729 4424 τὰς
3755 4358 3843 4429 μὲν

612 4481 737 4520 nem
778 4483 949 4537 usque
996 4468 1273 4522 dissensit.
1308 4469 1478 4522 Porro
1510 4484 1577 4522 ex
1621 4469 1781 4523 dictis
1824 4470 2165 4539 patriarchis,

2279 4474 2420 4527 κατὰ
2452 4470 2616 4540 νόμον
2652 4470 2753 4539 ’ήδη
2801 4464 3188 4533 συξευχθείσας
3228 4461 3414 4520 αὐτοῖς
3437 4458 3715 4524 γυναῖκας
3757 4452 3841 4540 ἐκ·

612 4558 769 4613 divus
805 4560 1019 4629 quidem
1066 4558 1325 4614 Tarasius
1366 4560 1487 4615 ideo
1522 4561 1929 4627 condescendit,
1975 4570 2030 4617 et
2072 4562 2176 4621 hoc

612 4649 860 4718 iniquum
918 4650 1261 4705 Constantini
1322 4650 1536 4707 facinus
1604 4652 1990 4717 dissimulatit,
2045 4654 2173 4723 quia

610 4740 923 4794 minabatur
952 4741 1090 4795 idem
1112 4741 1504 4797 Constantinus
1558 4743 1878 4811 imperator,
1923 4743 2029 4799 nisi
2062 4759 2175 4798 sua:

608 4831 874 4885 voluntati
902 4832 1117 4886 cederet
1139 4833 1469 4901 patriarcha,
1502 4849 1559 4888 se
1586 4833 1921 4902 superiorem
1941 4834 2175 4905 impera-

610 4930 790 4976 torum
815 4923 1066 4977 haeresim
1089 4924 1541 4985 instauraturum,
1575 4934 1628 4979 et
1652 4925 1988 4980 venerandas
2048 4940 2175 4979 san-

610 5023 842 5083 ctasque
889 5014 1154 5082 imagines
1195 5016 1375 5069 denuo
1403 5015 1831 5070 destructurum.
1885 5016 2175 5086 Propterea

610 5102 777 5173 igitur
809 5104 987 5158 visum
1016 5111 1099 5158 est
1124 5104 1174 5159 ei
1201 5104 1539 5175 aliquantum
1570 5105 1637 5160 de
1663 5104 1915 5160 districto
1936 5107 2061 5175 jure
2087 5123 2173 5161 re-

612 5195 848 5259 mittere,
887 5209 957 5250 ne
994 5196 1072 5250 rei
1098 5211 1368 5251 summam
1404 5197 1801 5265 pessumtlaret.
1848 5197 1916 5250 At
1952 5206 2175 5253 sanctus

611 5283 974 5363 Nicephorus,
1023 5302 1146 5341 cum
1195 5288 1348 5341 valde
1392 5296 1551 5341 antea
1595 5288 1886 5343 restitisset
1932 5290 2176 5359 regnanti

612 5384 739 5443 post
766 5374 1185 5430 Constantinum
1225 5375 1572 5447 Nicephoro;
1622 5387 1806 5447 postea
1834 5388 2017 5433 tamen
2046 5393 2176 5433 con-

614 5468 909 5521 tumaciam
969 5468 1135 5537 hujus
1181 5470 1488 5539 mentisque
1549 5471 1871 5541 pravitatem
1934 5472 2179 5540 apprime

614 5556 815 5621 sciens,
845 5559 1151 5628 timensque
1185 5574 1251 5614 ne
1277 5560 1566 5629 aliquando
1598 5576 1684 5615 res
1707 5575 1899 5615 omnes
1918 5560 2179 5615 ecclesia-

616 5647 783 5704 sticas
832 5649 1077 5706 turbaret
1115 5666 1181 5705 ac
1213 5654 1585 5721 permisceret,
1631 5651 2021 5708 condescendit
2062 5652 2179 5721 ipse

613 5754 856 5811 quoque,
899 5749 954 5797 et
1012 5752 1422 5799 exauctoratum
1484 5742 1778 5814 Josepbuut
1825 5740 2048 5813 recepit,
2093 5740 2173 5797 uti

2277 4538 2582 4625 ϐάλλοντες,
2614 4538 2805 4627 ἐτέρας
2850 4554 2908 4606 δὲ
2944 4553 3121 4622 ἇσπερ
3153 4543 3297 4618 εἶχον
3324 4543 3705 4611 καταθυμίους
3740 4538 3841 4591 εἰσ-

2277 4653 2607 4721 οικιζόμενοι
2653 4662 2665 4675 ·
2723 4643 2927 4712 ταύτην
2989 4641 3088 4711 τήν
3138 4639 3316 4709 λύμην
3365 4637 3449 4699 είς
3497 4634 3705 4693 πολλάς
3748 4628 3838 4699 ἠδη

2277 4742 2683 4814 διαδραμοῦσαν
2699 4736 2879 4809 χώρας
2894 4737 2921 4789 6
2929 4734 3035 4805 ρῶν
3051 4735 3079 4786 6
3106 4732 3276 4801 μέγας
3293 4729 3602 4798 Θεόδωρος,
3628 4722 3836 4792 ἐκένησὲ

2275 4854 2335 4889 τε
2364 4834 2505 4887 κατὰ
2547 4830 2644 4884 τοῦ
2686 4827 2944 4899 βασιλέως
2972 4824 3062 4877 τὸν
3089 4823 3230 4875 θεῖον
3276 4820 3465 4889 ζῆλον,
3491 4819 3569 4879 ὼς
3601 4816 3834 4884 εἴπομεν,

2276 4926 2371 4979 καὶ
2419 4923 2578 4994 μέχρι
2609 4920 2792 4982 τέλους
2826 4916 2987 4970 αὐτὸν
3015 4914 3337 4984 διετήρησεν
3364 4927 3382 4944 ο
3432 4911 3533 4963 καὶ
3563 4904 3721 4971 οὗτος
3754 4906 3836 4975 μὲν

2275 5035 2437 5071 ουτω.

2346 5108 2467 5161 Τῶν
2490 5107 2546 5160 δὲ
2574 5101 3048 5175 μνημονευθέντων
3077 5094 3436 5169 πατριαρχῶν
3493 5096 3524 5148 6
3555 5094 3661 5166 μὲν
3711 5091 3833 5149 θεῖος

2277 5198 2549 5269 Ταράσιος
2588 5195 2675 5248 διὰ
2695 5193 2851 5247 τοῦτο
2883 5189 3192 5260 συγκατῶη
3250 5188 3346 5241 καὶ
3396 5185 3720 5255 ἐφησύχασε
3771 5177 3834 5249 τῷ

2275 5289 2501 5357 τοιούτῳ
2520 5286 2741 5359 άθέσμῳ
2756 5284 2847 5338 τοῦ
2871 5280 3277 5336 Κωνσταντίνου
3295 5276 3833 5350 δραματουργήματι,

2279 5376 2469 5447 ἐπειδὴ
2505 5374 2720 5445 ἠπείλει
2750 5375 2778 5427 6
2805 5371 2967 5435 αὐτὸς
2998 5371 3412 5432 Κωνσταντῖνος
3438 5369 3470 5419 6
3503 5365 3771 5437 βασιλεὺς,
3792 5360 3830 5410 εἰ

2283 5470 2383 5539 μὲν
2414 5468 2491 5538 τῷ
2554 5465 2718 5520 αὑτοῦ
2762 5463 3025 5533 θελήματι
3087 5458 3359 5528 ὑποκύψει
3400 5460 3428 5511 6
3483 5456 3832 5528 πατριάρχης.

2275 5561 2383 5614 τῶν
2417 5558 2641 5629 ἔναγχος
2676 5554 3105 5626 βασιλευσάντων
3136 5551 3231 5622 τὴν
3274 5550 3496 5618 αἵρεσιν
3549 5544 3831 5602 ἀνανεὼςαο

2279 5651 2425 5713 σθαι,
2474 5651 2565 5703 καὶ
2608 5649 2704 5712 τὰς
2736 5646 2935 5709 σεπτὰς
2963 5645 3058 5699 καὶ
3082 5642 3245 5710 ἁγίας
3280 5640 3508 5704 είκόνας
3538 5640 3700 5693 πάλιν
3725 5632 3833 5687 καθ’

2279 5742 2552 5815 αιρήσειψ
2603 5741 2794 5796 τούτου
2842 5735 2935 5795 οὖν
2990 5734 3167 5802 ἔδοξεν
3217 5734 3412 5789 ἕνεκεν
3455 5732 3614 5805 αὐτῷ
3670 5725 3831 5803 tu“?t1
