3976 6314
134 386 286 445 3853

1220 395 1317 454 DE
1355 391 1774 454 SCHISMATE
1813 387 2308 449 STUDlTARUM

3264 389 3398 451 1854

122 496 403 551 ἐνδοῦναι
438 497 541 568 τῆς
565 499 972 570 ἀκριϐείας,ῐνα
1004 499 1078 571 μὴ
1093 500 1354 554 ἀπολέσαι
1380 501 1448 553 τὰ
1481 498 1710 570 μέγιστα

1830 494 2033 548 dictum
2077 502 2179 548 est.
2218 492 2599 548 Verumtamen
2639 504 2822 549 utrum
2871 511 3096 567 magnus
3137 495 3388 554 Theodo-

125 589 156 637 6
187 587 252 638 δὲ
287 589 355 638 ὲν
397 589 580 655 ἁγίοις
603 589 652 641 Ν
659 592 916 663 ικηφόρος
947 591 1119 644 πολλὰ
1148 593 1411 661 πρότερον
1443 591 1732 643 ἀντικαταο

124 679 275 739 στὰς
321 678 414 748 τῷ
451 679 586 748 μετά
607 682 778 734 ταῦτα
799 683 1174 752 βασιλεύσαντι
1193 682 1509 752 Νικηφόρῳ,
1541 679 1732 732 ἔπειτα

120 766 188 817 τὸ
263 765 592 835 δύστροπον
632 770 799 823 αὐτοῦ
837 773 928 823 καὶ
960 771 1021 823 τὸ
1057 771 1156 839 τῆς
1188 771 1412 840 γνώμης
1439 768 1730 830 κακοθελὲς

119 857 406 927 ἀκριϐῶς
439 859 814 929 ἐπιστάμενος,
847 861 940 913 καὶ
970 860 1320 931 ὑφορώμενος
1376 860 1450 929 μή
1482 875 1615 912 ποτε
1633 874 1731 910 τα-

123 949 286 1020 ράξῃ
321 949 438 1000 καὶ
467 949 667 1019 συγχέῃ
712 949 888 1003 πάντα
913 951 980 1003 τὰ
1011 950 1454 1018 ὲκκλησιαστικά,
1483 963 1732 1015 συγκατ-

116 1037 232 1104 έ6η
283 1039 396 1090 καὶ
442 1038 621 1105 αὐτὸς,
663 1041 758 1092 καὶ
805 1040 1021 1104 ἐδέξατο
1073 1040 1164 1090 τὸν
1193 1037 1568 1107 καθῃρημένον
1621 1036 1730 1088 Ἰω-

120 1128 273 1198 σὴφ,
309 1128 403 1192 ὡς
437 1130 758 1199 προείρηται
786 1146 800 1159 ·
834 1130 971 1197 πλὴν
1005 1130 1112 1181 εἴτε
1159 1131 1186 1181 6
1244 1129 1414 1196 μέγας
1457 1126 1728 1195 Θεόδωρος

115 1220 411 1288 κρεῖττον
463 1218 666 1283 ἔπραξε
700 1219 1219 1288 παρρησιασάμενος
1251 1216 1390 1270 κατά
1419 1219 1517 1283 τῆς
1551 1232 1728 1285 παρα-

114 1309 342 1376 νομίας
393 1308 490 1360 καὶ
514 1308 670 1377 μέχρι
702 1309 884 1370 τέλους
912 1307 1100 1369 ἐνστὰς
1121 1347 1136 1372 ,
1168 1307 1294 1359 εἴτε
1321 1308 1371 1358 οἱ
1393 1309 1725 1374 πατριάρχαι

115 1398 606 1464 συγκαταϐάντες
634 1399 720 1450 διὰ
771 1400 871 1462 τὰς
910 1399 1205 1468 εἰρημένας
1260 1398 1457 1461 αἰτίας,
1522 1395 1726 1463 ἑτέροις

112 1488 474 1556 δοκιμάζειν
493 1489 909 1558 καταλείψομεν,
936 1491 1046 1551 τοῖς
1087 1489 1267 1557 έχουσι
1294 1488 1384 1540 τὸν
1415 1485 1606 1555 λύχνον
1627 1484 1724 1551 τῆς

111 1577 415 1645 γνώσεως
447 1579 504 1630 ἐν
543 1581 756 1641 ἑαυτοῖς
805 1579 1082 1647 φαίνοντα,
1129 1580 1224 1630 καὶ
1279 1576 1608 1647 ἐρρωμένοις
1656 1576 1725 1630 τὰ

111 1671 226 1738 τῆς
260 1668 458 1737 ψυχῆς
476 1670 798 1739 αἰσθητήρια
824 1669 954 1738 πρὸς
969 1672 1067 1738 τὴν
1096 1669 1204 1720 τῶν
1231 1668 1484 1722 τοιούτων
1514 1668 1723 1737 διάκρι-

115 1776 214 1811 σιν
252 1775 269 1788 σ
313 1759 449 1811 ἐπεὶ
478 1761 571 1812 καὶ
597 1763 685 1812 τὸν
718 1761 872 1827 ἅγιον
919 1759 1232 1827 Ἐπιφάνιον
1267 1758 1357 1812 τὸν
1377 1758 1602 1827 Κύπρου
1631 1758 1723 1810 εύ-

1831 600 1926 639 rus
1955 584 2149 637 melius
2189 599 2246 638 se
2280 585 2508 653 gesserit
2550 585 2754 653 ﬂagitio
2788 586 3082 644 adversans
3117 598 3171 644 et
3221 607 3395 661 usque

1830 674 1897 728 ad
1954 674 2114 727 ﬁnem
2163 673 2456 740 resistens;
2508 691 2573 728 an
2634 675 2817 745 potius
2874 677 2982 731 duo
3043 679 3388 747 patriarchae,

1829 767 2005 821 dictas
2036 767 2105 818 ob
2146 780 2342 819 causas
2382 766 2899 830 condescendentes,
2934 767 3056 822 aliis
3079 768 3391 837 dijudiean-

1829 859 1956 912 dum
2003 856 2400 926 permittemus,
2453 857 2544 925 qui
2574 857 2813 910 scientiae
2858 857 3135 911 lucernam
3187 861 3389 916 habent

1829 949 1970 1018 apud
2000 964 2059 1002 se
2084 949 2432 1010 relucentem,
2470 949 2742 1016 tinuoque
2771 948 2964 1001 animae
2982 963 3146 1002 sensu
3177 952 3386 1018 praediti

1829 1047 1957 1092 sunt
1990 1039 2068 1092 ad
2120 1039 2234 1093 haec
2283 1039 2662 1094 discernenda.
2719 1037 2961 1108 Namque
3019 1048 3072 1093 et
3135 1050 3384 1096 sanctum

1828 1127 1983 1198 Cypri
2053 1128 2410 1197 Epiphanium
2485 1129 2871 1195 comperimus,
2944 1144 3126 1197 parem
3188 1146 3387 1200 magno

1827 1216 2107 1271 Theodoro
2153 1219 2350 1282 zelum,
2413 1226 2466 1272 et
2511 1219 2768 1272 invictum
2808 1219 3093 1273 resistendi
3143 1221 3382 1288 vigorem

1826 1308 2230 1374 exprompsisse
2281 1316 2468 1362 contra
2519 1306 2821 1361 Eudoxiam
2873 1319 3205 1378 augustam:
3265 1325 3386 1377 qua:

1824 1395 1952 1450 dum
1980 1397 2270 1466 aliquando
2293 1401 2593 1451 minaretur
2631 1398 2900 1452 idolorum
2947 1399 3143 1467 templa
3170 1414 3229 1454 se
3268 1399 3385 1453 fore

1825 1495 2211 1550 reseraturam,
2251 1487 2354 1540 nisi
2386 1487 2544 1540 divus
2595 1486 3013 1557 Chrysostomus
3049 1488 3104 1540 in
3129 1487 3381 1542 exsilium

1825 1573 2132 1642 pelleretur,
2159 1573 2298 1626 haud
2317 1573 2500 1626 animo
2524 1574 2764 1627 concidit
2780 1589 2954 1643 neque
2975 1575 3141 1628 cessit
3158 1576 3382 1628 omnino

1824 1663 1908 1714 vir
1939 1672 2194 1726 sanctus;
2228 1663 2319 1716 sed
2354 1663 2540 1717 dicens
2579 1681 2593 1716 :
2627 1662 2860 1717 Mundus
2889 1678 2989 1732 ego
3021 1681 3140 1718 sum
3184 1665 3250 1719 ab
3279 1666 3381 1722 hoc

1821 1749 2049 1817 judicio,
2083 1750 2354 1812 discessit,
2385 1751 2596 1818 plenam
2624 1751 2829 1804 irarum
2849 1753 3020 1821 ipsam
3041 1754 3378 1821 relinquens.

116 1848 443 1917 ρίσκομεν,
476 1847 565 1899 τὸν
592 1847 752 1900 αὑτὸν
777 1847 854 1917 τῷ
891 1847 1110 1916 μεγάλῳ
1149 1846 1405 1917 Θεοδώρῳ
1440 1832 1599 1914 ζῆλον
1625 1846 1713 1898 καὶ

1823 1839 1996 1892 Aliam
2030 1854 2246 1906 quoque
2276 1839 2346 1893 ob
2379 1854 2600 1892 causam
2629 1839 2850 1901 dicitur,
2880 1840 2948 1893 ab
2972 1840 3266 1894 illustribus
3292 1857 3384 1910 pa-

113 1937 408 1990 ἔνστασιν
435 1938 700 2006 ἀήττητον
739 1936 1109 2005 ἐνδειξάμενον
1141 1937 1276 2005 πρὸς
1320 1936 1418 2006 τὴν
1477 1936 1720 2005 βασίλισ-

116 2043 232 2080 σαν
273 2027 543 2091 Εύδοξίαν
568 2042 583 2058 ο
616 2025 944 2096 ἀπειλούσης
989 2026 1097 2097 γὰρ
1125 2027 1382 2097 κάκείνης
1418 2027 1568 2088 ποτὲ,
1597 2027 1722 2087 τοὺς

112 2119 243 2170 τῶν
269 2117 518 2170 εἰδώλων
552 2120 710 2181 ναοὺς
753 2118 1007 2186 ἀνοίγειν,
1039 2121 1086 2170 εἰ
1126 2118 1199 2188 μὴ
1256 2121 1283 2171 6
1327 2118 1464 2181 θεῖος
1515 2119 1721 2188 Χρυσό-

118 2224 355 2277 στομος
383 2207 652 2278 ὲξορισθῇ,
684 2207 744 2260 οὐ
775 2206 1130 2275 κατέπτηξεν,
1149 2207 1268 2259 οὐδὲ
1300 2207 1559 2259 ἐνέδωκεν
1583 2207 1718 2269 ὅλως

113 2297 146 2348 6
181 2294 400 2362 ἆγιος·
435 2296 545 2346 ἀλλ’
587 2294 776 2359 εἰπὼν,
812 2294 1011 2356 Ἀθῶός
1040 2297 1155 2361 εἰμι
1193 2295 1299 2347 ἀπὸ
1353 2293 1450 2363 τῆς
1486 2294 1719 2364 κρίσεως

113 2385 380 2455 ταύτης,
422 2385 633 2452 ἐξῆλθε,
655 2383 825 2453 θυμοῦ
866 2386 1132 2438 πνέουσαν
1158 2384 1489 2453 καταλείψας
1519 2385 1712 2455 αὑτήν.

119 2478 394 2545 Λέγεται
427 2476 482 2529 δὲ
511 2477 592 2528 ὅτι
615 2475 680 2527 δι’
715 2476 905 2544 ἑτέραν
941 2476 1120 2527 αἰτίαν
1164 2475 1270 2528 ἀπὸ
1307 2475 1416 2527 τῶν
1460 2475 1717 2543 ἀοιδίμων

120 2566 514 2639 πατριάρχῶν
547 2568 574 2619 6
614 2567 671 2616 ἐν
701 2567 878 2634 ἁγίοις
907 2565 1181 2634 Θεόδωρος
1215 2565 1504 2637 ἀπερράγη
1529 2581 1543 2596 ⁸
1579 2567 1611 2634 ἡ
1660 2565 1716 2619 δὲ

114 2656 219 2725 ἦν,
264 2659 384 2721 ὅτι,
411 2657 594 2725 φησὶν,
629 2657 735 2708 ἀπὸ
757 2657 960 2709 λαῖκῶν
988 2657 1146 2717 εὐθὺς
1169 2659 1248 2718 εἰς
1270 2658 1362 2710 τὸν
1388 2673 1709 2727 πατριαρχισ

121 2747 232 2799 κὸν
272 2746 471 2817 θρόνον
505 2744 959 2812 ἁνεϐιὸἁσθησαν,
993 2745 1084 2796 καὶ
1134 2745 1192 2796 οὐ
1225 2745 1363 2797 κατὰ
1398 2743 1597 2812 θεσμὸν
1621 2747 1712 2796 ἐκ·

115 2837 535 2907 κλησιαστικὸν
562 2835 776 2903 ἐγένετο
827 2838 858 2903 ἡ
885 2835 1088 2888 τούτων
1119 2835 1423 2904 χειροτονία
1446 2853 1459 2866 ο
1497 2835 1630 2902 πρὸς
1657 2835 1712 2886 δὲ

117 2927 300 2980 τοῦτο
333 2926 675 2992 ἀπολογεῖται
709 2928 736 2977 6
764 2926 831 2978 τὰ
859 2928 978 2978 κατ’
1007 2926 1202 2986 αὐτοὺς
1237 2925 1710 2994 συγγραψάμενος,

121 3018 217 3068 ὅτι
253 3016 311 3066 οἱ
349 3013 480 3066 θεῖοι
511 3015 734 3075 κανόνες
763 3013 861 3065 οὐκ
888 3012 1234 3066 ἀποκλείουσι
1266 3012 1441 3078 πάντη
1470 3012 1530 3062 τὸ
1579 3011 1713 3079 πρᾶ-

119 3118 278 3173 γμα·
297 3103 414 3156 ἀλλ’
439 3102 777 3173 ὑφορώμενοι
792 3103 862 3171 μή
882 3120 996 3164 πως
1014 3102 1235 3172 ἄπειρος
1248 3101 1320 3152 ὢν
1340 3103 1366 3153 6
1382 3100 1711 3170 χειροτονού-

123 3212 312 3265 μενος
343 3194 451 3246 τῶν
475 3198 539 3264 τῇ
582 3190 845 3264 ἱερωσύνῃ
879 3192 1242 3261 καθηκόντων,
1271 3194 1348 3254 εἰς
1398 3191 1601 3243 πτῶσιν
1623 3192 1708 3241 εν-

124 3289 286 3355 ἑγκῃ
316 3285 385 3337 τὰ
413 3282 862 3351 ὲκκληςιαστικά·
883 3273 1028 3334 οῦτοι
1051 3281 1126 3344 δὲ,
1146 3283 1174 3333 6
1194 3282 1385 3349 μέγας,
1416 3279 1580 3348 φημὶ,
1607 3280 1704 3330 Τα-

126 3377 336 3446 ράσιος
361 3375 452 3425 καὶ
482 3375 508 3425 6
540 3372 680 3432 θεῖος
712 3369 1042 3441 Νικηφόρος,
1083 3371 1161 3431 είς
1183 3369 1248 3425 τὰ
1278 3370 1463 3439 πρόσω
1509 3368 1711 3436 βαίνειν

123 3468 236 3537 τὴν
291 3464 613 3534 Ἐκκλησίαν
647 3460 998 3530 πεποιήκασι,
1045 3464 1140 3512 καὶ
1171 3460 1344 3512 πάντα
1387 3459 1564 3521 καλῶς
1617 3461 1710 3512 καὶ

124 3555 425 3624 ὲνθέσμως
460 3553 728 3626 ἔπραττον
751 3566 764 3580 '
793 3553 884 3602 καὶ
904 3551 990 3603 διὰ
1024 3550 1178 3603 τοῦτο
1205 3551 1303 3619 οὐχ
1330 3551 1558 3602 ἅπτεται
1608 3551 1708 3601 αὑ-

124 3649 251 3700 τῶν
316 3647 344 3698 6
382 3645 578 3698 κανών.
628 3643 818 3695 Ίστέον
869 3642 1052 3710 μέντοι
1085 3643 1164 3694 ὅτι
1211 3641 1271 3692 τὸ
1341 3639 1707 3711 προσκροῦσαι

125 3739 255 3800 τοῖς
284 3736 543 3804 ἀοιδίμοις
578 3725 942 3803 πατριάρχαις
981 3731 1072 3783 τὸν
1119 3731 1290 3800 μέγαν
1317 3730 1589 3800 Θεόδωρον
1644 3730 1707 3780 ἐκ

127 3825 279 3878 Θεοῦ
311 3824 810 3894 κεκινημένοις,καὶ
829 3822 1020 3892 μικρὸν
1048 3821 1253 3874 ἐνδοῦσι
1277 3821 1374 3889 τῆς
1400 3817 1702 3887 ἀκριϐείας,

127 3918 228 3970 διὰ
255 3917 319 3968 τὸ
359 3915 432 3985 μὴ
450 3913 699 3982 γενέσθαι
733 3915 952 3982 μείζονα
988 3911 1206 3982 βλάϐην,
1235 3913 1328 3963 xal.
1360 3911 1547 3963 ἑαυτὸν
1573 3910 1706 3960 ἁπο-

133 4007 331 4077 σχίσαι
359 4006 457 4074 τῆς
494 4004 834 4067 Ἐκκλησίας,
875 4005 934 4055 οὐ
972 4003 1165 4073 μικρὸν
1196 4002 1395 4070 πτῶμα
1428 4001 1541 4062 τοῖς
1588 4001 1700 4052 Πα-

131 4099 339 4167 τράσιν
383 4095 556 4158 ἔδοξεν
584 4111 598 4124 ο
632 4093 745 4146 ἀλλ’
794 4095 943 4163 ὅμως
981 4093 1142 4145 πάλιν
1197 4091 1564 4162 διωρθώσατο,
1628 4091 1704 4152 ὼς

133 4187 468 4258 προείρηται
504 4203 520 4218 ο
553 4184 645 4238 καὶ
667 4185 815 4252 δηλοῖ
847 4187 943 4254 μὲν
976 4185 1134 4239 τοῦτο
1164 4187 1194 4253 ἡ
1221 4185 1328 4237 τῶν
1374 4183 1494 4236 κατ’
1543 4181 1703 4234 αὑτὸν

136 4279 359 4347 ἱστορία
387 4294 400 4306 ·
435 4278 581 4347 δηλοῖ
605 4276 659 4327 δὲ
687 4277 781 4328 καὶ
825 4279 852 4328 6
896 4277 1064 4344 μέγας
1095 4276 1354 4337 Μεθόδιος
1389 4276 1445 4326 ὲν
1472 4272 1548 4342 τῷ
1601 4273 1699 4342 ἠδη

138 4384 254 4434 μνη
267 4364 575 4435 μονευθέντι
598 4364 736 4433 λόγῳ
759 4363 920 4416 αὑτοῦ
953 4364 1030 4432 τῷ
1056 4365 1189 4433 πρὸς
1214 4365 1340 4425 τοὺς
1379 4362 1662 4436 Στουδίτας
1684 4377 1697 4390 °

1825 1927 2078 1981 triarchis
2101 1925 2387 1980 dissidium
2414 1926 2608 1980 fecisse
2630 1935 2849 1980 sanctus
2870 1928 3225 1992 Theodorus;
3250 1929 3380 1997 quia

1821 2016 2067 2070 videlicet
2096 2015 2159 2069 de
2192 2025 2336 2070 ccetu
2371 2015 2573 2080 laicali,
2619 2025 2679 2069 ut
2705 2016 2904 2080 aiebat,
2946 2016 3011 2070 ad
3043 2018 3381 2086 patriarcha-

1821 2108 1922 2160 lem
1954 2108 2130 2161 sedem
2159 2105 2370 2159 fuerant
2404 2106 2692 2173 assumpti,
2729 2120 2901 2174 neque
2942 2121 3132 2160 eorum
3182 2108 3380 2162 electio

1819 2196 1883 2248 ad
1913 2194 2054 2263 juris
2075 2193 2429 2248 ecclesiastici
2453 2193 2722 2246 tramitem
2752 2192 2911 2247 facta.
2935 2192 3053 2249 Jain
3080 2211 3212 2250 vero
3247 2197 3378 2252 huic

1818 2294 2132 2352 argumento
2165 2283 2456 2352 respondet
2493 2283 2583 2337 ille
2642 2286 2734 2351 qui
2785 2285 2976 2338 horum
3043 2301 3133 2340 res
3196 2298 3375 2356 gestas

1817 2375 2052 2445 scripsit,
2087 2388 2281 2444 nempe
2308 2389 2496 2430 saeros
2521 2390 2757 2430 canones
2783 2377 2923 2429 haud
2958 2377 3204 2432 districte
3232 2380 3377 2433 hanc

1815 2481 1926 2518 rem
1949 2474 2130 2520 vetare
2165 2484 2178 2520 :
2212 2466 2303 2520 sed
2348 2475 2593 2521 verentes
2638 2474 2876 2531 tantum,
2920 2482 2988 2520 ne
3023 2467 3067 2521 si
3110 2468 3247 2521 forte
3283 2484 3375 2523 sa-

1815 2557 2109 2611 cerdotalis
2136 2557 2293 2611 oﬂicii
2326 2559 2547 2628 ignarus
2578 2558 2892 2626 eligeretur,
2930 2573 3017 2612 res
3043 2558 3381 2612 ecclesiasti-

1814 2661 1904 2699 cas
1947 2650 2340 2716 pessumdaret.
2379 2650 2446 2702 At
2493 2648 2638 2701 enim
2693 2647 2772 2714 bi,
2828 2662 3079 2716 magnus,
3122 2647 3368 2716 inquam,

1815 2734 2073 2790 Tarasius
2103 2745 2156 2790 et
2183 2737 2340 2790 divus
2371 2735 2727 2804 Nicephorus,
2758 2752 2871 2791 rem
2902 2736 3011 2789 imo
3039 2737 3375 2790 ecclesiasti-

1812 2842 1929 2878 cam
1952 2827 2004 2878 in
2029 2828 2219 2880 melius
2256 2835 2635 2892 provexeruut,
2671 2837 2832 2896 atque
2854 2828 3034 2879 omnia
3058 2836 3205 2880 recte
3237 2826 3372 2895 legi-

1813 2915 2051 2983 timeque
2077 2923 2380 2983 gesserunt.
2413 2916 2647 2985 Ideoque
2679 2917 2826 2985 ipsos
2849 2931 3023 2969 canon
3057 2930 3166 2969 non
3197 2915 3373 2970 attin-

1812 3005 1906 3073 git.
1934 3006 2222 3060 Sciendum
2254 3021 2384 3060 vero
2417 3015 2518 3068 est,
2551 3008 2732 3076 magni
2764 3006 3031 3068 Theodori
3052 3008 3373 3061 obluctatio-

1816 3109 1937 3146 nem
1961 3093 2219 3148 adversus
2242 3095 2479 3149 illustres
2497 3096 2858 3164 patriarchas,
2883 3098 2975 3166 qui
2999 3097 3090 3150 Dei
3108 3097 3373 3152 instinctu

1813 3184 2144 3251 aliquantum
2176 3184 2244 3237 de
2288 3186 2463 3254 rigore
2493 3187 2822 3240 remiserunt
2875 3204 2939 3240 ne
2983 3189 3163 3257 majus
3207 3189 3375 3242 detri-

1813 3281 2049 3324 mentum
2078 3272 2252 3338 ﬁeret,
2288 3281 2453 3342 atque
2483 3275 2727 3342 ejusdem
2750 3277 2815 3330 ab
2841 3276 3082 3331 Ecclesia
3108 3277 3376 3332 secessio.

1813 3373 1956 3424 nem,
1997 3358 2168 3412 visam
2195 3377 2313 3416 esse
2332 3361 2581 3417 Patribus
2611 3365 2751 3417 haud
2777 3368 3104 3419 mediocrem
3137 3382 3368 3423 noxam.

1814 3444 1916 3500 Sed
1960 3458 2138 3502 tamen
2171 3458 2352 3504 actum
2405 3454 2659 3517 correxit,
2702 3465 2760 3506 ut
2798 3469 2969 3521 supra
3018 3453 3224 3509 dictum
3263 3465 3369 3522 est,

1810 3551 1974 3607 atque
2015 3551 2072 3594 ut
2111 3543 2302 3595 borum
2360 3543 2586 3597 historia
2633 3546 2990 3600 demonstrat.
3029 3546 3278 3602 Ostendit
3318 3548 3371 3602 id

1810 3645 2038 3700 magnus
2068 3647 2286 3701 quoque
2320 3632 2632 3690 Methodius
2675 3637 2727 3689 in
2765 3648 3066 3692 memorato
3115 3654 3368 3694 sermone

1810 3734 1910 3772 suo
1950 3721 2016 3773 ad
2046 3717 2329 3777 Studitas:
2366 3735 2553 3778 narrat
2581 3728 2725 3780 enim
2768 3725 3112 3782 Theodorum
3147 3739 3369 3784 senten-

1811 3812 1939 3863 tiam
1979 3827 2132 3864 suam
2158 3812 2502 3880 immutasse,
2538 3831 2644 3884 qua
2681 3817 2940 3886 abreptus
2983 3818 3179 3881 fuerat,
3218 3825 3272 3873 et
3310 3833 3371 3873 se

1808 3917 1931 3955 cum
1979 3901 2220 3956 Ecclesia
2267 3907 2700 3962 recnnciliasse:
2742 3917 2795 3961 et
2842 3909 2986 3962 circa
3034 3910 3158 3963 vita:
3207 3911 3368 3963 ﬁnem

1806 3995 2032 4046 multam
2060 3995 2227 4048 animi
2261 3998 2725 4064 conjunctioncm,
2761 4001 3082 4055 eharitatem
3118 4016 3182 4056 ac
3209 4000 3362 4055 fami-

1807 4085 2092 4138 liaritatem
2125 4101 2439 4155 perpetuam
2493 4105 2615 4144 cum
2646 4092 2841 4146 illustri
2863 4095 3168 4163 patriarcha
3198 4092 3367 4149 Nice-

1805 4179 1976 4246 plioro
2013 4177 2233 4232 fovisse.
2280 4177 2443 4249 Igitur
2473 4182 2524 4234 in
2575 4199 2638 4237 eo
2670 4187 2997 4255 completum
3048 4196 3128 4240 est
3173 4188 3368 4256 psalmi

1805 4268 1936 4320 illud
1968 4270 2033 4322 de
2056 4269 2206 4337 justo
2251 4271 2471 4326 homine
2504 4274 2731 4342 dictum,
2771 4280 2915 4346 quod
2953 4295 3068 4329 cum
3099 4278 3366 4334 reciderit.

1805 4375 1906 4413 non
1924 4359 2220 4422 collidatur,
2237 4362 2359 4430 quia
2373 4362 2629 4417 Dominus
2643 4371 2883 4434 supponit
2905 4385 3116 4420 manum
3132 4385 3283 4422 suam
3298 4369 3365 4423 ⁸⁸.

132 4458 407 4527 διηγεῖται
438 4455 544 4523 γὰρ
572 4456 652 4506 ὅτι
685 4454 844 4507 πάλιν
869 4455 1100 4525 ἠθέτησε
1126 4455 1220 4526 τὴν
1238 4455 1460 4522 γνώμην
1490 4455 1553 4523 ἢν
1581 4453 1702 4522 ἔσχε

1816 4451 1944 4503 Nam
1983 4450 2029 4503 si
2057 4452 2140 4504 vel
2167 4453 2387 4507 cuilibet
2415 4457 2681 4509 sacerdoti
2705 4458 3001 4522 adversari,
3034 4470 3257 4528 excepta
3283 4460 3368 4514 ni-

135 4547 289 4599 κατά
329 4545 701 4614 συναρπαγὴν,
732 4546 825 4596 καὶ
853 4548 916 4614 τῇ
967 4547 1257 4616 Ἐκκλησία
1289 4545 1536 4614 συνήφθη
1567 4563 1579 4576 ο
1607 4545 1701 4596 καὶ

132 4639 224 4690 ὅτι
257 4636 394 4706 πρὸς
422 4635 499 4704 τῷ
529 4635 670 4687 τέλει
696 4633 854 4686 αὐτοῦ
880 4634 1076 4704 πολλὴν
1107 4637 1298 4688 ἕνωσιν
1351 4636 1448 4688 καὶ
1482 4635 1700 4706 ἀγάπην

135 4729 237 4781 καὶ
267 4725 577 4794 συνομιλίαν
611 4725 829 4776 ἁὲνναον
857 4725 994 4792 μετά
1035 4727 1347 4796 Νικηφόρον
1391 4726 1483 4778 τοῦ
1535 4726 1702 4780 ἀοιδί-

139 4835 250 4887 μου
289 4815 626 4884 πατριάρχου
661 4815 923 4884 ἐκέκτητο
949 4829 962 4843 ·
994 4816 1283 4886 ἐπληρώθη
1320 4816 1449 4882 γοῦν
1482 4817 1566 4869 ἐπ’
1597 4818 1698 4870 αὑ-

134 4907 220 4976 τῷ
273 4905 334 4958 τὸ
360 4907 415 4957 ὲν
447 4905 693 4973 Ψαλμοῖς
727 4903 1011 4972 εἰρημένον
1041 4906 1169 4974 περὶ
1204 4904 1296 4956 τοῦ
1324 4903 1562 4972 δικαίου,
1620 4907 1702 4957 ὅτι

138 4995 332 5048 Ὅταν
360 4993 627 5061 πέσῃ,οὺ
646 4989 1210 5058 καταρῤαχθήσεται,
1239 4991 1328 5044 ὅτι
1354 4993 1565 5060 Κύριος
1595 4994 1702 5047 ἀν-

140 5081 456 5151 τιστηρίζει
518 5081 682 5150 χεζοα
738 5079 960 5135 αὺτοῦ·
1011 5081 1188 5151 εἰγάρ
1215 5081 1276 5133 τὸ
1333 5083 1702 5153 προσκροῦσαι

140 5175 239 5226 καὶ
267 5172 344 5240 τῷ
371 5173 583 5238 τυχόντι
609 5170 767 5238 ἱερεῖ,
811 5168 937 5221 ἄνευ
965 5167 1160 5238 δηλαδὴ
1188 5169 1470 5237 αἱρέσεως,
1529 5170 1700 5239 μέγαν

141 5266 259 5335 ἔχει
289 5265 381 5316 τὸν
425 5263 687 5325 κίνδυνον,
732 5261 961 5328 πηλίκον
1015 5255 1083 5328 ἦν
1133 5261 1193 5313 τὸ
1246 5262 1380 5331 πρὸς
1428 5264 1698 5330 τοιούτους

1812 4542 2011 4595 mirum
2042 4543 2255 4606 haeresi,
2284 4559 2609 4614 magnOpere
2638 4549 3006 4615 periculosum
3037 4559 3139 4615 est,
3173 4553 3362 4618 quanti

1812 4633 2069 4686 momenti
2089 4632 2305 4687 demum
2339 4634 2442 4687 fuit
2470 4635 2665 4690 talibus
2688 4637 2965 4693 adversari
2996 4641 3364 4708 pontiﬁcibus,

1809 4722 2148 4789 pontiﬁcum,
2179 4725 2419 4792 inquam,
2441 4723 2810 4793 pontiﬁcibus,
2840 4727 2919 4780 vel
2952 4730 3131 4795 potius
3150 4738 3368 4797 aposto-

1809 4814 1898 4879 lis,
1941 4823 2000 4867 ut
2041 4831 2265 4883 magnus
2294 4817 2536 4884 loquitur
2564 4815 2896 4887 Dionysius?
2926 4817 3040 4873 Hoc
3068 4831 3247 4874 autem
3283 4823 3367 4877 di-

1807 4920 1907 4960 vus
1942 4921 2158 4976 quoque
2190 4907 2494 4962 Methodius
2525 4909 2700 4962 sancti
2727 4910 2830 4962 viri
2863 4910 3160 4979 discipulis,
3193 4912 3244 4966 id
3281 4924 3366 4969 est

1811 4995 2058 5060 Studitis,
2081 4998 2228 5066 juste
2251 4999 2468 5066 obiecit,
2488 4998 2565 5053 sic
2585 5000 2768 5054 dicens
2803 5018 2815 5052 :
2849 4998 2928 5052 Tu
2960 5002 3255 5055 monachus
3281 5020 3364 5068 es,

1809 5104 1982 5157 neque
2012 5089 2105 5143 tibi
2134 5091 2615 5145 licetsacerdotum
2645 5106 2730 5144 res
2751 5092 3015 5156 scrutari;
3040 5093 3132 5147 sed
3159 5101 3207 5146 te
3229 5094 3364 5148 sub-

1802 5179 2004 5248 jectum
2045 5196 2164 5236 esse
2185 5191 2415 5251 oportet,
2441 5197 2549 5235 non
2575 5183 2710 5236 alios
2733 5181 3002 5249 subjicere
3027 5193 3121 5238 aut
3145 5186 3360 5239 eventi-

1810 5275 1945 5328 lare.

141 5358 418 5426 ἀρχιερεῖς
451 5355 608 5408 τοῦτο
663 5354 935 5421 γενέσθαι.
967 5354 1061 5405 καὶ
1095 5353 1392 5422 ἀρχιερέων
1432 5357 1726 5427 ἀρχιερεῖς,
1772 5366 1970 5430 μᾶλλον
1998 5367 2054 5419 δὲ
2091 5369 2185 5420 καὶ
2219 5366 2544 5430 ἀποστόλους
2579 5367 2796 5432 αὐτοὺς,
2845 5365 2988 5419 κατὰ
3048 5366 3141 5419 τὸν
3187 5365 3360 5435 μέγαν

134 5445 456 5508 Διονύσιον;
509 5443 666 5496 τοῦτο
712 5445 819 5512 γὰρ
866 5445 1003 5495 καὶὸ
1041 5444 1179 5505 θεῖος
1229 5443 1488 5507 Μεθοδιος
1541 5448 1674 5516 πρὸς
1709 5454 1831 5517 τοὺς
1877 5457 1968 5509 τοῦ
2035 5459 2190 5526 ἁγίου
2235 5458 2501 5527 μαθητὰς,
2552 5460 2677 5520 τοὺς
2717 5457 3000 5519 Στουδίτας
3056 5457 3219 5526 φημὶ,
3274 5458 3357 5509 δι-

138 5539 312 5600 καίως
341 5535 698 5606 προτείνεται,
734 5535 904 5602 λέγων
925 5535 1094 5597 οὕτως
1120 5552 1132 5564 ·
1169 5534 1240 5586 Σὺ
1284 5534 1513 5603 μοναχὸς
1539 5533 1607 5602 εἴ,
1645 5542 1735 5593 καὶ
1773 5547 1869 5597 οὐκ
1901 5548 2076 5612 ἔξεστί
2147 5566 2229 5603 σοι
2263 5549 2535 5614 ἐξετάζειν
2584 5548 2653 5601 τὰ
2694 5546 2803 5602 τῶν
2841 5547 3022 5617 ἰερῶν,
3068 5544 3183 5598 ἀλλ’
3229 5546 3363 5599 ὑπο-

139 5625 439 5685 τάσσεσθαί
470 5641 529 5676 σε
573 5623 698 5693 χρὴ,
732 5625 824 5676 καὶ
872 5623 968 5694 οὐχ
998 5621 1326 5680 ῦποτάσσειν
1359 5624 1477 5678 οὐδὲ
1507 5627 1780 5694 ἐξετάζειν
1811 5637 2025 5701 αὐτούς.

218 5746 261 5776 ³³
284 5739 430 5796 Psal.
457 5752 638 5797 sint.
671 5739 760 5794 24.
