3976 6314
571 367 707 432 1859
1764 366 2001 425 INDEX
2040 365 2141 423 ΕΡᾎ

2231 365 2588 425 l‘OLARUM.
3677 353 3801 418 1860

1307 650 1869 714 EPISTOLARUM
1893 652 2341 713 EARUMDEM
2378 652 2563 712 ΑΗΔ
2597 650 3103 712 DlSTRlBUTIO

1867 833 1930 869 ex
1963 817 2131 886 Regio
2159 817 2346 871 codice
2382 815 2503 870 709.

636 931 694 988 ln
732 932 835 988 bac
863 931 1037 987 sancti
1066 930 1343 986 Theodori
1388 931 1542 988 Stud.
1578 933 1932 1002 epistolarum
1971 933 2208 987 editione
2243 932 2414 987 secuti
2453 933 2670 1002 quidem
2704 950 2896 989 sumus
2925 935 3168 988 ordinem
3215 942 3268 987 et
3301 940 3524 986 modum
3557 949 3671 1002 quo
3707 940 3795 987 de-

569 1022 783 1090 scripta:
830 1029 959 1074 sunt
997 1021 1050 1073 in
1079 1020 1460 1076 Coluinnensis
1499 1009 1840 1076 bibliotheca:
1869 1020 2078 1082 codice,
2111 1034 2272 1088 quem
2314 1020 2518 1088 passim
2564 1020 2749 1074 laudat
2793 1031 2847 1075 et
2899 1033 3159 1090 perpetuo
3199 1022 3451 1089 sequitur
3493 1021 3802 1076 Cardinalis

569 1107 860 1163 Baronius.
886 1106 1113 1162 Gratum
1162 1118 1342 1162 tamen
1383 1107 1677 1163 lectoribus
1720 1123 1818 1162 nec
1855 1121 2317 1176 supervacaneum
2361 1107 2477 1160 fore
2525 1107 2837 1178 putavimus
2886 1109 3051 1162 aliam
3087 1109 3406 1163 earumdem
3444 1109 3803 1177 epistolarum

570 1195 1038 1260 distributionem,
1066 1211 1230 1265 quam
1262 1194 1484 1251 Graecus
1510 1196 1689 1266 Hegias
1717 1197 2059 1250 bibliotheca:
2087 1194 2256 1249 codex
2291 1183 2529 1259 exhibet,
2568 1195 2656 1249 hic
2685 1197 2849 1249 etiam
2893 1195 3158 1264 conspici.

641 1281 762 1351 Ipso
793 1284 1144 1353 epistolarum
1203 1287 1448 1340 omnium
1496 1286 1650 1339 initio
1679 1287 1846 1340 codex
1896 1284 2098 1350 Regius
2144 1285 2209 1336 ha

2233 1297 2283 1336 te
2327 1283 2488 1335 habet
2530 1283 2930 1351 inscriptionem
2973 1302 2985 1336 :
3032 1284 3196 1353 Ἀρχὴ
3218 1282 3312 1335 τοῦ
3341 1283 3564 1352 πρώτου
3601 1282 3803 1350 βιϐλίου

572 1367 664 1420 τοῦ
687 1369 849 1422 αὐτοῦ
885 1372 946 1422 ὲκ
972 1369 1079 1422 τῶν
1134 1371 1402 1442 διαφόρων
1431 1371 1595 1424 αὑτοῦ
1629 1370 1922 1424 ἐπιστολῶν
1955 1388 1967 1400 ·
2001 1371 2142 1434 Exite:

2232 1370 2326 1437 τῆς
2375 1370 2562 1439 τρίτης
2595 1372 2830 1440 ὲξορίας.
2870 1370 2947 1424 Ac
2981 1382 3283 1441 sequuntur
3322 1371 3573 1440 epistola:
3613 1373 3802 1422 decem

573 1469 805 1522 quarum
838 1471 1177 1525 unaquzeqne
1212 1458 1526 1512 inscribitur
1563 1476 1573 1509 :
1608 1457 1920 1526 Δογμιτικὴ
1949 1457 2074 1526 περὶ
2109 1473 2143 1507 τι

2249 1458 2496 1510 εἰκόνων.
2539 1457 2630 1512 lla:
2658 1467 2786 1512 sunt
2817 1459 2869 1512 in
2892 1459 3129 1514 editione
3167 1466 3374 1522 nostra,
3431 1460 3530 1512 lib.
3587 1457 3656 1522 ll,
3694 1459 3804 1527 epi-

575 1547 711 1599 stola
733 1547 785 1611 1,
813 1547 866 1612 4,
893 1547 947 1612 6,
980 1548 1033 1613 8,
1075 1547 1161 1612 10,
1191 1549 1279 1612 21,
1310 1550 1398 1612 25,
1423 1549 1510 1612 26,
1543 1551 1608 1602 55
1636 1561 1686 1602 et
1716 1547 1805 1602 56.

645 1633 838 1688 Postea
863 1634 913 1687 iu
963 1633 1132 1703 Regio
1171 1634 1369 1690 Codice
1410 1637 1602 1704 legitur
1629 1635 1912 1703 inscriptio
1953 1635 2104 1688 haec:
2142 1634 2213 1684 To

2238 1633 2246 1681 ἱ
2281 1631 2532 1698 δευτέρου
2583 1630 2808 1698 βιϐλίου.
2854 1629 2990 1684 Tum
3029 1639 3332 1700 sequuntur
3382 1629 3635 1698 epistola:
3677 1645 3808 1697 qua-

576 1718 842 1787 draginta,
872 1735 1099 1787 quarum
1128 1719 1353 1788 singulm
1380 1722 1753 1774 inscribuntur
1791 1721 1954 1773 etiam
1986 1738 1997 1772 :
2030 1723 2146 1787 Δογι

2239 1718 2341 1786 ςικὴ
2367 1719 2494 1786 περὶ
2515 1717 2623 1770 τῶν
2647 1718 2816 1785 ἁγίων
2855 1718 3098 1770 εἰκόνων·
3141 1727 3266 1772 sunt
3297 1727 3483 1771 autem
3519 1718 3575 1770 in
3623 1725 3809 1770 nostra

576 1801 837 1866 editione,
881 1803 1003 1855 libri
1045 1805 1270 1856 secundi
1297 1805 1522 1870 epistola
1548 1805 1634 1867 41,
1667 1805 1756 1865 42,
1780 1803 1867 1867 65,
1901 1802 1989 1866 72,
2022 1803 2109 1866 84,
2140 1807 2146 1852 1

2262 1804 2535 1867 151,198,
2568 1805 2690 1866 156,
2730 1806 2852 1864 158,
2890 1805 3009 1869 161,
3046 1806 3164 1872 162,
3197 1805 3318 1867 165,
3355 1808 3482 1869 166,
3514 1805 3640 1867 167,
3686 1805 3806 1867 169,

576 1888 702 1951 290,
735 1889 855 1950 194.
891 1889 1010 1952 199,
1039 1890 1163 1956 204,
1199 1890 1324 1954 212,
1355 1889 1481 1955 217,
1507 1891 1634 1956 218,
1671 1891 1791 1952 152,
1821 1891 1943 1956 155,
1979 1891 2146 1956 154,1

2241 1934 2248 1957 ,
2285 1893 2407 1959 157,
2431 1891 3015 1958 159,160,164,165,
3046 1891 3484 1957 168,170,171,
3520 1892 3655 1956 172,
3695 1891 3811 1952 175,

579 1975 702 2039 195,
725 1975 852 2041 215,
883 1975 987 2030 219

647 2062 778 2128 Qum
800 2065 1044 2132 proxime
1080 2074 1384 2131 sequuntur
1405 2066 1648 2133 epistolae
1675 2080 1900 2120 numero
1921 2067 2318 2138 quinquaginta
2344 2086 2458 2135 sex,
2499 2072 2700 2126 habent
2730 2071 2870 2125 hanc
2899 2068 3308 2138 inscriptionem
3341 2085 3353 2119 :
3394 2066 3505 2120 Τοῦ
3534 2065 3708 2119 αὑτοῦ
3757 2065 3815 2116 ἐκ

578 2150 686 2202 τῶν
730 2150 1002 2219 διαφόρων
1043 2152 1205 2205 αὑτοῦ
1243 2152 1537 2204 ἐπιστολῶν
1567 2152 1764 2223 ἐκλογὴ
1801 2153 1899 2223 τῆς
1932 2154 2148 2224 πρώτης

2244 2158 2280 2208 ut
2304 2159 2564 2230 δευτέρας
2601 2158 2836 2230 ὲξορῑας.
2876 2159 2953 2213 Ac
2982 2156 3198 2212 easdem
3227 2169 3478 2224 prorsus,
3510 2152 3814 2221 eodemque

581 2236 718 2290 inter
750 2237 897 2304 ipsas
935 2237 1147 2302 ordine,
1184 2239 1234 2291 in
1263 2248 1446 2292 nostra
1469 2239 1706 2292 editione
1732 2249 2084 2308 representat
2117 2243 2250 2299 liber
2287 2246 2517 2313 primus.

651 2323 746 2378 His
779 2324 1097 2392 subjunetus
1130 2335 1212 2379 est
1242 2325 1295 2377 in
1335 2326 1522 2380 codice
1567 2325 1658 2379 illo
1688 2325 1877 2380 Grieco
1905 2326 2063 2381 Index
2100 2331 2167 2384 ad
2201 2341 2489 2400 sequentes
2519 2332 2782 2401 epistolas
2823 2331 3120 2400 pertinens,
3152 2339 3315 2398 atque
3355 2327 3430 2380 ita
3466 2326 3774 2395 inscriptus
3802 2341 3816 2377 :

581 2408 690 2462 Τοῦ
734 2410 897 2463 αὑτοῦ
931 2413 995 2464 ὲκ
1025 2410 1133 2464 τῶν
1171 2411 1438 2482 διαφόρων
1489 2411 1653 2464 αὑτοῦ
1698 2413 1998 2466 ἐπιστολῶν
2032 2415 2151 2468 ὲκλο

2271 2419 2369 2486 τῆς
2399 2416 2588 2489 τρίτης
2645 2417 2880 2490 ὲξορίας.
2923 2417 3061 2471 Tum
3116 2417 3170 2469 in
3205 2413 3384 2468 Indice
3421 2413 3517 2468 illo
3552 2421 3816 2467 natantur

581 2498 843 2552 continua
877 2500 1019 2554 serie
1043 2501 1399 2555 ducentarum
1438 2509 1493 2555 et
1523 2501 1684 2555 unius
1717 2501 2071 2570 epistolarum
2111 2506 2273 2571 tituli,
2303 2506 2624 2561 exhibentes
2659 2505 2859 2576 singuli
2890 2519 3088 2558 nomen
3121 2502 3264 2556 illius
3292 2501 3361 2555 ad
3386 2515 3557 2570 quem
3587 2499 3816 2570 epistola

581 2587 840 2641 mittitur.

653 2672 785 2729 Post
826 2674 1060 2731 Iudicem
1107 2676 1391 2748 descriptas
1444 2687 1573 2732 sunt
1621 2679 1866 2748 epistola:
1919 2680 2026 2734 illae
2073 2680 2318 2734 ducenta:
2349 2687 2401 2734 et
2426 2695 2557 2746 una,
2591 2679 2697 2734 sub
2731 2680 2836 2734 hoc
2877 2678 3168 2732 lemmate:
3213 2674 3447 2744 Ἐκλογὴ
3485 2675 3591 2744 τῆς
3633 2673 3817 2744 τρίτης

585 2761 820 2828 ὲξορίας.
853 2762 989 2817 Tum
1023 2765 1078 2818 in
1112 2776 1346 2834 quatuor
1374 2766 1540 2822 libros
1579 2768 1917 2821 tribuuntur.

659 2848 838 2902 Prima
891 2849 1054 2919 igitur
1094 2866 1162 2904 ex
1193 2851 1260 2905 iis
1299 2853 1580 2920 epistolis,
1629 2863 1825 2922 praeter
1879 2853 2052 2922 ipsius
2101 2851 2509 2920 inscriptionem
2555 2852 2849 2921 propriam,
2908 2851 3070 2905 habet
3103 2850 3249 2904 hunc
3278 2861 3501 2917 quoque
3544 2846 3811 2900 titulum:

587 2936 777 2988 ΑΡΧΗ
806 2935 1082 2990 ΒΙΒΛΙΟΥ
1120 2937 1200 2991 Α’.
1242 2937 1346 3003 Qui
1393 2939 1586 2993 titulus
1639 2942 1869 3007 pertinet
1901 2939 2156 2994 nimirum
2207 2939 2272 2992 ad
2323 2939 2581 3008 epistolas
2635 2938 2854 3008 triginta
2888 2953 2980 2991 sex
3015 2954 3034 2992 :
3061 2951 3182 3006 qua:
3213 2936 3675 3004 subsequuntur:
3710 2933 3811 2986 nisi

588 3023 734 3090 quod
767 3039 873 3079 una
903 3024 1087 3087 deest;
1125 3026 1282 3093 cujus
1335 3035 1518 3080 tamen
1555 3042 1764 3080 vacuus
1808 3027 2029 3080 relictus
2076 3035 2158 3079 est
2206 3026 2381 3078 locus.
2433 3025 2543 3078 Has
2592 3033 2795 3087 autem,
2845 3024 3144 3093 eodemque
3177 3023 3393 3087 ordine,
3429 3029 3622 3077 nostra
3651 3021 3818 3074 editio

589 3109 846 3174 exhibet,
881 3109 949 3162 ab
981 3109 1134 3164 initio
1161 3125 1354 3179 nempe
1383 3111 1504 3164 libri
1529 3112 1752 3165 secundi
1781 3127 1953 3178 usque
1982 3111 2046 3164 ad
2081 3111 2406 3164 tricesimam
2462 3111 2748 3179 septimam
2791 3111 3117 3178 epistolam;
3152 3121 3378 3180 excepta
3427 3119 3617 3166 tamen
3661 3107 3816 3161 tertia

595 3195 811 3248 numeri
835 3195 1015 3263 illius;
1042 3205 1205 3266 atque
1232 3197 1345 3252 haec
1375 3205 1458 3251 est
1478 3212 1577 3267 pro
1598 3213 1702 3266 qua
1724 3213 1954 3252 vacuum
1986 3198 2161 3251 locum
2199 3195 2358 3250 habet
2391 3196 2558 3250 codex
2585 3193 2821 3267 Regius;
2851 3197 2942 3266 qui
2971 3198 3328 3252 nihilominus
3359 3200 3415 3253 in
3450 3198 3633 3253 indice
3655 3209 3816 3264 supra

594 3289 917 3347 memorato,
955 3282 1098 3336 illius
1134 3284 1382 3352 epistolae
1411 3283 1823 3351 inscriptionem
1861 3283 2080 3336 exhibet
2114 3297 2175 3336 ac
2205 3283 2416 3337 numeri
2449 3293 2655 3347 notam,
2693 3284 2943 3340 videlicet
2967 3285 3028 3338 Γ.
3058 3285 3367 3354 ἡγουμένῳ.

658 3388 863 3443 Deinde
913 3389 968 3443 in
1025 3389 1226 3446 Codice
1278 3390 1468 3445 Graeco
1517 3402 1736 3444 natatur
1767 3390 1953 3442 ΑΡΧΗ
1994 3390 2266 3444 ΒΙΒΛΙΟΥ
2299 3393 2374 3448 B'.
2419 3394 2495 3446 Ac
2536 3401 2835 3461 sequuntur
2890 3390 3279 3460 quinquaginta
3324 3389 3572 3457 epistolae
3623 3404 3637 3438 :
3687 3400 3818 3455 quas

595 3485 782 3532 nostra
811 3478 979 3532 editio
1015 3479 1179 3534 simili
1207 3493 1435 3548 prorsus
1465 3478 1656 3532 ordine
1685 3477 1925 3547 subjicit,
1957 3492 1988 3531 a
2023 3478 2291 3534 tricesima
2312 3489 2462 3534 sexta
2489 3479 2698 3534 scilicet
2726 3478 2848 3532 libri
2875 3477 3096 3532 secundi
3127 3491 3300 3544 usque
3331 3475 3398 3529 ad
3423 3474 3815 3543 oetogesimam

597 3567 908 3635 septimam.

669 3655 799 3710 Inde
849 3657 905 3710 in
944 3655 1141 3712 Codice
1178 3655 1367 3712 Graeco
1402 3657 1588 3712 ΑΡΧΗ
1630 3658 1903 3711 ΒΙΒΛΙΟΥ
1934 3659 2009 3711 Γ’.
2045 3665 2098 3712 et
2129 3661 2430 3723 sequuntur
2455 3653 2698 3722 epistolae
2741 3655 3021 3722 sexaginta
3065 3659 3298 3720 quatuor
3345 3664 3470 3718 quae
3500 3649 3559 3702 in
3587 3647 3818 3701 editione

602 3750 808 3807 nostra,
869 3741 1060 3799 eodem
1112 3742 1275 3799 etiam
1326 3744 1537 3811 ordine,
1590 3746 1657 3798 ab
1705 3744 2029 3814 octogesima
2085 3753 2235 3797 sexta
2285 3743 2493 3798 scilicet
2549 3760 2722 3814 usque
2780 3745 2850 3799 ad
2900 3743 3256 3799 centesimam
3305 3740 3816 3811 quinquagesimam

602 3844 856 3898 primam.

667 3939 806 3994 Tum
856 3940 1090 4011 denique
1123 3942 1310 3996 ΑΡΧΗ
1366 3942 1638 3995 ΒΙΒΛΙΟΥ
1671 3939 1743 3993 Δ’.
1780 3938 1845 3992 Ει
1874 3949 2176 4007 sequuntur
2205 3939 2446 4007 epistolae
2472 3940 2713 4008 quinque
2755 3947 2808 3993 et
2857 3937 3078 4008 triginta
3127 3953 3246 4006 qua:
3278 3935 3331 3988 in
3369 3943 3558 3988 nostra
3589 3933 3819 3987 editione

604 4038 733 4082 sunt
784 4027 902 4081 libri
954 4029 1176 4083 secundi
1206 4029 1433 4097 epistola
1464 4028 1584 4091 174,
1631 4027 1752 4090 175,
1789 4024 2060 4089 176,177,
2101 4025 2174 4078 17:

2247 4026 2520 4089 179,180,
2553 4026 2676 4087 181.
2710 4025 2832 4089 182,
2865 4025 2984 4087 185,
3026 4023 3305 4085 181,185,
3349 4021 3476 4083 186,
3531 4021 3653 4081 187,
3701 4018 3817 4079 188,

605 4113 727 4180 189,
759 4115 847 4179 91,
873 4114 961 4181 92,
994 4115 1084 4181 95,
1114 4115 1206 4181 96,
1237 4115 1327 4178 97,
1347 4113 1471 4181 200,
1496 4114 1622 4178 201,
1657 4114 1783 4177 202,
1819 4112 1946 4178 204,
1970 4112 2098 4177 205,
2128 4111 2255 4175 206,
2288 4109 2414 4174 207,
2447 4109 2572 4174 208,
2603 4108 2873 4175 209,210,
2901 4107 3026 4174 212,
3061 4106 3187 4170 215,
3213 4105 3340 4171 214,
3367 4105 3500 4171 215,
3527 4103 3656 4156 216.

605 4295 3811 4327 _____________________________________________.

1548 4452 1736 4515 ALIA
1766 4451 1964 4512 ITEM
2002 4449 2378 4510 PARTITIO
2434 4445 2882 4508 EARUMDEM

1847 4615 1916 4672 Ut
1953 4622 2150 4668 notatae
2189 4621 2315 4668 sunt
2354 4614 2405 4665 in
2447 4628 2579 4666 mss.

1895 4797 2163 4838 ενιετοιιλε
2193 4794 2527 4836 υοωιΑτιει.

681 4903 844 4959 Libro
869 4901 936 4968 Il,
969 4900 1141 4972 Epist.
1173 4901 1227 4968 1,
1257 4901 1312 4962 4.
1354 4902 1409 4967 6,
1458 4901 1544 4964 10,
1573 4901 1662 4964 21,
1685 4898 1775 4962 25,
1812 4896 1903 4960 26,
1934 4896 2024 4960 55,
2052 4893 2140 4959 56,
2173 4894 2251 4961 41,

2246 4938 2260 4961 ,
2284 4896 2375 4957 42,
2401 4895 2489 4955 45,
2524 4895 2610 4959 72,
2651 4893 2742 4957 84,
2773 4893 2864 4957 85,
2902 4891 3024 4955 151,
3063 4889 3186 4955 152,
3219 4889 3344 4952 155.
3385 4891 3520 4957 154,
3564 4892 3689 4956 155,
3727 4890 3813 4945 156

612 4992 735 5057 157,
773 4991 1045 5057 158,159,
1096 4988 1218 5055 160,
1272 4990 1395 5053 161,
1451 4989 1572 5050 162,
1629 4987 1750 5050 165,
1799 4984 1922 5048 161,
1954 4982 2078 5047 165,
2122 4982 2244 5050 166,
2278 4983 2394 5046 167,
2437 4982 2559 5048 168,
2595 4980 2716 5046 169,
2752 4980 2872 5045 170,
2914 4978 3036 5046 171,
3072 4979 3194 5045 172,
3235 4977 3362 5045 175,
3402 4978 3533 5048 190,
3574 4979 3815 5037 195.191

613 5081 735 5143 198,
768 5079 889 5145 199,
917 5077 1044 5145 204,
1068 5076 1194 5145 212,
1223 5075 1348 5143 215,
1379 5075 1502 5142 217,
1528 5075 1654 5138 218,
1689 5071 1814 5126 219.

2024 5191 2428 5232 CATECHETICE.

682 5273 846 5328 Libro
867 5271 911 5339 ι,
946 5272 1114 5344 Epist.
1149 5272 1238 5338 δι,
1281 5270 1442 5327 Libro
1470 5270 1535 5337 ll,
1566 5271 1734 5340 Epist.
1765 5266 1939 5338 8,21,
1972 5266 2060 5327 57.
2092 5264 2182 5325 58.
2213 5266 2252 5317 ο

1926 5308 1939 5335 ,
1972 5266 2060 5327 57,
2092 5264 2182 5325 58,
2213 5265 2301 5326 ea,
2334 5265 2422 5329 et,
2444 5261 2533 5331 90,
2566 5263 2686 5331 ιη,
2719 5262 2844 5330 124,
2879 5261 3005 5330 151,
3035 5257 3161 5327 155,
3200 5259 3328 5326 uo,
3367 5261 3496 5317 ita.

2033 5367 2419 5409 ΡΔΒᾸΞΝΕἸΊΟΕ.

684 5451 844 5506 Libro
872 5450 934 5518 ll,
971 5449 1145 5521 Epist.
1178 5452 1266 5515 55,
1311 5451 1430 5516 102,
1471 5449 1586 5514 105,
1622 5448 1742 5503 109.

1997 5538 2429 5581 υοκδυιιλτοιιιι.

682 5616 843 5674 Libro
872 5619 914 5682 ι,
952 5617 1118 5687 Epist.
1159 5619 1244 5686 η,
1274 5620 1360 5674 39.

2079 5776 2348 5798 ’.θα-...ιο
