4026 6364
255 421 363 480 595

1620 416 2134 478 ANIMADVERSIO

3396 429 3503 487 594

254 543 383 615 gnat.
433 577 456 615 ._.
475 535 772 594 rancofnrt.
804 537 964 603 4592,
1003 536 1494 615 postquamvarias
1521 536 1824 615 huiusmodi
1855 544 1900 601 Α
1930 555 2045 615 nem
2071 539 2248 615 διεζευιὶ
2278 540 2490 612 (Matth.
2518 557 2711 615 _xxvnr,
2736 541 2865 615 20).
2901 541 2970 615 Et
3000 541 3258 615 pleraque
3294 542 3394 600 alia
3429 554 3506 601 te—

253 607 515 681 formulas
563 618 928 681 congesserat,
971 607 1050 681 sic
1093 607 1474 681 concludens;
1507 628 1525 660 ι
1557 607 1613 664 In
1635 608 1829 681 quibus

251 679 514 751 exemplis
546 679 805 736 solemnia
835 680 949 735 haec
992 680 1045 733 in
1090 680 1511 751 archiepiscopis
1561 679 1830 751 appellan-

253 749 334 804 dis
367 749 537 826 verba
563 754 596 826 ἡ
620 757 686 811 σή
702 751 1040 826 μακαριότηςὶ
1055 764 1150 804 seu
1195 749 1458 826 beatitudo
1475 749 1608 826 _tua,
1633 749 1831 805 ’obser-

251 820 425 891 vanda
451 822 655 876 cursim
690 819 901 876 moneo.
940 839 959 872 ι
1000 819 1266 874 Caeterum
1293 821 1436 889 quod
1473 821 1647 891 ipsum
1676 828 1832 875 vocet

251 889 516 962 religiosa:
534 891 660 945 vita:
683 891 1012 962 praecipuum
1047 897 1104 944 et
1145 891 1430 962 sanctitate
1459 889 1823 962 spectabilem,

241 959 372 1016 hoc
398 960 622 1016 honoris
665 959 827 1016 causa
850 959 1103 1024 idictum,
1135 968 1190 1014 et
1239 959 1563 1015 urbanitatis
1595 961 1828 1016 oﬁicium

247 1029 368 1093 fuit,
403 1045 512 1100 quo
541 1033 620 1085 uti
669 1032 736 1086 ad
772 1030 1115 1086 emulcendos
1142 1031 1627 1100 haeresiarcharum
1660 1033 1831 1087 elatos

247 1099 473 1171 spiritus
499 1101 669 1156 satius
702 1116 822 1156 esse
848 1100 1074 1171 putavit.
1107 1099 1294 1171 qude,
1343 1103 1483 1171 quod
1524 1117 1647 1170 cum
1698 1118 1831 1157 non-

248 1170 376 1224 dum
404 1170 553 1224 Felix
581 1172 632 1226 in
664 1170 1154 1226 beresiedocenda
1196 1170 1448 1240 pervicax
1496 1181 1553 1226 et
1590 1173 1829 1228 obstina-

249 1248 334 1295 tus
357 1251 665 1311 appareret,
697 1243 841 1297 molli
883 1257 1044 1311 manu
1083 1255 1206 1294 eum
1251 1249 1588 1311 pertractare
1632 1244 1832 1298 debue-

246 1319 352 1375 rat,
379 1310 450 1383 ne
471 1313 517 1366 si
538 1313 718 1383 verbis
738 1310 1107 1383 superioribus
1125 1325 1230 1365 non
1247 1310 1594 1382 pepercisset,
1611 1313 1832 1367 indura-

247 1389 358 1434 tum
391 1381 498 1436 iret
541 1397 636 1436 cor
663 1381 876 1438 Felicis.
910 1381 1017 1436 Sed
1063 1381 1330 1439 quorsum
1368 1383 1515 1437 haec?
1543 1383 1701 1438 Patet
1726 1385 1826 1439 viri

241 1451 472 1506 indoles.
525 1452 700 1508 Nollet
742 1453 1026 1508 hmreticus
1074 1451 1385 1507 haereticum
1420 1454 1657 1519 traduci;
1704 1455 1828 1510 hinc

239 1523 573 1593 partesejus
603 1531 814 1589 tuetur;
841 1525 1059 1593 dignum
1094 1523 1290 1592 patella
1317 1523 1649 1593 operculum.

308 1591 401 1664 ΙῩ.
433 1591 562 1664 Sed,
594 1593 732 1648 bone
762 1591 922 1658 Deus,
956 1594 1075 1664 quis
1097 1591 1318 1664 genium
1341 1591 1444 1647 viri
1481 1597 1829 1664 assequetur?

236 1660 478 1735 Audisti,
523 1662 693 1735 lector
717 1666 939 1734 optime,
973 1660 1307 1735 _Basriagium
1356 1660 1701 1719 extollentem
1737 1665 1828 1718 Al-

237 1733 462 1786 cuinum
493 1733 620 1804 quia
648 1733 882 1790 Febcem
912 1737 1127 1788 beatum
1171 1733 1387 1800 dixerit,
1419 1745 1475 1789 et
1500 1736 1676 1789 virum
1703 1751 1830 1790 san-

235 1803 432 1877 ctitate
460 1803 831 1877 spectabilem.
859 1805 1080 1877 Paucas
1101 1804 1272 1860 lineas
1301 1805 1540 1877 ejusdem
1565 1820 1826 1877 paragra-

234 1873 643 1961 phi-percuri-e,
674 1884 728 1930 et
723 1876 959 1961 “laudern
999 1873 1613 1961 tribuentem'Elipando
1644 1873 1824 1961 Alcpi-

234 1959 362 1998 num
394 1945 638 2017 invenies
661 1961 692 2000 a
723 1947 986 2016 Basnagio
1008 1947 1307 2016 impetitum
1333 1945 1638 2017 etpessime
1669 1947 1821 2001 habi-

235 2020 370 2098 tum,
403 2033 436 2098 _c
468 2016 782 2098 Elipandus,
810 2017 1330 2098 scribitBasnagius,
1362 2016 1663 2098 eruditione
1685 2034 1821 2098 pnas-

233 2085 444 2158 stabat,
492 2085 614 2158 iisin
664 2089 818 2158 cujus
866 2085 1384 2158 commendationem
1427 2089 1608 2143 subdit
1654 2085 1820 2143 verba

230 2153 449 2228 Alcuini
495 2153 755 2228 Elipando
789 2159 1076 2213 scribentis
1109 2176 1120 2210 :
1157 2177 1176 2209 ‹
1214 2157 1292 2212 Tu
1321 2159 1465 2213 enim
1507 2173 1568 2213 es
1595 2161 1822 2214 sanctis-

232 2226 403 2300 simus
433 2226 649 2300 pra‘sul,
671 2229 864 2283 civitas
886 2245 1046 2300 supra
1074 2237 1310 2284 montem
1336 2230 1529 2299 posita,
1559 2245 1678 2300 quae
1703 2231 1822 2284 nul-

233 2295 452 2370 latentis
511 2299 767 2370 abscondi
815 2295 1012 2370 potest,
1059 2295 1821 2370 cujusimui'usineq—uaquam

234 2367 400 2440 debet
430 2369 704 2424 insidiosis
730 2367 994 2440 cuuiculis
1028 2367 1314 2440 cujuslibet
1339 2369 1509 2440 perﬁd
1531 2367 1582 2424 ai
1606 2367 1823 2426 alicuibi

231 2437 658 2520 perforari_,_etc_.
690 2439 935 2520 :_Subdit
960 2437 1254 2520 Dasnagips
1280 2437 1356 2520 ς’(
1383 2439 1600 2505 Mirare,
1629 2442 1822 2520 lector,

231 2509 474 2564 indolem
501 2509 747 2583 theologi
773 2511 1031 2583 Elipando
1077 2509 1365 2574 adulantis,
1391 2526 1700 2583 quanquam
1744 2514 1824 2583 ip-

230 2593 347 2634 sum
387 2594 584 2654 errare
623 2581 889 2654 crederet,
937 2582 1033 2654 qui
1066 2584 1293 2654 profano
1331 2581 1527 2654 saltem
1559 2581 1694 2653 Stylo
1723 2581 1824 2654 ipsi

230 2651 612 2722 accommodat
647 2653 811 2707 verba
839 2651 1059 2716 Christi,
1090 2652 1286 2722 quibus
1320 2651 1549 2707 ﬁrmitas
1573 2651 1826 2709 Ecclesiae

229 2723 402 2794 totius
437 2720 700 2794 fundatur
737 2741 749 2775 :
795 2723 1084 2792 Elipandus
1107 2720 1308 2794 igitur,
1345 2723 1389 2776 si
1439 2724 1692 2778 credatur
1735 2724 1826 2778 Αι-

230 2793 417 2876 cuino,
456 2800 589 2876 ierat
631 2793 807 2876 sivitas
837 2793 1253 2876 supramontem
1290 2794 1478 2875 posita,
1509 2795 1827 2876 quaannutlat

231 2871 380 2934 tenus
412 2862 666 2934 abscondi
693 2862 909 2934 poterat.
943 2864 1136 2918 Elicius
1166 2862 1306 2919 nunc
1333 2880 1400 2918 ex
1431 2862 1598 2934 ipsius
1623 2864 1825 2920 Christi

230 2933 416 2988 verbis
434 2933 750 2988 ﬁrmitatem
771 2933 1022 2989 Ecclesiae
1044 2933 1398 3002 splendidam,
1421 2933 1477 2988 et
1493 2936 1558 2988 ad
1580 2944 1823 2990 extrema

231 3018 406 3074 usque
430 3004 630 3058 saecula
659 3005 712 3057 in
741 3005 928 3059 eadem
950 3005 1213 3059 sententia
1241 3020 1671 3074 permansuram,
1700 3022 1824 3062 cum

230 3073 532 3147 Elipandus
557 3089 748 3129 errans
766 3075 838 3147 sit
857 3075 942 3128 illa
965 3076 1158 3131 civitas
1184 3073 1348 3147 supra
1368 3085 1605 3131 montem
1626 3079 1822 3147 posita,

231 3160 350 3216 qua:
389 3145 537 3216 nulla
585 3155 738 3200 tenus
786 3145 1041 3202 abscondi
1085 3162 1185 3200 nec
1229 3145 1494 3214 perforari
1531 3145 1758 3216 poterat.
1800 3168 1818 3199 ι

303 3217 365 3298 Υ.
398 3215 730 3312 ῼυίειῠϋθω
775 3217 898 3312 hine
941 3215 1697 3312 audienscon‘tineret‘ilNo‘q
1746 3227 1826 3273 tot
1853 3253 1897 3312 α

301 3288 500 3358 rio.le
539 3287 715 3358 leges,
769 3296 900 3358 quot
945 3288 1222 3343 mendacia
1259 3287 1516 3342 oﬁ'endes.
1565 3288 1618 3342 1ο
1653 3289 1825 3355 Quem
1853 3287 1900 3314 “

253 3359 420 3412 audat
437 3356 720 3425 Alcuinus,
738 3356 844 3412 nan
871 3373 938 3412 ex
961 3373 1025 3412 eo
1046 3360 1186 3428 quod
1209 3359 1382 3428 ipsum
1404 3373 1588 3413 errare
1613 3361 1821 3425 credat,

233 3426 453 3500 laudat;
481 3428 578 3483 sed
607 3428 674 3481 ab
699 3428 987 3500 eminentia
1009 3426 1284 3500 dignitatis
1307 3438 1363 3483 et
1381 3431 1667 3484 sanctitate
1691 3447 1826 3500 prae-

233 3497 471 3560 sulatus,
495 3513 616 3568 quae
654 3500 709 3553 in
748 3513 806 3553 se
846 3499 1003 3553 laude
1029 3497 1188 3570 digna
1225 3508 1310 3554 est
1328 3501 1461 3570 quia
1488 3497 1826 3556 sanctissima

235 3576 294 3623 et
319 3570 530 3641 optima
551 3585 699 3641 :_non
749 3585 890 3641 ergo
919 3570 1160 3641 miranda
1197 3569 1401 3641 indoles
1446 3571 1675 3641 theologi
1721 3571 1829 3625 Eli-

237 3641 449 3711 pando_
473 3639 748 3694 adulantis.
779 3639 834 3693 2“
864 3639 996 3695 Cum
1041 3640 1173 3695 dicit
1211 3639 1468 3695 Alcuinus
1508 3639 1827 3711 Elipandum

247 3708 376 3763 esse
404 3708 669 3766 civitatem
696 3726 858 3782 supra
889 3719 1123 3782 montem
1147 3712 1396 3780 positam,
1425 3728 1545 3782 quae
1574 3708 1828 3766 abscondi

248 3788 580 3852 non_po_test,
606 3781 738 3836 nlbil
765 3781 906 3852 aliud
935 3781 1063 3836 dicit
1082 3796 1244 3852 quam
1269 3783 1412 3852 quod
1432 3783 1724 3851 saepissime
1750 3782 1830 3836 di-

241 3850 320 3922 cit
347 3849 754 3917 Ecclesia,cum
778 3851 940 3906 verba
965 3849 1237 3922 Evangelii
1276 3849 1463 3906 Matth.
1507 3849 1563 3918 v,
1610 3853 1697 3918 14,
1738 3868 1832 3922 ap-

235 3921 407 3990 plicat
449 3925 655 3978 sanctis
683 3923 991 3978 doctoribus
1033 3920 1164 3976 :Vos
1202 3924 1324 3977 estis
1357 3922 1451 3976 tua:
1477 3924 1658 3977 mundi
1684 3941 1700 3976 :
1727 3920 1830 3977 non

231 4001 402 4062 potest
426 3993 634 4064 scivitas
681 3993 929 4047 abscondi
973 4009 1132 4064 supra
1168 4003 1393 4047 montem
1431 3995 1640 4064 posita:
1670 4010 1830 4064 neque

231 4063 538 4116 accendunt
568 4062 833 4119 lucernam
875 4073 925 4117 et
973 4062 1172 4128 ponunt
1225 4080 1340 4118 eam
1383 4062 1477 4117 sub
1517 4065 1712 4128 modio,
1739 4062 1830 4118 Sed

231 4149 392 4202 super
422 4133 828 4206 gandelabﬁrum,
865 4143 922 4188 ut
963 4133 1134 4206 luceat
1178 4134 1415 4206 emnt'bus
1453 4136 1542 4206 qui
1580 4135 1639 4206 in,
1675 4136 1829 4188 domo

230 4213 375 4276 sunt.
409 4203 549 4269 Quia
585 4205 771 4276 verba,
803 4220 922 4276 quae
950 4205 1160 4259 dixerat
1186 4203 1445 4276 Dominus
1465 4203 1536 4259 'de
1564 4205 1676 4259 suis
1704 4211 1832 4276 apo—

229 4273 410 4339 stolis,
444 4282 508 4327 et
539 4283 689 4342 aptat
729 4273 963 4330 Ecclesia
1014 4274 1376 4343 apostolorum
1402 4273 1828 4341 successoribus,

230 4344 367 4416 nihil
398 4343 576 4416 aliud
618 4345 846 4399 innuunt
893 4345 993 4399 nisi
1041 4347 1162 4410 hoc,
1218 4345 1361 4415 quod
1404 4345 1830 4416 viriqapOstolici

229 4415 510 4486 doctrina:
561 4423 616 4469 et
653 4416 866 4470 virtutis
893 4417 1138 4486 exemplo
1165 4416 1376 4470 caeteris
1407 4415 1700 4485 praelucere
1739 4417 1832 4471 de-

228 4485 429 4552 beant;
492 4493 554 4540 et
589 4487 746 4541 sicuti
794 4487 985 4542 civitas
1024 4485 1185 4556 supra
1230 4495 1466 4542 montem
1505 4488 1676 4555 posita
1725 4502 1830 4541 non

228 4566 414 4640 potest
445 4556 734 4640 ab‘scqndi,
768 4557 837 4639 ita
863 4557 1036 4640 hi'qui
1067 4558 1118 4611 in
1151 4556 1634 4640 Ecelesia‘ratione
1674 4557 1834 4640 mini-‘-

227 4625 385 4682 slerii
438 4625 536 4682 vel
577 4627 852 4698 dignitatis
891 4625 1008 4682 aliis
1049 4629 1253 4698 praelati
1293 4635 1436 4693 sunt,
1479 4644 1583 4683 non
1613 4635 1837 4697 possunt

229 4698 534 4760 abscondi,
565 4701 692 4767 quin
729 4714 918 4753 eorum
955 4700 1060 4754 vita
1094 4707 1149 4753 et
1191 4699 1435 4754 doctrina
1481 4701 1692 4753 caeteris
1732 4713 1838 4752 non

226 4778 419 4838 pateat
453 4769 531 4840 ad
551 4769 877 4838 exemplum,
919 4770 1172 4840 quoniam
1203 4771 1293 4840 qui
1326 4770 1635 4840 accendunt
1666 4770 1841 4823 lucer-

230 4856 384 4904 nam,
413 4839 475 4894 id
502 4847 590 4893 est
616 4841 706 4908 qui
731 4839 1034 4909 hujusmodi
1075 4839 1318 4894 homines
1354 4840 1592 4894 eminere
1616 4839 1838 4903 faciunt,

230 4926 339 4965 non
381 4916 610 4980 ponunt
637 4909 736 4963 sub
779 4911 975 4975 modio,
1007 4911 1058 4965 id
1093 4919 1176 4965 est
1210 4925 1313 4964 non
1343 4925 1437 4965 eos
1483 4909 1615 4964 tales
1641 4910 1844 4974 consti-

229 4979 418 5047 tuunt,
447 4988 520 5035 ut
543 4979 912 5035 absconditam
940 4983 1106 5035 vitam
1132 4990 1312 5051 agant,
1345 4981 1438 5035 sed
1458 4995 1578 5050 quae
1604 4981 1837 5044 caeteris,

230 5052 322 5120 qui
354 5053 416 5106 in
453 5051 623 5120 domo
652 5058 796 5114 sunt,
845 5051 1135 5120 prteluceat
1166 5061 1421 5120 tanquam
1465 5066 1626 5119 super
1648 5051 1843 5105 cande-

231 5117 458 5176 labrum
511 5119 738 5175 elevata.
773 5117 872 5176 Hic
915 5131 997 5177 est
1023 5138 1212 5177 sensus
1254 5117 1442 5176 obvius
1474 5117 1844 5191 genuinusque

229 5191 652 5272 lnociHMattbzei,
691 5199 893 5272 etnon
927 5194 1002 5272 _de
1047 5192 1286 5272 Ecclesia
1326 5200 1384 5272 et
1427 5193 1844 5272 congregatione

229 5261 494 5317 ﬁdelium
537 5269 621 5316 est
665 5262 1028 5332 accipiendas,
1071 5272 1132 5316 ut
1168 5262 1298 5317 facit
1326 5261 1648 5332 Basnagius,
1676 5271 1734 5315 ut
1764 5263 1844 5315 in—

229 5340 450 5404 surgat,
496 5332 738 5387 mordaci
784 5330 1065 5404 sarcasmo
1111 5333 1164 5386 in
1207 5330 1844 5404 catholicos‘ﬁrinitatem

227 5401 786 5483 Ece'lesitgﬂuentes.
826 5403 1092 5483 Norihhaee
1139 5413 1264 5483 sum
1310 5402 1495 5483 verba,
1532 5414 1565 5454 o
1591 5401 1843 5483 _Basnagi,

269 5475 444 5528 uibus
466 5471 729 5527 Ecclesia:
759 5475 922 5530 totius
951 5475 1178 5528 ﬁrmitas
1205 5473 1480 5536 fundatur,
1510 5473 1602 5526 sed
1632 5487 1698 5526 ex
1729 5471 1847 5525 aliis

277 5545 452 5600 hristi
483 5542 670 5599 verbis
699 5543 1008 5600 ﬁrmitatem
1040 5542 1674 5611 Ecclesiatsplendidam,
1703 5548 1759 5596 et
1783 5541 1848 5595 ad

228 5624 506 5670 extrema
538 5629 712 5684 usque
740 5615 934 5669 saecula
985 5617 1036 5669 in
1080 5616 1271 5669 eadem
1305 5613 1569 5668 sententia
1578 5627 1850 5735 (perman-

229 5698 436 5735 suram
459 5683 730 5735 elicimus.
757 5684 929 5735 Suner
951 5686 1086 5735 hanc
1117 5693 1339 5735 petram.
1371 5682 1550 5735 aiebat
1623 5683 1846 5735 hristus.

229 5698 436 5741 suram
459 5682 730 5756 elicimus.
757 5684 929 5756 Super
951 5686 1086 5740 hanc
1115 5693 1339 5756 petram,
1371 5682 1846 5756 aiebathristus,

232 5755 536 5824 tediﬁcabo
566 5752 857 5810 Ecclesium
902 5772 1095 5823 meam,
1115 5752 1171 5810 et
1201 5764 1365 5825 porta:
1403 5752 1562 5825 inferi
1586 5768 1691 5825 non
1715 5767 1850 5822 prte-

232 5820 505 5880 ualébunt
547 5826 794 5880 adversus
837 5842 953 5881 eam
993 5820 1211 5892 (Matth;
1257 5839 1371 5889 xvi,
1405 5820 1527 5894 _18).
1573 5820 1723 5876 Ecce
1757 5836 1848 5894 ego

233 5897 527 5953 uobiscum
551 5910 666 5951 sum
695 5896 933 5952 omnibus
958 5891 1140 5952 diebus
1162 5911 1324 5966 usque
1345 5891 1414 5946 ad
1443 5891 1849 5946 consummatio-

1903 3933 1908 3938 ·
1934 3919 2012 3972 sic
2043 3919 2251 3988 impetit
2293 3937 2305 3970 :
2356 3937 2374 3968 ‹
2415 3918 2520 3973 Sed
2552 3920 2678 3989 quid
2707 3918 3110 3974 consuetudinis
3137 3932 3261 3971 cum

1933 609 2200 683 stimoniaq
2230 609 2373 676 sunt,
2425 612 2618 682 quibus
2674 609 2892 668 fulcitur
2947 609 3183 668 ﬁrmitas
3229 614 3502 683 Ecclesiae,

1929 695 2068 751 quas,
2114 681 2238 750 quia
2289 690 2342 735 et
2383 681 2869 738 controversiarum
2915 684 3003 738 hic
3051 684 3200 739 locus
3247 700 3352 739 non
3399 681 3504 751 est,

1926 748 1982 824 et
2016 748 2186 824 ferme
2224 751 2472 824 omnibus
2509 763 2632 808 nota
2662 763 2805 817 sunt,
2836 753 3029 824 afferre
3068 748 3502 824 supersedemusi

1927 819 1982 873 3°
2012 819 2306 892 Basnagius
2340 821 2576 892 referens
2617 825 2781 877 verba
2817 823 3025 878 Alcuini
3069 819 3148 880 sic
3190 840 3251 878 ea
3290 834 3508 880 contor-

1929 898 2058 958 quet
2086 907 2100 945 :
2143 909 2161 940 ι
2193 890 2324 967 Cum
2355 891 2646 962 Elipandus
2668 910 2856 967 errans
2885 895 2954 948 sit
2982 893 3079 967 _illa
3109 895 3300 967 civitas
3341 911 3506 967 supra

1928 969 2164 1036 montem
2204 963 2399 1032 posita,
2435 979 2562 1036 _quzc
2607 964 3211 1036 nullatenusabscondi
3257 981 3356 1021 nec
3385 963 3508 1036 per-

1928 1028 2090 1084 forari
2119 1028 2348 1099 poterat.
2380 1052 2397 1084 ›
2435 1028 2545 1088 Hoc
2575 1049 2677 1087 non
2709 1035 2842 1087 dixit
2871 1034 3145 1089 Alcuinus.
3180 1033 3287 1090 Sed
3316 1028 3507 1092 incidi-

1930 1114 2048 1154 mus
2071 1101 2123 1154 in
2151 1103 2462 1173 mendacem
2489 1103 2874 1157 immemorem.
2906 1102 3022 1173 lpse
3049 1105 3340 1173 Basnagius
3368 1108 3508 1162 reci-

1929 1176 2139 1244 taVLerat
2158 1172 2321 1225 verba
2350 1172 2580 1238 Aleuini,
2609 1190 2726 1243 qua:
2755 1189 2841 1244 ex,
2861 1172 2976 1244 ejus
3018 1190 3111 1228 ore
3160 1172 3285 1228 talia
3331 1185 3458 1231 sunt
3489 1196 3503 1209 ·

1936 1257 1954 1290 ι
1992 1240 2155 1312 Cujus
2185 1258 2372 1296 murus
2399 1240 2734 1312 nequaquam
2764 1240 2922 1298 debet
2946 1245 3216 1298 insidiosis
3243 1247 3508 1303 cuniculis

1928 1311 2213 1380 cujuslibet
2233 1311 2466 1382 perﬁdia:
2489 1311 2687 1367 alicubi
2714 1312 2997 1384 perforari.
3036 1335 3053 1366 ι
3082 1315 3149 1368 Et
3177 1316 3333 1384 paulo
3367 1317 3504 1374 infra

1930 1393 2198 1449 repetens,
2226 1393 2279 1436 et
2301 1399 2361 1436 ea
2387 1393 2757 1437 commentans
2794 1385 2871 1437 ait
2908 1398 3025 1438 esse
3053 1400 3118 1439 ex
3143 1384 3369 1440 Alcuino
3399 1388 3507 1441 Eli-

1928 1453 2162 1520 pandum
2191 1453 2462 1525 civitatem
2492 1473 2526 1525 «ν
2547 1469 2666 1522 qua:
2691 1469 2791 1507 nec
2815 1453 3082 1525 iabScondi
3125 1471 3221 1509 nec
3245 1456 3508 1525 perforari

1927 1530 2123 1600 potest.
2155 1543 2172 1600 _i
2208 1523 2353 1576 Dixit
2379 1523 2665 1600 Alcuinus_,
2687 1524 2850 1600 228
2869 1541 2971 1577 non
2996 1525 3168 1600 _de_b_et,
3198 1523 3504 1600 oBasnagi,

1929 1607 2034 1666 non
2060 1594 2214 1658 dixit,
2252 1611 2352 1666 non
2390 1604 2587 1666 potest;
2627 1594 2872 1666 Eeclesna
2903 1595 3167 1666 catholica
3197 1611 3298 1650 non
3331 1594 3510 1666 potést

1930 1663 2069 1718 sicut
2102 1679 2199 1718 nec
2236 1664 2487 1739 abscondi
2521 1665 2596 1739 s_i_c
2629 1680 2740 1739 n_ec_
2753 1663 3034 1739 perforari.
3055 1663 3358 1739 Elipandus
3395 1670 3510 1739 epi-

1929 1747 2124 1802 scopus
2186 1742 2250 1805 ut
2293 1733 2487 1804 prwsul
2541 1733 2791 1805 Ecclesiae
2835 1734 3088 1790 abscondi
3131 1733 3347 1805 quidem
3396 1733 3506 1805 non

1927 1811 2136 1871 potest;
2163 1804 2255 1858 sed
2287 1802 2410 1874 quia
2431 1803 2695 1874 perforari
2718 1812 2914 1874 potest,
2955 1806 3075 1859 ideo
3124 1802 3348 1862 monens
3382 1802 3507 1864 eum

1928 1875 2087 1928 ollieii
2126 1875 2240 1946 sui,
2293 1875 2414 1946 ait:
2465 1893 2482 1924 ε
2531 1874 2685 1944 cujus
2728 1891 2915 1930 murus
2962 1890 3302 1946 nequaquam
3349 1879 3510 1934 debet

1927 1945 2189 2015 cuniculis
2214 1944 2452 2014 perﬁdia:
2474 1946 2758 2015 perforari.
2799 1965 2817 1996 ι

1994 2014 2079 2096 Y1.
2113 2015 2409 2096 Bassagius
2430 2014 2618 2096 eadem
2644 2016 2983 2096 paragrapho
3005 2017 3189 2072 relatis
3207 2019 3506 2096 erroribus,

1895 2125 1897 2128 .
1922 2085 2120 2154 quibus
2147 2085 2524 2140 inliciebantur
2551 2085 2837 2155 Hispaniae,
2869 2095 2925 2140 et
2959 2097 3254 2142 memorata
3282 2088 3505 2144 Adriani

1920 2170 2072 2225 papa:
2095 2156 2338 2224 cpistola,
2363 2171 2467 2227 qua
2490 2157 2904 2227 impetebantur,
2923 2159 3101 2211 subdit
3125 2176 3135 2210 :
3168 2177 3186 2208 ι
3204 2159 3375 2214 Unum
3398 2170 3507 2214 stu.

1922 2239 2147 2294 pernus:
2180 2227 2231 2280 in
2265 2226 2414 2281 tanta
2464 2226 2725 2280 malorum
2772 2236 2826 2280 et
2863 2243 3110 2281 errorum
3154 2229 3379 2284 colluvie
3404 2231 3506 2284 mi-

1921 2297 2068 2349 nima
2092 2296 2457 2367 theologorum
2481 2297 2783 2367 sphalmata
2805 2297 2950 2352 circa
2975 2299 3248 2367 paschalis
3266 2300 3508 2354 celebra-

1925 2367 2125 2440 tionem
2155 2375 2210 2421 et
2236 2366 2423 2440 vocem
2465 2368 2700 2440 adoptivi
2731 2366 2823 2420 ﬁlii
2868 2366 3128 2440 censuras
3157 2377 3238 2424 tot
3267 2370 3506 2440 talesque

1923 2437 2399 2510 attraxisse,__dum
2436 2437 2731 2510 majoribus
2758 2438 2995 2509 peccatis
3037 2439 3188 2493 circa
3232 2437 3510 2510 prtedcsti-

1887 2524 1892 2528 ·
1923 2510 2195 2561 nationem
2235 2507 2570 2578 liberumque
2615 2507 2918 2572 arbitrium,
2962 2517 3016 2563 et
3045 2507 3253 2562 morum
3285 2511 3508 2579 impuri-

1925 2579 2022 2648 tati
2052 2587 2382 2647 parceretur.
2423 2599 2441 2630 ›
2479 2579 2755 2645 Quomodo
2777 2579 2996 2632 minima
3027 2580 3326 2648 sphalmata
3358 2583 3509 2636 theo-

1924 2647 2164 2730 iugorum
2196 2649 2440 2730 habenda
2479 2658 2604 2703 sunt
2642 2649 2768 2730 ilia,
2795 2649 3001 2730 quibus
3034 2647 3255 2730 [peresis
3299 2651 3511 2730 fovetur

1889 2737 1893 2740 '
1924 2718 2006 2784 Qu
2026 2720 2558 2790 irtadecimanorum,
2585 2728 2640 2773 et
2665 2718 2916 2773 divinitas
2940 2719 3144 2790 Christi
3182 2719 3307 2775 Jesu
3338 2722 3510 2790 impu—

1924 2790 2166 2860 gnatur?
2213 2789 2326 2844 Non
2381 2789 2571 2844 habuit
2617 2798 2771 2844 vetus
2826 2789 3067 2860 Ecclesia
3113 2795 3219 2860 {pro
3272 2789 3510 2846 minimis

1925 2859 2315 2928 Spbalmatibus
2334 2875 2546 2915 errores
2573 2861 2720 2931 circa
2754 2860 2948 2914 festum
2977 2859 3220 2925 Pascha),
3253 2877 3371 2931 qua:
3398 2871 3509 2915 tam

1926 2932 2126 3002 acriter
2151 2946 2244 2985 eos
2273 2932 2544 3002 quondam
2583 2930 2685 2983 fuit
2731 2931 3017 2986 insectata.
3062 2931 3180 3000 Ipse
3217 2930 3514 3002 Basnagius

1926 3000 2123 3055 ibidem
2150 3000 2312 3067 dolet,
2345 3002 2487 3071 quod
2521 3020 2539 3051 ‹
2565 3015 2836 3072 proceres,
2855 3011 2912 3056 et
2951 3002 3178 3072 populus
3208 3000 3514 3072 (Hispania-

1925 3072 2068 3142 rum)
2097 3088 2194 3141 pro
2240 3087 2297 3126 se
2342 3071 2592 3143 quisque,
2636 3081 2694 3126 ut
2740 3071 3038 3126 collibitum
3073 3071 3316 3138 erat,ita
3345 3074 3510 3126 vitam

1927 3143 2297 3208 instituebant,
2340 3150 2502 3212 atque
2553 3143 2620 3197 de
2659 3145 2819 3197 rebus
2874 3143 3087 3207 div.nis,
3139 3143 3282 3198 nullo
3329 3143 3514 3212 prohi-

1927 3213 2110 3285 bente,
2140 3228 2237 3282 pro
2263 3213 2537 3267 voluntate
2585 3222 2747 3283 atque
2794 3213 3057 3285 arbitratu
3087 3213 3277 3285 singuli
3318 3213 3514 3285 sentie-

1928 3284 2082 3365 bant,
2105 3300 2223 3365 qua:
2254 3282 2740 3365 magnapernicies
2766 3292 2868 3365 est.
2900 3303 2917 3334 ι
2943 3282 3196 3352 Magnam
3218 3284 3513 3365 perniciem

1929 3352 2140 3408 fatetur
2157 3356 2220 3408 de
2245 3352 2405 3409 rebus
2433 3352 2626 3407 divinis
2647 3369 2744 3424 pro
2765 3352 3043 3424 voluntate
3061 3352 3233 3424 atque
3249 3355 3515 3408 arbitratu

1929 3425 2151 3487 sentire,
2201 3433 2257 3478 et
2291 3425 2513 3478 minima
2556 3423 2858 3494 sphalmata
2908 3423 3275 3494 theologorum
3333 3432 3511 3488 vocat,

1930 3510 2051 3564 quae
2087 3495 2226 3550 hanc
2254 3509 2505 3566 magnam
2533 3493 2811 3558 creabant,
2850 3493 3180 3563 perniciem?
3230 3494 3514 3548 Hominem

1931 3581 2037 3620 non
2067 3580 2243 3620 canto.

2004 3582 2454 3708 ptigsnagius
2479 3636 2819 3708 paragrapho
2846 3634 2880 3688 3
2906 3634 3199 3708 Marianum
3242 3635 3517 3708 etcardi;

1933 3705 2110 3777 nalem
2151 3707 2216 3760 de
2258 3704 2507 3777 Aguirre,
2541 3704 2640 3777 qui
2674 3704 2889 3761 errores
2940 3705 3136 3777 Felicis
3178 3712 3233 3760 et
3267 3704 3516 3777 Elipandi

1933 3775 2116 3831 forsan
2147 3775 2494 3847 deceptorum
2524 3775 2574 3832 ai
2590 3778 2908 3848 contagione
2934 3791 2964 3830 e
2990 3776 3236 3848 proximo
3267 3775 3517 3844 blasphe-

1935 3848 2196 3902 mantium
2232 3848 2727 3903 Mahometanorum
2755 3847 3018 3918 originem
3049 3847 3278 3900 traxisse
3303 3854 3514 3918 putant,

3333 3931 3519 3972 aracc—

1934 3989 2020 4044 nis
2041 3989 2422 4044 ferocissimis?
2451 3999 2545 4044 aut
2579 3990 2699 4044 ﬁdei
2731 3989 3092 4044 concretionis
3133 3989 3272 4058 apud
3312 3989 3520 4059 episco-

1934 4075 2032 4130 pos
2061 4059 2181 4114 ﬁdei
2203 4060 2512 4116 defensione
2554 4061 2606 4114 iu
2635 4062 2845 4114 caeteris
2881 4059 3302 4114 illustrissimos?
3331 4069 3384 4113 et
3410 4072 3517 4130 qua

1936 4129 2146 4184 ratione
2183 4131 2357 4201 po‘tuit
2386 4147 2415 4184 a
2448 4130 2838 4186 Mahometanis
2882 4131 3089 4184 hauriri
3123 4130 3399 4201 sententia
3453 4129 3522 4183 de

1935 4201 2044 4255 ﬁlio
2072 4199 2340 4270 adoptivo,
2374 4201 2458 4255 his
2496 4203 2826 4270 temporibus
2871 4201 3064 4270 smpius
3101 4199 3356 4270 damnata
3400 4208 3521 4252 tan-

1936 4287 2098 4340 quam
2149 4269 2422 4336 liaaretica,
2455 4269 2797 4341 nequaquam
2839 4269 3258 4341 verotanquam
3291 4269 3520 4324 Sarace-

1936 4342 2079 4412 nica,
2109 4356 2211 4395 non
2235 4342 2378 4395 enim
2404 4340 2551 4412 olim,
2568 4345 2862 4412 parcebant
2888 4340 3066 4412 verbis
3095 4341 3361 4412 ipsissima
3390 4355 3519 4412 eon-

1935 4411 2078 4466 cilia.
2109 4412 2347 4482 Denique
2393 4410 2626 4467 Felicem
2655 4422 2843 4467 contra
2893 4411 3194 4465 Saracenos
3241 4410 3521 4482 scripsisse

1932 4482 2049 4554 jam
2062 4481 2398 4554 _notavimus.
2433 4503 2450 4535 ι
2486 4483 2679 4554 Fertne
2717 4492 2847 4554 quot
2893 4483 3057 4554 verba
3099 4489 3177 4534 tot
3215 4481 3518 4554 mendacia2

1942 4551 1996 4624 in
2032 4551 2146 4606 Non
2171 4562 2253 4609 est
2279 4554 2573 4608 cardinalis
2602 4553 2667 4608 de
2695 4551 2923 4624 A'guirre
2963 4553 3078 4624 ista
3097 4551 3392 4624 sententia,
3428 4551 3522 4624 s_ed

1870 4614 2142 4678 DNicolai
2193 4624 2410 4678 Antonii
2460 4614 2788 4693 llispalensis
2831 4623 2922 4692 qui
2960 4622 3014 4675 in
3049 4621 3377 4693 Bibliotheca
3431 4620 3526 4693 Hi—

1941 4709 2107 4764 spana
2141 4694 2324 4764 (quam
2365 4690 2693 4764 tamen—Ope
2743 4690 3034 4749 cardinalis
3067 4693 3144 4764 _de
3195 4690 3425 4764 Aguirre
3468 4691 3523 4744 in

1942 4762 2112 4820 lucem
2144 4762 2342 4819 editam
2375 4765 2540 4820 fuisse
2574 4762 2678 4818 non
2709 4764 3038 4833 dillitemur),
3065 4762 3165 4816 ista
3200 4762 3407 4826 scribit,
3431 4777 3526 4833 eu-

1935 4834 2024 4905 jus
2070 4834 2254 4900 verba,
2304 4852 2422 4904 qum
2468 4836 2662 4889 recitat
2690 4831 3010 4905 Basnagius,
3050 4833 3272 4905 recitata
3312 4849 3342 4886 a
3372 4831 3528 4905 nqbis

1942 4901 2155 4975 quoque
2185 4901 2390 4959 sunt—in
2422 4905 2646 4959 Dissert.
2679 4901 2936 4958 historica
2967 4904 3047 4975 de
3077 4903 3272 4975 Felicis
3305 4910 3370 4975 set
3407 4901 3528 4975 Eli-

1942 4972 2102 5046 pandi
2149 4977 2362 5038 hwresi,
2405 4992 2457 5028 n.
2504 4975 2650 5046 5.2°
2685 4975 2818 5046 Cum
2867 4973 3032 5046 verbo
3064 4974 3245 5043 forsan
3274 4972 3526 5046 Nicolaus

1943 5044 2247 5114 opinionem
2279 5060 2428 5101 suam
2456 5045 2634 5116 prodit
2658 5064 2678 5116 7:
2709 5045 3004 5116 Basnagius
3039 5047 3242 5116 nodum,
3269 5046 3322 5098 in
3352 5044 3530 5112 scirpo

1944 5132 2191 5185 quaerens
2226 5115 2482 5186 tanquam
2524 5115 2823 5170 absolutam
2860 5115 3204 5186 sententiam,
3230 5115 3527 5186 impugnat.

1944 5183 2001 5240 3°
2026 5187 2251 5241 Miratur
2278 5183 2396 5256 qua:
2422 5185 2586 5241 fuerit
2631 5187 2960 5242 consuetudo
2989 5185 3238 5256 Hispanis
3277 5183 3401 5256 cuni
3431 5183 3532 5238 Sa-

1945 5258 2192 5312 racenis?
2219 5253 2323 5311 Per
2361 5264 2483 5311 octo
2521 5264 2577 5311 et
2615 5257 2845 5326 amplius
2891 5253 3099 5312 stecula
3143 5255 3311 5309 Mauri
3367 5253 3533 5308 Sara-

1944 5330 2172 5398 cenique
2208 5327 2460 5398 Hispanis
2511 5328 2767 5382 dominati
2819 5336 2946 5382 sunt
2993 5328 3249 5398 ab_anno
3285 5326 3385 5398 711
3425 5338 3534 5398 quo

1946 5395 2230 5467 Hispanias
2255 5395 2478 5468 ingressi
2518 5406 2641 5451 sunt
2681 5399 2748 5451 ad
2791 5413 2990 5468 annum
3035 5396 3173 5452 1492
3214 5411 3320 5466 quo
3347 5395 3534 5451 Ferdio

1947 5470 2122 5522 nando
2154 5483 2280 5539 rege
2310 5467 2435 5522 sunt
2461 5467 2668 5538 expulsi
2699 5469 2766 5522 ab
2795 5467 3068 5538 Hispaniis
3093 5475 3148 5524 et
3175 5468 3370 5537 quaerit
3413 5479 3532 5539 qua!

1947 5539 2184 5608 potuerit
2209 5534 2327 5593 Esse
2374 5553 2472 5609 per
2501 5534 2865 5609 septingentos
2895 5534 2959 5593 ἐι
2988 5534 3216 5609 amplius
3245 5550 3415 5609 annos
3443 5534 3534 5609 lli-

1928 5605 2144 5678 spanos
2173 5612 2314 5663 inter
2339 5605 2394 5663 ei
2433 5605 2735 5663 Saracenos
2761 5605 3116 5664 consuetudo.
3140 5607 3199 5660 4ο
3239 5605 3535 5678 Elipandus

1949 5674 2005 5734 et
2053 5678 2223 5743 Felix,
2250 5687 2333 5749 _ut
2379 5679 2620 5749 haeretici
2666 5679 2972 5749 proscripti,
3016 5687 3230 5740 suntne,
3281 5674 3534 5749 Dasnagi,

1949 5750 2186 5820 episcopi
2236 5746 2718 5820 ﬁdei_defensioue
2766 5746 3148 5820 illustrissimi?
3191 5749 3257 5820 5°_
3282 5746 3395 5820 Qua
3429 5749 3537 5820 Dra-

1951 5814 2106 5902 tione
2116 5814 2349 5902 potpit'a
2375 5818 3004 5902 Mahometanis‘hauriri
3031 5816 3409 5902 sententia‘de‘
3427 5814 3539 5902 filio

1950 5887 2234 5961 adoptivo?
2268 5887 2448 5945 Novus
2470 5891 2631 5945 homo
2648 5889 2864 5945 videtur
2881 5888 3178 5959 Basnagius
3206 5889 3260 5944 in
3289 5887 3540 5944 doctrina
