4026 6364
283 331 388 392 597

279 595 590 652 Terentiam
619 594 673 648 in
701 593 918 666 prologo
947 592 1308 660 Phormionis,
1334 610 1388 662 v,
1419 595 1489 649 20
1518 614 1531 649 :

1307 335 1390 394 ne
1431 335 1749 396 SYMBOLO
1783 336 1961 398 non
2017 324 2495 401 nissnarmo.

281 470 468 512 rerum
493 449 755 508 cautelam
778 447 1044 523 refellere.
1075 448 1132 506 Si
1156 452 1239 506 cui
1267 453 1469 518 acrior,
1489 469 1648 523 qnam
1673 460 1856 509 nostra
1885 462 1934 518 Α

282 525 388 580 fert
433 524 793 588 consuetudo,
843 522 1011 592 stylus
1050 523 1324 589 videatur,
1371 522 1674 580 meminerit
1718 526 1858 581 illius

3425 343 3533 405 598

2206 479 2296 546 llic
2319 482 2620 543 respondere
2650 482 2818 546 voluit,
2845 491 2946 546 non
2965 481 3232 546 lacessere.

2211 545 2490 596 Benedictis
2508 546 2550 595 sl
2574 544 2833 607 certasset,
2857 544 3078 597 audisset
3098 545 3252 598 bene.

1328 843 2008 925 DISSERTATIO
2065 844 2323 937 QUIN
2334 845 2492 926 TA.

1508 1005 1615 1069 DE
1650 1002 2027 1066 SYMBOLO
2063 1005 2301 1067 FIDE].

337 1211 376 1272 l.
410 1215 601 1272 Gra’ca
625 1231 726 1270 vox
747 1215 1002 1288 σύμϐολον
1021 1214 1297 1271 latissimae
1319 1220 1404 1288 est
1422 1213 1861 1288 signiﬁcationis;

1956 1215 2482 1304 yexandrum‘saac.
2500 1232 2551 1304 1‘,
2577 1215 2794 1304 dissert.
2824 1217 2892 1272 l2
2919 1216 2986 1274 de
3023 1219 3265 1304 symbolo
3288 1221 3531 1304 pluribus

270 1288 639 1368 accipiturque
653 1285 967 1368 prqiridicio
981 1302 1072 1368 seu
1091 1287 1244 1368 signo
1259 1285 1622 1368 cujuscunque
1640 1285 1714 1338 rei
1734 1303 1748 1349 ;
1767 1302 1863 1367 un-
1955 1295 2193 1368 tuentem
2215 1287 2492 1368 veritatem
2518 1287 2841 1368 traditionis,
2871 1305 2990 1360 qua:
3016 1285 3085 1346 ab
3111 1285 3365 1363 apostolis

269 1360 328 1413 de
351 1356 406 1412 et
428 1356 954 1423 tessertemilitares,
995 1356 1303 1426 hospitales,
1339 1356 1650 1421 theatrales,
1682 1357 1861 1411 convi-

267 1429 408 1482 vales
420 1429 660 1497 symbolo
683 1430 840 1484 dicta.
864 1428 1015 1499 Apud
1035 1428 1371 1499 Christianos
1390 1442 1520 1481 vero
1541 1426 1860 1499 Patrcsejus

1953 1358 2134 1412 bolum
2156 1357 2456 1412 confectum
2480 1357 2734 1412 affirmat.

2024 1429 2109 1482 IV.
2145 1427 2255 1482 Hoc
2294 1429 2455 1497 igitur
2491 1430 2850 1505 apostolorum
2887 1447 3052 1502 opus,
3083 1434 3413 1505 symbolum,
3451 1437 3531 1492 in-

263 1499 592 1569 significatio
621 1497 957 1555 contrahitur
987 1498 1053 1553 ad
1083 1499 1405 1569 inniuendam
1435 1497 1669 1568 regulam
1709 1497 1870 1551 illam.
1952 1515 2135 1569 quam,
2172 1515 2384 1568 semper
2421 1497 2721 1569 amplexata
2762 1510 2816 1555 et
2856 1497 3126 1558 venerata'
3143 1511 3227 1560 est
3269 1497 3529 1561 catholica

261 1566 360 1640 qua
393 1585 611 1624 summa
638 1569 759 1624 ﬁdei
789 1571 1112 1624 continetur.
1157 1568 1247 1623 Sic
1286 1566 1542 1622 Paulinus
1578 1575 1762 1622 noster
1797 1570 1851 1623 in

258 1639 498 1711 Concilio
520 1640 893 1711 Forojuliensi,
918 1639 1233 1694 vocabulum
1257 1648 1409 1693 vetus
1437 1647 1673 1711 secutus,
1705 1655 1848 1708 sym-

1979 1570 2208 1646 Bcclesia,
2238 1585 2357 1638 quae
2383 1571 2910 1646 prioribusszeculis,
2945 1575 3139 1644 quibus
3168 1577 3401 1646 undique
3430 1579 3530 1632 im-

1951 1643 2230 1710 petebatur
2263 1656 2292 1693 a
2334 1643 2790 1710 persecutoribus,
2836 1661 2900 1698 ne
2944 1643 3126 1700 sancta
3171 1662 3266 1700 sua
3305 1643 3530 1702 canibus

258 1711 441 1781 bolum
478 1710 597 1765 fidei
628 1706 938 1766 memoriter
965 1711 1250 1764 tenendum
1278 1709 1562 1781 proponit;
1581 1727 1597 1758 ι
1624 1706 1846 1778 Synibo-
1880 1706 1921 1763 Β
1949 1706 2178 1780 prodere
2203 1706 2506 1780 cogeretur,
2537 1706 2790 1768 oretenus
2836 1714 2960 1769 illud
2993 1716 3232 1781 tradere,
3262 1732 3366 1771 non
3395 1717 3531 1773 scri-

257 1780 386 1848 lum,
415 1781 517 1846 ait,
549 1790 599 1835 et
628 1783 926 1836 orationem
957 1781 1288 1834 Dominicam
1308 1781 1485 1834 omnis
1508 1779 1846 1836 Christianus

257 1852 581 1906 memoriter
625 1853 777 1922 sciat.
815 1872 833 1904 ι
890 1852 957 1906 Et
1001 1851 1158 1922 paulo
1208 1860 1330 1904 ante
1372 1851 1848 1922 commendaverat

255 1923 564 1992 symbolum
592 1921 866 1978 Niczenum
904 1920 1348 1986 seu'Politanum,
1381 1920 1523 1991 quod
1555 1921 1608 1974 in
1640 1924 1844 1992 synodo

251 2009 376 2047 cum
439 1993 760 2065 quibusdam
815 1992 1282 2048 dilucidationibus
1323 2001 1721 2116 (proposuerat,
1774 1994 1843 2046 ab

251 2063 639 2116 ecclesiasticis
669 2065 871 2116 pariter
895 2065 1168 2116 memorim
1194 2077 1317 2116 man
1360 2065 1462 2116 ari.
1496 2063 1687 2116 inteari
1717 2064 1843 2116 anni

249 2063 639 2119 ecclesiasticis
669 2065 871 2135 pariter
895 2065 1168 2119 memorim
1194 2063 1462 2135 mandari,
1496 2063 1687 2135 integri
1717 2064 1843 2117 anni

251 2135 430 2206 spatio
466 2137 530 2190 iis
562 2131 834 2198 concesso,
863 2136 954 2206 qui
980 2133 1241 2189 bebetiori
1265 2134 1476 2203 ingenio
1497 2131 1679 2206 forent
1703 2135 1844 2206 :Aita-

251 2221 350 2274 que
398 2205 746 2276 imperatum,
774 2213 831 2260 ut
867 2203 920 2259 in
953 2205 1317 2260 anniversaria
1355 2203 1567 2276 concilii
1605 2204 1842 2276 sessione

251 2275 503 2348 valerent
538 2293 634 2331 nec
663 2278 812 2347 apice
831 2278 1196 2348 praetermisso
1217 2277 1358 2348 quod
1383 2275 1684 2348 didicerant
1707 2275 1843 2329 reci-

250 2355 384 2400 tare.
435 2347 569 2402 Cum
597 2345 773 2401 autem
803 2345 1045 2418 qius-dam
1070 2349 1120 2401 in
1146 2347 1369 2418 historia
1399 2345 1625 2418 symboli
1651 2361 1842 2399 occur-

250 2425 395 2482 rant,
432 2433 553 2487 qua:
582 2434 667 2472 res
695 2416 1051 2488 Aquileiensis
1074 2417 1314 2471 ecclesim
1340 2416 1560 2488 propius
1592 2424 1837 2487 tangunt,

249 2503 349 2540 non
384 2489 458 2542 ab
491 2505 548 2543 re
579 2487 851 2555 duximus,
883 2489 925 2543 si
961 2491 1028 2542 ab
1061 2503 1194 2554 ovo,
1237 2496 1296 2540 ut
1337 2487 1556 2549 dicitur,
1601 2502 1715 2540 rem
1749 2503 1840 2556 pe--

250 2567 450 2631 tentes,
481 2560 633 2628 prius
659 2560 722 2613 de
761 2559 1000 2631 symbolo
1019 2558 1156 2631 ﬁdei
1187 2559 1240 2612 in
1268 2557 1510 2631 Ecclesia
1548 2558 1840 2631 universali

247 2628 560 2695 historiam,
603 2628 871 2684 succincte
906 2630 1118 2700 quidem
1152 2628 1518 2693 texuerimus;
1549 2628 1739 2683 deinde
1773 2631 1839 2700 ad

246 2700 556 2768 symbolum
587 2699 828 2755 ecclesiae
857 2699 1052 2755 nostra:
1078 2700 1535 2764 descenderimus,
1565 2707 1620 2753 et
1641 2700 1688 2754 si
1708 2699 1841 2769 quid

245 2771 312 2823 ad
353 2770 646 2844 Paulinum
687 2780 930 2825 nostrum
965 2773 1375 2844 cognoverimus
1411 2771 1706 2841 pertinere,
1744 2785 1841 2841 op-

245 2849 480 2910 portune
519 2842 569 2895 in
579 2851 920 2898 terscramns.

311 2910 376 2964 ll.
405 2911 497 2985 _Ut
518 2928 638 2966 cum
669 2914 1022 2985 scriptoribus
1059 2911 1377 2985 synchronis
1414 2911 1583 2985 sancti
1631 2910 1840 2985 Paulini

246 2983 416 3035 nostri
457 2981 825 3049 exordiamur,
864 2984 1047 3054 accipe
1078 2981 1107 3037 a
1140 2983 1230 3037 lib.
1269 3000 1286 3037 ι
1321 2983 1526 3036 Etherii
1571 2990 1628 3035 et
1664 2981 1837 3054 Beati,

247 3067 408 3177 quem
436 3062 626 3108 contra
656 3052 1350 3137 Elipandtun'scripsernnt,
1373 3067 1542 3122 quare
1564 3053 1746 3123 regula
1777 3052 1840 3106 fi-

283 3138 328 3177 et
352 3125 659 3177 svmbolum
685 3125 894 3177 dicatur
925 3145 936 3177 :
972 3143 990 3175 ‹
1015 3124 1319 3177 Sumbolum
1345 3124 1551 3177 Graece.
1575 3125 1717 3177 uuod
1739 3125 1840 3177 La-

283 3124 328 3177 ei
352 3125 659 3195 symbolum
685 3124 894 3180 dicatur
925 3145 936 3179 :
972 3143 990 3175 ‹
1015 3124 1319 3194 Symbolum
1345 3124 1551 3187 Graece,
1575 3125 1717 3194 quod
1739 3125 1840 3178 La-

248 3195 355 3264 tine
397 3195 600 3250 dicitur
637 3196 885 3250 indicium
915 3204 970 3250 et
996 3196 1224 3251 collatio.
1275 3195 1530 3249 Indicium
1566 3203 1669 3259 est,
1712 3195 1838 3264 quia

246 3263 452 3320 indicat
480 3266 567 3322 cui
595 3267 816 3322 credere
855 3267 1166 3329 debeamus,
1205 3267 1257 3320 id
1297 3274 1381 3320 est
1417 3265 1506 3318 uni
1548 3264 1658 3319 Deo
1688 3263 1840 3320 Patri

245 3346 301 3408 et
321 3335 468 3408 Filio
496 3345 550 3391 et
579 3335 802 3407 Spiritui
839 3349 1044 3393 sancto.
1067 3378 1081 3392 .
1100 3377 1114 3392 .
1135 3378 1147 3391 .
1171 3377 1183 3389 .
1213 3336 1439 3390 Collatio
1464 3336 1662 3408 dicitur
1689 3352 1836 3408 sym-

244 3406 451 3479 bolum,
479 3408 581 3463 hoc
606 3405 690 3463 est
723 3409 863 3479 quod
893 3409 1075 3479 plures
1103 3412 1157 3463 in
1180 3424 1345 3461 unum
1384 3405 1696 3479 conterunt.
1716 3405 1730 3461 ζ
1749 3445 1766 3462 .
1785 3447 1800 3462 .
1818 3443 1837 3462 .

247 3475 384 3551 Nam
411 3479 593 3551 dicunt
620 3475 855 3551 majores
881 3475 1048 3534 nostri
1073 3479 1214 3551 quod
1241 3475 1465 3551 apostoli
1492 3485 1620 3551 post
1637 3477 1838 3551 Ascen-

253 3549 464 3603 sionem
490 3547 784 3604 Domini'et
818 3547 1116 3605 Salvatoris
1143 3547 1310 3603 nostri
1341 3548 1464 3602 Jesu
1494 3547 1694 3602 Christi
1735 3550 1838 3603 hoc

258 3619 576 3692 symbolum,
609 3622 772 3676 breve
801 3623 902 3677 sibi
928 3621 1326 3692 praedicationis
1357 3619 1633 3683 indicium,
1657 3619 1836 3692 confe-

261 3689 429 3763 rendo
466 3691 515 3763 in
544 3707 704 3745 unum
742 3692 881 3763 quod
920 3689 1252 3756 sentiebant,
1285 3696 1630 3763 componunt,
1661 3705 1730 3763 ne
1760 3690 1837 3763 lo-_-

254 3759 446 3814 calitcr
471 3761 534 3814 ab
560 3758 787 3817 invicem
827 3763 1162 3818 discedentes
1199 3758 1468 3816 diversum
1510 3758 1712 3828 aliquid
1750 3761 1836 3815 vel

252 3831 524 3903 dissonum
554 3833 942 3903 praedicaretur
971 3834 1075 3897 his,
1105 3833 1196 3903 qui
1225 3834 1292 3886 ad
1329 3832 1487 3903 fidem
1517 3830 1718 3903 Christi
1753 3831 1835 3884 in-

248 3900 578 3971 vitabantur.
606 3923 625 3956 ι
666 3901 806 3958 idem
838 3903 1004 3958 ferme
1048 3900 1272 3958 llu'tinus
1312 3903 1364 3957 in
1398 3901 1637 3970 Exposit.
1681 3900 1836 3971 Syru-

245 3970 354 4025 boli
404 3988 552 4026 num.
585 3972 620 4027 2
651 3984 772 4030 ante
803 3991 924 4046 cum
963 3975 1274 4046 scripserat.
1317 3970 1834 4046 Advertendumat-

244 4049 431 4097 tamen
454 4051 556 4116 est,
580 4046 720 4116 quod
751 4045 960 4099 collatio
981 4088 994 4112 ,
1024 4040 1128 4116 qua
1149 4045 1516 4116 unusquisque
1539 4040 1740 4116 aliquid
1766 4043 1833 4097 de

239 4129 342 4186 suo
372 4113 544 4186 ponit,
575 4113 701 4186 puta
726 4118 789 4170 ad
828 4113 1465 4180 caenam—instituendam,
1491 4113 1670 4183 potius
1695 4130 1834 4184 agm-

239 4184 614 4258 bolgidicatu—r
643 4203 801 4258 quam
835 4186 1144 4257 symbolum.

312 4253 401 4309 lll.
445 4254 537 4313 Sic
580 4253 951 4328 ab'apostolis
993 4256 1318 4328 processisse
1358 4253 1657 4328 symbolum
1707 4253 1832 4328 fidei

239 4328 430 4398 quieta
469 4324 753 4382 traditione
793 4324 1099 4398 susceptum
1136 4336 1238 4390 est,
1276 4333 1336 4378 ut
1373 4324 1554 4398 mirati
1592 4324 1831 4398 plerique

237 4397 450 4464 fuerint
485 4414 597 4452 rem
635 4400 686 4453 in
724 4396 964 4452 dubium
981 4407 1221 4454 vocatam
1256 4397 1453 4451 nostris
1477 4396 1826 4464 temporibus.

1947 1790 2039 1851 pto
2079 1781 2131 1836 in
2170 1797 2321 1853 more
2361 1783 2660 1837 habuitzet
2688 1784 2882 1839 exhinc
2918 1786 2992 1840 nil
3034 1786 3262 1853 mirum,
3309 1789 3354 1843 si
3390 1789 3531 1843 inter

1945 1861 2158 1907 veteres
2185 1851 2375 1906 Patres
2410 1853 2551 1907 baud
2580 1870 2847 1924 quaquam
2885 1855 3184 1922 invenitur,
3229 1851 3350 1913 eum
3384 1873 3529 1914 sum-

1946 1937 2167 1994 mopere
2193 1933 2468 1988 caverent,
2505 1941 2570 1978 ne
2613 1922 2892 2048 Scri‘ptura
2925 1927 3227 1998 bujnsmodi
3263 1929 3314 1982 in
3338 1928 3528 2048 profa-

1946 2009 2137 2048 norum
2167 2009 2360 2048 manus
2385 1995 2679 2048 deveniret.
2771 1995 2945 2048 ufinus
2985 2000 3038 2048 in
3071 1998 3312 2048 Exnosit.
3379 2002 3524 2048 vmb.

1945 2009 2360 2070 norum.manu_s
2385 1995 2679 2070 deveniret.
2721 1995 3038 2070 Rufinuswi'n
3071 1998 3312 2070 Exposit.
3338 1995 3524 2070 Symb.

1944 2079 2102 2139 num.
2126 2064 2195 2118 2:
2231 2064 2332 2139 gld
2367 2066 2513 2139 circo
2561 2066 2675 2139 haec
2703 2082 2817 2139 non
2866 2068 3027 2139 scribi
3068 2064 3326 2123 chartulis
3365 2064 3527 2139 atque

1945 2136 2306 2201 membranis,
2351 2137 2445 2192 sed
2493 2137 2713 2192 retineri
2759 2137 3009 2193 cordibus
3054 2136 3529 2205 tradideruntfut

1945 2215 2152 2279 certum
2193 2216 2335 2279 esset
2368 2208 2633 2279 neminem
2671 2209 2790 2279 haec
2813 2224 2877 2279 ex
2919 2208 3175 2275 lectione,
3210 2226 3330 2279 quae
3362 2211 3529 2264 inter-

1943 2276 2071 2351 dum
2093 2278 2375 2351 pervenire
2396 2278 2644 2351 etiamad
2669 2278 2909 2351 infideles
2932 2280 3086 2344 solet,
3111 2281 3201 2351 sed
3221 2276 3289 2351 ex
3315 2289 3528 2351 aposto-

1942 2345 2117 2422 lorum
2146 2348 2443 2422 _t_raditione
2473 2347 3034 2422 didicissesufficeret.
3060 2370 3079 2401 ι
3114 2349 3192 2404 Ad
3210 2350 3331 2422 haec
3349 2345 3527 2422 respi-

1941 2417 2500 2490 ciebat_llierony_mus
2535 2419 2691 2490 epist.
2723 2419 2810 2482 6|,
2849 2419 3118 2490 disserens
3156 2421 3412 2476 adversus
3441 2417 3526 2477 er-

1944 2487 2843 2563 roresloannisllierosolymitani,
2868 2489 3113 2563 inquiens
3138 2509 3199 2563 εξ(
3222 2491 3280 2545 ln
3308 2493 3526 2563 symbo-

1943 2556 1994 2612 lo
2036 2559 2247 2632 lidei‘et
2287 2561 2397 2632 spei
2443 2556 2670 2632 nostris,
2705 2557 2844 2630 quod
2878 2556 2954 2613 ali
2978 2561 3230 2632 apostolis
3265 2556 3524 2618 tradittun

1941 2644 2049 2684 non
2077 2629 2329 2684 scribitur
2363 2631 2415 2684 in
2440 2631 2628 2685 charta
2667 2629 2734 2685 et,
2759 2629 3082 2697 atramento,
3118 2632 3211 2686 sed
3240 2633 3292 2686 in
3332 2634 3526 2689 tabulis

1941 2700 2122 2754 cordis
2163 2700 2471 2756 carnalibus
2518 2710 2639 2771 post
2683 2701 3074 2758 confessionem
3115 2703 3427 2770 Trinitatis,
3471 2714 3527 2759 et

1941 2771 2202 2826 unitatem
2230 2771 2513 2845 Ecclesia),
2540 2787 2697 2845 omne
2729 2771 3017 2845 Christiani
3035 2774 3314 2845 dogmatis
3337 2789 3524 2830 sacra-

1940 2849 2181 2895 mentum
2213 2843 2392 2897 carnis
2411 2843 2803 2898 resurrectione
2825 2843 3178 2898 concluditur.
3202 2864 3220 2896 ι
3251 2843 3388 2900 Hinc
3416 2863 3522 2901 non

1940 2913 2305 2968 extensiorem
2330 2914 2572 2997 _symboli
2617 2914 3033 2997 propositionem
3075 2916 3128 2969 in
3175 2915 3376 2997 sanctis
3415 2919 3527 2997 pri-

1942 2997 2155 3058 morum
2182 2983 2502 3058 seculorum
2527 2983 2908 3058 Patribusbae
2926 2984 3234 3058 Hieronymi
3259 2983 3520 3058 invenies,

1942 3053 1990 3108 si
2017 3054 2202 3132 demas
2224 3054 2610 3109 Tertullianum
2636 3055 2846 3132 qui_lib_.
2877 3055 2953 3132 De
2985 3053 3523 3132 Virgi'nib._velandis

1943 3126 2229 3194 quosdam,
2265 3141 2371 3180 non
2404 3142 2612 3192 omnes,
2651 3125 2906 3182 articulos
2930 3125 3123 3192 innuit,
3162 3137 3217 3183 et
3256 3129 3354 3184 bos
3390 3131 3524 3184 satis

1944 3205 2239 3270 comraete.
2291 3216 2308 3247 ι
2331 3197 2534 3270 Regula
2564 3198 2841 3270 fidei,ﬂait,
2881 3213 2987 3252 una
3023 3199 3241 3253 omnino
3271 3209 3374 3270 est,
3409 3200 3521 3254 sola

1941 3265 2260 3332 immobilis,
2291 3277 2347 3323 et
2368 3265 2796 3333 irieformabilis,
2820 3270 3070 3324 credendi
3095 3270 3300 3324 scilicet
3324 3265 3372 3325 in
3411 3272 3520 3324 uni-

1941 3349 2064 3408 cum
2081 3337 2248 3391 Deum
2261 3340 2700 3408 omnipotentem,
2716 3341 2900 3394 mundi
2915 3341 3245 3396 conditorem
3259 3350 3312 3395 et
3329 3339 3523 3395 Filium

1939 3406 2057 3480 ejus
2075 3408 2259 3463 Jesum
2287 3406 2582 3474 Christum,
2614 3419 2796 3464 natum
2828 3425 2895 3464 ex
2934 3411 3138 3480 virgine
3172 3412 3354 3477 .llaria,
3392 3427 3511 3467 cru—

1941 3477 2159 3532 cifixum
2195 3481 2295 3534 sub
2330 3480 2520 3535 Pontio
2553 3479 2746 3545 Pilato,
2777 3482 2935 3534 tertia
2963 3477 3048 3534 die
3084 3484 3462 3536 resuscitatum
3487 3499 3518 3535 a

1940 3550 2187 3621 mortuis,
2215 3561 2490 3621 receptum
2513 3551 2566 3605 in
2589 3551 2760 3614 ctelis,
2782 3551 3053 3606 sedentem
3079 3567 3220 3606 nunc
3246 3553 3311 3605 ad
3335 3554 3521 3607 dexte-

1941 3632 2056 3671 ram
2075 3619 2295 3692 Patris,
2327 3619 2609 3676 venturum
2631 3621 2874 3690 judicare
2898 3622 3046 3692 vivos
3065 3630 3126 3687 et
3157 3634 3397 3677 mortuos
3422 3639 3520 3692 per
3607 3661 3625 3674 .

1939 3689 2118 3762 carnis
2151 3691 2324 3762 etiam
2372 3689 2841 3746 resurrectionem.
2893 3689 3156 3746 Caeterum
3201 3693 3312 3762 ipse
3365 3689 3520 3748 divus

1936 3758 2268 3830 Augustinus
2298 3762 2436 3816 idem
2463 3764 2704 3827 cavebat,
2731 3763 2869 3817 unde
2893 3763 3144 3816 monebat
3164 3758 3516 3817 Catechume-

1937 3845 2037 3885 nos
2068 3831 2133 3886 de
2160 3833 2331 3904 symb.
2367 3833 2433 3904 ad
2460 3832 2676 3904 Gateeh.
2710 3833 2800 3888 lib.
2834 3850 2874 3896 ι,
2905 3847 3022 3903 cap.
3061 3832 3085 3885 1
3113 3849 3128 3887 :
3159 3852 3176 3884 ι
3202 3832 3512 3904 Symbolum

1936 3915 2095 3973 nemo
2115 3903 2302 3957 scribit
2334 3912 2392 3956 ut
2423 3903 2521 3973 legi
2547 3904 2747 3972 possit;
2780 3904 2873 3958 sed
2906 3904 2974 3958 ad
3009 3903 3417 3970 recensendum,
3447 3920 3518 3959 ne

1936 3969 2074 4045 forte
2094 3973 2270 4027 deleat
2302 3969 2499 4027 oblivio
2521 3969 2661 4042 quod
2692 3975 2909 4045 tradidit
2939 3975 3231 4045 diligentia,
3267 3975 3338 4030 sit
3361 3975 3516 4030 vobis

1934 4042 2106 4096 codex
2133 4053 2314 4099 vestra
2353 4045 2629 4099 memoria.
2658 4064 2676 4096 ι
2711 4044 2854 4099 Idem
2895 4046 3006 4101 suis
3038 4042 3258 4102 dicebat
3298 4055 3516 4102 sanctus

1934 4110 2137 4188 Petrus
2153 4115 2512 4188 Chrysologns
2542 4131 2650 4188 ser.
2680 4114 2772 4180 58,
2799 4117 2890 4185 qui
2915 4124 2999 4172 est
3018 4116 3053 4169 2
3072 4118 3136 4173 de
3158 4119 3352 4188 symb.:
3375 4136 3393 4169 ι
3409 4117 3514 4172 Ac-

1935 4186 2142 4258 cepturi
2182 4200 2312 4256 ergo
2351 4186 2651 4258 symbolum
2687 4225 2702 4240 .
2734 4225 2749 4240 .
2782 4225 2799 4240 .
2830 4225 2844 4241 .
2871 4226 2888 4258 _.
2921 4196 3134 4258 pectora
3155 4186 3360 4258 parate,
3405 4204 3514 4245 non

1931 4253 2177 4308 chartam
2197 4272 2212 4318 ;
2234 4253 2449 4312 sensum
2465 4257 2782 4322 acuite,~non
2805 4253 3102 4321 calamum;
3126 4253 3180 4312 et
3199 4258 3380 4312 audita
3399 4275 3507 4312 non

1933 4332 2292 4380 atramentum
2315 4367 2330 4390 ,
2361 4327 2454 4381 sed
2487 4327 2675 4396 spiritu
2705 4328 3040 4382 ministrante
3067 4327 3370 4382 describite.
3392 4348 3410 4380 ι
3446 4329 3514 4382 Ει

1934 4397 2200 4468 rationem
2231 4399 2307 4451 rei
2328 4396 2592 4468 subinfert
2616 4415 2628 4450 :
2661 4416 2678 4447 α
2701 4413 2768 4454 ne
2795 4398 3050 4468 profanus
3077 4398 3297 4463 arbiter,
3321 4414 3388 4468 ne
3411 4399 3509 4451 im-

237 4467 394 4548 Elias
423 4463 504 4521 Du
533 4465 712 4548 Pin_in
733 4469 992 4548 _Biblio_th.
1026 4470 1228 4523 Eccles.
1259 4476 1388 4548 tom.
1421 4467 1461 4531 ι,
1494 4459 1614 4548 pag.
1649 4466 1701 4528 9,
1735 4482 1829 4519 no-
1858 4483 1910 4545 ι)
1932 4459 2151 4548 probus,
2181 4469 2324 4548 quod
2349 4467 2626 4548 dilaceret,
2655 4459 2924 4548 discussor
2953 4468 3209 4548 inveniat,
3233 4459 3291 4523 et
3312 4467 3406 4548 fiat
3441 4469 3511 4548 ad

235 4540 469 4593 vitatem
508 4540 773 4618 opinionis
809 4542 1261 4618 acriter_tuetur,
1297 4537 1391 4618 sed
1416 4537 1825 4618 nonnimpune;

234 4625 371 4664 nam
387 4607 681 4666 monachus
696 4611 918 4667 illustris
943 4611 1004 4664 D.
1025 4609 1304 4664 Matthaeus
1317 4607 1629 4663 Petitdidier
1653 4609 1828 4661 insur-

233 4682 320 4752 git
351 4678 788 4752 inADupinianam
820 4682 1142 4736 sententiam
1176 4689 1288 4752 toto
1318 4680 1458 4744 nisu,
1496 4677 1828 4752 feliciterque

233 4748 448 4805 evincit
475 4748 576 4804 non
602 4751 982 4808 discedendum
1009 4753 1078 4806 ab
1107 4751 1465 4805 ecclesiastica
1509 4748 1824 4814 traditione,

231 4836 382 4905 opus
414 4821 778 4905 apostolorum
801 4823 1119 4905 symbolum
1146 4829 1498 4905 agnoscente;
1527 4818 1683 4899 Quod
1701 4833 1828 4905 con-.-

235 4889 431 4946 ﬁrmat
452 4889 768 4947 sanctorum
801 4889 1022 4947 Patrum
1055 4889 1226 4947 allatis
1255 4892 1563 4955 sententiis,
1594 4889 1684 4958 qui
1723 4889 1826 4942 etsi

234 4964 306 5018 de
342 4963 500 5034 modo
537 4979 643 5033 quo
683 4964 878 5018 dicitur
911 4963 1199 5018 conﬂatum
1227 4962 1540 5034 symbolum,
1573 4974 1827 5034 expresse

237 5049 354 5104 non
385 5030 696 5104 loquantur,
735 5034 812 5089 sic
855 5042 1034 5088 tamen
1064 5030 1355 5104 loquuntur
1383 5040 1442 5104 ut
1467 5034 1534 5086 ab
1572 5030 1828 5104 apostolis

236 5103 412 5159 fuisse
449 5103 736 5158 Conﬂatum
765 5120 868 5158 non
898 5105 967 5158 sit
989 5103 1359 5158 dubitandum.
1403 5103 1478 5156 Ex
1511 5103 1706 5171 quibus
1747 5103 1829 5154 in-

237 5173 354 5230 fert
380 5189 437 5230 se
465 5189 804 5245 summopere
851 5175 1039 5228 mirari
1069 5190 1173 5244 qua
1223 5175 1430 5228 ratione
1456 5172 1828 5245 Dupmiusdif

237 5241 928 5328 cere.po‘tuerit'prjmum
967 5241 1368 5328 scriptoremlet
1393 5241 1608 5328 unicum
1654 5241 1828 5328 quipti

238 5311 440 5372 seaculi
461 5311 711 5386 Ruﬁnum
751 5313 962 5386 fuisset
974 5311 1321 5386 qui'symboli
1350 5313 1614 5386 apostolos
1645 5311 1830 5386 erodat

240 5394 518 5456 auctores.
552 5385 797 5456 Replicat
828 5385 907 5439 Du
939 5381 1034 5438 Pin
1056 5403 1072 5456 γε
1099 5381 1309 5456 reponit
1337 5381 1470 5456 tom.
1498 5383 1547 5456 All
1568 5383 1640 5456 AP.
1664 5381 1828 5456 Petit-

241 5457 440 5512 didier.
465 5455 522 5512 Si
544 5453 698 5532 vacat
717 5465 771 5510 et
786 5456 1031 5532 silubet,
1054 5453 1229 5532 legito.
1253 5454 1511 5532 Satis__tihi
1537 5454 1605 5507 sit
1629 5453 1830 5532 indica-

242 5537 360 5581 tam
397 5528 748 5598 quzestionem
781 5524 964 5590 fuisse,
999 5541 1066 5598 ne
1098 5524 1255 5598 caecis
1281 5524 1452 5598 oculis
1479 5525 1829 5598 recentisau-

146 5645 160 5666 ,
244 5593 744 5669 ειοτὶεόρίιιὶοῃειῐι
772 5597 1095 5668 sequereris,
1120 5597 1251 5669 quin
1275 5597 1442 5650 scires
1469 5609 1500 5647 a
1528 5593 1830 5669 recentiore

245 5663 496 5723 auctore—
523 5663 878 5738 confutatam,
917 5675 972 5722 et
1021 5663 1299 5738 antiquam
1342 5665 1684 5738 sententiam,
1733 5663 1831 5717 do-

248 5745 460 5793 centem
513 5738 580 5805 ab
622 5737 876 5807 apostolis
920 5735 1219 5808 symbolum
1255 5735 1830 5808 profecmm,__sartam

252 5802 564 5879 tecumque
617 5802 907 5863 servatam.
949 5802 1049 5862 'Ne
1103 5802 1322 5864 omittas
1374 5806 1542 5862 etiam
1582 5802 1829 5860 Natalem

1933 4535 2325 4594 Contemnentis
2351 4546 2405 4592 et
2429 4539 2726 4608 ignorantis
2760 4539 2967 4592 ruinam
2988 4577 3004 4603 ,
3036 4535 3176 4608 quod
3203 4537 3508 4593 confitentis

1929 4615 1982 4660 et
2002 4609 2273 4664 credentis
2294 4607 2547 4664 donatum
2570 4617 2653 4665 est
2673 4611 2740 4664 ad
2764 4609 3009 4663 salutem.
3034 4628 3051 4660 ι
3080 4607 3278 4663 Eadem
3301 4609 3507 4662 ratione

1930 4676 2260 4734 Sozomenus
2287 4688 2514 4735 testatur
2541 4680 2632 4734 lib.
2673 4697 2711 4744 ι,
2753 4695 2871 4748 cap.
2910 4681 2995 4743 19,
3033 4694 3063 4731 a
3093 4679 3196 4749 piis
3234 4686 3290 4732 et
3315 4679 3504 4736 amicis

1925 4749 2060 4804 viris
2090 4750 2417 4804 admonitum
2451 4766 2509 4806 se
2541 4749 2727 4814 fuisse,
2771 4764 2836 4803 ne
2871 4751 2923 4803 in
2956 4749 3068 4804 suis
3104 4749 3505 4803 commentariis

1926 4817 2203 4874 Nicaanum
2233 4821 2552 4890 symbolum,
2575 4831 2633 4873 ut
2649 4821 3030 4883 destinaverat,
3059 4819 3339 4886 inSereret,
3361 4820 3501 4888 quo!

1925 4900 2261 4945 sacramenta
2284 4891 2582 4960 hujusmodi
2617 4909 2634 4940 ι
2659 4907 2689 4944 a
2717 4891 3087 4960 sacerdotibus
3113 4891 3284 4945 solum
3309 4898 3366 4944 et
3390 4890 3497 4960 epi~

1925 4961 2103 5030 scopis
2123 4956 2379 5014 deberent
2401 4969 2510 5014 tum
2534 4959 2662 5026 dici,
2689 4956 2798 5014 tum
2823 4961 3015 5014 audiri.
3047 4961 3243 5015 Eorum
3267 4956 3500 5023 sanefse

1926 5033 2227 5100 approbare
2246 5031 2558 5096 consilium;
2588 5047 2708 5084 nam
2735 5031 3023 5086 verisimile
3047 5046 3168 5088 esse
3196 5031 3501 5097 nonnullos,

1925 5101 2015 5170 qui
2055 5117 2161 5155 non
2198 5109 2325 5156 sunt
2365 5101 2557 5156 initiati
2586 5103 2876 5172 mysteriis,
2916 5103 3058 5158 hunc
3096 5101 3290 5158 librum
3329 5102 3504 5172 perle-

1925 5181 2126 5226 cturos.
2151 5191 2169 5223 ι

1997 5241 2062 5314 ν,
2101 5240 2182 5314 Ad
2209 5257 2378 5311 usque
2401 5249 2611 5314 tempus
2631 5241 2794 5314 igitur
2817 5241 3043 5314 Nicena).
3064 5242 3273 5314 synodi,
3302 5257 3369 5297 ex
3394 5255 3502 5314 qua

1926 5310 2225 5384 symbolum
2254 5310 2401 5384 nova
2416 5310 2590 5367 forma
2614 5310 2830 5384 prodiit,
2868 5313 2993 5368 illud
3019 5310 3368 5384 apostolicum
3398 5310 3502 5384 Ec:

1926 5381 2104 5452 etesia
2133 5391 2217 5436 est
2267 5381 2984 5452 amplexata,'paucissimis
3034 5381 3117 5439 vel
3171 5383 3370 5439 additis
3413 5381 3504 5452 vel

1926 5451 2165 5524 omissis,
2182 5453 2344 5522 230
2355 5451 2440 5508 vel
2459 5451 2752 5524 immutatis
2773 5454 2825 5506 in
2847 5452 3414 5524 quibusdamecclesiis
3434 5451 3503 5505 ad

1927 5522 2119 5605 dogma
2141 5522 2278 5605 forte
2303 5525 2372 5578 ab
2393 5522 3036 5605 luereticisimpugnatum
3056 5524 3215 5579 altius
3234 5522 3506 5605 inculcan~

1929 5591 2075 5665 dum,
2107 5593 2249 5665 quod
2276 5605 2452 5665 tamen
2485 5609 2590 5648 non
2617 5591 2789 5665 obfuit
2814 5591 3103 5664 quominus
3136 5591 3501 5665 apostolicum

1930 5657 2241 5732 Symbolum
2277 5671 2332 5717 et
2367 5663 2638 5718 diceretur
2684 5672 2742 5718 et
2777 5657 3083 5720 haberetur.
3133 5657 3359 5718 Rufinus
3398 5661 3504 5715 hoc

1930 5732 2180 5798 advertit,
2219 5747 2342 5788 cum
2379 5733 2455 5787 ait
2489 5733 2525 5786 l.
2557 5747 2606 5788 c.
2647 5749 2701 5787 n.
2740 5733 2811 5787 5:
2844 5735 3010 5790 «illud
3048 5750 3154 5792 non
3193 5734 3500 5803 importune

1926 5803 2374 5860 commonendum
2408 5811 2559 5874 Inito,
2593 5805 2737 5882 quod
2775 5804 2831 5860 in
2863 5806 3092 5874 diversis
3397 5799 3484 5857 ali.
