4026 6364
172 297 280 355 ως

1505 299 1848 389 APPPNDIX
1883 299 2117 356 PRIMA.

3349 305 3457 363 636

172 416 338 496 seris,
361 428 461 485 per
480 411 1192 496 intercessionempmnium
1216 421 1528 496 sanctorum
1545 425 1759 496 tuorum
1787 425 1836 485 Α
1862 412 2170 496 aediﬁcatio,
2202 410 2367 486 255
2383 421 2441 467 et
2457 411 2661 496 excelsi
2686 414 2923 484 parietes
2953 415 3155 486 templi.
3187 416 3246 471 ln
3260 417 3457 496 diebus

173 490 474 557 liberainos
491 500 523 538 a
542 485 778 557 terrenis
797 485 1080 541 desideriis
1108 493 1166 541 et
1203 486 1500 557 cupiditate
1528 486 1757 550 carnali,

172 571 227 616 et
251 556 402 612 nullo
426 556 482 610 in
506 556 664 611 nobis
692 566 949 627 regnante
988 567 1235 627 peccato,
1276 556 1375 612 tibi
1404 558 1503 612 soli
1532 558 1760 614 Domino

172 629 380 687 servire
432 642 761 682 mereamur.
813 627 921 683 Per
945 627 1232 683 Dominum
1280 637 1529 684 nostrum
1574 628 1762 684 lesum

172 700 471 764 Christum,
493 699 587 768 qui
609 708 788 754 tecum
808 699 941 754 vivit
965 706 1022 753 et
1047 706 1238 768 regnat
1264 698 1408 753 Deus
1449 700 1503 753 in
1556 701 1763 755 unitate

172 770 419 843 Spiritus
432 769 608 843 sancti
635 785 735 843 per
759 769 1164 843 omnia_sa:cula
1192 771 1532 826 saeculorum.
1563 771 1759 827 Amen.

237 841 637 913 Benedicamus
656 841 902 913 Domino.
935 841 1047 897 Deo
1074 844 1298 913 gratias.

236 912 265 983 1
285 912 552 983 sanctum
577 911 885 979 Paulinum,
908 927 1070 982 quem
1082 911 1180 969 ha:
1209 913 1434 968 Litaniac
1454 912 1760 983 proferunt,

171 982 527 1058 probabiliter
549 992 805 1058 putamus
832 998 954 1040 esse
979 982 1664 1058 nostrumquuileiensem
1690 984 1762 1040 ob

170 1054 414 1111 rationes
440 1069 538 1109 seu
568 1054 931 1125 conjecturas,
962 1071 1099 1125 quas
1134 1056 1187 1109 in
1220 1055 1344 1110 Vita
1392 1056 1570 1125 capite
1620 1071 1759 1122 xvn,

169 1143 313 1183 num.
342 1126 404 1191 3,
433 1124 734 1180 attulimus.
762 1124 909 1192 Quas
949 1124 1092 1181 inter
1117 1126 1253 1182 ordo
1280 1134 1367 1181 est
1390 1124 1763 1182 collocationis

171 1198 225 1253 S.
250 1196 466 1252 Paulini
492 1205 620 1267 post
639 1204 890 1264 caeteros,
920 1212 1059 1267 quos
1082 1205 1243 1267 antea
1264 1195 1455 1252 fuisset
1474 1198 1759 1263 locandus,

168 1270 211 1324 si
236 1269 306 1323 de
334 1267 449 1322 alio
474 1266 719 1333 Paulino,
752 1266 1022 1339 praecipue
1050 1266 1278 1334 Nolano,
1302 1276 1447 1324 esset
1491 1269 1763 1324 invocatio

168 1340 252 1396 illa
277 1339 654 1411 intelligenda,
677 1347 740 1393 ut
766 1339 841 1394 ibi
863 1338 1114 1395 dicimus.

454 1536 482 1565 ι
512 1521 717 1578 MISSA
754 1521 845 1579 DE
876 1471 1147 1581 SA-liCTO
1174 1522 1477 1581 PAULINO

602 1631 944 1672 ΡΑτιιιΑιιοιιΑ
1002 1631 1338 1681 Αρυιιειειηει

169 1708 427 1764 Extracta
447 1723 535 1780 ges:
578 1706 786 1780 Μίδαιιὶ
816 1705 1061 1780 θεριεεὶῳ
1098 1706 1466 1780 Aquileiensis,
1506 1708 1760 1780 impresso

231 1796 380 1834 anno
408 1778 570 1846 1519,
598 1779 657 1832 in
684 1778 977 1850 exemplum
1016 1778 1411 1849 ritusejusdem
1436 1778 1687 1835 ecclesia.

812 1885 1123 1927 INTROITUS.

234 1961 574 2018 Sacerdotes
592 1962 690 2028 tui,
706 1960 955 2027 Domine,
979 1962 1504 2033 induantjustitiam,
1520 1971 1576 2020 et
1591 1964 1762 2021 sancti

169 2034 243 2115 tui
262 2034 579 2115 exsultent}
598 2041 821 2115 propter
840 2033 1025 2089 David
1038 2048 1256 2089 servum
1288 2044 1462 2102 tuum,
1479 2050 1586 2090 non
1606 2051 1765 2091 aver—

168 2114 247 2161 tas
272 2105 483 2161 faciem
510 2104 715 2161 Christi
738 2105 835 2160 tui.

171 2175 392 2303 ωέζεᾳι.
426 2176 716 2260 μεωειιιο,
744 2174 993 2243 Domine,
1020 2174 1214 2244 David,
1242 2184 1297 2232 et
1310 2178 1489 2235 omnis
1516 2193 1767 2235 mansue-

258 2265 371 2303 ims
401 2263 539 2303 eius.

258 2265 371 2319 illis
401 2263 539 2319 ejus.

231 2317 502 2375 Gloria'in
525 2318 756 2376 excelsis
774 2318 907 2386 Deo,
938 2327 1069 2385 etc.,
1099 2328 1157 2375 ut
1184 2321 1240 2375 in
1257 2319 1516 2377 Romano.
1541 2322 1767 2380 Domine

168 2389 261 2464 Fili
280 2390 717 2464 unigenitelesu
731 2390 947 2446 Christe
971 2391 1251 2464 altissime,
1269 2391 1346 2445 vel
1370 2401 1625 2464 etsancte
1647 2393 1769 2464 Spi-

170 2461 315 2517 ritus.
353 2461 591 2517 Domine
630 2461 795 2527 Deus,
819 2470 952 2527 etc.,
1000 2472 1058 2516 ut
1084 2464 1141 2517 in
1191 2461 1454 2518 Romano.
1499 2463 1578 2519 De
1616 2461 1768 2519 beata

171 2530 343 2605 Har-ia
370 2549 494 2587 vero
511 2534 607 2605 sic.
639 2532 865 2605 Domine
893 2532 996 2589 Fili
1039 2533 1314 2605 unigenite
1356 2531 1482 2605 Jesu
1503 2534 1719 2591 Christe
1750 2553 1764 2589 :

170 2604 398 2673 spiritus
420 2612 477 2659 et
500 2604 639 2675 ξιιωθ
665 2604 1033 2674 orphanorum
1054 2603 1338 2675 paraclite.
1372 2604 1599 2675 Domine
1626 2606 1770 2661 Deus

172 2689 336 2748 agnus
372 2675 471 2748 Dei
492 2674 861 2748 FiliusPatris
885 2693 897 2729 :
924 2674 1316 2748 primogenitus
1330 2674 1511 2732 Mariae
1530 2677 1770 2748 Virginis

170 2747 382 2802 matris.
408 2745 515 2813 Qui
538 2745 681 2801 tollis
708 2745 939 2817 peccata
951 2745 1435 2813 mundi,miserere
1458 2745 1651 2802 nobisf
1665 2748 1768 2814 Qui

173 2816 309 2889 tollis
330 2825 568 2889 peccata
593 2816 802 2884 mundi,
831 2819 1044 2889 suscipe
1071 2818 1507 2889 deprecationem
1525 2828 1770 2874 nostram

173 2887 237 2942 ad
265 2887 456 2944 Mariae
482 2888 730 2959 gloriam.
782 2889 884 2957 Qui
930 2887 1087 2945 sedes
1122 2887 1191 2945 ad
1237 2890 1522 2945 dexteram
1568 2889 1769 2958 Patris,

172 2959 432 3015 miserere
459 2960 636 3015 nobis.
662 2959 929 3028 Quoniam
968 2968 1026 3014 tu
1079 2960 1226 3016 solus
1271 2970 1495 3017 sanctus
1542 2960 1769 3016 Mariam

173 3031 650 3104 sanctificans.iTu
675 3030 823 3104 solus
840 3030 1119 3104 Dominus
1172 3030 1399 3104 Mariam
1438 3033 1767 3104 gubernans.

173 3100 251 3156 'l‘u
278 3102 433 3157 solus
456 3102 772 3159 Altissimus
806 3102 1034 3158 Mariam
1055 3118 1343 3169 coronans,
1370 3100 1499 3160 Iesu
1527 3102 1767 3171 Christe,

175 3186 294 3229 cum
315 3182 515 3232 sancto
541 3172 747 3246 Spiritu
777 3174 834 3229 in
861 3173 1033 3247 gloria
1052 3174 1148 3231 Dei
1178 3173 1375 3231 Patris.
1406 3173 1599 3231 Amen.

860 3283 1079 3325 οιΑτιο.

238 3358 475 3429 Ρηδω,
491 3376 821 3433 quaesumus,
836 3359 1192 3433 omnipotens
1203 3358 1369 3433 Deus,
1385 3368 1447 3415 ut
1470 3361 1615 3433 beati
1631 3359 1769 3417 Pau-

170 3430 266 3488 lini
315 3430 651 3489 confessoris
697 3432 777 3488 tui
802 3440 964 3503 atque
988 3430 1284 3503 pontiﬁcis
1312 3432 1521 3487 meritis
1549 3432 1771 3503 adjuve-

171 3520 318 3571 mur,
341 3505 500 3575 cujus
526 3505 707 3560 votiva
759 3501 1018 3561 solemnia
1046 3501 1406 3558 celebramus.
1438 3502 1543 3559 Per
1587 3501 1770 3559 Domi-

172 3591 309 3630 num
333 3584 601 3644 nostrum,
631 3584 739 3631 etc.
1458 3643 1461 3644 ν
1500 3643 1503 3644 ν
1748 3632 1755 3637 .

254 3645 331 3699 In
358 3644 592 3700 Ecclesia
633 3655 809 3701 autem
840 3645 1064 3702 civitatis
1089 3645 1318 3701 Austrite
1344 3645 1403 3699 in
1446 3643 1537 3699 lib.
1568 3661 1667 3699 ms.
1696 3645 1771 3700 si-

216 3724 355 3770 nato.
377 3732 430 3770 n.
459 3715 541 3783 12,
566 3717 648 3772 cui
670 3716 855 3773 titulus
880 3716 1080 3772 :Liber
1104 3715 1604 3781 Sacramentorum,
1628 3732 1769 3771 anno

236 3803 343 3911 an};
377 3786 530 3910 ιῗριι,
556 3790 677 3861 pag.
704 3787 812 3845 299
838 3798 1003 3861 tergo,
1027 3797 1103 3844 est
1127 3804 1344 3859 sequens
1369 3787 1538 3843 oratio
1567 3786 1632 3842 de
1650 3804 1772 3842 san-

236 3874 264 3911 o
340 3875 408 3911 au
432 3875 519 3911 mo
538 3876 557 3911 :

176 3867 264 3912 clo
288 3859 519 3913 Paulino
538 3876 557 3914 .'

250 3929 417 3995 Deus,
437 3931 527 4000 qui
550 3929 748 4002 p0pulo
778 3939 871 3986 tuo
897 3938 1115 3986 aeterna:
1143 3927 1334 3985 salutis
1378 3927 1599 3984 beatum
1628 3928 1769 3985 Pau-

169 3998 348 4055 linum
376 3998 686 4058 ministrum
713 4003 1041 4058 constituisti
1071 4020 1084 4056 :
1113 4008 1679 4073 pra:sta,qu:esumus,
1710 4008 1771 4055 ut

172 4087 339 4142 quem
380 4072 663 4130 doctorem
716 4074 841 4129 vitae
868 4073 1156 4129 habuimus
1194 4073 1249 4125 in
1279 4072 1481 4142 terris,
1509 4072 1771 4142 interces-

173 4140 363 4199 sorem
387 4159 605 4215 semper
628 4143 831 4201 habere
857 4159 1165 4201 mereamur
1192 4142 1248 4196 in
1270 4140 1440 4199 cmlis.
1464 4141 1570 4199 Per
1586 4141 1770 4199 Domi-

172 4230 327 4279 num,
361 4224 473 4271 etc.

242 4285 410 4340 Hanc
436 4287 726 4345 reperimus
756 4296 805 4343 et
847 4288 904 4343 in
932 4285 1052 4342 aliis
1078 4285 1384 4345 Hissalibus
1405 4295 1453 4341 et
1480 4285 1769 4341 Breviariis

171 4374 298 4412 mss.
606 4359 856 4431 ecclesia.
893 4356 968 4431 In_
1002 4357 1107 4413 alio
1151 4371 1325 4416 autem
1352 4357 1492 4431 quod
1520 4356 1768 4431 inscribi-

171 4374 298 4412 mss.
392 4374 578 4412 usaem
606 4374 856 4414 ecctesue.
893 4374 963 4413 ιη
1002 4374 1107 4413 ano
1151 4374 1325 4416 autem
1352 4374 1491 4431 quoa
1520 4374 1768 4411 inserim-

169 4438 257 4482 tur
277 4448 298 4485 :
328 4374 486 4484 3Μο
512 4428 741 4485 Missalis
768 4428 1065 4486 secundum
1096 4430 1540 4488 consuetudinem
1570 4426 1773 4483 Roma-

170 4514 254 4554 nae
282 4500 461 4556 curia:
483 4514 593 4573 an.
642 4500 782 4555 1254
807 4500 906 4573 (uti
951 4510 1066 4573 post
1119 4519 1320 4558 menses
1349 4497 1613 4573 habetur),
1646 4500 1771 4554 cha-

172 4581 387 4643 ractere
403 4571 614 4643 quidem
629 4588 733 4626 non
749 4571 960 4627 ornnino
984 4571 1182 4643 reliquo
1204 4571 1438 4628 Missalis
1466 4587 1773 4642 correspon-

170 4640 349 4708 dente,
405 4641 497 4696 sed
549 4643 825 4698 recentiori
874 4659 1056 4710 manu,
1091 4640 1198 4700 non
1238 4653 1412 4698 tamen
1436 4640 1773 4713 praesentium

171 4721 495 4785 temporum,
523 4722 598 4785 est
628 4729 845 4785 sequens
867 4713 931 4768 de
951 4724 1133 4769 sancto
1158 4714 1401 4785 Paulina
1420 4712 1609 4785 Oratio.

240 4780 421 4855 Deus,
449 4784 543 4854 qui
570 4780 775 4855 clerum
804 4793 863 4840 et
901 4785 1158 4855 populum
1208 4793 1360 4840 tuum
1389 4783 1532 4838 beati
1566 4780 1777 4838 Paulini

171 4854 516 4927 confessoris
530 4856 613 4927 tui
639 4854 855 4927 voluisti
876 4854 1155 4927 pontiﬁcio
1181 4855 1470 4927 gubernari
1506 4871 1518 4908 :
1550 4861 1775 4927 prazsta,

173 4935 231 4980 nt
243 4928 380 4998 ejus
398 4926 618 4982 assidua
636 4926 1025 4982 intercessione
1044 4926 1561 4998 nulla’formidcmus
1586 4926 1779 4980 adver-

171 5013 254 5062 sa,
275 4996 687 5068 victoriamque
717 5011 1133 5068 consequamur,
1160 5008 1217 5053 et
1238 4997 1407 5053 vitam
1435 4996 1779 5052 obtineamus

171 5072 468 5124 aeternam.
498 5067 605 5123 Per
626 5067 935 5136 Dominum,
957 5078 1064 5126 etc.

245 5139 406 5195 Nota
426 5149 602 5194 autem
626 5139 768 5211 quod
802 5134 1020 5195 ecclesia
1065 5141 1289 5196 civitatis
1310 5139 1539 5195 Austria:
1562 5134 1780 5191 Missale

169 5211 454 5282 peculiare
504 5210 677 5276 habet,
700 5210 864 5281 juxta
910 5229 1035 5267 suas
1077 5212 1500 5282 consuetudines,
1543 5224 1780 5282 quarum

173 5279 475 5337 nonnullas
520 5282 578 5336 in
627 5279 738 5337 dies
786 5292 1076 5352 conservat,
1117 5282 1182 5338 ab
1228 5279 1571 5354 Aquileiensi'
1596 5279 1783 5334 distin-

171 5361 347 5408 ctum.

620 5459 815 5503 LECTIO
850 5461 994 5502 ιωιιι
1032 5458 1351 5502 ΒΔΡΙΕΝΤῘΕ.

249 5536 405 5592 Ecce
452 5536 710 5610 sacerdos
736 5553 985 5610 magnus,
1033 5538 1126 5609 qui
1175 5538 1231 5593 in
1279 5538 1392 5592 vita
1423 5550 1521 5593 su't
1549 5536 1783 5595 suﬂ'ulsit

174 5607 414 5663 domum
445 5625 459 5661 :
488 5617 545 5664 et
582 5609 639 5663 in
677 5607 869 5666 diebus
912 5611 1024 5665 suis
1051 5607 1448 5665 "corroboravit
1498 5611 1776 5666 tcmnlum.

176 5673 405 5749 Templi
427 5680 592 5735 etiam
619 5680 844 5736 altitudo
881 5680 951 5735 ab
1001 5681 1119 5752 ipso
1160 5680 1384 5736 fundata
1411 5689 1495 5735 est
1526 5698 1541 5735 :
1583 5673 1781 5752 duplex

1864 486 2055 556 ipsius,
2078 484 2474 538 emanave‘runt
2501 484 2650 554 putei
2687 500 2975 556 aquarum,
3020 484 3079 541 et
3118 489 3275 556 quasi
3302 504 3458 545 mare

1862 555 2316 631 adimpleti___sunt
2363 570 2534 631 supra
2589 556 2828 631 modum.
2856 555 2958 631 Qui
3002 555 3457 631 curavitggentem

1863 641 2040 699 suam,
2070 635 2126 681 et
2153 625 2404 699 liberavit
2431 641 2604 699 eama
2626 627 2885 699 pernicie.
2916 625 3018 694 Qui
3037 625 3320 699 praevaluit
3341 646 3458 685 am-

1861 696 2104 771 plificare
2130 697 2406 771 civitatem
2439 716 2452 751 :
2487 697 2578 771 qui
2607 696 2831 768 adeptus
2858 707 2944 771 est
2972 696 3201 771 gloriam
3247 701 3300 754 in
3328 716 3458 756 con-

1862 769 2409 840 versationegentis,
2438 778 2500 840 et
2540 768 2842 839 ingressum
2879 768 3072 826 domus
3099 779 3155 825 et
3183 772 3307 826 atrii
3342 788 3458 828 am-

1860 838 2138 909 pliﬁcavit.
2167 838 2332 905 Quasi
2358 839 2515 895 stella
2542 838 2807 895 matutina
2834 840 2890 894 in
2934 842 3114 896 medio
3145 842 3376 908 nebulae,
3402 852 3461 899 et

1860 909 2015 983 quasi
2053 909 2179 964 luna
2198 909 2365 983 pleua
2416 910 2481 983 in_
2516 909 2719 983 diebus
2749 910 3053 983 suis_lucet.
3087 912 3157 983 Et
3187 915 3344 983 quasi
3378 914 3461 969 sol

1863 979 2139 1052 refulgens
2167 979 2245 1036 sic
2272 980 2361 1036 ille
2395 980 2608 1052 refulsit
2626 981 2691 1052 in
2721 981 2920 1052 templo
2948 981 3065 1037 Dei.
3100 979 3266 1050 Quasi
3298 1001 3462 1039 arcus

1861 1050 2136 1123 refulgens
2166 1052 2313 1123 inter
2334 1051 2569 1123 nebulas
2587 1051 2795 1123 gloriae,
2821 1050 2878 1107 et
2903 1054 3057 1123 quasi
3088 1069 3338 1109 rosarum
3361 1054 3463 1111 llos

1862 1122 1918 1175 in
1947 1121 2138 1178 diebus
2166 1122 2369 1177 vernis.
2409 1121 2577 1189 Quasi
2596 1121 2748 1188 'lilia,
2780 1137 2902 1193 quae
2922 1121 3081 1179 ‘sunt
3110 1124 3165 1178 in
3223 1127 3459 1181 transitu

1862 1207 2051 1264 aquae,
2103 1201 2161 1250 et
2207 1193 2362 1264 quasi
2416 1194 2542 1249 thus
2592 1193 2843 1250 redoleas
2896 1193 2952 1249 in
3003 1194 3228 1250 odorem
3278 1196 3462 1252 suavi-

1862 1263 2009 1319 tatis.

1936 1333 2111 1408 (ἶνᾳάζ
2153 1334 2293 1392 Ecce
2314 1334 2598 1408 sacerdos
2638 1350 2897 1408 magnus,
2918 1336 3012 1408 qui
3040 1336 3102 1408 in
3116 1335 3319 1408 diebus
3344 1337 3461 1393 suis

1860 1405 2064 1477 placuit
2082 1406 2212 1461 Deo.
2243 1408 2279 1475 ᾗ
2312 1405 2430 1461 Νοιι
2454 1414 2538 1461 est
2566 1405 2817 1462 invenias
2856 1405 3049 1463 similis
3092 1406 3189 1474 illi,
3215 1412 3309 1477 qui
3331 1422 3463 1463 con-

1861 1476 2108 1549 iscrvairet
2126 1477 2301 1549 legem
2322 1476 2554 1532 Excelsi.
2582 1477 2832 1549 Alleluia,
2867 1479 2902 1547 Ῡ
2934 1477 3118 1549 Inveni
3140 1476 3457 1545 David,etc.

1860 1546 1961 1615 vel,
1992 1547 2167 1621 Elegit
2184 1546 2247 1604 'te
2275 1548 2536 1605 Dominus
2561 1548 2664 1604 sibi
2688 1549 2745 1604 in
2785 1546 3129 1606 sacerdotem
3175 1550 3231 1605 in
3260 1550 3462 1621 pOpulo

1861 1633 1980 1675 suo.
2015 1618 2266 1675 Alleluia.

2496 1705 2819 1756 SEQUENTIA.

1785 1794 1839 1860 Β
1934 1780 2021 1860 ῥὰ
2045 1781 2233 1860 laudes
2262 1780 2561 1860 Salvatoris
2591 1791 2653 1838 ut
2676 1798 2833 1860 mens
2859 1783 3118 1860 incitetur
3145 1783 3385 1841 humilis.

1938 1851 2151 1925 Sentiat
2175 1855 2319 1909 hunc
2346 1854 2490 1909 diem
2509 1855 2656 1925 justa
2676 1856 2744 1910 de
2770 1871 2935 1911 causa
2959 1855 3233 1912 celebrem
3268 1873 3281 1909 :

1937 1922 2183 1996 gaudeat
2208 1932 2266 1996 ut
2288 1940 2408 1980 sese
2430 1922 2621 1996 sic'pia
2642 1934 2769 1981 vota
2796 1926 3027 1983 solvere.

1937 1993 2110 2067 [lodic
2129 1994 2395 2051 cmlorum
2421 1993 2633 2053 secreta
2656 1997 2816 2067 petiit
2841 1996 2934 2052 lux
2962 1998 3278 2067 pontiﬁcum

1937 2064 2150 2136 Jugiter
2172 2075 2484 2122 sanctorum
2505 2067 2561 2122 in
2586 2064 2756 2124 choro
2782 2064 3075 2141 splendens
3099 2078 3163 2125 ut
3185 2068 3337 2126 sidus
3364 2083 3466 2125 au-

1867 2151 2290 2291 mllifrgaudium
2339 2209 2546 2281 angelis
2593 2208 2797 2266 factum
2834 2219 2921 2267 est
2955 2226 3023 2267 ex
3053 2211 3289 2268 adventu
3311 2226 3468 2268 com-

1866 2294 2129 2423 paginatisse
2157 2365 2319 2420 quem
2346 2350 2593 2423 angelum
2618 2351 2832 2408 Domini
2860 2345 3072 2410 constat
3122 2352 3465 2410 exercituum

1937 2420 2275 2491 Quicumque
2294 2420 2447 2477 suam
2471 2424 2635 2479 tritici
2666 2424 2759 2480 dat
2778 2439 3111 2480 mensuram.

1871 2563 1884 2576 .
2049 2484 2383 2548 fidei-caulas
2408 2508 2746 2567 congregans
2785 2495 3029 2551 oviculas
3062 2496 3174 2567 lupi
3213 2484 3467 2567 praevidit

1869 2563 2141 2705 ωςὲῗᾶἒῗῖε
2158 2641 2222 2705 et
2242 2634 2480 2705 prudens
2506 2637 2743 2693 creditor
2772 2637 3122 2694 distribuens.

1940 2703 2041 2759 Hic
2067 2704 2217 2759 dedit
2245 2703 2314 2759 ad
2336 2720 2581 2763 mensam
2600 2707 2813 2764 Domini
2830 2711 3140 2781 pecuniam,
3163 2715 3226 2764 ut
3245 2709 3464 2779 dignam

1870 2776 2077 2831 faceret
2101 2790 2344 2832 usuram.

1873 2917 1885 2931 _
1940 2847 2160 2973 Beatus.
2166 2847 2255 2902 hic
2285 2862 2497 2917 servus,
2525 2865 2689 2920 quem
2708 2866 2833 2907 cum
2857 2852 3069 2907 venerit
3096 2849 3359 2906 Dominus
3385 2849 3464 2904 ita

1870 2932 2114 2973 invenem

1941 2988 2238 3114 Probatum
2265 2990 2321 3047 in
2348 2999 2498 3047 terra
2524 3008 2686 3065 super
2722 2993 2907 3050 omnia
2958 3000 3163 3050 statuet
3199 2990 3351 3049 illum
3408 2991 3468 3047 in

1969 3075 2067 3114 na.

1870 3075 2067 3132 patria.

1792 3155 1842 3220 ο
2295 3132 2474 3220 Patris
2498 3134 3129 3220 gloriampelebrandam
3158 3136 3361 3220 chon-ii?
3378 3134 3471 3206 δα-

1872 3200 2189 3291 biliatlaude
2214 3204 2378 3291 digna
2400 3214 2458 3262 et
2478 3200 2708 3291 populus
2733 3206 3189 3291 lmtisﬁrespondet
3213 3200 3464 3291 vocibus.

1944 3272 2200 3350 Dicamus
2241 3272 2435 3350 omnes
2463 3272 2651 3350 cerhui
2682 3287 2832 3350 tanto
2866 3272 3037 3350 Petri,
3056 3280 3250 3350 jungat
3282 3291 3343 3350 se
3366 3291 3470 3333 suo

1871 3358 2004 3415 grex
2042 3343 2278 3411 Pastori,
2329 3356 2385 3402 et
2410 3348 2663 3419 precibus
2690 3348 2933 3419 fusisque
2977 3343 3235 3422 lacrymis
3265 3348 3468 3405 clame-

1871 3430 1993 3469 mus
2022 3433 2034 3468 :

1870 3555 1898 3611 ἰ
1942 3484 2138 3541 Pastor
2164 3487 2328 3555 bone,
2343 3488 2603 3545 miserere
2632 3489 2907 3558 Ecclesiae,
2937 3490 3047 3546 tuis
3072 3489 3329 3562 precibus
3376 3503 3467 3544 re-

1893 3572 2012 3611 ove.

1893 3572 2143 3702 0‘Cijinfer
2161 3643 2319 3702 opem
2346 3630 2489 3702 plebi
2520 3637 2647 3697 tute,
2676 3644 2870 3702 preces
2908 3631 3147 3697 attende,
3177 3638 3233 3687 et
3259 3644 3361 3702 pro
3375 3627 3464 3702 ju-

1871 3699 2088 3754 vamine
2116 3699 2363 3756 maculas
2387 3701 2552 3756 dilue.

1942 3770 2000 3824 in
2027 3771 2117 3824 via
2136 3785 2237 3847 nos
2271 3771 2467 3843 adjuva
2498 3790 2510 3825 :
2544 3772 2750 3829 colloca
2778 3773 2835 3829 in
2861 3774 3044 3847 patria
3074 3790 3089 3826 :
3133 3771 3299 3829 redde
3340 3785 3465 3842 qua:

1870 3855 2154 3912 speramus
2184 3841 2342 3897 dona.

2152 3947 2493 3991 EVANGELIUII
2531 3950 2806 3993 SECUNDUI
2840 3953 3173 3994 ΜΑΤἸἮιΕυΙΙ.

1941 4022 2121 4100 ln_ill_o
2144 4031 2390 4100 tempore
2413 4025 2550 4100 dixit
2578 4027 2837 4084 Dominus
2859 4028 3019 4085 Iesus
3043 4027 3325 4100 discipulis
3351 4026 3467 4100 suis

1870 4094 2187 4172 parabolam
2243 4094 2386 4172 hanc
2436 4096 2678 4172 :_Homo
2731 4100 2953 4172 quidam
3008 4094 3239 4172 peregre
3299 4096 3467 4170 profi-

1871 4168 2103 4231 ciscens,
2124 4174 2255 4233 etc.,
2286 4175 2342 4219 ut
2367 4166 2424 4221 in
2455 4166 2715 4224 Romano.
2741 4166 2809 4225 In
2837 4166 3357 4225 Civitaiensi'autein
3386 4177 3464 4223 est

1872 4236 2241 4308 Evangelium,
2264 4236 2516 4307 Vigilate.
2547 4238 2736 4309 Oﬂ'ert.
2768 4241 2953 4297 inveni
2977 4241 3168 4307 David,
3191 4248 3250 4294 ut
3277 4240 3333 4294 in
3359 4238 3464 4292 Ro-

1872 4323 2051 4362 mana.

2536 4395 2793 4438 SECBETA.

1947 4472 2133 4529 Sancti
2185 4473 2395 4547 Paulini
2442 4473 2775 4532 confessoris
2824 4483 2904 4531 tut
2956 4475 3123 4547 atque
3166 4472 3460 4547 pontiﬁcis,

1797 4528 1853 4593 D
1876 4528 2203 4617 quaesumus,
2225 4528 2473 4613 Domine,
2483 4528 3010 4604 sanissimus;
3020 4528 3349 4617 senatus
3364 4528 3465 4617 nos

1878 4615 2070 4702 reddat
2092 4626 2346 4702 acceptos
2373 4635 2385 4671 :
2417 4625 2477 4702 u_t
2502 4633 2601 4688 per
2647 4619 2891 4702 haec‘piaa
2918 4614 3235 4702 placationis
3261 4614 3461 4702 ofﬁcia,

1877 4685 2035 4741 nobis
2058 4685 2243 4759 gratiae
2293 4696 2398 4744 tua:
2426 4685 2567 4744 dona
2608 4685 2878 4746 conciliet.
2918 4685 3026 4744 Per
3052 4687 3339 4742 Dominum
3366 4701 3464 4740 no-

1879 4764 2075 4812 εῐτιιηι.

1951 4826 2208 4897 Ρι-ανῖαιὶο
2234 4838 2283 4883 et
2304 4827 2486 4884 Canon
2513 4839 2568 4883 ut
2589 4830 2645 4884 in
2670 4830 2930 4884 Romano.
2955 4829 3187 4884 Additur
3213 4837 3388 4884 tamen
3409 4828 3469 4882 in

1881 4897 2095 4953 Canone
2120 4899 2363 4971 postilla
2390 4901 2544 4954 verba
2569 4917 2587 4955 :
2619 4909 2674 4955 et
2702 4900 2945 4956 antistite
2971 4910 3159 4956 nostro
3186 4899 3252 4955 N.
3282 4907 3338 4955 et
3366 4913 3472 4971 pro

1882 4984 2009 5039 rege
2034 4968 2219 5024 noStro
2246 4968 2312 5023 Ν.

1955 5038 2285 5094 Communia.
2319 5039 2519 5097 Beatus
2543 5058 2752 5108 servus,
2774 5050 2831 5095 ut
2860 5043 2916 5097 in
2955 5041 3216 5097 Romano.

1956 5108 2294 5182 Complenda,
2345 5128 2462 5182 qua:
2511 5130 2544 5167 a
2588 5113 2735 5168 nobis
2762 5112 2984 5168 dicitur
3013 5112 3468 5168 Postcomnmnio.

1884 5181 2027 5235 Deus
2076 5181 2316 5250 fidelium
2358 5181 2744 5239 remunerator
2770 5184 3099 5250 animarum,
3143 5192 3363 5250 praesta,
3408 5192 3470 5236 ut

1882 5251 2029 5306 beati
2074 5248 2285 5326 Paulini
2332 5253 2654 5326 confessoris
2680 5255 2755 5326 tui
2787 5262 2947 5324 atque
2976 5248 3268 5326 pontiﬁcis,
3313 5248 3470 5324 cujus

1883 5323 2244 5397 venerandam
2290 5323 2628 5380 celebramus
2678 5323 3048 5397 lbstiviiatein,
3094 5326 3347 5397 precibus
3383 5323 3469 5378 in-

1887 5393 2216 5477 dulgentiam
2245 5395 2795 5477 cotis'e‘quamur.nl_’er
2816 5393 3111 5477 Dominum
3127 5406 3392 5477 nostrum.

1955 5464 2247 5539 Ca’tera‘ut
2275 5466 2329 5519 in
2355 5464 2614 5539 Romauo.
2646 5466 2897 5522 Dimissio
2922 5478 3096 5523 autem
3126 5466 3304 5539 papuli
3328 5480 3468 5537 prm-

1881 5543 1978 5600 tcr,
2010 5533 2086 5588 lte
2114 5534 2406 5608 Missa_cst,
2428 5538 2503 5591 vel
2523 5537 2909 5594 Benedicamus
2937 5533 3462 5608 Domino,'quw'sunt

1883 5622 2010 5679 usus
2031 5623 2237 5679 quoque
2257 5605 2507 5673 Romani,
2525 5608 2772 5677 bifariam
2796 5609 2951 5679 ﬁebat
2973 5611 3029 5665 in
3056 5605 3289 5663 Ecclesia
3306 5606 3469 5677 Aqui—

1884 5675 2083 5731 leiensi.
2111 5675 2175 5731 In
2211 5677 2341 5747 festo
2369 5680 2506 5732 enim
2536 5675 2728 5748 majori
2778 5675 2976 5751 duplici
3004 5681 3098 5735 sic.

257 5827 290 5858 ι
317 5812 656 5872 Omittuntur
680 5814 766 5870 vel
816 5821 1028 5870 tantum
1078 5812 1389 5870 indicantur
1416 5828 1482 5870 ea
1509 5827 1629 5885 quae
1650 5827 1776 5869 cum
1811 5812 2013 5871 Missali
2041 5814 2285 5872 Romano
2312 5816 2618 5873 communia
2646 5828 2789 5871 sunt.
