4026 6364
590 346 741 418 ’631

1202 467 1672 529 CIVITA'I‘ENSE.

643 565 877 643 genitrix
912 570 1099 643 nostra
1138 562 1607 643 advixeritipsum
1644 558 1971 615 frumentum
1996 559 2054 614 in
2081 558 2220 643 inte-

645 635 892 709 érumde
914 635 1030 706 ejus
1051 635 1322 709 pertineat
1339 638 1634 709 potestate;
1665 645 1840 709 grano
1858 645 1987 709 veru
2017 635 2219 684 rustico

644 699 908 783 Squaliter
940 699 1139 783 'amodo
1180 699 1455 783 dividant;
1481 699 1767 783 postve]?
1794 699 1911 783 ejus
1937 700 2219 783 decessum

644 770 824 834 omnia
851 774 1151 831 comuniter
1169 773 1236 827 de
1258 772 1375 841 ipso
1394 770 1590 827 Molino
1610 771 1858 826 habitare
1878 770 1934 825 in
1959 777 2139 841 monte
2163 770 2219 825 in

644 850 855 905 Carnea
887 846 1029 915 quod
1062 858 1160 899 nos
1191 839 1450 915 pertinuit
1482 842 1819 915 medietatem
1855 839 2220 915 supr_a_dictum

645 910 1030 974 monasterium
1063 910 1449 968 monacharum
1482 912 1747 977 habeant,
1788 916 1844 965 et
1874 910 2221 967 medietatem

647 985 1033 1044 monasterium
1060 985 1113 1038 in
1139 981 1336 1039 Sexto:
1364 983 1549 1037 volunt
1572 981 1733 1037 simul
1756 994 2007 1050 pascere,
2034 980 2221 1035 volunt

645 1058 883 1115 dividere
906 1070 1090 1110 eorum
1119 1054 1189 1109 sit
1210 1054 1511 1122 potestatis.
1543 1052 1620 1107 De
1648 1066 1803 1107 casas
1829 1050 2057 1122 quidem
2075 1065 2221 1104 mas-

645 1128 864 1186 saritias
909 1120 1236 1180 nominative
1277 1122 1731 1187 determinamus,
1776 1136 1895 1190 quae
1936 1120 2005 1174 ad
2045 1120 2220 1190 ipsum

646 1196 1032 1253 monasterium
1058 1194 1356 1265 puellarum
1384 1192 1655 1265 pertinere
1680 1191 1911 1246 debeant
1933 1205 1949 1265 :_
1977 1190 2104 1244 item
2131 1204 2222 1245 ca-

645 1284 735 1324 sas
763 1268 818 1323 in
849 1260 1103 1334 Sogiacd,
1136 1279 1292 1320 casas
1318 1260 1700 1334 in'Magretas,
1743 1276 1896 1334 casas
1936 1260 1991 1334 iu
2030 1274 2221 1334 campo

645 1337 868 1407 Majora,
894 1329 1051 1407 casas
1068 1336 1123 1390 in
1146 1334 1343 1399 Maras,
1367 1329 1594 1407 casasjn
1618 1332 1753 1407 If‘ara
1771 1329 1925 1398 juxta
1946 1329 2218 1407 Turriam,

643 1400 798 1465 casas
820 1400 873 1462 in
896 1406 1208 1471 Ardeliaco,
1236 1418 1392 1459 casas
1415 1403 1470 1457 in
1499 1401 1798 1466 Mattiarlo,
1827 1416 1981 1456 casas
2007 1401 2060 1454 in
2086 1400 2221 1456 duas

642 1478 936 1541 Basilicas,
966 1491 1121 1532 casas
1154 1474 1210 1540 in
1235 1474 1554 1538 Aureliano,
1587 1488 1741 1528 casas
1776 1472 1828 1526 in
1858 1471 2215 1537 Avenianico,

643 1563 801 1605 casas
825 1549 879 1602 in
903 1545 1204 1610 Gratialeo,
1233 1559 1387 1599 casas
1415 1545 1469 1598 in
1494 1542 1701 1598 Carnea
1731 1542 1785 1596 in
1807 1542 1928 1597 vico
1951 1541 2218 1612 Ampetio,

644 1634 797 1675 casas
816 1617 1038 1673 Joannis
1068 1614 1353 1670 Mattiarlo.
1386 1613 1571 1682 Itaque
1596 1612 1939 1668 concedimus
1964 1612 2019 1666 in
2047 1612 2221 1669 redito

644 1689 791 1758 ipso,
828 1687 974 1759 quod
1006 1685 1281 1759 annuatim
1317 1685 1513 1759 deben_t
1546 1684 1707 1748 dare,
1742 1697 1896 1759 casas
1934 1683 1987 1759 in
2025 1682 2222 1759 Rama-

643 1752 785 1814 ciete
803 1799 818 1823 ,
845 1752 901 1812 et
923 1765 1096 1811 terras
1124 1762 1180 1810 et
1208 1755 1395 1810 vineas
1417 1754 1502 1808 vel
1528 1760 1682 1823 prata
1708 1752 2215 1823 quod'habemusin

1640 349 1732 407 AI)
1768 347 2009 408 OPERA'
2030 341 2091 404 Β.
2134 340 2405 405 PAULINI
2438 338 2877 403 APPENDICES.

2244 469 2300 530 Α
2576 469 2595 482 .

3780 340 3874 406 632

2888 456 3346 518 MANIACENSE.

2318 556 2581 612 advixerit
2603 556 2779 627 ipsum
2806 555 3135 627 frumentum
3162 554 3219 610 in
3246 555 3515 626 integrum
3544 554 3600 613 In
3623 553 3739 627 eius

2315 627 2485 699 tineat
2498 625 2837 699 potestatem.
2857 625 3098 682 Granum
3116 639 3246 699 vero
3265 625 3593 699 rusticorum
3613 625 3871 699 siquaIiter

2316 695 2516 768 amodo'
2529 697 2826 768 dividatur:
2850 704 2972 768 post
2990 711 3122 768 veru
3139 695 3258 768 ejus
3279 697 3575 754 discessum
3598 695 3868 758 abeisdem

2315 767 2496 837 omnia
2514 766 2870 823 communiter
2887 767 2952 822 de
2968 768 3086 837 ipso
3104 766 3300 822 Molino
3319 768 3604 836 habeatur,
3621 776 3676 823 et
3697 769 3871 830 Montis

2316 837 2374 891 in
2399 835 2635 903 Carnea,
2658 838 2750 907 qui
2768 838 2844 910 ad
2873 852 2972 893 nos
2989 835 3253 910 pertinuit
3277 838 3623 910 medietatem
3647 843 3870 910 supradi-

2318 914 2463 962 ctum
2491 907 2875 963 monasterium
2897 908 3280 963 monacharum
3304 909 3505 964 habeat
3519 948 3537 974 ,
3563 916 3622 965 et
3642 907 3870 967 medieta-

2318 984 2425 1050 tein
2459 978 2844 1050 monasterium
2881 979 2936 1032 in
2963 977 3160 1050 Sexto,
3188 977 3357 1032 velint
3384 978 3605 1050 iusimul
3633 995 3863 1050 pascere,

2316 1046 2484 1101 velint
2504 1047 2749 1119 dividere
2767 1062 2993 1119 ,ueorum,
3021 1048 3094 1102 sit
3120 1055 3380 1118 potestas.
3406 1048 3483 1105 De
3512 1046 3655 1119 casis
3677 1051 3867 1119 quidem

2319 1115 2627 1189 masaritias
2659 1117 2938 1189 nominare
2964 1115 3313 1189 decernimus
3332 1134 3454 1189 qua:
3482 1118 3550 1173 ad
3577 1115 3749 1189 ipsum
3774 1136 3869 1174 mo-

2319 1186 2618 1258 nasterium
2651 1188 2949 1258 puellarum
2972 1188 3253 1258 pertinere
3285 1186 3538 1244 debeant.
3577 1186 3712 1244 Item
3739 1205 3869 1246 casas

2320 1257 2386 1338 de
2413 1256 2858 1342 Logiaco'ncasas
2884 1259 2939 1312 in
2968 1256 3276 1342 Maeretas,‘
3299 1273 3452 1340 casas
3478 1258 3536 1342 iu
3563 1275 3752 1342 campo
3773 1261 3868 1316 Ila-

2315 1325 2465 1395 jore,
2492 1342 2646 1397 casas
2674 1327 2726 1382 in
2750 1327 2929 1383 Avora
2952 1368 2969 1394 ,
2998 1342 3152 1383 casas
3179 1327 3238 1383 in
3261 1336 3379 1383 tara
3396 1327 3553 1397 juxta
3579 1325 3865 1397 tunionem,

2320 1411 2472 1453 casas
2499 1397 2554 1452 in
2580 1396 2855 1465 Adeliaco,
2882 1413 3038 1455 casas
3064 1398 3119 1452 in
3148 1396 3478 1464 Maitiuculo,
3503 1414 3659 1455 casas
3682 1399 3737 1455 in
3757 1396 3868 1456 duas

2318 1466 2590 1534 basilicas,
2616 1483 2771 1524 casas
2794 1468 2853 1523 in
2878 1467 3191 1536 Aureliano,
3226 1483 3381 1525 casas
3410 1469 3467 1524 in
3494 1468 3769 1533 Aviniaco,
3796 1486 3868 1525 ca-

2320 1552 2410 1592 sas
2437 1538 2491 1592 in
2512 1536 2844 1610 pratiolaco,
2876 1554 3039 1610 casas
3055 1539 3110 1610 in
3131 1538 3326 1610 Ca_rnia
3352 1540 3544 1595 anvieo
3568 1540 3799 1610 ampitio,
3823 1548 3869 1595 et

2319 1623 2474 1679 casas
2506 1606 2759 1675 Joannis,
2792 1617 2849 1664 et
2885 1607 3153 1679 Martiolo.
3194 1608 3382 1679 Itaque
3417 1606 3759 1666 concedimus
3784 1609 3868 1679 tibi

2320 1678 2530 1733 reddito
2552 1686 2793 1750 tempore
2812 1678 2958 1749 quod
2980 1693 3157 1750 annue
3174 1678 3373 1750 debent
3395 1679 3526 1735 dare
3546 1695 3691 1735 casae
3712 1681 3761 1735 in
3780 1678 3868 1736 Ro-

2319 1756 2577 1819 macetto,
2608 1748 2863 1815 eftrans,
2895 1757 2953 1805 et
2977 1748 3274 1819 vineasivel
3302 1758 3608 1819 prata-qua:
3634 1751 3867 1807 habemus

642 1818 915 1903 Dauuino,
930 1825 1263 1903 et_qui_dquid
1284 1824 1481 1879 habere
1504 1818 1605 1903 visi
1629 1818 1814 1903 sumus
1838 1823 1891 1877 in
1916 1822 2210 1903 Cploniola,
2247 1818 2292 1878 Β
2318 1819 2374 1901 in
2414 1818 2663 1903 pauvinp
2684 1860 2700 1885 ,
2729 1829 2785 1875 et
2812 1818 3294 1903 quidquid‘habere
3316 1820 3418 1875 visi
3445 1818 3869 1903 sumusiuﬁolo-

641 1908 699 1953 et
722 1899 877 1952 vinea
902 1897 958 1951 in
981 1892 1313 1966 G'robagnas,
1336 1910 1495 1966 quem
1524 1901 1708 1949 tenent
1732 1892 2220 1966 filius,_et_uepotes

640 1968 882 2022 Antonii.
919 1966 1054 2021 Item
1091 1962 1369 2019 addemus'
1387 1964 1442 2018 in
1481 1972 1633 2019 curte
1666 1974 1852 2018 nostra
1890 1963 1944 2034 in
1981 1962 2219 2034 Medegia

644 2052 746 2092 con
769 2036 914 2091 omni
944 2035 1270 2106 pertinentia
1298 2050 1394 2090 sua
1411 2075 1427 2100 ,
1454 2034 1702 2090 similiter
1722 2048 1878 2106 casas
1906 2032 1963 2087 in
1990 2032 2221 2089 Cisiario

644 2104 961 2162 secundum‘
981 2104 1211 2176 qualiter
1235 2112 1416 2160 cartas
1455 2119 1642 2176 earum
1666 2104 1975 2176 continetur
2004 2111 2221 2159 centum

643 2175 861 2231 anforas
898 2173 1022 2230 vino
1058 2175 1127 2229 ad
1156 2174 1271 2244 ipso
1306 2175 1632 2230 monasterio
1659 2173 1957 2243 puellarum
1989 2182 2215 2244 regant;

681 2247 786 2301 uod
804 2244 1130 2302 superfuerit
1141 2260 1316 2300 annue
1332 2244 1678 2300 concedimus
1692 2251 1880 2300 nostro
1894 2245 2221 2301 monasterio

681 2262 786 2301 uou
804 2262 864 2302 su
906 2262 1130 2301 erment
1141 2262 1316 2300 annue
1332 2262 1678 2300 concedimus
1692 2262 1880 2300 nosu'o
1894 2262 2221 2301 monaswrm

643 2262 838 2372 gemo:
864 2262 988 2371 Hanc
1008 2315 1207 2370 faciant
1226 2316 1283 2369 in
1304 2314 1564 2379 Mariano,
1591 2322 1646 2369 et
1665 2314 1734 2368 ad
1755 2313 1950 2369 Molino
1974 2313 2222 2370 laborent

643 2387 700 2441 in
735 2385 995 2441 Palatiolo
1029 2386 1170 2441 sicut
1207 2386 1450 2441 consueti
1482 2392 1608 2440 sunt
1628 2425 1644 2450 ,
1686 2384 1952 2454 simulque
1986 2384 2222 2440 habeant

643 2455 833 2527 Sylvas
860 2457 915 2511 in
940 2465 1100 2512 vento
1127 2464 1181 2511 et
1210 2455 1515 2511 Comariola
1545 2454 1846 2527 puellarum
1875 2454 2219 2513 monasteriis

638 2525 787 2581 Porti
810 2528 875 2581 de
900 2528 1226 2582 senodochio
1246 2541 1413 2596 prope
1433 2535 1516 2581 est
1537 2526 1744 2596 positus
1768 2525 1886 2596 sine
1906 2539 2065 2596 omne
2088 2540 2219 2596 sen-

638 2597 747 2667 tiro
775 2612 899 2653 cum
928 2604 1205 2667 potestate
1223 2595 1287 2651 de
1313 2595 1556 2667 predicto
1585 2595 1913 2667 monasterio
1940 2595 2217 2667 pabulent.

637 2665 696 2723 In
725 2665 1054 2726 monasterio
1082 2666 1297 2739 quidem
1323 2666 1566 2739 virorum
1592 2666 1841 2739 iaASexto
1870 2665 2133 2739 volumus,
2164 2675 2220 2739 ut

639 2738 779 2794 dona
805 2748 989 2794 nostra
1013 2735 1248 2795 habeant
1271 2738 1412 2793 inter
1433 2737 1596 2794 ﬂuvio
1621 2737 1959 2793 Taliamento
1983 2745 2038 2793 et
2058 2735 2222 2793 ﬂuvio

639 2806 940 2882 Liquentia:
968 2809 1229 2882 quidquid
1256 2808 1401 2882 inter
1429 2809 1575 2882 ipsos
1612 2808 1680 2863 ad
1712 2815 1957 2882 nostram
1985 2815 2223 2882 potestat-

638 2877 764 2949 tem'
783 2877 1056 2949 pertinere
1093 2877 1465 2949 dignoscitur;
1481 2878 1595 2933 sive
1632 2885 1784 2933 curte
1821 2877 1877 2931 in
1914 2885 2103 2949 sexto,
2128 2878 2221 2933 ubi

641 2947 818 3017 ipsum
845 2947 1232 3003 monasterium
1258 2948 1627 3003 ediﬁcavimus
1646 2988 1661 3014 ,
1687 2949 1799 3004 sive
1821 2956 1975 3002 curte
2000 2948 2054 3002 in
2082 2948 2223 3002 Lau-

640 3016 815 3072 rentia
836 3032 958 3072 cum
980 3018 1219 3073 oratorio
1241 3017 1395 3073 Domi
1417 3016 1730 3084 Salvatoris,
1753 3017 1846 3087 qui
1868 3018 1941 3073 ibi
1962 3017 2096 3074 situs
2115 3025 2217 3083 est,

637 3102 737 3142 seu
757 3088 813 3143 in
830 3096 981 3143 curte
1000 3089 1057 3142 in
1077 3094 1263 3142 sancto
1284 3086 1485 3142 Focato
1511 3103 1634 3144 cum
1660 3086 1824 3154 casis,
1851 3088 2042 3154 curtis,
2076 3103 2221 3143 cam-

2320 1888 2484 1954 niola,
2511 1889 2802 1961 et_vineam
2827 1888 2883 1945 in
2908 1888 3261 1961 Brombagiis,
3284 1906 3451 1961 quam
3474 1898 3660 1947 tenent
3684 1891 3771 1945 filii
3791 1906 3868 1946 seu

2319 1968 2543 2029 nepotes
2565 1958 2772 2015 Budoni
2791 2000 2807 2027 ,
2834 1968 2891 2015 et
2912 1958 3170 2015 addemus
3197 1960 3294 2015 tibi
3304 1958 3531 2016 "curtem
3573 1969 3802 2016 nostram
3824 1963 3867 2016 in

2320 2028 2523 2099 Médeja
2566 2045 2689 2100 cum
2730 2030 2982 2085 omnibus
3022 2031 3418 2100 pertinentibus
3459 2031 3607 2096 suis,
3647 2031 3868 2087 similiter

2320 2097 2479 2184 casas
2508 2099 2563 2184 iu
2597 2097 2813 2184 Qisiano
2849 2097 3147 2184 secundum
3179 2109 3235 2183 ei
3270 2102 3502 2184 qualiter
3527 2110 3678 2158 carta
3707 2117 3867 2184 eorum

2321 2169 2581 2225 continet.
2598 2168 2843 2240 Centum
2870 2171 3161 2240 amphoras
3185 2168 3304 2226 viui
3326 2172 3394 2228 ad
3423 2173 3600 2240 ipsum
3630 2180 3868 2227 monaste-

2320 2240 2459 2312 rium
2492 2239 2790 2312 puellarum
2815 2239 3073 2312 vehatur,
3097 2242 3239 2311 quod
3265 2239 3531 2312 superfuit
3557 2258 3735 2298 annue
3758 2257 3866 2298 coa-

2320 2309 2562 2367 cedimus
2598 2310 2653 2364 in
2687 2310 3014 2366 monasterio
3043 2309 3291 2368 Seitensi
3315 2309 3567 2378 {Fenum
3606 2312 3795 2370 faciant
3822 2312 3869 2368 il

2322 2378 2614 2447 Marciano,
2644 2389 2699 2436 et
2724 2383 2792 2438 ad
2825 2380 3082 2437 Molinum
3111 2381 3167 2437 in
3193 2381 3452 2439 Palatiolo
3482 2383 3623 2439 sicut
3655 2380 3870 2440 consueti

2321 2459 2467 2507 sunt.
2511 2450 2790 2521 Simulque
2827 2452 3029 2507 habent
3064 2452 3227 2509 silvas
3260 2453 3315 2507 in
3348 2453 3572 2509 Vetreto
3607 2462 3663 2510 et
3692 2453 3871 2510 Carna-

2320 2520 2456 2576 riola
2487 2520 2784 2592 puellarum
2822 2523 3211 2579 monasterium
3243 2521 3402 2579 Porci
3428 2524 3498 2579 de
3528 2522 3867 2588 Senodochio,

2321 2593 2414 2661 qui
2433 2607 2602 2665 prope
2625 2602 2709 2648 est
2728 2593 2936 2665 positus
2958 2592 3075 2649 sine
3096 2594 3476 2665 omnescarico
3489 2610 3613 2650 cum
3634 2593 3869 2665 porcisde

2319 2664 2579 2732 praedicto
2605 2663 2932 2720 monasterio
2950 2663 3224 2733 pabulent.
3252 2664 3308 2720 In
3334 2663 3663 2721 monasterio
3682 2666 3868 2720 tandem

2321 2732 2560 2788 virorum
2584 2734 2639 2788 in
2662 2735 2828 2790 Sexto
2850 2732 3115 2800 volumus,
3140 2742 3199 2789 ut
3223 2735 3519 2790 dominium
3542 2736 3730 2792 habeat
3752 2736 3868 2789 inter

2320 2801 2542 2876 ﬂuvium
2564 2804 2883 2861 Taliamenti
2903 2814 2957 2862 et
2977 2802 3198 2860 ﬂuvium
3216 2803 3534 2875 Liquentiae,
3562 2816 3618 2864 et
3639 2805 3867 2876 quidquid

2322 2875 2464 2959 inter
2488 2875 2604 2959 ipsa
2625 2877 2692 2931 ad
2716 2877 3609 2959 nostramnpotestatempervenire

2321 2952 2454 3019 tui-7;;
2481 2944 2595 3019 sive
2631 2954 2840 3019 curtem
2868 2946 2924 3001 in
2958 2944 3157 3019 Sexto,
3187 2948 3281 3019 ubi
3308 2944 3482 3019 ipsum
3512 2944 3867 3004 monasterium

2321 3016 2735 3081 :editlcavimus,
2766 3017 2879 3073 sive
2903 3024 3112 3073 curtem
3139 3017 3195 3072 in
3220 3015 3576 3075 Lau‘rentiaca
3615 3033 3731 3074 eum
3766 3032 3868 3072 ora.

2323 3088 2463 3142 torio
2490 3085 2703 3142 Domini
2727 3096 2783 3144 et
2808 3085 3123 3151 Salvatoris,
3147 3087 3240 3157 qui
3265 3087 3339 3142 ibi
3367 3089 3503 3145 situs
3522 3098 3628 3154 est,
3653 3103 3741 3143 seu
3765 3103 3870 3143 eur-

637 3158 743 3228 pis,
778 3158 968 3234 pratis,
999 3158 1189 3234 vineis,
1207 3157 1389 3234 silvis,
1421 3157 2031 3234 astalariis,__montibus,
2062 3158 2215 3234 vivis,
2245 3171 2293 3234 ο
2323 3164 2429 3234 tem
2456 3157 2512 3234 in
2539 3164 2729 3234 sancto
2751 3157 2952 3234 Focate
2970 3173 3098 3234 cum
3121 3158 3282 3224 casis,
3308 3159 3499 3234 curtis,
3521 3159 3743 3234 campis,
3765 3173 3868 3234 pra~

638 3227 872 3300 pascuis,
889 3236 1049 3300 atque
1064 3228 1366 3300 paludibus,
1381 3243 1482 3300 nec
1503 3243 1611 3283 non
1627 3227 1875 3293 moliuas,
1892 3243 1986 3283 seu
2001 3228 2220 3284 mobilia
2255 3227 2293 3234 “
2324 3228 2411 3291 tis,
2436 3227 2629 3300 vineis,
2652 3227 2822 3300 silvis,
2850 3227 3139 3293 astalariis,
3166 3228 3459 3300 montibus,
3490 3227 3866 3300 rivis,pas¢u_is,

638 3305 696 3369 et
732 3298 1025 3354 immobilia
1052 3298 1314 3369 quidquid
1348 3299 1582 3369 adipsas
1605 3307 1784 3354 cartes
1812 3307 2222 3369 supernarratas

638 3367 706 3423 de
733 3377 929 3440 nostro,
944 3367 1240 3437 jure‘inte’r
1265 3367 1383 3440 ipsa
1409 3367 1631 3440 ﬂumina
1659 3367 1933 3440 pertinere
1960 3368 2223 3440 dignosci-

639 3445 747 3493 tur.
781 3437 1040 3494 Similiter
1068 3447 1123 3494 et
1151 3437 1306 3494 casas
1335 3437 1667 3494 Massaritias
1694 3439 1750 3493 in
1779 3439 1901 3496 vico
1929 3437 2221 3496 macerano

638 3509 882 3565 teritorio
900 3510 1242 3575 Veronense;
1266 3509 1397 3565 item
1419 3524 1577 3565 casas
1596 3510 1651 3564 in
1671 3509 1913 3578 Belluno,
1930 3509 2221 3578 judiciaria

635 3551 937 3635 (Ξοηειειῖεὲ
948 3551 1140 3635 ἶὶεὲἱὶείι
1147 3551 1268 3634 ἦξίέ)
1286 3551 1651 3646 ἱὲιίᾶὧὶἲῖιοῗ
1663 3551 2220 3636 ωέαἲὶνὴἒῶυὲεειιο

635 3663 762 3721 cum
791 3650 938 3721 omni
976 3649 1301 3721 pertinentia
1339 3666 1455 3716 sua,
1491 3665 1587 3705 seu
1625 3651 1679 3706 in
1718 3649 1931 3717 Saleto,
1969 3650 2053 3705 vel
2091 3651 2222 3721 quid

635 3718 765 3789 quid
760 3719 919 3792 _inibi
940 3718 1007 3792 ei
1027 3720 1137 3792 vita
1159 3719 1402 3792 conjugis
1420 3736 1539 3776 mee
1558 3722 1758 3777 habere
1777 3721 2045 3777 videntur.
2067 3718 2220 3792 Unde

635 3788 736 3872 ego
754 3788 887 3872 Erfo
909 3790 1103 3872 eumde
1127 3788 1359 3872 vegaria‘
1373 3791 1475 3847 feci
1486 3832 1508 3872 _,
1543 3792 1646 3847 etsi
1676 3806 1839 3863 super
1865 3792 1980 3872 ipsa
2002 3791 2220 3872 vegaria

634 3856 769 3932 inibi
799 3856 963 3914 fuerit
991 3857 1147 3927 juxta
1160 3856 1682 3932 considerationem
1700 3856 1853 3932 suam
1882 3856 1997 3932 ipse
2024 3856 2215 3932 Abba,

635 3929 729 3999 qui
758 3943 856 3999 pro
876 3936 1123 3999 tempore
1152 3927 1315 3985 fuerit
1337 3930 1533 3986 exinde
1556 3931 1614 3985 in
1636 3927 1947 3996 elemosina,
1971 3929 2058 3986 vel
2083 3931 2216 3986 mis-

633 3998 724 4053 sas
754 3998 846 4078 aut
872 3998 1379 4082 Psalmodiaannue
1412 4000 1754 4082 persolvant,
1786 4012 1840 4055 et
1874 4000 2212 4082 prescripto,

635 4083 799 4141 quam
816 4070 930 4137 jam
954 4078 1083 4141 ante
1091 4070 1155 4141 in
1180 4071 1298 4141 ipso
1321 4070 1583 4139 pertinuit
1611 4070 1960 4136 monasterio,
1982 4077 2037 4141 et
2062 4070 2217 4141 casas

634 4137 693 4193 in
722 4137 927 4194 Carnos
956 4140 1012 4194 in
1040 4137 1389 4194 Vinea‘retu'm
1418 4154 1515 4193 seu
1548 4150 1605 4193 et
1637 4153 1763 4195 casa
1801 4148 1985 4195 nostra
2021 4140 2077 4194 in
2105 4139 2216 4195 Ma-

634 4208 819 4278 riano,
848 4225 970 4264 cum
999 4208 1147 4263 omni
1176 4207 1506 4278 pertinentia
1534 4224 1660 4273 sua,
1693 4218 1748 4264 et
1776 4211 2121 4266 medietatem
2149 4212 2217 4267 de

634 4277 947 4334 Castenetto
976 4280 1031 4333 in
1058 4277 1396 4343 Ausemano,
1428 4286 1485 4333 et
1514 4279 1801 4336 medietate
1829 4281 1895 4337 de
1925 4279 2122 4338 Molino
2158 4281 2215 4336 in

633 4348 913 4415 Palatiolo,
932 4349 1072 4404 sicut
1092 4348 1338 4417 superius
1360 4347 1716 4415 deﬁnivimus,
1736 4358 1789 4406 et
1807 4357 1988 4406 monte
2008 4352 2064 4406 in
2085 4351 2216 4407 Car—

632 4434 735 4474 nea
760 4419 852 4489 qui
877 4419 1065 4492 adnos
1089 4418 1323 4492 pertinet
1341 4456 1356 4484 ,
1382 4419 1723 4492 medietatem
1745 4421 1801 4476 in
1825 4422 2075 4476 omnibus
2099 4422 2215 4492 ipsa

636 4487 962 4569 monasteria
977 4487 1246 4569 equaliter
1266 4489 1593 4569 possideant.
1621 4490 1886 4569 De_servis
1906 4487 2212 4547 nostris—vel

635 4559 860 4633 ancillas
883 4600 897 4624 ,
930 4557 1188 4633 Aldiones
1213 4557 1297 4613 vel
1316 4557 1575 4615 Aldionas
1603 4561 1884 4633 utriusque
1913 4575 2072 4633 sexus
2098 4577 2214 4617 om-

633 4646 730 4686 nes
756 4629 957 4685 liberas
987 4628 1319 4693 dimisimus,
1351 4637 1407 4685 et
1435 4637 1613 4685 cartas
1638 4628 1827 4686 eorum
1865 4632 1930 4687 de
1966 4631 2215 4687 libertate

631 4699 859 4771 fecimus
883 4698 1134 4771 similiter
1157 4708 1213 4755 et
1232 4700 1304 4771 de
1322 4700 1530 4754 casaria
1557 4701 1795 4771 ipsorum
1820 4717 1917 4757 seu
1945 4711 1999 4756 et
2026 4702 2094 4755 ad
2118 4717 2215 4758 eos

633 4769 762 4825 dicti
780 4768 893 4833 jam
920 4777 1079 4825 antea
1102 4769 1257 4826 liberi
1281 4768 1526 4833 fuerunt,
1552 4768 1776 4827 fecimus
1796 4780 1853 4827 et
1868 4771 2113 4828 volumus
2132 4780 2216 4827 at-

672 4856 738 4913 ue
763 4839 1075 4913 definimus,
1108 4847 1169 4894 ut
1196 4840 1375 4896 nullus
1402 4855 1590 4913 eorum
1627 4856 1790 4911 super
1817 4842 2214 4913 impositionem

655 4909 829 4975 'aciat,
864 4910 960 4965 sed
993 4911 1134 4965 sicut
1167 4924 1355 4965 eorum
1392 4909 1671 4965 continent
1694 4909 1996 4978 _carte,'ita
2037 4911 2214 4968 facere

633 4979 1099 5065 Fabam-Abh”
1135 4994 1263 5035 νθνο
1299 4979 1401 5065 γει.
1422 4995 1766 5065 secessum
1800 4982 1944 5065 eius:
1984 4984 2076 5065 qui
2114 4998 2213 5065 alio

632 5057 872 5121 tempore
894 5049 948 5102 in
971 5048 1088 5119 ipso
1112 5049 1440 5121 monasterio
1461 5051 1517 5105 in
1543 5051 1708 5106 Sexto
1727 5048 2211 5121 ordinatus'fue—rit,

629 5119 951 5190 regulariter
979 5133 1106 5190 cum
1129 5120 1259 5189 ipsis
1288 5120 1434 5174 vivat
1471 5123 1781 5188 monachis,
1822 5131 1877 5178 et
1914 5119 2213 5180 ordinando

631 5188 793 5262 atrium
817 5188 1587 5262 disponendodemonasterio
1615 5189 1932 5248 feminarum
1960 5192 2015 5248 in
2042 5192 2210 5262 Salto,

631 5257 790 5335 257
816 5257 980 5335 seuiu
997 5257 1337 5316 Senodochio
1351 5269 1745 5335 regenteatque
1765 5263 2083 5335 disponente
2096 5257 2212 5335 ipso

629 5328 842 5384 abbate.
862 5328 1045 5384 Abbas
1068 5344 1198 5384 vero
1226 5346 1347 5386 cum
1375 5328 1778 5389 nfonachis'sibi
1804 5328 2216 5392 commissis're-

627 5398 889 5475 guiariter
914 5399 1129 5464 debent,
1160 5409 1214 5455 et
1231 5402 1331 5475 sub
1345 5402 1488 5456 nulla
1514 5403 1764 5475 deinceps
1790 5414 1996 5470 nostra,
2013 5405 2095 5461 vel
2120 5405 2213 5462 lle-

626 5470 818 5552 redum
864 5477 1170 5552 nostrorum
1201 5472 1485 5552 redigatur
1522 5470 1807 5543 potestate,
1848 5476 1940 5552 sed
1981 5480 2215 5552 supersit

629 5540 742 5596 suis
777 5540 890 5611 ipse
925 5542 1252 5611 monasterio
1286 5540 1556 5607 virorum}
1585 5540 1808 5611 excepto
1838 5540 2088 5602 defuncto
2124 5549 2215 5603 ab-

628 5611 755 5682 bate
768 5610 921 5682 jusso
933 5610 1063 5665 olim
1083 5610 1198 5682 ﬁeri
1218 5613 1393 5669 solent
1408 5617 1675 5669 monachi.
1693 5610 1867 5671 Unum
1891 5632 2211 5673 consensum

627 5680 684 5755 in
711 5680 872 5755 unam
903 5681 1233 5755 concordare
1262 5699 1544 5754 personam
1563 5726 1576 5747 ,
1613 5695 1705 5740 aut
1730 5688 1874 5755 quod
1904 5688 2064 5749 absit,
2095 5704 2211 5742 ma-

627 5751 742 5828 lum
768 5752 870 5807 sibi
894 5752 1154 5828 elegerint
1174 5751 1361 5828 caput;
1386 5764 1513 5810 tunc
1539 5757 1682 5828 sedis
1699 5751 2057 5826 Aquileiensis
2084 5774 2212 5828 pou-

629 5820 761 5878 tifex
784 5837 877 5881 eos
906 5820 1108 5881 ad'una
1146 5820 1333 5882 redeat
1368 5826 1656 5883 concordia
1676 5868 1691 5895 ,
1728 5820 1793 5884 ac
1832 5820 2111 5886 meliorem
2142 5827 2210 5885 de

2321 3306 2483 3423 atque
2504 3297 2808 3381 paludibus,
2829 3313 2938 3381 .nec
2964 3314 3070 3381 non
3097 3305 3157 3382 et_
3180 3299 3523 3366 molendinis,
3554 3316 3648 3356 seu
3663 3297 3867 3380 'mobilia

2321 3382 2386 3423 ve
2431 3368 2728 3423 immobilia
2752 3369 2880 3423 amd
2898 3369 3026 3423 quid
3049 3368 3117 3423 ad
3143 3384 3288 3423 Insas
3312 3379 3498 3423 curtes
3521 3384 3866 3423 sunrannomu-

2318 3367 2402 3423 vel
2431 3367 2728 3441 immobilia
2752 3368 3117 3441 quid_quid_ad
3143 3369 3288 3441 ipsas
3312 3379 3498 3441 curtes
3521 3369 3866 3441 suprannomi-

2319 3446 2511 3511 natas,
2548 3438 2635 3511 vel
2668 3437 2857 3511 nustru
2869 3437 3003 3511 jure
3037 3437 3179 3495 inter
3215 3439 3332 3510 ipsa
3368 3437 3607 3496 ﬂumina'
3625 3441 3869 3511 pertinere

2319 3508 2674 3581 dignoscitur.
2707 3508 2969 3581 Similiter
2994 3516 3050 3581 et
3073 3508 3310 3567 casas—et
3339 3508 3670 3567 massaritias
3692 3511 3741 3581 iu
3763 3510 3868 3581 vico

2320 3578 2590 3645 Mariano,
2631 3582 2685 3634 in
2726 3580 2972 3635 teritorio
3001 3579 3330 3647 Veronense,
3362 3591 3418 3636 et
3454 3597 3613 3637 casas
3641 3581 3692 3634 in
3714 3578 3869 3634 Bellu-

2318 3664 2411 3715 no,
2452 3649 2668 3705 Vicaria
2702 3648 3019 3715 Cenetense,
3056 3658 3113 3706 et
3147 3659 3297 3706 trans
3332 3650 3556 3707 ﬂuvium
3596 3650 3866 3707 Tiliamenti

2318 3728 2524 3792 curtem
2547 3720 2603 3774 in
2632 3719 2968 3792 Ramﬁussello
2992 3736 3125 3792 cum
3137 3722 3283 3792 omni
3306 3724 3636 3792 pertinentia
3660 3737 3768 3785 sua,
3790 3735 3865 3775 seu

2317 3797 2374 3845 et
2402 3789 2639 3859 Saletto,
2669 3800 2726 3847 et
2753 3791 2982 3847 Paludes
3000 3831 3015 3855 ,
3045 3790 3132 3846 vel
3155 3791 3287 3862 quid
3307 3789 3445 3863 quid
3473 3794 3609 3849 inibi
3638 3803 3745 3857 est,
3769 3806 3865 3915 qua

2317 3861 2500 3915 omnia
2526 3858 2772 3915 fecerunt
2799 3861 3043 3915 coniunis
3072 3877 3222 3915 meae.
3252 3860 3446 3915 Curtes
3484 3865 3541 3915 in
3580 3862 3745 3915 Rinna
3799 3878 3865 3915 ra-

2316 3861 2500 3917 omnia
2526 3858 2772 3935 fecerunt
2786 3861 3043 3935 conjugis
3072 3858 3222 3935 meae.
3252 3858 3446 3935 Curtes
3484 3865 3541 3919 in
3580 3862 3745 3935 Rippa
3774 3858 3868 3935 ira-

2317 3938 2428 3997 cta,
2453 3939 2634 3988 curtes
2660 3932 2715 3986 in
2738 3931 2953 3997 Bivero,
2968 3931 3161 3988 'curtes
3187 3932 3242 3987 in
3268 3932 3476 4001 Azano,
3502 3931 3754 3989 curte's'in
3772 3933 3867 3986 Pis-

2318 4010 2526 4084 settaua
2550 4017 2680 4084 cum
2699 4003 2948 4084 omnibus
2973 4004 3312 4084 perlinentiis
3336 4005 3470 4071 suis,
3488 4005 3750 4084 gugtesin
3774 4002 3865 4084 Silo

2317 4070 2738 4156 cuiu.9ratorio,
2765 4081 2947 4129 curtes
2972 4070 3028 4127 in
3051 4072 3301 4156 Blessaga
3329 4091 3450 4156 cum

2317 4141 2384 4196 de
2403 4140 2561 4209 Villa,
2583 4151 2793 4216 curtem
2816 4158 2990 4216 aquae,
3015 4159 3135 4214 qua:
3159 4140 3357 4216 dicitur
3386 4144 3638 4216 Hedago;
3663 4144 3867 4216 deuti-rit

2316 4226 2385 4266 ex
2403 4227 2508 4266 una
2533 4220 2687 4283 parte
2708 4212 2949 4283 Lenuda,
2974 4212 3121 4270 et’ex
3141 4214 3265 4269 allia
3289 4231 3458 4283 usque
3483 4212 3563 4271 ad'
3576 4215 3765 4273 fossam
3783 4212 3867 4269 Sa-

2315 4282 2600 4353 vouarum,
2622 4290 2783 4353 atque
2806 4282 3103 4339 Coibulam.
3127 4284 3346 4340 Curtem
3368 4282 3434 4341 de
3452 4286 3664 4352 Anone,
3686 4293 3865 4343 curtem

2316 4352 2372 4426 in
2395 4350 2588 4426 S_acco,
2611 4350 3232 4426 curteiuinCrispinaga
3251 4371 3373 4411 cum
3395 4350 3657 4413 Castello.
3675 4356 3863 4426 Curtem

2317 4422 2586 4497 de_Veruo
2613 4432 2670 4497 et
2691 4423 2758 4497 de
2784 4422 3072 4497 Mulinego,
3105 4422 3252 4497 eti'de
3282 4426 3557 4497 Lutrauo:
3589 4428 3794 4483 Curtem
3812 4424 3867 4477 de

2318 4490 2468 4547 Salto
2485 4508 2608 4548 cum
2631 4494 2795 4559 Cella,
2820 4490 3040 4550 Curtem
3060 4490 3130 4551 de
3151 4496 3370 4552 Ribaria
3397 4515 3410 4550 :
3435 4496 3658 4554 Curtem
3680 4498 3741 4553 de
3758 4497 3865 4552 Por-

2314 4564 2475 4633 pirio.
2504 4564 2722 4619 Curtem
2751 4566 2816 4620 de
2843 4564 2961 4619 vico
2986 4565 3225 4621 Leonum
3250 4583 3373 4621 cum
3401 4566 3547 4623 Cella
3574 4569 3741 4624 sancti
3766 4566 3864 4621 Flo-

2317 4633 2453 4688 riani
2473 4649 2490 4708 ς
2515 4633 2733 4708 Curtem
2755 4635 2821 4689 de
2842 4633 3070 4708 Medeja,
3090 4644 3144 4708 et
3165 4635 3292 4705 quid
3314 4638 3443 4708 quid
3463 4638 3666 4694 habere
3683 4639 3862 4708 videtur

2315 4704 2489 4759 nostri
2512 4703 2652 4773 juris
2675 4705 2817 4774 inter
2839 4703 3009 4774 aquas
3043 4703 3359 4773 deﬂuentes',
3385 4708 3486 4764 hoc
3527 4718 3614 4765 est
3641 4710 3773 4763 inter
3790 4706 3863 4762 Ti-

2314 4774 2630 4850 liamentum
2669 4781 2723 4829 et
2753 4773 3128 4850 Liquentiam,
3165 4785 3221 4832 et
3259 4779 3399 4850 sicut
3434 4778 3864 4850 viaiUngarorum

2314 4844 2574 4910 cernitur,
2602 4853 2658 4900 et
2682 4844 2905 4920 paludes
2932 4846 3099 4901 maris
3116 4886 3132 4912 ,
3161 4855 3219 4902 et
3244 4848 3377 4920 quid
3412 4849 3541 4920 quid
3582 4844 3671 4904 ad'
3690 4848 3864 4920 regiam

2312 4922 2636 4990 potestatem
2661 4915 2925 4990 pertinet,
2948 4923 3005 4971 et
3027 4931 3152 4990 cum
3175 4915 3322 4972 omni
3347 4915 3587 4975 dominio
3613 4920 3739 4990 quid
3749 4915 3865 4988 'quid

2315 4985 2424 5059 dici
2437 4985 2532 5059 _vel
2560 4985 2826 5040 nominari
2852 4994 3046 5059 potest.
3085 4987 3308 5059 Insuper
3332 4995 3389 5044 et
3413 4985 3865 5059 curtem'nosti-ain

2314 5055 2381 5110 de
2405 5055 2642 5128 Mariano
2669 5055 3072 5128 cumuomnibus
3100 5055 3439 5128 pertinentiis
3464 5060 3598 5116 suis.
3628 5060 3702 5115 De
3723 5058 3868 5115 servis

2314 5126 2516 5182 nostris
2544 5126 2627 5180 vel
2666 5126 2878 5199 ancillis
2901 5126 3159 5199 Aldiones
3193 5127 3277 5184 vel
3317 5128 3575 5185 Aldionas
3615 5132 3867 5199 utriusque

2312 5210 2475 5267 sexus
2514 5211 2702 5253 omnes
2742 5196 2942 5253 liberos
2986 5197 3317 5267 dimisimus,
3357 5208 3412 5256 et
3448 5202 3670 5256 chartas
3704 5196 3866 5257 eorum

2314 5267 2381 5321 de
2417 5266 2666 5322 libertate
2713 5266 2976 5323 fecimus:
3018 5269 3266 5325 similiter
3298 5277 3355 5325 et
3390 5271 3458 5327 de
3494 5270 3706 5327 salariis
3747 5273 3873 5329 inse-7

2313 5352 2464 5403 rum,
2495 5352 2588 5392 seu
2618 5337 2686 5393 ad
2708 5352 2802 5393 eos
2828 5338 2922 5408 qui
2941 5338 3055 5408 jam
3084 5347 3244 5396 antea
3280 5339 3437 5397 liberi
3474 5340 3725 5406 fuerunt,
3754 5337 3867 5396 feci-

2313 5423 2433 5480 mus
2480 5409 2720 5472 chartas,
2772 5416 2829 5463 et
2874 5409 3148 5480 volumus,
3203 5418 3364 5480 atque
3412 5411 3780 5478 deﬁnivimus,
3820 5419 3870 5467 ut

2313 5477 2490 5532 nullus
2533 5493 2722 5551 eorum
2759 5494 2920 5549 super
2957 5477 3354 5551 impositioncm
3392 5480 3589 5550 faciat,
3631 5485 3714 5540 vel
3750 5477 3871 5537 Sicut

2311 5562 2497 5619 eorum
2522 5549 2797 5604 continent
2817 5558 2980 5605 curtae
3002 5549 3074 5605 ita
3096 5550 3273 5606 facere
3291 5551 3542 5619 debeant,
3565 5555 3743 5610 Abbas
3760 5566 3871 5609 vein

2312 5618 2395 5693 vel
2417 5634 2758 5693 successores
2778 5620 2882 5693 sui,
2905 5620 2994 5693 qui
3018 5629 3257 5690 tempore
3278 5622 3328 5676 in
3349 5623 3465 5693 ipso
3487 5618 3808 5681 monasterio
3825 5622 3869 5677 in

2314 5689 2479 5743 Sexto
2508 5690 2800 5767 ordiuaiils
2849 5690 3031 5767 fuerit,
3077 5689 3394 5767 regulariter
3433 5709 3558 5767 eum
3597 5697 3724 5767 ipsis
3744 5694 3870 5747 vivat

2312 5761 2612 5833 monuchis,
2642 5761 3126 5833 ordinandoatque
3146 5761 3485 5833 disponendo
3518 5767 3586 5821 de
3616 5761 3869 5821 monaste-

2312 5829 2394 5887 rio
2431 5829 2754 5887 feminarum
2782 5831 2837 5886 in
2873 5829 3054 5899 Salto,?
3074 5847 3169 5890 seu
3204 5829 3259 5889 in
3297 5833 3636 5895 Senonachio
3671 5842 3869 5908 mente
