4026 6364
816 450 1289 514 GWITATENSE.

232 550 384 624 ipsis
410 546 694 606 monachis
739 551 1035 624 constituat
1060 553 1345 624 abbatem.
1393 546 1680 611 Humiliter
1725 555 1838 624 ipse

230 623 418 695 abbas
444 636 566 695 cum
595 634 859 695 consensu
896 622 1172 695 pontiﬁcis,
1189 626 1332 680 sedis
1360 625 1722 695 Aquileiensis
1743 622 1839 682 br-

230 692 440 766 dinare
458 691 652 745 debeat
671 691 1180 766 abhatissam,quod
1201 704 1284 750 est
1303 691 1464 766 quain
1487 713 1591 750 una
1613 712 1839 752 concors

228 761 490 831 elegerit,
515 771 609 814 aut
633 776 760 830 pars
780 776 885 830 que
911 761 1100 818 melior
1130 761 1406 829 fueritfut
1434 767 1628 822 exinde
1649 784 1837 823 eorum

227 847 439 904 magna
466 847 676 886 merces
696 833 968 898 adveniat,
993 846 1045 889 et
1067 835 1210 904 ipsas
1233 837 1348 891 sine
1368 852 1550 892 morsu
1573 838 1839 894 diabolico

225 902 287 955 in
317 902 422 956 Dei
450 903 743 970 persistant
771 904 1009 959 servitio.
1041 902 1174 960 Nam
1214 907 1355 961 nulla
1398 908 1501 962 alia
1531 923 1718 963 eorum
1752 909 1837 964 vel

223 987 432 1047 earum
455 973 694 1047 habeant
714 973 984 1029 licentiam
1007 992 1168 1047 super
1190 977 1531 1046 impositione
1548 978 1724 1034 facere
1749 996 1840 1034 ne-

224 1057 340 1120 que
363 1044 468 1097 sibi
488 1052 727 1120 receptu,
746 1059 920 1113 neque
941 1044 1164 1120 missum
1184 1044 1339 1120 suum
1362 1049 1642 1118 autaliqua
1666 1049 1836 1120 impe-

225 1115 452 1194 ratione
480 1129 656 1196 neque
677 1115 741 1198 in
761 1119 1087 1198 monasterio
1108 1134 1280 1198 neque
1302 1119 1365 1198 in_
1381 1121 1541 1198 r_el:us
1557 1115 1839 1198 manas—te:

225 1185 467 1259 riorum,
487 1185 590 1238 nisi
612 1185 873 1259 invitatus
885 1187 1047 1259 fuerit
1067 1185 1300 1257 pontifex
1319 1191 1386 1243 ab
1404 1191 1520 1259 ipso
1541 1191 1732 1244 abbate
1755 1190 1836 1246 vel

225 1255 534 1331 abbatissa,
551 1256 684 1331 etsi,
700 1257 839 1331 quod
854 1258 1014 1331 absit,
1030 1255 1144 1331 ipsa
1157 1255 1501 1330 congregatio
1517 1261 1836 1331 regulariter

221 1324 424 1400 vivere
451 1325 774 1400 neglexerit;
809 1324 1197 1400 ipseiPontifex
1224 1324 1317 1384 eos
1341 1324 1639 1394 comoneat,
1664 1347 1835 1400 quan-

223 1402 344 1471 tum
371 1397 458 1449 sic
482 1397 673 1471 decere
682 1397 890 1466 juvant.
911 1399 1061 1471 Quod
1077 1401 1121 1454 si
1139 1402 1582 1471 contempserint,
1599 1397 1834 1471 correpti

225 1419 344 1450 tum
371 1419 458 1449 sic
482 1419 673 1451 decere
682 1419 890 1466 juvant.
911 1419 1061 1465 Quoa
1077 1419 1121 1454 sn
1139 1419 1582 1471 contempserint,
1599 1419 1752 1456 corre
1794 1419 1834 1457 ιι

221 1464 435 1548 iterum
456 1474 619 1548 atque
639 1468 834 1548 iterum
857 1471 956 1524 sub
981 1469 1329 1548 allegationes
1349 1471 1724 1548 ejus_distringi
1741 1419 1834 1548 (ibe:

218 1534 379 1611 beat,
418 1545 475 1611 et
505 1534 572 1603 si,
603 1539 745 1606 quod
777 1556 883 1594 non
912 1534 1112 1610 optans
1130 1545 1184 1596 in
1209 1534 1446 1596 deterius
1469 1534 1718 1607 iruerini,
1741 1543 1832 1611 qui

217 1605 288 1683 de
330 1608 536 1683 eodem
577 1605 928 1683 monasterio,
947 1605 1096 1667 'tuuc
1135 1620 1372 1666 mutetur
1412 1613 1526 1683 ipse
1564 1605 1834 1668 monaste-

217 1677 371 1752 rium
417 1679 469 1732 in
508 1681 833 1735 senodochio
879 1691 1100 1751 regente
1143 1692 1305 1752 atque
1352 1677 1668 1752 disponente
1714 1685 1830 1752 ipso

216 1747 432 1822 abbate
460 1766 566 1803 una
601 1767 720 1806 cum
752 1747 1016 1807 consensu
1051 1754 1196 1809 sedis
1219 1747 1576 1822 Aquileiensis
1613 1747 1828 1822 pontifi-

216 1822 318 1894 cis,
346 1820 504 1894 sicut
527 1822 774 1894 superius
801 1823 1034 1878 diximus
1057 1825 1124 1879 de
1149 1820 1478 1879 monasterio
1509 1820 1826 1894 puellarum.

216 1887 358 1943 Nam
400 1891 510 1946 alia
550 1887 607 1945 in
635 1892 764 1950 ipsis
793 1895 952 1948 rebus
981 1895 1066 1948 vel
1098 1895 1379 1949 monachis
1408 1887 1830 1950 seu'mouachas

214 1960 438 2035 nullam
469 1962 633 2035 faciat
654 1960 936 2019 lesionem.
966 1964 1040 2019 Te
1056 1980 1185 2020 vero
1207 1966 1297 2034 qui
1319 1981 1542 2035 presens
1563 1965 1826 2035 pontifex,

213 2031 426 2106 et_Dco
459 2033 652 2106 dignus
690 2049 810 2089 esse
844 2035 1180 2103 dignosceris
1219 2031 1436 2091 domino
1476 2031 1694 2105 Siguald
1734 2031 1828 2106 pa?

215 2102 435 2174 triarca
463 2102 562 2172 per
590 2103 806 2158 Patrem
834 2114 888 2160 et
908 2102 1111 2161 Filium
1150 2116 1203 2161 et
1235 2115 1480 2162 sanctum
1517 2102 1828 2174 adjuranius

213 2172 530 2258 _Spirituni,
560 2175 982 2258 et__per.beatu_m
1011 2177 1230 2231 Petrum
1269 2172 1826 2258 principem—aposto-

212 2242 406 2318 lorum
437 2253 498 2298 ut
536 2242 681 2318 nulla
711 2247 818 2318 eis,
849 2247 934 2302 vel
964 2263 1151 2302 earum
1181 2242 1421 2318 permitti
1446 2242 1685 2316 'patiaris
1713 2248 1826 2303 vio-

212 2313 444 2389 lentias,
480 2332 581 2389 nec
612 2316 724 2386 ipse
748 2317 944 2383 facias;
975 2318 1068 2374 sed
1100 2313 1241 2374 hanc
1270 2313 1474 2373 cartam
1501 2320 1826 2389 perpetuali-

212 2394 297 2439 ter
335 2385 511 2441 firma
538 2387 609 2441 sit
637 2385 736 2442 Sub
773 2391 1115 2444 anathemate
1150 2391 1346 2458 scripta
1365 2430 1380 2454 ,
1409 2399 1469 2444 ut
1501 2385 1826 2446 tui—succes-

210 2471 374 2510 sores
404 2459 673 2528 majorem
704 2459 940 2514 habeant
961 2476 1167 2524 curam,
1197 2469 1249 2514 ct
1276 2461 1371 2514 tibi
1399 2475 1589 2528 magna
1618 2476 1824 2517 merces

209 2536 493 2599 acrescat.
520 2527 672 2594 Quod
691 2529 735 2584 si
757 2530 936 2586 facere
956 2531 1366 2599 contempseris,
1390 2527 1676 2584 Dominum
1700 2548 1823 2586 cum

211 2598 434 2666 angelis
461 2601 579 2654 suis
613 2600 861 2654 formida.
895 2600 1046 2656 Hanc
1073 2598 1278 2656 cartam
1309 2602 1375 2656 ad
1407 2617 1504 2655 nos
1531 2600 1671 2655 facta
1696 2601 1824 2656 Am-

209 2677 404 2738 sperto
457 2685 688 2742 monaco
727 2672 964 2726 scribere
1009 2673 1336 2742 rogavimus.
1377 2670 1492 2726 Hoc
1529 2680 1710 2726 autem
1754 2673 1822 2727 ad

210 2741 618 2812 monasterium
664 2751 976 2796 sanctorum
1019 2741 1259 2797 omnium
1305 2742 1669 2812 apostolorum
1717 2743 1822 2798 sito

209 2807 562 2866 Nonantulas
588 2813 860 2868 territorio
896 2814 951 2867 in
982 2813 1278 2868 Motiuense
1311 2807 1452 2868 anno
1481 2812 1821 2868 dominorum

210 2890 541 2953 nostrorum
567 2883 827 2938 Desiderii
857 2893 911 2937 ct
937 2883 1192 2939 Adelchis
1224 2885 1440 2953 regibus
1465 2892 1634 2947 sexto,
1663 2885 1820 2938 tertio

209 2949 396 3007 Iadio
428 2953 727 3010 indictione
757 2955 943 3024 quinta
982 2955 1188 3010 decima
1220 2967 1267 3007 α.
1287 2949 1342 3023 ὀἷο
1377 2954 1488 3025 Ego
1516 2969 1644 3025 ergo
1683 2954 1821 3008 indi-

208 3037 350 3092 gnus
381 3025 686 3079 monachus
724 2997 789 3079 in1
819 3026 959 3080 hanc
992 3034 1198 3080 cartam
1234 3040 1266 3078 a
1302 2997 1390 3078 me
1420 2997 1614 3079 Facta-iii
1655 3041 1819 3078 manu

209 3109 333 3148 mea
367 3095 570 3163 scripsi
599 3103 655 3149 et
683 3096 1026 3150 subscribere
1053 3094 1258 3163 rogavi.
1289 3095 1329 3163 σι-
1359 3095 1470 3163 Ego
1493 3095 1704 3149 Marcus
1733 3096 1816 3148 in-

208 3164 411 3289 digus
435 3166 578 3219 abba
620 3166 676 3220 in
717 3167 857 3221 hanc
894 3167 1237 3222 consentiens
1266 3181 1427 3218 manu
1458 3181 1575 3220 mea
1601 3165 1812 3247 scripsi.
1846 3190 1890 3251 ρ

209 3235 250 3289 ἰ·
327 3251 402 3289 20
437 3235 584 3289 Anto
617 3236 868 3289 indignus
906 3237 1202 3289 monachus
1239 3251 1403 3289 manu
1441 3252 1560 3289 mea
1603 3250 1814 3289 scrmsu.

327 3251 402 3305 go
437 3235 584 3308 Apto
617 3236 868 3308 indignus
906 3237 1202 3292 monachus
1226 3251 1403 3308 manu
1441 3252 1560 3291 mea
1603 3235 1814 3305 scripsi.

221 3305 400 3375 j-Ego
443 3305 789 3362 Victorianus
832 3316 1086 3375 peccator
1132 3308 1184 3360 in
1225 3306 1365 3360 hanc
1403 3316 1608 3360 cartam
1655 3321 1819 3360 manu

207 3391 334 3430 mea
361 3377 664 3449 scripsiL-t
680 3378 792 3449 Ego
820 3377 1081 3433 Silvester
1115 3377 1366 3446 indignus
1397 3377 1536 3431 abba
1574 3384 1813 3449 vocatus,

205 3456 446 3516 rogatus
470 3449 538 3501 ab
569 3447 767 3503 Erfone
788 3450 840 3503 in
874 3451 1013 3504 hanc
1038 3456 1247 3503 cartam
1271 3464 1429 3501 manu
1456 3463 1576 3502 mea
1600 3447 1814 3516 scripsi.

206 3515 248 3584 ’ξ’
282 3515 404 3590 Ego
429 3517 713 3574 Guidulfus
740 3519 989 3590 indignus
1015 3518 1310 3590 monachus
1336 3525 1654 3590 sanctorum
1671 3533 1712 3590 _a

210 3587 736 3660 stolorumirogatus
769 3592 836 3644 ab
859 3587 1063 3645 Erfone
1091 3605 1190 3660 pro
1213 3588 1454 3658 jussione
1480 3588 1680 3660 domini
1708 3587 1818 3660 _Sil_-

209 3659 398 3728 yiestri
431 3658 633 3714 abbatis
673 3661 725 3715 in
767 3661 907 3715 hanc
935 3658 1142 3716 cartam
1168 3675 1330 3713 manu
1373 3673 1493 3713 mea
1528 3658 1740 3728 scripsi.
1773 3658 1814 3728 -ι-

370 3728 539 3816 Ursa
567 3729 688 3816 “est
716 3731 968 3816 inditae?
986 3731 1289 3816 ,ντεῖεέιινιειτ
1321 3739 1377 3816 et
1404 3727 1698 3816 manasse?
1715 3727 1816 3816 ea!"

215 3795 428 3873 _Cbristi
463 3809 514 3854 et
542 3795 860 3873 archangeli
881 3795 1413 3873 Micliaelis'rogatus
1443 3801 1508 3873 ab
1538 3798 1734 3873 Erfone
1753 3799 1814 3873 _i_n

208 3868 360 3925 hanc
389 3879 598 3926 cartam
623 3868 786 3928 manu
816 3889 934 3928 mea
973 3871 1185 3942 scripsi.
1217 3868 1406 3941 ἰ-Ἐςο
1443 3869 1639 3924 Beatus
1675 3869 1814 3926 indi-

203 3955 354 4022 gnus
383 3943 647 3998 diaconus
677 3952 987 4022 sanctorum
1018 3941 1465 4022 et;apos_tolorurn
1497 3948 1716 4022 rogatus
1744 3941 1812 3996 ab

203 4009 426 4085 Erfone
443 4029 607 4066 manu
633 4031 752 4070 mea
775 4015 986 4085 scripsi.
1011 4015 1051 4082 -l~
1073 4009 1184 4083 Ego
1209 4011 1535 4085 Theophilus
1561 4009 1813 4085 indignus

204 4082 1147 4156 monachusisanctorumirogatus
1181 4084 1248 4137 ab
1291 4083 1488 4137 Erfone
1526 4097 1625 4152 pro
1657 4082 1811 4152 jussu

202 4150 431 4207 Domini
491 4153 734 4210 Silvestri
781 4150 1005 4210 abbatis'
1034 4155 1087 4208 in
1135 4154 1274 4208 hanc
1324 4150 1542 4208 cartam'
1568 4150 1810 4208 nostram

201 4238 377 4276 manu
404 4225 628 4296 propria
659 4227 870 4296 scripsi.
896 4228 933 4296 1-
964 4227 1074 4296 Ego
1101 4224 1394 4296 Anselmus
1412 4225 1538 4278 licet
1561 4223 1809 4295 indignus

197 4294 522 4365 monachus
561 4294 868 4352 sanctonum
906 4294 1146 4350 Omnium
1179 4294 1810 4365 Apostolorumirog’atus

199 4365 270 4434 ab
293 4363 512 4426 Erfone
542 4367 702 4422 modo
733 4368 944 4431 abbate,
973 4376 1025 4421 et
1047 4363 1290 4434 jussione
1324 4365 1524 4419 domini
1564 4363 1808 4420 Silvestri

197 4433 428 4488 abbatis
478 4436 616 4491 hanc
651 4437 910 4492 cartulam
952 4433 1257 4492 donationis
1292 4444 1452 4504 atque
1483 4435 1808 4491 definitionis

198 4505 373 4577 istam
406 4506 479 4559 ad
507 4506 888 4563 Monachorum
917 4509 971 4562 in
1001 4506 1167 4562 Sexto
1192 4507 1507 4577 conscripsi,
1536 4506 1806 4577 similique

195 4575 304 4630 alia
331 4583 499 4630 carta
531 4579 647 4646 pari
677 4588 863 4634 tenore
897 4587 953 4632 et
979 4594 1138 4646 sensu
1178 4592 1338 4646 quem
1374 4575 1570 4630 debent
1604 4575 1805 4632 habere

197 4645 587 4703 monasterius
623 4650 1004 4704 monachorum
1035 4649 1088 4702 in
1118 4645 1288 4714 Salto,
1320 4647 1461 4702 unde
1488 4655 1542 4702 et
1571 4647 1806 4716 reliquas

195 4727 393 4802 cartas
427 4734 533 4772 una
568 4734 666 4802 pro
706 4719 914 4802 Ursone
942 4718 1243 4802 presbitero
1282 4717 1473 4802 et‘alia
1506 4733 1603 4802 pro
1641 4719 1805 4802 Beato

194 4789 442 4860 diacono
486 4790 706 4860 scripta,
759 4791 903 4860 quod
947 4789 1000 4844 in
1037 4789 1195 4860 simul
1233 4797 1360 4844 sunt
1399 4797 1654 4860 quatuor.
1699 4789 1805 4843 Ista

191 4858 326 4913 data
370 4866 464 4913 est
493 4861 560 4914 ad
595 4857 982 4916 monasterium
1011 4861 1065 4915 in
1098 4857 1284 4924 Sexto,
1324 4867 1380 4912 et
1423 4859 1525 4912 alia
1568 4859 1692 4913 data
1721 4870 1806 4913 est

191 4929 262 4982 ad
293 4930 701 4985 monasterium
726 4930 1045 4985 feminarum
1069 4932 1121 4986 in
1144 4929 1312 4984 Salto.
1339 4929 1520 4983 Tertia
1543 4929 1596 4983 in
1619 4945 1804 4984 mona-

194 5000 374 5054 sterio
405 5000 630 5056 domino
652 5003 962 5057 Victoriano
992 5001 1171 5057 abbati
1197 5001 1248 5054 in
1273 5000 1600 5054 monasterio
1624 5001 1796 5056 sancti

193 5071 526 5141 archangeli
565 5071 858 5127 Michaelis.
898 5071 1097 5138 Quarta
1139 5072 1354 5140 quidem
1389 5072 1441 5124 in
1469 5073 1797 5141 monasterio

192 5139 672 5198 domini'Erfonis
707 5144 760 5197 in
792 5144 1010 5206 Tussia,
1041 5153 1102 5196 ut
1128 5139 1327 5210 absque
1356 5141 1458 5196 alia
1487 5140 1675 5197 fraude
1701 5157 1796 5210 pe-

194 5213 416 5266 reniter
447 5211 550 5280 ipsi
589 5214 882 5268 venerandi
910 5214 1011 5269 loci
1046 5214 1356 5282 persistant.
1397 5211 1646 5282 Explicit.
1687 5211 1797 5268 Deo

195 5282 437 5348 gratias.
467 5283 658 5338 Amen.
690 5283 854 5340 Orate
879 5300 978 5355 pro
1001 5285 1156 5339 nobis
1182 5298 1370 5339 omnes
1389 5291 1623 5338 sanctos.

194 5435 375 5488 quam
403 5420 603 5476 debent
639 5421 842 5478 habere
878 5423 930 5477 in
967 5423 1293 5478 monasterio
1330 5425 1714 5478 monachorum
1743 5423 1798 5477 in

1524 339 1870 400 APPENDIX
1907 341 2246 404 SECUNDA.

3412 349 3516 408 654

2513 459 2971 520 MANIACENSE.
3443 438 3448 444 ’

1941 559 2100 624 atque
2123 552 2439 624 disponente
2472 553 2586 624 ipso
2623 556 2836 610 abbate.
2868 555 3049 611 Abbas
3074 570 3202 612 vero
3235 571 3356 611 cum
3397 573 3516 613 mo-

1937 624 2124 697 naehis
2139 624 2253 697 sibi
2267 625 2585 697 commissis
2623 627 2942 697 regulariter
2969 628 3148 681 vivere
3178 628 3426 693 debeant,
3464 635 3521 685 et

1938 694 2038 748 sub
2064 694 2209 748 nulla
2249 695 2498 765 deinceps
2547 694 2732 752 nostra
2776 697 2857 751 vel
2907 697 3162 751 heredum
3211 706 3518 754 nostrorum

1938 765 2212 846 redigatur
2240 774 2539 846 potestate;
2586 768 2680 824 sed
2718 783 2930 846 semper
2952 768 3132 846 prmsit
3161 767 3272 846 ipse
3311 769 3517 846 inmo-

1938 835 2445 911 nastcriovirprum
2485 847 2708 911 excepto
2737 835 3240 911 defuncto_abhate,
3273 847 3332 892 ut
3363 837 3549 911 jussu.

1937 905 2032 960 Dei
2075 905 2191 958 fieri
2222 907 2374 969 solet,
2407 915 2460 962 et
2491 905 2633 963 tunc'
2653 910 2697 962 si
2727 909 2973 963 monachi
3003 909 3055 962 in
3093 924 3257 964 unum
3292 905 3516 965 conten—

1937 982 2048 1050 tum
2079 977 2332 1050 unanimo
2357 993 2465 1050 non
2486 981 2875 1034 Concordarent
2897 995 3202 1049 personam,
3239 988 3349 1044 aut,
3376 980 3520 1050 quod

1937 1047 2350 1120 absit,_malumi
2368 1048 2468 1101 sibi
2501 1051 2760 1120 eligerent
2795 1047 2974 1119 caput,
3019 1057 3146 1104 tunc
3183 1051 3324 1104 sedis
3349 1047 3518 1120 Aqui-

1935 1115 2152 1171 leiensis
2175 1119 2413 1188 pontifex
2444 1120 2509 1173 ad
2539 1115 2696 1174 unam
2725 1135 2817 1174 eos
2845 1115 3032 1174 reddat
3058 1115 3429 1186 concordiam,
3454 1135 3519 1175 ac

1935 1188 2215 1242 meliorem
2245 1189 2310 1244 de
2339 1189 2470 1258 ipsis
2500 1192 2777 1246 monachis
2804 1191 3094 1245 constituat
3121 1191 3390 1255 abbatem,
3421 1192 3519 1247 hu-

1935 1257 2135 1330 militer
2155 1259 2267 1328 ipse
2288 1257 2453 1314 abbas
2474 1277 2593 1316 cum
2615 1277 2877 1317 consensu
2900 1260 3166 1330 pontificis
3189 1261 3332 1315 sedis
3353 1261 3519 1330 Aqui-

1936 1328 2152 1384 leiensis
2177 1330 2431 1384 ordinare
2459 1331 2652 1386 debeat
2693 1328 3040 1394 abbatissam,
3077 1338 3130 1385 et
3171 1331 3274 1385 hoc
3304 1328 3518 1400 quando

1933 1413 2121 1472 omnes
2146 1415 2252 1472 non
2269 1403 2608 1472 concorditer
2630 1403 2909 1472 eligerent,
2924 1411 3013 1455 aut
3034 1401 3206 1471 major
3230 1417 3374 1471 pars,
3396 1416 3516 1472 quae

1932 1469 2125 1542 melior
2153 1470 2334 1542 fuerit,
2365 1481 2423 1526 ut
2448 1473 2642 1528 exinde
2677 1469 2863 1528 earum
2895 1488 3087 1542 magna
3117 1469 3325 1527 merces
3351 1469 3514 1526 adve-

1933 1539 2068 1612 niat,
2093 1550 2147 1595 et
2177 1541 2321 1612 ipsas
2353 1543 2468 1598 sine
2496 1559 2678 1599 morsu
2719 1539 3070 1598 diabolico'in
3101 1542 3193 1612 Dei
3225 1543 3517 1612 persistant

1933 1611 2172 1666 servitio.
2210 1611 2423 1666 Nullam
2450 1621 2629 1668 tamen
2670 1613 2829 1667 aliam
2857 1629 3044 1669 eorum
3081 1611 3165 1666 vel
3194 1611 3380 1668 earum
3421 1615 3516 1668 ha-

1932 1681 2056 1734 beat
2084 1681 2355 1737 licentiam
2378 1699 2539 1752 super
2561 1685 2954 1755 impositionem
2983 1683 3181 1755 facere,
3212 1698 3385 1753 neque
3412 1682 3514 1737 sibi

1933 1761 2228 1825 receptum,
2258 1769 2431 1822 neque
2459 1754 2683 1809 missum
2712 1771 2888 1820 suum,
2917 1763 3010 1808 aut
3029 1754 3263 1823 aliquam
3285 1755 3514 1825 impera-

1859 1832 1908 1893 Β
1935 1821 2135 1894 tionem
2165 1821 2422 1893 neque’in
2453 1826 2776 1880 monasterio
2809 1841 2982 1894 neque
3014 1826 3066 1878 in
3103 1821 3512 1890 monasterium,

1932 1892 2037 1966 nisi
2066 1892 2321 1949 invitatus
2349 1895 2510 1952 fuerit
2540 1896 2776 1966 pontifex
2807 1898 2874 1950 ab
2895 1892 3018 1966 ipso
3054 1895 3271 1966 abbate,
3302 1894 3394 1966 vel
3415 1894 3512 1966 ab-

1930 1962 2152 2036 batissa,
2181 1975 2236 2018 et
2263 1966 2328 2030 si,
2361 1967 2503 2036 quod
2533 1962 2690 2029 absit,
2729 1968 2843 2036 ipsa
2875 1962 3219 2036 congregatio
3247 1963 3512 2034 regulari-

1930 2042 2014 2088 ter
2050 2035 2232 2088 vivere
2254 2035 2598 2108 neglexerit,
2636 2035 2761 2108 ipse’
2789 2035 3030 2106 pontifex
3058 2050 3165 2108 eos
3207 2041 3513 2100 comoneat,

1929 2112 2193 2173 quatenus
2222 2105 2364 2161 sicut
2387 2105 2670 2170 condecet,
2695 2105 2899 2172 vivant,
2931 2105 3074 2176 quod
3098 2105 3142 2160 si
3172 2113 3512 2176 contempse-

1928 2175 2051 2238 rint,
2089 2178 2322 2247 correpti
2372 2179 2567 2232 iterum
2608 2186 2770 2247 atque
2813 2175 3007 2232 iterum
3052 2176 3152 2230 sub
3197 2175 3515 2247 allegatione

1927 2247 2221 2316 constringi
2248 2245 2498 2302 debeant.
2531 2248 2602 2301 At
2642 2245 2708 2312 si,
2751 2248 2893 2316 quod
2933 2262 3039 2302 non
3081 2245 3346 2316 optamus,
3381 2245 3516 2300 ulte-

1927 2316 2040 2370 rius
2056 2315 2354 2388 creverint,
2387 2319 2478 2388 qui
2505 2319 2560 2372 in
2583 2315 2782 2373 eodem,
2801 2317 3126 2372 monasterio
3152 2315 3354 2370 nullam
3392 2330 3512 2370 mo-

1925 2387 2189 2441 nasticam
2239 2387 2530 2443 habuerint
2578 2389 3017 2452 observantiam,
3069 2394 3198 2439 tunc
3245 2392 3511 2439 mutatum

1925 2457 2098 2537 ipsum
2123 2460 2512 2514 monasterium
2541 2460 2595 2513 in
2623 2460 3208 2537 setiodociiio__regen}e
3251 2455 3507 2537 ἱρερηθμ-

1922 2524 2046 2584 hate
2076 2545 2182 2582 una
2209 2545 2330 2584 cum
2370 2545 2631 2585 consensu
2666 2531 2807 2585 sedis
2834 2524 3193 2598 Aquileiensis
3219 2524 3509 2595 pontificis,

1924 2599 2064 2653 sicut
2088 2601 2335 2670 superius
2359 2601 2591 2655 diximus
2615 2601 2681 2656 de
2701 2595 3029 2654 monasterio
3057 2595 3510 2670 puell_amm,__nec

1923 2665 2168 2746 amplius
2194 2672 2353 2746 rebus
2396 2671 2499 2746 vcl_
2521 2671 2830 2746 monachis,
2861 2684 2954 2724 seu
2997 2665 3509 2746 monachzenullam

1923 2734 2411 2817 faciat__l:esionem.
2458 2742 2533 2817 Ie
2574 2757 2701 2797 vero
2735 2741 2850 2817 qui
2877 2753 3125 2817 praesens
3159 2734 3512 2817 pcntifex,_el

1922 2809 2034 2864 Deo
2050 2811 2253 2888 dignus
2289 2806 2778 2888 esse__d_ignosceris
2817 2806 3161 2888 DfSigoalde
3197 2806 3509 2888 patriarcha

1921 2894 2019 2948 per
2045 2874 2278 2947 Patrem,
2310 2893 2364 2936 et.
2390 2874 2582 2938 Filium
2613 2891 2668 2938 et
2694 2891 2939 2937 sanctum
2977 2874 3296 2948 adjuranius
3334 2874 3506 2945 Spiri-

1923 2959 2056 3030 tum,
2081 2960 2136 3030 _e_t
2171 2968 2277 3030 per_
2303 2953 2517 3030 beatum
2543 2955 2761 3008 Petrum
2787 2952 3086 3030 principem
3105 2948 3506 3030 apostolorum,

1919 3029 1980 3074 ut
2005 3018 2208 3094 nullam
2232 3023 2310 3077 eis
2338 3025 2423 3078 vel
2446 3040 2632 3078 earum
2659 3018 2896 3094 permitti
2927 3018 3150 3094 patiaris
3174 3018 3506 3094 violentiam,

1920 3104 2020 3171 nec
2049 3091 2162 3162 ipse
2181 3093 2372 3171 facies,
2405 3104 2460 3150 et
2489 3096 2604 3171 haec
2632 3089 2782 3149 car-ta
2821 3089 3202 3171 perpetualiter
3235 3089 3390 3171 ﬁrma
3439 3089 3510 3143 sit

1923 3163 2021 3235 sub
2050 3165 2396 3219 anathemate
2425 3166 2647 3235 scripta,
2678 3173 2738 3219 ut
2771 3165 2847 3219 tui
2877 3175 3218 3217 successores
3245 3163 3506 3229 majorem

1921 3233 2158 3310 habeant
2199 3250 2405 3310 curam,
2454 3245 2509 3290 et
2537 3233 2649 3291 'sibi
2700 3251 2920 3310 magna.
2944 3245 3154 3287 merces
3207 3237 3502 3310 accrescat.

1920 3301 2073 3376 Quod
2099 3304 2160 3376 _si
2198 3299 2398 3376 facere»
2433 3299 2855 3376 contempseris,
2886 3303 2949 3356 D.
2991 3317 3114 3376 cum
3152 3299 3357 3370 angelis
3395 3299 3507 3353 suis

1919 3372 2169 3428 formida.
2196 3375 2346 3429 Hanc
2368 3386 2575 3431 cartam
2602 3392 2631 3430 a
2650 3371 2816 3430 'nobis
2836 3375 3031 3428 factam
3055 3371 3380 3440 Anspertum
3403 3384 3503 3423 no-

1920 3443 2115 3516 tarium
2145 3446 2382 3500 scribere
2419 3447 2744 3516 rogavimus.
2785 3445 2900 3516 Hoc
2923 3450 3103 3496 actum
3123 3442 3204 3516 _ad
3232 3448 3505 3516 monaste-

1918 3513 2058 3590 rium
2087 3524 2399 3590 sanctorum
2428 3509 2666 3590 omnium
2698 3513 3060 3590 apostolorum
3091 3511 3255 3590 situm
3283 3509 3500 3590 Nongn-

1918 3582 2026 3638 tula
2055 3586 2299 3639 teritorio
2335 3586 2652 3640 Mutinense.
2690 3579 2844 3640 Ahno
2887 3583 2952 3637 ab
2993 3580 3362 3634 incarnatione
3392 3579 3499 3633 Do-

1917 3654 2055 3730 mini
2073 3657 2240 3710 nostri
2271 3654 2396 3711 Jesu
2427 3651 3098 3730 Christi‘760._lndicti0.ne
3120 3648 3500 3730 ﬁsoTempore

1914 3724 2253 3782 dominorum
2289 3736 2594 3782 nostrorum
2634 3725 2897 3782 Desiderii
2923 3731 2979 3777 et
3009 3719 3260 3774 Adelchis
3288 3734 3495 3789 regum.

1916 3794 2097 3872 Tertio
2125 3797 2212 3872 die
2241 3799 2475 3872 intrante
2502 3813 2687 3872 mense
2709 3797 2854 3872 Maio
2881 3807 2928 3848 ⁸-
3306 3860 3318 3872 ,
3389 3858 3401 3871 ,
3445 3859 3458 3871 ,

1983 3865 2095 3936 Ego
2139 3867 2305 3923 Herto
2350 3869 2598 3942 indignus
2639 3869 2805 3942 abbas
2849 3881 3016 3942 manu
3055 3877 3178 3919 mea
3214 3865 3402 3942 scripsi
3443 3865 3497 3913 in

1912 3935 2022 4013 hag
2038 3935 2188 4013 carta
2222 3955 2251 3994 a
2278 3955 2363 3993 me
2395 3935 2553 4013 facta,
2587 3946 2642 3994 et
2666 3939 2780 4013 hos
2792 3937 3132 4013 subscribere
3160 3935 3395 4013 rogavi.’

1982 4007 2093 4080 Ego
2137 4009 2350 4065 Marcus
2395 4011 2645 4082 indignus
2698 4010 2866 4064 abbas
2915 4010 2970 4062 in
3013 4008 3115 4063 hac
3156 4007 3496 4059 consentiens

1912 4093 2075 4157 manu
2103 4096 2220 4157 mea
2246 4082 2455 4157 scripsi.
2595 4155 2603 4157 _
2629 4152 2641 4157 _
3171 4145 3182 4157 ,
3254 4144 3266 4156 ,

1982 4149 2092 4224 Ego
2115 4150 2256 4224 Aulo
2284 4149 2532 4222 indignus
2557 4152 2726 4206 abbas
2745 4167 2906 4224 manu
2934 4165 3053 4208 mea
3080 4149 3290 4214 scripsi.
3371 4213 3382 4224 ν
3453 4211 3466 4224 _

1927 4219 1930 4226 ’
1981 4219 2091 4292 Ego
2120 4219 2458 4276 Victorianus
2485 4231 2735 4292 peccator
2759 4223 2925 4277 abbas
2950 4235 3111 4274 manu
3135 4230 3254 4270 mea
3280 4219 3488 4292 scripsi.

1981 4289 2092 4369 ligo
2125 4292 2384 4369 Silvester
2419 4289 2667 4362 indiguus
2707 4294 2872 4347 abbas
2906 4299 3148 4369 vocatus,
3185 4293 3241 4338 et
3273 4291 3491 4345 Γοιωῑιιε

1911 4361 1978 4416 ab
2000 4362 2197 4417 Ertone
2228 4362 2282 4416 in
2313 4363 2413 4417 hac
2438 4360 2587 4418 carta
2616 4379 2777 4417 manu
2801 4379 2921 4417 mea
2941 4360 3152 4429 scripsi.

1980 4432 2090 4504 Ego
2120 4432 2416 4489 Gandulfus
2446 4434 2615 4490 abbas
2649 4441 2869 4504 rogatus
2903 4431 3138 4485 Hertone
3169 4439 3330 4479 manu
3366 4436 3486 4476 mea

1910 4517 2119 4574 εοιςιρει.
2883 4573 2887 4574 ν
3035 4571 3044 4574 _
3129 4570 3142 4574 _
3306 4564 3338 4574 η
3390 4562 3458 4574 η,

1833 4546 1883 4605 D
1910 4521 2119 4572 εει-ψει.
3326 4564 3338 4576 .
3445 4562 3458 4574 ⁸

1936 4644 1949 4647 _
1977 4573 2089 4647 Ego
2138 4574 2307 4630 Ursus
2351 4575 2478 4630 licet
2518 4577 2773 4647 indignus
2811 4573 2977 4647 abbas
3020 4564 3339 4638 Archangeli
3390 4563 3487 4616 Μι-

1904 4644 2105 4726 chaelis
2143 4655 2360 4717 rogatus
2389 4648 2454 4702 ab
2487 4644 2721 4702 Hertone
2762 4645 2817 4698 in
2851 4646 2955 4698 hac
2981 4650 3132 4697 carta
3165 4652 3328 4692 manu
3362 4647 3482 4688 mea

1903 4730 1961 4769 SC
1968 4732 2112 4771 l'lDSl.

1972 4733 2310 4866 ggblbeatus
2332 4788 2576 4859 indignus
2600 4787 2768 4842 abbas
2790 4792 3100 4866 sanctorum
3121 4777 3482 4851 apostolorum

1904 4866 2121 4928 rogatus
2149 4861 2216 4914 ab
2245 4860 2482 4914 I-lertone
2509 4874 2667 4913 manu
2694 4871 2813 4928 mea
2842 4860 3054 4924 scripsi.

1971 4926 2082 5000 Ego
2107 4930 2434 5000 Theophilus
2454 4937 2707 5000 peccator
2731 4926 2898 4981 abbas
2924 4933 3143 4995 rogatus
3169 4937 3331 4976 manu
3362 4934 3481 4975 mea

1904 5014 2113 5056 SCI‘IDSI.

1974 5017 2403 5141 rﬁliisﬁlbnsbertus
2423 5073 2558 5129 aulae
2578 5067 3002 5143 regiaenotaﬂus
3020 5073 3240 5143 "133mg
3260 5063 3327 5143 a-b
3347 5061 3480 5143 Her:

1903 5132 2259 5217 tonevillustre
2293 5146 2486 5199 abbate
2522 5159 2589 5217 ex
2615 5132 2854 5217 jussione
2877 5137 3034 5191 lll.mo
3057 5132 3480 5217 Elim-,A'Tlif‘

1903 5209 2066 5265 Marci
2104 5215 2240 5269 banc
2281 5223 2483 5269 cartam
2524 5199 2825 5268 donationis
2858 5219 3015 5281 atque
3045 5202 3368 5281 definitionis
3397 5199 3476 5281 fa-

1900 5287 2041 5346 clam
2070 5285 2136 5337 ad
2161 5286 2543 5340 monasterium
2566 5283 2949 5337 monachorum
2969 5279 3022 5332 in
3045 5277 3208 5332 Sexto
3234 5277 3473 5328 conscri-

1899 5353 2001 5425 psi,
2034 5353 2297 5425 simulque
2329 5357 2489 5409 aliam
2515 5361 2720 5409 cartam
2746 5352 2860 5422 pari
2889 5359 3072 5404 tenore
3100 5357 3160 5404 et
3185 5355 3474 5425 consensu,

1833 5415 2002 5496 salte,
2070 5415 2226 5481 unde‘
2273 5435 2328 5480 ct
2367 5426 2600 5496 reliquas
2614 5415 2771 5496 _duas
2800 5429 2980 5476 cartas
3005 5435 3110 5496 una
3143 5431 3242 5486 pro
3271 5415 3475 5496 Urtone

1865 465 1920 525 Δ

194 5483 482 5571 praedicti,
511 5501 566 5547 et
589 5491 691 5571 a_l_ia
710 5508 809 5571 pro
835 5493 1247 5571 Beato_diacouo
1273 5495 1486 5571 scripta:
1487 5501 1650 5571 sunt,
1712 5509 1831 5564 quae
1867 5483 2019 5571 fiunt
2063 5505 2296 5571 quatuor
2323 5497 2375 5571 in
2406 5483 2583 5571 simul.
2614 5494 2721 5549 Ista
2745 5493 2874 5571 data
2887 5491 3064 5571 estad
3089 5483 3473 5571 monasterqu

192 5554 252 5614 in
285 5554 487 5625 Sexto,
505 5571 560 5618 et
577 5563 681 5617 alia
709 5554 832 5620 data
854 5572 937 5619 est
956 5565 1024 5618 ad
1049 5554 1432 5620 monasterium
1487 5554 1828 5619 Feminarum
1865 5566 1918 5618 in
1987 5554 2154 5621 Salio.
2193 5567 2373 5623 Tertia
2403 5568 2456 5620 in
2489 5563 2811 5620 monasterio
2838 5561 2900 5615 D.
2933 5557 3224 5616 Victoriaui
3261 5554 3471 5608 abbatis

273 5703 302 5763 ιδ
332 5689 393 5744 In
406 5699 645 5763 utroque
670 5691 963 5763 exemplari
985 5707 1141 5747 error
1157 5702 1243 5748 est
1266 5693 1318 5746 in
1341 5694 1482 5749 uotis
1505 5694 1790 5751 chronolo-

190 5762 363 5834 gicis.
405 5760 464 5815 lu
487 5760 844 5834 iMaiiiacensi;
859 5764 984 5834 quia
1021 5779 1122 5834 non
1162 5764 1472 5833 apponitur;
1502 5765 1554 5818 in
1588 5764 1790 5821 Civita-

194 5831 376 5898 ieusi,
407 5833 530 5902 quia
553 5850 658 5890 non
682 5835 837 5892 bene.
862 5831 1003 5907 Lege
1030 5833 1084 5890 in
1106 5831 1210 5892 hoc
1230 5831 1250 5890 Ξ
1274 5834 1429 5892 Anno
1449 5835 1483 5892 6
1504 5842 1558 5891 ct
1577 5837 1628 5893 5.
1652 5835 1789 5894 Con-

1897 5699 2043 5753 venit
2071 5699 2148 5754 sic
2170 5715 2289 5754 cum
2322 5714 2461 5753 anno
2487 5697 2589 5752 762
2616 5705 2815 5753 etcum
2843 5695 3009 5752 indict
3047 5695 3130 5749 l5.
3164 5691 3296 5748 Vide
3325 5687 3470 5742 dicta

1897 5770 1951 5826 in
1975 5771 2098 5827 Vita
2123 5771 2295 5828 sancti
2321 5770 2552 5838 Paulini,
2579 5784 2698 5839 cap.
2723 5768 2778 5834 4,
2805 5782 2861 5822 n.
2882 5766 2935 5820 2.

2736 5979 2763 5994 ν-
