4026 6364
189 355 289 421 ω

1460 350 1805 409 APPENDIX
1842 348 2179 409 SECUNDA.

3325 354 3438 413 642

190 474 395 529 futurus
439 468 722 539 episcopus
763 480 853 523 me
895 465 1107 539 ﬁdelem
1146 474 1202 522 et
1247 468 1755 539 obedientemﬁesse
1779 476 1834 538 Α
1857 466 2002 539 hunc
2035 466 2209 519 locum
2237 464 2305 521 ad
2332 464 2592 539 honorem
2620 472 2807 521 sancte
2834 464 3202 539 et_individue
3250 465 3433 526 Trini-

190 551 380 600 sanct'e
422 538 763 609 Aquilegensi
808 538 1162 603 ecclesize,et
1207 540 1302 593 tibi
1349 540 1545 594 domno
1584 538 1755 593 ﬂeve-

190 615 344 670 rardo
393 611 715 682 patriarchae
760 610 974 682 tuisque
1014 611 1415 682 successoribus
1462 610 1754 682 secundum

189 680 424 740 ordinem
474 697 683 746 meum,
712 680 858 735 salva
904 680 1163 735 ﬁdelitate
1210 681 1447 735 Heinrici
1486 681 1647 751 regis,
1678 681 1755 736 sic

188 769 269 812 me
290 754 429 813 Deus
451 753 686 823 adjuvet,
701 752 901 823 et_h:ec
922 759 1107 823 sancta
1128 760 1361 821 quatuor
1380 752 1688 823 Evangelia.

251 821 840 904 2._(_Cir§ft_'an..102.1;)
878 822 1141 904 Dollice_or
1170 831 1330 891 atque
1365 821 1755 904 promittonego

186 892 419 950 Artull'us
448 893 745 950 Vicentinae
778 892 1032 949 Ecclesiae
1060 892 1273 948 futurus
1301 892 1584 963 episcopus
1626 892 1755 947 ﬁde-

185 966 282 1023 lem
306 974 360 1019 et
381 965 720 1035 obedientem
742 978 860 1019 esse
889 976 1089 1019 sanctae
1111 964 1451 1035 Aquilegensi
1478 964 1750 1030 Ecclesiae,

185 1046 236 1092 et
262 1036 355 1090 tibi
386 1036 585 1090 domno
613 1034 849 1104 Popponi
878 1035 1201 1105 patriarcha:
1227 1034 1438 1104 tuisque
1478 1050 1753 1090 successo-

184 1106 323 1162 ribus
375 1105 670 1162 secundum
720 1106 965 1160 ordinem
1027 1120 1244 1169 meum,
1296 1106 1443 1160 salva
1497 1106 1753 1160 ﬁdelitate

136 1180 151 1234 '.
183 1176 480 1232 Cuhonradi
522 1176 885 1246 imperatoris,
918 1176 1118 1244 ﬁliique
1161 1176 1277 1246 ejus
1325 1176 1545 1240 Einriei,
1576 1178 1621 1231 si
1667 1191 1752 1230 me

183 1247 313 1302 Deus
338 1248 577 1318 adjuvet,
610 1248 802 1318 ethaac
827 1255 1016 1318 sancta
1045 1254 1276 1315 quatuor
1304 1247 1605 1318 Evangelia.

244 1318 295 1371 5.
329 1314 510 1386 (Circa
537 1334 625 1399 an.
662 1314 844 1399 1027.)
875 1314 1327 1399 Pedicem-atque
1364 1314 1617 1399 promitto
1652 1332 1751 1389 ego

181 1386 637 1459 Joannessancta:
662 1386 918 1459 Pollensis
959 1388 1208 1442 Ecclesiae
1233 1386 1445 1444 futurus
1471 1386 1751 1459 episcopus

182 1473 257 1531 me
279 1458 518 1531 ﬁdelem
560 1467 615 1531 et
635 1458 981 1531 obedientem
1018 1473 1136 1531 esse
1173 1470 1370 1513 sancta:
1408 1458 1749 1531 Aquilegensi

180 1528 446 1593 Ecclesim,
474 1537 529 1583 et
554 1528 649 1584 tibi
677 1528 873 1583 domno
902 1529 1139 1599 Popponi
1165 1531 1507 1599 patriarchae,
1540 1528 1749 1599 tuisque

182 1600 578 1654 successoribus
602 1599 894 1654 secundum
924 1616 1102 1653 meum
1123 1601 1388 1665 ordinem,
1415 1601 1559 1655 salva
1582 1600 1749 1656 ﬁdeli-

180 1668 275 1743 late
320 1669 637 1743 Ciihonradi
667 1670 1027 1743 imperatoris,
1061 1670 1261 1739 ﬁliique
1289 1671 1404 1741 ejus
1433 1671 1744 1743 llenynrici,

179 1740 268 1863 sieli
260 1756 348 1795 me
381 1740 523 1795 Deus
552 1740 787 1810 adjuvet,
817 1748 874 1795 et
910 1741 1025 1795 hate
1064 1750 1251 1795 sancta
1290 1740 1521 1811 quatuor
1553 1740 1744 1798 'Eva'n—

180 1826 207 1863 α
274 1826 319 1863 a.

274 1826 319 1863 3.

180 1826 503 1955 faginea“
531 1898 622 1934 an.
656 1880 836 1955 1027;)
879 1882 1140 1955 Polliceor
1176 1891 1337 1955 atque
1368 1884 1623 1955 promitto
1651 1900 1749 1955 ego

240 1900 288 1933 4.
321 1900 503 1951 (ωηεα
531 1900 622 1934 an.
656 1900 809 1934 ἸυΖΙ.
880 1900 1140 1937 ιὀιιιροοι·
1176 1900 1231 1937 at
1272 1900 1337 1937 ue
1368 1900 1623 1953 promitto
1651 1900 1749 1955 ego

178 1950 513 2006 Ruodbertus
560 1962 757 2007 sancta:
791 1900 1203 2009 doncordieiisis
1234 1900 1501 2009 (licclesite
1538 1954 1751 2010 futurus

177 2022 452 2093 episcopus
482 2038 566 2078 me
595 2022 804 2093 ﬁdelem
841 2033 1000 2093 atque
1039 2025 1377 2079 obedientem
1404 2041 1523 2079 esse
1553 2036 1752 2081 sancta:

175 2092 511 2174 Aquilcgensi
541 2092 813 2157 Ecclesiae,
836 2103 893 2174 et
918 2095 1010 2149 tibi
1039 2096 1235 2174 domno
1262 2096 1499 2167 Popponi
1520 2098 1751 2174 patriar-

176 2162 277 2234 cha:
303 2162 524 2234 tuisque
550 2165 951 2219 successoribus
973 2166 1263 2220 secundum
1286 2162 1461 2220 meum
1482 2162 1748 2233 ordinem,

176 2233 307 2309 salva
331 2304 345 2309 Δ
366 2233 624 2309 ﬁdelitate
645 2235 956 2309 _Cuhonr_adi
998 2238 1355 2309 imperatoris,
1388 2238 1589 2307 ﬁliique
1636 2240 1751 2309 ejus

175 2302 429 2379 iteinrici,
457 2305 503 2359 si
531 2321 616 2360 me
643 2305 784 2360 Deus
811 2306 1046 2376 adjuvet,
1073 2302 1132 2361 et
1166 2308 1280 2363 haec
1305 2302 1752 2379 sancta-quatuor

172 2372 475 2447 Evangelia.
876 2372 890 2376 ⁷

908 2448 1002 2503 XII

464 2574 490 2602 α
530 2560 1010 2619 DOCUMENTUM
1048 2562 1457 2620 DONATIONIS

667 2672 885 2711 COIIITIS
920 2672 1254 2723 CANCELLINI,

172 2764 271 2823 Pro
314 2766 635 2837 fundatione
686 2769 909 2824 abbatiw
956 2787 1017 2823 ac
1062 2771 1368 2824 monasterii
1408 2770 1751 2826 Mosnicensis

731 2840 834 2893 sive
862 2839 1202 2895 Mosacensis.

234 2953 414 3008 Bonus
445 2953 609 3006 homo
650 2952 715 3005 de
756 2954 896 3007 bono
924 2954 1177 3008 thesauro
1214 2954 1392 3010 cordis
1428 2955 1508 3010 sui
1548 2956 1755 3026 profert

173 3023 362 3077 bonum
388 3042 402 3077 :
430 3031 764 3093 quapropter
806 3032 990 3077 notum
1021 3026 1091 3078 sit
1114 3026 1361 3079 omnibus
1390 3023 1595 3081 Christi
1624 3027 1754 3081 ﬁde-

174 3093 300 3165 libus
328 3102 445 3148 tam
478 3094 673 3147 futuris
701 3110 863 3163 quam
906 3096 1260 3163 praesentibus
1303 3097 1533 3165 qualiter
1571 3113 1754 3153 comes

172 3164 505 3238 Cancellinus
548 3164 779 3238 alodium
821 3181 973 3238 suum
1003 3174 1248 3238 patenter
1281 3164 1335 3221 et
1363 3169 1567 3238 absque
1607 3170 1751 3222 omni

170 3236 590 3290 contradictione
638 3234 916 3289 Friderico
963 3237 1288 3305 patriarchte
1337 3234 1578 3304 tradidit,
1610 3256 1754 3294 sum-

170 3320 382 3387 mopere
412 3320 614 3387 rogans
636 3306 776 3387 quod
802 3306 867 3387 in_
891 3308 1294 3387 eodetnpretlio
1316 3309 1755 3387 divinumfamu-

170 3374 331 3430 latum
372 3374 676 3431 ordinaret.
718 3376 870 3450 Quod
918 3379 1043 3445 quia
1089 3374 1397 3434 Fridericus
1445 3382 1753 3450 patriarcha

169 3456 343 3521 morte
376 3456 689 3521 praeventus
714 3446 921 3521 solvere
948 3464 1057 3521 non
1092 3451 1284 3518 potuit,
1317 3446 1597 3505 successor
1637 3452 1755 3521 ejus

170 3514 455 3573 Udalriciis
498 3519 772 3588 patriarca
818 3516 1049 3573 feliciter
1092 3514 1424 3590 adimplevit.
1491 3514 1755 3587 Quoniam

169 3657 307 3703 tom.
358 3648 405 3714 1,
461 3650 512 3703 in
557 3651 882 3715 Mantuanis,
934 3651 1236 3706 Marcianus
1286 3652 1353 3706 ad
1401 3667 1519 3706 eam
1573 3653 1753 3707 sedem

174 3720 485 3773 assumitur.
531 3720 774 3777 Astulfus
820 3723 1134 3777 Vicentinus
1191 3723 1472 3792 cpiscopus
1510 3722 1753 3777 interfuit

174 3805 315 3844 anno
366 3792 527 3857 1046,
555 3809 650 3847 vtu
689 3792 805 3847 Kal.
840 3792 1159 3848 Novembris
1210 3793 1437 3848 concilio
1477 3794 1751 3863 Papiensi,

170 3868 230 3913 ut
253 3870 401 3935 patet
429 3878 495 3916 ex
537 3865 745 3935 charta,
775 3880 933 3933 quam
964 3863 1169 3933 profert
1216 3864 1469 3935 Ughcllus
1499 3865 1551 3919 in
1580 3865 1750 3919 Vero-

165 3933 446 4005 nensibus,
475 3935 564 3987 ubi
592 3934 772 4003 agitur
802 3935 867 3989 de
907 3935 1214 3988 immediata
1244 3933 1364 4004 post
1391 3936 1752 4005 patr’iarcham

162 4000 564 4075 Aquileiensem
587 4000 824 4059 sessione
842 4006 1076 4075 episcOpi
1100 4000 1440 4068 Veronensis,
1470 4006 1753 4062 occasione

162 4074 347 4145 synodi
398 4074 708 4145 Papiensis,
746 4076 799 4130 in
827 4074 930 4145 qua
962 4074 1268 4131 Eberardus
1294 4077 1602 4145 patriarcha
1630 4093 1753 4131 cum

164 4140 260 4216 hoc
288 4140 508 4199 Astull'o
541 4140 934 4201 inter'czeteros
960 4146 1224 4200 interfuit.
1268 4140 1372 4201 Sed
1396 4149 1520 4216 quia
1552 4150 1607 4201 in
1639 4146 1753 4216 pol-

159 4209 464 4283 licitatione
510 4218 818 4272 nominatur
870 4216 1145 4272 Conradus
1190 4218 1343 4287 imp.,
1386 4209 1477 4286 qui
1524 4209 1755 4273 decessit

161 4296 297 4339 anno
338 4286 507 4351 1059,
538 4295 663 4342 ante
704 4289 848 4343 hunc
890 4304 1087 4341 annum
1133 4286 1314 4342 datam
1366 4302 1484 4343 esse
1532 4289 1753 4343 evidens

160 4365 254 4409 est.
289 4356 523 4426 Insuper
550 4360 675 4426 quia
707 4359 963 4413 scribitur
991 4368 1115 4412 ante
1144 4358 1387 4413 Polensis
1414 4368 1469 4413 et
1511 4359 1749 4413 Concor—

158 4426 357 4497 diensis
418 4426 713 4493 formulas,
746 4444 865 4497 qure
913 4430 1050 4484 datae
1095 4438 1239 4493 sunt,
1269 4438 1328 4482 ut
1356 4445 1479 4483 mox
1515 4429 1749 4496 dicetur,

159 4495 294 4551 circa
342 4514 553 4553 annum
605 4495 923 4563 1027,_ante
968 4501 1064 4554 has
1117 4498 1315 4553 factam
1360 4500 1651 4564 credimus,
1695 4495 1749 4554 et

1858 538 2005 601 tatis,
2036 545 2091 590 et
2118 546 2301 591 sancte
2338 537 2534 600 crucis,
2572 546 2863 606 sancteque
2890 536 2985 590 Dei
3015 537 3291 606 genitricis
3322 540 3435 601 Ma-

1856 609 1937 661 rie
1965 616 2020 661 et
2055 608 2225 661 sancti
2253 606 2475 662 Joannis
2501 608 2773 677 Baptiste,
2802 608 2974 661 sancti
3008 606 3231 673 Jbannis
3271 624 3435 666 evan-

1855 678 2064 801 geliste,
2094 686 2151 733 et
2176 686 2483 760 sanctorum
2526 679 2889 759 apostolorum
2931 677 3176 759 Andree,
3205 678 3436 762 Bartbo-

1874 764 2014 801 omet
2047 756 2103 801 et
2124 748 2369 801 Mattliei.
2400 758 2711 801 sanctorum
2740 757 2903 801 etiam
2931 757 3217 801 martirum
3245 750 3435 801 Blasri-

1874 748 2369 822 omeietAMattliei,
2397 758 2711 822 sanctorum
2734 750 2903 822 etiam
2929 749 3217 822 _ma_rtirum
3237 750 3436 822 ABlasii,

1854 819 2057 885 Cancii,
2084 818 2360 891 Qanciani,
2386 819 2692 891 Grisogoni,
2732 820 2964 884 Tatiani,
2990 817 3271 891 Germani,
3300 817 3434 879 Ger;

1853 891 1987 945 vasii
2018 899 2073 944 et
2096 890 2346 955 Protasii,
2380 899 2540 959 atque
2556 888 2850 945 beatorum
2875 888 3244 945 confessorum
3288 893 3432 947 Mar-

1856 962 1974 1025 tini,
2004 969 2058 1014 et
2085 961 2298 1015 nomine
2326 962 2495 1016 sancti
2519 960 2653 1015 Galli
2684 962 2886 1032 magni,
2909 959 3194 1025 0thmarii,
3225 978 3433 1020 necnon

1854 1041 2161 1087 sanctarum
2213 1032 2480 1101 virginum
2532 1030 3130 1101 Cecilie,'Margarite,
3178 1032 3436 1091 Columba

1854 1103 2171 1167 construxit,
2206 1109 2368 1171 atque
2394 1103 2648 1158 antedicti
2670 1102 2881 1156 comitis
2911 1102 3083 1171 alodio
3108 1102 3336 1158 dolavit.

1925 1172 2034 1229 Hec
2077 1182 2257 1227 autem
2284 1170 2438 1228 sunt
2486 1173 2623 1240 loca,
2652 1188 2757 1243 que
2808 1188 2989 1227 comes
3036 1170 3337 1229 Caecllinus
3382 1177 3436 1232 in

1852 1244 2072 1299 odorem
2122 1244 2399 1298 suavitatis
2430 1244 2653 1298 Domino
2682 1245 2900 1308 libavit,
2934 1258 3037 1313 que
3076 1244 3237 1299 etiam
3272 1246 3434 1301 Udal-

1854 1316 1997 1369 ricus
2034 1315 2327 1396 pnatrialrca,
2356 1324 2629 1396 tamquam
2670 1314 2856 1396 ﬁdelis
2880 1323 2935 1368 ct
2971 1316 3214 1396 prudens
3248 1332 3437 1396 servus

1853 1400 2013 1454 supra
2054 1384 2311 1439 familiam
2355 1384 2566 1440 Domini
2608 1386 2929 1439 constitutus
2970 1384 3283 1455 perenniter
3311 1388 3436 1445 huic

1851 1456 2078 1511 ecclesie
2107 1456 2394 1525 copulavit.

1922 1528 1979 1580 ln
2012 1528 2202 1598 primis
2240 1528 2499 1597 quidquid
2532 1527 2586 1580 in
2630 1526 2734 1581 hoc
2767 1526 2895 1598 loco
2942 1526 3217 1596 predictus
3254 1544 3435 1586 comes

1850 1597 2039 1670 habuit
2067 1614 2188 1670 cum
2214 1598 2464 1670 omnibus
2489 1597 2828 1668 pertinentiis
2870 1598 3011 1667 apud
3041 1598 3243 1670 Yalach
3276 1616 3435 1670 supe-

1852 1668 1963 1723 rius
1991 1678 2047 1723 et
2075 1667 2299 1722 inferius
2325 1667 2511 1738 viginti
2544 1676 2656 1723 tres
2695 1683 2911 1722 mansos
2948 1676 3004 1722 et
3033 1668 3251 1722 Sartum
3283 1667 3435 1725 mon-

1852 1746 1960 1793 tem
1990 1738 2057 1793 ad
2086 1747 2321 1793 montem
2369 1739 2621 1804 habilem,
2654 1746 2710 1793 et
2752 1754 2875 1792 cum
2913 1739 3162 1793 omnibus
3214 1741 3283 1794 ad
3330 1742 3432 1797 ista

1887 1810 2245 1864 ertinentibus
2282 1810 2404 1864 huic
2448 1810 2776 1864 monasterio
2802 1810 3001 1863 dicavit
3028 1825 3091 1864 ac
3121 1810 3326 1865 tribuit.
3351 1812 3434 1867 Ad

1893 1895 1957 1934 oc
1989 1881 2152 1935 etiam
2186 1880 2444 1949 quidquid
2490 1880 2709 1935 Mariani
2758 1888 2812 1933 et
2859 1887 3095 1935 montem
3142 1897 3309 1935 unum
3352 1882 3433 1937 la-

1854 1951 2264 2075 niiti‘hsbetlapud
2287 1950 2524 2006 fustrech
2546 1950 2803 2021 quidquid
2831 1951 2883 2003 in
2906 1951 3181 2022 preprium
3199 1954 3438 2021 possedit

1854 2036 1884 2074 e
1977 2040 2006 2075 a
2048 2040 2098 2075 ιιι
2131 2062 2144 2074 .

1854 2029 1909 2074 et
1938 2024 2144 2076 habuit.

1924 2093 2006 2165 Ad
2046 2093 2357 2165 Adelarium
2400 2093 2458 2148 11
2504 2108 2750 2165 mansos,
2781 2091 2835 2145 in
2866 2091 2983 2165 loco
3010 2092 3099 2161 qui
3128 2091 3307 2148 Fortis
3342 2112 3438 2165 ap—

1853 2163 2101 2232 pellatur.
2148 2164 2351 2220 Lacum
2388 2165 2552 2219 etiam
2579 2166 2668 2233 qui
2696 2164 2895 2217 dicitur
2934 2163 3118 2234 lngan,
3149 2165 3287 2218 sicut
3324 2163 3437 2235 ipse

1926 2236 2186 2306 ssedcrat,
2211 2239 2356 2290 omni
2372 2237 2495 2306 jure
2522 2236 2777 2302 omnique
2803 2236 3141 2306 possessione
3169 2244 3223 2288 et
3254 2236 3437 2290 habitu

1896 2306 1981 2377 uic
2010 2305 2127 2359 loco
2157 2305 2562 2377 semperﬁxum
2588 2314 2643 2358 et
2672 2306 2943 2377 immobile
2974 2305 3249 2359 stabilivit.
3282 2306 3437 2376 Apud

1856 2373 2134 2429 Bellunum
2161 2373 2289 2431 octo
2315 2390 2530 2431 mansos
2558 2375 2906 2429 contradidit.

1925 2446 2178 2499 Preterea
2229 2448 2369 2501 idem
2418 2446 2729 2516 patriarcha
2773 2446 3131 2514 perpendens,
3152 2446 3295 2515 quod
3344 2448 3435 2515 qui

1855 2517 2085 2569 seminat
2112 2518 2167 2571 in
2194 2516 2655 2571 benedictionibus
2683 2518 2749 2569 de
2780 2516 3243 2570 benedictionibus
3272 2526 3437 2571 metet

1853 2588 2020 2640 vitam
2067 2597 2341 2654 eternam;
2373 2589 2515 2642 hunc
2553 2586 2728 2640 locum
2774 2587 2937 2639 etiam
2962 2594 3015 2640 et
3040 2587 3121 2640 sui
3146 2596 3301 2656 parte
3345 2589 3439 2644 de-

1855 2666 2039 2712 center
2078 2659 2382 2727 ampliando
2410 2657 2803 2727 ,magniﬁcavit.
2850 2656 2907 2709 ln
2946 2656 3070 2716 villa
3098 2674 3202 2727 que
3240 2660 3438 2714 dicitur

1854 2728 2111 2800 Plaguths
2133 2730 2292 2800 263
2320 2728 2704 2800 quinquaginta
2730 2743 2947 2783 mansos
2971 2747 2983 2782 :
3012 2730 3150 2798 apud
3176 2729 3436 2786 Walchen

1856 2798 1922 2872 11
1952 2798 2185 2872 mansos,
2206 2798 2362 2872 apud
2407 2799 2579 2872 Colles
2614 2798 2674 2872 16
2713 2814 2949 2872 mansos,
2984 2800 3121 2869 apud
3151 2800 3436 2872 Salcanum

1857 2870 1943 2936 10,
1966 2870 2108 2926 Utini
2136 2870 2320 2937 unum,
2348 2872 2487 2941 apud
2513 2870 2839 2923 Basiliauum
2880 2871 2939 2923 11
2970 2886 3206 2935 mansos,
3237 2871 3290 2923 in
3312 2870 3437 2925 villa

1854 2957 1958 3010 que
1983 2942 2196 3012 lmpons
2226 2952 2451 2997 vocatur
2480 2942 2535 2994 11
2567 2941 2621 2993 in
2644 2940 2915 3011 Versegna
2940 2957 3105 3012 unum
3137 2942 3188 2994 in
3218 2956 3437 2997 nemore

1857 3011 2085 3068 Sehint’:
2112 3015 2165 3066 in
2210 3014 2335 3067 villa
2376 3012 2542 3067 Caum
2572 3028 2736 3065 unum
2763 3013 2829 3064 ad
2859 3011 3173 3066 nutriendos
3220 3028 3433 3081 porcos,

1854 3096 1910 3139 et
1945 3099 2041 3153 pro
2088 3084 2319 3139 utilitate
2363 3083 2754 3138 communionis
2797 3082 3044 3154 villarum
3088 3081 3343 3154 Plaguths
3381 3092 3438 3138 et

1855 3152 2036 3225 lngan.
2080 3154 2138 3207 In
2165 3154 2468 3210 Castellano
2498 3154 2562 3207 16
2590 3168 2824 3225 mansos,
2854 3152 3117 3225 Bagnaric
3150 3152 3258 3208 tres
3287 3170 3437 3225 mau-

1776 3205 1825 3268 ο
1855 3205 2063 3282 tam
2081 3205 2690 3289 Χγὲιῖἶίόιῖἑῖιίιιίήιξὲέ
2703 3205 2771 3278 in
2791 3205 3163 3279 iamsime
3174 3205 3439 3295 satis}-

1859 3305 1947 3351 tus
1997 3304 2223 3350 vocatur
2278 3312 2401 3351 cum
2449 3296 2698 3349 omnibus
2753 3296 2854 3348 sibi
2906 3296 3299 3363 pertinentibus
3349 3297 3439 3350 isti

1856 3366 2084 3423 ecclesie
2134 3367 2316 3420 datum
2361 3366 2719 3421 conﬁrmavit.
2773 3365 2915 3419 Duas
2959 3366 3122 3418 etiam
3170 3366 3339 3421 molas
3384 3368 3439 3421 in

1856 3437 2052 3491 Lecina
2083 3437 2213 3491 sitas
2259 3438 2443 3492 dedit:
2473 3437 2711 3491 decimas
2753 3447 2964 3504 quoque
2992 3436 3056 3490 de
3097 3435 3354 3501 Fumicb,
3385 3446 3440 3491 et

1857 3509 1922 3564 de
1970 3508 2291 3577 quibusdam
2340 3507 2460 3562 aliis
2506 3507 2649 3561 villis
2677 3507 2732 3559 in
2771 3506 2926 3576 plebe
2964 3514 3150 3560 sancte
3180 3505 3348 3561 Marie
3376 3508 3442 3562 de

1855 3652 1910 3705 in
1960 3651 2237 3706 servitium
2284 3650 2526 3706 ecclesia:
2571 3649 2951 3720 Aquileiensis,
2983 3649 3259 3721 inseritur,
3287 3650 3441 3721 cujus

1855 3731 1911 3777 et
1937 3731 2255 3779 cancrorum
2296 3723 2368 3775 ibi
2412 3721 2810 3776 nominatorum
2852 3720 3079 3776 consilio
3128 3736 3247 3775 eam
3276 3720 3443 3777 dona-

1854 3795 2054 3866 tionem
2081 3793 2261 3866 Poppo
2283 3792 2514 3866 perﬁcit.
2548 3792 2613 3866 lu
2648 3791 3135 3866 Concordiensibus
3159 3792 3301 3866 apud
3332 3791 3439 3866 Ug-

1853 3864 2053 3920 bellum
2085 3864 2283 3917 dicitur
2310 3864 2452 3933 quod
2480 3863 2789 3918 ltudbertus
2833 3862 2958 3918 huic
2998 3862 3272 3918 donatioui
3317 3862 3441 3919 sub-

1854 3936 2060 3990 scribit.
2092 3934 2147 3987 ln
2178 3934 2609 4004 Aquileiensibus
2637 3934 2691 3987 in
2723 3935 2975 4004 Poppone
3025 3934 3166 3988 inter
3210 3936 3444 3990 subscri-

1852 4008 2041 4062 bentes
2071 4020 2177 4059 non
2225 4012 2475 4075 apparet;
2510 4005 2603 4059 sed
2644 4007 2703 4059 in
2746 4017 2974 4072 corpore
3016 4004 3331 4060 Documenti
3363 4007 3442 4062 uti

1853 4076 2130 4131 consultus
2159 4077 2450 4130 invenitur.
2477 4076 2543 4129 Et
2570 4076 2675 4141 hic,
2698 4086 2757 4129 ut
2783 4075 3018 4131 Joannes
3039 4076 3300 4143 Polensis,
3323 4086 3445 4147 post

1853 4164 2053 4201 annum
2086 4148 2240 4210 1026,
2268 4155 2322 4202 et
2345 4155 2468 4200 ante
2494 4163 2693 4201 annum
2726 4148 2881 4212 1051,
2910 4149 2979 4201 ob
3009 4149 3253 4202 eamdem
3282 4150 3443 4202 ratio-

1851 4232 1975 4273 nem
2001 4219 2413 4286 promissionem
2443 4234 2595 4271 suam
2626 4218 2805 4273 facere
2835 4219 3125 4273 debuisset.

1925 4301 1949 4329 α
1981 4288 2061 4342 Ex
2090 4290 2299 4343 duobus
2323 4304 2453 4342 mss.
2491 4288 2904 4358 exemplaribus,
2939 4289 3109 4342 altero
3157 4289 3314 4343 nobis
3344 4304 3439 4343 ex—

1852 4360 2023 4415 hibito
2072 4376 2103 4413 a
2151 4359 2214 4412 D.
2256 4359 2526 4430 Agricola,
2576 4359 2746 4413 altero
2801 4377 2829 4413 a
2872 4361 2934 4413 D.
2981 4357 3214 4429 Josepho
3264 4360 3440 4428 Binio,

1853 4439 2080 4499 utroque
2118 4438 2297 4483 tamen
2326 4446 2395 4484 ex
2422 4431 2663 4485 archivio
2708 4430 2936 4485 abbatia:
2988 4430 3313 4484 Mosacensis
3345 4445 3441 4484 ex-

1854 4509 2045 4565 tracto,
2075 4501 2227 4571 cujus
2252 4501 2495 4557 ecclesiae
2519 4501 2707 4571 titulus
2730 4501 2900 4555 sancti
2928 4499 3063 4554 Galli
3092 4501 3307 4571 dicitur,
3338 4500 3441 4557 hoc

158 4580 405 4642 errorem
428 4569 495 4642 in
524 4561 987 4640 Ughellosubesse
1016 4579 1286 4640 putamus,
1318 4571 1408 4640 qui
1438 4588 1579 4625 anno
1614 4561 1745 4625 1057
1778 4561 1828 4621 D
1852 4587 1949 4641 per
1976 4561 2370 4627 Bernardiuum
2395 4584 2495 4641 q.m
2527 4570 2748 4627 Joannis
2792 4572 3204 4642 Andreussium,
3228 4561 3317 4626 illo
3342 4587 3440 4642 per

156 4636 532 4712 Theobaldum
556 4636 863 4712 episcopum
888 4636 1227 4696 Vicehtinum
1248 4636 1397 4709 ponit
1421 4650 1545 4696 ante
1566 4642 1749 4696 Astul-

156 4706 282 4774 fum,
320 4722 380 4766 et
420 4718 545 4765 ante
589 4706 953 4766 Theobaldum
996 4728 1137 4766 anno
1194 4706 1331 4766 1016
1380 4713 1745 4777 Lambertum,

154 4788 203 4832 et
224 4789 354 4835 ante
386 4782 533 4835 hunc
562 4782 723 4835 alium
754 4781 1255 4838 Tlieobaldum.Vel
1276 4784 1467 4838 unicus
1489 4783 1752 4839 Theobal-

154 4848 248 4905 dus
274 4848 407 4917 fuit,
444 4853 527 4905 cui
546 4853 805 4907 successit
824 4852 1065 4907 Astulfus
1088 4854 1233 4909 circa
1254 4870 1453 4908 annum
1478 4854 1636 4919 1024,
1666 4853 1750 4909 vel

152 4919 401 4978 Astulfus
436 4931 560 4977 ante
601 4923 947 4978 Lambertum
979 4932 1033 4978 et
1063 4925 1228 4979 alium
1272 4924 1640 4979 Theobaldum
1670 4934 1752 4979 est

152 4989 442 5064 locandus.
501 4993 612 5048 Hoc
657 4996 927 5063 posterius
984 4995 1195 5049 admitti
1243 5011 1348 5049 non
1396 5004 1591 5064 potest,
1625 4996 1750 5064 quia

152 5062 479 5133 episcopum
528 5062 789 5119 habemus
836 5064 1105 5120 Astulfum
1151 5082 1291 5119 anno
1337 5062 1491 5120 1046.
1548 5062 1751 5121 Uni—cus

152 5146 277 5206 ergo
322 5142 417 5189 est
446 5134 806 5201 Theohaldus,
838 5137 923 5190 cui
960 5137 1220 5191 successit
1256 5135 1516 5190 Astulfus.
1558 5136 1751 5206 Ughel-

151 5200 235 5257 lus
263 5206 388 5274 ipse
417 5206 599 5259 verbis
627 5200 799 5274 aiunt,
830 5216 1047 5261 narrant
1092 5209 1293 5261 indicat
1320 5222 1378 5261 se
1421 5200 1631 5262 censui'
1652 5223 1750 5262 suo

152 5271 556 5329 non'nimium
616 5271 800 5332 ﬁdere.
882 5276 1113 5332 Joannes
1168 5278 1408 5332 Polensis
1460 5278 1751 5332 subscribit

150 5360 293 5416 anno
326 5345 465 5400 1051
512 5347 846 5403 Documento
875 5349 1292 5403 consecrationis
1319 5348 1561 5403 ecclesiae
1588 5348 1751 5416 Aqui-

150 5414 379 5489 leiensis
414 5419 513 5489 sub
551 5418 821 5488 Poppone,
872 5420 923 5472 in
972 5435 1077 5489 quo
1115 5420 1311 5473 dicitur
1342 5420 1387 5473 is
1419 5436 1589 5473 annus
1632 5414 1751 5473 esse

190 5488 384 5543 uintus
431 5488 664 5544 Conradi
692 5531 706 5555 ,
741 5504 932 5559 nempe
960 5488 1365 5545 a’coronatione
1407 5491 1521 5559 ejus
1570 5490 1750 5544 Beluae

206 5569 298 5631 cta
322 5575 474 5615 anno
503 5560 658 5613 1027.
688 5560 769 5614 Ah
800 5576 939 5614 anno
968 5576 1097 5631 ergo
1124 5560 1259 5614 1027
1280 5570 1440 5630 atque
1461 5563 1525 5615 ad
1551 5576 1749 5631 annum

152 5628 289 5702 1051
325 5632 492 5702 datur
537 5632 652 5685 haec
676 5631 987 5701 promissio,
1018 5628 1074 5702 in
1103 5647 1205 5700 qua
1243 5628 1583 5702 imperatoris
1611 5630 1751 5685 Con-

150 5700 272 5754 radi
308 5700 391 5771 tit,
422 5703 643 5756 mentio.
698 5702 999 5756 Rodbertus
1028 5700 1438 5758 Concordiehsis
1468 5706 1513 5757 is
1543 5714 1626 5756 est
1657 5702 1747 5771 qui

148 5770 473 5843 ³111101051
517 5773 569 5825 in
600 5773 887 5827 donatione
931 5772 1198 5843 Popponis
1241 5775 1561 5843 patriarcha:
1592 5773 1748 5826 insti-

152 5841 370 5898 tuentis
403 5857 681 5901 numerum
723 5841 1083 5911 sacerdotum,
1111 5841 1257 5916 quos
1274 5845 1471 5901 fratres
1495 5844 1747 5915 appellat,

1849 4643 2130 4697 Albertum
2158 4652 2258 4712 q.“
2280 4642 2669 4697 Bernardinum
2694 4642 3085 4697 Andreussium
3112 4641 3439 4699 Mosacensis

1850 4713 2078 4767 abbatize
2126 4714 2494 4779 caneellarios,
2542 4713 2683 4768 istud
2725 4713 3139 4766 instrumentum
3180 4713 3436 4783 produci-

1850 4799 1989 4848 mus,
2010 4786 2150 4854 quod
2173 4786 2419 4854 quamvis
2440 4791 2619 4838 actum
2643 4784 2850 4837 dicatur
2877 4799 2966 4837 an.
2990 4784 3145 4850 1072,
3172 4799 3279 4853 quo
3300 4791 3439 4838 tem-

1850 4871 1979 4926 pore
2015 4854 2361 4924 Singefredus
2383 4862 2503 4912 erat
2524 4854 2852 4926 patriarcha,
2879 4870 2985 4908 non
3009 4854 3310 4925 completur
3356 4864 3437 4909 ta-

1851 4924 1975 4980 men
2006 4926 2235 4980 intentio
2266 4926 2525 4980 dotatoris
2560 4940 2661 4979 nec
2688 4925 2756 4978 ab
2781 4924 3036 4996 Henrico,
3067 4924 3158 4994 qui
3197 4926 3433 4996 patriar—

1852 4998 1953 5051 cha
1980 4998 2176 5050 dicitur
2212 5012 2299 5049 an.
2336 4997 2488 5061 1077,
2536 5011 2635 5050 nec
2677 5011 2707 5049 a
2755 4995 3051 5061 Friderico,
3088 4996 3178 5064 qui
3199 4995 3443 5052 decessit

1851 5083 1939 5121 an.
1998 5067 2149 5129 1084,
2184 5068 2267 5121 vel
2321 5067 2477 5131 1085,
2503 5067 2596 5120 sed
2645 5074 2854 5120 tantum
2900 5069 2997 5121 sub
3053 5066 3323 5133 Udalrico,
3356 5069 3440 5122 vel

1851 5138 2156 5202 Voldarico,
2188 5139 2280 5205 qui
2316 5154 2403 5191 an.
2435 5136 2571 5192 1086
2612 5137 2922 5207 patriarcha
2956 5139 3294 5193 renuntiatus
3333 5147 3439 5205 est,

1852 5217 1905 5262 et
1935 5208 2001 5261 ad
2032 5225 2121 5262 an.
2152 5224 2324 5278 usque
2372 5209 2530 5272 1119,
2573 5209 2755 5263 sedem
2790 5208 2991 5275 tenuit;
3044 5209 3143 5263 sub
3190 5224 3296 5277 quo
3347 5225 3435 5263 an.

1852 5279 1989 5332 1118
2014 5279 2293 5334 dedicatur
2320 5280 2547 5334 ecclesia
2572 5278 2916 5344 Mosacensis,
2946 5279 3098 5349 cujus
3147 5280 3441 5334 dedicatio-

1851 5350 1934 5421 nis
1960 5352 2339 5405 documentum
2370 5352 2535 5405 habes
2561 5366 2625 5404 ex
2648 5351 2837 5421 eodem
2863 5350 3095 5420 Josepho
3121 5350 3273 5405 Biuio
3299 5351 3440 5421 apud

1853 5420 2134 5489 Ughellum
2178 5423 2231 5475 in
2264 5422 2563 5475 Voldarico.
2622 5420 2722 5476 Ubi
2771 5422 3005 5475 notabile
3050 5422 3250 5475 habeas
3295 5420 3441 5490 qUod

1850 5490 2019 5545 ferme
2053 5491 2211 5545 iidem
2237 5492 2407 5547 sancti
2440 5492 2511 5546 ibi
2542 5501 2901 5561 apponuntur,
2920 5493 3010 5561 qui
3035 5493 3087 5546 in
3114 5492 3216 5546 hoc
3241 5492 3440 5545 instru—

1851 5569 2031 5617 mento
2056 5563 2426 5615 nominantur
2453 5577 2466 5615 :
2497 5572 2551 5616 et
2593 5564 2836 5617 Andreas
2870 5566 3155 5632 episcopus
3193 5561 3437 5615 Civitatis

1851 5648 2021 5697 novae,
2055 5633 2147 5703 qui
2176 5633 2228 5687 in
2255 5634 2356 5689 hoc
2384 5641 2467 5687 est
2490 5633 2660 5695 testis,
2686 5634 2737 5687 in
2769 5647 2833 5688 eo
2859 5634 3181 5687 documento
3211 5639 3292 5686 est
3316 5647 3440 5687 con-

1852 5712 2093 5759 sccrator
2117 5704 2359 5758 ecclesie
2392 5720 2405 5757 :
2435 5706 2673 5772 adeoque
2696 5720 2855 5773 supra
2879 5719 3049 5757 annos
3077 5703 3437 5773 quadraginta

1852 5792 1944 5833 sex
1974 5775 2026 5830 in
2048 5776 2357 5847 episcopatu
2383 5776 2629 5830 Civitatis
2658 5790 2807 5831 nova:
2836 5774 3057 5831 resedit.
