4026 6364
587 292 691 353 σιτ

1232 406 1237 409 ’
1299 401 1444 461 XVII

784 513 811 543 ι
836 497 1186 557 EXEMPTIO
1223 494 1556 555 CAPELLJE
1594 495 1652 550 S.
1694 493 1986 563 QUIRINI,

588 591 692 654 Ubi
721 594 1202 665 {enginwconversw
1229 588 1615 665 detinebantur,
1644 602 1676 640 a
1697 580 2173 665 subjectione‘Ple-

658 654 782 721 ba'ni
806 662 1072 718 Utinensis
1109 677 1203 733 per
1224 657 1567 715 Bertholdum
1609 654 1967 728 patriarcham
2004 654 2170 725 Aqui-

656 735 922 807 lejensem.

653 828 711 884 In
746 826 962 884 nomine
990 834 1193 882 sanctae
1218 831 1275 880 et
1304 821 1594 879 individua:
1626 818 1927 876 Trinitatis.
1972 817 2166 874 Amen.

581 900 740 1029 guno
770 897 984 955 Domini
1012 895 1173 964 1242,
1199 895 1312 951 ind.
1354 892 1444 962 15,
1481 899 1676 949 octava
1701 891 1790 948 die
1811 894 2047 947 exeunte
2067 887 2171 944 Ju-

622 987 676 1029 0.

622 987 676 1029 ο.

655 1040 810 1121 Sicut
830 1055 985 1121 sacra
1009 1045 1263 1121 ,ιρειθιιμι-
1280 1038 1484 1121 resina
1515 1043 1860 1121 ρτρωθξεωῖ
1894 1045 2169 1121 sese???

579 1112 768 1170 Judice
796 1126 895 1167 sua
922 1110 1024 1166 sibi
1049 1109 1222 1165 laxari
1262 1103 1465 1175 debita,
1510 1103 1605 1179 qui
1651 1107 1859 1163 relaxat
1888 1103 2113 1179 ancillas
2134 1118 2167 1157 a

581 1184 762 1240 debito
785 1181 1099 1239 servitutis:
1132 1189 1187 1236 et
1206 1181 1371 1236 etiam
1399 1175 1704 1237 institutum
1727 1186 1812 1234 est
1831 1192 1864 1232 a
1879 1175 2013 1230 viris
2040 1190 2167 1240 pru-

581 1255 854 1320 dentibus,
880 1264 942 1307 ut
976 1253 1122 1322 quod
1145 1251 1308 1307 vellet
1333 1250 1531 1323 aliquis
1548 1245 2164 1323 permanere‘stabilius,

579 1318 886 1381 litterarum
913 1318 1137 1380 suarum
1161 1322 1359 1400 indicio
1370 1318 1768 1400 praenarretur:
1800 1318 1991 1400 Sciant
2035 1330 2165 1400 ergo

577 1403 874 1469 praesentes
899 1403 956 1470 et
977 1396 1203 1470 posteri,
1232 1388 1397 1470 quod
1417 1408 1517 1449 nos
1542 1391 1824 1470 P_ertoldus
1862 1388 1959 1470 Dei
1989 1388 2165 1470 gentia.

578 1456 781 1524 sancta
823 1456 1397 1537 sedis'Aquilegiénsis
1448 1464 1760 1536 patriarcha
1803 1456 2014 1537 notum'
2045 1456 2163 1513 ﬁeri

576 1538 825 1594 volumus
856 1531 1130 1602 omnibus,
1172 1531 1238 1591 ad
1264 1551 1400 1605 quos
1418 1531 1667 1608 praesens,
1695 1533 1893 1606 pagina
1934 1531 2164 1608 devene:

579 1609 671 1675 rit,
719 1609 863 1678 quod
893 1609 960 1663 de
991 1599 1179 1663 nostro
1207 1599 1473 1678 consensu
1502 1614 1560 1678 et
1585 1599 1860 1678 voluntate
1888 1609 1992 1678 est,
2018 1599 2165 1671 quod

578 1680 645 1736 de
658 1672 854 1736 cetero
881 1678 1089 1750 capella
1118 1678 1291 1750 sancti
1321 1677 1554 1750 Quirini
1572 1677 1652 1750 Ade
1683 1676 1867 1750 Utino,
1888 1672 1993 1750 _ubi
2033 1686 2163 1727 con-

1615 288 1711 344 AD
1745 284 1975 345 OPEBA
2010 285 2072 341 Β.
2111 282 2387 344 PAULINI
2420 285 2871 347 APPENDICES.

2196 404 2247 465 Α
2273 399 2417 480 tibus
2444 417 2544 472 per
2570 401 2839 480 eumdem
2870 401 3340 480 archidiaconum
3360 401 3417 459 in
3447 402 3650 477 judicio
3674 423 3834 480 quaes-

3718 295 3831 359 .618

2274 471 2460 536 tione,’
2471 481 2676 545 sponte
2692 489 2757 529 ac
2784 473 2954 529 libere
2983 472 3067 545 ad
3096 471 3505 545 requisitionein
3526 471 3758 535 nostram
3785 483 3834 538 in

2270 545 2474 617 nostris
2502 543 2766 617 manibus
2806 544 3102 617 resignavit
3147 543 3202 617 in
3246 547 3537 615 praesentia
3580 550 3684 604 mei
3722 552 3835 607 sub-

2270 614 2460 685 scripti
2482 615 2677 669 notarii
2700 622 2756 669 et
2778 614 2993 670 testium
3019 614 3425 685 praedictorum,
3446 624 3508 671 ut
3534 618 3598 673 de
3621 619 3723 675 illis
3739 622 3837 679 dis-

2270 698 2595 755 poneremus
2616 685 2911 757 secundum
2940 686 3013 757 Ade
3032 685 3157 757 jure
3176 695 3233 741 et
3253 686 3444 742 utilem
3464 694 3663 745 statum
3693 699 3835 749 terra:

2268 771 2371 827 pro
2392 764 2594 827 nostrae
2620 756 2850 811 arbitrio
2868 755 3191 812 voluntatis.‘

2337 826 2421 883 Ad
2448 826 2709 898 majorem
2756 843 2888 899 ergo
2916 827 2997 882 rei
3044 827 3392 899 evidentiam,
3440 828 3633 885 eodem
3673 833 3837 889 archi-

2268 896 2495 976 diacnno
2536 896 2810 976 praesente
2828 896 2889 953 et
2914 898 3291 976 consentiente
3315 899 3395 956 sic
3421 900 3674 976 duximus
3710 903 3837 976 judi-

2267 970 2522 1035 candum,
2544 968 2911 1024 'statuendum
2939 975 2996 1023 et
3029 968 3388 1024 ordinandum
3418 986 3432 1023 :
3481 979 3545 1025 ut
3582 968 3729 1028 idem
3764 990 3837 1030 ar-

2267 1039 2623 1113 chidiaconus
2644 1047 2700 1095 et
2750 1054 3094 1113 successores
3137 1039 3221 1094 sui
3252 1039 3460 1113 nullum
3500 1041 3742 1113 jurajpm
3780 1045 3838 1102 de

2265 1118 2450 1181 cetero
2477 1111 2532 1165 in
2557 1110 2737 1181 aliquo
2765 1110 2883 1165 loco
2909 1110 3240 1165 constituere
3265 1109 3613 1181 debeant'vel
3631 1109 3834 1171 habere.

2267 1180 2531 1237 Volumus
2554 1180 2721 1252 etiam
2741 1188 2796 1235 et
2810 1181 3155 1252 ordinamus,
3181 1187 3257 1252 _ut
3276 1180 3373 1252 illa
3396 1183 3673 1252 quantitas
3692 1199 3839 1239 anno-

2266 1266 2371 1319 nae,
2395 1267 2559 1323 quam
2588 1251 2691 1307 sibi
2714 1250 3126 1323 archidiaconus
3148 1249 3216 1323 ab
3244 1249 3626 1323 habitantibus
3650 1253 3700 1307 in
3726 1255 3835 1308 bur-

2264 1323 2349 1394 gis
2376 1320 2434 1396 ei.
2457 1330 2705 1396 mercato
2726 1322 2793 1396 de
2823 1320 2987 1377 Utino
3014 1321 3199 1396 deberi
3224 1321 3459 1387 dicebat,
3488 1323 3558 1378 ab
3606 1324 3734 1394 ipsis
3755 1341 3838 1396 per

2265 1391 2514 1449 eumdem
2557 1392 3001 1448 archidiaconum
3043 1391 3130 1446 vel
3182 1406 3531 1450 successores
3560 1391 3688 1449 suos
3736 1391 3836 1450 nul-

2266 1463 2480 1519 latenus
2506 1463 2760 1534 exigatur
2787 1480 2801 1516 :
2832 1478 2935 1518 nec
2962 1462 3065 1533 ipsi
3085 1461 3394 1534 habitantes
3421 1463 3526 1533 ipsi
3553 1463 3757 1519 solvere
3782 1467 3837 1521 de

2265 1542 2450 1590 cetero
2477 1532 2790 1603 teneantur,
2822 1548 2947 1589 cum
2982 1532 3253 1603 praedicta
3278 1532 3462 1589 omnia
3489 1534 3652 1590 nobis
3677 1544 3730 1590 et
3760 1553 3835 1593 ec-

2264 1605 2445 1661 clesia:
2470 1612 2673 1660 nostra:
2695 1602 2950 1659 duximus
2972 1602 3275 1658 retinenda.

2336 1674 2638 1732 Statuimus
2663 1675 2884 1745 insuper
2909 1681 2963 1729 et
2989 1674 3355 1745 praecipimus,
3373 1681 3433 1729 ut
3446 1674 3836 1734 archidiaconus

575 1766 749 1836 rem
773 1743 1177 1836 εοειιιξιδηξιξιυιῖ
1193 1743 1381 1836 {919w
1402 1748 1470 1836 ξφ
1495 1747 1657 1836 qua?
1682 1746 2163 1836 9939933329:-
2193 1774 2243 1836 Β
2266 1743 2873 1836 Αςιξίξρδεξξείξςςξιέέὲξο
2898 1743 3575 1836 mersissent?
3601 1762 3834 1836 υτοοεη-

575 1821 752 1877 tinere
777 1820 865 1877 vel
889 1820 940 1877 ei
961 1814 1252 1891 subjacere
1270 1819 1376 1874 nisi
1401 1818 1547 1888 quod
1594 1819 1645 1873 ei
1689 1816 1969 1891 annuatim
2000 1827 2162 1891 unam
2196 1814 2243 1836 "
2269 1814 2572 1891 torem'vel
2595 1814 2882 1891 vicarium,
2914 1815 2961 1870 si
2987 1814 3240 1891 voluerit,
3271 1814 3621 1891 visiiatorern
3643 1818 3833 1891 nullam

575 1890 771 1948 libram
798 1907 937 1948 cerae
991 1885 1203 1947 solvere
1235 1885 1481 1945 teneatur
1511 1930 1527 1954 ,
1581 1896 1638 1944 et
1684 1887 1828 1959 quod
1842 1885 1923 1959 Ade
1982 1890 2167 1959 cetero

575 1962 754 2019 nullus
783 1962 1044 2033 plebanus
1071 1962 1137 2017 de
1156 1960 1351 2033 iUtino,
1376 1959 1463 2014 vel
1486 1952 1860 2033 vicarius,_vel
1913 1952 2167 2033 sacerdos

574 2024 1106 2089 nullum'dominium
1153 2024 1393 2101 habeant
1437 2045 1601 2101 super
1627 2030 1943 2101 praedictam
1989 2024 2169 2094 capel-

574 2103 705 2170 lam,
745 2104 847 2158 nisi
886 2117 1118 2173 persona
1169 2100 1279 2173 illa,
1320 2098 1646 2173 quain—nos
1670 2098 1924 2173 ethnostri
1952 2109 2168 2173 sucges-

574 2164 728 2231 sores
764 2164 906 2229 loco-
934 2181 991 2228 et
1038 2164 1277 2228 nomine
1308 2164 1481 2227 nostri
1527 2171 1601 2225 ibi
1639 2169 2009 2225 ordinabimus
2055 2164 2168 2222 Deo

575 2246 894 2302 deservire:
948 2252 1004 2298 et
1042 2244 1086 2299 si
1137 2242 1319 2312 aliquo
1375 2250 1635 2312 tempore
1674 2240 1895 2312 aliquis
1926 2237 2168 2312 existens

571 2314 832 2388 plebanus
855 2355 870 2381 ,
897 2314 984 2369 vel
1024 2308 1294 2388 vicarius,
1324 2312 1408 2368 vel
1450 2308 1703 2388 sacerdos
1852 2310 2033 2375 Utino,
2081 2308 2168 2364 vel

575 2381 679 2442 alia
721 2400 954 2457 persona
991 2383 1309 2455 temporalis
1334 2423 1349 2448 ,
1400 2384 1488 2457 vel
1515 2381 1993 2457 spiritualis,_qu:e
2038 2390 2166 2457 cgni-

574 2465 658 2512 tra
685 2449 990 2528 supradicta
1015 2449 1201 2511 venire
1230 2449 1563 2519 tentaverit,
1601 2449 2024 2525 indignationem
2068 2449 2165 2506 Dei

572 2536 630 2583 et
654 2528 895 2583 omnium
920 2534 1253 2591 sanctorum,
1284 2533 1341 2580 et
1357 2532 1599 2579 nostram
1626 2531 1681 2578 CI
1706 2531 2016 2579 nostrorum
2046 2536 2168 2579 SUC-

572 2613 853 2655 cessorum
895 2613 952 2653 se
979 2600 1178 2653 sentiat
1222 2595 1542 2651 incurrisse.
1591 2592 1745 2649 Unde
1786 2608 1856 2648 ne
1906 2606 2015 2663 qua
2040 2607 2168 2665 pos-

575 2671 648 2726 sit
696 2670 1050 2740 imposterum
1089 2666 1221 2740 oriri
1247 2666 1542 2740 calumnia,
1598 2680 1717 2734 qua:
1757 2664 2168 2740 attemptet’do-

573 2756 724 2822 num,
753 2734 898 2822 quod
927 2738 1176 2822 fecimus,
1207 2736 1885 2822 infirmare,“przesenten1
1902 2734 2166 2822 paginam

575 2804 971 2879 subscriptione
1023 2809 1278 2879 testium,
1310 2814 1367 2879 et
1414 2804 1577 2878 sigilli
1629 2806 1953 2879 auctoritate
1993 2804 2166 2879 nostri

572 2875 821 2935 volumus
843 2878 1187 2935 confirmare.
1234 2877 1406 2948 Hujus
1432 2875 1510 2932 rei
1556 2884 1724 2948 testes
1744 2875 1964 2948 fuerunt
2018 2876 2168 2948 Vull-

573 2951 787 3007 helmus
822 2950 1059 3020 decanus
1084 2946 1504 3020 Aquilegiensis,
1531 2946 1773 3020 Iacobus
1788 2947 2168 3020 archipresby-

574 3030 679 3086 ter,
710 3019 994 3076 Vvolricus
1021 3020 1089 3075 de
1103 3016 1372 3084 Cucanea,
1395 3017 1631 3074 Joannes
1656 3018 1723 3073 de
1742 3017 1979 3083 Roncas,
2013 3016 2161 3075 Naus

579 3092 645 3149 de
672 3091 825 3157 Meis,
854 3089 1199 3145 Bonaeontus
1223 3099 1280 3144 et
1300 3090 1413 3144 alii.

640 3162 838 3218 Actum
868 3159 1016 3216 Utini
1041 3161 1095 3215 in
1133 3160 1364 3217 ecclesia
1389 3169 1592 3217 sancta:
1618 3159 1822 3215 Maria.

642 3233 757 3315 Ego
805 3230 1072 3315 Martinus
1113 3231 1253 3315 sacri
1279 3231 1485 3315 palatii
1531 3231 1872 3315 nptariusex
1903 3230 2162 3315 mandato

573 3301 714 3360 dicti
725 3303 926 3375 domini
952 3302 1187 3375 Pertoldi
1201 3301 1527 3374 patriarcbze
1551 3301 1953 3375 Aquilegiensis
1965 3301 2163 3374 scripsi

572 3383 631 3432 et
655 3374 1028 3431 corroboravi.
1123 3427 1128 3433 .

1266 3444 1455 3502 XVIII.

642 3538 672 3579 ι’
705 3536 884 3595 JURA
920 3536 1571 3597 ARCHIDIACONATUS
1610 3535 2090 3606 AQUILEIENSIS

607 3631 650 3686 Α
683 3630 934 3702 Gregorio
964 3630 1029 3685 de
1059 3629 1236 3686 Monte
1262 3629 1441 3703 Longo
1464 3630 1767 3702 patriarcha
1792 3630 2103 3701 reformata.

639 3722 697 3778 lu
720 3721 935 3793 nomine
950 3720 1177 3788 Christi,
1196 3737 1377 3778 amen.
1393 3721 1549 3777 Anno
1570 3737 1602 3775 a
1618 3722 1897 3777 nativitate
1918 3720 2161 3793 ejusdem

573 3793 732 3856 ηδε,
761 3792 949 3876 indict.
980 3793 1035 3876 ‘7_,
1074 3793 1535 3876 apuducivitaitem
1574 3792 1851 3876 Austriam
1875 3793 1930 3847 in
1953 3792 2159 3876 antica-

571 3879 722 3919 mera
770 3862 1120 3933 patriarchali
1153 3903 1169 3927 ,
1196 3862 1286 3918 die
1323 3863 1391 3918 l5
1419 3863 1773 3920 Decembris:
1806 3862 2162 3933 praesentibus

570 3931 805 4005 dominis
826 3931 1080 4005 Arnardo
1107 3933 1417 4005 Petenensi
1442 3935 1717 4005 episcopo,
1765 3931 2163 4005 Transimundo

570 3951 805 3989 dominis
832 3951 1080 3989 arnaruo
1109 3951 1392 3990 retenensi
1442 3951 1475 3990 e
1515 3951 1717 4005 lSOOpO,
1766 3951 1799 3988 '1
1813 3951 2163 3990 ransimunuo

569 4003 638 4076 de
665 4004 871 4076 Anagia
900 4004 1102 4060 domini
1129 4020 1279 4076 papa:
1323 3951 1623 4076 capelfano,
1664 4003 1841 4076 fratre
1876 4004 2163 4076 Leonardo

570 4022 638 4059 ac
665 4022 871 4074 anagia
900 4022 1102 4060 nomini
1129 4022 1193 4075 pa
1234 4022 1279 4059 ω
1323 4022 1623 4076 capeuano,
1664 4022 1834 4059 tratre
1877 4022 2163 4060 Leonarao

570 4075 775 4145 lectore
800 4073 1031 4129 fratrum
1055 4022 1501 4139 Praedicatorum,
1530 4073 1733 4145 Iacobo
1774 4074 1884 4145 [ilio
1912 4074 2163 4145 magistri

569 4144 851 4217 Cettonelli
878 4145 945 4202 de
972 4145 1224 4210 Civitate,
1250 4145 1447 4202 Sclavo
1473 4146 1539 4217 de
1566 4144 1771 4217 Campo
1791 4144 2007 4217 Domini
2014 4144 2164 4217 :Gre-

566 4217 705 4344 gorii
735 4216 831 4273 Dei
859 4218 1034 4289 gratia
1092 4217 1423 4299 patriarcha:
1458 4215 1819 4340 Aiuilejeiisis
1859 4215 2160 4300 capellam2

600 4303 776 4344 oanne
799 4288 868 4344 de
896 4287 1145 4344 Cucanea
1169 4328 1185 4344 .
1215 4296 1478 4344 magistro
1565 4300 1751 4342 scamo
1778 4287 1995 4343 PhtSlCO
2018 4328 2033 4344 .
2067 4303 2160 4344 σω

600 4303 776 4345 oanne
799 4287 1145 4345 de'Cucanéa
1169 4328 1185 4353 ,
1215 4288 1478 4358 magistro
1518 4287 1751 4342 Ascanio
1778 4287 1995 4343 Phisico
2018 4328 2033 4352 ,
2067 4288 2164 4358 qui

566 4357 671 4415 fuit
710 4360 777 4414 de
818 4358 1079 4425 Perusio,
1114 4357 1334 4414 domino
1364 4357 1559 4412 Rufino
1602 4359 1669 4413 de
1712 4358 1886 4413 Ponto
1936 4359 2001 4414 de
2038 4357 2162 4413 Pla-

568 4431 745 4487 centia
785 4430 1011 4486 testibus
1049 4429 1120 4487 ad
1169 4429 1275 4484 hoc
1320 4429 1527 4484 vocatis
1565 4437 1623 4485 et
1673 4431 1896 4500 rogatis,
1940 4438 1997 4484 et
2044 4429 2163 4485 aliis

567 4501 1001 4573 quampluribus.

638 4568 985 4628 Reverendus
1020 4571 1184 4627 Pater
1220 4578 1277 4626 et
1303 4570 1554 4641 dominus
1579 4568 1874 4641 Gregorius
1910 4570 2007 4641 Dei
2035 4587 2158 4641 gra-

567 4644 642 4699 tia
654 4652 853 4700 sanctae
871 4642 1234 4715 Aquilejensis
1257 4640 1403 4698 sedis
1421 4640 2157 4715 patriarchainfrascriptam

566 4711 963 4771 ordinationem
981 4711 1077 4770 seu
1098 4722 1365 4783 statutum
1395 4711 1632 4783 praetulit
1660 4712 1717 4766 in
1745 4713 1891 4767 hunc
1915 4713 2155 4783 modum,

565 4785 817 4841 videlicet
836 4803 849 4839 :
868 4785 1109 4842 Dilectus
1130 4785 1277 4840 ﬁlius
1301 4780 1542 4839 Joannes
1564 4783 1978 4839 archidiaconus
1992 4782 2162 4853 Aqui-

565 4856 785 4928 lejensis
805 4855 1049 4928 quaedam
1057 4856 1183 4928 jura
1203 4864 1258 4911 et
1277 4853 1710 4928 consuetudines,
1733 4870 1875 4928 quae,
1920 4853 2005 4928 vel
2028 4869 2163 4928 quas

567 4923 732 4999 super
758 4923 1146 4999 constituendis
1171 4941 1267 4999 seu
1302 4923 1570 4999 habendis
1588 4923 1787 4995 juratis
1816 4926 1879 4999 in_
1898 4924 2163 4999 archidia-

566 4994 762 5055 conatu
783 5012 882 5053 suo
910 4997 979 5051 ad
1005 4996 1476 5052 denunciationem
1503 4994 1828 5051 excessuum
1853 4994 2160 5050 faciendam

567 5068 905 5141 dignoscitur
951 5066 1247 5121 habuisse:
1296 5082 1505 5141 necnon
1543 5066 1814 5137 quoddam
1858 5065 1949 5137 jus
1991 5065 2158 5141 aliud,

569 5136 712 5210 qu'od
741 5153 905 5210 super
944 5144 1106 5210 certa
1145 5137 1451 5210 quantitate
1494 5136 1739 5204 annonae,
1764 5145 1826 5210 et
1847 5136 2025 5210 quam
2058 5136 2161 5210 sibi

570 5206 651 5279 ab,
666 5206 1063 5279 habitatoribus
1093 5207 1149 5279 in
1180 5207 1369 5279 burgis
1393 5216 1449 5262 et
1477 5217 1718 5264 mercato
1747 5209 1813 5264 de
1846 5206 2031 5279 Utino
2057 5206 2161 5262 sibi

569 5278 757 5336 deberi
782 5278 848 5333 de
862 5277 986 5349 jure
1006 5277 1241 5346 dicebat,
1270 5277 1416 5335 mota
1437 5294 1601 5351 super
1622 5280 1727 5336 hoc
1752 5280 1884 5352 ipsis
1910 5277 2163 5334 habitan-

494 5506 497 5509 _
575 5507 589 5509 ξ
642 5437 838 5509 ανΑηιι.
870 5437 1028 5493 1242.
1072 5439 1273 5495 Charta
1297 5447 1540 5497 extracta
1589 5454 1657 5496 ex
1708 5439 1803 5495 lib.
1833 5456 1874 5504 ι,
1910 5438 2003 5494 fol.
2032 5438 2160 5496 203.

573 5507 633 5564 In
658 5508 894 5581 Archivo
933 5509 1168 5580 Capituli
1200 5511 1419 5566 Utinen.
1453 5520 1537 5567 est
1563 5510 1705 5581 apud
1745 5512 1999 5567 comitem
2023 5510 2165 5568 Lau-

578 5581 814 5655 rentium
838 5579 1145 5655 Asquinum
1176 5583 1521 5639 canonicum.
1550 5579 1655 5640 Cit.
1685 5598 1739 5655 p.
1770 5582 1857 5655 i8.

646 5652 676 5691 ι)
704 5651 861 5727 Anno
888 5651 1045 5707 1265.
1078 5652 1279 5709 Charta
1322 5655 1465 5726 apud
1490 5651 1746 5712 comitem
1766 5654 1932 5712 Laur.
1974 5655 2171 5727 Aequi-

577 5736 735 5794 num.
758 5722 922 5778 Citat.
947 5737 1001 5794 p.
1026 5739 1173 5779 xxvr.

652 5804 677 5834 ι
713 5793 941 5857 Videtur
955 5794 1142 5857 deesse
1162 5795 1385 5871 aliquid.

2189 3129 2238 3194 ο

2268 1888 2741 1945 denunciationem
2766 1885 3022 1957 deinceps
3046 1885 3292 1957 recipiet,
3320 1886 3406 1941 vel
3452 1886 3831 1957 inquisitionem

2267 1958 2437 2014 faciat
2464 1958 2532 2014 de
2558 1958 2765 2026 auditu.
2793 1955 2870 2011 De
2897 1954 3197 2011 manifestis
3222 1964 3406 2011 tamen
3446 1954 3754 2014 excessibus
3778 1959 3833 2014 ad

2266 2030 2697 2086 ecclesiasticum
2723 2026 2901 2100 forum
2932 2026 3326 2097 spectantibus,
3350 2028 3442 2098 qui
3472 2027 3541 2082 ad
3566 2043 3710 2096 eum,
3734 2045 3835 2100 pro

2267 2109 2577 2156 curatorem
2597 2106 2681 2154 vel
2710 2098 2978 2153 vicarium
3005 2113 3162 2153 suum
3188 2112 3287 2167 per
3314 2097 3750 2164 accusationem,
3765 2097 3832 2154 vel

2306 2171 2662 2226 uerimoniam
2711 2168 3061 2238 pervenerint
3081 2208 3097 2234 ,
3142 2182 3471 2240 cognoscere
3519 2171 3752 2240 possint,
3788 2178 3833 2240 et

2302 2241 2499 2297 ebeant
2521 2240 2787 2312 judicare,
2811 2246 2871 2295 et
2914 2254 3131 2312 poenam
3161 2238 3406 2311 inﬂigere
3445 2238 3754 2297 consuetam
3775 2239 3831 2296 ad

2265 2313 2384 2368 haec
2413 2308 2597 2367 cetera
2616 2311 2743 2382 jura
2766 2320 2795 2382 ε
2831 2308 3304 2365 archidiaconatus
3341 2317 3401 2382 et
3434 2312 3831 2382 consuetudines

2268 2384 2460 2462 tamin
2480 2380 2882 2462 visitatipnibus
2897 2396 3062 2462 quam
3080 2380 3742 2462 procurationibuseidem
3761 2396 3831 2437 ar-

2267 2453 2587 2509 chidiacono
2615 2451 2702 2507 vel
2748 2450 2956 2506 vicario
2997 2465 3097 2506 suo
3123 2450 3333 2524 ratione
3357 2450 3692 2524 visitationis
3718 2466 3831 2524 pra-

2266 2525 2476 2580 standis
2502 2523 2820 2595 petitionem
2846 2530 2904 2595 et
2940 2522 3324 2595 receptionem
3342 2592 3353 2595 _
3374 2522 3665 2595 cujusdam
3691 2522 3832 2593 quan-

2267 2595 2440 2720 titati:
2460 2592 2692 2720 anticum
2707 2608 2738 2647 a
2758 2592 2926 2649 certis
2940 2592 3251 2647 hominibus
3274 2592 3359 2649 sui
3383 2592 3835 2650 archidiaconatus

2267 2680 2313 2720 Si
2354 2684 2369 2720 ι
2428 2680 2459 2720 e
2500 2682 2515 2719 ι
2593 2706 2606 2719 .

2266 2665 2369 2721 sibi
2393 2665 2606 2721 debitaa.

2336 2736 2561 2806 Insuper
2592 2734 2909 2807 petitionem
2937 2742 2997 2807 et
3052 2734 3422 2807 receptionem
3435 2735 3788 2807 _denariorum
3810 2750 3834 2790 ι

2264 2805 2530 2878 plebibus,
2563 2805 2656 2877 qui
2677 2805 2886 2878 denarii
2929 2805 3410 2878 dicuntur’denarii
3434 2805 3641 2873 Pasce.
3666 2822 3836 2878 scuar-

2266 2876 2676 2933 chidiacona’tus
2723 2892 2789 2933 ac
2840 2876 3070 2932 aliorum
3106 2876 3454 2932 denariorum
3506 2878 3561 2932 in
3603 2877 3835 2934 omnibus

2265 2948 2399 3003 locis
2428 2956 2482 3003 ct
2521 2947 2718 3019 pmnis,
2776 2948 2830 3002 in
2851 2947 3047 3019 quibus
3073 2954 3129 3019 et
3149 2963 3181 3001 a
3209 2947 3405 3019 quibus
3436 2948 3837 3019 archidiaconus

2267 3016 2847 3090 recipere—consuevit,
2868 3016 2972 3074 'seu
3003 3017 3204 3090 habere
3226 3016 3392 3090 debet
3417 3017 3486 3073 de
3512 3018 3838 3074 consuetudi-

2269 3106 2337 3161 ne
2356 3088 2443 3145 vel
2468 3091 2536 3146 de
2560 3088 2706 3161 jure,
2735 3097 2791 3145 et
2812 3088 3139 3161 generaliter
3162 3089 3360 3161 omnia
3365 3088 3512 3158 jura,
3538 3105 3670 3161 qua:
3689 3090 3837 3144 archi-

2266 3160 2527 3216 diaconus
2551 3157 2637 3215 vel
2684 3161 2767 3231 sui
2807 3157 3235 3231 praedecessores
3274 3157 3583 3231 habuerunt
3607 3161 3687 3216 de
3732 3175 3835 3215 con-

2266 3231 2551 3288 suetudine
2577 3231 2664 3286 vel
2687 3229 2755 3285 de
2773 3229 2898 3301 jure
2922 3271 2937 3296 ,
2994 3231 3047 3301 in
3070 3229 3266 3301 quibus
3295 3231 3375 3301 eis
3409 3229 3612 3285 detract
3636 3246 3716 3287 um
3748 3246 3835 3285 non

2266 3245 2551 3288 suetudine
2577 3245 2664 3286 vel
2687 3245 2755 3285 ae
2773 3246 2898 3301 jure
2922 3271 2937 3296 ,
2994 3246 3047 3284 Ill
3112 3245 3266 3284 lllDllS
3295 3245 3375 3283 eis
3409 3245 3716 3287 detractum
3748 3246 3835 3285 non

2263 3310 2350 3358 est
2374 3302 2658 3374 privilegio
2679 3301 2920 3373 speciali,
2946 3300 3047 3356 sibi
3070 3245 3193 3374 (apro
3221 3298 3348 3373 ipsi]
3385 3300 3666 3373 integrum
3692 3316 3838 3358 resen

2263 3389 2478 3431 vamus.

2333 3443 2418 3515 Ad
2459 3444 2773 3515 praedictam
2800 3450 2982 3515 autem
3025 3449 3291 3515 nostram,
3323 3443 3719 3515 ordinationem
3762 3441 3834 3496 [a-

2265 3513 2514 3585 ciendain
2555 3514 2835 3585 multiplex
2865 3513 3006 3569 ratio
3042 3527 3151 3585 nos
3204 3514 3452 3585 induxit:
3484 3516 3746 3584 praecipue
3765 3520 3835 3565 ta-

2264 3601 2390 3658 men
2422 3584 2525 3640 fuit
2544 3584 2836 3658 multorum
2859 3584 3090 3640 remotio
3118 3584 3518 3658 scandalorum,
3544 3595 3606 3641 et
3626 3587 3835 3658 ipsorum

2263 3657 2488 3711 evidens
2516 3656 2720 3711 malitia
2746 3656 3052 3727 juratorum
3087 3673 3100 3709 :
3124 3655 3266 3710 sicut
3284 3656 3430 3710 enim
3477 3672 3584 3727 pro
3606 3652 3746 3712 certo
3769 3652 3835 3727 di:

2265 3727 2513 3793 dicimus,
2538 3727 2677 3782 idem
2694 3722 2861 3797 ju'rati
2881 3741 2987 3781 non
3014 3734 3319 3797 quaerentes
3342 3742 3463 3796 qute
3477 3722 3587 3782 Dei
3609 3737 3744 3791 sunt,
3758 3722 3835 3779 sed

2264 3812 2386 3880 quae
2415 3813 2533 3880 sua,
2587 3813 2673 3880 ein
2706 3804 2969 3880 concepta
2999 3797 3205 3852 malitia
3253 3797 3663 3880 denunciabant
3708 3798 3837 3880 iuno:

2263 3869 2403 3934 xios,
2445 3868 2739 3939 culpabiles
2782 3867 3153 3939 relinquentes
3201 3867 3375 3938 gratia
3417 3868 3506 3939 vel
3560 3883 3757 3932 amore,
3791 3871 3836 3919 et

2302 3954 2478 4011 uoque
2504 3938 2727 4011 propter
2756 3938 2970 4011 illicitas
2997 3938 3311 4011 pactiones,
3343 3938 3496 4011 unde
3528 3939 3836 4011 sequebatur

2302 3954 2478 4009 uoque
2504 3954 2727 4011 pr0pter
2756 3954 2970 3994 illicitas
2997 3954 3275 4009 pacuones
3297 3979 3311 4002 ,
3343 3954 3487 3994 unae
3528 3954 3836 4011 sequebatur

2264 3954 2454 4093 ?quod)
2480 4010 2553 4093 _ad
2573 4010 3041 4093 denunciationem
3062 4023 3251 4093 eorum
3280 4008 3685 4093 damnabantur
3708 4012 3836 4093 inno-

2264 4078 2341 4135 iii
2365 4097 2380 4146 ;
2412 4078 2497 4135 vel
2526 4079 2717 4136 saltem
2744 4081 2847 4136 etsi
2878 4094 2985 4151 non
3003 4079 3165 4151 juris,
3211 4078 3342 4135 facti
3363 4089 3553 4151 tamen
3583 4080 3836 4135 infamiam

2264 4151 2657 4207 incurrebant:
2688 4151 2833 4221 quod
2887 4150 3120 4221 quidem,
3146 4151 3287 4206 inter
3329 4150 3610 4221 subjectos
3652 4158 3837 4206 nostros

2265 4221 2450 4293 gravia
2478 4219 2729 4278 scandala
2753 4219 3179 4293 suscitabatiiId
3207 4222 3324 4277 hazc
3340 4219 3464 4276 cum
3490 4223 3775 4290 petitiones
3791 4226 3839 4274 et

2265 4290 2683 4364 supplicationes
2703 4292 3021 4364 instantium
3031 4290 3355 4364 Adilectorum
3376 4300 3839 4364 nostrorum_co_m-

2264 4360 2445 4436 munis
2470 4364 2536 4418 de
2569 4361 2941 4436 υιίιιοΙᾴςεδςιΔ
2966 4362 3190 4436 aliquid,
3217 4370 3345 4436 pttta
3360 4361 3733 4436 accederent],
3752 4360 3841 4417 Eo-

2266 4434 2444 4516 clesia:
2474 4442 2676 4516 nostra:
2698 4432 3061 4516 nihilominus
3080 4447 3143 4488 ac
3166 4432 3464 4516 ipSiusloci
3488 4432 3837 4516 utilitate‘non

2192 4518 2240 4578 υ
2266 4505 2475 4578 modica
2506 4504 2771 4578 suadente
2793 4512 2973 4560 certos
3009 4502 3312 4578 canonicos
3338 4503 3394 4558 in
3443 4504 3707 4576 praedicto
3737 4502 3838 4559 loco

2267 4575 2334 4631 de
2364 4574 2529 4632 Utino
2556 4574 2900 4631 decernimus
2926 4575 3275 4630 ordinandos.

2338 4646 2617 4712 Volumus,
2648 4646 2964 4702 ordinamus
2992 4652 3049 4700 et
3077 4646 3399 4712 statuimus,
3425 4654 3490 4701 ut
3510 4647 3839 4704 medietatem

2266 4717 2570 4789 reddituum
2589 4716 2861 4789 quondam
2882 4716 3055 4789 plebis
3075 4718 3344 4789 vacantis,
3374 4726 3432 4773 et
3449 4717 3716 4784 ecclesiae,
3736 4730 3842 4789 qua:

2268 4803 2413 4843 nunc
2440 4787 2639 4842 dicitur
2685 4787 2858 4843 sancti
2886 4787 3089 4843 Vorlici
3131 4788 3199 4851 de
3226 4787 3391 4845 Utino
3415 4790 3667 4845 canonici
3706 4787 3841 4844 insti-

2271 4858 2478 4932 tuendi,
2508 4873 2633 4932 cum
2658 4874 2689 4932 a
2719 4857 2876 4914 nobis
2895 4858 3131 4932 instituti
3154 4857 3379 4926 fuerint,
3408 4860 3554 4932 quod
3578 4860 3840 4931 percipere

2272 4928 2504 4985 debeant
2530 4937 2587 4983 et
2605 4928 2825 4984 habere.
3114 4930 3121 4935 ’

2338 4999 2734 5085 ἀᾼιιειιάρρξρε
2762 5007 2966 5085 autem,
2980 5000 3209 5085 quodex
3236 5000 3497 5085 przedicta
3516 5001 3841 5085 ordinatinne

2266 5078 2454 5126 nostra
2480 5070 2894 5127 archidiaconus
2922 5069 3284 5142 Aquilejensis
3330 5074 3386 5128 in
3435 5074 3632 5129 annuis
3680 5069 3842 5127 reddi-

2267 5142 2412 5197 tibus
2433 5157 2541 5197 non
2566 5143 2836 5198 modicum
2866 5143 3124 5199 damnum
3147 5143 3379 5199 incurrit
3403 5162 3415 5198 :
3445 5145 3842 5200 considerantes

2269 5213 2435 5268 etiam
2486 5212 2621 5267 alios
2678 5213 2848 5284 ipsius
2885 5211 3360 5269 archidiaconatus
3405 5215 3651 5271 redditus
3691 5213 3844 5268 fuisse

2267 5292 2323 5339 et
2348 5298 2470 5340 esse
2495 5294 2687 5340 tenues
2705 5294 2762 5340 et
2782 5284 2972 5351 exiles,
2997 5284 3159 5339 aliam
3179 5284 3531 5342 medietatem
3547 5284 3842 5342 reddituum

2338 5440 2366 5481 (ι
2397 5440 2691 5497 Distractio
2724 5443 3029 5499 reddituum
3074 5444 3319 5502 ecclesiae
3346 5446 3522 5502 sancti
3577 5441 3839 5507 Udalrici,

2271 5528 2434 5585 quam
2455 5512 2751 5588 Gregorius
2776 5513 2864 5588 hic
2888 5514 3206 5588 instituitin
3239 5518 3472 5588 gratiam
3516 5515 3844 5573 archidiaco-

2270 5582 2851 5657 natusiAquileiensis,
2879 5587 3103 5642 rescissa
3127 5585 3229 5643 fuit
3241 5582 3289 5642 'a
3312 5587 3374 5643 Β.
3416 5588 3715 5644 Bertrando
3754 5600 3841 5657 pa-

2272 5655 2532 5728 triarcha.
2557 5655 2692 5711 Vide
2712 5655 3093 5712 documentum
3113 5657 3339 5715 inferius
3355 5675 3507 5715 num.
3523 5659 3590 5714 25
3613 5655 3845 5728 positum

2276 5726 2343 5780 de
2381 5727 2579 5797 unione
2611 5728 2979 5797 prmposituraa
3024 5731 3200 5786 sancti
3228 5728 3468 5787 Udalrici
3513 5730 3579 5789 ad
3605 5726 3844 5787 mensam

2278 5796 2630 5866 capitularem
2657 5798 2989 5863 Utinensem.
