4026 6364
571 341 678 403 655

1589 342 1681 402 AD
1718 341 1947 404 OPERA
1984 347 2045 403 Β.
2086 343 2362 406 PAULlNl
2397 343 2845 405 APPENDICES.

3733 353 3826 413 656

567 457 799 544 ut_dicta
826 454 1056 544 ecclesia
1081 456 1610 544 sanctil‘iycolayude
1632 459 1831 544 Sacillo
1851 459 2148 544 exemptio-
2173 471 2227 533 Α
2251 459 2560 544 desiderent
2580 500 2595 526 ,
2646 466 2812 544 tuque
2836 453 3246 544 praaposituram
3288 457 3464 544 ipsam
3507 459 3700 544 cupias
3739 479 3830 544 an-

567 531 730 586 nibus
746 537 804 584 et
829 529 1145 595 honoribus,
1162 528 1627 598 jurisd‘ictionibus
1648 538 1702 584 et
1721 528 2149 599 possessionibus

569 600 910 672 supradictis,
940 615 1147 672 necnon
1198 601 1410 672 cunctis
1442 600 1654 672 juribus
1683 601 1797 672 suis
1820 611 1931 654 tam
1973 601 2147 672 gratia

566 670 935 741 priadictorum
964 670 1364 740 privilegiorum
1388 679 1572 725 sancte
1592 670 1950 739 Aquilejensis
1977 670 2150 726 eccle-

569 739 685 807 siae,
725 757 886 811 quam
915 739 1038 808 jure
1087 739 1491 812 préscriptionis
1537 742 1754 813 antique
1798 744 2030 813 gaudere
2058 743 2151 796 de-

567 814 709 874 beat,
741 821 797 866 et
818 813 892 867 uti
921 813 1088 867 libere
1110 828 1249 866 nunc
1275 820 1330 864 et
1351 827 1562 881 semper
1589 812 1750 866 salvis
1779 812 1956 867 tamen
1984 815 2151 868 bono-

566 885 720 938 ribus
761 885 902 938 circa
932 882 1170 952 predicta
1199 882 1556 952 Aquilejensis
1585 883 1834 949 ecclesie,
1867 884 1955 939 cui
1982 892 2043 938 ut
2065 884 2148 938 di-

567 962 714 1025 ctum
745 963 829 1008 est
858 955 938 1025 vir
964 954 1103 1025 idem
1137 953 1454 1024 magniﬁcus
1480 954 1724 1009 eamdem
1751 954 2032 1025 supposuit
2060 970 2151 1010 ec-

567 1024 787 1080 clesiam
816 1025 880 1079 de
902 1023 1118 1078 Sacillo.

637 1097 720 1150 Ad
756 1097 871 1151 haec
898 1104 1077 1148 autem
1105 1094 1404 1150 devotionis
1448 1101 1537 1149 tue
1564 1103 1672 1150 tam
1702 1110 1800 1166 per
1837 1111 1958 1160 nos,
1986 1112 2150 1167 quam

564 1181 666 1236 per
691 1181 1034 1221 successores
1079 1174 1289 1220 nostros
1322 1182 1418 1237 per
1459 1175 1736 1236 prescribes
1764 1167 2153 1222 committimus

564 1245 621 1291 et
650 1237 967 1291 mandamus
985 1277 998 1299 ,
1032 1246 1298 1307 quatenus
1321 1238 1493 1292 dictas
1517 1238 1886 1307 exemptiones
1912 1253 2034 1292 cum
2056 1239 2154 1293 ho-

566 1307 791 1363 noribus
807 1308 919 1361 suis
933 1316 987 1361 et
1010 1309 1191 1379 omnia
1217 1309 1340 1379 jura
1372 1323 1492 1362 cum
1517 1307 1986 1378 iurisdictionibus
2011 1311 2153 1364 dicte

564 1379 809 1435 ecclesiae
832 1379 1001 1433 sancti
1029 1377 1262 1450 Nycolay
1283 1381 1348 1432 de
1370 1377 1568 1433 Sacillo
1593 1388 1943 1434 manutenere
1955 1381 2155 1436 debeas

565 1466 631 1505 ac
667 1466 1006 1504 successores
1038 1450 1115 1503 tui
1161 1451 1264 1504 hoc
1311 1451 1468 1504 modo
1493 1450 1722 1504 viriliter
1748 1458 1803 1504 et
1844 1451 1983 1505 tueri
2019 1470 2031 1503 :
2061 1452 2155 1506 de-

564 1529 862 1592 temptores
879 1521 1081 1591 jurium
1114 1530 1169 1576 et
1208 1521 1608 1591 possessionum
1649 1521 1888 1592 ejusdem
1919 1522 2156 1576 auctori-

563 1600 676 1648 tate
705 1601 907 1656 nostra,
931 1592 1110 1646 debita
1139 1593 1431 1646 monitione
1460 1592 1722 1662 premissa
1750 1607 1848 1662 per
1869 1608 2154 1648 censuram

564 1663 1010 1725 ecclesiasticam,
1031 1677 1249 1718 necnon
1277 1672 1331 1716 et
1357 1663 1644 1717 violatores
1669 1663 1935 1718 dictorum
1950 1663 2154 1732 jurium

565 1742 728 1805 atque
779 1735 1179 1805 possessionum
1229 1734 1400 1805 plebis
1431 1734 1701 1804 predicte,
1749 1748 1844 1788 seu
1883 1735 2159 1790 contradi-

564 1804 743 1861 ctores
773 1817 828 1859 et
857 1804 1081 1858 rebelles
1111 1804 1379 1874 intrepide
1408 1805 1823 1874 compescendo.

2250 538 2526 602 gmentare
2573 548 2587 584 :
2636 545 2735 584 nos
2781 530 3081 586 devotionis
3122 537 3228 584 tua:
3267 531 3524 653 precibus
3571 530 3831 604 inclinati,

2253 601 2571 653 annectendi
2620 600 2794 653 eidem
2833 601 3202 653 nranosituraa
3228 615 3264 653 11
3285 603 3440 653 ebem
3473 603 3646 653 ipsius
3675 608 3828 653 matri

2253 600 2586 673 annectendi
2620 600 3206 673 eidemupnepositura:
3228 600 3440 671 plebem
3473 603 3646 673 ipsius
3675 600 3831 664 castri

2247 672 2464 740 plenam
2495 671 2590 742 tibi
2618 671 2962 742 concedimus
3004 672 3326 726 auctoritate
3371 671 3727 742 praesentium
3762 674 3833 732 fa-

2250 742 2524 824 cultatem.
2541 740 2677 822 Nulli
2699 757 2828 824 ergo
2836 742 3116 824 hominum
3143 742 3302 824 iiceat
3318 740 3457 824 hanc
3469 745 3730 824 paginam
3750 763 3834 801 uo-

2251 822 2377 867 stra:
2391 813 2752 884 concessionis
2775 813 3063 884 infringere
3077 813 3159 866 vel
3185 815 3234 867 ei
3260 830 3393 868 ausu
3413 813 3709 871 temerario
3722 831 3836 873 con-

2253 884 2437 957 _tra_ire.
2483 882 2540 957 Si
2579 885 2701 953 quis
2722 892 2902 957 autem
2935 882 3036 938 hoc
3055 893 3390 957 _att_emptare
3411 890 3832 957 praesumpserit,

2251 954 2672 1025 indignationem
2710 955 3098 1024 omnipotentis
3127 953 3244 1019 Dei,
3295 963 3350 1008 et
3380 953 3672 1011 beatorum
3702 953 3835 1015 Petri

2251 1032 2306 1095 et
2343 1024 2508 1095 Pauli;
2547 1024 3060 1095 apostolorumwejus
3104 1039 3162 1080 se
3200 1026 3414 1080 noverit
3472 1027 3832 1085 incursurum.

2251 1094 2446 1168 Datum
2491 1093 2744 1168 Lugduni
2779 1111 2855 1168 xu
2905 1093 3178 1151 Kalendas
3220 1095 3456 1167 Augusti
3499 1097 3837 1168 pontificatus

2253 1165 2424 1220 nostri
2459 1165 2601 1220 anno
2627 1167 2786 1220 tertio
2816 1167 2866 1220 ι).

2323 1236 2464 1304 Quia
2488 1236 2655 1306 igitur
2676 1237 3060 1309 inundantibus
3073 1235 3442 1309 supradictum
3471 1239 3833 1309 praedecesso-

2254 1323 2370 1363 rcm
2400 1317 2645 1379 nostrum
2683 1316 2738 1362 et
2766 1307 2900 1362 alios
2930 1321 3277 1379 successores
3319 1307 3598 1379 ejus,’qui
3628 1309 3836 1366 fuerunt

2254 1393 2426 1449 usque
2456 1377 2524 1451 ad
2554 1394 2696 1451 nos,
2722 1379 2971 1451 negotiis,
2996 1377 3410 1451 _nullus_eorum
3447 1377 3733 1451 negotium
3760 1381 3838 1436 hu-

2249 1448 2497 1536 jusinodi
2525 1450 2593 1536 ad
2621 1448 2878 1536 effectum.
2900 1448 3609 1536 Nos‘quamvis
3637 1451 3704 1536 in_
3735 1467 3837 1536 pro-

2257 1519 2515 1594 motionis
2538 1530 2736 1594 nostra:
2759 1521 3027 1574 addictam
3048 1520 3214 1594 269
3225 1519 3515 1594 ecclesiam
3539 1519 3833 1594 Aquilejeu.

2257 1591 2554 1663 primordio
2585 1592 2832 1663 redderet
2859 1591 3170 1663 eorumdeni
3199 1591 3538 1659 negotiorum
3568 1591 3835 1663 inundatio

2258 1660 2367 1736 non
2393 1662 2572 1736 minus
2592 1662 2869 1736 attonitos,
2894 1661 3125 1736 excitati
3147 1660 3520 1736 frequentibus
3535 1662 3671 1736 cleri
3693 1674 3748 1736 et
3765 1679 3834 1736 po

2258 1733 2373 1804 puli
2426 1732 2898 1804 exhortationibus
2942 1732 3223 1804 intendere
3272 1734 3516 1803 cepimus
3541 1735 3734 1789 unioni
3759 1732 3835 1790 seu

2259 1803 2547 1874 annexioni
2588 1803 2704 1874 jam
2744 1804 2930 1867 dictae;
2962 1809 3017 1856 et
3066 1803 3250 1858 habito
3281 1817 3445 1873 super
3473 1805 3576 1859 hoc
3602 1821 3732 1862 cum
3774 1805 3833 1861 di-

636 1855 1017 1956 i;."c..3;.;_}a
1034 1855 1390 1939 maenaa};
1416 1855 1795 1956 gigantas;
1842 1875 2152 1956 ηηεηειειιεφ
2183 1855 2234 1914 B
2262 1855 2572 1956 stagnis
2588 1855 3734 1956 anoaic'isyqsuigaagamagam;
3762 1855 3830 1932 n3

563 1945 849 2019 presentes
891 1945 1101 2019 litteras
1146 1955 1362 2019 nostras
1392 1945 1489 2019 tibi
1525 1947 2018 2019 etsuccessoribus
2051 1948 2159 2002 tuis

565 2016 915 2073 concedimus
947 2016 1105 2086 sigilli
1136 2018 1307 2070 nostri
1351 2017 1632 2085 pendentis
1668 2018 1965 2073 munimine
2003 2019 2160 2074 robo-

568 2097 740 2144 ratas.

640 2160 776 2214 Data
824 2159 1069 2230 Aquileje
1114 2159 1398 2214 millesimo
1439 2159 1808 2230 ducentesimo
1850 2159 2158 2228 quadrage-

565 2229 706 2286 simo
738 2246 880 2285 nono
917 2228 1274 2286 die‘secundo
1301 2230 1537 2284 intrante
1565 2228 1852 2285 Novembri
1886 2231 2069 2286 indict.
2103 2230 2158 2284 7.

636 2301 829 2356 Datum
866 2309 920 2356 et
954 2310 1136 2356 actum
1157 2301 1319 2373 litini
1358 2301 1420 2373 in,
1443 2301 1790 2373 patriarcbali
1821 2301 2022 2373 palatio
2056 2317 2159 2356 no-

563 2382 682 2428 stro
695 2389 836 2427 anno
851 2373 1126 2427 Dominice
1149 2370 1458 2426 Nativitatis
1479 2371 1760 2427 millesimo
1783 2370 2162 2427 trecentesimo

565 2445 829 2515 vigesimo
873 2454 1066 2499 octavo
1093 2443 1278 2498 indict.
1309 2443 1368 2515 ll
1391 2442 1505 2515 Adie
1531 2443 1689 2498 tertio
1717 2444 1926 2515 decimo
1959 2443 2162 2515 mensis

564 2513 710 2570 Maii.
744 2514 1096 2570 Presentibus
1134 2530 1257 2569 ven.
1301 2513 1435 2567 viris
1471 2515 1702 2568 dominis
1737 2514 1907 2570 fratre
1951 2513 2161 2569 Joanne

563 2587 761 2640 abbate
789 2586 1099 2640 monasterii
1125 2585 1468 2649 Rosacensis,
1505 2593 1560 2639 et
1592 2585 1752 2640 Petro
1776 2587 1923 2640 Mora
1948 2595 2162 2640 rectore

562 2657 807 2712 ecclesiae
838 2659 970 2712 de...
999 2656 1411 2710 Mediolauensis
1439 2656 1739 2710 diocesis...
1782 2657 2043 2710 Berosino
2071 2671 2163 2709 ca-

564 2729 761 2798 nonico
790 2727 1150 2797 Aquilejcnsis
1169 2726 1542 2798 ,7Eusebioide
1571 2728 1956 2798 Romagnano,
1990 2725 2163 2798 fratre

562 2797 844 2852 Bernardo
873 2800 1136 2852 monacho
1175 2797 1414 2867 Catevah
1454 2797 1732 2852 Mediolani
1756 2797 2034 2867 ’capellani
2067 2797 2163 2851 do-

561 2870 697 2923 mini
725 2868 1051 2938 patriarcha:
1081 2868 1328 2938 predicti,
1363 2866 1596 2921 Odorico
1623 2877 1677 2923 et
1709 2866 1999 2922 Francisco
2028 2867 2164 2922 Nas-

561 2940 691 2993 sutti
727 2937 965 2992 notariis
1011 2938 1078 2992 de
1122 2937 1314 3009 Uti_no,
1360 2939 1677 3007 presbytero
1707 2939 1887 2993 Tadeo
1930 2939 2164 3009 plebano

601 3009 735 3063 lebis
781 3010 846 3062 de
874 3009 1165 3071 Circhinis,
1197 3007 1489 3062 Francisco
1515 3011 1580 3064 de
1606 3009 1898 3073 Manzano,
1928 3007 1983 3065 et
2012 3007 2164 3064 Guil-

587 3079 728 3133 elmo
756 3079 1001 3146 magistri
1027 3078 1218 3133 Gualdi
1251 3081 1316 3133 de
1345 3078 1564 3136 civitate
1591 3081 1838 3146 testibus,
1867 3089 1922 3135 et
1946 3080 2064 3135 aliis
2093 3080 2163 3136 ad

561 3151 668 3204 hoc
690 3150 995 3220 specialiter
1019 3149 1224 3205 vocatis
1245 3159 1300 3203 et
1331 3152 1551 3220 rogatis.

2264 1954 2392 2000 strm
2416 1943 2720 2018 Aquilejen.
2748 1943 3297 2018 prmdictaadiligenti
3327 1953 3589 2012 tractatu,
3618 1948 3689 2002 de
3720 1948 3835 2018 ipso-

2264 2031 2386 2070 rum
2411 2015 2638 2070 consilio
2668 2024 2723 2070 et
2745 2031 2969 2070 assensu
2991 2015 3204 2085 plebem
3248 2031 3342 2070 seu
3374 2017 3663 2072 matricem
3689 2015 3830 2074 eccle-

2263 2086 2400 2141 siam
2415 2087 2588 2141 sancti
2612 2085 2851 2141 Odorlici
2873 2087 3030 2141 dictae
3066 2094 3226 2140 terra:
3253 2085 3401 2142 Utini
3427 2096 3630 2143 nostra:
3661 2088 3823 2146 diuace

2263 2157 2359 2230 sisi,
2384 2172 2503 2230 qua:
2533 2171 2676 2213 nunc
2695 2157 2796 2212 sub
2825 2159 2999 2230 beata:
3013 2155 3210 2230 Mariae
3226 2157 3490 2213 vocabulo
3513 2169 3834 2230 nuncupatur

2263 2228 2582 2299 vulgariter,
2614 2236 2670 2283 et
2693 2244 2814 2283 eam
2853 2228 2918 2282 de
2945 2235 3145 2299 caetero
3171 2227 3252 2282 sic
3276 2231 3578 2299 nuncupari
3613 2227 3825 2286 decerni-

2263 2314 2406 2371 mus,
2430 2298 2522 2352 ubi
2546 2299 2727 2371 divina
2757 2299 2931 2371 gratia
2955 2298 3166 2371 favente
3207 2297 3494 2371 multitudo
3521 2302 3765 2356 excrevit
3787 2301 3824 2356 li-

2265 2369 2484 2433 delium,
2513 2369 2851 2442 collegiatam
2875 2369 3148 2442 ordinaria
3166 2370 3489 2442 auctoritate
3511 2372 3768 2442 erigimus
3790 2379 3833 2427 et

2263 2449 2524 2513 perpetuo
2539 2440 2880 2513 collegiatam
2897 2455 3018 2513 esse
3050 2439 3390 2513 decernimus
3423 2459 3436 2494 :
3460 2439 3623 2513 eique
3651 2457 3833 2513 prapo-

2264 2509 2494 2565 situram
2543 2509 2785 2566 eccle'size
2835 2511 3008 2564 sancti
3041 2509 3272 2565 Odorlici
3299 2509 3457 2579 juxta
3506 2509 3831 2568 Tulaientum

2267 2581 2510 2651 ejusdem
2538 2592 2738 2636 nostrae
2766 2581 3020 2636 dioecesis
3045 2597 3141 2635 seu
3186 2581 3472 2636 ecclesiam
3519 2584 3695 2652 ipsam
3729 2597 3832 2638 cum

2263 2652 2518 2706 omnibus
2550 2651 2766 2722 juribus
2802 2661 2856 2706 et
2879 2653 3220 2723 pertinentiis
3245 2653 3358 2706 suis
3404 2664 3514 2707 tam
3545 2651 3732 2709 eadem
3756 2668 3834 2706 au-

2263 2723 2521 2796 ctoritate
2554 2723 2851 2796 ordinaria,
2884 2739 3056 2796 quam
3103 2723 3269 2777 etiam
3306 2724 3614 2796 apostolica
3667 2739 3834 2796 supra-

2265 2793 2407 2866 dicta
2431 2808 2538 2862 qua
2583 2793 2861 2864 fungimur
2881 2795 2933 2848 in
2961 2794 3063 2848 hac
3092 2802 3266 2866 parte,
3301 2793 3834 2866 incorporamus,'an-

2262 2863 2635 2936 nectimus,et
2660 2863 2897 2931 unimus,
2925 2875 3088 2933 atque
3116 2863 3184 2918 de
3206 2865 3325 2919 loco
3360 2863 3589 2921 ubi'sita
3634 2874 3731 2932 est,
3750 2879 3833 2936 pro

2265 2949 2331 2988 eo
2369 2935 2511 3004 quod
2536 2935 2611 2990 ibi
2636 2951 2740 2989 non
2771 2945 2856 2989 est
2881 2944 3016 2998 tuta,
3053 2936 3454 3002 transierimus,
3482 2945 3541 2993 et
3567 2937 3637 2992 de
3659 2935 3833 2994 cetéro

2265 3005 2591 3059 translatam
2643 3021 2930 3061 censemus
2972 3021 3194 3061 manere
3228 3025 3240 3060 :
3271 3015 3580 3063 statuentes
3607 3017 3664 3063 et
3707 3007 3831 3064 ordi«

2265 3084 2477 3139 nantes,
2495 3077 2638 3146 quod
2661 3077 2852 3130 eadem
2876 3077 3108 3132 ecclesia
3137 3085 3339 3133 sancta:
3364 3077 3550 3134 Mariae
3581 3078 3831 3136 Utinensis

2264 3146 2546 3229 collegiata
2593 3162 2694 3229 per
2713 3163 2831 3212 nos,
2861 3156 2924 3229 ut
2960 3148 3330 3229 prmmittitunr,
3355 3164 3514 3229 .cum
3542 3151 3830 3229 adjectier

636 3218 751 3292 Ego
792 3221 1123 3292 Gubertinus
1156 3218 1427 3292 quondam
1471 3221 1808 3277 Ressonandi
1851 3222 1917 3278 de
1950 3221 2159 3277 Novate
2187 3228 2236 3292 ο
2266 3218 2422 3272 dictae
2445 3219 2835 3292 prmpositurze,
2876 3226 2932 3274 et
2962 3218 3043 3292 iis
3061 3233 3181 3288 quae
3210 3218 3438 3292 inferius
3467 3218 3646 3275 eidem
3671 3219 3830 3288 adjici-

564 3262 980 3346 Mediolanensis
999 3262 1250 3346 dimcesis
1274 3291 1520 3360 publicus
1542 3293 1805 3362 imperiali
1835 3295 2160 3348 auctoritate

563 3363 806 3434 notarius
820 3370 874 3415 et
895 3363 1073 3416 scriba
1105 3363 1234 3434 dicti
1259 3362 1459 3434 domini
1479 3365 1801 3434 patriarcha:
1816 3365 2158 3434 privilegium

563 3432 888 3503 predictum,
906 3442 961 3504 ut
980 3433 1316 3504 premittitur
1333 3433 1384 3485 in
1400 3433 1542 3486 nulla
1559 3436 1640 3489 sui
1658 3443 1813 3504 parte
1825 3432 2157 3504 suspectum,

563 3501 668 3557 una
695 3520 818 3558 cum
842 3501 1028 3576 eodem
1051 3501 1273 3576 domino
1301 3505 1611 3576 patriarcha
1639 3501 1693 3559 et
1721 3501 1946 3560 testibus
1972 3521 2161 3576 supra-

563 3576 780 3644 scriptis
825 3575 964 3637 vidi,
995 3582 1049 3626 et
1096 3574 1382 3644 diligenter
1411 3575 1644 3644 inspexi,
1683 3591 1749 3630 ac
1792 3577 1858 3631 de
1907 3574 2160 3631 mandato

563 3645 731 3714 ipsius
765 3645 966 3716 domini
1004 3645 1328 3716 patriarchae
1369 3647 1708 3716 exemplavi,
1764 3647 2012 3701 innovavi
2041 3689 2055 3714 ,
2105 3655 2160 3700 et

563 3716 620 3769 in
652 3717 792 3790 hanc
827 3715 1099 3790 publicam
1134 3714 1365 3790 formam
1396 3714 1598 3790 redegi,
1628 3733 1822 3788 meque
1861 3735 1982 3773 cum
2017 3719 2160 3790 signi

563 3787 672 3842 mei
701 3785 1041 3856 impositione
1070 3786 1123 3838 in
1148 3786 1266 3856 ejus
1290 3785 1396 3841 line
1421 3785 1716 3859 subscripsi
1734 3785 1986 3860 rogatus.

838 4001 864 4030 α
896 3897 1897 4047 ΤΒΑΝΞΙΑΑΤῶΧέἔίᾹῖΡΟΞΙΤΗΒΕ

1125 4096 1314 4135 SANCTI
1354 4095 1602 4135 ODORLICI

719 4171 788 4226 In
825 4172 1097 4227 ecclesiam
1135 4179 1330 4224 sanctae
1358 4167 1548 4222 Maria:
1595 4168 1675 4224 Μ.
1718 4169 2004 4226 Utinensis.

636 4267 966 4322 Bertrandus
1011 4265 1106 4320 Dei
1150 4271 1205 4316 et
1243 4261 1724 4336 apostolicaaisedis
1758 4267 1933 4336 gratia
1961 4275 2162 4323 sanctae

568 4340 712 4422 sedis
733 4338 1093 4408 Aquilejensis
1119 4332 1454 4404 patriarcha.
1491 4332 1572 4388 Ad
1601 4332 1918 4407 perpetuam
1947 4339 2036 4393 rei'
2053 4353 2164 4394 me-

716 4426 823 4463 am.

572 4426 788 4536 Miiller
835 4479 969 4534 alias
999 4476 1388 4534 sollicitudines
1436 4484 1650 4532 nostras
1682 4477 1769 4531 illa
1820 4479 2161 4548 potissimum

566 4561 802 4608 mentem
834 4560 1073 4604 nostram
1099 4559 1372 4618 perurget,
1404 4554 1463 4599 ut
1493 4549 1546 4601 in
1581 4548 1825 4604 ecclesiis
1845 4552 2044 4605 nostris
2064 4567 2160 4605 no-

743 4621 1068 4677 ordinationi
1100 4601 1445 4691 commissis,
1478 4627 1539 4691 et
1585 4620 1638 4672 in
1685 4619 1817 4675 locis
1860 4621 2160 4691 insignibus
2190 4601 2238 4660 θ

567 4694 912 4756 constitutis,
943 4691 1118 4745 cultus
1157 4689 1400 4753 divinus,
1445 4689 1586 4743 sicut
1625 4692 1866 4745 excrevit
1908 4689 2153 4761 populus,

567 4773 850 4836 augeatur.
878 4764 1086 4816 Dudun
1106 4761 1371 4836 siquidem
1395 4761 1495 4836 pia:
1520 4761 1793 4836 memoria;
1818 4761 2159 4819 innocentius

566 4831 707 4908 papa
732 4844 957 4908 quartus
979 4832 1302 4908 patriarcha:
1324 4831 1626 4902 Aquilejen.
1651 4833 2032 4908 predecessori
2061 4851 2158 4888 no-

569 4905 704 4969 stro,
735 4905 952 4976 proprio
981 4905 1198 4976 nomine
1214 4918 1332 4976 _non
1361 4917 1640 4971 expresso,
1672 4905 1997 4972 apostolicas
2026 4922 2158 4960 con-

569 4972 969 5032 cessit'littei'as
992 4975 1044 5027 in
1071 4975 1172 5028 hac
1207 4972 1380 5026 forma
1413 4989 1425 5022 :

639 5046 985 5101 Innocentius
1013 5045 1297 5114 cpiscopus
1332 5057 1520 5114 servus
1551 5057 1828 5099 servorum
1854 5046 1967 5110 Dei,
1998 5061 2156 5102 vene-

568 5118 729 5172 rabili
750 5117 970 5170 fratri...
1002 5113 1898 5186 patriarchaakAquilejen.salutem
1940 5127 1994 5172 et
2023 5133 2154 5186 apo-

568 5187 815 5243 stolicam
851 5183 1631 5258 benedictionem.Cum,rsicut
1659 5185 1712 5258 in
1743 5196 1929 5246 nostra
1959 5183 2157 5258 propo-

568 5259 724 5313 suisti
753 5258 1034 5328 pnesentia
1056 5256 1618 5328 iconstitutus,_dilccti
1648 5256 1808 5311 filii...
1835 5256 2156 5328 prmpositus

568 5337 626 5384 et
643 5326 936 5401 capitulum
957 5327 1387 5401 ecclesizesancti
1406 5326 1640 5382 Odorlici
1652 5326 1936 5384 ecclesiam
1951 5326 2153 5401 ipsam,

567 5412 670 5468 pro
695 5397 759 5454 eo
786 5398 927 5469 quod
951 5399 1052 5452 sita
1080 5406 1163 5452 est
1203 5398 1257 5452 in
1290 5397 1407 5469 loco
1428 5413 1534 5452 non
1563 5407 1677 5454 tuto
1707 5401 1773 5454 ad
1803 5397 2053 5456 securum
2076 5403 2156 5457 lo-

570 5484 696 5526 cum
744 5468 990 5540 videlicet
1031 5478 1267 5540 castrum
1326 5468 1538 5524 Utinen.
1584 5470 1639 5523 in
1684 5472 2052 5540 spiritualibus
2100 5482 2156 5528 et

570 5539 960 5612 temporalibus
1011 5539 1108 5594 tibi
1157 5539 1316 5609 pleno
1343 5540 1468 5611 jure
1515 5539 1815 5597 subiectum
1859 5544 2153 5602 transferre

646 5717 672 5745 ει
717 5704 820 5758 An.
849 5701 1006 5757 1554.
1038 5701 1118 5757 Ex
1144 5701 1369 5757 archivo
1392 5701 1614 5772 capitul.
1655 5701 1805 5758 civit.
1838 5703 2009 5771 Utini,
2057 5707 2153 5764 cit.

572 5792 628 5848 ν’
653 5791 824 5902 ξιὲἒῆ
841 5774 1045 5914 (issit
1071 5845 1241 5912 vides,
1268 5844 1385 5902 haec
1404 5845 1578 5916 prima
1617 5848 1838 5918 capituli
1878 5847 2156 5910 Utinensis

2264 3303 2406 3351 mus,
2449 3288 2514 3342 de
2561 3303 2699 3343 novo
2729 3298 2934 3356 erecta,
2965 3289 3219 3359 deinceps
3246 3291 3490 3345 extincto
3516 3292 3728 3346 nomine
3751 3305 3831 3347 cu-

2264 3360 2458 3422 stodis,
2481 3358 2574 3434 qui
2600 3360 2761 3434 prius
2778 3359 3096 3434 eratmaj‘or
3119 3358 3419 3434 in’_ea,_per
3444 3363 3725 3434 decanum,
3748 3359 3829 3434 qui

2263 3437 2428 3511 caput
2455 3429 2526 3483 sit
2543 3430 2788 3511 capituli,
2819 3441 2874 3485 et
2894 3431 2961 3511 d_e
2988 3429 3417 3511 Obventionibus_
3436 3433 3694 3511 duplicem
3718 3429 3831 3501 por-

2265 3500 2488 3570 tionem,
2518 3500 2805 3570 recipiens,
2855 3502 3157 3556 animarum
3185 3517 3373 3557 curam
3404 3500 3623 3568 habeat,
3647 3500 3832 3556 decre-

2264 3577 2382 3625 tero
2405 3569 2756 3639 gubernetur,
2782 3573 2974 3627 eodem
2999 3573 3243 3638 custode,
3269 3572 3565 3629 Francisco
3615 3573 3825 3637 scilicet,

2263 3641 2442 3710 quoad
2483 3642 2682 3715 vixerit
2731 3643 2992 3715 canonico
3027 3650 3342 3715 remanente
3376 3645 3526 3715 :_ita
3575 3644 3710 3715 quod
3744 3657 3827 3697 suo

2263 3719 2507 3786 tempore
2539 3712 3002 3786 praebendam,et
3049 3714 3154 3786 alia
3185 3730 3304 3784 quae
3353 3713 3564 3769 solebat
3591 3712 3824 3786 recipere,

2263 3798 2386 3837 cum
2427 3783 2740 3853 duplicitate
2770 3785 3016 3855 recipiat.
3048 3785 3100 3839 ls
3132 3783 3310 3840 autem
3333 3786 3423 3854 qui
3465 3801 3609 3840 nunc
3662 3783 3826 3854 praefa-

2263 3861 2376 3926 tam
2405 3856 2816 3926 prchosituram
2849 3855 3020 3910 sancti
3050 3855 3285 3911 Odorlici
3319 3856 3475 3926 juxta
3504 3855 3825 3910 Tulmentum

2261 3924 2493 3990 obtinet,
2544 3924 2869 3982 Franciscus
2926 3926 3178 3982 videlicet
3225 3924 3366 3984 delia
3415 3926 3614 3992 Turre,
3647 3934 3826 3980 mutato

2263 3995 2482 4067 nomine
2499 3997 2781 4067 prmpositi
2803 3997 2872 4051 sit
2901 3995 3141 4067 praefatae
3165 3997 3408 4052 ecclesiae
3434 4007 3638 4053 sanctae
3672 3996 3825 4050 Maria:

2265 4064 2541 4139 Utinensis
2566 4064 2836 4139 decanus,
2859 4064 3154 4139 omnesque
3201 4068 3440 4138 praefata:
3488 4069 3828 4139 prchositura:

2263 4136 2510 4208 canonici
2535 4137 2645 4191 sint
2673 4138 2740 4192 de
2767 4147 2965 4192 ca:er
2987 4136 3226 4208 βιώτω.σὲ
3255 4136 3504 4194 ecclesize
3529 4136 3722 4195 sancta:
3736 4136 3826 4192 Ma—

2263 4205 2360 4279 rha
2381 4207 2630 4279 canonici
2656 4227 2668 4260 :
2694 4217 2750 4262 et
2776 4217 2886 4262 tam
2909 4205 3024 4279 ipse
3052 4209 3378 4265 Franciscus
3403 4211 3662 4274 decanus,
3689 4221 3825 4278 quam

2264 4277 2388 4349 ipsi
2414 4277 2572 4332 dieue
2615 4277 2987 4349 praepositurm
3030 4281 3278 4336 canonici
3321 4277 3735 4336 canonicatuum
3781 4283 3827 4332 et

2263 4347 2674 4433 praebendaruni
2698 4347 2917 4433 suarum
2941 4350 3193 4433 (fructus)
3213 4351 3616 4433 quosobtinent
3644 4352 3694 4405 in
3712 4363 3827 4433 prm-

2262 4419 2504 4492 positura
2530 4418 2756 4492 praefata
2784 4418 3022 4490 quandiu
3064 4418 3429 4492 ipsi’vixerint
3449 4437 3574 4476 cum
3605 4436 3667 4476 ea
3710 4418 3825 4474 inte-

2263 4490 2458 4562 gritate
2497 4491 3000 4562 percipiant,rcum
3047 4490 3152 4562 qua
3200 4494 3464 4548 hactenus
3493 4495 3826 4562 perceperunt

2262 4575 2387 4631 cum
2429 4561 2728 4617 honoribus
2758 4571 2814 4617 et
2835 4561 3306 4631 iurisdictionibus
3332 4561 3525 4618 solitis.
3551 4563 3643 4618 Eis
3656 4561 3824 4615 autem

2263 4630 2576 4686 cedentibus
2595 4631 2682 4686 vel
2709 4630 3098 4688 decedentibus
3122 4644 3233 4687 tam
3263 4635 3392 4689 dicti
3409 4633 3683 4688 Francisci
3707 4643 3826 4702 pm:

2261 4701 2440 4771 positi,
2465 4717 2628 4769 quam
2655 4703 2972 4758 earumdem
2997 4705 3383 4759 canonicorum
3412 4696 3724 4759 cedentium
3755 4696 3826 4754 vel

2262 4773 2636 4826 decedentium
2680 4773 2984 4842 praebendas
3033 4775 3086 4828 in
3140 4776 3342 4830 dictam
3390 4774 3679 4831 ecclesiam
3725 4771 3826 4828 Uti-

2262 4857 2485 4916 nensem
2513 4843 2855 4916 collegiatam
2895 4845 3237 4916 perveniant,
3262 4855 3319 4901 et
3343 4861 3532 4900 eorum
3573 4856 3827 4916 successe-

2261 4913 2414 4988 ribus
2455 4912 2821 4988 assignentur,
2852 4912 3032 4988 _prius
3077 4925 3257 4972 tamen
3301 4918 3506 4972 eisdem
3549 4912 3829 4988 praebendis

2259 4984 2560 5069 adaequatis
2570 4999 2708 5069 lcum
2737 4984 3063 5069 praebendis,
3088 5003 3208 5069 quae
3238 4984 3586 5069 erantantea
3633 4988 3683 5041 in
3704 4985 3828 5069 dicta

2257 5053 2487 5128 ecclesia
2515 5053 2781 5128 iitinensi.
2809 5056 2894 5128 Ad
2932 5058 3068 5123 haec,
3098 5053 3224 5128 quia
3253 5057 3511 5113 deﬁciunt
3565 5060 3631 5128 in,
3659 5055 3828 5112 eadem

2257 5125 2486 5198 ecclesia
2516 5125 2762 5184 Utinensi
2808 5126 2985 5183 ollicia
3017 5125 3347 5193 necessaria,
3381 5131 3502 5184 sine
3527 5127 3717 5198 quibus
3730 5136 3829 5198 nec

2258 5196 2557 5271 honorifice
2586 5214 2685 5253 nec
2715 5214 2952 5271 congrue
2977 5209 3122 5254 stare
3151 5209 3350 5271 potest,
3383 5193 3636 5271 sacristia
3661 5193 3832 5253 videli-

2259 5276 2367 5332 cet,
2398 5275 2455 5344 e_t
2487 5269 2653 5344 etiam
2679 5270 2989 5344 cau_toria___:
3032 5285 3132 5325 nos
3154 5269 3428 5344 pensatis
3457 5269 3707 5344 omnibus
3726 5277 3830 5344 (ῐιιε

2259 5339 2582 5416 attendenda
2608 5350 2746 5416 sunt
2781 5341 2833 5394 in
2863 5340 3060 5416 talibus
3080 5382 3094 5406 ,
3124 5339 3187 5416 ei
3219 5341 3582 5416 e_xquisitione
3610 5339 3833 5416 diligenti

2257 5408 2592 5479 praehabita,
2644 5411 2859 5479 plebem
2906 5413 3019 5466 sive
3063 5408 3352 5468 ecclesiam
3401 5414 3577 5468 sancti
3627 5408 3835 5479 Joannis

2257 5473 2600 5553 evangelista;
2629 5473 2695 5537 de
2735 5481 2971 5537 Variano
3007 5483 3251 5553 ejusdem
3280 5490 3481 5538 nostra:
3511 5478 3757 5553 dicecesis
3775 5473 3835 5529 ad

2267 5551 2665 5608 ordinationem
2695 5561 2937 5608 nostram
2965 5551 3212 5610 similiter
3255 5561 3622 5626 spectantem,
3652 5552 3706 5607 in
3740 5557 3834 5618 qui

2265 5709 2557 5779 institutio,
2593 5720 2653 5766 ut
2701 5711 2944 5769 nonnulli
2988 5711 3130 5770 male
3176 5711 3355 5770 feriati
3386 5711 3640 5769 arbitrati
3684 5711 3834 5770 sunt.

2260 5782 2678 5911 ἒξὲιέῖἒῖειηιίο
2700 5784 3074 5858 praepositum
3099 5784 3158 5842 in
3177 5784 3499 5857 capitulum,
3529 5781 3673 5858 quod
3688 5787 3835 5839 ante!
