4026 6364
579 388 686 444 663
1609 385 1702 441 AD
1737 382 1968 443 OPERA
2003 385 2065 444 Β.
2106 387 2380 446 PAULlNl
2415 389 2863 449 APPENDICES.
3763 402 3850 462 664

649 501 978 574 Przepositus
1007 499 1180 574 sancti
1204 498 1461 572 Stephani
1486 497 1788 570 Aqtrilejen.
2194 507 2248 566 Α
2343 504 2496 562 Pera.

647 573 975 644 Capitulum.
1209 641 1250 644 ῳ
1287 642 1317 644 μ
1364 643 1371 644 ί
1435 641 1445 644 _
1540 639 1549 644 Δ
2347 576 2727 635 Cavoriacum.

648 639 977 727 graepositus
1006 643 1180 699 sancti
1207 641 1408 698 Felicis
1431 641 1486 697 in
1523 639 1790 712 Aquileia.
2345 648 2654 727 hiorutium.

646 714 975 785 Capitulum.
1203 783 1224 785 VA
1335 784 1338 785 ν
1397 783 1406 785 A
1485 783 1508 785 ι
2343 717 2632 776 Cerneum.

644 783 976 868 Eriepositus
1003 785 1174 842 sancti
1200 783 1348 840 Petri
1377 783 1444 839 de
1470 783 1701 840 Carnea.
2341 790 2597 868 geacum.

645 856 976 928 Capitulum.

641 927 838 1009 Abbas
855 926 1243 1009 Sumagnensis
1259 942 1429 1009 unam
1450 942 1687 1009 cuppam
1714 941 1839 982 cum
1866 925 2023 998 pede.

642 997 932 1054 Abbatissa
981 998 1296 1053 monasterii
1325 997 1686 1068 Aquilejensis
1726 997 1958 1068 cuppam
2008 1013 2169 1053 unam

575 1071 939 1196 “ﬁumina
967 1139 1218 1197 Civitatis
1262 1140 1498 1197 Austris:
1558 1156 1727 1196 unum
1775 1141 2008 1213 cyphum
2046 1155 2167 1197 cum

573 1213 732 1283 pede.

661 1356 663 1358 .
1012 1300 1425 1358 Communitates
1452 1301 1732 1373 Forijulii.

643 1392 891 1463 Aquileja
913 1410 1007 1450 sex
1037 1396 1262 1450 taccias.

646 1463 868 1520 Utinum
900 1466 1032 1539 duas
1059 1482 1262 1537 cuppas
1291 1481 1458 1521 unam
1481 1480 1750 1537 magnam,
1778 1474 1833 1520 et
1847 1479 2012 1520 unam
2044 1479 2174 1539 par-

571 1549 696 1590 vam
731 1551 856 1590 cum
884 1537 1130 1592 pedibus.

644 1604 848 1679 Civitas
876 1604 1112 1663 Austrize
1142 1609 1276 1662 duas
1300 1607 1504 1663 taccias
1536 1623 1763 1679 magnas
1793 1608 1909 1663 sine
1937 1608 2095 1678 pede.

643 1675 904 1735 Glemona
934 1679 1173 1750 quinque
1204 1679 1376 1734 torcia
1401 1695 1526 1734 cum
1555 1675 1795 1734 Ma'rchis
1822 1675 2171 1734 denariorum

573 1763 678 1804 XII.

643 1819 922 1877 Maranum
947 1821 1082 1875 duos
1101 1835 1293 1875 cereos
1325 1836 1448 1875 cum
1471 1821 1729 1877 denariis.

643 1890 939 1946 Monsfaleo
971 1893 1106 1946 duos
1131 1907 1319 1946 cereos
1343 1907 1466 1947 cum
1489 1892 1750 1948 denariis.

647 1961 884 2016 Sanctus
914 1963 1068 2017 Vitus
1097 1978 1264 2016 unum
1294 1977 1511 2018 cereum
1535 1980 1660 2020 cum
1685 1962 1947 2018 denariis.

647 2031 907 2156 gaeIillum
933 2050 1098 2087 unum
1120 2049 1338 2088 cereum
1367 2048 1491 2089 cum
1518 2035 1777 2090 denariis.

702 2119 733 2156 8
775 2120 898 2156 una.

702 2105 898 2159 eduna.

648 2174 959 2230 Tumetium
987 2189 1113 2230 cum
1138 2175 1349 2232 Cornea
1373 2191 1596 2232 cereum
1644 2192 1815 2232 unum
1853 2192 1981 2233 cum
2007 2177 2172 2232 dena-

574 2261 693 2301 l'llS.

644 2315 905 2371 Contrata
935 2317 1190 2374 Cadubrii
1218 2318 1443 2374 ducatos
1470 2318 1539 2374 60
1569 2320 1623 2373 in
1653 2335 1761 2373 una
1789 2319 1974 2374 bursa.

644 2387 970 2463 Yenzonum
991 2404 1158 2443 unum
1181 2387 1426 2460 Cyphum
1469 2391 1536 2445 de
1563 2388 1815 2445 Cristallo
1856 2405 1983 2445 cum
2010 2391 2166 2463 pede,

571 2466 631 2513 et
653 2457 886 2514 ﬂorenos
905 2460 994 2514 26.

644 2530 843 2586 Portus
871 2530 1138 2587 Gruarius
1166 2547 1332 2587 unam
1356 2546 1588 2602 cuppam
1617 2547 1740 2586 cum
1767 2532 1924 2602 pede.

970 2625 1062 2679 Illi
1088 2625 1153 2680 de
1177 2627 1546 2682 marchionatu
1579 2626 1777 2682 Inrita.

642 2715 824 2840 lgiuglla
849 2731 1040 2773 cereos
1066 2717 1202 2774 duos
1225 2732 1353 2774 cum
1376 2717 1637 2775 denariis.

692 2804 759 2840 ηεξ
784 2805 849 2840 IS.

692 2789 849 2841 uelis.

644 2804 849 2858 nugus.

643 2855 904 2912 Portulis.

645 2927 706 2982 Pi
715 2936 995 2983 nventum.

646 2998 910 3054 Roceum.

648 3069 919 3124 Colinum.

649 3140 766 3196 Duo
791 3140 1004 3197 Castra.

646 3209 875 3267 Albona.

648 3281 908 3338 Flavona.

962 3376 1174 3432 Nobiles
1206 3379 1271 3434 de
1299 3378 1488 3434 Patria
1518 3379 1793 3452 Forijulii.

645 3461 829 3519 Prata.
863 3465 926 3519 D.
959 3465 1268 3524 Manfredus
1319 3486 1481 3525 unam
1529 3473 1780 3529 tacciam.
1834 3474 1944 3532 Alii
1973 3477 2174 3533 domini

575 3547 738 3612 unam
769 3552 1020 3612 magnam
1048 3555 1278 3612 cuppam
1319 3558 1444 3597 cum
1475 3545 1629 3612 pede.

648 3603 904 3663 Porcileie
926 3603 1170 3665 torcium
1190 3628 1356 3666 unum
1386 3603 1511 3668 cum
1542 3615 1798 3670 denariis.

647 3674 993 3759 Pulcenicum
1023 3682 1225 3737 torcios
1255 3691 1488 3754 quatuor
1532 3684 1680 3758 [Αι.,
1729 3687 1882 3762 tres]
1921 3704 2044 3744 cum
2083 3691 2176 3746 de-

579 3760 866 3874 na{'lillslalta
913 3819 977 3874 D.
1012 3820 1322 3880 Mainardus
1369 3827 1436 3883 de
1479 3827 1694 3884 Villalta
1723 3831 1953 3886 torcium
2005 3848 2173 3887 unum

574 3901 703 3942 cum
737 3891 994 3946 denariis.

649 3957 940 4041 Castellum
969 3979 1126 4041 unam
1154 3981 1384 4041 cuppam
1417 3984 1667 4041 magnam
1695 3971 1812 4028 sine
1836 3973 1992 4041 pede.

652 4028 1020 4100 Strasoldum,
1068 4028 1311 4094 haeredés
1354 4038 1416 4092 D.
1472 4028 1689 4096 llenrici
1739 4028 1970 4098 torcium
2005 4059 2173 4099 unum

578 4115 702 4226 (sum
730 4103 986 4186 denariis.
1018 4104 1234 4164 Gabriel
1259 4117 1315 4163 et
1342 4108 1656 4166 Bernartius
1686 4128 1876 4169 cereos
1907 4124 2018 4170 tres
2046 4131 2173 4171 cum

618 4185 840 4226 enarns.

618 4185 840 4229 enarns.

652 4241 1096 4324 Spegimhergum
1123 4263 1288 4304 unam
1310 4265 1556 4324 cuppam
1577 4267 1701 4306 cum
1728 4255 1884 4324 pede.

651 4314 914 4370 Avianum
938 4314 1154 4373 cereum
1183 4336 1349 4373 unum
1379 4314 1504 4374 cum
1525 4314 1776 4381 denariis.

649 4384 969 4442 Maniacum.

650 4454 726 4540 La
747 4457 992 4514 Frattina
1016 4460 1248 4515 torcium
1268 4459 1374 4534 [AL
1392 4502 1408 4528 ,
1449 4465 1690 4538 cereum]
1718 4482 1888 4524 unum
1916 4484 2040 4526 cum
2077 4469 2172 4528 de-

576 4540 766 4584 narns.

652 4597 1012 4657 Salvarolum.

647 4669 997 4749 haurenzaga
1027 4672 1159 4746 [Al.,
1182 4674 1580 4749 Laurenzona].

652 4740 1033 4814 Shrojavacca.

649 4813 1014 4896 Yalvasonum
1033 4857 1048 4882 ,
1088 4815 1150 4871 D.
1193 4815 1380 4874 Simon
1417 4833 1581 4873 unam
1605 4834 1835 4892 cuppam
1864 4823 1981 4879 sine
2008 4826 2164 4896 pede.

648 4883 947 4939 Azzanum.

649 4954 931 5010 Varmum.

649 5024 914 5096 Ioppum.

649 5095 963 5151 Fricanum.

649 5164 1000 5294 Coléoretum,
1034 5169 1098 5222 D.
1131 5169 1321 5227 Simon
1347 5172 1415 5228 de
1440 5172 1708 5232 Colloreto
1734 5193 1953 5234 cereum
1998 5196 2167 5237 unum

652 5253 703 5290 m
778 5253 1000 5294 enarns.

579 5249 703 5292 cum
743 5249 1000 5295 denariis.

649 5306 714 5432 13!.
739 5306 991 5433 lJoannes
1015 5325 1234 5368 cereum
1262 5331 1429 5370 unum
1450 5332 1574 5372 cum
1603 5317 1844 5376 denariis

707 5394 738 5433 e
759 5394 806 5433 s.

616 5433 620 5440 ,
651 5394 806 5436 M818.

580 5534 872 5663 soaaﬂunc
897 5545 953 5594 et
979 5542 1374 5610 praecedentem
1409 5559 1516 5600 non
1571 5546 1735 5602 habet
1759 5549 1948 5606 charta
1975 5552 2166 5609 Valva-

645 5624 677 5662 n
720 5648 735 5662 .

645 5624 735 5662 na.

653 5680 686 5768 Ib
712 5679 1007 5768 An..l‘367.
1032 5682 1240 5768 Charta
1267 5694 1352 5741 est
1379 5688 1520 5759 apud
1548 5688 1612 5742 D.
1657 5689 1967 5762 Agricolam
2011 5695 2168 5768 Agri-

578 5749 775 5824 colam.
808 5751 900 5807 cit.
937 5770 990 5824 p.
1025 5754 1145 5810 176.

655 5839 676 5903 τ
714 5821 960 5905 Urbanus
986 5825 1261 5905 pontifex,
1285 5829 1420 5905 Δ(μή⁸
1437 5829 1534 5905 dat
1570 5834 1889 5905 rescriptum
1937 5836 2167 5905 Quintus

655 5845 676 5903 ς
716 5845 960 5879 υινυξιηυε
986 5845 1261 5912 ροῃιηθχθ
1281 5845 1392 5955 £511
1437 5845 1530 5885 aat
1570 5845 1889 5904 rescriptum
1937 5845 2165 5905 Quintus

579 5892 741 5962 hUJllS
769 5902 850 5950 est
875 5911 1127 5966 nominis,
1156 5915 1248 5969 qui
1385 5899 1636 5960 Octobris
1670 5906 1798 5963 anni
1829 5907 1966 5964 1562
1991 5909 2046 5963 in
2070 5926 2165 5981 pa-

2196 3247 2247 3312 C

2341 862 2673 936 Ijrazaccum
2695 866 2946 936 superius
2979 874 3035 921 et
3059 865 3304 923 inferius.

2343 933 2586 990 Fontana
2607 933 2988 992 bona'cereum
3011 953 3177 992 unum
3200 955 3324 993 cum
3355 939 3615 998 denariis.

2342 1005 2588 1078 lfaganea
2617 1023 2835 1064 cereum
2869 1024 3035 1064 unum
3061 1025 3186 1076 cum
3216 1009 3472 1066 denariis.

2346 1075 2576 1133 Sanctus
2601 1078 2790 1135 Daniel
2810 1094 3029 1135 cereum
3058 1096 3224 1135 unum
3251 1096 3375 1136 cum
3405 1083 3663 1140 denariis.

2345 1147 2722 1204 Tricesimum.

2344 1219 2732 1292 Prampergum
2761 1236 2980 1277 cereum
3001 1236 3168 1277 unum
3197 1237 3320 1278 cum
3345 1223 3608 1281 denariis.

2345 1289 2764 1363 Partistagnum.

2342 1360 2610 1433 Attempsi

2342 1432 2612 1559 lEuganea,
2645 1433 2709 1488 D.
2735 1432 3001 1490 Odoricus
3033 1450 3200 1491 unam
3225 1450 3456 1507 cuppam
3495 1438 3614 1496 sine
3635 1440 3778 1511 pede.

2391 1521 2421 1558 u
2463 1521 2623 1559 rium.

2391 1521 2623 1560 uarium.

2345 1574 2682 1640 Manzanum,
2710 1575 3046 1634 Guarnerius
3072 1585 3129 1635 et
3163 1577 3422 1637 Pantaleo
3448 1595 3673 1638 cereum
3695 1598 3835 1640 unum

2272 1659 2397 1701 cum
2419 1647 2675 1703 denariis.
3557 1665 3568 1678 '

2346 1717 2668 1788 Yendojum.

2342 1787 2619 1859 Bagonea.

2197 1877 2247 1937 Β
2347 1858 2605 1941 ζορροιθ.

2345 1927 2566 2002 Canipa,
2599 1931 2972 1991 Communitas
2994 1947 3183 1990 cereos
3206 1935 3344 1990 duos
3378 1949 3507 1991 cum
3534 1934 3780 1992 denariis.

2720 2003 2826 2060 Alii
2860 2005 3062 2076 domini
3091 2015 3138 2059 et
3161 2022 3422 2076 personas.

2343 2071 2408 2149 l_).
2450 2073 2775 2132 Franciseus
2808 2077 2875 2131 de
2911 2071 3265 2148 Savorgnano
3291 2093 3456 2134 unam
3483 2092 3714 2149 cuppam
3737 2092 3838 2135 cum

2270 2144 2408 2218 pede
2427 2155 2760 2218 coopertam.

2343 2216 2406 2269 D.
2428 2215 2686 2290 Paganus
2717 2219 2782 2274 de
2808 2215 3162 2290 Savorgnano
3181 2234 3345 2275 unam
3373 2220 3704 2277 credentiam
3737 2235 3836 2277 cum

2271 2285 2469 2360 linguis
2495 2285 2842 2360 serpentinis,

2394 2357 2721 2416 .Federicus
2766 2361 2834 2416 de
2875 2357 3229 2432 Savorgnano
3271 2376 3440 2417 unam
3491 2376 3723 2434 cuppam
3751 2361 3843 2417 sine

2271 2428 2409 2498 pede
2441 2439 2774 2501 coopertam.

2342 2499 2610 2584 Plebanus
2662 2501 2835 2557 sancti
2870 2499 3113 2558 Danielis
3158 2517 3376 2559 cereum
3419 2519 3589 2560 unum
3617 2519 3744 2559 cum
3768 2503 3842 2560 de-

2273 2587 2466 2627 narns.

2311 2641 2502 2768 lPrior
2525 2643 2699 2699 sancti
2737 2641 2961 2700 Antonii
3011 2644 3079 2702 de
3123 2644 3368 2702 Venetiis
3410 2661 3577 2721 unam
3603 2646 3839 2720 platinam

2331 2730 2510 2768 anam.

2331 2730 2510 2769 anam.

2311 2729 2326 2768 ι
2363 2730 2510 2768 nam.

2271 2729 2308 2786 Ρ
2331 2730 2406 2871 ἷὶο
2434 2784 2688 2871 Eros"?
2716 2786 2787 2871 de.
2808 2786 2862 2871 ξιξ
2883 2785 3077 2871 Terre.
3091 2802 3277 2871 υηιξπλ
3291 2804 3550 2871 regnum
3575 2803 3783 2862 θίιιιιιω·

2342 2854 2744 2941 gnificolusius
2758 2856 2904 2941 .,
2926 2857 3206 2941 ﬁicolaus]
3237 2854 3432 2941 Orbiti.

2341 2926 2465 2982 Filii
2491 2927 2555 2980 D.
2583 2926 2794 2984 Joanoli
2829 2930 2897 2984 de
2925 2928 3126 2984 Lisono
3154 2926 3289 2986 ditas
3317 2931 3542 2986 taccias.

2342 2997 2406 3052 D.
2436 2995 2674 3056 Joannes
2703 3001 2769 3072 de
2799 2999 3105 3056 Monticulis
3146 3017 3309 3058 unam
3335 3016 3568 3072 cuppam
3615 3000 3678 3056 de
3725 3012 3839 3056 nam

2271 3082 2396 3125 cum
2431 3078 2654 3138 argento
2687 3071 2968 3126 deaurato.

2343 3139 2407 3266 id).
2448 3140 2788 3198 Phebusinus
2837 3143 2905 3197 de
2950 3143 3002 3198 la
3039 3142 3214 3198 Turre
3250 3157 3416 3199 unam
3466 3158 3696 3216 cuppam
3734 3156 3838 3198 cum

2379 3226 2427 3265 e.

2311 3225 2407 3266 eae
2415 3251 2427 3264 .

2271 3223 2613 3355 peaAentonius
2639 3283 2705 3338 de
2732 3283 2963 3355 Turrate
2989 3283 3310 3355 Caniparius
3333 3301 3503 3340 unum
3546 3284 3778 3341 calicem.

2346 3351 2468 3430 Filii
2496 3352 2745 3408 Castroni
2769 3356 2833 3430 de
2861 3355 3040 3411 Burlis
3071 3351 3204 3428 [Ᾰιη
3230 3357 3297 3412 de
3320 3356 3533 3430 Bathis]
3556 3371 3712 3412 unam
3731 3369 3840 3411 con-

2277 3422 2510 3494 ﬁteriam
2548 3441 2669 3480 cum
2697 3425 2856 3494 pede.

2345 3493 2614 3550 Plebanus
2646 3493 2929 3552 Tricesimi
2957 3514 3123 3552 unum
3146 3513 3362 3554 cereum
3387 3514 3512 3554 cum
3536 3496 3776 3554 denariis.

2345 3563 2483 3620 Nota
2514 3565 2657 3640 quod
2707 3566 2848 3621 ultra
2901 3570 3194 3640 praemissa
3227 3571 3336 3625 dati
3387 3578 3512 3624 sunt
3563 3577 3672 3625 tres
3715 3565 3838 3640 anuli

2274 3638 2645 3710 omnesauri,
2691 3637 2937 3710 quorum
2996 3656 3135 3695 unus
3171 3637 3256 3696 ést
3307 3640 3528 3696 fulcitus
3576 3638 3840 3710 margarita

2321 3705 2432 3788 Al...
2474 3705 2778 3778 Margaritis
2825 3708 3118 3783 fulcitus],
3164 3720 3220 3767 et
3265 3711 3550 3784 ignoratur
3601 3705 3717 3782 quis
3764 3709 3840 3764 de-

2313 3787 2438 3833 erit.

2345 3848 2481 3934 Item
2519 3857 2646 3932 sunt
2683 3850 2805 3934 dua:
2843 3866 3031 3934 cuppae
3083 3853 3259 3934 planae
3311 3868 3455 3934 cum“
3485 3854 3623 3924 pede
3663 3850 3836 3934 plano.

2275 3926 2331 4043 3t
2345 3920 2486 4043 dalis:
2521 3922 2844 3992 sine‘pede,
2885 3920 3259 3996 et—ignoratur
3294 3920 3545 3980 similiter
3597 3920 3715 3995 quis
3755 3935 3835 3976 eas

2311 4005 2342 4043 e
2379 4006 2460 4043 eri
2491 4031 2504 4043 .

2311 3993 2504 4045 ederit.

2346 4061 2479 4116 Item
2510 4071 2593 4118 est
2616 4081 2777 4120 unam
2811 4081 2986 4136 cuppa
3029 4066 3096 4122 de
3142 4066 3356 4123 Masevo
3388 4065 3498 4139 [ΑΙ.
3524 4065 3593 4123 de
3617 4057 3838 4136 Muxeco]

2275 4142 2470 4206 ornata
2493 4146 2719 4206 argento
2745 4146 3021 4206 cooperta.

2348 4202 2596 4285 Rotesta's
2623 4202 3132 4285 A“qui|ejé_cereum
3156 4224 3321 4262 unum
3350 4224 3476 4264 cum
3523 4223 3704 4264 marca
3729 4219 3837 4285 una.

2349 4274 2499 4330 Uxor
2538 4275 2602 4329 D.
2647 4274 2940 4334 Potestatis
2961 4295 3182 4335 cereum
3213 4295 3381 4334 unum
3421 4295 3545 4335 cum
3575 4293 3748 4336 marca
3771 4274 3840 4334 di-

2273 4345 2438 4423 midia
2465 4345 2599 4418 [Al.,
2621 4348 2964 4423 inarca‘lﬁ].
3305 4421 3307 4423 ι

2345 4415 2590 4473 Potestas
2620 4419 2826 4475 Marani
2863 4415 2889 4461 ἆ
2922 4415 3139 4477 cereum
3169 4421 3336 4477 unum
3373 4437 3498 4478 cum
3532 4419 3775 4478 denariis.

2345 4484 2613 4544 Plebanus
2640 4491 2844 4546 Versiae
2869 4507 3088 4546 cereum
3117 4508 3285 4548 unum
3307 4509 3431 4549 cum
3462 4493 3714 4548 denariis.

2348 4555 2412 4610 D.
2455 4557 2782 4618 Castellinus
2814 4562 2881 4618 de
2909 4563 2960 4618 la
2990 4562 3162 4619 Turre
3189 4578 3407 4620 cereum
3431 4580 3603 4618 unum
3624 4579 3738 4620 cum
3761 4561 3837 4616 de-

2195 4617 2253 4681 D
2276 4628 2466 4683 nariis.

2347 4697 2724 4774 Suprascripta
2749 4705 2932 4760 omnia
2970 4715 3222 4762 constant
3258 4721 3421 4761 manu
3462 4722 3510 4761 s.
3543 4703 3754 4763 Joannis
3780 4702 3838 4758 de

2274 4767 2539 4848 Susannis
2552 4767 2891 4848 quondams.
2917 4775 3138 4832 Odorici
3163 4777 3371 4833 Notarii
3394 4778 3662 4848 quondam
3683 4793 3724 4832 s.
3743 4774 3836 4848 An-

2272 4840 2417 4921 dreae
2461 4840 2718 4921 de_Utino
2734 4846 2878 4921 15ρΘ
2895 4864 2930 4921 ;Α
2953 4849 3135 4921 omnia
3167 4859 3347 4904 tamen
3375 4840 3432 4904 ixi
3457 4849 3602 4906 lilzia
3628 4846 3836 4921 quadam

2272 4913 2707 4971 extraordinaria
2733 4916 2968 4974 Bellonis
3001 4920 3251 4984 senioris.

2343 5114 2371 5155 ι)
2401 5115 2659 5173 URBANI
2695 5119 2739 5176 ν
2771 5131 2794 5160 ο
2826 5031 3307 5180 Ρὲἕθῐῖῗίῗίῖὶζ.
3349 5121 3778 5185 RESCRIPTUII

2532 5225 2601 5264 IlA
2609 5226 2852 5274 RQUABDO
2879 5230 3230 5273 PATRIARCHE
3260 5233 3596 5283 AQUILEJBNSI

2430 5302 2510 5356 De
2539 5302 2706 5358 abusa
2734 5304 2789 5359 in
2809 5305 3033 5376 judiciis
3061 5309 3290 5379 ferendis
3319 5311 3629 5382 corrigendo
3650 5310 3696 5365 ἀ.

2346 5391 2591 5449 Urbanus
2615 5395 2900 5468 episcopus
2927 5415 3116 5456 servus
3139 5415 3420 5458 servorum
3446 5403 3565 5459 Dei.
3597 5405 3725 5460 Ven.
3743 5400 3836 5456 fra-

2266 5564 2390 5620 pam
2421 5559 2748 5622 assumptus,
2780 5570 2922 5612 anno
2948 5557 3151 5615 Christi
3199 5562 3337 5618 1567
3381 5580 3583 5620 annum
3613 5565 3836 5622 quintum

2268 5621 2615 5692 pontiﬁcatus
2643 5625 2725 5680 sui
2755 5626 3004 5684 ducebat.
3036 5631 3316 5691 Avenione
3346 5635 3600 5693 discessit
3623 5621 3835 5692 homam

3585 5709 3836 5765 invisum

2334 5845 3199 5938 ‘3-.Si5=_i9,s°ripwm.reaeritnqs=
3242 5859 3410 5934 οορία
3450 5865 3688 5938 rescripti
3711 5856 3840 5938 Μ

2265 5917 2416 5973 habet
2437 5917 3010 5992 dominus—patriarcha
3035 5917 3331 5988 (vallatum:
3382 5917 3401 5918 Π
3722 5917 3738 5936 ’
3768 5917 3795 5946 7
3863 5990 3867 5999 ,
