4026 6364
596 425 697 485 671

734 652 762 683 ⁸
786 636 1151 701 CUIUSDAM
1176 540 2051 693 Ριὶξίξιξιζηὲίλωωυιιειηδιε

597 733 869 793 Institutio
890 732 949 788 in
973 729 1219 803 regimine
1242 725 1547 852 nbunasterii
1563 725 1731 781 sancti
1755 721 1999 780 Gottardi
2023 737 2182 793 prope

1336 812 1507 852 mum.

1336 812 1507 852 mum.

584 910 585 915 ‘
666 893 724 951 ln
744 894 945 952 Christi
971 891 1207 957 nomine,
1232 886 1580 946 amen.Anno
1601 902 1711 944 suae
1731 886 2040 942 Nativitatis
2060 885 2184 941 mil-

597 967 789 1023 lesimo
817 961 1348 1036 quadringentesimo
1378 960 1640 1036 vigesimc
1678 958 1860 1036 tertia,
1881 957 2183 1036 indictione

595 1053 728 1092 vero
758 1027 953 1106 prima,
984 1027 1077 1089 die'
1111 1041 1312 1106 octava
1333 1027 1547 1106 mensis
1591 1028 1945 1106 Septembris.
1985 1027 2181 1106 Actum

597 1107 654 1163 in
678 1099 905 1162 ecclesia
942 1099 1100 1159 'sacre
1129 1101 1558 1159 Camaldulensis
1598 1099 1800 1155 heremi
1836 1099 2182 1168 presentibus

598 1176 995 1232 venerabilibus
1040 1173 1311 1245 religiosis
1358 1171 1609 1245 dopmnis
1653 1168 1857 1245 Iacobo
1900 1169 2072 1245 sancti
2112 1169 2183 1245 de

598 1245 868 1302 Seravalle
903 1244 1125 1300 Aretine
1150 1238 1762 1314 'dyooesis,'camerario
1799 1241 1927 1314 dicti
1963 1238 2179 1314 Camal-

560 1317 707 1383 ..dul.
735 1317 969 1383 dupmno
1010 1309 1302 1370 Benedicto
1343 1312 1489 1369 Baldi
1522 1313 1590 1370 de
1619 1312 1758 1383 dicta
1798 1312 2017 1383 civitate
2044 1309 2180 1364 Are-

597 1387 677 1452 tii,
703 1397 759 1442 et
777 1382 1054 1442 Bernardo
1075 1385 1303 1440 condam
1331 1383 1580 1439 Damiani
1615 1382 1682 1437 de
1717 1382 1963 1437 Arimino
1992 1396 2180 1435 mona-

597 1458 675 1514 cis
701 1457 829 1512 dicti
863 1456 1072 1513 ordinis
1106 1455 1336 1512 testibus
1370 1454 1440 1511 ad
1478 1454 1581 1510 hec
1617 1453 1842 1519 vocatis,
1873 1452 2096 1518 habitis,
2124 1459 2181 1508 et

596 1528 820 1583 rogatis.

717 1614 782 1654 oc
828 1598 1103 1669 publicum
1144 1598 1559 1669 instrumentum
1602 1594 1924 1669 inspecturis
1969 1594 2181 1669 cunctis

1210 1668 1315 1723 uod
1354 1673 1582 1720 vacante
1630 1665 1959 1720 monasterio
2003 1664 2180 1720 sancti

670 1678 780 1724 teat
828 1667 1126 1734 evidenter,

1213 1739 1382 1792 tinum
1407 1735 1783 1806 Aquilegensis
1808 1735 2064 1806 dyocesis
2083 1750 2182 1805 per

645 1748 755 1794 otta
763 1741 844 1795 rdi
870 1741 935 1794 de
965 1754 1130 1809 prope

595 1805 1239 1891 prcmctiunem_dopmni
1281 1808 1425 1863 Luce
1461 1805 1828 1891 deAlemania
1850 1805 2181 1891 immediaie

564 1876 796 1943 prioris
833 1880 959 1935 dicti
1002 1876 1108 1935 loci
1146 1879 1213 1934 ad
1253 1879 1642 1933 monasterium
1680 1885 1867 1933 sancte
1905 1876 2073 1931 Marie
2113 1876 2181 1931 de

646 1951 819 2006 rbivio
849 1950 1103 2006 Paduane
1141 1950 1427 2021 dyocesis:
1460 1958 1515 2005 et
1541 1950 1902 2019 gubernatore
1939 1947 2099 2021 soliio
2123 1955 2181 2021 ct

598 2021 1059 2097 debitodestituto
1081 2021 1146 2074 ad
1169 2016 1410 2097 presens;
1435 2016 1566 2097 etcf:
1595 2027 1924 2097 congregata
1944 2016 2179 2097 capiiulo

597 2091 983 2147 beremitarum
1023 2089 1441 2156 sacre’predicte
1481 2090 1686 2145 heremi
1726 2090 1782 2144 in
1808 2089 2041 2144 ecclesia
2065 2089 2179 2156 jam

598 2161 741 2216 dicta
765 2163 834 2217 ad
857 2178 1046 2216 sonum
1074 2158 1271 2225 tabule,
1298 2169 1357 2216 ut
1384 2162 1547 2216 moris
1570 2169 1674 2226 est,
1700 2160 1790 2214 ubi
1818 2158 2180 2215 interfuerunt

597 2231 814 2301 dopmni
844 2242 899 2287 et
932 2232 1267 2287 venerabiles
1304 2232 1500 2287 fratres
1537 2230 1745 2301 Caspar
1769 2228 1938 2299 Major
1961 2231 2028 2285 de
2055 2228 2181 2301 Αιδ-

597 2299 797 2368 mania,
824 2301 1112 2358 Jerolimus
1141 2303 1386 2367 sacrista,
1411 2299 1686 2357 Johannes
1715 2303 1957 2356 reclusus
1985 2301 2051 2355 de
2078 2299 2182 2356 Bo—

597 2372 761 2428 nonia
787 2382 843 2427 et
868 2372 1117 2428 Placidus
1155 2373 1223 2429 de
1252 2372 1443 2428 Sotera
1482 2373 1692 2428 monaci
1736 2374 2000 2428 heremite
2046 2370 2178 2427 dicti

594 2440 720 2508 loci,
744 2444 836 2513 qui
869 2442 1072 2499 faciunt
1099 2443 1358 2513 majorem
1398 2453 1605 2513 partem
1639 2443 1767 2499 dicti
1804 2442 2025 2513 capituli
2051 2456 2182 2499 :‘re-

596 2512 1020 2585 yerendissimus
1050 2515 1105 2569 in
1138 2512 1355 2570 Christo
1382 2512 1534 2585 pater
1561 2524 1616 2570 ct
1654 2512 1902 2585 dominus
1931 2513 2182 2585 dominus

594 2582 917 2640 Benedictus
958 2601 1112 2655 sacre
1156 2600 1282 2655 sepe
1326 2582 1467 2641 dicte
1512 2586 1717 2641 heremi
1757 2583 2182 2640 Camaldulensis

594 2655 745 2723 prior
778 2665 832 2711 et
861 2656 1026 2711 totius
1051 2653 1289 2723 ejusdem
1318 2657 1523 2727 ordinis
1560 2656 1826 2727 generalis
1856 2655 2040 2727 habiio
2070 2669 2183 2709 ma-

595 2731 720 2779 turo
750 2727 977 2781 consilio
1003 2735 1057 2781 et
1077 2736 1287 2781 matura
1318 2723 1704 2782 deliberatione
1729 2742 1889 2795 super
1918 2723 2183 2780 reforma-

597 2795 745 2850 tione
773 2796 901 2852 dicti
945 2796 1047 2852 loci
1097 2798 1267 2852 sancti
1310 2796 1575 2861 Gottardi,
1614 2805 1669 2852 et
1711 2797 1900 2852 uolens
1930 2799 2074 2866 quod
2101 2795 2184 2849 di-

596 2874 744 2919 ctum
789 2867 1176 2921 monasterium
1217 2868 1391 2922 sancti
1427 2867 1670 2923 Gottardi
1713 2882 1779 2921 ex
1823 2868 2049 2922 rectoris
2082 2882 2180 2922 ca-

595 2934 773 3007 rentia
797 2937 1038 3005 patiatur
1065 2937 1117 2990 iu
1150 2937 1516 3007 Spiritualibus
1551 2939 1637 2994 vel
1675 2938 2061 3007 temporalibus
2089 2938 2182 2993 de-

596 3005 945 3064 trimentum:
979 3007 1047 3061 ad
1076 3005 1337 3063 honorem
1367 3007 1483 3072 Dei,
1509 3016 1561 3063 et
1585 3008 1744 3063 beate
1774 3005 1940 3065 Marie
1980 3007 2180 3063 Christi

595 3075 876 3199 genitricis
901 3078 1151 3148 gloriose,
1182 3079 1430 3148 beatique
1455 3077 1721 3144 Gottardi,
1751 3080 1806 3134 in
1833 3078 1987 3146 cujus
2022 3093 2181 3134 voca-

634 3146 724 3199 ulo
756 3145 958 3199 dictum
995 3150 1379 3199 monasterium
1407 3158 1489 3199 est
1525 3149 1824 3199 fundatum.
1860 3158 1916 3199 et
1948 3150 2179 3199 aliorum

634 3146 724 3200 nlo
756 3145 958 3202 dictum
995 3145 1379 3203 monasterium
1407 3158 1489 3204 est
1524 3149 1824 3216 fundatum,
1860 3158 1916 3204 et
1948 3150 2179 3205 aliorum

596 3225 928 3282 sanctorum,
959 3226 1014 3272 et
1061 3219 1225 3274 totius
1270 3219 1485 3275 celestis
1515 3222 1682 3287 curie,
1724 3230 1781 3276 et
1821 3223 1885 3276 ad
1927 3234 2178 3275 reveren-

1591 422 1683 478 AD
1716 418 1949 480 orsus
1988 419 2050 476 Β.
2090 386 2368 477 PAULINI
2403 413 2854 476 APPENDICES.

1888 533 1899 543 '
2207 540 2263 601 Α
2285 532 2342 590 in
2374 532 2647 589 redeundo
2684 539 2742 586 et
2783 527 2977 585 stando
3019 525 3272 601 recipiet,
3300 533 3358 601 et
3384 525 3646 601 tractabit
3676 543 3850 601 secun-

3759 416 3851 476 678

2285 605 2414 660 dum
2440 603 2722 660 scientiam
2748 614 2902 656 suam
2934 607 2992 655 et
3018 598 3121 655 sibi
3138 597 3418 654 commissi
3446 600 3761 655 monasterii
3784 600 3851 657 fa-

2284 676 2562 731 cultatem.
2600 671 2925 737 Consilium,
2967 670 3110 741 quod
3142 668 3306 743 fuerit
3338 667 3408 723 ab
3444 682 3537 743 eo__
3560 684 3661 740 per
3685 671 3850 743 dopm-

2284 762 2416 801 num
2438 746 2698 813 priorem,
2728 758 2822 799 seu
2848 756 2950 813 per
2976 739 3105 797 suos
3132 740 3350 798 nuntios
3379 739 3467 795 vel
3501 739 3719 813 litteras
3742 739 3851 797 suas

2283 831 2381 873 seu
2403 812 2645 884 alterius,
2678 812 2931 870 locum’et
2955 813 3104 884 vices
3125 826 3253 868 suas
3287 818 3532 884 tenentes
3550 812 3616 884 _in_
3650 813 3850 870 heremo

2280 888 2369 943 vel
2408 886 2598 942 ordine
2633 880 2883 942 Camald.
2906 883 3155 954 petitum,
3182 896 3373 938 sanum
3398 889 3467 954 et
3494 880 3656 954 fidele
3698 885 3772 939 eis
3806 892 3852 940 et

2282 959 2504 1013 cuilibet
2529 971 2714 1012 eorum
2739 952 3320 1027 juxta'discretionem
3346 952 3449 1027 sibi
3472 968 3523 1027 _a
3557 952 3672 1027 Deo
3713 956 3853 1011 tradi.

2282 1035 2393 1083 tam
2424 1028 2478 1084 in
2525 1022 2775 1083 omnibus
2817 1032 2873 1081 et
2909 1040 3007 1095 per
3047 1023 3228 1080 omnia
3271 1023 3533 1079 exibebit.
3563 1022 3849 1095 Secretum,

2282 1099 2427 1169 quod
2454 1098 2556 1154 sibi
2578 1113 2675 1169 per
2697 1096 2948 1152 eumdem
2971 1096 3262 1169 dopmnum
3289 1095 3530 1166 priorem
3555 1103 3612 1169 et
3652 1097 3851 1169 nuntios

2281 1165 2523 1238 ejusdem
2548 1165 2633 1224 vel
2656 1168 2867 1223 litteras
2888 1181 3016 1222 suas
3036 1181 3129 1238 scu
3157 1165 3528 1238 cujuscunque
3551 1166 3670 1221 sive
3696 1167 3749 1238 in
3773 1167 3851 1223 he-

2283 1235 2436 1295 τὸωο
2462 1255 2557 1295 seu
2584 1238 2711 1293 alibi
2741 1238 2797 1292 in
2823 1238 3015 1294 ordine
3053 1235 3549 1308 CamaldulenQaut
3569 1252 3673 1308 per
3694 1236 3850 1294 locum

2279 1325 2439 1366 suum
2466 1318 2749 1380 tenentem
2756 1308 3113 1380 commissum
3140 1307 3323 1380 fuerit,
3347 1306 3480 1380 nulli
3522 1306 3583 1362 in
3606 1308 3726 1380 ejus
3747 1324 3850 1379 per-

2279 1395 2419 1451 soue
2439 1381 2521 1437 vel
2549 1380 2663 1451 ejus
2689 1377 3106 1451 oﬂicii,status,
3144 1378 3492 1451 velihonoris
3521 1393 3619 1451 seu
3640 1377 3850 1437 heremi

2277 1450 2366 1532 vei
2394 1448 2591 1532 dumus
2621 1449 2939 1532 Camalduli,
2966 1457 3061 1504 aut
3084 1448 3295 1532 urdinis
3315 1448 3547 1532 predicti
3576 1449 3849 1532 dapmuuni

2281 1521 2366 1578 vel
2394 1518 2678 1592 iniuriam,
2707 1520 3007 1592 periculum
3033 1518 3120 1592 vel
3159 1518 3546 1592 detrimentum
3582 1518 3849 1592 aliquando

2279 1590 2500 1663 pandet.
2534 1591 2653 1647 Non
2682 1590 2789 1663 erit
2813 1591 2867 1645 in
2897 1590 3122 1663 consilio
3142 1590 3511 1663 velitractatu,
3534 1591 3592 1645 in
3630 1590 3755 1662 quo,
3775 1593 3849 1648 vel

2279 1659 2378 1788 ger
2403 1664 2548 1745 quod
2585 1664 2701 1734 ipse
2740 1662 3006 1731 dompnus
3043 1661 3191 1785 prior
3216 1659 3520 1744 Camalduli
3542 1659 3850 1747 aut—aliquis

2320 1742 2671 1788 eremitarum
2697 1748 2953 1788 monacus
2982 1748 3048 1787 ve
3108 1747 3403 1788 conversus
3431 1747 3547 1786 snve
3588 1731 3849 1788 farmlians

2320 1731 2671 1789 ereinitaru'm
2697 1748 2953 1788 monacus
2982 1731 3069 1787 vel
3108 1747 3403 1788 conversus
3431 1732 3547 1786 sive
3588 1731 3849 1790 familiaris

2282 1812 2378 1858 aut
2414 1804 2689 1874 numptius
2717 1802 2960 1874 ejusdem
3006 1802 3215 1874 heremi
3255 1802 3341 1874 vel
3384 1805 3579 1859 domus
3626 1802 3846 1861 Camald.

2284 1874 2491 1946 injuxte
2541 1873 2942 1946 perdat’yitam
2966 1873 3074 1946 _vel
3136 1873 3440 1946 membrum
3476 1890 3488 1927 :
3534 1874 3652 1931 sive
3701 1876 3849 1932 dictus

2282 1943 2561 2016 dopmnus'
2583 1945 2734 2016 prior
2759 1943 3003 2016 Camald.
3026 1959 3122 2016 seu
3160 1943 3343 2016 aliqua
3374 1945 3649 2000 dictarum
3688 1961 3848 2016 perso-

2281 2014 2474 2099 narum
2494 2014 2729 2099 aliquam
2755 2014 2958 2099 realeiu
2981 2015 3066 2099 vel
3101 2014 3440 2099 persolialem
3477 2014 3711 2099 recipiat
3729 2017 3847 2089 inju-

2279 2088 2505 2152 stitiam,
2539 2085 2812 2158 injuriam,
2835 2085 2920 2142 vel
2933 2086 3223 2158 iacturam.
3246 2085 3316 2158 Et
3342 2087 3387 2142 si
3410 2085 3739 2143 contrarium
3764 2085 3846 2158 per

2282 2158 2491 2229 aliquos
2514 2156 2603 2214 vel
2631 2157 2866 2227 aliquem
2895 2157 3195 2229 machinari
3233 2156 3320 2229 vel
3347 2158 3664 2229 attemptari
3702 2156 3846 2214 scive-

2282 2226 2391 2300 rit;
2403 2229 2535 2284 illud
2563 2230 2617 2284 in
2647 2226 2906 2300 quantum
2934 2228 3135 2300 poterit
3172 2234 3238 2300 et?
3251 2226 3459 2285 licitum
3488 2226 3676 2300 fuerit,
3703 2229 3847 2300 impe-
3898 2278 3905 2285 .

2283 2299 2397 2355 diet
2425 2308 2481 2355 et
2508 2298 2767 2371 turbabit.
2806 2298 3160 2371 [munitates,_
3185 2298 3485 2371 libertates,
3512 2299 3659 2371 jura,
3688 2308 3740 2356 et
3766 2298 3847 2357 lto-

2283 2385 2445 2426 nores
2466 2370 2672 2425 heremi
2693 2377 2750 2425 et
2769 2371 2961 2425 domus
2979 2367 3346 2426 Camaldulen.
3370 2367 3683 2426 Monasterii
3700 2371 3847 2428 sancti

2283 2439 2531 2497 Gottardi
2596 2442 2701 2496 sibi
2742 2440 3016 2496 commissi
3066 2439 3360 2496 secundum
3394 2442 3542 2495 vires
3589 2440 3842 2507 defendet.

2284 2512 2677 2577 manutenebit,
2703 2520 2757 2566 et
2786 2510 3125 2582 preservabit
3168 2518 3358 2568 contra
3403 2527 3596 2568 omnes
3624 2512 3844 2569 homines

2284 2582 2339 2637 in
2357 2591 2618 2654 quantum
2638 2583 2741 2654 sibi
2757 2582 2900 2638 Deus
2912 2582 3319 2654 ministraverit,
3335 2590 3392 2639 et
3408 2583 3528 2654 ejus
3542 2582 3845 2653 possibilitas

2282 2653 2504 2724 poterit,
2532 2662 2589 2709 et
2617 2652 2701 2708 sui
2729 2653 3045 2709 monasterii
3092 2653 3376 2724 facultates
3414 2652 3683 2710 valuemnt
3720 2654 3845 2709 salvo

2283 2722 2541 2796 continuo
2560 2724 2647 2796 sui
2681 2724 2888 2796 ordinis
2914 2725 3138 2796 honore.
3167 2722 3430 2796 Collectas
3454 2732 3509 2780 et
3540 2724 3707 2791 datia,
3731 2740 3845 2796 quas

2282 2795 2417 2878 urdo
2445 2794 2719 2878 puedictus
2741 2794 2844 2877 sibi
2869 2803 2926 2850 et
2951 2794 3071 2878 aliis
3099 2794 3319 2878 prelatis
3340 2796 3562 2878 duxerit
3594 2794 3846 2878 imponen-

2283 2866 2401 2930 das,
2432 2865 2603 2921 solvet
2624 2866 2773 2922 omni
2807 2867 3124 2936 exceptione
3153 2875 3361 2921 remota
3390 2866 3444 2921 in
3478 2865 3847 2922 terminiscon—

2283 2937 2525 3008 stitutis:
2560 2944 2616 2991 et
2649 2952 2871 2993 censum
2900 2936 3045 3008 quod
3083 2936 3256 3008 libere
3299 2937 3601 3008 sive_quod
3642 2938 3704 2993 de
3739 2936 3846 3008 jure

2283 3005 2507 3064 heremo
2540 3022 2605 3063 ac
2641 3007 2819 3065 ordini
2854 3005 3097 3065 predicte
3122 3007 3330 3063 solvere
3360 3005 3607 3063 haberet.
3639 3005 3845 3065 Vocatus

2282 3078 2352 3150 ad
2379 3079 2643 3150 synodum
2678 3094 2773 3150 seu
2811 3077 2879 3150 ad
2906 3077 3157 3149 generale
3182 3078 3267 3150 vel
3310 3078 3639 3150 particulare
3663 3079 3846 3148 capitu-

2281 3146 2520 3218 lum'per
2544 3149 2795 3204 eumdem
2818 3146 3111 3219 dopmnum
3153 3146 3393 3220 priorem
3429 3149 3516 3205 vel
3551 3148 3666 3220 ejus
3691 3146 3846 3205 lacum

2282 3226 2557 3275 tenentem
2586 3220 2641 3274 in
2681 3220 2904 3274 heremo
2943 3231 3037 3274 aut
3072 3220 3281 3286 ordine,
3321 3220 3522 3285 veniet,
3566 3221 3670 3276 nisi
3704 3220 3847 3277 fuerit

594 3287 727 3362 tiam
758 3287 922 3361 276
945 3298 1139 3362 sancte
1163 3288 1350 3362 Matris
1376 3290 1637 3358 Ecclesie,
1672 3301 1727 3346 et
1759 3291 2082 3362 sanctissimi
2122 3292 2177 3347 in
2206 3295 2253 3359 C
2282 3290 2467 3362 aliqua
2519 3289 2781 3362 canonica
2815 3291 3219 3362 prepedictione
3271 3291 3584 3362 impeditus.
3619 3291 3845 3348 Prcterea

595 3356 1010 3433 Christo—patris
1031 3368 1087 3414 et
1111 3360 1311 3433 domini
1341 3362 1543 3433 domini
1567 3356 1780 3418 Martini
1810 3378 1944 3433 pape
1966 3363 2011 3417 γ
2038 3360 2180 3431 ejus-

596 3428 716 3482 dem
744 3428 1014 3504 generalis
1039 3431 1438 3504 ctuniversalis
1465 3434 1717 3504 pastoris,
1747 3428 1894 3489 et_ad'
1918 3428 2179 3504 honorem

594 3498 782 3580 sancte
818 3498 1266 3580 _Camaldulensis
1312 3498 1539 3580 heremi,
1583 3513 1638 3559 et
1675 3503 1916 3580 ejusdem
1973 3503 2180 3560 ordinis

594 3571 850 3645 universi,
881 3587 983 3628 nec
1010 3589 1116 3645 non
1150 3574 1217 3628 ad
1248 3574 1473 3645 predicti
1516 3571 1831 3631 monasterii
1855 3582 2052 3645 statum
2084 3590 2180 3645 pa-

593 3637 808 3717 cificum
847 3651 904 3717 et_
930 3637 1263 3713 perfectum,
1307 3644 1361 3699 in
1407 3644 1697 3717 dopmnum
1728 3646 1989 3716 Augelum
2020 3637 2182 3717 Ciera

595 3710 662 3764 de
700 3710 949 3767 Venetiis‘
977 3728 1364 3770 conmonacum
1415 3710 1589 3779 sancti
1639 3710 1915 3773 Michaélis
1955 3719 2020 3772 de
2066 3715 2182 3771 Mu-

594 3782 957 3858 rano-prcfa‘ti
986 3784 1191 3858 ordinis
1220 3800 1475 3857 expresse
1504 3788 1807 3858 professum
1842 3803 2032 3842 verum
2070 3787 2168 3841 uti-

593 3852 700 3919 que
738 3850 1011 3928 legiptime
1051 3856 1211 3928 etatis
1238 3850 1397 3928 et'ex
1444 3850 1735 3928 legiptimis
1774 3859 2024 3928 patribus
2057 3872 2184 3927 pro-

594 3932 858 4002 creatum,
896 3924 950 3978 in
982 3926 1285 4002 saceudotio
1320 3924 1690 4002 constitutum,
1725 3924 1950 4002 scientia
1978 3937 2032 3983 et
2057 3924 2183 3983 ’πιο-

593 3990 745 4047 ribus
767 3993 1079 4050 decoratum
1107 3996 1367 4053 direxerit
1387 3998 1561 4053 aciem
1585 3999 1783 4053 mentis
1806 4014 1918 4060 sue,
1951 4008 2007 4052 et
2032 4013 2182 4053 eum-

594 4061 1040 4139 deindcpmnum
1079 4066 1345 4139 Angelum
1379 4068 1435 4121 in
1474 4068 1877 4139 ipsorumdicti
1906 4068 2102 4138 prioris
2126 4076 2185 4124 et

593 4132 989 4209 beremitarumﬁ
1016 4132 1285 4209 presentia
1315 4132 1693 4209 constitutum,
1722 4138 1779 4193 in
1810 4132 2066 4209 priorem,
2098 4153 2183 4194 re-

593 4210 900 4277 ctorem,et
925 4208 1421 4263 administratorem
1445 4208 1639 4277 prefati
1669 4208 1983 4265 monasterii
2009 4210 2181 4264 sancti

593 4269 860 4350 Cottardi
884 4277 950 4332 de
990 4277 1153 4350 Utine
1196 4277 1343 4332 onmi
1373 4269 1551 4350 modo,
1580 4278 1722 4347 jure,
1750 4290 1806 4336 et
1838 4280 2029 4344 forma,
2059 4281 2181 4350 qui-

591 4341 695 4399 bus
723 4348 895 4422 magis
927 4356 982 4422 et
1006 4349 1211 4422 melius
1245 4349 1449 4422 potuit,
1472 4341 1716 4406 instituit
1735 4361 1791 4405 et
1815 4341 2181 4422 prefecitfcu—

594 4425 795 4490 ramuet
808 4417 1340 4490 administrationem
1373 4420 1708 4490 spiritualem
1734 4431 1790 4477 et
1815 4417 2177 4490 temporalem

591 4486 1189 4564 predictimonasterii,
1224 4490 1342 4564 vice
1375 4486 1432 4564 et
1458 4493 1673 4564 nomine
1701 4492 1918 4564 capituli
1936 4486 2175 4564 heremi,

592 4555 766 4645 cidem
807 4558 1043 4645 dupmno
1074 4560 1279 4645 tAngela
1307 4555 2177 4645 _priori‘plenarie'cdminitlendo

592 4631 874 4702 usquead
911 4646 1007 4686 sue
1040 4640 1095 4687 et
1124 4631 1343 4702 capituli
1381 4631 1621 4702 predicte
1658 4634 1865 4689 heremi
1898 4634 2177 4689 dumtaxat

593 4649 766 4698 usque
805 4649 874 4686 au
911 4649 1007 4686 sne
1040 4649 1095 4687 et
1124 4649 1343 4702 capitun
1419 4649 1621 4688 remete
1658 4649 1865 4689 ueremi
1898 4649 2177 4689 dumtaxat

591 4696 985 4775 beueplacitum
1024 4702 1339 4760 voluntatis.
1375 4649 1480 4771 sui
1510 4703 1775 4775 dompnus
1813 4703 2050 4775 Angelus
2086 4720 2178 4775 ge-

592 4767 839 4851 nuflexus
871 4789 1056 4851 coram
1089 4775 1339 4851 predicte
1383 4767 1616 4851 dopmno
1637 4767 1842 4851 priore
1889 4767 2179 4851 Camaidu-

593 4838 730 4894 lensi
763 4843 1062 4910 predictam
1086 4838 1481 4902 institutionem
1503 4846 1571 4901 de
1591 4838 1871 4901 se'factam
1902 4845 2179 4901 humiliter

593 4914 926 4986 acceptavit,
952 4923 1020 4986 et
1063 4916 1239 4972 eidem
1280 4918 1514 4986 dopmno
1553 4917 1723 4986 priori
1778 4916 2179 4972 Camaldulensi

593 4979 792 5069 intuitu
819 4984 1311 5069 administrationis
1325 4979 1571 5069 predicti
1596 4986 2181 5069 mcnasteriinpruinisit

592 5051 955 5124 obedientiam
990 5065 1046 5111 et
1070 5051 1431 5112 reverentiam
1456 5059 1781 5124 manualem,
1809 5066 1866 5113 et
1903 5051 2178 5112 fidelitatis

586 5120 980 5210 ἱιξῖξξεηεῖξιξιιων
1007 5134 1153 5210 tam
1177 5142 1337 5209 mane
1363 5127 1498 5210 dicti
1516 5129 1734 5210 deveni
1764 5120 2065 5210 sacratis:
2090 5127 2178 5210 iu-

592 5193 737 5275 ravit
778 5193 954 5275 eidem
989 5197 1222 5267 dopmno
1251 5198 1417 5268 priori
1458 5193 1700 5255 Camald.
1734 5193 2178 5275 _r'ecipientiivice

592 5270 647 5316 et
674 5269 892 5336 numine
914 5280 1284 5323 successorum
1313 5284 1531 5324 suorum
1555 5271 1813 5326 canonice
1838 5269 2174 5336 intrantium,

592 5332 737 5457 guod
773 5334 842 5389 ab
869 5335 972 5392 hac
1006 5353 1102 5393 ora
1140 5340 1196 5392 in
1225 5348 1383 5396 antea
1428 5357 1642 5412 semper
1674 5343 1782 5396 erit
1823 5340 2018 5406 fidelis,
2047 5332 2177 5396 ohe-1

631 5418 766 5457 iens.
791 5412 846 5457 et
872 5407 1144 5457 subiectus
1174 5409 1224 5457 in
1256 5411 1524 5457 nmnihng-
1550 5427 1653 5457 mla
1681 5412 1975 5457 secundum
2004 5410 2172 5457 Delum

631 5407 766 5486 iens.
791 5412 857 5486 et_
872 5407 1144 5486 subjectus
1174 5409 1226 5465 in
1256 5411 1525 5486 omnibus,
1546 5407 1653 5481 que
1681 5412 1975 5486 secundum
2004 5410 2172 5486 Deum

592 5480 649 5554 ct
698 5477 1103 5554 possibilitatem
1149 5497 1327 5554 suam,
1378 5484 1525 5537 salva
1567 5477 1922 5548 ronscientia,
1953 5483 2169 5553 poterit,

592 5545 1094 5628 ipsulmdcpinuuin
1138 5553 1373 5621 priorem
1406 5554 1810 5628 ctohcremitas,
1841 5545 2175 5628 et'predicte

592 5613 798 5693 heremi
831 5613 1116 5693 familiam,
1138 5613 1201 5677 et
1233 5624 1486 5693 nunptios
1511 5639 1640 5679 suos
1666 5632 1723 5680 et
1758 5613 2170 5690 hereniitarum,

591 5690 649 5739 et
676 5685 868 5743 domus
894 5687 1132 5766 Gamald.
1170 5700 1225 5746 et
1250 5685 1398 5766 alios
1419 5693 1664 5766 homines
1694 5696 1921 5766 predicti
1965 5685 2174 5750 ordinis

592 5768 921 5827 reverenter,
943 5761 1189 5833 benigne,
1216 5773 1269 5819 et
1283 5764 1571 5822 'caritative
1592 5761 1713 5821 tam
1731 5766 1787 5820 in
1811 5766 1989 5822 eundo
2009 5780 2170 5837 quam

2282 3360 2423 3415 bona
2459 3360 2752 3416 immobilia
2776 3360 3247 3417 dicti'monasterii
3276 3360 3449 3416 sancti
3488 3361 3726 3419 Gottardi
3753 3377 3847 3418 non

2282 3429 2581 3487 infeudabit
2625 3431 2819 3497 denuo,
2864 3446 2965 3486 nec
3008 3431 3265 3488 alienabit
3301 3431 3388 3487 vel
3431 3443 3757 3490 contractum
3798 3433 3848 3489 in

2283 3501 2607 3574 detei'iorem
2627 3510 2837 3573 partem
2858 3502 3021 3574 faciet
3047 3504 3114 3557 de
3135 3503 3375 3574 ejusdem
3402 3513 3678 3560 terrarum
3697 3503 3849 3560 eccle-

2282 3572 2380 3655 sie.
2410 3572 2794 3655 Instrumenta
2820 3573 3117 3655 priviiegia_
3147 3572 3205 3655 et
3249 3589 3569 3655 quocunque
3610 3577 3849 3655 351W:

2284 3644 2422 3718 tiosa
2464 3660 2575 3718 non
2603 3643 2890 3718 alienabit,
2928 3643 3317 3718 disirahetivel
3351 3643 3846 3718 subpiguorabit’vel

2282 3715 2571 3784 obligabit,
2606 3730 2702 3786 seu
2733 3714 2973 3786 debitum
3012 3714 3230 3786 aliquod
3268 3714 3557 3773 contrahet
3598 3717 3698 3773 nisi
3735 3732 3845 3786 per-

2283 3801 2478 3856 magna
2506 3785 2895 3858 etiinevitabili
2939 3785 3280 3858 necessitate,
3317 3786 3402 3843 vel
3438 3788 3674 3844 evidenti
3697 3785 3846 3858 ipsius

2282 3856 2599 3912 monasterii
2627 3856 2877 3922 utilitate,
2903 3856 2986 3911 vel
3015 3872 3282 3912 summam
3306 3858 3361 3912 in
3391 3856 3848 3919 constitutionibus

2282 3926 2477 4002 prefati
2500 3926 2718 4002 ordinis
2733 3935 3076 4002 pretaxatam
3092 3927 3297 4002 absque
3324 3929 3455 3985 dicti
3480 3930 3697 4002 deprimi
3722 3928 3848 3999 prio-

2282 3996 2365 4081 ris
2393 3997 2637 4081 Camald.
2684 3996 3153 4081 licentia_speciali
3181 3996 3435 4081 :dicens,
3473 3996 3570 4056 sic'
3594 3996 3749 4081 Dens_
3770 4011 3848 4053 me

2281 4068 2500 4139 adjuvet
2543 4067 2632 4140 ad
2660 4078 2845 4124 sancta
2887 4067 2997 4140 Dei
3028 4069 3337 4140 Evangelia.
3376 4071 3635 4128 Preterea
3674 4070 3847 4140 subsc-

2281 4137 2511 4214 qu'enter
2533 4147 2606 4214 et_
2621 4137 2929 4214 immediate
2951 4139 3129 4214 dictus
3155 4137 3419 4214 dopmnus
3447 4142 3602 4214 prior
3621 4138 3845 4198 Camald-

2281 4207 2549 4285 pref‘atum
2576 4210 2866 4285 dopmnum
2892 4210 3153 4285 Angelum
3180 4207 3419 4282 priorem
3449 4207 3706 4285 'prelibati
3741 4223 3848 4266 mo-

2281 4280 2525 4356 nasterii
2548 4279 2615 4334 ad
2643 4279 2889 4356 osculum
2916 4279 3065 4356 pacis
3098 4279 3324 4353 recepit,
3354 4279 3547 4356 etper
3574 4300 3726 4340 suum
3744 4297 3849 4356 ian-

2280 4349 2561 4424 nulum‘de
2586 4351 2833 4421 prioratu
2857 4349 3102 4424 predicto
3133 4349 3534 4424 presentialiier
3573 4351 3845 4411 investivit.

2281 4419 2695 4477 Committentes
2722 4419 3362 4481 vero'f‘ratribus'nostris
3398 4425 3649 4482 videlicet
3674 4425 3848 4482 doom-

2281 4440 2695 4477 uommutentes
2722 4440 2851 4478 vero
2876 4440 3135 4478 Iratrmus
3160 4440 3362 4481 nosms
3398 4440 3649 4482 Videlicet
3674 4440 3738 4481 uo
3774 4440 3848 4476 m-

2280 4492 2365 4547 nis
2394 4491 2665 4568 prioribus
2688 4493 2862 4568 sancti
2897 4492 3056 4568 Matie
3082 4491 3290 4568 [Fui-te,
3322 4494 3624 4568 Michaelis]
3660 4440 3848 4568 de

2280 4561 2421 4639 rane
2456 4562 2541 4639 vei
2581 4563 2754 4639 sancti
2797 4561 3021 4620 Joannis
3062 4561 3128 4620 de
3154 4562 3357 4639 Judeca
3385 4561 3626 4639 ejusdem
3661 4563 3850 4639 ordinis

2278 4634 2498 4709 cuilibet
2523 4634 2577 4709 in
2607 4633 3146 4709 solidum,_quatenus
3171 4633 3430 4709 eumdem
3441 4638 3734 4709 dopmnum
3750 4635 3851 4691 Διιο

2278 4705 2456 4775 gelum
2488 4706 2726 4782 priorem
2752 4705 3044 4782 prefatum,
3075 4705 3188 4782 sive
3225 4708 3345 4782 ejus
3375 4705 3851 4782 legiptimum‘pro:

2279 4773 2588 4847 curatorem
2617 4776 2735 4846 ejus
2757 4773 2989 4832 “nomine
3017 4776 3102 4833 vel
3129 4773 3322 4847 quovis
3356 4773 3527 4836 aliiifn
3561 4773 3757 4836 abillis
3776 4773 3850 4831 vel

2280 4847 2357 4919 ab
2388 4845 2478 4902 illo
2512 4845 2862 4919 substitutum
2898 4845 3164 4903 inducant
3196 4849 3310 4906 sive
3340 4852 3562 4906 inducat
3587 4851 3643 4908 in
3669 4862 3848 4919 corpo-

2279 4916 2472 4991 φιβωέ
2502 4918 2912 4991 possessionem
2950 4919 3265 4991 monasterii
3307 4921 3593 4991 prelibati,
3636 4916 3851 4989 enimille

2282 4986 2569 5043 defendant
2592 4989 2678 5044 vel
2720 4988 2975 5044 defendat
3009 4986 3852 5050 inductumeoutradictorcsd

2282 5057 2509 5113 rebelles
2563 5074 2661 5128 per
2705 5074 2991 5114 censuram
3044 5061 3468 5119 ecclesiasticam
3511 5064 3634 5121 vice
3677 5070 3850 5129 nostra

2279 5129 2686 5204 compescendo,
2709 5130 2960 5204 invocato
2981 5130 3049 5185 ad
3074 5131 3200 5196 hoc,
3223 5133 3270 5189 si
3297 5147 3432 5204 opus
3456 5132 3640 5200 fuerit,
3664 5131 3853 5190 auxilio

2278 5208 2335 5271 et
2368 5200 2590 5271 brachio
2612 5200 2861 5257 seculari.
2888 5198 2949 5255 In
2970 5216 3201 5271 quorum
3227 5198 3600 5262 testimonium
3624 5198 3853 5263 omnium

2279 5269 2513 5346 sigillum
2559 5280 2806 5346 nosirum
2861 5269 3203 5346 consuetum
3228 5276 3402 5332 nostri
3447 5274 3611 5332 officii
3659 5288 3851 5346 appen-

2280 5339 2433 5464 cione
2451 5341 2648 5412 apponi
2661 5341 2924 5412 jussimus
2945 5344 3014 5400 ad
3033 5343 3322 5415 cautelam,
3341 5362 3555 5409 necnon
3576 5339 3857 5421 mgist'rare

2303 5426 2527 5464 ecumus.

2303 5426 2527 5467 ecumus.

2354 5480 2409 5537 S.
2429 5482 2492 5537 N.
2509 5483 2621 5555 Ego
2641 5482 2916 5560 _Johannes
2941 5488 3116 5545 dictus
3141 5487 3411 5560 dopmnus
3433 5491 3564 5547 olim
3591 5486 3775 5546 Jacobi
3796 5484 3859 5542 de

2278 5551 2455 5635 Burgo
2482 5551 2656 5635 sancti
2687 5557 2919 5635 sepulcri
2948 5551 3242 5635 apostolica
3270 5563 3594 5618 auctoritate
3617 5568 3672 5635 ei
3695 5561 3859 5627 impe-

2278 5623 2397 5699 riali
2416 5626 2667 5699 notarius
2686 5623 2925 5697 et’judex
2946 5623 3254 5686 ordinarius
3281 5645 3383 5688 nec
3404 5648 3513 5688 non
3543 5632 3716 5689 scciba
3740 5623 3857 5699 pre-

2276 5692 2374 5779 i‘aii
2398 5695 2615 5779 dopmni
2642 5692 2843 5779 prioris
2861 5700 3127 5779 generalis
3152 5703 3402 5779 prodicta
3422 5705 3552 5761 dum
3578 5692 3857 5779 ageret-ltili

2277 5766 2529 5834 interfui,
2566 5776 2621 5824 et
2645 5766 2887 5840 'rogatus
2929 5766 3172 5828 scribere
3212 5774 3408 5845 scripsi
3449 5782 3510 5833 et
3545 5766 3855 5850 publicavi:

663 5902 688 5933 ι
719 5889 824 5947 An.
864 5891 1021 5949 H25.
1059 5894 1140 5953 Ex
1175 5894 1433 5968 Originali
1474 5898 1529 5952 in
1565 5895 1874 5954 Membrana
1911 5899 2053 5970 apud
2090 5888 2156 5955 D.
2195 5898 2503 5972 Agricolam
2532 5901 2858 5975 Agricolam,
2886 5905 2978 5963 citi
3005 5923 3061 5980 p.
3084 5924 3137 5964 ι..
