  <div class='ocr_page' id='page_1' title='image "/cluster/home/n/w/nwhite01/storage/ocr_20150623/99/hvd.32044015466790/364.png"; bbox 0 0 4026 6364; ppageno 0'>
   <div class='ocr_carea' id='block_1_1' title="bbox 191 394 308 454">
    <p class='ocr_par' dir='ltr' id='par_1_1' title="bbox 191 394 308 454">
     <span class='ocr_line' id='line_1_1' title="bbox 191 394 308 454; baseline -0.009 -1"><span class='ocrx_word' id='word_1_1' title='bbox 191 394 308 454; x_wconf 78' lang='lat'><strong>675</strong></span> 
     </span>
    </p>
   </div>
   <div class='ocr_carea' id='block_1_2' title="bbox 1468 382 2189 446">
    <p class='ocr_par' dir='ltr' id='par_1_2' title="bbox 1468 382 2189 446">
     <span class='ocr_line' id='line_1_2' title="bbox 1468 382 2189 446; baseline -0.004 -1"><span class='ocrx_word' id='word_1_2' title='bbox 1468 382 1814 446; x_wconf 78' lang='lat' dir='ltr'><strong>APPENDIX</strong></span> <span class='ocrx_word' id='word_1_3' title='bbox 1850 386 2189 446; x_wconf 86' lang='lat' dir='ltr'><strong>SECUNDA.</strong></span> 
     </span>
    </p>
   </div>
   <div class='ocr_carea' id='block_1_3' title="bbox 3381 383 3485 444">
    <p class='ocr_par' dir='ltr' id='par_1_3' title="bbox 3381 383 3485 444">
     <span class='ocr_line' id='line_1_3' title="bbox 3381 383 3485 444; baseline -0.019 0"><span class='ocrx_word' id='word_1_4' title='bbox 3381 383 3485 444; x_wconf 69' lang='grc'><strong>674</strong></span> 
     </span>
    </p>
   </div>
   <div class='ocr_carea' id='block_1_4' title="bbox 185 495 3484 573">
    <p class='ocr_par' dir='ltr' id='par_1_4' title="bbox 185 495 3484 573">
     <span class='ocr_line' id='line_1_4' title="bbox 185 495 3484 573; baseline -0.001 -12"><span class='ocrx_word' id='word_1_5' title='bbox 185 504 439 573; x_wconf 81' lang='lat' dir='ltr'><strong>ideoque</strong></span> <span class='ocrx_word' id='word_1_6' title='bbox 471 495 799 570; x_wconf 80' lang='lat' dir='ltr'><strong>subscripsi,</strong></span> <span class='ocrx_word' id='word_1_7' title='bbox 843 497 1167 570; x_wconf 76' lang='lat' dir='ltr'><strong>signumque</strong></span> <span class='ocrx_word' id='word_1_8' title='bbox 1208 515 1390 557; x_wconf 88' lang='lat' dir='ltr'><strong>meum</strong></span> <span class='ocrx_word' id='word_1_9' title='bbox 1420 501 1643 573; x_wconf 90' lang='lat' dir='ltr'><strong>apposui</strong></span> <span class='ocrx_word' id='word_1_10' title='bbox 1670 515 1798 557; x_wconf 88' lang='lat' dir='ltr'><strong>con-</strong></span> <span class='ocrx_word' id='word_1_11' title='bbox 1820 503 1875 564; x_wconf 74' lang='grc' dir='ltr'>Α</span> <span class='ocrx_word' id='word_1_12' title='bbox 1899 514 2009 573; x_wconf 83' lang='lat' dir='ltr'><strong>uno</strong></span> <span class='ocrx_word' id='word_1_13' title='bbox 2036 514 2163 553; x_wconf 92' lang='lat' dir='ltr'><strong>arcu</strong></span> <span class='ocrx_word' id='word_1_14' title='bbox 2188 497 2458 573; x_wconf 83' lang='lat' dir='ltr'><strong>duplicato</strong></span> <span class='ocrx_word' id='word_1_15' title='bbox 2489 504 2803 573; x_wconf 86' lang='lat' dir='ltr'><strong>transeunte</strong></span> <span class='ocrx_word' id='word_1_16' title='bbox 2830 500 2896 555; x_wconf 91' lang='lat' dir='ltr'><strong>de</strong></span> <span class='ocrx_word' id='word_1_17' title='bbox 2916 514 3026 573; x_wconf 88' lang='lat' dir='ltr'><strong>uno</strong></span> <span class='ocrx_word' id='word_1_18' title='bbox 3053 499 3221 555; x_wconf 77' lang='lat' dir='ltr'><strong>latere</strong></span> <span class='ocrx_word' id='word_1_19' title='bbox 3247 500 3313 555; x_wconf 89' lang='lat' dir='ltr'><strong>ad</strong></span> <span class='ocrx_word' id='word_1_20' title='bbox 3334 502 3484 573; x_wconf 87' lang='lat' dir='ltr'><strong>aliud</strong></span> 
     </span>
    </p>
   </div>
   <div class='ocr_carea' id='block_1_5' title="bbox 183 587 1125 699">
    <p class='ocr_par' dir='ltr' id='par_1_5' title="bbox 183 587 1125 699">
     <span class='ocr_line' id='line_1_5' title="bbox 183 587 1125 699; baseline -0.001 1"><span class='ocrx_word' id='word_1_21' title='bbox 183 587 442 637; x_wconf 60' lang='lat' dir='ltr'><strong>mmm&#39;</strong></span> <span class='ocrx_word' id='word_1_22' title='bbox 878 643 1125 699; x_wconf 84' lang='lat' dir='ltr'><strong>XXXIX.</strong></span> 
     </span>
    </p>
   </div>
   <div class='ocr_carea' id='block_1_6' title="bbox 567 734 1438 793">
    <p class='ocr_par' dir='ltr' id='par_1_6' title="bbox 567 734 1438 793">
     <span class='ocr_line' id='line_1_6' title="bbox 567 734 1438 793; baseline 0 0"><span class='ocrx_word' id='word_1_23' title='bbox 567 749 595 779; x_wconf 80' lang='grc' dir='ltr'>ι</span> <span class='ocrx_word' id='word_1_24' title='bbox 620 735 900 793; x_wconf 81' lang='lat' dir='ltr'><strong>CHARTA</strong></span> <span class='ocrx_word' id='word_1_25' title='bbox 938 734 1071 792; x_wconf 83' lang='lat' dir='ltr'><strong>CON</strong></span> <span class='ocrx_word' id='word_1_26' title='bbox 1081 734 1438 793; x_wconf 85' lang='lat' dir='ltr'><strong>VENTIONIS</strong></span> 
     </span>
    </p>
   </div>
   <div class='ocr_carea' id='block_1_7' title="bbox 190 831 1793 903">
    <p class='ocr_par' dir='ltr' id='par_1_7' title="bbox 190 831 1793 903">
     <span class='ocr_line' id='line_1_7' title="bbox 190 831 1793 903; baseline -0.002 -13"><span class='ocrx_word' id='word_1_27' title='bbox 190 836 302 891; x_wconf 83' lang='lat' dir='ltr'><strong>Pro</strong></span> <span class='ocrx_word' id='word_1_28' title='bbox 326 843 603 890; x_wconf 76' lang='lat' dir='ltr'><strong>structura</strong></span> <span class='ocrx_word' id='word_1_29' title='bbox 630 833 804 903; x_wconf 76' lang='lat' dir='ltr'><strong>pontis</strong></span> <span class='ocrx_word' id='word_1_30' title='bbox 825 831 1019 901; x_wconf 84' lang='lat' dir='ltr'><strong>lapidei</strong></span> <span class='ocrx_word' id='word_1_31' title='bbox 1042 849 1197 903; x_wconf 82' lang='lat' dir='ltr'><strong>super</strong></span> <span class='ocrx_word' id='word_1_32' title='bbox 1221 832 1273 885; x_wconf 83' lang='grc' dir='ltr'><em>Ν</em></span> <span class='ocrx_word' id='word_1_33' title='bbox 1278 834 1531 886; x_wconf 79' lang='lat' dir='ltr'><strong>atisonem</strong></span> <span class='ocrx_word' id='word_1_34' title='bbox 1559 831 1793 903; x_wconf 77' lang='lat' dir='ltr'><strong>Civitatis</strong></span> 
     </span>
    </p>
   </div>
   <div class='ocr_carea' id='block_1_8' title="bbox 262 850 1795 974">
    <p class='ocr_par' dir='ltr' id='par_1_8' title="bbox 262 850 1795 974">
     <span class='ocr_line' id='line_1_8' title="bbox 262 850 1793 903; baseline -0.002 -13"><span class='ocrx_word' id='word_1_35' title='bbox 262 855 302 890; x_wconf 79' lang='lat' dir='ltr'><strong>&#39;o</strong></span> <span class='ocrx_word' id='word_1_36' title='bbox 326 850 603 890; x_wconf 82' lang='lat' dir='ltr'><strong>structura</strong></span> <span class='ocrx_word' id='word_1_37' title='bbox 630 850 804 903; x_wconf 76' lang='lat' dir='ltr'><strong>ponus</strong></span> <span class='ocrx_word' id='word_1_38' title='bbox 825 850 1017 901; x_wconf 78' lang='lat' dir='ltr'><strong><em>taptaet</em></strong></span> <span class='ocrx_word' id='word_1_39' title='bbox 1042 850 1101 885; x_wconf 83' lang='lat' dir='ltr'><strong>su</strong></span> <span class='ocrx_word' id='word_1_40' title='bbox 1141 850 1197 886; x_wconf 89' lang='lat' dir='ltr'><strong>er</strong></span> <span class='ocrx_word' id='word_1_41' title='bbox 1221 850 1265 885; x_wconf 65' lang='grc' dir='ltr'><strong>ιν</strong></span> <span class='ocrx_word' id='word_1_42' title='bbox 1278 850 1531 886; x_wconf 81' lang='lat' dir='ltr'><strong>amonem</strong></span> <span class='ocrx_word' id='word_1_43' title='bbox 1559 850 1793 887; x_wconf 74' lang='lat' dir='ltr'><strong>meus</strong></span> 
     </span>
     <span class='ocr_line' id='line_1_9' title="bbox 262 850 1795 974; baseline -0.003 -14"><span class='ocrx_word' id='word_1_44' title='bbox 262 908 526 969; x_wconf 73' lang='lat' dir='ltr'><strong>Austrim,</strong></span> <span class='ocrx_word' id='word_1_45' title='bbox 556 913 709 974; x_wconf 81' lang='lat' dir='ltr'><strong>pacta</strong></span> <span class='ocrx_word' id='word_1_46' title='bbox 738 903 874 956; x_wconf 84' lang='lat' dir='ltr'><strong>inter</strong></span> <span class='ocrx_word' id='word_1_47' title='bbox 899 850 1232 972; x_wconf 42' lang='lat' dir='ltr'><strong>magni/{2am</strong></span> <span class='ocrx_word' id='word_1_48' title='bbox 1263 905 1681 957; x_wconf 73' lang='lat' dir='ltr'><strong>communitatem</strong></span> <span class='ocrx_word' id='word_1_49' title='bbox 1708 902 1795 956; x_wconf 84' lang='lat' dir='ltr'><strong>Ci-</strong></span> 
     </span>
    </p>
   </div>
   <div class='ocr_carea' id='block_1_9' title="bbox 260 974 1791 1045">
    <p class='ocr_par' dir='ltr' id='par_1_9' title="bbox 260 974 1791 1045">
     <span class='ocr_line' id='line_1_10' title="bbox 260 974 1791 1045; baseline -0.003 -15"><span class='ocrx_word' id='word_1_50' title='bbox 260 978 449 1031; x_wconf 74' lang='lat' dir='ltr'><strong>vitatis</strong></span> <span class='ocrx_word' id='word_1_51' title='bbox 478 975 708 1029; x_wconf 72' lang='lat' dir='ltr'><strong>Austriw</strong></span> <span class='ocrx_word' id='word_1_52' title='bbox 732 990 797 1028; x_wconf 76' lang='lat' dir='ltr'><strong>ea:</strong></span> <span class='ocrx_word' id='word_1_53' title='bbox 822 990 951 1045; x_wconf 73' lang='lat' dir='ltr'><strong>uno,</strong></span> <span class='ocrx_word' id='word_1_54' title='bbox 983 984 1030 1026; x_wconf 87' lang='lat' dir='ltr'><strong>et</strong></span> <span class='ocrx_word' id='word_1_55' title='bbox 1064 974 1373 1045; x_wconf 72' lang='lat' dir='ltr'><strong>mggistrum</strong></span> <span class='ocrx_word' id='word_1_56' title='bbox 1408 975 1664 1028; x_wconf 85' lang='lat' dir='ltr'><strong>Jacobum</strong></span> <span class='ocrx_word' id='word_1_57' title='bbox 1692 985 1791 1045; x_wconf 61' lang='grc' dir='ltr'><strong>(μυ</strong></span> 
     </span>
    </p>
   </div>
   <div class='ocr_carea' id='block_1_10' title="bbox 260 1043 1796 1114">
    <p class='ocr_par' dir='ltr' id='par_1_10' title="bbox 260 1043 1796 1114">
     <span class='ocr_line' id='line_1_11' title="bbox 260 1043 1796 1114; baseline -0.003 -13"><span class='ocrx_word' id='word_1_58' title='bbox 260 1048 497 1101; x_wconf 77' lang='lat' dir='ltr'><strong>Martini</strong></span> <span class='ocrx_word' id='word_1_59' title='bbox 522 1046 738 1113; x_wconf 85' lang='lat' dir='ltr'><strong>Daguro</strong></span> <span class='ocrx_word' id='word_1_60' title='bbox 764 1045 828 1098; x_wconf 85' lang='lat' dir='ltr'><strong>de</strong></span> <span class='ocrx_word' id='word_1_61' title='bbox 855 1044 1076 1097; x_wconf 77' lang='lat' dir='ltr'><strong>Bissone</strong></span> <span class='ocrx_word' id='word_1_62' title='bbox 1099 1043 1367 1098; x_wconf 77' lang='lat' dir='ltr'><strong>Cumensis</strong></span> <span class='ocrx_word' id='word_1_63' title='bbox 1392 1045 1612 1099; x_wconf 83' lang='lat' dir='ltr'><strong>diocesis</strong></span> <span class='ocrx_word' id='word_1_64' title='bbox 1640 1043 1796 1114; x_wconf 80' lang='lat' dir='ltr'><strong>super</strong></span> 
     </span>
    </p>
   </div>
   <div class='ocr_carea' id='block_1_11' title="bbox 254 1114 1793 1186">
    <p class='ocr_par' dir='ltr' id='par_1_11' title="bbox 254 1114 1793 1186">
     <span class='ocr_line' id='line_1_12' title="bbox 254 1114 1793 1186; baseline 0 -17"><span class='ocrx_word' id='word_1_65' title='bbox 254 1118 393 1172; x_wconf 81' lang='lat' dir='ltr'><strong>lacu</strong></span> <span class='ocrx_word' id='word_1_66' title='bbox 422 1116 653 1186; x_wconf 84' lang='lat' dir='ltr'><strong>Lugani,</strong></span> <span class='ocrx_word' id='word_1_67' title='bbox 675 1114 738 1169; x_wconf 86' lang='lat' dir='ltr'><strong>de</strong></span> <span class='ocrx_word' id='word_1_68' title='bbox 765 1124 920 1185; x_wconf 84' lang='lat' dir='ltr'><strong>ponte</strong></span> <span class='ocrx_word' id='word_1_69' title='bbox 945 1114 1165 1169; x_wconf 78' lang='lat' dir='ltr'><strong>sublicio</strong></span> <span class='ocrx_word' id='word_1_70' title='bbox 1192 1116 1486 1169; x_wconf 74' lang='lat' dir='ltr'><strong>destruente</strong></span> <span class='ocrx_word' id='word_1_71' title='bbox 1511 1126 1557 1170; x_wconf 85' lang='lat' dir='ltr'><strong>et</strong></span> <span class='ocrx_word' id='word_1_72' title='bbox 1586 1115 1793 1185; x_wconf 83' lang='lat' dir='ltr'><strong>lapideo</strong></span> 
     </span>
    </p>
   </div>
   <div class='ocr_carea' id='block_1_12' title="bbox 254 1196 627 1243">
    <p class='ocr_par' dir='ltr' id='par_1_12' title="bbox 254 1196 627 1243">
     <span class='ocr_line' id='line_1_13' title="bbox 254 1196 627 1243; baseline -0.016 0"><span class='ocrx_word' id='word_1_73' title='bbox 254 1196 627 1243; x_wconf 76' lang='lat' dir='ltr'><strong>construente.</strong></span> 
     </span>
    </p>
   </div>
   <div class='ocr_carea' id='block_1_13' title="bbox 773 1270 1228 1311">
    <p class='ocr_par' dir='ltr' id='par_1_13' title="bbox 773 1270 1228 1311">
     <span class='ocr_line' id='line_1_14' title="bbox 773 1270 1228 1311; baseline 0.009 -4"><span class='ocrx_word' id='word_1_74' title='bbox 773 1270 925 1310; x_wconf 78' lang='lat' dir='ltr'><strong>JESUS</strong></span> <span class='ocrx_word' id='word_1_75' title='bbox 951 1271 1228 1311; x_wconf 80' lang='lat' dir='ltr'><strong>CllRlSTUS.</strong></span> 
     </span>
    </p>
   </div>
   <div class='ocr_carea' id='block_1_14' title="bbox 253 1346 1791 1417">
    <p class='ocr_par' dir='ltr' id='par_1_14' title="bbox 253 1346 1791 1417">
     <span class='ocr_line' id='line_1_15' title="bbox 253 1346 1791 1417; baseline -0.002 -13"><span class='ocrx_word' id='word_1_76' title='bbox 253 1347 547 1404; x_wconf 86' lang='lat' dir='ltr'><strong>InChristi</strong></span> <span class='ocrx_word' id='word_1_77' title='bbox 571 1346 807 1417; x_wconf 77' lang='lat' dir='ltr'><strong>nomine,</strong></span> <span class='ocrx_word' id='word_1_78' title='bbox 824 1362 1000 1400; x_wconf 89' lang='lat' dir='ltr'><strong>amen.</strong></span> <span class='ocrx_word' id='word_1_79' title='bbox 1017 1346 1214 1401; x_wconf 87' lang='lat' dir='ltr'><strong>Annoa</strong></span> <span class='ocrx_word' id='word_1_80' title='bbox 1236 1347 1527 1402; x_wconf 88' lang='lat' dir='ltr'><strong>Nativitate</strong></span> <span class='ocrx_word' id='word_1_81' title='bbox 1552 1346 1791 1417; x_wconf 80' lang='lat' dir='ltr'><strong>ejusdem</strong></span> 
     </span>
    </p>
   </div>
   <div class='ocr_carea' id='block_1_15' title="bbox 182 1415 1793 1488">
    <p class='ocr_par' dir='ltr' id='par_1_15' title="bbox 182 1415 1793 1488">
     <span class='ocr_line' id='line_1_16' title="bbox 182 1415 1793 1488; baseline -0.002 -13"><span class='ocrx_word' id='word_1_82' title='bbox 182 1420 416 1475; x_wconf 85' lang='lat' dir='ltr'><strong>Domini</strong></span> <span class='ocrx_word' id='word_1_83' title='bbox 462 1418 631 1472; x_wconf 87' lang='lat' dir='ltr'><strong>nostri</strong></span> <span class='ocrx_word' id='word_1_84' title='bbox 675 1415 800 1470; x_wconf 81' lang='lat' dir='ltr'><strong>Jesu</strong></span> <span class='ocrx_word' id='word_1_85' title='bbox 829 1416 1029 1472; x_wconf 83' lang='lat' dir='ltr'><strong>Christi</strong></span> <span class='ocrx_word' id='word_1_86' title='bbox 1063 1418 1349 1473; x_wconf 90' lang='lat' dir='ltr'><strong>millesimo</strong></span> <span class='ocrx_word' id='word_1_87' title='bbox 1377 1415 1793 1488; x_wconf 80' lang='lat' dir='ltr'><strong>quadringente-</strong></span> 
     </span>
    </p>
   </div>
   <div class='ocr_carea' id='block_1_16' title="bbox 180 1488 1793 1560">
    <p class='ocr_par' dir='ltr' id='par_1_16' title="bbox 180 1488 1793 1560">
     <span class='ocr_line' id='line_1_17' title="bbox 180 1488 1793 1560; baseline -0.004 -14"><span class='ocrx_word' id='word_1_88' title='bbox 180 1492 325 1547; x_wconf 90' lang='lat' dir='ltr'><strong>simo</strong></span> <span class='ocrx_word' id='word_1_89' title='bbox 350 1488 775 1560; x_wconf 78' lang='lat' dir='ltr'><strong>quadragesimo</strong></span> <span class='ocrx_word' id='word_1_90' title='bbox 797 1488 990 1560; x_wconf 84' lang='lat' dir='ltr'><strong>primo,</strong></span> <span class='ocrx_word' id='word_1_91' title='bbox 1022 1489 1311 1560; x_wconf 83' lang='lat' dir='ltr'><strong>indictione</strong></span> <span class='ocrx_word' id='word_1_92' title='bbox 1337 1498 1549 1558; x_wconf 90' lang='lat' dir='ltr'><strong>quarta,</strong></span> <span class='ocrx_word' id='word_1_93' title='bbox 1583 1489 1667 1541; x_wconf 90' lang='lat' dir='ltr'><strong>die</strong></span> <span class='ocrx_word' id='word_1_94' title='bbox 1695 1504 1793 1541; x_wconf 86' lang='lat' dir='ltr'><strong>un-</strong></span> 
     </span>
    </p>
   </div>
   <div class='ocr_carea' id='block_1_17' title="bbox 180 1558 1795 1631">
    <p class='ocr_par' dir='ltr' id='par_1_17' title="bbox 180 1558 1795 1631">
     <span class='ocr_line' id='line_1_18' title="bbox 180 1558 1795 1631; baseline -0.005 -13"><span class='ocrx_word' id='word_1_95' title='bbox 180 1558 412 1631; x_wconf 83' lang='lat' dir='ltr'><strong>decimo</strong></span> <span class='ocrx_word' id='word_1_96' title='bbox 442 1560 644 1631; x_wconf 83' lang='lat' dir='ltr'><strong>mensis</strong></span> <span class='ocrx_word' id='word_1_97' title='bbox 668 1558 1219 1631; x_wconf 71' lang='lat' dir='ltr'><strong>Decembris.Actum</strong></span> <span class='ocrx_word' id='word_1_98' title='bbox 1252 1561 1309 1631; x_wconf 85' lang='lat' dir='ltr'><strong>in</strong></span> <span class='ocrx_word' id='word_1_99' title='bbox 1334 1561 1527 1631; x_wconf 88' lang='lat' dir='ltr'><strong>stupha</strong></span> <span class='ocrx_word' id='word_1_100' title='bbox 1557 1575 1795 1613; x_wconf 87' lang='lat' dir='ltr'><strong>commu-</strong></span> 
     </span>
    </p>
   </div>
   <div class='ocr_carea' id='block_1_18' title="bbox 179 1629 1793 1698">
    <p class='ocr_par' dir='ltr' id='par_1_18' title="bbox 179 1629 1793 1698">
     <span class='ocr_line' id='line_1_19' title="bbox 179 1629 1793 1698; baseline -0.003 -11"><span class='ocrx_word' id='word_1_101' title='bbox 179 1634 265 1688; x_wconf 90' lang='lat' dir='ltr'><strong>nis</strong></span> <span class='ocrx_word' id='word_1_102' title='bbox 304 1630 572 1686; x_wconf 80' lang='lat' dir='ltr'><strong>Civitatis</strong></span> <span class='ocrx_word' id='word_1_103' title='bbox 600 1629 836 1684; x_wconf 83' lang='lat' dir='ltr'><strong>Austriae</strong></span> <span class='ocrx_word' id='word_1_104' title='bbox 879 1629 1241 1698; x_wconf 86' lang='lat' dir='ltr'><strong>Aquileiensis</strong></span> <span class='ocrx_word' id='word_1_105' title='bbox 1280 1629 1529 1694; x_wconf 82' lang='lat' dir='ltr'><strong>diocesis,</strong></span> <span class='ocrx_word' id='word_1_106' title='bbox 1558 1644 1793 1698; x_wconf 83' lang='lat' dir='ltr'><strong>praesen-</strong></span> 
     </span>
    </p>
   </div>
   <div class='ocr_carea' id='block_1_19' title="bbox 177 1699 1795 1759">
    <p class='ocr_par' dir='ltr' id='par_1_19' title="bbox 177 1699 1795 1759">
     <span class='ocr_line' id='line_1_20' title="bbox 177 1699 1795 1759; baseline -0.003 -1"><span class='ocrx_word' id='word_1_107' title='bbox 177 1703 329 1759; x_wconf 84' lang='lat' dir='ltr'><strong>tibus</strong></span> <span class='ocrx_word' id='word_1_108' title='bbox 374 1701 575 1756; x_wconf 89' lang='lat' dir='ltr'><strong>ibidem</strong></span> <span class='ocrx_word' id='word_1_109' title='bbox 614 1699 909 1755; x_wconf 83' lang='lat' dir='ltr'><strong>venerabili</strong></span> <span class='ocrx_word' id='word_1_110' title='bbox 947 1701 1064 1755; x_wconf 89' lang='lat' dir='ltr'><strong>viro</strong></span> <span class='ocrx_word' id='word_1_111' title='bbox 1097 1702 1315 1755; x_wconf 90' lang='lat' dir='ltr'><strong>domino</strong></span> <span class='ocrx_word' id='word_1_112' title='bbox 1351 1700 1534 1755; x_wconf 84' lang='lat' dir='ltr'><strong>Marco</strong></span> <span class='ocrx_word' id='word_1_113' title='bbox 1570 1701 1635 1754; x_wconf 88' lang='lat' dir='ltr'><strong>de</strong></span> <span class='ocrx_word' id='word_1_114' title='bbox 1675 1700 1795 1754; x_wconf 91' lang='lat' dir='ltr'><strong>Cri-</strong></span> 
     </span>
    </p>
   </div>
   <div class='ocr_carea' id='block_1_20' title="bbox 174 1768 1793 1841">
    <p class='ocr_par' dir='ltr' id='par_1_20' title="bbox 174 1768 1793 1841">
     <span class='ocr_line' id='line_1_21' title="bbox 174 1768 1793 1841; baseline -0.002 -13"><span class='ocrx_word' id='word_1_115' title='bbox 174 1774 337 1829; x_wconf 86' lang='lat' dir='ltr'><strong>vellis</strong></span> <span class='ocrx_word' id='word_1_116' title='bbox 380 1772 644 1826; x_wconf 88' lang='lat' dir='ltr'><strong>canonico</strong></span> <span class='ocrx_word' id='word_1_117' title='bbox 685 1768 1032 1841; x_wconf 81' lang='lat' dir='ltr'><strong>Civitatensi,</strong></span> <span class='ocrx_word' id='word_1_118' title='bbox 1065 1785 1184 1823; x_wconf 79' lang='lat' dir='ltr'><strong>ven.</strong></span> <span class='ocrx_word' id='word_1_119' title='bbox 1213 1771 1530 1841; x_wconf 77' lang='lat' dir='ltr'><strong>presbytero</strong></span> <span class='ocrx_word' id='word_1_120' title='bbox 1572 1770 1793 1825; x_wconf 79' lang='lat' dir='ltr'><strong>Nicolao</strong></span> 
     </span>
    </p>
   </div>
   <div class='ocr_carea' id='block_1_21' title="bbox 178 1839 1792 1916">
    <p class='ocr_par' dir='ltr' id='par_1_21' title="bbox 178 1839 1792 1916">
     <span class='ocr_line' id='line_1_22' title="bbox 178 1839 1792 1916; baseline -0.002 -19"><span class='ocrx_word' id='word_1_121' title='bbox 178 1862 269 1916; x_wconf 91' lang='lat' dir='ltr'><strong>qu.</strong></span> <span class='ocrx_word' id='word_1_122' title='bbox 307 1840 810 1916; x_wconf 72' lang='lat' dir='ltr'><strong>Matliei__&#39;i‘re_sold_i</strong></span> <span class='ocrx_word' id='word_1_123' title='bbox 853 1842 919 1895; x_wconf 90' lang='lat' dir='ltr'><strong>de</strong></span> <span class='ocrx_word' id='word_1_124' title='bbox 964 1839 1489 1916; x_wconf 71' lang='lat' dir='ltr'><strong>Justinshabitante</strong></span> <span class='ocrx_word' id='word_1_125' title='bbox 1524 1844 1578 1916; x_wconf 85' lang='lat' dir='ltr'><strong>in</strong></span> <span class='ocrx_word' id='word_1_126' title='bbox 1622 1842 1792 1916; x_wconf 84' lang='lat' dir='ltr'><strong>b_u_rgo</strong></span> 
     </span>
    </p>
   </div>
   <div class='ocr_carea' id='block_1_22' title="bbox 176 1886 1869 1987">
    <p class='ocr_par' dir='ltr' id='par_1_22' title="bbox 176 1886 1869 1987">
     <span class='ocr_line' id='line_1_23' title="bbox 178 1886 1789 1916; baseline 0 -20"><span class='ocrx_word' id='word_1_127' title='bbox 178 1886 269 1916; x_wconf 66' lang='grc' dir='ltr'><strong>Ψ..</strong></span> <span class='ocrx_word' id='word_1_128' title='bbox 307 1886 525 1896; x_wconf 57' lang='grc' dir='ltr'><strong>..-μ-ην.</strong></span> <span class='ocrx_word' id='word_1_129' title='bbox 578 1886 810 1895; x_wconf 58' lang='grc' dir='ltr'><strong>--νυνη-</strong></span> <span class='ocrx_word' id='word_1_130' title='bbox 856 1886 917 1895; x_wconf 55' lang='grc' dir='ltr'><strong>η</strong></span> <span class='ocrx_word' id='word_1_131' title='bbox 966 1886 1171 1895; x_wconf 58' lang='grc' dir='ltr'><strong>-...ι-...υ</strong></span> <span class='ocrx_word' id='word_1_132' title='bbox 1622 1886 1789 1910; x_wconf 54' lang='grc' dir='ltr'><strong>,ιωον</strong></span> 
     </span>
     <span class='ocr_line' id='line_1_24' title="bbox 176 1886 1869 1987; baseline -0.002 -19"><span class='ocrx_word' id='word_1_133' title='bbox 176 1911 594 1987; x_wconf 76' lang='lat' dir='ltr'><strong>pontis,_nobili</strong></span> <span class='ocrx_word' id='word_1_134' title='bbox 630 1912 750 1987; x_wconf 82' lang='lat' dir='ltr'><strong>viro</strong></span> <span class='ocrx_word' id='word_1_135' title='bbox 781 1908 987 1987; x_wconf 82' lang='lat' dir='ltr'><strong>Joanne</strong></span> <span class='ocrx_word' id='word_1_136' title='bbox 1017 1912 1235 1987; x_wconf 82' lang='lat' dir='ltr'><strong>Daniele</strong></span> <span class='ocrx_word' id='word_1_137' title='bbox 1261 1928 1351 1987; x_wconf 70' lang='lat' dir='ltr'><strong>qu.</strong></span> <span class='ocrx_word' id='word_1_138' title='bbox 1377 1912 1598 1987; x_wconf 82' lang='lat' dir='ltr'><strong>Joatmis</strong></span> <span class='ocrx_word' id='word_1_139' title='bbox 1642 1911 1792 1987; x_wconf 60' lang='lat' dir='ltr'><strong>Ifizul</strong></span> <span class='ocrx_word' id='word_1_140' title='bbox 1824 1886 1869 1949; x_wconf 71' lang='grc' dir='ltr'><strong>Β</strong></span> 
     </span>
    </p>
   </div>
   <div class='ocr_carea' id='block_1_23' title="bbox 177 1982 1793 2052">
    <p class='ocr_par' dir='ltr' id='par_1_23' title="bbox 177 1982 1793 2052">
     <span class='ocr_line' id='line_1_25' title="bbox 177 1982 1793 2052; baseline -0.003 -11"><span class='ocrx_word' id='word_1_141' title='bbox 177 1982 242 2041; x_wconf 79' lang='lat' dir='ltr'><strong>de</strong></span> <span class='ocrx_word' id='word_1_142' title='bbox 287 1984 559 2046; x_wconf 83' lang='lat' dir='ltr'><strong>Meduno,</strong></span> <span class='ocrx_word' id='word_1_143' title='bbox 592 1982 842 2052; x_wconf 85' lang='lat' dir='ltr'><strong>prudenti</strong></span> <span class='ocrx_word' id='word_1_144' title='bbox 883 1983 1001 2036; x_wconf 88' lang='lat' dir='ltr'><strong>viro</strong></span> <span class='ocrx_word' id='word_1_145' title='bbox 1040 1984 1258 2037; x_wconf 90' lang='lat' dir='ltr'><strong>domino</strong></span> <span class='ocrx_word' id='word_1_146' title='bbox 1301 1982 1499 2038; x_wconf 83' lang='lat' dir='ltr'><strong>Nontin</strong></span> <span class='ocrx_word' id='word_1_147' title='bbox 1540 1984 1605 2037; x_wconf 90' lang='lat' dir='ltr'><strong>de</strong></span> <span class='ocrx_word' id='word_1_148' title='bbox 1649 1984 1793 2037; x_wconf 90' lang='lat' dir='ltr'><strong>dicta</strong></span> 
     </span>
    </p>
   </div>
   <div class='ocr_carea' id='block_1_24' title="bbox 176 2052 1795 2125">
    <p class='ocr_par' dir='ltr' id='par_1_24' title="bbox 176 2052 1795 2125">
     <span class='ocr_line' id='line_1_26' title="bbox 176 2052 1795 2125; baseline -0.002 -14"><span class='ocrx_word' id='word_1_149' title='bbox 176 2056 427 2111; x_wconf 79' lang='lat' dir='ltr'><strong>Civitate</strong></span> <span class='ocrx_word' id='word_1_150' title='bbox 460 2053 710 2117; x_wconf 66' lang='lat' dir='ltr'><strong>Austrite,</strong></span> <span class='ocrx_word' id='word_1_151' title='bbox 742 2053 983 2125; x_wconf 76' lang='lat' dir='ltr'><strong>providis</strong></span> <span class='ocrx_word' id='word_1_152' title='bbox 1008 2054 1137 2107; x_wconf 90' lang='lat' dir='ltr'><strong>viris</strong></span> <span class='ocrx_word' id='word_1_153' title='bbox 1167 2052 1366 2109; x_wconf 82' lang='lat' dir='ltr'><strong>Jacobo</strong></span> <span class='ocrx_word' id='word_1_154' title='bbox 1395 2071 1486 2125; x_wconf 91' lang='lat' dir='ltr'><strong>qu.</strong></span> <span class='ocrx_word' id='word_1_155' title='bbox 1511 2069 1556 2108; x_wconf 92' lang='lat' dir='ltr'><strong>s.</strong></span> <span class='ocrx_word' id='word_1_156' title='bbox 1586 2053 1795 2125; x_wconf 69' lang='lat' dir='ltr'><strong>Nedoni</strong></span> 
     </span>
    </p>
   </div>
   <div class='ocr_carea' id='block_1_25' title="bbox 177 2123 1801 2193">
    <p class='ocr_par' dir='ltr' id='par_1_25' title="bbox 177 2123 1801 2193">
     <span class='ocr_line' id='line_1_27' title="bbox 177 2123 1801 2193; baseline -0.003 -10"><span class='ocrx_word' id='word_1_157' title='bbox 177 2129 243 2183; x_wconf 89' lang='lat' dir='ltr'><strong>de</strong></span> <span class='ocrx_word' id='word_1_158' title='bbox 291 2125 702 2185; x_wconf 82' lang='lat' dir='ltr'><strong>Formentinis,</strong></span> <span class='ocrx_word' id='word_1_159' title='bbox 740 2131 793 2177; x_wconf 90' lang='lat' dir='ltr'><strong>et</strong></span> <span class='ocrx_word' id='word_1_160' title='bbox 828 2123 1159 2180; x_wconf 86' lang='lat' dir='ltr'><strong>Hermacora</strong></span> <span class='ocrx_word' id='word_1_161' title='bbox 1203 2123 1446 2180; x_wconf 84' lang='lat' dir='ltr'><strong>Cerdone</strong></span> <span class='ocrx_word' id='word_1_162' title='bbox 1477 2140 1567 2193; x_wconf 88' lang='lat' dir='ltr'><strong>qu.</strong></span> <span class='ocrx_word' id='word_1_163' title='bbox 1603 2124 1801 2179; x_wconf 67' lang='lat' dir='ltr'><strong>Bortu~</strong></span> 
     </span>
    </p>
   </div>
   <div class='ocr_carea' id='block_1_26' title="bbox 175 2193 1795 2266">
    <p class='ocr_par' dir='ltr' id='par_1_26' title="bbox 175 2193 1795 2266">
     <span class='ocr_line' id='line_1_28' title="bbox 175 2193 1795 2266; baseline -0.001 -13"><span class='ocrx_word' id='word_1_164' title='bbox 175 2199 292 2253; x_wconf 90' lang='lat' dir='ltr'><strong>lutii</strong></span> <span class='ocrx_word' id='word_1_165' title='bbox 323 2198 406 2252; x_wconf 89' lang='lat' dir='ltr'><strong>de</strong></span> <span class='ocrx_word' id='word_1_166' title='bbox 439 2198 609 2266; x_wconf 86' lang='lat' dir='ltr'><strong>burgo</strong></span> <span class='ocrx_word' id='word_1_167' title='bbox 628 2204 797 2265; x_wconf 63' lang='lat' dir='ltr'><strong>portm</strong></span> <span class='ocrx_word' id='word_1_168' title='bbox 818 2193 1083 2249; x_wconf 76' lang='lat' dir='ltr'><strong>Broxana:</strong></span> <span class='ocrx_word' id='word_1_169' title='bbox 1107 2196 1334 2251; x_wconf 86' lang='lat' dir='ltr'><strong>testibus</strong></span> <span class='ocrx_word' id='word_1_170' title='bbox 1356 2197 1423 2251; x_wconf 93' lang='lat' dir='ltr'><strong>ad</strong></span> <span class='ocrx_word' id='word_1_171' title='bbox 1452 2196 1567 2251; x_wconf 70' lang='lat' dir='ltr'><strong>haec</strong></span> <span class='ocrx_word' id='word_1_172' title='bbox 1590 2196 1795 2251; x_wconf 84' lang='lat' dir='ltr'><strong>vocatis</strong></span> 
     </span>
    </p>
   </div>
   <div class='ocr_carea' id='block_1_27' title="bbox 178 2267 849 2340">
    <p class='ocr_par' dir='ltr' id='par_1_27' title="bbox 178 2267 849 2340">
     <span class='ocr_line' id='line_1_29' title="bbox 178 2267 849 2340; baseline -0.009 -15"><span class='ocrx_word' id='word_1_173' title='bbox 178 2269 513 2340; x_wconf 70' lang='lat' dir='ltr'><strong>specialiter</strong></span> <span class='ocrx_word' id='word_1_174' title='bbox 541 2276 593 2340; x_wconf 79' lang='lat' dir='ltr'><strong>et</strong></span> <span class='ocrx_word' id='word_1_175' title='bbox 615 2267 849 2340; x_wconf 72' lang='lat' dir='ltr'><strong>rogatis.</strong></span> 
     </span>
    </p>
   </div>
   <div class='ocr_carea' id='block_1_28' title="bbox 247 2335 1795 2408">
    <p class='ocr_par' dir='ltr' id='par_1_28' title="bbox 247 2335 1795 2408">
     <span class='ocr_line' id='line_1_30' title="bbox 247 2335 1795 2408; baseline -0.003 -12"><span class='ocrx_word' id='word_1_176' title='bbox 247 2342 454 2408; x_wconf 80' lang='lat' dir='ltr'><strong>Ibique</strong></span> <span class='ocrx_word' id='word_1_177' title='bbox 501 2335 713 2392; x_wconf 76' lang='lat' dir='ltr'><strong>nobiles</strong></span> <span class='ocrx_word' id='word_1_178' title='bbox 735 2346 790 2408; x_wconf 87' lang='lat' dir='ltr'><strong>et</strong></span> <span class='ocrx_word' id='word_1_179' title='bbox 826 2335 1203 2407; x_wconf 81' lang='lat' dir='ltr'><strong>circumspecti</strong></span> <span class='ocrx_word' id='word_1_180' title='bbox 1246 2337 1346 2391; x_wconf 91' lang='lat' dir='ltr'><strong>viri</strong></span> <span class='ocrx_word' id='word_1_181' title='bbox 1397 2353 1442 2393; x_wconf 89' lang='lat' dir='ltr'><strong>s.</strong></span> <span class='ocrx_word' id='word_1_182' title='bbox 1472 2336 1795 2392; x_wconf 83' lang='lat' dir='ltr'><strong>Franciscus</strong></span> 
     </span>
    </p>
   </div>
   <div class='ocr_carea' id='block_1_29' title="bbox 180 2406 1794 2478">
    <p class='ocr_par' dir='ltr' id='par_1_29' title="bbox 180 2406 1794 2478">
     <span class='ocr_line' id='line_1_31' title="bbox 180 2406 1794 2478; baseline -0.002 -12"><span class='ocrx_word' id='word_1_183' title='bbox 180 2413 243 2466; x_wconf 87' lang='lat' dir='ltr'><strong>de</strong></span> <span class='ocrx_word' id='word_1_184' title='bbox 285 2406 620 2474; x_wconf 79' lang='lat' dir='ltr'><strong>Claricinis,</strong></span> <span class='ocrx_word' id='word_1_185' title='bbox 654 2424 699 2461; x_wconf 87' lang='lat' dir='ltr'><strong>s.</strong></span> <span class='ocrx_word' id='word_1_186' title='bbox 732 2406 996 2478; x_wconf 78' lang='lat' dir='ltr'><strong>Georgius</strong></span> <span class='ocrx_word' id='word_1_187' title='bbox 1039 2406 1176 2463; x_wconf 89' lang='lat' dir='ltr'><strong>Cont</strong></span> <span class='ocrx_word' id='word_1_188' title='bbox 1217 2425 1307 2477; x_wconf 89' lang='lat' dir='ltr'><strong>qu.</strong></span> <span class='ocrx_word' id='word_1_189' title='bbox 1340 2424 1385 2463; x_wconf 91' lang='lat' dir='ltr'><strong>s.</strong></span> <span class='ocrx_word' id='word_1_190' title='bbox 1424 2408 1686 2478; x_wconf 88' lang='lat' dir='ltr'><strong>Bernardi</strong></span> <span class='ocrx_word' id='word_1_191' title='bbox 1728 2408 1794 2463; x_wconf 87' lang='lat' dir='ltr'><strong>de</strong></span> 
     </span>
    </p>
   </div>
   <div class='ocr_carea' id='block_1_30' title="bbox 178 2477 1796 2554">
    <p class='ocr_par' dir='ltr' id='par_1_30' title="bbox 178 2477 1796 2554">
     <span class='ocr_line' id='line_1_32' title="bbox 178 2477 1796 2554; baseline -0.003 -16"><span class='ocrx_word' id='word_1_192' title='bbox 178 2483 365 2554; x_wconf 86' lang='lat' dir='ltr'><strong>burgo</strong></span> <span class='ocrx_word' id='word_1_193' title='bbox 392 2489 580 2554; x_wconf 81' lang='lat' dir='ltr'><strong>ponte,</strong></span> <span class='ocrx_word' id='word_1_194' title='bbox 614 2488 669 2554; x_wconf 82' lang='lat' dir='ltr'><strong>et</strong></span> <span class='ocrx_word' id='word_1_195' title='bbox 698 2494 743 2533; x_wconf 94' lang='lat' dir='ltr'><strong>s.</strong></span> <span class='ocrx_word' id='word_1_196' title='bbox 769 2477 952 2554; x_wconf 54' lang='lat' dir='ltr'><strong>fl‘anus</strong></span> <span class='ocrx_word' id='word_1_197' title='bbox 980 2494 1090 2554; x_wconf 25' lang='lat' dir='ltr'><strong>qui</strong></span> <span class='ocrx_word' id='word_1_198' title='bbox 1110 2496 1154 2534; x_wconf 94' lang='lat' dir='ltr'><strong>s.</strong></span> <span class='ocrx_word' id='word_1_199' title='bbox 1187 2479 1418 2554; x_wconf 86' lang='lat' dir='ltr'><strong>Philippi</strong></span> <span class='ocrx_word' id='word_1_200' title='bbox 1447 2480 1514 2533; x_wconf 92' lang='lat' dir='ltr'><strong>de</strong></span> <span class='ocrx_word' id='word_1_201' title='bbox 1540 2477 1689 2554; x_wconf 83' lang='lat' dir='ltr'><strong>Cotis</strong></span> <span class='ocrx_word' id='word_1_202' title='bbox 1719 2480 1796 2554; x_wconf 91' lang='lat' dir='ltr'><strong>ci-</strong></span> 
     </span>
    </p>
   </div>
   <div class='ocr_carea' id='block_1_31' title="bbox 176 2549 1793 2620">
    <p class='ocr_par' dir='ltr' id='par_1_31' title="bbox 176 2549 1793 2620">
     <span class='ocr_line' id='line_1_33' title="bbox 176 2549 1793 2620; baseline -0.003 -11"><span class='ocrx_word' id='word_1_203' title='bbox 176 2570 271 2609; x_wconf 82' lang='lat' dir='ltr'><strong>ves</strong></span> <span class='ocrx_word' id='word_1_204' title='bbox 285 2549 570 2608; x_wconf 46' lang='lat' dir='ltr'><strong>&#39;Civitatis</strong></span> <span class='ocrx_word' id='word_1_205' title='bbox 598 2549 833 2604; x_wconf 66' lang='lat' dir='ltr'><strong>Austrize</strong></span> <span class='ocrx_word' id='word_1_206' title='bbox 864 2564 965 2619; x_wconf 91' lang='lat' dir='ltr'><strong>pro</strong></span> <span class='ocrx_word' id='word_1_207' title='bbox 1011 2549 1368 2619; x_wconf 73' lang='lat' dir='ltr'><strong>infrascriptis</strong></span> <span class='ocrx_word' id='word_1_208' title='bbox 1397 2551 1714 2620; x_wconf 82' lang='lat' dir='ltr'><strong>peragendis</strong></span> <span class='ocrx_word' id='word_1_209' title='bbox 1739 2550 1793 2604; x_wconf 90' lang='lat' dir='ltr'><strong>in</strong></span> 
     </span>
    </p>
   </div>
   <div class='ocr_carea' id='block_1_32' title="bbox 176 2620 1794 2695">
    <p class='ocr_par' dir='ltr' id='par_1_32' title="bbox 176 2620 1794 2695">
     <span class='ocr_line' id='line_1_34' title="bbox 176 2620 1794 2695; baseline -0.001 -18"><span class='ocrx_word' id='word_1_210' title='bbox 176 2625 347 2695; x_wconf 86' lang='lat' dir='ltr'><strong>pleno</strong></span> <span class='ocrx_word' id='word_1_211' title='bbox 379 2621 700 2695; x_wconf 10' lang='lat' dir='ltr'><strong>consilioeet</strong></span> <span class='ocrx_word' id='word_1_212' title='bbox 745 2635 948 2691; x_wconf 89' lang='lat' dir='ltr'><strong>arengo</strong></span> <span class='ocrx_word' id='word_1_213' title='bbox 994 2621 1256 2695; x_wconf 77' lang='lat' dir='ltr'><strong>deputati,</strong></span> <span class='ocrx_word' id='word_1_214' title='bbox 1291 2620 1554 2695; x_wconf 79' lang='lat' dir='ltr'><strong>habentes</strong></span> <span class='ocrx_word' id='word_1_215' title='bbox 1579 2621 1646 2673; x_wconf 92' lang='lat' dir='ltr'><strong>ad</strong></span> <span class='ocrx_word' id='word_1_216' title='bbox 1678 2622 1794 2676; x_wconf 78' lang='lat' dir='ltr'><strong>haec</strong></span> 
     </span>
    </p>
   </div>
   <div class='ocr_carea' id='block_1_33' title="bbox 179 2691 1795 2765">
    <p class='ocr_par' dir='ltr' id='par_1_33' title="bbox 179 2691 1795 2765">
     <span class='ocr_line' id='line_1_35' title="bbox 179 2691 1795 2765; baseline -0.003 -16"><span class='ocrx_word' id='word_1_217' title='bbox 179 2691 491 2765; x_wconf 78' lang='lat' dir='ltr'><strong>specialem</strong></span> <span class='ocrx_word' id='word_1_218' title='bbox 509 2701 565 2765; x_wconf 87' lang='lat' dir='ltr'><strong>et</strong></span> <span class='ocrx_word' id='word_1_219' title='bbox 584 2693 810 2765; x_wconf 86' lang='lat' dir='ltr'><strong>plenam</strong></span> <span class='ocrx_word' id='word_1_220' title='bbox 823 2691 1261 2765; x_wconf 85' lang='lat' dir='ltr'><strong>commissiouem</strong></span> <span class='ocrx_word' id='word_1_221' title='bbox 1284 2707 1314 2745; x_wconf 92' lang='lat' dir='ltr'><strong>a</strong></span> <span class='ocrx_word' id='word_1_222' title='bbox 1338 2692 1621 2765; x_wconf 78' lang='lat' dir='ltr'><strong>magnifica</strong></span> <span class='ocrx_word' id='word_1_223' title='bbox 1646 2706 1795 2746; x_wconf 91' lang='lat' dir='ltr'><strong>com-</strong></span> 
     </span>
    </p>
   </div>
   <div class='ocr_carea' id='block_1_34' title="bbox 177 2761 1796 2832">
    <p class='ocr_par' dir='ltr' id='par_1_34' title="bbox 177 2761 1796 2832">
     <span class='ocr_line' id='line_1_36' title="bbox 177 2761 1796 2832; baseline -0.002 -12"><span class='ocrx_word' id='word_1_224' title='bbox 177 2761 461 2821; x_wconf 84' lang='lat' dir='ltr'><strong>munitate</strong></span> <span class='ocrx_word' id='word_1_225' title='bbox 498 2762 746 2818; x_wconf 87' lang='lat' dir='ltr'><strong>Civitatis</strong></span> <span class='ocrx_word' id='word_1_226' title='bbox 785 2761 1017 2816; x_wconf 69' lang='lat' dir='ltr'><strong>Austris:</strong></span> <span class='ocrx_word' id='word_1_227' title='bbox 1056 2762 1347 2832; x_wconf 63' lang='lat' dir='ltr'><strong>praedictae,</strong></span> <span class='ocrx_word' id='word_1_228' title='bbox 1376 2761 1445 2817; x_wconf 85' lang='lat' dir='ltr'><strong>ac</strong></span> <span class='ocrx_word' id='word_1_229' title='bbox 1472 2763 1587 2817; x_wconf 88' lang='lat' dir='ltr'><strong>vice</strong></span> <span class='ocrx_word' id='word_1_230' title='bbox 1614 2771 1666 2816; x_wconf 90' lang='lat' dir='ltr'><strong>et</strong></span> <span class='ocrx_word' id='word_1_231' title='bbox 1698 2778 1796 2817; x_wconf 87' lang='lat' dir='ltr'><strong>uo-</strong></span> 
     </span>
    </p>
   </div>
   <div class='ocr_carea' id='block_1_35' title="bbox 178 2832 1792 2905">
    <p class='ocr_par' dir='ltr' id='par_1_35' title="bbox 178 2832 1792 2905">
     <span class='ocr_line' id='line_1_37' title="bbox 178 2832 1792 2905; baseline -0.002 -13"><span class='ocrx_word' id='word_1_232' title='bbox 178 2838 331 2892; x_wconf 87' lang='lat' dir='ltr'><strong>mine</strong></span> <span class='ocrx_word' id='word_1_233' title='bbox 386 2835 566 2905; x_wconf 90' lang='lat' dir='ltr'><strong>ipsius</strong></span> <span class='ocrx_word' id='word_1_234' title='bbox 616 2832 913 2903; x_wconf 66' lang='lat' dir='ltr'><strong>magnificze</strong></span> <span class='ocrx_word' id='word_1_235' title='bbox 961 2834 1391 2897; x_wconf 89' lang='lat' dir='ltr'><strong>communitatis,</strong></span> <span class='ocrx_word' id='word_1_236' title='bbox 1437 2848 1499 2888; x_wconf 89' lang='lat' dir='ltr'><strong>ac</strong></span> <span class='ocrx_word' id='word_1_237' title='bbox 1530 2847 1631 2901; x_wconf 91' lang='lat' dir='ltr'><strong>pro</strong></span> <span class='ocrx_word' id='word_1_238' title='bbox 1678 2833 1792 2905; x_wconf 90' lang='lat' dir='ltr'><strong>ipsa</strong></span> 
     </span>
    </p>
   </div>
   <div class='ocr_carea' id='block_1_36' title="bbox 183 2904 1793 2977">
    <p class='ocr_par' dir='ltr' id='par_1_36' title="bbox 183 2904 1793 2977">
     <span class='ocr_line' id='line_1_38' title="bbox 183 2904 1793 2977; baseline -0.002 -16"><span class='ocrx_word' id='word_1_239' title='bbox 183 2904 425 2977; x_wconf 82' lang='lat' dir='ltr'><strong>agentes</strong></span> <span class='ocrx_word' id='word_1_240' title='bbox 446 2921 523 2977; x_wconf 83' lang='lat' dir='ltr'><strong>ex</strong></span> <span class='ocrx_word' id='word_1_241' title='bbox 556 2918 663 2977; x_wconf 88' lang='lat' dir='ltr'><strong>una</strong></span> <span class='ocrx_word' id='word_1_242' title='bbox 690 2911 883 2973; x_wconf 89' lang='lat' dir='ltr'><strong>parte:</strong></span> <span class='ocrx_word' id='word_1_243' title='bbox 916 2905 1321 2977; x_wconf 77' lang='lat' dir='ltr'><strong>considerantes</strong></span> <span class='ocrx_word' id='word_1_244' title='bbox 1358 2919 1493 2977; x_wconf 86' lang='lat' dir='ltr'><strong>opus</strong></span> <span class='ocrx_word' id='word_1_245' title='bbox 1528 2904 1793 2977; x_wconf 71' lang='lat' dir='ltr'><strong>et_:editi—</strong></span> 
     </span>
    </p>
   </div>
   <div class='ocr_carea' id='block_1_37' title="bbox 181 2974 1796 3044">
    <p class='ocr_par' dir='ltr' id='par_1_37' title="bbox 181 2974 1796 3044">
     <span class='ocr_line' id='line_1_39' title="bbox 181 2974 1796 3044; baseline -0.003 -11"><span class='ocrx_word' id='word_1_246' title='bbox 181 2974 330 3033; x_wconf 75' lang='lat' dir='ltr'><strong>cium</strong></span> <span class='ocrx_word' id='word_1_247' title='bbox 364 2976 783 3044; x_wconf 81' lang='lat' dir='ltr'><strong>infrascriptum</strong></span> <span class='ocrx_word' id='word_1_248' title='bbox 812 2974 1177 3043; x_wconf 84' lang='lat' dir='ltr'><strong>peragendum</strong></span> <span class='ocrx_word' id='word_1_249' title='bbox 1204 2990 1310 3028; x_wconf 90' lang='lat' dir='ltr'><strong>non</strong></span> <span class='ocrx_word' id='word_1_250' title='bbox 1344 2975 1517 3029; x_wconf 91' lang='lat' dir='ltr'><strong>solum</strong></span> <span class='ocrx_word' id='word_1_251' title='bbox 1544 2975 1612 3028; x_wconf 91' lang='lat' dir='ltr'><strong>ad</strong></span> <span class='ocrx_word' id='word_1_252' title='bbox 1636 2990 1796 3028; x_wconf 88' lang='lat' dir='ltr'><strong>orna-</strong></span> 
     </span>
    </p>
   </div>
   <div class='ocr_carea' id='block_1_38' title="bbox 181 3044 1793 3114">
    <p class='ocr_par' dir='ltr' id='par_1_38' title="bbox 181 3044 1793 3114">
     <span class='ocr_line' id='line_1_40' title="bbox 181 3044 1793 3114; baseline -0.002 -10"><span class='ocrx_word' id='word_1_253' title='bbox 181 3058 441 3104; x_wconf 86' lang='lat' dir='ltr'><strong>mentum</strong></span> <span class='ocrx_word' id='word_1_254' title='bbox 488 3056 545 3101; x_wconf 88' lang='lat' dir='ltr'><strong>et</strong></span> <span class='ocrx_word' id='word_1_255' title='bbox 591 3046 839 3100; x_wconf 87' lang='lat' dir='ltr'><strong>decorem</strong></span> <span class='ocrx_word' id='word_1_256' title='bbox 887 3045 1056 3114; x_wconf 89' lang='lat' dir='ltr'><strong>ipsius</strong></span> <span class='ocrx_word' id='word_1_257' title='bbox 1100 3044 1346 3099; x_wconf 90' lang='lat' dir='ltr'><strong>Civitatis</strong></span> <span class='ocrx_word' id='word_1_258' title='bbox 1389 3045 1650 3109; x_wconf 74' lang='lat' dir='ltr'><strong>Austrize,</strong></span> <span class='ocrx_word' id='word_1_259' title='bbox 1699 3046 1793 3100; x_wconf 88' lang='lat' dir='ltr'><strong>sed</strong></span> 
     </span>
    </p>
   </div>
   <div class='ocr_carea' id='block_1_39' title="bbox 180 3115 1794 3186">
    <p class='ocr_par' dir='ltr' id='par_1_39' title="bbox 180 3115 1794 3186">
     <span class='ocr_line' id='line_1_41' title="bbox 180 3115 1794 3186; baseline -0.002 -11"><span class='ocrx_word' id='word_1_260' title='bbox 180 3121 354 3175; x_wconf 85' lang='lat' dir='ltr'><strong>etiam</strong></span> <span class='ocrx_word' id='word_1_261' title='bbox 378 3120 452 3173; x_wconf 85' lang='lat' dir='ltr'><strong>ad</strong></span> <span class='ocrx_word' id='word_1_262' title='bbox 478 3117 692 3171; x_wconf 88' lang='lat' dir='ltr'><strong>laudem</strong></span> <span class='ocrx_word' id='word_1_263' title='bbox 724 3130 1064 3169; x_wconf 88' lang='lat' dir='ltr'><strong>communem</strong></span> <span class='ocrx_word' id='word_1_264' title='bbox 1087 3123 1143 3169; x_wconf 87' lang='lat' dir='ltr'><strong>et</strong></span> <span class='ocrx_word' id='word_1_265' title='bbox 1172 3116 1461 3170; x_wconf 90' lang='lat' dir='ltr'><strong>utilitatem</strong></span> <span class='ocrx_word' id='word_1_266' title='bbox 1485 3115 1794 3186; x_wconf 59' lang='lat' dir='ltr'><strong>reipublicae</strong></span> 
     </span>
    </p>
   </div>
   <div class='ocr_carea' id='block_1_40' title="bbox 181 3187 1793 3255">
    <p class='ocr_par' dir='ltr' id='par_1_40' title="bbox 181 3187 1793 3255">
     <span class='ocr_line' id='line_1_42' title="bbox 181 3187 1793 3255; baseline -0.002 -10"><span class='ocrx_word' id='word_1_267' title='bbox 181 3207 295 3246; x_wconf 71' lang='lat' dir='ltr'><strong>sua:</strong></span> <span class='ocrx_word' id='word_1_268' title='bbox 336 3190 757 3250; x_wconf 71' lang='lat' dir='ltr'><strong>accrescendze,</strong></span> <span class='ocrx_word' id='word_1_269' title='bbox 799 3187 1207 3241; x_wconf 80' lang='lat' dir='ltr'><strong>considerantes</strong></span> <span class='ocrx_word' id='word_1_270' title='bbox 1241 3188 1448 3241; x_wconf 84' lang='lat' dir='ltr'><strong>crebris</strong></span> <span class='ocrx_word' id='word_1_271' title='bbox 1489 3189 1793 3255; x_wconf 84' lang='lat' dir='ltr'><strong>sumptibus</strong></span> 
     </span>
    </p>
   </div>
   <div class='ocr_carea' id='block_1_41' title="bbox 1898 571 3487 634">
    <p class='ocr_par' dir='ltr' id='par_1_41' title="bbox 1898 571 3487 634">
     <span class='ocr_line' id='line_1_43' title="bbox 1898 571 3487 634; baseline 0.003 -11"><span class='ocrx_word' id='word_1_272' title='bbox 1898 571 2041 624; x_wconf 88' lang='lat' dir='ltr'><strong>latus</strong></span> <span class='ocrx_word' id='word_1_273' title='bbox 2080 586 2202 624; x_wconf 90' lang='lat' dir='ltr'><strong>cum</strong></span> <span class='ocrx_word' id='word_1_274' title='bbox 2247 571 2628 634; x_wconf 82' lang='lat' dir='ltr'><strong>fundamentis,</strong></span> <span class='ocrx_word' id='word_1_275' title='bbox 2663 580 2717 624; x_wconf 89' lang='lat' dir='ltr'><strong>et</strong></span> <span class='ocrx_word' id='word_1_276' title='bbox 2760 572 3047 626; x_wconf 87' lang='lat' dir='ltr'><strong>armaturis</strong></span> <span class='ocrx_word' id='word_1_277' title='bbox 3076 572 3395 627; x_wconf 87' lang='lat' dir='ltr'><strong>necessariis</strong></span> <span class='ocrx_word' id='word_1_278' title='bbox 3430 583 3487 628; x_wconf 91' lang='lat' dir='ltr'><strong>et</strong></span> 
     </span>
    </p>
   </div>
   <div class='ocr_carea' id='block_1_42' title="bbox 1898 641 3483 713">
    <p class='ocr_par' dir='ltr' id='par_1_42' title="bbox 1898 641 3483 713">
     <span class='ocr_line' id='line_1_44' title="bbox 1898 641 3483 713; baseline 0.003 -17"><span class='ocrx_word' id='word_1_279' title='bbox 1898 642 2218 713; x_wconf 86' lang='lat' dir='ltr'><strong>opportunis</strong></span> <span class='ocrx_word' id='word_1_280' title='bbox 2272 641 2680 713; x_wconf 87' lang='lat' dir='ltr'><strong>quibuscunque</strong></span> <span class='ocrx_word' id='word_1_281' title='bbox 2728 652 2782 696; x_wconf 90' lang='lat' dir='ltr'><strong>et</strong></span> <span class='ocrx_word' id='word_1_282' title='bbox 2846 643 3213 713; x_wconf 88' lang='lat' dir='ltr'><strong>cujuscunque</strong></span> <span class='ocrx_word' id='word_1_283' title='bbox 3268 647 3483 713; x_wconf 79' lang='lat' dir='ltr'><strong>generis</strong></span> 
     </span>
    </p>
   </div>
   <div class='ocr_carea' id='block_1_43' title="bbox 1896 712 3483 783">
    <p class='ocr_par' dir='ltr' id='par_1_43' title="bbox 1896 712 3483 783">
     <span class='ocr_line' id='line_1_45' title="bbox 1896 712 3483 783; baseline 0.003 -18"><span class='ocrx_word' id='word_1_284' title='bbox 1896 712 2048 783; x_wconf 78' lang='lat' dir='ltr'><strong>verbi</strong></span> <span class='ocrx_word' id='word_1_285' title='bbox 2078 712 2270 782; x_wconf 84' lang='lat' dir='ltr'><strong>gratia,</strong></span> <span class='ocrx_word' id='word_1_286' title='bbox 2300 720 2407 766; x_wconf 91' lang='lat' dir='ltr'><strong>tam</strong></span> <span class='ocrx_word' id='word_1_287' title='bbox 2434 713 2513 783; x_wconf 9' lang='lat' dir='ltr'><strong>Vde</strong></span> <span class='ocrx_word' id='word_1_288' title='bbox 2543 712 2836 783; x_wconf 87' lang='lat' dir='ltr'><strong>lignamine</strong></span> <span class='ocrx_word' id='word_1_289' title='bbox 2871 712 2983 768; x_wconf 86' lang='lat' dir='ltr'><strong>sive</strong></span> <span class='ocrx_word' id='word_1_290' title='bbox 3009 714 3188 782; x_wconf 80' lang='lat' dir='ltr'><strong>lignis,</strong></span> <span class='ocrx_word' id='word_1_291' title='bbox 3222 712 3385 782; x_wconf 84' lang='lat' dir='ltr'><strong>quam</strong></span> <span class='ocrx_word' id='word_1_292' title='bbox 3418 718 3483 770; x_wconf 91' lang='lat' dir='ltr'><strong>de</strong></span> 
     </span>
    </p>
   </div>
   <div class='ocr_carea' id='block_1_44' title="bbox 1896 780 3484 854">
    <p class='ocr_par' dir='ltr' id='par_1_44' title="bbox 1896 780 3484 854">
     <span class='ocr_line' id='line_1_46' title="bbox 1896 780 3484 854; baseline 0.003 -18"><span class='ocrx_word' id='word_1_293' title='bbox 1896 780 2063 854; x_wconf 75' lang='lat' dir='ltr'><strong>ferro,</strong></span> <span class='ocrx_word' id='word_1_294' title='bbox 2088 780 2143 835; x_wconf 80' lang='lat' dir='ltr'><strong>et</strong></span> <span class='ocrx_word' id='word_1_295' title='bbox 2178 798 2299 836; x_wconf 89' lang='lat' dir='ltr'><strong>cum</strong></span> <span class='ocrx_word' id='word_1_296' title='bbox 2339 780 2605 851; x_wconf 81' lang='lat' dir='ltr'><strong>lapidibus</strong></span> <span class='ocrx_word' id='word_1_297' title='bbox 2632 784 2910 852; x_wconf 87' lang='lat' dir='ltr'><strong>quadratis</strong></span> <span class='ocrx_word' id='word_1_298' title='bbox 2938 794 2993 839; x_wconf 89' lang='lat' dir='ltr'><strong>et</strong></span> <span class='ocrx_word' id='word_1_299' title='bbox 3018 780 3212 854; x_wconf 81' lang='lat' dir='ltr'><strong>picatis</strong></span> <span class='ocrx_word' id='word_1_300' title='bbox 3240 780 3270 838; x_wconf 80' lang='lat' dir='ltr'><strong>a</strong></span> <span class='ocrx_word' id='word_1_301' title='bbox 3300 786 3484 840; x_wconf 81' lang='lat' dir='ltr'><strong>lateri-</strong></span> 
     </span>
    </p>
   </div>
   <div class='ocr_carea' id='block_1_45' title="bbox 1828 852 3481 922">
    <p class='ocr_par' dir='ltr' id='par_1_45' title="bbox 1828 852 3481 922">
     <span class='ocr_line' id='line_1_47' title="bbox 1828 852 3481 922; baseline 0.003 -17"><span class='ocrx_word' id='word_1_302' title='bbox 1828 886 1841 899; x_wconf 77' lang='grc'><strong><em>.</em></strong></span> <span class='ocrx_word' id='word_1_303' title='bbox 1897 852 2017 907; x_wconf 91' lang='lat' dir='ltr'><strong>bus.</strong></span> <span class='ocrx_word' id='word_1_304' title='bbox 2060 854 2188 906; x_wconf 87' lang='lat' dir='ltr'><strong>Item</strong></span> <span class='ocrx_word' id='word_1_305' title='bbox 2232 854 2374 921; x_wconf 90' lang='lat' dir='ltr'><strong>quod</strong></span> <span class='ocrx_word' id='word_1_306' title='bbox 2404 855 2577 907; x_wconf 89' lang='lat' dir='ltr'><strong>dictus</strong></span> <span class='ocrx_word' id='word_1_307' title='bbox 2608 868 2744 922; x_wconf 91' lang='lat' dir='ltr'><strong>pons</strong></span> <span class='ocrx_word' id='word_1_308' title='bbox 2780 855 2973 909; x_wconf 84' lang='lat' dir='ltr'><strong>debeat</strong></span> <span class='ocrx_word' id='word_1_309' title='bbox 3006 852 3126 910; x_wconf 82' lang='lat' dir='ltr'><strong>esse</strong></span> <span class='ocrx_word' id='word_1_310' title='bbox 3156 855 3422 910; x_wconf 86' lang='lat' dir='ltr'><strong>relevatus</strong></span> <span class='ocrx_word' id='word_1_311' title='bbox 3450 872 3481 910; x_wconf 92' lang='lat' dir='ltr'><strong>a</strong></span> 
     </span>
    </p>
   </div>
   <div class='ocr_carea' id='block_1_46' title="bbox 1896 923 3483 995">
    <p class='ocr_par' dir='ltr' id='par_1_46' title="bbox 1896 923 3483 995">
     <span class='ocr_line' id='line_1_48' title="bbox 1896 923 3483 995; baseline 0.003 -19"><span class='ocrx_word' id='word_1_312' title='bbox 1896 923 2156 977; x_wconf 89' lang='lat' dir='ltr'><strong>lateribus</strong></span> <span class='ocrx_word' id='word_1_313' title='bbox 2176 940 2297 995; x_wconf 83' lang='lat' dir='ltr'><strong>cum</strong></span> <span class='ocrx_word' id='word_1_314' title='bbox 2322 925 2507 995; x_wconf 89' lang='lat' dir='ltr'><strong>merlis</strong></span> <span class='ocrx_word' id='word_1_315' title='bbox 2534 925 2921 979; x_wconf 85' lang='lat' dir='ltr'><strong>honorabiliter</strong></span> <span class='ocrx_word' id='word_1_316' title='bbox 2944 925 3100 979; x_wconf 91' lang='lat' dir='ltr'><strong>factis</strong></span> <span class='ocrx_word' id='word_1_317' title='bbox 3123 928 3188 980; x_wconf 87' lang='lat' dir='ltr'><strong>de</strong></span> <span class='ocrx_word' id='word_1_318' title='bbox 3218 927 3483 995; x_wconf 88' lang='lat' dir='ltr'><strong>lapidibus</strong></span> 
     </span>
    </p>
   </div>
   <div class='ocr_carea' id='block_1_47' title="bbox 1897 994 3483 1066">
    <p class='ocr_par' dir='ltr' id='par_1_47' title="bbox 1897 994 3483 1066">
     <span class='ocr_line' id='line_1_49' title="bbox 1897 994 3483 1066; baseline 0.003 -19"><span class='ocrx_word' id='word_1_319' title='bbox 1897 996 2060 1048; x_wconf 91' lang='lat' dir='ltr'><strong>etiam</strong></span> <span class='ocrx_word' id='word_1_320' title='bbox 2085 994 2365 1066; x_wconf 83' lang='lat' dir='ltr'><strong>quadratis</strong></span> <span class='ocrx_word' id='word_1_321' title='bbox 2385 1004 2434 1066; x_wconf 86' lang='lat' dir='ltr'><strong>et</strong></span> <span class='ocrx_word' id='word_1_322' title='bbox 2464 996 2674 1064; x_wconf 87' lang='lat' dir='ltr'><strong>picatis.</strong></span> <span class='ocrx_word' id='word_1_323' title='bbox 2716 997 2782 1052; x_wconf 82' lang='lat' dir='ltr'><strong>Et</strong></span> <span class='ocrx_word' id='word_1_324' title='bbox 2823 996 2867 1049; x_wconf 90' lang='lat' dir='ltr'><strong>si</strong></span> <span class='ocrx_word' id='word_1_325' title='bbox 2896 996 3157 1065; x_wconf 86' lang='lat' dir='ltr'><strong>placuerit</strong></span> <span class='ocrx_word' id='word_1_326' title='bbox 3183 994 3483 1066; x_wconf 74' lang='lat' dir='ltr'><strong>magniﬁcae</strong></span> 
     </span>
    </p>
   </div>
   <div class='ocr_carea' id='block_1_48' title="bbox 1897 1065 3484 1137">
    <p class='ocr_par' dir='ltr' id='par_1_48' title="bbox 1897 1065 3484 1137">
     <span class='ocr_line' id='line_1_50' title="bbox 1897 1065 3484 1137; baseline 0.003 -18"><span class='ocrx_word' id='word_1_327' title='bbox 1897 1065 2272 1137; x_wconf 81' lang='lat' dir='ltr'><strong>communitati</strong></span> <span class='ocrx_word' id='word_1_328' title='bbox 2307 1065 2554 1137; x_wconf 81' lang='lat' dir='ltr'><strong>Civitatis</strong></span> <span class='ocrx_word' id='word_1_329' title='bbox 2575 1067 2827 1137; x_wconf 76' lang='lat' dir='ltr'><strong>Austrim,</strong></span> <span class='ocrx_word' id='word_1_330' title='bbox 2853 1067 2921 1121; x_wconf 90' lang='lat' dir='ltr'><strong>ad</strong></span> <span class='ocrx_word' id='word_1_331' title='bbox 2951 1082 3111 1136; x_wconf 89' lang='lat' dir='ltr'><strong>quam</strong></span> <span class='ocrx_word' id='word_1_332' title='bbox 3138 1065 3345 1137; x_wconf 81' lang='lat' dir='ltr'><strong>spectat</strong></span> <span class='ocrx_word' id='word_1_333' title='bbox 3375 1069 3484 1123; x_wconf 82' lang='lat' dir='ltr'><strong>cle-</strong></span> 
     </span>
    </p>
   </div>
   <div class='ocr_carea' id='block_1_49' title="bbox 1898 1135 3481 1212">
    <p class='ocr_par' dir='ltr' id='par_1_49' title="bbox 1898 1135 3481 1212">
     <span class='ocr_line' id='line_1_51' title="bbox 1898 1135 3481 1212; baseline 0.002 -22"><span class='ocrx_word' id='word_1_334' title='bbox 1898 1138 2027 1200; x_wconf 90' lang='lat' dir='ltr'><strong>ctio,</strong></span> <span class='ocrx_word' id='word_1_335' title='bbox 2051 1135 2336 1212; x_wconf 57' lang='lat' dir='ltr'><strong>pra‘faclus</strong></span> <span class='ocrx_word' id='word_1_336' title='bbox 2364 1136 2624 1206; x_wconf 83' lang='lat' dir='ltr'><strong>magister</strong></span> <span class='ocrx_word' id='word_1_337' title='bbox 2645 1136 2949 1212; x_wconf 81' lang='lat' dir='ltr'><strong>Jacobuset</strong></span> <span class='ocrx_word' id='word_1_338' title='bbox 2973 1135 3108 1212; x_wconf 81' lang='lat' dir='ltr'><strong>socii</strong></span> <span class='ocrx_word' id='word_1_339' title='bbox 3135 1135 3217 1191; x_wconf 86' lang='lat' dir='ltr'><strong>sui</strong></span> <span class='ocrx_word' id='word_1_340' title='bbox 3240 1140 3481 1212; x_wconf 81' lang='lat' dir='ltr'><strong>magistri</strong></span> 
     </span>
    </p>
   </div>
   <div class='ocr_carea' id='block_1_50' title="bbox 1898 1205 3484 1277">
    <p class='ocr_par' dir='ltr' id='par_1_50' title="bbox 1898 1205 3484 1277">
     <span class='ocr_line' id='line_1_52' title="bbox 1898 1205 3484 1277; baseline 0.003 -17"><span class='ocrx_word' id='word_1_341' title='bbox 1898 1218 1952 1260; x_wconf 90' lang='lat' dir='ltr'><strong>et</strong></span> <span class='ocrx_word' id='word_1_342' title='bbox 1973 1205 2333 1274; x_wconf 85' lang='lat' dir='ltr'><strong>coadjutores,</strong></span> <span class='ocrx_word' id='word_1_343' title='bbox 2354 1205 2489 1275; x_wconf 88' lang='lat' dir='ltr'><strong>quos</strong></span> <span class='ocrx_word' id='word_1_344' title='bbox 2511 1223 2693 1260; x_wconf 83' lang='lat' dir='ltr'><strong>secum</strong></span> <span class='ocrx_word' id='word_1_345' title='bbox 2721 1208 2968 1277; x_wconf 84' lang='lat' dir='ltr'><strong>accipiet,</strong></span> <span class='ocrx_word' id='word_1_346' title='bbox 2988 1208 3200 1271; x_wconf 87' lang='lat' dir='ltr'><strong>debeat,</strong></span> <span class='ocrx_word' id='word_1_347' title='bbox 3222 1218 3275 1262; x_wconf 90' lang='lat' dir='ltr'><strong>et</strong></span> <span class='ocrx_word' id='word_1_348' title='bbox 3303 1205 3484 1264; x_wconf 79' lang='lat' dir='ltr'><strong>tenea-</strong></span> 
     </span>
    </p>
   </div>
   <div class='ocr_carea' id='block_1_51' title="bbox 1897 1277 3486 1345">
    <p class='ocr_par' dir='ltr' id='par_1_51' title="bbox 1897 1277 3486 1345">
     <span class='ocr_line' id='line_1_53' title="bbox 1897 1277 3486 1345; baseline 0.002 -15"><span class='ocrx_word' id='word_1_349' title='bbox 1897 1287 2007 1340; x_wconf 87' lang='lat' dir='ltr'><strong>tur,</strong></span> <span class='ocrx_word' id='word_1_350' title='bbox 2049 1278 2388 1345; x_wconf 87' lang='lat' dir='ltr'><strong>debeantqne</strong></span> <span class='ocrx_word' id='word_1_351' title='bbox 2436 1287 2489 1331; x_wconf 90' lang='lat' dir='ltr'><strong>et</strong></span> <span class='ocrx_word' id='word_1_352' title='bbox 2534 1287 2818 1331; x_wconf 74' lang='lat' dir='ltr'><strong>teneantur</strong></span> <span class='ocrx_word' id='word_1_353' title='bbox 2862 1277 3149 1343; x_wconf 64' lang='lat' dir='ltr'><strong>aediﬁcare,</strong></span> <span class='ocrx_word' id='word_1_354' title='bbox 3191 1278 3389 1343; x_wconf 86' lang='lat' dir='ltr'><strong>facere,</strong></span> <span class='ocrx_word' id='word_1_355' title='bbox 3433 1290 3486 1335; x_wconf 87' lang='lat' dir='ltr'><strong>ct</strong></span> 
     </span>
    </p>
   </div>
   <div class='ocr_carea' id='block_1_52' title="bbox 1897 1348 3486 1417">
    <p class='ocr_par' dir='ltr' id='par_1_52' title="bbox 1897 1348 3486 1417">
     <span class='ocr_line' id='line_1_54' title="bbox 1897 1348 3486 1417; baseline 0.001 -15"><span class='ocrx_word' id='word_1_356' title='bbox 1897 1357 2213 1402; x_wconf 90' lang='lat' dir='ltr'><strong>construere</strong></span> <span class='ocrx_word' id='word_1_357' title='bbox 2242 1349 2443 1402; x_wconf 86' lang='lat' dir='ltr'><strong>dictum</strong></span> <span class='ocrx_word' id='word_1_358' title='bbox 2482 1357 2698 1417; x_wconf 87' lang='lat' dir='ltr'><strong>pontem</strong></span> <span class='ocrx_word' id='word_1_359' title='bbox 2727 1364 2847 1403; x_wconf 90' lang='lat' dir='ltr'><strong>cum</strong></span> <span class='ocrx_word' id='word_1_360' title='bbox 2879 1348 3085 1403; x_wconf 90' lang='lat' dir='ltr'><strong>duobus</strong></span> <span class='ocrx_word' id='word_1_361' title='bbox 3119 1351 3353 1404; x_wconf 88' lang='lat' dir='ltr'><strong>arcubus</strong></span> <span class='ocrx_word' id='word_1_362' title='bbox 3394 1352 3486 1404; x_wconf 78' lang='lat' dir='ltr'><strong>lir-</strong></span> 
     </span>
    </p>
   </div>
   <div class='ocr_carea' id='block_1_53' title="bbox 1896 1419 3480 1489">
    <p class='ocr_par' dir='ltr' id='par_1_53' title="bbox 1896 1419 3480 1489">
     <span class='ocr_line' id='line_1_55' title="bbox 1896 1419 3480 1489; baseline 0.002 -17"><span class='ocrx_word' id='word_1_363' title='bbox 1896 1419 2056 1472; x_wconf 89' lang='lat' dir='ltr'><strong>matis</strong></span> <span class='ocrx_word' id='word_1_364' title='bbox 2094 1434 2256 1487; x_wconf 89' lang='lat' dir='ltr'><strong>super</strong></span> <span class='ocrx_word' id='word_1_365' title='bbox 2286 1419 2390 1488; x_wconf 91' lang='lat' dir='ltr'><strong>pila</strong></span> <span class='ocrx_word' id='word_1_366' title='bbox 2423 1420 2487 1473; x_wconf 90' lang='lat' dir='ltr'><strong>de</strong></span> <span class='ocrx_word' id='word_1_367' title='bbox 2513 1419 2708 1482; x_wconf 89' lang='lat' dir='ltr'><strong>medio,</strong></span> <span class='ocrx_word' id='word_1_368' title='bbox 2736 1434 2898 1488; x_wconf 92' lang='lat' dir='ltr'><strong>quam</strong></span> <span class='ocrx_word' id='word_1_369' title='bbox 2925 1421 2993 1473; x_wconf 91' lang='lat' dir='ltr'><strong>ad</strong></span> <span class='ocrx_word' id='word_1_370' title='bbox 3021 1435 3259 1489; x_wconf 65' lang='lat' dir='ltr'><strong>praesens</strong></span> <span class='ocrx_word' id='word_1_371' title='bbox 3285 1431 3480 1487; x_wconf 72' lang='lat' dir='ltr'><strong>exstat,</strong></span> 
     </span>
    </p>
   </div>
   <div class='ocr_carea' id='block_1_54' title="bbox 1897 1490 3486 1558">
    <p class='ocr_par' dir='ltr' id='par_1_54' title="bbox 1897 1490 3486 1558">
     <span class='ocr_line' id='line_1_56' title="bbox 1897 1490 3486 1558; baseline 0.002 -15"><span class='ocrx_word' id='word_1_372' title='bbox 1897 1498 2100 1543; x_wconf 89' lang='lat' dir='ltr'><strong>etcum</strong></span> <span class='ocrx_word' id='word_1_373' title='bbox 2135 1504 2241 1543; x_wconf 92' lang='lat' dir='ltr'><strong>uno</strong></span> <span class='ocrx_word' id='word_1_374' title='bbox 2274 1490 2379 1542; x_wconf 90' lang='lat' dir='ltr'><strong>alio</strong></span> <span class='ocrx_word' id='word_1_375' title='bbox 2421 1504 2549 1543; x_wconf 89' lang='lat' dir='ltr'><strong>arcu</strong></span> <span class='ocrx_word' id='word_1_376' title='bbox 2583 1506 2746 1558; x_wconf 85' lang='lat' dir='ltr'><strong>super</strong></span> <span class='ocrx_word' id='word_1_377' title='bbox 2776 1491 2906 1543; x_wconf 91' lang='lat' dir='ltr'><strong>istos</strong></span> <span class='ocrx_word' id='word_1_378' title='bbox 2936 1490 3068 1544; x_wconf 91' lang='lat' dir='ltr'><strong>duos</strong></span> <span class='ocrx_word' id='word_1_379' title='bbox 3108 1506 3266 1546; x_wconf 87' lang='lat' dir='ltr'><strong>arcus</strong></span> <span class='ocrx_word' id='word_1_380' title='bbox 3307 1500 3486 1546; x_wconf 87' lang='lat' dir='ltr'><strong>trans-</strong></span> 
     </span>
    </p>
   </div>
   <div class='ocr_carea' id='block_1_55' title="bbox 1898 1559 3484 1633">
    <p class='ocr_par' dir='ltr' id='par_1_55' title="bbox 1898 1559 3484 1633">
     <span class='ocr_line' id='line_1_57' title="bbox 1898 1559 3484 1633; baseline 0.003 -20"><span class='ocrx_word' id='word_1_381' title='bbox 1898 1569 2058 1613; x_wconf 87' lang='lat' dir='ltr'><strong>eunte</strong></span> <span class='ocrx_word' id='word_1_382' title='bbox 2099 1559 2165 1633; x_wconf 85' lang='lat' dir='ltr'><strong>de</strong></span> <span class='ocrx_word' id='word_1_383' title='bbox 2194 1576 2301 1613; x_wconf 90' lang='lat' dir='ltr'><strong>uno</strong></span> <span class='ocrx_word' id='word_1_384' title='bbox 2347 1560 2618 1633; x_wconf 10' lang='lat' dir='ltr'><strong>lateretad</strong></span> <span class='ocrx_word' id='word_1_385' title='bbox 2665 1560 2808 1614; x_wconf 86' lang='lat' dir='ltr'><strong>aliud</strong></span> <span class='ocrx_word' id='word_1_386' title='bbox 2837 1561 2987 1633; x_wconf 81' lang='lat' dir='ltr'><strong>verbi</strong></span> <span class='ocrx_word' id='word_1_387' title='bbox 3018 1562 3191 1630; x_wconf 87' lang='lat' dir='ltr'><strong>gratia</strong></span> <span class='ocrx_word' id='word_1_388' title='bbox 3223 1564 3288 1617; x_wconf 89' lang='lat' dir='ltr'><strong>de</strong></span> <span class='ocrx_word' id='word_1_389' title='bbox 3330 1573 3484 1633; x_wconf 88' lang='lat' dir='ltr'><strong>parte</strong></span> 
     </span>
    </p>
   </div>
   <div class='ocr_carea' id='block_1_56' title="bbox 1895 1630 3484 1700">
    <p class='ocr_par' dir='ltr' id='par_1_56' title="bbox 1895 1630 3484 1700">
     <span class='ocr_line' id='line_1_58' title="bbox 1895 1630 3484 1700; baseline 0.004 -18"><span class='ocrx_word' id='word_1_390' title='bbox 1895 1646 2087 1684; x_wconf 90' lang='lat' dir='ltr'><strong>versus</strong></span> <span class='ocrx_word' id='word_1_391' title='bbox 2130 1630 2361 1700; x_wconf 87' lang='lat' dir='ltr'><strong>burgum</strong></span> <span class='ocrx_word' id='word_1_392' title='bbox 2388 1632 2569 1698; x_wconf 88' lang='lat' dir='ltr'><strong>pontis</strong></span> <span class='ocrx_word' id='word_1_393' title='bbox 2592 1646 2763 1700; x_wconf 92' lang='lat' dir='ltr'><strong>usque</strong></span> <span class='ocrx_word' id='word_1_394' title='bbox 2792 1631 2860 1685; x_wconf 91' lang='lat' dir='ltr'><strong>ad</strong></span> <span class='ocrx_word' id='word_1_395' title='bbox 2885 1639 3095 1700; x_wconf 89' lang='lat' dir='ltr'><strong>partem</strong></span> <span class='ocrx_word' id='word_1_396' title='bbox 3132 1630 3484 1689; x_wconf 47' lang='lat' dir='ltr'><strong>versus—civi-</strong></span> 
     </span>
    </p>
   </div>
   <div class='ocr_carea' id='block_1_57' title="bbox 1896 1702 3482 1774">
    <p class='ocr_par' dir='ltr' id='par_1_57' title="bbox 1896 1702 3482 1774">
     <span class='ocr_line' id='line_1_59' title="bbox 1896 1702 3482 1774; baseline 0.004 -21"><span class='ocrx_word' id='word_1_397' title='bbox 1896 1709 2060 1774; x_wconf 81' lang='lat' dir='ltr'><strong>tatem</strong></span> <span class='ocrx_word' id='word_1_398' title='bbox 2092 1715 2225 1774; x_wconf 68' lang='lat' dir='ltr'><strong>cum</strong></span> <span class='ocrx_word' id='word_1_399' title='bbox 2269 1702 2558 1757; x_wconf 87' lang='lat' dir='ltr'><strong>armaturis</strong></span> <span class='ocrx_word' id='word_1_400' title='bbox 2594 1710 2647 1755; x_wconf 90' lang='lat' dir='ltr'><strong>et</strong></span> <span class='ocrx_word' id='word_1_401' title='bbox 2677 1702 2881 1774; x_wconf 88' lang='lat' dir='ltr'><strong>merlis,</strong></span> <span class='ocrx_word' id='word_1_402' title='bbox 2918 1710 2976 1755; x_wconf 91' lang='lat' dir='ltr'><strong>ut</strong></span> <span class='ocrx_word' id='word_1_403' title='bbox 3003 1718 3184 1773; x_wconf 89' lang='lat' dir='ltr'><strong>supra.</strong></span> <span class='ocrx_word' id='word_1_404' title='bbox 3224 1704 3300 1758; x_wconf 89' lang='lat' dir='ltr'><strong>Ita</strong></span> <span class='ocrx_word' id='word_1_405' title='bbox 3340 1707 3482 1774; x_wconf 89' lang='lat' dir='ltr'><strong>quod</strong></span> 
     </span>
    </p>
   </div>
   <div class='ocr_carea' id='block_1_58' title="bbox 1896 1769 3483 1844">
    <p class='ocr_par' dir='ltr' id='par_1_58' title="bbox 1896 1769 3483 1844">
     <span class='ocr_line' id='line_1_60' title="bbox 1896 1769 3483 1844; baseline 0.005 -22"><span class='ocrx_word' id='word_1_406' title='bbox 1896 1770 1967 1844; x_wconf 62' lang='lat' dir='ltr'><strong>sit</strong></span> <span class='ocrx_word' id='word_1_407' title='bbox 2006 1771 2060 1823; x_wconf 91' lang='lat' dir='ltr'><strong>in</strong></span> <span class='ocrx_word' id='word_1_408' title='bbox 2092 1769 2342 1825; x_wconf 87' lang='lat' dir='ltr'><strong>libertate</strong></span> <span class='ocrx_word' id='word_1_409' title='bbox 2384 1774 2784 1844; x_wconf 89' lang='lat' dir='ltr'><strong>communitatis</strong></span> <span class='ocrx_word' id='word_1_410' title='bbox 2823 1769 3135 1844; x_wconf 45' lang='lat' dir='ltr'><strong>eligendi—si</strong></span> <span class='ocrx_word' id='word_1_411' title='bbox 3180 1775 3323 1829; x_wconf 89' lang='lat' dir='ltr'><strong>volet</strong></span> <span class='ocrx_word' id='word_1_412' title='bbox 3357 1769 3483 1831; x_wconf 53' lang='lat' dir='ltr'><strong>&#39;lieri</strong></span> 
     </span>
    </p>
   </div>
   <div class='ocr_carea' id='block_1_59' title="bbox 1897 1841 3486 1910">
    <p class='ocr_par' dir='ltr' id='par_1_59' title="bbox 1897 1841 3486 1910">
     <span class='ocr_line' id='line_1_61' title="bbox 1897 1841 3486 1910; baseline 0.005 -16"><span class='ocrx_word' id='word_1_413' title='bbox 1897 1841 2071 1910; x_wconf 90' lang='lat' dir='ltr'><strong>ipsum</strong></span> <span class='ocrx_word' id='word_1_414' title='bbox 2104 1852 2319 1907; x_wconf 91' lang='lat' dir='ltr'><strong>pontem</strong></span> <span class='ocrx_word' id='word_1_415' title='bbox 2344 1843 2423 1896; x_wconf 87' lang='lat' dir='ltr'><strong>vel</strong></span> <span class='ocrx_word' id='word_1_416' title='bbox 2461 1860 2582 1897; x_wconf 88' lang='lat' dir='ltr'><strong>cum</strong></span> <span class='ocrx_word' id='word_1_417' title='bbox 2623 1846 2829 1898; x_wconf 92' lang='lat' dir='ltr'><strong>duobus</strong></span> <span class='ocrx_word' id='word_1_418' title='bbox 2858 1841 3092 1899; x_wconf 70' lang='lat' dir='ltr'><strong>arcubus</strong></span> <span class='ocrx_word' id='word_1_419' title='bbox 3120 1845 3204 1900; x_wconf 89' lang='lat' dir='ltr'><strong>vel</strong></span> <span class='ocrx_word' id='word_1_420' title='bbox 3239 1862 3360 1900; x_wconf 91' lang='lat' dir='ltr'><strong>cum</strong></span> <span class='ocrx_word' id='word_1_421' title='bbox 3390 1848 3486 1901; x_wconf 85' lang='lat' dir='ltr'><strong>tri-</strong></span> 
     </span>
    </p>
   </div>
   <div class='ocr_carea' id='block_1_60' title="bbox 1900 1913 2655 1981">
    <p class='ocr_par' dir='ltr' id='par_1_60' title="bbox 1900 1913 2655 1981">
     <span class='ocr_line' id='line_1_62' title="bbox 1900 1913 2655 1981; baseline 0.001 -16"><span class='ocrx_word' id='word_1_422' title='bbox 1900 1913 2021 1977; x_wconf 91' lang='lat' dir='ltr'><strong>bus,</strong></span> <span class='ocrx_word' id='word_1_423' title='bbox 2051 1923 2109 1965; x_wconf 84' lang='lat' dir='ltr'><strong>ut</strong></span> <span class='ocrx_word' id='word_1_424' title='bbox 2136 1928 2297 1981; x_wconf 88' lang='lat' dir='ltr'><strong>supra</strong></span> <span class='ocrx_word' id='word_1_425' title='bbox 2326 1914 2529 1967; x_wconf 85' lang='lat' dir='ltr'><strong>dictum</strong></span> <span class='ocrx_word' id='word_1_426' title='bbox 2552 1922 2655 1968; x_wconf 90' lang='lat' dir='ltr'><strong>est.</strong></span> 
     </span>
    </p>
   </div>
   <div class='ocr_carea' id='block_1_61' title="bbox 1969 1983 3488 2054">
    <p class='ocr_par' dir='ltr' id='par_1_61' title="bbox 1969 1983 3488 2054">
     <span class='ocr_line' id='line_1_63' title="bbox 1969 1983 3488 2054; baseline 0.005 -19"><span class='ocrx_word' id='word_1_427' title='bbox 1969 1983 2100 2054; x_wconf 85' lang='lat' dir='ltr'><strong>item</strong></span> <span class='ocrx_word' id='word_1_428' title='bbox 2149 1984 2290 2052; x_wconf 87' lang='lat' dir='ltr'><strong>quod</strong></span> <span class='ocrx_word' id='word_1_429' title='bbox 2340 2000 2501 2053; x_wconf 87' lang='lat' dir='ltr'><strong>super</strong></span> <span class='ocrx_word' id='word_1_430' title='bbox 2546 1987 2688 2039; x_wconf 91' lang='lat' dir='ltr'><strong>dicto</strong></span> <span class='ocrx_word' id='word_1_431' title='bbox 2715 1994 2895 2054; x_wconf 88' lang='lat' dir='ltr'><strong>.ponte</strong></span> <span class='ocrx_word' id='word_1_432' title='bbox 2941 1983 3137 2039; x_wconf 88' lang='lat' dir='ltr'><strong>debeat</strong></span> <span class='ocrx_word' id='word_1_433' title='bbox 3180 1986 3297 2041; x_wconf 84' lang='lat' dir='ltr'><strong>ﬁeri</strong></span> <span class='ocrx_word' id='word_1_434' title='bbox 3346 2004 3488 2043; x_wconf 90' lang='lat' dir='ltr'><strong>unus</strong></span> 
     </span>
    </p>
   </div>
   <div class='ocr_carea' id='block_1_62' title="bbox 1895 2053 3485 2124">
    <p class='ocr_par' dir='ltr' id='par_1_62' title="bbox 1895 2053 3485 2124">
     <span class='ocr_line' id='line_1_64' title="bbox 1895 2053 3485 2124; baseline 0.004 -18"><span class='ocrx_word' id='word_1_435' title='bbox 1895 2068 2031 2123; x_wconf 91' lang='lat' dir='ltr'><strong>pons</strong></span> <span class='ocrx_word' id='word_1_436' title='bbox 2066 2053 2358 2110; x_wconf 89' lang='lat' dir='ltr'><strong>levatorius</strong></span> <span class='ocrx_word' id='word_1_437' title='bbox 2398 2055 2535 2124; x_wconf 90' lang='lat' dir='ltr'><strong>apud</strong></span> <span class='ocrx_word' id='word_1_438' title='bbox 2579 2053 2772 2109; x_wconf 82' lang='lat' dir='ltr'><strong>turrim</strong></span> <span class='ocrx_word' id='word_1_439' title='bbox 2809 2074 2873 2111; x_wconf 79' lang='lat' dir='ltr'><strong>ex</strong></span> <span class='ocrx_word' id='word_1_440' title='bbox 2915 2055 3084 2110; x_wconf 87' lang='lat' dir='ltr'><strong>latere</strong></span> <span class='ocrx_word' id='word_1_441' title='bbox 3114 2057 3348 2111; x_wconf 89' lang='lat' dir='ltr'><strong>civitatis</strong></span> <span class='ocrx_word' id='word_1_442' title='bbox 3391 2075 3485 2113; x_wconf 89' lang='lat' dir='ltr'><strong>seu</strong></span> 
     </span>
    </p>
   </div>
   <div class='ocr_carea' id='block_1_63' title="bbox 1895 2126 3487 2184">
    <p class='ocr_par' dir='ltr' id='par_1_63' title="bbox 1895 2126 3487 2184">
     <span class='ocr_line' id='line_1_65' title="bbox 1895 2126 3487 2184; baseline 0.004 -7"><span class='ocrx_word' id='word_1_443' title='bbox 1895 2139 2089 2179; x_wconf 89' lang='lat' dir='ltr'><strong>versus</strong></span> <span class='ocrx_word' id='word_1_444' title='bbox 2132 2126 2406 2180; x_wconf 88' lang='lat' dir='ltr'><strong>civitatem</strong></span> <span class='ocrx_word' id='word_1_445' title='bbox 2453 2142 2576 2180; x_wconf 90' lang='lat' dir='ltr'><strong>cum</strong></span> <span class='ocrx_word' id='word_1_446' title='bbox 2614 2142 2721 2181; x_wconf 90' lang='lat' dir='ltr'><strong>uno</strong></span> <span class='ocrx_word' id='word_1_447' title='bbox 2760 2128 3069 2181; x_wconf 90' lang='lat' dir='ltr'><strong>barbacano</strong></span> <span class='ocrx_word' id='word_1_448' title='bbox 3113 2128 3225 2183; x_wconf 88' lang='lat' dir='ltr'><strong>sive</strong></span> <span class='ocrx_word' id='word_1_449' title='bbox 3261 2130 3487 2184; x_wconf 90' lang='lat' dir='ltr'><strong>rivelino</strong></span> 
     </span>
    </p>
   </div>
   <div class='ocr_carea' id='block_1_64' title="bbox 1897 2194 2202 2249">
    <p class='ocr_par' dir='ltr' id='par_1_64' title="bbox 1897 2194 2202 2249">
     <span class='ocr_line' id='line_1_66' title="bbox 1897 2194 2202 2249; baseline 0.003 -1"><span class='ocrx_word' id='word_1_450' title='bbox 1897 2194 2202 2249; x_wconf 84' lang='lat' dir='ltr'><strong>suﬂicienti.</strong></span> 
     </span>
    </p>
   </div>
   <div class='ocr_carea' id='block_1_65' title="bbox 1966 2266 3490 2338">
    <p class='ocr_par' dir='ltr' id='par_1_65' title="bbox 1966 2266 3490 2338">
     <span class='ocr_line' id='line_1_67' title="bbox 1966 2266 3490 2338; baseline 0.005 -20"><span class='ocrx_word' id='word_1_451' title='bbox 1966 2266 2098 2319; x_wconf 88' lang='lat' dir='ltr'><strong>Item</strong></span> <span class='ocrx_word' id='word_1_452' title='bbox 2129 2267 2272 2334; x_wconf 89' lang='lat' dir='ltr'><strong>quod</strong></span> <span class='ocrx_word' id='word_1_453' title='bbox 2312 2268 2486 2338; x_wconf 87' lang='lat' dir='ltr'><strong>dictus</strong></span> <span class='ocrx_word' id='word_1_454' title='bbox 2526 2268 2786 2338; x_wconf 81' lang='lat' dir='ltr'><strong>magister</strong></span> <span class='ocrx_word' id='word_1_455' title='bbox 2812 2266 3046 2325; x_wconf 83' lang='lat' dir='ltr'><strong>Jacobus</strong></span> <span class='ocrx_word' id='word_1_456' title='bbox 3081 2272 3277 2327; x_wconf 87' lang='lat' dir='ltr'><strong>debeat</strong></span> <span class='ocrx_word' id='word_1_457' title='bbox 3313 2279 3369 2324; x_wconf 90' lang='lat' dir='ltr'><strong>et</strong></span> <span class='ocrx_word' id='word_1_458' title='bbox 3410 2279 3490 2325; x_wconf 81' lang='lat' dir='ltr'><strong>te-</strong></span> 
     </span>
    </p>
   </div>
   <div class='ocr_carea' id='block_1_66' title="bbox 1896 2337 3488 2402">
    <p class='ocr_par' dir='ltr' id='par_1_66' title="bbox 1896 2337 3488 2402">
     <span class='ocr_line' id='line_1_68' title="bbox 1896 2337 3488 2402; baseline 0.004 -13"><span class='ocrx_word' id='word_1_459' title='bbox 1896 2345 2089 2389; x_wconf 90' lang='lat' dir='ltr'><strong>neatur</strong></span> <span class='ocrx_word' id='word_1_460' title='bbox 2133 2338 2397 2402; x_wconf 86' lang='lat' dir='ltr'><strong>invenire,</strong></span> <span class='ocrx_word' id='word_1_461' title='bbox 2444 2337 2648 2402; x_wconf 82' lang='lat' dir='ltr'><strong>fodere,</strong></span> <span class='ocrx_word' id='word_1_462' title='bbox 2686 2348 2741 2393; x_wconf 91' lang='lat' dir='ltr'><strong>et</strong></span> <span class='ocrx_word' id='word_1_463' title='bbox 2786 2339 3034 2395; x_wconf 90' lang='lat' dir='ltr'><strong>laborare</strong></span> <span class='ocrx_word' id='word_1_464' title='bbox 3071 2356 3260 2396; x_wconf 91' lang='lat' dir='ltr'><strong>omnes</strong></span> <span class='ocrx_word' id='word_1_465' title='bbox 3295 2350 3350 2395; x_wconf 90' lang='lat' dir='ltr'><strong>et</strong></span> <span class='ocrx_word' id='word_1_466' title='bbox 3378 2343 3488 2396; x_wconf 87' lang='lat' dir='ltr'><strong>sin-</strong></span> 
     </span>
    </p>
   </div>
   <div class='ocr_carea' id='block_1_67' title="bbox 1896 2406 3485 2479">
    <p class='ocr_par' dir='ltr' id='par_1_67' title="bbox 1896 2406 3485 2479">
     <span class='ocr_line' id='line_1_69' title="bbox 1896 2406 3485 2479; baseline 0.006 -22"><span class='ocrx_word' id='word_1_467' title='bbox 1896 2406 2048 2475; x_wconf 85' lang='lat' dir='ltr'><strong>gulos</strong></span> <span class='ocrx_word' id='word_1_468' title='bbox 2068 2416 2121 2461; x_wconf 90' lang='lat' dir='ltr'><strong>et</strong></span> <span class='ocrx_word' id='word_1_469' title='bbox 2144 2424 2494 2479; x_wconf 81' lang='lat' dir='ltr'><strong>quoscunque</strong></span> <span class='ocrx_word' id='word_1_470' title='bbox 2516 2408 2721 2479; x_wconf 83' lang='lat' dir='ltr'><strong>lapides</strong></span> <span class='ocrx_word' id='word_1_471' title='bbox 2749 2412 3107 2477; x_wconf 84' lang='lat' dir='ltr'><strong>necessarios,</strong></span> <span class='ocrx_word' id='word_1_472' title='bbox 3138 2412 3485 2477; x_wconf 75' lang='lat' dir='ltr'><strong>sufﬁcientes,</strong></span> 
     </span>
    </p>
   </div>
   <div class='ocr_carea' id='block_1_68' title="bbox 1894 2478 3488 2552">
    <p class='ocr_par' dir='ltr' id='par_1_68' title="bbox 1894 2478 3488 2552">
     <span class='ocr_line' id='line_1_70' title="bbox 1894 2478 3488 2552; baseline 0.005 -22"><span class='ocrx_word' id='word_1_473' title='bbox 1894 2486 2315 2552; x_wconf 89' lang='lat' dir='ltr'><strong>et_0pportunos</strong></span> <span class='ocrx_word' id='word_1_474' title='bbox 2372 2478 2741 2549; x_wconf 86' lang='lat' dir='ltr'><strong>cujuscunque</strong></span> <span class='ocrx_word' id='word_1_475' title='bbox 2799 2482 3011 2552; x_wconf 86' lang='lat' dir='ltr'><strong>generis</strong></span> <span class='ocrx_word' id='word_1_476' title='bbox 3060 2492 3113 2536; x_wconf 86' lang='lat' dir='ltr'><strong>et</strong></span> <span class='ocrx_word' id='word_1_477' title='bbox 3163 2484 3488 2538; x_wconf 82' lang='lat' dir='ltr'><strong>conditionis</strong></span> 
     </span>
    </p>
   </div>
   <div class='ocr_carea' id='block_1_69' title="bbox 1895 2548 3486 2623">
    <p class='ocr_par' dir='ltr' id='par_1_69' title="bbox 1895 2548 3486 2623">
     <span class='ocr_line' id='line_1_71' title="bbox 1895 2548 3486 2623; baseline 0.005 -23"><span class='ocrx_word' id='word_1_478' title='bbox 1895 2548 2132 2623; x_wconf 76' lang='lat' dir='ltr'><strong>existant</strong></span> <span class='ocrx_word' id='word_1_479' title='bbox 2193 2566 2292 2623; x_wconf 88' lang='lat' dir='ltr'><strong>pro</strong></span> <span class='ocrx_word' id='word_1_480' title='bbox 2351 2548 2752 2623; x_wconf 82' lang='lat' dir='ltr'><strong>constructiOne</strong></span> <span class='ocrx_word' id='word_1_481' title='bbox 2803 2548 2871 2605; x_wconf 56' lang='lat' dir='ltr'><strong>&#39;et</strong></span> <span class='ocrx_word' id='word_1_482' title='bbox 2933 2554 3324 2623; x_wconf 90' lang='lat' dir='ltr'><strong>complemento</strong></span> <span class='ocrx_word' id='word_1_483' title='bbox 3378 2564 3486 2608; x_wconf 87' lang='lat' dir='ltr'><strong>tam</strong></span> 
     </span>
    </p>
   </div>
   <div class='ocr_carea' id='block_1_70' title="bbox 1895 2618 3486 2690">
    <p class='ocr_par' dir='ltr' id='par_1_70' title="bbox 1895 2618 3486 2690">
     <span class='ocr_line' id='line_1_72' title="bbox 1895 2618 3486 2690; baseline 0.004 -19"><span class='ocrx_word' id='word_1_484' title='bbox 1895 2618 2066 2688; x_wconf 90' lang='lat' dir='ltr'><strong>ipsius</strong></span> <span class='ocrx_word' id='word_1_485' title='bbox 2106 2618 2287 2689; x_wconf 81' lang='lat' dir='ltr'><strong>pontis</strong></span> <span class='ocrx_word' id='word_1_486' title='bbox 2330 2637 2490 2690; x_wconf 88' lang='lat' dir='ltr'><strong>quam</strong></span> <span class='ocrx_word' id='word_1_487' title='bbox 2535 2622 3028 2689; x_wconf 79' lang='lat' dir='ltr'><strong>fundamentorum,</strong></span> <span class='ocrx_word' id='word_1_488' title='bbox 3058 2618 3263 2679; x_wconf 81' lang='lat' dir='ltr'><strong>etcum</strong></span> <span class='ocrx_word' id='word_1_489' title='bbox 3292 2624 3486 2679; x_wconf 78' lang='lat' dir='ltr'><strong>effectu</strong></span> 
     </span>
    </p>
   </div>
   <div class='ocr_carea' id='block_1_71' title="bbox 1897 2693 3485 2765">
    <p class='ocr_par' dir='ltr' id='par_1_71' title="bbox 1897 2693 3485 2765">
     <span class='ocr_line' id='line_1_73' title="bbox 1897 2693 3485 2765; baseline 0.004 -23"><span class='ocrx_word' id='word_1_490' title='bbox 1897 2697 2071 2765; x_wconf 80' lang='lat' dir='ltr'><strong>totum</strong></span> <span class='ocrx_word' id='word_1_491' title='bbox 2101 2701 2315 2759; x_wconf 85' lang='lat' dir='ltr'><strong>pontem</strong></span> <span class='ocrx_word' id='word_1_492' title='bbox 2356 2693 2465 2765; x_wconf 84' lang='lat' dir='ltr'><strong>suis</strong></span> <span class='ocrx_word' id='word_1_493' title='bbox 2500 2693 2801 2765; x_wconf 84' lang='lat' dir='ltr'><strong>sumptibus</strong></span> <span class='ocrx_word' id='word_1_494' title='bbox 2826 2702 2881 2749; x_wconf 91' lang='lat' dir='ltr'><strong>et</strong></span> <span class='ocrx_word' id='word_1_495' title='bbox 2915 2696 3165 2765; x_wconf 78' lang='lat' dir='ltr'><strong>expensis</strong></span> <span class='ocrx_word' id='word_1_496' title='bbox 3198 2695 3485 2765; x_wconf 84' lang='lat' dir='ltr'><strong>perlicere,</strong></span> 
     </span>
    </p>
   </div>
   <div class='ocr_carea' id='block_1_72' title="bbox 1894 2760 3489 2832">
    <p class='ocr_par' dir='ltr' id='par_1_72' title="bbox 1894 2760 3489 2832">
     <span class='ocr_line' id='line_1_74' title="bbox 1894 2760 3489 2832; baseline 0.004 -19"><span class='ocrx_word' id='word_1_497' title='bbox 1894 2760 2211 2832; x_wconf 17' lang='lat' dir='ltr'><strong>etﬂintegre</strong></span> <span class='ocrx_word' id='word_1_498' title='bbox 2262 2763 2565 2832; x_wconf 89' lang='lat' dir='ltr'><strong>complere,</strong></span> <span class='ocrx_word' id='word_1_499' title='bbox 2613 2760 2668 2817; x_wconf 76' lang='lat' dir='ltr'><strong>et</strong></span> <span class='ocrx_word' id='word_1_500' title='bbox 2721 2760 3376 2831; x_wconf 45' lang='lat' dir='ltr'><strong>laborare—squiCiL-nter,</strong></span> <span class='ocrx_word' id='word_1_501' title='bbox 3428 2760 3489 2819; x_wconf 83' lang='lat' dir='ltr'><strong>[i—</strong></span> 
     </span>
    </p>
   </div>
   <div class='ocr_carea' id='block_1_73' title="bbox 1896 2830 3490 2908">
    <p class='ocr_par' dir='ltr' id='par_1_73' title="bbox 1896 2830 3490 2908">
     <span class='ocr_line' id='line_1_75' title="bbox 1896 2830 3490 2908; baseline 0.005 -24"><span class='ocrx_word' id='word_1_502' title='bbox 1896 2830 2292 2908; x_wconf 34' lang='lat' dir='ltr'><strong>dcliter,’b_ona</strong></span> <span class='ocrx_word' id='word_1_503' title='bbox 2341 2830 2465 2898; x_wconf 81' lang='lat' dir='ltr'><strong>ﬁde,</strong></span> <span class='ocrx_word' id='word_1_504' title='bbox 2496 2842 2549 2887; x_wconf 90' lang='lat' dir='ltr'><strong>et</strong></span> <span class='ocrx_word' id='word_1_505' title='bbox 2595 2834 2711 2908; x_wconf 91' lang='lat' dir='ltr'><strong>sine</strong></span> <span class='ocrx_word' id='word_1_506' title='bbox 2751 2835 2959 2908; x_wconf 78' lang='lat' dir='ltr'><strong>fraude,</strong></span> <span class='ocrx_word' id='word_1_507' title='bbox 2993 2836 3067 2890; x_wconf 89' lang='lat' dir='ltr'><strong>ita</strong></span> <span class='ocrx_word' id='word_1_508' title='bbox 3117 2838 3259 2906; x_wconf 89' lang='lat' dir='ltr'><strong>quod</strong></span> <span class='ocrx_word' id='word_1_509' title='bbox 3282 2830 3490 2908; x_wconf 89' lang='lat' dir='ltr'><strong>judicio</strong></span> 
     </span>
    </p>
   </div>
   <div class='ocr_carea' id='block_1_74' title="bbox 1895 2903 3487 2989">
    <p class='ocr_par' dir='ltr' id='par_1_74' title="bbox 1895 2903 3487 2989">
     <span class='ocr_line' id='line_1_76' title="bbox 1895 2903 3487 2989; baseline 0.005 -34"><span class='ocrx_word' id='word_1_510' title='bbox 1895 2903 2154 2989; x_wconf 51' lang='lat' dir='ltr'><strong>omnium</strong></span> <span class='ocrx_word' id='word_1_511' title='bbox 2181 2904 2445 2985; x_wconf 72' lang='lat' dir='ltr'><strong>honorum</strong></span> <span class='ocrx_word' id='word_1_512' title='bbox 2488 2905 2871 2989; x_wconf 48' lang='lat' dir='ltr'><strong>magistro-nim</strong></span> <span class='ocrx_word' id='word_1_513' title='bbox 2910 2906 3086 2962; x_wconf 89' lang='lat' dir='ltr'><strong>dictus</strong></span> <span class='ocrx_word' id='word_1_514' title='bbox 3122 2903 3258 2989; x_wconf 79' lang='lat' dir='ltr'><strong>pons</strong></span> <span class='ocrx_word' id='word_1_515' title='bbox 3284 2903 3487 2975; x_wconf 75' lang='lat' dir='ltr'><strong>bonus,</strong></span> 
     </span>
    </p>
   </div>
   <div class='ocr_carea' id='block_1_75' title="bbox 1895 2970 3489 3043">
    <p class='ocr_par' dir='ltr' id='par_1_75' title="bbox 1895 2970 3489 3043">
     <span class='ocr_line' id='line_1_77' title="bbox 1895 2970 3489 3043; baseline 0.006 -18"><span class='ocrx_word' id='word_1_516' title='bbox 1895 2980 1949 3025; x_wconf 90' lang='lat' dir='ltr'><strong>et</strong></span> <span class='ocrx_word' id='word_1_517' title='bbox 1988 2970 2317 3028; x_wconf 76' lang='lat' dir='ltr'><strong>sufﬁcienter</strong></span> <span class='ocrx_word' id='word_1_518' title='bbox 2359 2975 2429 3029; x_wconf 90' lang='lat' dir='ltr'><strong>sit</strong></span> <span class='ocrx_word' id='word_1_519' title='bbox 2471 2982 2525 3028; x_wconf 91' lang='lat' dir='ltr'><strong>et</strong></span> <span class='ocrx_word' id='word_1_520' title='bbox 2562 2970 2681 3030; x_wconf 71' lang='lat' dir='ltr'><strong>esse</strong></span> <span class='ocrx_word' id='word_1_521' title='bbox 2723 2978 2944 3043; x_wconf 86' lang='lat' dir='ltr'><strong>debeat,</strong></span> <span class='ocrx_word' id='word_1_522' title='bbox 2989 2985 3044 3032; x_wconf 91' lang='lat' dir='ltr'><strong>et</strong></span> <span class='ocrx_word' id='word_1_523' title='bbox 3084 2970 3331 3032; x_wconf 85' lang='lat' dir='ltr'><strong>videatur</strong></span> <span class='ocrx_word' id='word_1_524' title='bbox 3368 2970 3489 3035; x_wconf 81' lang='lat' dir='ltr'><strong>esse</strong></span> 
     </span>
    </p>
   </div>
   <div class='ocr_carea' id='block_1_76' title="bbox 1897 3044 3491 3111">
    <p class='ocr_par' dir='ltr' id='par_1_76' title="bbox 1897 3044 3491 3111">
     <span class='ocr_line' id='line_1_78' title="bbox 1897 3044 3491 3111; baseline 0.004 -14"><span class='ocrx_word' id='word_1_525' title='bbox 1897 3052 2269 3109; x_wconf 89' lang='lat' dir='ltr'><strong>constructus,</strong></span> <span class='ocrx_word' id='word_1_526' title='bbox 2320 3044 2528 3111; x_wconf 90' lang='lat' dir='ltr'><strong>factus,</strong></span> <span class='ocrx_word' id='word_1_527' title='bbox 2573 3056 2627 3099; x_wconf 90' lang='lat' dir='ltr'><strong>et</strong></span> <span class='ocrx_word' id='word_1_528' title='bbox 2671 3047 2974 3111; x_wconf 89' lang='lat' dir='ltr'><strong>laboratus,</strong></span> <span class='ocrx_word' id='word_1_529' title='bbox 3023 3056 3079 3102; x_wconf 89' lang='lat' dir='ltr'><strong>et</strong></span> <span class='ocrx_word' id='word_1_530' title='bbox 3123 3049 3491 3104; x_wconf 89' lang='lat' dir='ltr'><strong>verisimiliter</strong></span> 
     </span>
    </p>
   </div>
   <div class='ocr_carea' id='block_1_77' title="bbox 1894 3117 3491 3189">
    <p class='ocr_par' dir='ltr' id='par_1_77' title="bbox 1894 3117 3491 3189">
     <span class='ocr_line' id='line_1_79' title="bbox 1894 3117 3491 3189; baseline 0.007 -24"><span class='ocrx_word' id='word_1_531' title='bbox 1894 3122 2157 3189; x_wconf 79' lang='lat' dir='ltr'><strong>perpetuo</strong></span> <span class='ocrx_word' id='word_1_532' title='bbox 2177 3117 2497 3189; x_wconf 83' lang='lat' dir='ltr'><strong>duraturus,</strong></span> <span class='ocrx_word' id='word_1_533' title='bbox 2523 3126 2692 3189; x_wconf 89' lang='lat' dir='ltr'><strong>prout</strong></span> <span class='ocrx_word' id='word_1_534' title='bbox 2719 3126 2774 3172; x_wconf 91' lang='lat' dir='ltr'><strong>et</strong></span> <span class='ocrx_word' id='word_1_535' title='bbox 2813 3119 2954 3174; x_wconf 89' lang='lat' dir='ltr'><strong>sicut</strong></span> <span class='ocrx_word' id='word_1_536' title='bbox 2984 3119 3091 3173; x_wconf 89' lang='lat' dir='ltr'><strong>tale</strong></span> <span class='ocrx_word' id='word_1_537' title='bbox 3120 3135 3254 3189; x_wconf 88' lang='lat' dir='ltr'><strong>opus</strong></span> <span class='ocrx_word' id='word_1_538' title='bbox 3280 3129 3335 3175; x_wconf 89' lang='lat' dir='ltr'><strong>et</strong></span> <span class='ocrx_word' id='word_1_539' title='bbox 3362 3122 3491 3176; x_wconf 63' lang='lat' dir='ltr'><strong>aedi-</strong></span> 
     </span>
    </p>
   </div>
   <div class='ocr_carea' id='block_1_78' title="bbox 1896 3184 3493 3263">
    <p class='ocr_par' dir='ltr' id='par_1_78' title="bbox 1896 3184 3493 3263">
     <span class='ocr_line' id='line_1_80' title="bbox 1896 3184 3493 3263; baseline 0.006 -27"><span class='ocrx_word' id='word_1_540' title='bbox 1896 3184 2077 3263; x_wconf 79' lang='lat' dir='ltr'><strong>licium</strong></span> <span class='ocrx_word' id='word_1_541' title='bbox 2104 3185 2271 3256; x_wconf 80' lang='lat' dir='ltr'><strong>exigit</strong></span> <span class='ocrx_word' id='word_1_542' title='bbox 2300 3196 2354 3240; x_wconf 91' lang='lat' dir='ltr'><strong>et</strong></span> <span class='ocrx_word' id='word_1_543' title='bbox 2380 3184 2611 3263; x_wconf 79' lang='lat' dir='ltr'><strong>requirit</strong></span> <span class='ocrx_word' id='word_1_544' title='bbox 2653 3198 2762 3263; x_wconf 88' lang='lat' dir='ltr'><strong>tam</strong></span> <span class='ocrx_word' id='word_1_545' title='bbox 2796 3190 2847 3243; x_wconf 91' lang='lat' dir='ltr'><strong>in</strong></span> <span class='ocrx_word' id='word_1_546' title='bbox 2880 3184 3248 3263; x_wconf 77' lang='lat' dir='ltr'><strong>fundamentis</strong></span> <span class='ocrx_word' id='word_1_547' title='bbox 3274 3200 3328 3245; x_wconf 90' lang='lat' dir='ltr'><strong>et</strong></span> <span class='ocrx_word' id='word_1_548' title='bbox 3357 3192 3493 3263; x_wconf 88' lang='lat' dir='ltr'><strong>liga-</strong></span> 
     </span>
    </p>
   </div>
   <div class='ocr_carea' id='block_1_79' title="bbox 180 3256 3489 3333">
    <p class='ocr_par' dir='ltr' id='par_1_79' title="bbox 180 3256 3489 3333">
     <span class='ocr_line' id='line_1_81' title="bbox 180 3256 3489 3333; baseline 0 -16"><span class='ocrx_word' id='word_1_549' title='bbox 180 3271 239 3317; x_wconf 90' lang='lat' dir='ltr'><strong>et</strong></span> <span class='ocrx_word' id='word_1_550' title='bbox 262 3262 555 3332; x_wconf 79' lang='lat' dir='ltr'><strong>expensis,</strong></span> <span class='ocrx_word' id='word_1_551' title='bbox 584 3259 779 3333; x_wconf 86' lang='lat' dir='ltr'><strong>quibus</strong></span> <span class='ocrx_word' id='word_1_552' title='bbox 812 3257 1069 3333; x_wconf 62' lang='lat' dir='ltr'><strong>praefacta</strong></span> <span class='ocrx_word' id='word_1_553' title='bbox 1104 3258 1387 3333; x_wconf 79' lang='lat' dir='ltr'><strong>magnifica</strong></span> <span class='ocrx_word' id='word_1_554' title='bbox 1430 3258 1795 3333; x_wconf 83' lang='lat' dir='ltr'><strong>communitas</strong></span> <span class='ocrx_word' id='word_1_555' title='bbox 1820 3269 1868 3332; x_wconf 72' lang='grc' dir='ltr'><strong>ς</strong></span> <span class='ocrx_word' id='word_1_556' title='bbox 1898 3256 2037 3333; x_wconf 69' lang='lat' dir='ltr'><strong>turis</strong></span> <span class='ocrx_word' id='word_1_557' title='bbox 2076 3264 2128 3309; x_wconf 89' lang='lat' dir='ltr'><strong>et</strong></span> <span class='ocrx_word' id='word_1_558' title='bbox 2169 3256 2484 3323; x_wconf 69' lang='lat' dir='ltr'><strong>armaturis,</strong></span> <span class='ocrx_word' id='word_1_559' title='bbox 2523 3274 2685 3328; x_wconf 89' lang='lat' dir='ltr'><strong>quam</strong></span> <span class='ocrx_word' id='word_1_560' title='bbox 2731 3260 2783 3313; x_wconf 91' lang='lat' dir='ltr'><strong>in</strong></span> <span class='ocrx_word' id='word_1_561' title='bbox 2826 3262 3080 3325; x_wconf 88' lang='lat' dir='ltr'><strong>arcubus,</strong></span> <span class='ocrx_word' id='word_1_562' title='bbox 3120 3272 3284 3331; x_wconf 90' lang='lat' dir='ltr'><strong>prout</strong></span> <span class='ocrx_word' id='word_1_563' title='bbox 3324 3256 3489 3333; x_wconf 72' lang='lat' dir='ltr'><strong>supra</strong></span> 
     </span>
    </p>
   </div>
   <div class='ocr_carea' id='block_1_80' title="bbox 179 3328 1794 3416">
    <p class='ocr_par' dir='ltr' id='par_1_80' title="bbox 179 3328 1794 3416">
     <span class='ocr_line' id='line_1_82' title="bbox 179 3328 1794 3416; baseline -0.003 -28"><span class='ocrx_word' id='word_1_564' title='bbox 179 3328 451 3416; x_wconf 42' lang='lat' dir='ltr'><strong>persaepe.</strong></span> <span class='ocrx_word' id='word_1_565' title='bbox 486 3330 722 3412; x_wconf 75' lang='lat' dir='ltr'><strong>onerari,</strong></span> <span class='ocrx_word' id='word_1_566' title='bbox 767 3337 822 3416; x_wconf 75' lang='lat' dir='ltr'><strong>et</strong></span> <span class='ocrx_word' id='word_1_567' title='bbox 854 3329 1069 3416; x_wconf 58' lang='lat' dir='ltr'><strong>gravari</strong></span> <span class='ocrx_word' id='word_1_568' title='bbox 1110 3328 1317 3409; x_wconf 80' lang='lat' dir='ltr'><strong>solebat</strong></span> <span class='ocrx_word' id='word_1_569' title='bbox 1354 3330 1407 3416; x_wconf 70' lang='lat' dir='ltr'><strong>in</strong></span> <span class='ocrx_word' id='word_1_570' title='bbox 1440 3330 1794 3416; x_wconf 62' lang='lat' dir='ltr'><strong>reparatione</strong></span> 
     </span>
    </p>
   </div>
   <div class='ocr_carea' id='block_1_81' title="bbox 179 3398 1796 3471">
    <p class='ocr_par' dir='ltr' id='par_1_81' title="bbox 179 3398 1796 3471">
     <span class='ocr_line' id='line_1_83' title="bbox 179 3398 1796 3471; baseline -0.003 -11"><span class='ocrx_word' id='word_1_571' title='bbox 179 3398 536 3471; x_wconf 73' lang='lat' dir='ltr'><strong>infrascripti</strong></span> <span class='ocrx_word' id='word_1_572' title='bbox 566 3401 746 3471; x_wconf 86' lang='lat' dir='ltr'><strong>pontis</strong></span> <span class='ocrx_word' id='word_1_573' title='bbox 776 3398 937 3468; x_wconf 85' lang='lat' dir='ltr'><strong>lignei</strong></span> <span class='ocrx_word' id='word_1_574' title='bbox 970 3398 1188 3469; x_wconf 82' lang='lat' dir='ltr'><strong>Majoris</strong></span> <span class='ocrx_word' id='word_1_575' title='bbox 1227 3400 1498 3471; x_wconf 89' lang='lat' dir='ltr'><strong>appellati,</strong></span> <span class='ocrx_word' id='word_1_576' title='bbox 1531 3400 1796 3471; x_wconf 77' lang='lat' dir='ltr'><strong>volentes-</strong></span> 
     </span>
    </p>
   </div>
   <div class='ocr_carea' id='block_1_82' title="bbox 178 3468 1798 3546">
    <p class='ocr_par' dir='ltr' id='par_1_82' title="bbox 178 3468 1798 3546">
     <span class='ocr_line' id='line_1_84' title="bbox 178 3468 1798 3546; baseline -0.004 -15"><span class='ocrx_word' id='word_1_577' title='bbox 178 3491 291 3546; x_wconf 89' lang='lat' dir='ltr'><strong>que</strong></span> <span class='ocrx_word' id='word_1_578' title='bbox 326 3468 553 3529; x_wconf 84' lang='lat' dir='ltr'><strong>tandem</strong></span> <span class='ocrx_word' id='word_1_579' title='bbox 566 3468 851 3546; x_wconf 77' lang='lat' dir='ltr'><strong>sublevari</strong></span> <span class='ocrx_word' id='word_1_580' title='bbox 878 3468 1183 3546; x_wconf 82' lang='lat' dir='ltr'><strong>hujusmodi</strong></span> <span class='ocrx_word' id='word_1_581' title='bbox 1211 3468 1417 3546; x_wconf 70' lang='lat' dir='ltr'><strong>crebris</strong></span> <span class='ocrx_word' id='word_1_582' title='bbox 1440 3478 1492 3524; x_wconf 92' lang='lat' dir='ltr'><strong>et</strong></span> <span class='ocrx_word' id='word_1_583' title='bbox 1520 3468 1634 3546; x_wconf 76' lang='lat' dir='ltr'><strong>fere</strong></span> <span class='ocrx_word' id='word_1_584' title='bbox 1664 3486 1798 3540; x_wconf 90' lang='lat' dir='ltr'><strong>quo-</strong></span> 
     </span>
    </p>
   </div>
   <div class='ocr_carea' id='block_1_83' title="bbox 138 3540 1798 3612">
    <p class='ocr_par' dir='ltr' id='par_1_83' title="bbox 138 3540 1798 3612">
     <span class='ocr_line' id='line_1_85' title="bbox 138 3540 1798 3612; baseline -0.003 -12"><span class='ocrx_word' id='word_1_585' title='bbox 138 3576 146 3583; x_wconf 85' lang='lat'><strong>-</strong></span> <span class='ocrx_word' id='word_1_586' title='bbox 177 3540 425 3602; x_wconf 76' lang='lat' dir='ltr'><strong>titlianis</strong></span> <span class='ocrx_word' id='word_1_587' title='bbox 453 3542 773 3612; x_wconf 88' lang='lat' dir='ltr'><strong>sumptibus,</strong></span> <span class='ocrx_word' id='word_1_588' title='bbox 800 3540 1113 3612; x_wconf 85' lang='lat' dir='ltr'><strong>pluriesque</strong></span> <span class='ocrx_word' id='word_1_589' title='bbox 1143 3540 1329 3596; x_wconf 87' lang='lat' dir='ltr'><strong>habita</strong></span> <span class='ocrx_word' id='word_1_590' title='bbox 1357 3541 1648 3612; x_wconf 83' lang='lat' dir='ltr'><strong>superinde</strong></span> <span class='ocrx_word' id='word_1_591' title='bbox 1684 3557 1798 3595; x_wconf 89' lang='lat' dir='ltr'><strong>ma-</strong></span> 
     </span>
    </p>
   </div>
   <div class='ocr_carea' id='block_1_84' title="bbox 178 3611 1796 3685">
    <p class='ocr_par' dir='ltr' id='par_1_84' title="bbox 178 3611 1796 3685">
     <span class='ocr_line' id='line_1_86' title="bbox 178 3611 1796 3685; baseline -0.003 -13"><span class='ocrx_word' id='word_1_592' title='bbox 178 3625 323 3671; x_wconf 87' lang='lat' dir='ltr'><strong>tura</strong></span> <span class='ocrx_word' id='word_1_593' title='bbox 352 3624 411 3671; x_wconf 85' lang='lat' dir='ltr'><strong>et</strong></span> <span class='ocrx_word' id='word_1_594' title='bbox 440 3611 673 3685; x_wconf 81' lang='lat' dir='ltr'><strong>diligenti</strong></span> <span class='ocrx_word' id='word_1_595' title='bbox 700 3611 1109 3685; x_wconf 84' lang='lat' dir='ltr'><strong>deliberatione,</strong></span> <span class='ocrx_word' id='word_1_596' title='bbox 1134 3621 1189 3666; x_wconf 90' lang='lat' dir='ltr'><strong>et</strong></span> <span class='ocrx_word' id='word_1_597' title='bbox 1215 3612 1430 3685; x_wconf 82' lang='lat' dir='ltr'><strong>cognito</strong></span> <span class='ocrx_word' id='word_1_598' title='bbox 1455 3611 1597 3685; x_wconf 80' lang='lat' dir='ltr'><strong>quod</strong></span> <span class='ocrx_word' id='word_1_599' title='bbox 1627 3612 1796 3685; x_wconf 84' lang='lat' dir='ltr'><strong>multo</strong></span> 
     </span>
    </p>
   </div>
   <div class='ocr_carea' id='block_1_85' title="bbox 177 3680 1796 3763">
    <p class='ocr_par' dir='ltr' id='par_1_85' title="bbox 177 3680 1796 3763">
     <span class='ocr_line' id='line_1_87' title="bbox 177 3680 1796 3763; baseline -0.004 -20"><span class='ocrx_word' id='word_1_600' title='bbox 177 3689 401 3763; x_wconf 85' lang='lat' dir='ltr'><strong>melius</strong></span> <span class='ocrx_word' id='word_1_601' title='bbox 426 3693 479 3739; x_wconf 89' lang='lat' dir='ltr'><strong>et</strong></span> <span class='ocrx_word' id='word_1_602' title='bbox 505 3680 697 3763; x_wconf 71' lang='lat' dir='ltr'><strong>uiilius</strong></span> <span class='ocrx_word' id='word_1_603' title='bbox 717 3690 837 3763; x_wconf 80' lang='lat' dir='ltr'><strong>erat</strong></span> <span class='ocrx_word' id='word_1_604' title='bbox 874 3683 1050 3763; x_wconf 71' lang='lat' dir='ltr'><strong>semel</strong></span> <span class='ocrx_word' id='word_1_605' title='bbox 1072 3684 1245 3751; x_wconf 92' lang='lat' dir='ltr'><strong>ipsum</strong></span> <span class='ocrx_word' id='word_1_606' title='bbox 1274 3680 1500 3763; x_wconf 78' lang='lat' dir='ltr'><strong>Pontem</strong></span> <span class='ocrx_word' id='word_1_607' title='bbox 1538 3680 1796 3763; x_wconf 53' lang='lat' dir='ltr'><strong>Maiorem</strong></span> 
     </span>
    </p>
   </div>
   <div class='ocr_carea' id='block_1_86' title="bbox 180 3754 1793 3832">
    <p class='ocr_par' dir='ltr' id='par_1_86' title="bbox 180 3754 1793 3832">
     <span class='ocr_line' id='line_1_88' title="bbox 180 3754 1793 3832; baseline -0.002 -21"><span class='ocrx_word' id='word_1_608' title='bbox 180 3760 533 3832; x_wconf 77' lang='lat' dir='ltr'><strong>appellatum</strong></span> <span class='ocrx_word' id='word_1_609' title='bbox 566 3756 639 3832; x_wconf 81' lang='lat' dir='ltr'><strong>ita</strong></span> <span class='ocrx_word' id='word_1_610' title='bbox 671 3754 884 3832; x_wconf 63' lang='lat' dir='ltr'><strong>fontiter</strong></span> <span class='ocrx_word' id='word_1_611' title='bbox 910 3754 1189 3832; x_wconf 75' lang='lat' dir='ltr'><strong>valideque</strong></span> <span class='ocrx_word' id='word_1_612' title='bbox 1218 3755 1480 3817; x_wconf 85' lang='lat' dir='ltr'><strong>construi,</strong></span> <span class='ocrx_word' id='word_1_613' title='bbox 1508 3754 1793 3832; x_wconf 66' lang='lat' dir='ltr'><strong>aediﬁcari,</strong></span> 
     </span>
    </p>
   </div>
   <div class='ocr_carea' id='block_1_87' title="bbox 180 3823 1798 3894">
    <p class='ocr_par' dir='ltr' id='par_1_87' title="bbox 180 3823 1798 3894">
     <span class='ocr_line' id='line_1_89' title="bbox 180 3823 1798 3894; baseline -0.007 -7"><span class='ocrx_word' id='word_1_614' title='bbox 180 3823 445 3893; x_wconf 79' lang='lat' dir='ltr'><strong>fundari,</strong></span> <span class='ocrx_word' id='word_1_615' title='bbox 477 3828 613 3891; x_wconf 86' lang='lat' dir='ltr'><strong>ﬁeri,</strong></span> <span class='ocrx_word' id='word_1_616' title='bbox 647 3833 703 3879; x_wconf 88' lang='lat' dir='ltr'><strong>et</strong></span> <span class='ocrx_word' id='word_1_617' title='bbox 740 3824 995 3879; x_wconf 86' lang='lat' dir='ltr'><strong>fabricari</strong></span> <span class='ocrx_word' id='word_1_618' title='bbox 1028 3823 1228 3889; x_wconf 84' lang='lat' dir='ltr'><strong>facere,</strong></span> <span class='ocrx_word' id='word_1_619' title='bbox 1267 3832 1325 3879; x_wconf 91' lang='lat' dir='ltr'><strong>ut</strong></span> <span class='ocrx_word' id='word_1_620' title='bbox 1357 3824 1632 3894; x_wconf 90' lang='lat' dir='ltr'><strong>perpetuis</strong></span> <span class='ocrx_word' id='word_1_621' title='bbox 1661 3832 1798 3879; x_wconf 90' lang='lat' dir='ltr'><strong>tem-</strong></span> 
     </span>
    </p>
   </div>
   <div class='ocr_carea' id='block_1_88' title="bbox 178 3894 1796 3975">
    <p class='ocr_par' dir='ltr' id='par_1_88' title="bbox 178 3894 1796 3975">
     <span class='ocr_line' id='line_1_90' title="bbox 178 3894 1796 3975; baseline -0.004 -19"><span class='ocrx_word' id='word_1_622' title='bbox 178 3901 425 3975; x_wconf 87' lang='lat' dir='ltr'><strong>poribus</strong></span> <span class='ocrx_word' id='word_1_623' title='bbox 448 3896 815 3975; x_wconf 78' lang='lat' dir='ltr'><strong>verisimiliter</strong></span> <span class='ocrx_word' id='word_1_624' title='bbox 836 3897 1128 3975; x_wconf 71' lang='lat' dir='ltr'><strong>duraturus</strong></span> <span class='ocrx_word' id='word_1_625' title='bbox 1147 3896 1217 3948; x_wconf 89' lang='lat' dir='ltr'><strong>sit</strong></span> <span class='ocrx_word' id='word_1_626' title='bbox 1236 3895 1415 3965; x_wconf 90' lang='lat' dir='ltr'><strong>potius</strong></span> <span class='ocrx_word' id='word_1_627' title='bbox 1435 3909 1597 3975; x_wconf 80' lang='lat' dir='ltr'><strong>quam</strong></span> <span class='ocrx_word' id='word_1_628' title='bbox 1620 3894 1796 3975; x_wconf 86' lang='lat' dir='ltr'><strong>ipsum</strong></span> 
     </span>
    </p>
   </div>
   <div class='ocr_carea' id='block_1_89' title="bbox 178 3965 1794 4045">
    <p class='ocr_par' dir='ltr' id='par_1_89' title="bbox 178 3965 1794 4045">
     <span class='ocr_line' id='line_1_91' title="bbox 178 3965 1794 4045; baseline -0.006 -18"><span class='ocrx_word' id='word_1_629' title='bbox 178 3965 424 4045; x_wconf 72' lang='lat' dir='ltr'><strong>pontem</strong></span> <span class='ocrx_word' id='word_1_630' title='bbox 484 3967 722 4045; x_wconf 80' lang='lat' dir='ltr'><strong>ligneum</strong></span> <span class='ocrx_word' id='word_1_631' title='bbox 779 3966 1182 4045; x_wconf 82' lang='lat' dir='ltr'><strong>putrescibilem</strong></span> <span class='ocrx_word' id='word_1_632' title='bbox 1239 3976 1424 4045; x_wconf 83' lang='lat' dir='ltr'><strong>tenere</strong></span> <span class='ocrx_word' id='word_1_633' title='bbox 1472 3974 1527 4045; x_wconf 75' lang='lat' dir='ltr'><strong>et</strong></span> <span class='ocrx_word' id='word_1_634' title='bbox 1574 3965 1794 4033; x_wconf 87' lang='lat' dir='ltr'><strong>habere,</strong></span> 
     </span>
    </p>
   </div>
   <div class='ocr_carea' id='block_1_90' title="bbox 183 4037 1798 4115">
    <p class='ocr_par' dir='ltr' id='par_1_90' title="bbox 183 4037 1798 4115">
     <span class='ocr_line' id='line_1_92' title="bbox 183 4037 1798 4115; baseline -0.007 -15"><span class='ocrx_word' id='word_1_635' title='bbox 183 4037 425 4115; x_wconf 68' lang='lat' dir='ltr'><strong>agentes</strong></span> <span class='ocrx_word' id='word_1_636' title='bbox 451 4049 505 4094; x_wconf 93' lang='lat' dir='ltr'><strong>et</strong></span> <span class='ocrx_word' id='word_1_637' title='bbox 534 4037 876 4115; x_wconf 78' lang='lat' dir='ltr'><strong>paciscentes</strong></span> <span class='ocrx_word' id='word_1_638' title='bbox 899 4037 1017 4091; x_wconf 91' lang='lat' dir='ltr'><strong>vice</strong></span> <span class='ocrx_word' id='word_1_639' title='bbox 1056 4045 1111 4090; x_wconf 89' lang='lat' dir='ltr'><strong>et</strong></span> <span class='ocrx_word' id='word_1_640' title='bbox 1144 4038 1362 4115; x_wconf 77' lang='lat' dir='ltr'><strong>nomine</strong></span> <span class='ocrx_word' id='word_1_641' title='bbox 1388 4037 1657 4115; x_wconf 62' lang='lat' dir='ltr'><strong>praeiacta:</strong></span> <span class='ocrx_word' id='word_1_642' title='bbox 1684 4052 1798 4090; x_wconf 89' lang='lat' dir='ltr'><strong>ma-</strong></span> 
     </span>
    </p>
   </div>
   <div class='ocr_carea' id='block_1_91' title="bbox 181 4107 1795 4187">
    <p class='ocr_par' dir='ltr' id='par_1_91' title="bbox 181 4107 1795 4187">
     <span class='ocr_line' id='line_1_93' title="bbox 181 4107 1795 4187; baseline -0.004 -18"><span class='ocrx_word' id='word_1_643' title='bbox 181 4107 411 4187; x_wconf 68' lang='lat' dir='ltr'><strong>gﬁiﬁcae</strong></span> <span class='ocrx_word' id='word_1_644' title='bbox 460 4107 885 4187; x_wconf 80' lang='lat' dir='ltr'><strong>communitatis,</strong></span> <span class='ocrx_word' id='word_1_645' title='bbox 913 4115 974 4187; x_wconf 90' lang='lat' dir='ltr'><strong>et_</strong></span> <span class='ocrx_word' id='word_1_646' title='bbox 1011 4122 1110 4177; x_wconf 89' lang='lat' dir='ltr'><strong>pro</strong></span> <span class='ocrx_word' id='word_1_647' title='bbox 1158 4107 1271 4187; x_wconf 77' lang='lat' dir='ltr'><strong>ipsa</strong></span> <span class='ocrx_word' id='word_1_648' title='bbox 1304 4108 1707 4187; x_wconf 69' lang='lat' dir='ltr'><strong>coluimunitate</strong></span> <span class='ocrx_word' id='word_1_649' title='bbox 1729 4122 1795 4162; x_wconf 80' lang='lat' dir='ltr'><strong>ex</strong></span> 
     </span>
    </p>
   </div>
   <div class='ocr_carea' id='block_1_92' title="bbox 181 4177 1797 4248">
    <p class='ocr_par' dir='ltr' id='par_1_92' title="bbox 181 4177 1797 4248">
     <span class='ocr_line' id='line_1_94' title="bbox 181 4177 1797 4248; baseline -0.006 -7"><span class='ocrx_word' id='word_1_650' title='bbox 181 4177 299 4241; x_wconf 70' lang='lat' dir='ltr'><strong>una</strong></span> <span class='ocrx_word' id='word_1_651' title='bbox 334 4190 495 4248; x_wconf 90' lang='lat' dir='ltr'><strong>parte</strong></span> <span class='ocrx_word' id='word_1_652' title='bbox 523 4200 535 4233; x_wconf 95' lang='lat'>:</span> <span class='ocrx_word' id='word_1_653' title='bbox 565 4189 621 4234; x_wconf 89' lang='lat' dir='ltr'><strong>et</strong></span> <span class='ocrx_word' id='word_1_654' title='bbox 646 4180 901 4248; x_wconf 90' lang='lat' dir='ltr'><strong>providus</strong></span> <span class='ocrx_word' id='word_1_655' title='bbox 926 4179 1011 4231; x_wconf 93' lang='lat' dir='ltr'><strong>vir</strong></span> <span class='ocrx_word' id='word_1_656' title='bbox 1032 4179 1293 4248; x_wconf 88' lang='lat' dir='ltr'><strong>magister</strong></span> <span class='ocrx_word' id='word_1_657' title='bbox 1324 4177 1555 4233; x_wconf 84' lang='lat' dir='ltr'><strong>Jacobus</strong></span> <span class='ocrx_word' id='word_1_658' title='bbox 1578 4194 1632 4247; x_wconf 91' lang='lat' dir='ltr'><strong>q.</strong></span> <span class='ocrx_word' id='word_1_659' title='bbox 1660 4178 1797 4232; x_wconf 86' lang='lat' dir='ltr'><strong>Mar-</strong></span> 
     </span>
    </p>
   </div>
   <div class='ocr_carea' id='block_1_93' title="bbox 179 4200 1797 4323">
    <p class='ocr_par' dir='ltr' id='par_1_93' title="bbox 179 4200 1797 4323">
     <span class='ocr_line' id='line_1_95' title="bbox 181 4200 1797 4248; baseline -0.006 -7"><span class='ocrx_word' id='word_1_660' title='bbox 181 4201 299 4241; x_wconf 70' lang='lat' dir='ltr'><strong>una</strong></span> <span class='ocrx_word' id='word_1_661' title='bbox 374 4200 495 4236; x_wconf 82' lang='lat' dir='ltr'><strong>arte</strong></span> <span class='ocrx_word' id='word_1_662' title='bbox 523 4200 535 4233; x_wconf 74' lang='grc' dir='ltr'><strong>ἶ</strong></span> <span class='ocrx_word' id='word_1_663' title='bbox 565 4200 621 4234; x_wconf 81' lang='lat' dir='ltr'><strong>et</strong></span> <span class='ocrx_word' id='word_1_664' title='bbox 646 4200 901 4248; x_wconf 78' lang='lat' dir='ltr'><strong>pI&#39;OVIUUS</strong></span> <span class='ocrx_word' id='word_1_665' title='bbox 926 4200 1011 4231; x_wconf 79' lang='grc' dir='ltr'><strong>νιι·</strong></span> <span class='ocrx_word' id='word_1_666' title='bbox 1033 4200 1293 4248; x_wconf 63' lang='grc' dir='ltr'><strong>ιῐιξιιςιδιει·</strong></span> <span class='ocrx_word' id='word_1_667' title='bbox 1324 4200 1555 4233; x_wconf 64' lang='grc' dir='ltr'><strong>δδυυυυδ</strong></span> <span class='ocrx_word' id='word_1_668' title='bbox 1578 4200 1632 4247; x_wconf 79' lang='lat' dir='ltr'><strong>q.</strong></span> <span class='ocrx_word' id='word_1_669' title='bbox 1661 4200 1797 4232; x_wconf 81' lang='lat' dir='ltr'><strong>tuar-</strong></span> 
     </span>
     <span class='ocr_line' id='line_1_96' title="bbox 179 4200 1797 4323; baseline -0.006 -11"><span class='ocrx_word' id='word_1_670' title='bbox 179 4256 288 4311; x_wconf 83' lang='lat' dir='ltr'><strong>tiui</strong></span> <span class='ocrx_word' id='word_1_671' title='bbox 326 4200 543 4323; x_wconf 61' lang='grc' dir='ltr'><strong>Βεεθτο</strong></span> <span class='ocrx_word' id='word_1_672' title='bbox 567 4252 633 4304; x_wconf 89' lang='lat' dir='ltr'><strong>de</strong></span> <span class='ocrx_word' id='word_1_673' title='bbox 666 4250 891 4323; x_wconf 86' lang='lat' dir='ltr'><strong>Bissono</strong></span> <span class='ocrx_word' id='word_1_674' title='bbox 916 4248 1199 4323; x_wconf 86' lang='lat' dir='ltr'><strong>Cumensis</strong></span> <span class='ocrx_word' id='word_1_675' title='bbox 1222 4249 1453 4323; x_wconf 81' lang='lat' dir='ltr'><strong>diocesis</strong></span> <span class='ocrx_word' id='word_1_676' title='bbox 1491 4264 1651 4319; x_wconf 91' lang='lat' dir='ltr'><strong>super</strong></span> <span class='ocrx_word' id='word_1_677' title='bbox 1678 4250 1797 4303; x_wconf 91' lang='lat' dir='ltr'><strong>lacu</strong></span> 
     </span>
    </p>
   </div>
   <div class='ocr_carea' id='block_1_94' title="bbox 182 4320 1797 4398">
    <p class='ocr_par' dir='ltr' id='par_1_94' title="bbox 182 4320 1797 4398">
     <span class='ocr_line' id='line_1_97' title="bbox 182 4320 1797 4398; baseline -0.006 -15"><span class='ocrx_word' id='word_1_678' title='bbox 182 4320 537 4398; x_wconf 58' lang='lat' dir='ltr'><strong>Lugani&#39;pro</strong></span> <span class='ocrx_word' id='word_1_679' title='bbox 559 4336 619 4376; x_wconf 91' lang='lat' dir='ltr'><strong>se</strong></span> <span class='ocrx_word' id='word_1_680' title='bbox 644 4329 698 4375; x_wconf 90' lang='lat' dir='ltr'><strong>et</strong></span> <span class='ocrx_word' id='word_1_681' title='bbox 722 4322 839 4375; x_wconf 88' lang='lat' dir='ltr'><strong>vice</strong></span> <span class='ocrx_word' id='word_1_682' title='bbox 886 4330 941 4377; x_wconf 91' lang='lat' dir='ltr'><strong>et</strong></span> <span class='ocrx_word' id='word_1_683' title='bbox 967 4320 1250 4398; x_wconf 82' lang='lat' dir='ltr'><strong>nomine...</strong></span> <span class='ocrx_word' id='word_1_684' title='bbox 1278 4320 1547 4398; x_wconf 82' lang='lat' dir='ltr'><strong>sociorum</strong></span> <span class='ocrx_word' id='word_1_685' title='bbox 1575 4334 1797 4374; x_wconf 90' lang='lat' dir='ltr'><strong>suorum</strong></span> 
     </span>
    </p>
   </div>
   <div class='ocr_carea' id='block_1_95' title="bbox 180 4391 1799 4466">
    <p class='ocr_par' dir='ltr' id='par_1_95' title="bbox 180 4391 1799 4466">
     <span class='ocr_line' id='line_1_98' title="bbox 180 4391 1799 4466; baseline -0.008 -12"><span class='ocrx_word' id='word_1_686' title='bbox 180 4408 240 4454; x_wconf 87' lang='lat' dir='ltr'><strong>et</strong></span> <span class='ocrx_word' id='word_1_687' title='bbox 270 4391 850 4466; x_wconf 58' lang='lat' dir='ltr'><strong>{nagistrorl1m,_quos</strong></span> <span class='ocrx_word' id='word_1_688' title='bbox 872 4406 1056 4447; x_wconf 90' lang='lat' dir='ltr'><strong>secum</strong></span> <span class='ocrx_word' id='word_1_689' title='bbox 1079 4391 1279 4466; x_wconf 79' lang='lat' dir='ltr'><strong>habere</strong></span> <span class='ocrx_word' id='word_1_690' title='bbox 1291 4399 1365 4466; x_wconf 69' lang='lat' dir='ltr'><strong>et</strong></span> <span class='ocrx_word' id='word_1_691' title='bbox 1382 4391 1684 4466; x_wconf 82' lang='lat' dir='ltr'><strong>conducere</strong></span> <span class='ocrx_word' id='word_1_692' title='bbox 1706 4406 1799 4466; x_wconf 83' lang='lat' dir='ltr'><strong>vo-</strong></span> 
     </span>
    </p>
   </div>
   <div class='ocr_carea' id='block_1_96' title="bbox 182 4460 1797 4532">
    <p class='ocr_par' dir='ltr' id='par_1_96' title="bbox 182 4460 1797 4532">
     <span class='ocr_line' id='line_1_99' title="bbox 182 4460 1797 4532; baseline -0.002 -13"><span class='ocrx_word' id='word_1_693' title='bbox 182 4470 262 4525; x_wconf 77' lang='lat' dir='ltr'><strong>let</strong></span> <span class='ocrx_word' id='word_1_694' title='bbox 310 4460 419 4532; x_wconf 76' lang='lat' dir='ltr'><strong>pro</strong></span> <span class='ocrx_word' id='word_1_695' title='bbox 461 4464 807 4532; x_wconf 84' lang='lat' dir='ltr'><strong>infraseripto</strong></span> <span class='ocrx_word' id='word_1_696' title='bbox 834 4471 999 4532; x_wconf 90' lang='lat' dir='ltr'><strong>ponte</strong></span> <span class='ocrx_word' id='word_1_697' title='bbox 1039 4476 1134 4515; x_wconf 90' lang='lat' dir='ltr'><strong>seu</strong></span> <span class='ocrx_word' id='word_1_698' title='bbox 1176 4462 1405 4517; x_wconf 66' lang='lat' dir='ltr'><strong>aedificio</strong></span> <span class='ocrx_word' id='word_1_699' title='bbox 1432 4470 1486 4515; x_wconf 90' lang='lat' dir='ltr'><strong>et</strong></span> <span class='ocrx_word' id='word_1_700' title='bbox 1529 4460 1797 4516; x_wconf 87' lang='lat' dir='ltr'><strong>laborario</strong></span> 
     </span>
    </p>
   </div>
   <div class='ocr_carea' id='block_1_97' title="bbox 180 4532 1798 4622">
    <p class='ocr_par' dir='ltr' id='par_1_97' title="bbox 180 4532 1798 4622">
     <span class='ocr_line' id='line_1_100' title="bbox 180 4532 1798 4622; baseline -0.007 -27"><span class='ocrx_word' id='word_1_701' title='bbox 180 4532 556 4622; x_wconf 75' lang='lat' dir='ltr'><strong>perficiendo.</strong></span> <span class='ocrx_word' id='word_1_702' title='bbox 582 4544 640 4617; x_wconf 74' lang='lat' dir='ltr'><strong>et</strong></span> <span class='ocrx_word' id='word_1_703' title='bbox 668 4548 767 4602; x_wconf 91' lang='lat' dir='ltr'><strong>pro</strong></span> <span class='ocrx_word' id='word_1_704' title='bbox 800 4535 998 4622; x_wconf 72' lang='lat' dir='ltr'><strong>quibns</strong></span> <span class='ocrx_word' id='word_1_705' title='bbox 1027 4532 1209 4622; x_wconf 76' lang='lat' dir='ltr'><strong>sociis,</strong></span> <span class='ocrx_word' id='word_1_706' title='bbox 1235 4532 1537 4622; x_wconf 58' lang='lat' dir='ltr'><strong>magistris,</strong></span> <span class='ocrx_word' id='word_1_707' title='bbox 1551 4534 1798 4622; x_wconf 21' lang='lat' dir='ltr'><strong>etcoa’d-</strong></span> 
     </span>
    </p>
   </div>
   <div class='ocr_carea' id='block_1_98' title="bbox 176 4603 1793 4682">
    <p class='ocr_par' dir='ltr' id='par_1_98' title="bbox 176 4603 1793 4682">
     <span class='ocr_line' id='line_1_101' title="bbox 176 4603 1793 4682; baseline -0.007 -16"><span class='ocrx_word' id='word_1_708' title='bbox 176 4603 477 4682; x_wconf 76' lang='lat' dir='ltr'><strong>jutoribus</strong></span> <span class='ocrx_word' id='word_1_709' title='bbox 514 4607 627 4660; x_wconf 89' lang='lat' dir='ltr'><strong>suis</strong></span> <span class='ocrx_word' id='word_1_710' title='bbox 655 4605 906 4682; x_wconf 87' lang='lat' dir='ltr'><strong>promisit</strong></span> <span class='ocrx_word' id='word_1_711' title='bbox 933 4605 999 4659; x_wconf 88' lang='lat' dir='ltr'><strong>de</strong></span> <span class='ocrx_word' id='word_1_712' title='bbox 1034 4611 1154 4682; x_wconf 86' lang='lat' dir='ltr'><strong>ra_to</strong></span> <span class='ocrx_word' id='word_1_713' title='bbox 1186 4605 1285 4659; x_wconf 89' lang='lat' dir='ltr'><strong>sub</strong></span> <span class='ocrx_word' id='word_1_714' title='bbox 1324 4603 1793 4682; x_wconf 15' lang='lat' dir='ltr'><strong>leigaktioneom-</strong></span> 
     </span>
    </p>
   </div>
   <div class='ocr_carea' id='block_1_99' title="bbox 182 4674 1793 4742">
    <p class='ocr_par' dir='ltr' id='par_1_99' title="bbox 182 4674 1793 4742">
     <span class='ocr_line' id='line_1_102' title="bbox 182 4674 1793 4742; baseline -0.007 -3"><span class='ocrx_word' id='word_1_715' title='bbox 182 4674 355 4739; x_wconf 71' lang='lat' dir='ltr'><strong>ilium</strong></span> <span class='ocrx_word' id='word_1_716' title='bbox 386 4692 611 4734; x_wconf 89' lang='lat' dir='ltr'><strong>suorum</strong></span> <span class='ocrx_word' id='word_1_717' title='bbox 654 4674 919 4730; x_wconf 88' lang='lat' dir='ltr'><strong>bonorum</strong></span> <span class='ocrx_word' id='word_1_718' title='bbox 944 4691 1013 4731; x_wconf 79' lang='lat' dir='ltr'><strong>ex</strong></span> <span class='ocrx_word' id='word_1_719' title='bbox 1056 4675 1248 4739; x_wconf 90' lang='lat' dir='ltr'><strong>altera,</strong></span> <span class='ocrx_word' id='word_1_720' title='bbox 1291 4675 1359 4730; x_wconf 89' lang='lat' dir='ltr'><strong>ad</strong></span> <span class='ocrx_word' id='word_1_721' title='bbox 1402 4676 1535 4728; x_wconf 82' lang='lat' dir='ltr'><strong>tales</strong></span> <span class='ocrx_word' id='word_1_722' title='bbox 1579 4674 1793 4742; x_wconf 88' lang='lat' dir='ltr'><strong>quidem</strong></span> 
     </span>
    </p>
   </div>
   <div class='ocr_carea' id='block_1_100' title="bbox 184 4746 1796 4821">
    <p class='ocr_par' dir='ltr' id='par_1_100' title="bbox 184 4746 1796 4821">
     <span class='ocr_line' id='line_1_103' title="bbox 184 4746 1796 4821; baseline -0.007 -11"><span class='ocrx_word' id='word_1_723' title='bbox 184 4750 644 4821; x_wconf 76' lang='lat' dir='ltr'><strong>compositiones,</strong></span> <span class='ocrx_word' id='word_1_724' title='bbox 676 4756 868 4821; x_wconf 85' lang='lat' dir='ltr'><strong>pacta,</strong></span> <span class='ocrx_word' id='word_1_725' title='bbox 916 4746 1322 4821; x_wconf 82' lang='lat' dir='ltr'><strong>promissiones,</strong></span> <span class='ocrx_word' id='word_1_726' title='bbox 1352 4746 1796 4821; x_wconf 44' lang='grc' dir='ltr'><strong>Δ277ηςίξηνεξηφ</strong></span> 
     </span>
    </p>
   </div>
   <div class='ocr_carea' id='block_1_101' title="bbox 182 4816 1798 4887">
    <p class='ocr_par' dir='ltr' id='par_1_101' title="bbox 182 4816 1798 4887">
     <span class='ocr_line' id='line_1_104' title="bbox 182 4816 1798 4887; baseline -0.007 -7"><span class='ocrx_word' id='word_1_727' title='bbox 182 4816 402 4887; x_wconf 75' lang='lat' dir='ltr'><strong>tiones,</strong></span> <span class='ocrx_word' id='word_1_728' title='bbox 440 4828 494 4874; x_wconf 87' lang='lat' dir='ltr'><strong>et</strong></span> <span class='ocrx_word' id='word_1_729' title='bbox 531 4819 887 4886; x_wconf 79' lang='lat' dir='ltr'><strong>obligationes</strong></span> <span class='ocrx_word' id='word_1_730' title='bbox 918 4816 1159 4872; x_wconf 87' lang='lat' dir='ltr'><strong>invicem</strong></span> <span class='ocrx_word' id='word_1_731' title='bbox 1190 4817 1315 4872; x_wconf 92' lang='lat' dir='ltr'><strong>hinc</strong></span> <span class='ocrx_word' id='word_1_732' title='bbox 1350 4816 1473 4871; x_wconf 89' lang='lat' dir='ltr'><strong>inde</strong></span> <span class='ocrx_word' id='word_1_733' title='bbox 1510 4816 1667 4871; x_wconf 89' lang='lat' dir='ltr'><strong>dictis</strong></span> <span class='ocrx_word' id='word_1_734' title='bbox 1702 4830 1798 4869; x_wconf 91' lang='lat' dir='ltr'><strong>no-</strong></span> 
     </span>
    </p>
   </div>
   <div class='ocr_carea' id='block_1_102' title="bbox 184 4888 1800 4961">
    <p class='ocr_par' dir='ltr' id='par_1_102' title="bbox 184 4888 1800 4961">
     <span class='ocr_line' id='line_1_105' title="bbox 184 4888 1800 4961; baseline -0.007 -10"><span class='ocrx_word' id='word_1_735' title='bbox 184 4893 447 4951; x_wconf 88' lang='lat' dir='ltr'><strong>minibus</strong></span> <span class='ocrx_word' id='word_1_736' title='bbox 474 4906 573 4961; x_wconf 92' lang='lat' dir='ltr'><strong>per</strong></span> <span class='ocrx_word' id='word_1_737' title='bbox 600 4890 893 4961; x_wconf 86' lang='lat' dir='ltr'><strong>solemnem</strong></span> <span class='ocrx_word' id='word_1_738' title='bbox 919 4888 1327 4961; x_wconf 72' lang='lat' dir='ltr'><strong>stipulationetn</strong></span> <span class='ocrx_word' id='word_1_739' title='bbox 1349 4898 1401 4943; x_wconf 91' lang='lat' dir='ltr'><strong>et</strong></span> <span class='ocrx_word' id='word_1_740' title='bbox 1429 4894 1800 4961; x_wconf 78' lang='lat' dir='ltr'><strong>pactumuna-</strong></span> 
     </span>
    </p>
   </div>
   <div class='ocr_carea' id='block_1_103' title="bbox 184 4958 1797 5028">
    <p class='ocr_par' dir='ltr' id='par_1_103' title="bbox 184 4958 1797 5028">
     <span class='ocr_line' id='line_1_106' title="bbox 184 4958 1797 5028; baseline -0.008 -5"><span class='ocrx_word' id='word_1_741' title='bbox 184 4964 429 5023; x_wconf 87' lang='lat' dir='ltr'><strong>nimiter</strong></span> <span class='ocrx_word' id='word_1_742' title='bbox 451 4958 507 5016; x_wconf 73' lang='lat' dir='ltr'><strong>et</strong></span> <span class='ocrx_word' id='word_1_743' title='bbox 536 4960 881 5015; x_wconf 90' lang='lat' dir='ltr'><strong>concorditer</strong></span> <span class='ocrx_word' id='word_1_744' title='bbox 907 4958 1259 5013; x_wconf 88' lang='lat' dir='ltr'><strong>devenerunt.</strong></span> <span class='ocrx_word' id='word_1_745' title='bbox 1288 4958 1353 5012; x_wconf 88' lang='lat' dir='ltr'><strong>Et</strong></span> <span class='ocrx_word' id='word_1_746' title='bbox 1381 4960 1558 5028; x_wconf 89' lang='lat' dir='ltr'><strong>primo</strong></span> <span class='ocrx_word' id='word_1_747' title='bbox 1582 4958 1797 5027; x_wconf 82' lang='lat' dir='ltr'><strong>quidem</strong></span> 
     </span>
    </p>
   </div>
   <div class='ocr_carea' id='block_1_104' title="bbox 188 5028 1798 5103">
    <p class='ocr_par' dir='ltr' id='par_1_104' title="bbox 188 5028 1798 5103">
     <span class='ocr_line' id='line_1_107' title="bbox 188 5028 1798 5103; baseline -0.008 -9"><span class='ocrx_word' id='word_1_748' title='bbox 188 5047 414 5098; x_wconf 87' lang='lat' dir='ltr'><strong>actum,</strong></span> <span class='ocrx_word' id='word_1_749' title='bbox 455 5041 693 5103; x_wconf 87' lang='lat' dir='ltr'><strong>pactum,</strong></span> <span class='ocrx_word' id='word_1_750' title='bbox 721 5031 1076 5103; x_wconf 40' lang='lat' dir='ltr'><strong>promissum)</strong></span> <span class='ocrx_word' id='word_1_751' title='bbox 1109 5038 1537 5103; x_wconf 85' lang='lat' dir='ltr'><strong>conventum,_et</strong></span> <span class='ocrx_word' id='word_1_752' title='bbox 1560 5028 1798 5103; x_wconf 81' lang='lat' dir='ltr'><strong>solemni</strong></span> 
     </span>
    </p>
   </div>
   <div class='ocr_carea' id='block_1_105' title="bbox 189 5099 1802 5177">
    <p class='ocr_par' dir='ltr' id='par_1_105' title="bbox 189 5099 1802 5177">
     <span class='ocr_line' id='line_1_108' title="bbox 189 5099 1802 5177; baseline -0.008 -13"><span class='ocrx_word' id='word_1_753' title='bbox 189 5099 563 5177; x_wconf 74' lang='lat' dir='ltr'><strong>stipulatione</strong></span> <span class='ocrx_word' id='word_1_754' title='bbox 600 5102 993 5177; x_wconf 79' lang='lat' dir='ltr'><strong>interveniente</strong></span> <span class='ocrx_word' id='word_1_755' title='bbox 1028 5099 1301 5177; x_wconf 86' lang='lat' dir='ltr'><strong>ﬁrmatum</strong></span> <span class='ocrx_word' id='word_1_756' title='bbox 1325 5108 1409 5177; x_wconf 77' lang='lat' dir='ltr'><strong>est</strong></span> <span class='ocrx_word' id='word_1_757' title='bbox 1447 5099 1605 5154; x_wconf 88' lang='lat' dir='ltr'><strong>dictis</strong></span> <span class='ocrx_word' id='word_1_758' title='bbox 1630 5099 1802 5177; x_wconf 85' lang='lat' dir='ltr'><strong>nomi-</strong></span> 
     </span>
    </p>
   </div>
   <div class='ocr_carea' id='block_1_106' title="bbox 186 5171 1804 5241">
    <p class='ocr_par' dir='ltr' id='par_1_106' title="bbox 186 5171 1804 5241">
     <span class='ocr_line' id='line_1_109' title="bbox 186 5171 1804 5241; baseline -0.008 -6"><span class='ocrx_word' id='word_1_759' title='bbox 186 5171 371 5235; x_wconf 75' lang='lat' dir='ltr'><strong>nibus</strong></span> <span class='ocrx_word' id='word_1_760' title='bbox 394 5182 452 5229; x_wconf 90' lang='lat' dir='ltr'><strong>et</strong></span> <span class='ocrx_word' id='word_1_761' title='bbox 479 5174 621 5227; x_wconf 88' lang='lat' dir='ltr'><strong>inter</strong></span> <span class='ocrx_word' id='word_1_762' title='bbox 643 5173 814 5227; x_wconf 85' lang='lat' dir='ltr'><strong>dictas</strong></span> <span class='ocrx_word' id='word_1_763' title='bbox 842 5180 1041 5241; x_wconf 86' lang='lat' dir='ltr'><strong>partes,</strong></span> <span class='ocrx_word' id='word_1_764' title='bbox 1068 5172 1209 5240; x_wconf 91' lang='lat' dir='ltr'><strong>quod</strong></span> <span class='ocrx_word' id='word_1_765' title='bbox 1231 5172 1518 5241; x_wconf 78' lang='lat' dir='ltr'><strong>przefactus</strong></span> <span class='ocrx_word' id='word_1_766' title='bbox 1544 5171 1804 5241; x_wconf 88' lang='lat' dir='ltr'><strong>magister</strong></span> 
     </span>
    </p>
   </div>
   <div class='ocr_carea' id='block_1_107' title="bbox 187 5244 1803 5313">
    <p class='ocr_par' dir='ltr' id='par_1_107' title="bbox 187 5244 1803 5313">
     <span class='ocr_line' id='line_1_110' title="bbox 187 5244 1803 5313; baseline -0.007 -8"><span class='ocrx_word' id='word_1_767' title='bbox 187 5246 447 5304; x_wconf 89' lang='lat' dir='ltr'><strong>Jacobus</strong></span> <span class='ocrx_word' id='word_1_768' title='bbox 487 5245 708 5309; x_wconf 89' lang='lat' dir='ltr'><strong>debeat,</strong></span> <span class='ocrx_word' id='word_1_769' title='bbox 749 5251 805 5298; x_wconf 89' lang='lat' dir='ltr'><strong>et</strong></span> <span class='ocrx_word' id='word_1_770' title='bbox 846 5250 1113 5305; x_wconf 88' lang='lat' dir='ltr'><strong>teneatur,</strong></span> <span class='ocrx_word' id='word_1_771' title='bbox 1138 5252 1191 5295; x_wconf 91' lang='lat' dir='ltr'><strong>et</strong></span> <span class='ocrx_word' id='word_1_772' title='bbox 1220 5244 1485 5313; x_wconf 77' lang='lat' dir='ltr'><strong>obligatus</strong></span> <span class='ocrx_word' id='word_1_773' title='bbox 1532 5244 1602 5297; x_wconf 84' lang='lat' dir='ltr'><strong>sit</strong></span> <span class='ocrx_word' id='word_1_774' title='bbox 1646 5250 1803 5313; x_wconf 85' lang='lat' dir='ltr'><strong>prout</strong></span> 
     </span>
    </p>
   </div>
   <div class='ocr_carea' id='block_1_108' title="bbox 110 5312 1805 5383">
    <p class='ocr_par' dir='ltr' id='par_1_108' title="bbox 110 5312 1805 5383">
     <span class='ocr_line' id='line_1_111' title="bbox 110 5312 1805 5383; baseline -0.004 -10"><span class='ocrx_word' id='word_1_775' title='bbox 110 5364 115 5373; x_wconf 88' lang='lat'><strong>.</strong></span> <span class='ocrx_word' id='word_1_776' title='bbox 192 5319 411 5376; x_wconf 88' lang='lat' dir='ltr'><strong>ibidem</strong></span> <span class='ocrx_word' id='word_1_777' title='bbox 440 5315 755 5371; x_wconf 87' lang='lat' dir='ltr'><strong>solemnitcr</strong></span> <span class='ocrx_word' id='word_1_778' title='bbox 779 5313 1047 5383; x_wconf 88' lang='lat' dir='ltr'><strong>promisit,</strong></span> <span class='ocrx_word' id='word_1_779' title='bbox 1073 5312 1349 5376; x_wconf 64' lang='lat' dir='ltr'><strong>convenit,</strong></span> <span class='ocrx_word' id='word_1_780' title='bbox 1372 5322 1425 5368; x_wconf 89' lang='lat' dir='ltr'><strong>et</strong></span> <span class='ocrx_word' id='word_1_781' title='bbox 1464 5328 1523 5367; x_wconf 83' lang='lat' dir='ltr'><strong>se</strong></span> <span class='ocrx_word' id='word_1_782' title='bbox 1548 5312 1805 5383; x_wconf 86' lang='lat' dir='ltr'><strong>obligavit</strong></span> 
     </span>
    </p>
   </div>
   <div class='ocr_carea' id='block_1_109' title="bbox 108 5383 1802 5463">
    <p class='ocr_par' dir='ltr' id='par_1_109' title="bbox 108 5383 1802 5463">
     <span class='ocr_line' id='line_1_112' title="bbox 108 5383 1802 5463; baseline -0.005 -17"><span class='ocrx_word' id='word_1_783' title='bbox 108 5386 119 5403; x_wconf 90' lang='lat'><strong><em>&#39;</em></strong></span> <span class='ocrx_word' id='word_1_784' title='bbox 188 5388 485 5463; x_wconf 69' lang='lat' dir='ltr'><strong>prmfactis</strong></span> <span class='ocrx_word' id='word_1_785' title='bbox 542 5386 813 5463; x_wconf 78' lang='lat' dir='ltr'><strong>deputatis</strong></span> <span class='ocrx_word' id='word_1_786' title='bbox 874 5383 1275 5463; x_wconf 74' lang='lat' dir='ltr'><strong>requirentibus</strong></span> <span class='ocrx_word' id='word_1_787' title='bbox 1320 5393 1373 5438; x_wconf 91' lang='lat' dir='ltr'><strong>et</strong></span> <span class='ocrx_word' id='word_1_788' title='bbox 1420 5384 1802 5463; x_wconf 72' lang='lat' dir='ltr'><strong>stipulantibus</strong></span> 
     </span>
    </p>
   </div>
   <div class='ocr_carea' id='block_1_110' title="bbox 192 5453 1802 5519">
    <p class='ocr_par' dir='ltr' id='par_1_110' title="bbox 192 5453 1802 5519">
     <span class='ocr_line' id='line_1_113' title="bbox 192 5453 1802 5519; baseline -0.007 -1"><span class='ocrx_word' id='word_1_789' title='bbox 192 5453 329 5518; x_wconf 58' lang='lat' dir='ltr'><strong>&#39;vice</strong></span> <span class='ocrx_word' id='word_1_790' title='bbox 351 5468 407 5515; x_wconf 91' lang='lat' dir='ltr'><strong>et</strong></span> <span class='ocrx_word' id='word_1_791' title='bbox 437 5453 657 5513; x_wconf 79' lang='lat' dir='ltr'><strong>nomine</strong></span> <span class='ocrx_word' id='word_1_792' title='bbox 682 5455 1085 5511; x_wconf 87' lang='lat' dir='ltr'><strong>communitatis</strong></span> <span class='ocrx_word' id='word_1_793' title='bbox 1107 5453 1287 5509; x_wconf 87' lang='lat' dir='ltr'><strong>facere</strong></span> <span class='ocrx_word' id='word_1_794' title='bbox 1313 5464 1648 5519; x_wconf 86' lang='lat' dir='ltr'><strong>construere,</strong></span> <span class='ocrx_word' id='word_1_795' title='bbox 1682 5454 1802 5507; x_wconf 91' lang='lat' dir='ltr'><strong>fun-</strong></span> 
     </span>
    </p>
   </div>
   <div class='ocr_carea' id='block_1_111' title="bbox 195 5525 1801 5597">
    <p class='ocr_par' dir='ltr' id='par_1_111' title="bbox 195 5525 1801 5597">
     <span class='ocr_line' id='line_1_114' title="bbox 195 5525 1801 5597; baseline -0.008 -8"><span class='ocrx_word' id='word_1_796' title='bbox 195 5536 363 5597; x_wconf 88' lang='lat' dir='ltr'><strong>dare,</strong></span> <span class='ocrx_word' id='word_1_797' title='bbox 403 5528 695 5593; x_wconf 88' lang='lat' dir='ltr'><strong>fabricare,</strong></span> <span class='ocrx_word' id='word_1_798' title='bbox 735 5535 789 5581; x_wconf 88' lang='lat' dir='ltr'><strong>et</strong></span> <span class='ocrx_word' id='word_1_799' title='bbox 832 5526 1219 5597; x_wconf 77' lang='lat' dir='ltr'><strong>aedificare,et</strong></span> <span class='ocrx_word' id='word_1_800' title='bbox 1260 5526 1607 5597; x_wconf 76' lang='lat' dir='ltr'><strong>integraliter</strong></span> <span class='ocrx_word' id='word_1_801' title='bbox 1640 5525 1801 5597; x_wconf 84' lang='lat' dir='ltr'><strong>perti-</strong></span> 
     </span>
    </p>
   </div>
   <div class='ocr_carea' id='block_1_112' title="bbox 197 5594 1801 5669">
    <p class='ocr_par' dir='ltr' id='par_1_112' title="bbox 197 5594 1801 5669">
     <span class='ocr_line' id='line_1_115' title="bbox 197 5594 1801 5669; baseline -0.007 -8"><span class='ocrx_word' id='word_1_802' title='bbox 197 5594 359 5667; x_wconf 81' lang='lat' dir='ltr'><strong>cere,</strong></span> <span class='ocrx_word' id='word_1_803' title='bbox 391 5610 447 5656; x_wconf 92' lang='lat' dir='ltr'><strong>et</strong></span> <span class='ocrx_word' id='word_1_804' title='bbox 475 5598 748 5669; x_wconf 90' lang='lat' dir='ltr'><strong>complere</strong></span> <span class='ocrx_word' id='word_1_805' title='bbox 777 5608 996 5669; x_wconf 83' lang='lat' dir='ltr'><strong>pontem</strong></span> <span class='ocrx_word' id='word_1_806' title='bbox 1042 5594 1303 5665; x_wconf 87' lang='lat' dir='ltr'><strong>majorem</strong></span> <span class='ocrx_word' id='word_1_807' title='bbox 1351 5594 1526 5669; x_wconf 83' lang='lat' dir='ltr'><strong>ipsius</strong></span> <span class='ocrx_word' id='word_1_808' title='bbox 1552 5595 1801 5669; x_wconf 77' lang='lat' dir='ltr'><strong>Civitatis</strong></span> 
     </span>
    </p>
   </div>
   <div class='ocr_carea' id='block_1_113' title="bbox 198 5666 1798 5743">
    <p class='ocr_par' dir='ltr' id='par_1_113' title="bbox 198 5666 1798 5743">
     <span class='ocr_line' id='line_1_116' title="bbox 198 5666 1798 5743; baseline -0.008 -12"><span class='ocrx_word' id='word_1_809' title='bbox 198 5666 451 5731; x_wconf 59' lang='lat' dir='ltr'><strong>Austris</strong></span> <span class='ocrx_word' id='word_1_810' title='bbox 475 5666 639 5743; x_wconf 74' lang='lat' dir='ltr'><strong>super</strong></span> <span class='ocrx_word' id='word_1_811' title='bbox 659 5666 797 5739; x_wconf 79' lang='lat' dir='ltr'><strong>aqua</strong></span> <span class='ocrx_word' id='word_1_812' title='bbox 828 5666 1053 5723; x_wconf 68' lang='lat' dir='ltr'><strong>Natissae</strong></span> <span class='ocrx_word' id='word_1_813' title='bbox 1073 5666 1393 5743; x_wconf 77' lang='lat' dir='ltr'><strong>existentem</strong></span> <span class='ocrx_word' id='word_1_814' title='bbox 1411 5669 1487 5743; x_wconf 88' lang='lat' dir='ltr'><strong>_de</strong></span> <span class='ocrx_word' id='word_1_815' title='bbox 1515 5666 1798 5743; x_wconf 84' lang='lat' dir='ltr'><strong>lapidibus,</strong></span> 
     </span>
    </p>
   </div>
   <div class='ocr_carea' id='block_1_114' title="bbox 201 5738 1801 5816">
    <p class='ocr_par' dir='ltr' id='par_1_114' title="bbox 201 5738 1801 5816">
     <span class='ocr_line' id='line_1_117' title="bbox 201 5738 1801 5816; baseline -0.006 -15"><span class='ocrx_word' id='word_1_816' title='bbox 201 5746 428 5816; x_wconf 85' lang='lat' dir='ltr'><strong>largum</strong></span> <span class='ocrx_word' id='word_1_817' title='bbox 456 5738 570 5799; x_wconf 78' lang='lat' dir='ltr'><strong>sive</strong></span> <span class='ocrx_word' id='word_1_818' title='bbox 598 5738 766 5795; x_wconf 79' lang='lat' dir='ltr'><strong>latum</strong></span> <span class='ocrx_word' id='word_1_819' title='bbox 791 5746 1002 5796; x_wconf 89' lang='lat' dir='ltr'><strong>tantum</strong></span> <span class='ocrx_word' id='word_1_820' title='bbox 1026 5749 1285 5808; x_wconf 85' lang='lat' dir='ltr'><strong>quantum</strong></span> <span class='ocrx_word' id='word_1_821' title='bbox 1309 5738 1426 5794; x_wconf 85' lang='lat' dir='ltr'><strong>fieri</strong></span> <span class='ocrx_word' id='word_1_822' title='bbox 1452 5739 1652 5809; x_wconf 90' lang='lat' dir='ltr'><strong>poterit</strong></span> <span class='ocrx_word' id='word_1_823' title='bbox 1678 5753 1801 5793; x_wconf 90' lang='lat' dir='ltr'><strong>cum</strong></span> 
     </span>
    </p>
   </div>
   <div class='ocr_carea' id='block_1_115' title="bbox 1906 3324 2241 3381">
    <p class='ocr_par' dir='ltr' id='par_1_115' title="bbox 1906 3324 2241 3381">
     <span class='ocr_line' id='line_1_118' title="bbox 1906 3324 2241 3381; baseline 0.006 -2"><span class='ocrx_word' id='word_1_824' title='bbox 1906 3324 2109 3379; x_wconf 91' lang='lat' dir='ltr'><strong>dictum</strong></span> <span class='ocrx_word' id='word_1_825' title='bbox 2142 3337 2241 3381; x_wconf 78' lang='lat' dir='ltr'><strong>cst-</strong></span> 
     </span>
    </p>
   </div>
   <div class='ocr_carea' id='block_1_116' title="bbox 1934 3396 3493 3482">
    <p class='ocr_par' dir='ltr' id='par_1_116' title="bbox 1934 3396 3493 3482">
     <span class='ocr_line' id='line_1_119' title="bbox 1934 3396 3493 3482; baseline 0.006 -34"><span class='ocrx_word' id='word_1_826' title='bbox 1934 3397 2036 3476; x_wconf 43' lang='lat' dir='ltr'><strong>.Et</strong></span> <span class='ocrx_word' id='word_1_827' title='bbox 2064 3412 2094 3482; x_wconf 87' lang='lat' dir='ltr'><strong>e</strong></span> <span class='ocrx_word' id='word_1_828' title='bbox 2123 3412 2386 3478; x_wconf 81' lang='lat' dir='ltr'><strong>converso</strong></span> <span class='ocrx_word' id='word_1_829' title='bbox 2426 3396 2674 3482; x_wconf 73' lang='lat' dir='ltr'><strong>prmfacti</strong></span> <span class='ocrx_word' id='word_1_830' title='bbox 2723 3400 2935 3482; x_wconf 72' lang='lat' dir='ltr'><strong>domini</strong></span> <span class='ocrx_word' id='word_1_831' title='bbox 2982 3401 3221 3482; x_wconf 88' lang='lat' dir='ltr'><strong>deputati</strong></span> <span class='ocrx_word' id='word_1_832' title='bbox 3269 3412 3493 3482; x_wconf 83' lang='lat' dir='ltr'><strong>agentes</strong></span> 
     </span>
    </p>
   </div>
   <div class='ocr_carea' id='block_1_117' title="bbox 1896 3470 3492 3540">
    <p class='ocr_par' dir='ltr' id='par_1_117' title="bbox 1896 3470 3492 3540">
     <span class='ocr_line' id='line_1_120' title="bbox 1896 3470 3492 3540; baseline 0.005 -21"><span class='ocrx_word' id='word_1_833' title='bbox 1896 3470 2014 3520; x_wconf 87' lang='lat' dir='ltr'><strong>vice</strong></span> <span class='ocrx_word' id='word_1_834' title='bbox 2038 3475 2093 3519; x_wconf 91' lang='lat' dir='ltr'><strong>et</strong></span> <span class='ocrx_word' id='word_1_835' title='bbox 2128 3470 2346 3521; x_wconf 90' lang='lat' dir='ltr'><strong>nomine</strong></span> <span class='ocrx_word' id='word_1_836' title='bbox 2385 3471 2787 3523; x_wconf 89' lang='lat' dir='ltr'><strong>communitatis</strong></span> <span class='ocrx_word' id='word_1_837' title='bbox 2819 3480 2872 3523; x_wconf 91' lang='lat' dir='ltr'><strong>et</strong></span> <span class='ocrx_word' id='word_1_838' title='bbox 2906 3486 3003 3540; x_wconf 92' lang='lat' dir='ltr'><strong>pro</strong></span> <span class='ocrx_word' id='word_1_839' title='bbox 3044 3470 3159 3540; x_wconf 89' lang='lat' dir='ltr'><strong>ipsa</strong></span> <span class='ocrx_word' id='word_1_840' title='bbox 3189 3470 3492 3527; x_wconf 75' lang='lat' dir='ltr'><strong>communi-</strong></span> 
     </span>
    </p>
   </div>
   <div class='ocr_carea' id='block_1_118' title="bbox 1898 3539 3492 3607">
    <p class='ocr_par' dir='ltr' id='par_1_118' title="bbox 1898 3539 3492 3607">
     <span class='ocr_line' id='line_1_121' title="bbox 1898 3539 3492 3607; baseline 0.006 -18"><span class='ocrx_word' id='word_1_841' title='bbox 1898 3543 2035 3607; x_wconf 86' lang='lat' dir='ltr'><strong>tate,</strong></span> <span class='ocrx_word' id='word_1_842' title='bbox 2073 3553 2171 3607; x_wconf 91' lang='lat' dir='ltr'><strong>pro</strong></span> <span class='ocrx_word' id='word_1_843' title='bbox 2204 3554 2307 3606; x_wconf 90' lang='lat' dir='ltr'><strong>qua</strong></span> <span class='ocrx_word' id='word_1_844' title='bbox 2334 3539 2703 3607; x_wconf 87' lang='lat' dir='ltr'><strong>promiserunt</strong></span> <span class='ocrx_word' id='word_1_845' title='bbox 2732 3542 2797 3593; x_wconf 91' lang='lat' dir='ltr'><strong>de</strong></span> <span class='ocrx_word' id='word_1_846' title='bbox 2826 3539 2965 3605; x_wconf 17' lang='lat' dir='ltr'><strong>ratio,</strong></span> <span class='ocrx_word' id='word_1_847' title='bbox 2996 3539 3145 3596; x_wconf 30' lang='lat' dir='ltr'><strong>et’se</strong></span> <span class='ocrx_word' id='word_1_848' title='bbox 3176 3542 3492 3599; x_wconf 88' lang='lat' dir='ltr'><strong>solemniter</strong></span> 
     </span>
    </p>
   </div>
   <div class='ocr_carea' id='block_1_119' title="bbox 1897 3606 3490 3682">
    <p class='ocr_par' dir='ltr' id='par_1_119' title="bbox 1897 3606 3490 3682">
     <span class='ocr_line' id='line_1_122' title="bbox 1897 3606 3490 3682; baseline 0.006 -21"><span class='ocrx_word' id='word_1_849' title='bbox 1897 3606 2271 3682; x_wconf 75' lang='lat' dir='ltr'><strong>obligaverunt</strong></span> <span class='ocrx_word' id='word_1_850' title='bbox 2300 3606 2557 3682; x_wconf 68' lang='lat' dir='ltr'><strong>praefacto</strong></span> <span class='ocrx_word' id='word_1_851' title='bbox 2575 3612 2847 3682; x_wconf 82' lang='lat' dir='ltr'><strong>magistro</strong></span> <span class='ocrx_word' id='word_1_852' title='bbox 2874 3609 3077 3666; x_wconf 68' lang='lat' dir='ltr'><strong>Iacobo</strong></span> <span class='ocrx_word' id='word_1_853' title='bbox 3103 3626 3203 3682; x_wconf 92' lang='lat' dir='ltr'><strong>pro</strong></span> <span class='ocrx_word' id='word_1_854' title='bbox 3236 3613 3490 3670; x_wconf 88' lang='lat' dir='ltr'><strong>omnibus</strong></span> 
     </span>
    </p>
   </div>
   <div class='ocr_carea' id='block_1_120' title="bbox 1898 3679 3490 3754">
    <p class='ocr_par' dir='ltr' id='par_1_120' title="bbox 1898 3679 3490 3754">
     <span class='ocr_line' id='line_1_123' title="bbox 1898 3679 3490 3754; baseline 0.004 -23"><span class='ocrx_word' id='word_1_855' title='bbox 1898 3686 1952 3754; x_wconf 87' lang='lat' dir='ltr'><strong>et</strong></span> <span class='ocrx_word' id='word_1_856' title='bbox 1978 3679 2205 3754; x_wconf 79' lang='lat' dir='ltr'><strong>singulis</strong></span> <span class='ocrx_word' id='word_1_857' title='bbox 2233 3680 2615 3754; x_wconf 67' lang='lat' dir='ltr'><strong>SUle§CFlptlS</strong></span> <span class='ocrx_word' id='word_1_858' title='bbox 2647 3679 2993 3750; x_wconf 80' lang='lat' dir='ltr'><strong>perficiendis</strong></span> <span class='ocrx_word' id='word_1_859' title='bbox 3022 3690 3077 3735; x_wconf 90' lang='lat' dir='ltr'><strong>et</strong></span> <span class='ocrx_word' id='word_1_860' title='bbox 3104 3679 3312 3754; x_wconf 80' lang='lat' dir='ltr'><strong>integre</strong></span> <span class='ocrx_word' id='word_1_861' title='bbox 3340 3700 3490 3738; x_wconf 90' lang='lat' dir='ltr'><strong>com-</strong></span> 
     </span>
    </p>
   </div>
   <div class='ocr_carea' id='block_1_121' title="bbox 1897 3748 3491 3819">
    <p class='ocr_par' dir='ltr' id='par_1_121' title="bbox 1897 3748 3491 3819">
     <span class='ocr_line' id='line_1_124' title="bbox 1897 3748 3491 3819; baseline 0.005 -19"><span class='ocrx_word' id='word_1_862' title='bbox 1897 3748 2108 3819; x_wconf 89' lang='lat' dir='ltr'><strong>plendis</strong></span> <span class='ocrx_word' id='word_1_863' title='bbox 2130 3748 2359 3814; x_wconf 83' lang='lat' dir='ltr'><strong>solvere,</strong></span> <span class='ocrx_word' id='word_1_864' title='bbox 2386 3748 2535 3813; x_wconf 62' lang='lat' dir='ltr'><strong>dare,</strong></span> <span class='ocrx_word' id='word_1_865' title='bbox 2562 3760 2618 3805; x_wconf 90' lang='lat' dir='ltr'><strong>et</strong></span> <span class='ocrx_word' id='word_1_866' title='bbox 2641 3748 2927 3807; x_wconf 83' lang='lat' dir='ltr'><strong>uumcrare</strong></span> <span class='ocrx_word' id='word_1_867' title='bbox 2950 3754 3175 3807; x_wconf 88' lang='lat' dir='ltr'><strong>ducatos</strong></span> <span class='ocrx_word' id='word_1_868' title='bbox 3200 3748 3319 3807; x_wconf 65' lang='lat' dir='ltr'><strong>a&#39;uri</strong></span> <span class='ocrx_word' id='word_1_869' title='bbox 3344 3755 3491 3809; x_wconf 90' lang='lat' dir='ltr'><strong>mille</strong></span> 
     </span>
    </p>
   </div>
   <div class='ocr_carea' id='block_1_122' title="bbox 1898 3820 3490 3892">
    <p class='ocr_par' dir='ltr' id='par_1_122' title="bbox 1898 3820 3490 3892">
     <span class='ocr_line' id='line_1_125' title="bbox 1898 3820 3490 3892; baseline 0.005 -21"><span class='ocrx_word' id='word_1_870' title='bbox 1898 3820 2219 3892; x_wconf 85' lang='lat' dir='ltr'><strong>quingentos</strong></span> <span class='ocrx_word' id='word_1_871' title='bbox 2247 3822 2695 3892; x_wconf 88' lang='lat' dir='ltr'><strong>vigintiquinque,</strong></span> <span class='ocrx_word' id='word_1_872' title='bbox 2739 3838 2875 3892; x_wconf 89' lang='lat' dir='ltr'><strong>quos</strong></span> <span class='ocrx_word' id='word_1_873' title='bbox 2902 3823 3158 3892; x_wconf 84' lang='lat' dir='ltr'><strong>praefacta</strong></span> <span class='ocrx_word' id='word_1_874' title='bbox 3188 3827 3490 3879; x_wconf 90' lang='lat' dir='ltr'><strong>communi-</strong></span> 
     </span>
    </p>
   </div>
   <div class='ocr_carea' id='block_1_123' title="bbox 1898 3890 3489 3965">
    <p class='ocr_par' dir='ltr' id='par_1_123' title="bbox 1898 3890 3489 3965">
     <span class='ocr_line' id='line_1_126' title="bbox 1898 3890 3489 3965; baseline 0.004 -21"><span class='ocrx_word' id='word_1_875' title='bbox 1898 3899 1983 3944; x_wconf 88' lang='lat' dir='ltr'><strong>tas</strong></span> <span class='ocrx_word' id='word_1_876' title='bbox 2019 3890 2211 3965; x_wconf 89' lang='lat' dir='ltr'><strong>d_ebcat</strong></span> <span class='ocrx_word' id='word_1_877' title='bbox 2246 3890 2792 3965; x_wconf 27' lang='lat' dir='ltr'><strong>etlteneatur’eidem</strong></span> <span class='ocrx_word' id='word_1_878' title='bbox 2841 3890 3100 3965; x_wconf 79' lang='lat' dir='ltr'><strong>magistro</strong></span> <span class='ocrx_word' id='word_1_879' title='bbox 3129 3893 3330 3950; x_wconf 80' lang='lat' dir='ltr'><strong>Jacobo</strong></span> <span class='ocrx_word' id='word_1_880' title='bbox 3358 3898 3489 3952; x_wconf 90' lang='lat' dir='ltr'><strong>dare</strong></span> 
     </span>
    </p>
   </div>
   <div class='ocr_carea' id='block_1_124' title="bbox 1898 3962 3489 4039">
    <p class='ocr_par' dir='ltr' id='par_1_124' title="bbox 1898 3962 3489 4039">
     <span class='ocr_line' id='line_1_127' title="bbox 1898 3962 3489 4039; baseline 0.004 -24"><span class='ocrx_word' id='word_1_881' title='bbox 1898 3968 1954 4015; x_wconf 88' lang='lat' dir='ltr'><strong>et</strong></span> <span class='ocrx_word' id='word_1_882' title='bbox 1977 3962 2273 4039; x_wconf 77' lang='lat' dir='ltr'><strong>exbursare</strong></span> <span class='ocrx_word' id='word_1_883' title='bbox 2300 3962 2370 4039; x_wconf 79' lang='lat' dir='ltr'><strong>de</strong></span> <span class='ocrx_word' id='word_1_884' title='bbox 2397 3971 2637 4039; x_wconf 83' lang='lat' dir='ltr'><strong>tempore</strong></span> <span class='ocrx_word' id='word_1_885' title='bbox 2668 3965 2721 4017; x_wconf 91' lang='lat' dir='ltr'><strong>in</strong></span> <span class='ocrx_word' id='word_1_886' title='bbox 2750 3962 2961 4033; x_wconf 81' lang='lat' dir='ltr'><strong>tempus</strong></span> <span class='ocrx_word' id='word_1_887' title='bbox 2988 3973 3147 4035; x_wconf 92' lang='lat' dir='ltr'><strong>prout</strong></span> <span class='ocrx_word' id='word_1_888' title='bbox 3166 3967 3291 4039; x_wconf 89' lang='lat' dir='ltr'><strong>ipse</strong></span> <span class='ocrx_word' id='word_1_889' title='bbox 3320 3969 3489 4039; x_wconf 81' lang='lat' dir='ltr'><strong>magi-</strong></span> 
     </span>
    </p>
   </div>
   <div class='ocr_carea' id='block_1_125' title="bbox 1898 4031 3490 4110">
    <p class='ocr_par' dir='ltr' id='par_1_125' title="bbox 1898 4031 3490 4110">
     <span class='ocr_line' id='line_1_128' title="bbox 1898 4031 3490 4110; baseline 0.004 -23"><span class='ocrx_word' id='word_1_890' title='bbox 1898 4038 2010 4087; x_wconf 88' lang='lat' dir='ltr'><strong>ster</strong></span> <span class='ocrx_word' id='word_1_891' title='bbox 2034 4031 2267 4110; x_wconf 49' lang='lat' dir='ltr'><strong>Jnacobus</strong></span> <span class='ocrx_word' id='word_1_892' title='bbox 2305 4033 2657 4110; x_wconf 77' lang='lat' dir='ltr'><strong>laboravet&#39;it,</strong></span> <span class='ocrx_word' id='word_1_893' title='bbox 2690 4031 2948 4110; x_wconf 79' lang='lat' dir='ltr'><strong>et_prout_</strong></span> <span class='ocrx_word' id='word_1_894' title='bbox 2968 4031 3292 4110; x_wconf 66' lang='lat' dir='ltr'><strong>necessitate</strong></span> <span class='ocrx_word' id='word_1_895' title='bbox 3330 4031 3490 4110; x_wconf 67' lang='lat' dir='ltr'><strong>coge-</strong></span> 
     </span>
    </p>
   </div>
   <div class='ocr_carea' id='block_1_126' title="bbox 1899 4102 3491 4179">
    <p class='ocr_par' dir='ltr' id='par_1_126' title="bbox 1899 4102 3491 4179">
     <span class='ocr_line' id='line_1_129' title="bbox 1899 4102 3491 4179; baseline 0.004 -24"><span class='ocrx_word' id='word_1_896' title='bbox 1899 4110 2007 4179; x_wconf 84' lang='lat' dir='ltr'><strong>tur.</strong></span> <span class='ocrx_word' id='word_1_897' title='bbox 2051 4102 2225 4179; x_wconf 72' lang='lat' dir='ltr'><strong>Super</strong></span> <span class='ocrx_word' id='word_1_898' title='bbox 2253 4104 2450 4173; x_wconf 88' lang='lat' dir='ltr'><strong>quibus</strong></span> <span class='ocrx_word' id='word_1_899' title='bbox 2488 4104 2636 4179; x_wconf 82' lang='lat' dir='ltr'><strong>mille</strong></span> <span class='ocrx_word' id='word_1_900' title='bbox 2659 4102 3208 4179; x_wconf 81' lang='lat' dir='ltr'><strong>_quingentis_viginti</strong></span> <span class='ocrx_word' id='word_1_901' title='bbox 3252 4102 3491 4179; x_wconf 71' lang='lat' dir='ltr'><strong>quinque</strong></span> 
     </span>
    </p>
   </div>
   <div class='ocr_carea' id='block_1_127' title="bbox 1899 4174 3491 4245">
    <p class='ocr_par' dir='ltr' id='par_1_127' title="bbox 1899 4174 3491 4245">
     <span class='ocr_line' id='line_1_130' title="bbox 1899 4174 3491 4245; baseline 0.004 -18"><span class='ocrx_word' id='word_1_902' title='bbox 1899 4174 2112 4245; x_wconf 86' lang='lat' dir='ltr'><strong>ducatis</strong></span> <span class='ocrx_word' id='word_1_903' title='bbox 2153 4176 2326 4229; x_wconf 88' lang='lat' dir='ltr'><strong>dictus</strong></span> <span class='ocrx_word' id='word_1_904' title='bbox 2361 4175 2617 4245; x_wconf 86' lang='lat' dir='ltr'><strong>magister</strong></span> <span class='ocrx_word' id='word_1_905' title='bbox 2651 4174 2885 4232; x_wconf 77' lang='lat' dir='ltr'><strong>Jacobus</strong></span> <span class='ocrx_word' id='word_1_906' title='bbox 2921 4174 3116 4232; x_wconf 73' lang='lat' dir='ltr'><strong>debeat</strong></span> <span class='ocrx_word' id='word_1_907' title='bbox 3147 4187 3203 4231; x_wconf 88' lang='lat' dir='ltr'><strong>et</strong></span> <span class='ocrx_word' id='word_1_908' title='bbox 3241 4174 3491 4234; x_wconf 77' lang='lat' dir='ltr'><strong>teneatur</strong></span> 
     </span>
    </p>
   </div>
   <div class='ocr_carea' id='block_1_128' title="bbox 1900 4244 3490 4319">
    <p class='ocr_par' dir='ltr' id='par_1_128' title="bbox 1900 4244 3490 4319">
     <span class='ocr_line' id='line_1_131' title="bbox 1900 4244 3490 4319; baseline 0.004 -23"><span class='ocrx_word' id='word_1_909' title='bbox 1900 4244 2165 4319; x_wconf 66' lang='lat' dir='ltr'><strong>accipere</strong></span> <span class='ocrx_word' id='word_1_910' title='bbox 2176 4246 2229 4319; x_wconf 86' lang='lat' dir='ltr'><strong>in</strong></span> <span class='ocrx_word' id='word_1_911' title='bbox 2260 4244 2495 4298; x_wconf 82' lang='lat' dir='ltr'><strong>solutum</strong></span> <span class='ocrx_word' id='word_1_912' title='bbox 2523 4254 2728 4319; x_wconf 83' lang='lat' dir='ltr'><strong>tantum</strong></span> <span class='ocrx_word' id='word_1_913' title='bbox 2758 4248 2941 4301; x_wconf 90' lang='lat' dir='ltr'><strong>vinum</strong></span> <span class='ocrx_word' id='word_1_914' title='bbox 2972 4255 3025 4301; x_wconf 90' lang='lat' dir='ltr'><strong>et</strong></span> <span class='ocrx_word' id='word_1_915' title='bbox 3054 4247 3285 4311; x_wconf 91' lang='lat' dir='ltr'><strong>bladam,</strong></span> <span class='ocrx_word' id='word_1_916' title='bbox 3318 4266 3490 4319; x_wconf 90' lang='lat' dir='ltr'><strong>quan-</strong></span> 
     </span>
    </p>
   </div>
   <div class='ocr_carea' id='block_1_129' title="bbox 1902 4314 3487 4389">
    <p class='ocr_par' dir='ltr' id='par_1_129' title="bbox 1902 4314 3487 4389">
     <span class='ocr_line' id='line_1_132' title="bbox 1902 4314 3487 4389; baseline 0.006 -23"><span class='ocrx_word' id='word_1_917' title='bbox 1902 4322 2013 4366; x_wconf 90' lang='lat' dir='ltr'><strong>tum</strong></span> <span class='ocrx_word' id='word_1_918' title='bbox 2051 4314 2278 4389; x_wconf 75' lang='lat' dir='ltr'><strong>sufﬁciet</strong></span> <span class='ocrx_word' id='word_1_919' title='bbox 2306 4330 2405 4385; x_wconf 91' lang='lat' dir='ltr'><strong>pro</strong></span> <span class='ocrx_word' id='word_1_920' title='bbox 2434 4317 2686 4389; x_wconf 84' lang='lat' dir='ltr'><strong>expensis</strong></span> <span class='ocrx_word' id='word_1_921' title='bbox 2733 4334 2952 4389; x_wconf 86' lang='lat' dir='ltr'><strong>suarum</strong></span> <span class='ocrx_word' id='word_1_922' title='bbox 2983 4314 3355 4386; x_wconf 83' lang='lat' dir='ltr'><strong>operationqu</strong></span> <span class='ocrx_word' id='word_1_923' title='bbox 3388 4335 3487 4389; x_wconf 92' lang='lat' dir='ltr'><strong>pro</strong></span> 
     </span>
    </p>
   </div>
   <div class='ocr_carea' id='block_1_130' title="bbox 1900 4386 3489 4457">
    <p class='ocr_par' dir='ltr' id='par_1_130' title="bbox 1900 4386 3489 4457">
     <span class='ocr_line' id='line_1_133' title="bbox 1900 4386 3489 4457; baseline 0.006 -20"><span class='ocrx_word' id='word_1_924' title='bbox 1900 4400 1963 4438; x_wconf 90' lang='lat' dir='ltr'><strong>eo</strong></span> <span class='ocrx_word' id='word_1_925' title='bbox 1992 4386 2187 4457; x_wconf 86' lang='lat' dir='ltr'><strong>pretio,</strong></span> <span class='ocrx_word' id='word_1_926' title='bbox 2229 4402 2336 4456; x_wconf 93' lang='lat' dir='ltr'><strong>quo</strong></span> <span class='ocrx_word' id='word_1_927' title='bbox 2363 4388 2628 4441; x_wconf 90' lang='lat' dir='ltr'><strong>vendetur</strong></span> <span class='ocrx_word' id='word_1_928' title='bbox 2666 4389 2719 4442; x_wconf 91' lang='lat' dir='ltr'><strong>in</strong></span> <span class='ocrx_word' id='word_1_929' title='bbox 2763 4388 2901 4453; x_wconf 84' lang='lat' dir='ltr'><strong>foro,</strong></span> <span class='ocrx_word' id='word_1_930' title='bbox 2933 4396 2988 4441; x_wconf 89' lang='lat' dir='ltr'><strong>et</strong></span> <span class='ocrx_word' id='word_1_931' title='bbox 3018 4404 3115 4456; x_wconf 90' lang='lat' dir='ltr'><strong>pro</strong></span> <span class='ocrx_word' id='word_1_932' title='bbox 3142 4404 3250 4457; x_wconf 90' lang='lat' dir='ltr'><strong>quo</strong></span> <span class='ocrx_word' id='word_1_933' title='bbox 3289 4386 3489 4446; x_wconf 79' lang='lat' dir='ltr'><strong>habere</strong></span> 
     </span>
    </p>
   </div>
   <div class='ocr_carea' id='block_1_131' title="bbox 1898 4456 3387 4530">
    <p class='ocr_par' dir='ltr' id='par_1_131' title="bbox 1898 4456 3387 4530">
     <span class='ocr_line' id='line_1_134' title="bbox 1898 4456 3387 4530; baseline 0.003 -22"><span class='ocrx_word' id='word_1_934' title='bbox 1898 4456 2099 4530; x_wconf 83' lang='lat' dir='ltr'><strong>poterit</strong></span> <span class='ocrx_word' id='word_1_935' title='bbox 2131 4458 2307 4527; x_wconf 91' lang='lat' dir='ltr'><strong>ipsum</strong></span> <span class='ocrx_word' id='word_1_936' title='bbox 2330 4456 2515 4511; x_wconf 91' lang='lat' dir='ltr'><strong>vinum</strong></span> <span class='ocrx_word' id='word_1_937' title='bbox 2545 4467 2601 4512; x_wconf 91' lang='lat' dir='ltr'><strong>et</strong></span> <span class='ocrx_word' id='word_1_938' title='bbox 2626 4458 2841 4513; x_wconf 89' lang='lat' dir='ltr'><strong>bladam</strong></span> <span class='ocrx_word' id='word_1_939' title='bbox 2869 4461 2936 4513; x_wconf 93' lang='lat' dir='ltr'><strong>ab</strong></span> <span class='ocrx_word' id='word_1_940' title='bbox 2966 4459 3086 4513; x_wconf 90' lang='lat' dir='ltr'><strong>aliis</strong></span> <span class='ocrx_word' id='word_1_941' title='bbox 3120 4456 3387 4530; x_wconf 69' lang='lat' dir='ltr'><strong>personis.</strong></span> 
     </span>
    </p>
   </div>
   <div class='ocr_carea' id='block_1_132' title="bbox 1969 4525 3488 4598">
    <p class='ocr_par' dir='ltr' id='par_1_132' title="bbox 1969 4525 3488 4598">
     <span class='ocr_line' id='line_1_135' title="bbox 1969 4525 3488 4598; baseline 0.005 -19"><span class='ocrx_word' id='word_1_942' title='bbox 1969 4525 2102 4598; x_wconf 78' lang='lat' dir='ltr'><strong>item</strong></span> <span class='ocrx_word' id='word_1_943' title='bbox 2139 4525 2342 4593; x_wconf 78' lang='lat' dir='ltr'><strong>actum,</strong></span> <span class='ocrx_word' id='word_1_944' title='bbox 2376 4536 2614 4598; x_wconf 89' lang='lat' dir='ltr'><strong>pactum,</strong></span> <span class='ocrx_word' id='word_1_945' title='bbox 2656 4530 3000 4598; x_wconf 91' lang='lat' dir='ltr'><strong>promissum,</strong></span> <span class='ocrx_word' id='word_1_946' title='bbox 3046 4525 3391 4596; x_wconf 72' lang='lat' dir='ltr'><strong>cofnventum,</strong></span> <span class='ocrx_word' id='word_1_947' title='bbox 3432 4540 3488 4587; x_wconf 89' lang='lat' dir='ltr'><strong>et</strong></span> 
     </span>
    </p>
   </div>
   <div class='ocr_carea' id='block_1_133' title="bbox 1900 4596 3488 4670">
    <p class='ocr_par' dir='ltr' id='par_1_133' title="bbox 1900 4596 3488 4670">
     <span class='ocr_line' id='line_1_136' title="bbox 1900 4596 3488 4670; baseline 0.004 -20"><span class='ocrx_word' id='word_1_948' title='bbox 1900 4596 2124 4670; x_wconf 81' lang='lat' dir='ltr'><strong>solemni</strong></span> <span class='ocrx_word' id='word_1_949' title='bbox 2166 4596 2508 4670; x_wconf 76' lang='lat' dir='ltr'><strong>stipulatione</strong></span> <span class='ocrx_word' id='word_1_950' title='bbox 2554 4596 2945 4655; x_wconf 81' lang='lat' dir='ltr'><strong>interveniente</strong></span> <span class='ocrx_word' id='word_1_951' title='bbox 2990 4600 3262 4655; x_wconf 86' lang='lat' dir='ltr'><strong>ﬁrmatum</strong></span> <span class='ocrx_word' id='word_1_952' title='bbox 3303 4603 3488 4657; x_wconf 79' lang='lat' dir='ltr'><strong>existit</strong></span> 
     </span>
    </p>
   </div>
   <div class='ocr_carea' id='block_1_134' title="bbox 1823 4652 3488 4741">
    <p class='ocr_par' dir='ltr' id='par_1_134' title="bbox 1823 4652 3488 4741">
     <span class='ocr_line' id='line_1_137' title="bbox 1823 4652 3488 4741; baseline 0.005 -21"><span class='ocrx_word' id='word_1_953' title='bbox 1823 4652 1876 4715; x_wconf 89' lang='lat' dir='ltr'><strong>D</strong></span> <span class='ocrx_word' id='word_1_954' title='bbox 1900 4668 2042 4741; x_wconf 83' lang='lat' dir='ltr'><strong>inter</strong></span> <span class='ocrx_word' id='word_1_955' title='bbox 2064 4652 2466 4741; x_wconf 66' lang='lat' dir='ltr'><strong>dictas&#39;partes,</strong></span> <span class='ocrx_word' id='word_1_956' title='bbox 2490 4652 2948 4739; x_wconf 43' lang='lat' dir='ltr'><strong>acciperetis</strong></span> <span class='ocrx_word' id='word_1_957' title='bbox 2973 4652 3488 4741; x_wconf 35' lang='lat' dir='ltr'><strong>membrumue</strong></span> 
     </span>
    </p>
   </div>
   <div class='ocr_carea' id='block_1_135' title="bbox 1904 4738 3489 4823">
    <p class='ocr_par' dir='ltr' id='par_1_135' title="bbox 1904 4738 3489 4823">
     <span class='ocr_line' id='line_1_138' title="bbox 1904 4738 3489 4823; baseline 0.005 -33"><span class='ocrx_word' id='word_1_958' title='bbox 1904 4738 2335 4823; x_wconf 15' lang='lat' dir='ltr'><strong>habererdebe—at</strong></span> <span class='ocrx_word' id='word_1_959' title='bbox 2379 4738 3093 4823; x_wconf 40' lang='lat' dir='ltr'><strong>totnln‘pontemligneum</strong></span> <span class='ocrx_word' id='word_1_960' title='bbox 3141 4743 3207 4795; x_wconf 87' lang='lat' dir='ltr'><strong>ad</strong></span> <span class='ocrx_word' id='word_1_961' title='bbox 3248 4758 3489 4823; x_wconf 76' lang='lat' dir='ltr'><strong>praesens</strong></span> 
     </span>
    </p>
   </div>
   <div class='ocr_carea' id='block_1_136' title="bbox 1902 4808 3488 4881">
    <p class='ocr_par' dir='ltr' id='par_1_136' title="bbox 1902 4808 3488 4881">
     <span class='ocr_line' id='line_1_139' title="bbox 1902 4808 3488 4881; baseline 0.005 -19"><span class='ocrx_word' id='word_1_962' title='bbox 1902 4808 2246 4881; x_wconf 78' lang='lat' dir='ltr'><strong>eXistentem,</strong></span> <span class='ocrx_word' id='word_1_963' title='bbox 2275 4823 2330 4866; x_wconf 90' lang='lat' dir='ltr'><strong>et</strong></span> <span class='ocrx_word' id='word_1_964' title='bbox 2353 4812 2531 4867; x_wconf 89' lang='lat' dir='ltr'><strong>omnia</strong></span> <span class='ocrx_word' id='word_1_965' title='bbox 2552 4808 2881 4865; x_wconf 80' lang='lat' dir='ltr'><strong>ferramenta</strong></span> <span class='ocrx_word' id='word_1_966' title='bbox 2902 4808 3098 4881; x_wconf 77' lang='lat' dir='ltr'><strong>ipsius,</strong></span> <span class='ocrx_word' id='word_1_967' title='bbox 3122 4826 3215 4866; x_wconf 91' lang='lat' dir='ltr'><strong>seu</strong></span> <span class='ocrx_word' id='word_1_968' title='bbox 3236 4808 3488 4870; x_wconf 79' lang='lat' dir='ltr'><strong>omnibus</strong></span> 
     </span>
    </p>
   </div>
   <div class='ocr_carea' id='block_1_137' title="bbox 1904 4880 3485 4953">
    <p class='ocr_par' dir='ltr' id='par_1_137' title="bbox 1904 4880 3485 4953">
     <span class='ocr_line' id='line_1_140' title="bbox 1904 4880 3485 4953; baseline 0.003 -20"><span class='ocrx_word' id='word_1_969' title='bbox 1904 4880 2118 4953; x_wconf 85' lang='lat' dir='ltr'><strong>aliisad</strong></span> <span class='ocrx_word' id='word_1_970' title='bbox 2146 4882 2319 4951; x_wconf 86' lang='lat' dir='ltr'><strong>ipsum</strong></span> <span class='ocrx_word' id='word_1_971' title='bbox 2351 4890 2567 4953; x_wconf 88' lang='lat' dir='ltr'><strong>pontem</strong></span> <span class='ocrx_word' id='word_1_972' title='bbox 2598 4880 2967 4950; x_wconf 85' lang='lat' dir='ltr'><strong>spectantibus</strong></span> <span class='ocrx_word' id='word_1_973' title='bbox 2994 4889 3049 4937; x_wconf 90' lang='lat' dir='ltr'><strong>et</strong></span> <span class='ocrx_word' id='word_1_974' title='bbox 3069 4884 3485 4952; x_wconf 87' lang='lat' dir='ltr'><strong>pertinentibus,</strong></span> 
     </span>
    </p>
   </div>
   <div class='ocr_carea' id='block_1_138' title="bbox 1901 4951 3488 5023">
    <p class='ocr_par' dir='ltr' id='par_1_138' title="bbox 1901 4951 3488 5023">
     <span class='ocr_line' id='line_1_141' title="bbox 1901 4951 3488 5023; baseline 0.004 -19"><span class='ocrx_word' id='word_1_975' title='bbox 1901 4951 2179 5023; x_wconf 84' lang='lat' dir='ltr'><strong>possitque</strong></span> <span class='ocrx_word' id='word_1_976' title='bbox 2228 4954 2292 5006; x_wconf 90' lang='lat' dir='ltr'><strong>de</strong></span> <span class='ocrx_word' id='word_1_977' title='bbox 2328 4951 2471 5007; x_wconf 88' lang='lat' dir='ltr'><strong>dicto</strong></span> <span class='ocrx_word' id='word_1_978' title='bbox 2516 4963 2679 5021; x_wconf 87' lang='lat' dir='ltr'><strong>ponte</strong></span> <span class='ocrx_word' id='word_1_979' title='bbox 2726 4954 3011 5021; x_wconf 90' lang='lat' dir='ltr'><strong>disponere</strong></span> <span class='ocrx_word' id='word_1_980' title='bbox 3049 4964 3209 5023; x_wconf 90' lang='lat' dir='ltr'><strong>prout</strong></span> <span class='ocrx_word' id='word_1_981' title='bbox 3256 4962 3310 5007; x_wconf 88' lang='lat' dir='ltr'><strong>et</strong></span> <span class='ocrx_word' id='word_1_982' title='bbox 3348 4956 3488 5010; x_wconf 90' lang='lat' dir='ltr'><strong>sicut</strong></span> 
     </span>
    </p>
   </div>
   <div class='ocr_carea' id='block_1_139' title="bbox 1904 5022 3489 5095">
    <p class='ocr_par' dir='ltr' id='par_1_139' title="bbox 1904 5022 3489 5095">
     <span class='ocr_line' id='line_1_142' title="bbox 1904 5022 3489 5095; baseline 0.004 -20"><span class='ocrx_word' id='word_1_983' title='bbox 1904 5022 1955 5075; x_wconf 83' lang='lat' dir='ltr'><strong>ei</strong></span> <span class='ocrx_word' id='word_1_984' title='bbox 1982 5022 2221 5095; x_wconf 85' lang='lat' dir='ltr'><strong>libuerit,</strong></span> <span class='ocrx_word' id='word_1_985' title='bbox 2246 5024 2443 5095; x_wconf 70' lang='lat' dir='ltr'><strong>ethoc</strong></span> <span class='ocrx_word' id='word_1_986' title='bbox 2472 5024 2727 5093; x_wconf 89' lang='lat' dir='ltr'><strong>quoniam</strong></span> <span class='ocrx_word' id='word_1_987' title='bbox 2758 5024 2935 5079; x_wconf 84' lang='lat' dir='ltr'><strong>dictus</strong></span> <span class='ocrx_word' id='word_1_988' title='bbox 2962 5038 3098 5094; x_wconf 90' lang='lat' dir='ltr'><strong>pons</strong></span> <span class='ocrx_word' id='word_1_989' title='bbox 3125 5024 3335 5095; x_wconf 81' lang='lat' dir='ltr'><strong>ligneus</strong></span> <span class='ocrx_word' id='word_1_990' title='bbox 3363 5025 3489 5083; x_wconf 88' lang='lat' dir='ltr'><strong>inde</strong></span> 
     </span>
    </p>
   </div>
   <div class='ocr_carea' id='block_1_140' title="bbox 1906 5093 2412 5148">
    <p class='ocr_par' dir='ltr' id='par_1_140' title="bbox 1906 5093 2412 5148">
     <span class='ocr_line' id='line_1_143' title="bbox 1906 5093 2412 5148; baseline -0.004 -1"><span class='ocrx_word' id='word_1_991' title='bbox 1906 5093 2147 5147; x_wconf 87' lang='lat' dir='ltr'><strong>amoveri</strong></span> <span class='ocrx_word' id='word_1_992' title='bbox 2176 5094 2412 5148; x_wconf 90' lang='lat' dir='ltr'><strong>debebit.</strong></span> 
     </span>
    </p>
   </div>
   <div class='ocr_carea' id='block_1_141' title="bbox 1975 5164 3489 5235">
    <p class='ocr_par' dir='ltr' id='par_1_141' title="bbox 1975 5164 3489 5235">
     <span class='ocr_line' id='line_1_144' title="bbox 1975 5164 3489 5235; baseline 0.003 -18"><span class='ocrx_word' id='word_1_993' title='bbox 1975 5164 2110 5219; x_wconf 87' lang='lat' dir='ltr'><strong>item</strong></span> <span class='ocrx_word' id='word_1_994' title='bbox 2148 5172 2352 5230; x_wconf 91' lang='lat' dir='ltr'><strong>actum,</strong></span> <span class='ocrx_word' id='word_1_995' title='bbox 2388 5171 2626 5235; x_wconf 90' lang='lat' dir='ltr'><strong>pactum,</strong></span> <span class='ocrx_word' id='word_1_996' title='bbox 2660 5165 3007 5235; x_wconf 89' lang='lat' dir='ltr'><strong>promissum,</strong></span> <span class='ocrx_word' id='word_1_997' title='bbox 3040 5174 3096 5221; x_wconf 90' lang='lat' dir='ltr'><strong>et</strong></span> <span class='ocrx_word' id='word_1_998' title='bbox 3129 5164 3352 5221; x_wconf 91' lang='lat' dir='ltr'><strong>solemni</strong></span> <span class='ocrx_word' id='word_1_999' title='bbox 3391 5165 3489 5221; x_wconf 88' lang='lat' dir='ltr'><strong>sti-</strong></span> 
     </span>
    </p>
   </div>
   <div class='ocr_carea' id='block_1_142' title="bbox 1902 5235 3488 5305">
    <p class='ocr_par' dir='ltr' id='par_1_142' title="bbox 1902 5235 3488 5305">
     <span class='ocr_line' id='line_1_145' title="bbox 1902 5235 3488 5305; baseline 0.003 -17"><span class='ocrx_word' id='word_1_1000' title='bbox 1902 5235 2181 5305; x_wconf 90' lang='lat' dir='ltr'><strong>pulatione</strong></span> <span class='ocrx_word' id='word_1_1001' title='bbox 2212 5236 2602 5290; x_wconf 89' lang='lat' dir='ltr'><strong>interveniente</strong></span> <span class='ocrx_word' id='word_1_1002' title='bbox 2622 5236 2897 5291; x_wconf 81' lang='lat' dir='ltr'><strong>firmatum</strong></span> <span class='ocrx_word' id='word_1_1003' title='bbox 2926 5238 3112 5292; x_wconf 87' lang='lat' dir='ltr'><strong>existit</strong></span> <span class='ocrx_word' id='word_1_1004' title='bbox 3147 5238 3287 5291; x_wconf 89' lang='lat' dir='ltr'><strong>inter</strong></span> <span class='ocrx_word' id='word_1_1005' title='bbox 3314 5238 3488 5293; x_wconf 89' lang='lat' dir='ltr'><strong>dictas</strong></span> 
     </span>
    </p>
   </div>
   <div class='ocr_carea' id='block_1_143' title="bbox 1902 5306 3485 5377">
    <p class='ocr_par' dir='ltr' id='par_1_143' title="bbox 1902 5306 3485 5377">
     <span class='ocr_line' id='line_1_146' title="bbox 1902 5306 3485 5377; baseline 0.002 -18"><span class='ocrx_word' id='word_1_1006' title='bbox 1902 5314 2106 5375; x_wconf 90' lang='lat' dir='ltr'><strong>partes,</strong></span> <span class='ocrx_word' id='word_1_1007' title='bbox 2155 5306 2296 5377; x_wconf 88' lang='lat' dir='ltr'><strong>quod</strong></span> <span class='ocrx_word' id='word_1_1008' title='bbox 2344 5306 2595 5376; x_wconf 72' lang='lat' dir='ltr'><strong>przefacta</strong></span> <span class='ocrx_word' id='word_1_1009' title='bbox 2655 5308 3018 5362; x_wconf 88' lang='lat' dir='ltr'><strong>communitas</strong></span> <span class='ocrx_word' id='word_1_1010' title='bbox 3063 5308 3257 5362; x_wconf 90' lang='lat' dir='ltr'><strong>debeat</strong></span> <span class='ocrx_word' id='word_1_1011' title='bbox 3306 5318 3360 5362; x_wconf 88' lang='lat' dir='ltr'><strong>et</strong></span> <span class='ocrx_word' id='word_1_1012' title='bbox 3409 5317 3485 5363; x_wconf 90' lang='lat' dir='ltr'><strong>te-</strong></span> 
     </span>
    </p>
   </div>
   <div class='ocr_carea' id='block_1_144' title="bbox 1904 5377 3488 5448">
    <p class='ocr_par' dir='ltr' id='par_1_144' title="bbox 1904 5377 3488 5448">
     <span class='ocr_line' id='line_1_147' title="bbox 1904 5377 3488 5448; baseline 0.003 -19"><span class='ocrx_word' id='word_1_1013' title='bbox 1904 5387 2100 5431; x_wconf 88' lang='lat' dir='ltr'><strong>neatur</strong></span> <span class='ocrx_word' id='word_1_1014' title='bbox 2124 5379 2252 5432; x_wconf 87' lang='lat' dir='ltr'><strong>dare</strong></span> <span class='ocrx_word' id='word_1_1015' title='bbox 2282 5387 2336 5431; x_wconf 88' lang='lat' dir='ltr'><strong>et</strong></span> <span class='ocrx_word' id='word_1_1016' title='bbox 2365 5378 2588 5433; x_wconf 87' lang='lat' dir='ltr'><strong>conduci</strong></span> <span class='ocrx_word' id='word_1_1017' title='bbox 2623 5377 2802 5433; x_wconf 89' lang='lat' dir='ltr'><strong>facere</strong></span> <span class='ocrx_word' id='word_1_1018' title='bbox 2830 5379 3135 5447; x_wconf 90' lang='lat' dir='ltr'><strong>sumptibus</strong></span> <span class='ocrx_word' id='word_1_1019' title='bbox 3160 5386 3212 5431; x_wconf 91' lang='lat' dir='ltr'><strong>et</strong></span> <span class='ocrx_word' id='word_1_1020' title='bbox 3237 5379 3488 5448; x_wconf 80' lang='lat' dir='ltr'><strong>expensis</strong></span> 
     </span>
    </p>
   </div>
   <div class='ocr_carea' id='block_1_145' title="bbox 1904 5448 3486 5517">
    <p class='ocr_par' dir='ltr' id='par_1_145' title="bbox 1904 5448 3486 5517">
     <span class='ocr_line' id='line_1_148' title="bbox 1904 5448 3486 5517; baseline 0.002 -16"><span class='ocrx_word' id='word_1_1021' title='bbox 1904 5448 2073 5517; x_wconf 90' lang='lat' dir='ltr'><strong>ipsius</strong></span> <span class='ocrx_word' id='word_1_1022' title='bbox 2100 5449 2502 5504; x_wconf 89' lang='lat' dir='ltr'><strong>communitatis</strong></span> <span class='ocrx_word' id='word_1_1023' title='bbox 2540 5448 2743 5504; x_wconf 89' lang='lat' dir='ltr'><strong>calcem</strong></span> <span class='ocrx_word' id='word_1_1024' title='bbox 2782 5456 2835 5501; x_wconf 89' lang='lat' dir='ltr'><strong>et</strong></span> <span class='ocrx_word' id='word_1_1025' title='bbox 2872 5464 3094 5503; x_wconf 87' lang='lat' dir='ltr'><strong>arenam</strong></span> <span class='ocrx_word' id='word_1_1026' title='bbox 3126 5450 3486 5504; x_wconf 88' lang='lat' dir='ltr'><strong>necessariam</strong></span> 
     </span>
    </p>
   </div>
   <div class='ocr_carea' id='block_1_146' title="bbox 1903 5518 2777 5589">
    <p class='ocr_par' dir='ltr' id='par_1_146' title="bbox 1903 5518 2777 5589">
     <span class='ocr_line' id='line_1_149' title="bbox 1903 5518 2777 5589; baseline 0 -17"><span class='ocrx_word' id='word_1_1027' title='bbox 1903 5534 2003 5589; x_wconf 92' lang='lat' dir='ltr'><strong>pro</strong></span> <span class='ocrx_word' id='word_1_1028' title='bbox 2034 5520 2179 5575; x_wconf 89' lang='lat' dir='ltr'><strong>dicto</strong></span> <span class='ocrx_word' id='word_1_1029' title='bbox 2202 5529 2365 5589; x_wconf 91' lang='lat' dir='ltr'><strong>ponte</strong></span> <span class='ocrx_word' id='word_1_1030' title='bbox 2396 5518 2777 5575; x_wconf 90' lang='lat' dir='ltr'><strong>construendo.</strong></span> 
     </span>
    </p>
   </div>
   <div class='ocr_carea' id='block_1_147' title="bbox 1974 5588 3489 5660">
    <p class='ocr_par' dir='ltr' id='par_1_147' title="bbox 1974 5588 3489 5660">
     <span class='ocr_line' id='line_1_150' title="bbox 1974 5588 3489 5660; baseline -0.001 -16"><span class='ocrx_word' id='word_1_1031' title='bbox 1974 5591 2106 5645; x_wconf 88' lang='lat' dir='ltr'><strong>Item</strong></span> <span class='ocrx_word' id='word_1_1032' title='bbox 2138 5588 2279 5660; x_wconf 81' lang='lat' dir='ltr'><strong>quod</strong></span> <span class='ocrx_word' id='word_1_1033' title='bbox 2313 5590 2567 5660; x_wconf 83' lang='lat' dir='ltr'><strong>praefacta</strong></span> <span class='ocrx_word' id='word_1_1034' title='bbox 2594 5590 2953 5646; x_wconf 88' lang='lat' dir='ltr'><strong>communitas</strong></span> <span class='ocrx_word' id='word_1_1035' title='bbox 2982 5588 3176 5643; x_wconf 88' lang='lat' dir='ltr'><strong>debeat</strong></span> <span class='ocrx_word' id='word_1_1036' title='bbox 3214 5596 3271 5643; x_wconf 91' lang='lat' dir='ltr'><strong>et</strong></span> <span class='ocrx_word' id='word_1_1037' title='bbox 3305 5596 3489 5643; x_wconf 83' lang='lat' dir='ltr'><strong>tenea-</strong></span> 
     </span>
    </p>
   </div>
   <div class='ocr_carea' id='block_1_148' title="bbox 1903 5660 3488 5731">
    <p class='ocr_par' dir='ltr' id='par_1_148' title="bbox 1903 5660 3488 5731">
     <span class='ocr_line' id='line_1_151' title="bbox 1903 5660 3488 5731; baseline -0.002 -16"><span class='ocrx_word' id='word_1_1038' title='bbox 1903 5669 1994 5715; x_wconf 91' lang='lat' dir='ltr'><strong>tur</strong></span> <span class='ocrx_word' id='word_1_1039' title='bbox 2016 5661 2197 5715; x_wconf 87' lang='lat' dir='ltr'><strong>faeere</strong></span> <span class='ocrx_word' id='word_1_1040' title='bbox 2218 5662 2443 5716; x_wconf 89' lang='lat' dir='ltr'><strong>conduci</strong></span> <span class='ocrx_word' id='word_1_1041' title='bbox 2471 5662 2772 5731; x_wconf 83' lang='lat' dir='ltr'><strong>sumptibus</strong></span> <span class='ocrx_word' id='word_1_1042' title='bbox 2798 5669 2855 5716; x_wconf 90' lang='lat' dir='ltr'><strong>et</strong></span> <span class='ocrx_word' id='word_1_1043' title='bbox 2878 5660 3129 5729; x_wconf 83' lang='lat' dir='ltr'><strong>expensis</strong></span> <span class='ocrx_word' id='word_1_1044' title='bbox 3154 5660 3309 5731; x_wconf 60' lang='lat' dir='ltr'><strong>dictae</strong></span> <span class='ocrx_word' id='word_1_1045' title='bbox 3339 5674 3488 5713; x_wconf 89' lang='lat' dir='ltr'><strong>com-</strong></span> 
     </span>
    </p>
   </div>
   <div class='ocr_carea' id='block_1_149' title="bbox 1904 5730 3488 5804">
    <p class='ocr_par' dir='ltr' id='par_1_149' title="bbox 1904 5730 3488 5804">
     <span class='ocr_line' id='line_1_152' title="bbox 1904 5730 3488 5804; baseline -0.003 -17"><span class='ocrx_word' id='word_1_1046' title='bbox 1904 5732 2185 5787; x_wconf 89' lang='lat' dir='ltr'><strong>munitatis</strong></span> <span class='ocrx_word' id='word_1_1047' title='bbox 2213 5747 2402 5789; x_wconf 89' lang='lat' dir='ltr'><strong>omnes</strong></span> <span class='ocrx_word' id='word_1_1048' title='bbox 2426 5730 2631 5803; x_wconf 81' lang='lat' dir='ltr'><strong>lapides</strong></span> <span class='ocrx_word' id='word_1_1049' title='bbox 2654 5741 2873 5804; x_wconf 91' lang='lat' dir='ltr'><strong>paratos</strong></span> <span class='ocrx_word' id='word_1_1050' title='bbox 2902 5733 3015 5788; x_wconf 90' lang='lat' dir='ltr'><strong>sive</strong></span> <span class='ocrx_word' id='word_1_1051' title='bbox 3042 5746 3137 5803; x_wconf 90' lang='lat' dir='ltr'><strong>per</strong></span> <span class='ocrx_word' id='word_1_1052' title='bbox 3164 5730 3340 5800; x_wconf 89' lang='lat' dir='ltr'><strong>ipsum</strong></span> <span class='ocrx_word' id='word_1_1053' title='bbox 3373 5746 3488 5785; x_wconf 87' lang='lat' dir='ltr'><strong>ma-</strong></span> 
     </span>
    </p>
   </div>
   <div class='ocr_carea' id='block_1_150' title="bbox 290 5871 2041 5947">
    <p class='ocr_par' dir='ltr' id='par_1_150' title="bbox 290 5871 2041 5947">
     <span class='ocr_line' id='line_1_153' title="bbox 290 5871 2041 5947; baseline -0.007 -9"><span class='ocrx_word' id='word_1_1054' title='bbox 290 5891 319 5925; x_wconf 72' lang='grc' dir='ltr'>ι</span> <span class='ocrx_word' id='word_1_1055' title='bbox 340 5879 449 5938; x_wconf 75' lang='lat' dir='ltr'><strong>An.</strong></span> <span class='ocrx_word' id='word_1_1056' title='bbox 475 5877 635 5935; x_wconf 73' lang='lat' dir='ltr'><strong>m1.</strong></span> <span class='ocrx_word' id='word_1_1057' title='bbox 662 5874 741 5933; x_wconf 80' lang='lat' dir='ltr'><strong>Ex</strong></span> <span class='ocrx_word' id='word_1_1058' title='bbox 766 5874 909 5947; x_wconf 89' lang='lat' dir='ltr'><strong>apud</strong></span> <span class='ocrx_word' id='word_1_1059' title='bbox 944 5873 1009 5929; x_wconf 93' lang='lat' dir='ltr'><strong>D.</strong></span> <span class='ocrx_word' id='word_1_1060' title='bbox 1034 5871 1388 5931; x_wconf 88' lang='lat' dir='ltr'><strong>Laurentium</strong></span> <span class='ocrx_word' id='word_1_1061' title='bbox 1413 5887 1446 5928; x_wconf 92' lang='lat' dir='ltr'><strong>a</strong></span> <span class='ocrx_word' id='word_1_1062' title='bbox 1473 5871 1668 5943; x_wconf 86' lang='lat' dir='ltr'><strong>Turre,</strong></span> <span class='ocrx_word' id='word_1_1063' title='bbox 1711 5872 1804 5929; x_wconf 92' lang='lat' dir='ltr'><strong>cit.</strong></span> <span class='ocrx_word' id='word_1_1064' title='bbox 1837 5886 1893 5945; x_wconf 70' lang='lat' dir='ltr'><strong>p;</strong></span> <span class='ocrx_word' id='word_1_1065' title='bbox 1917 5871 2041 5929; x_wconf 68' lang='lat'><strong>204.</strong></span> 
     </span>
    </p>
   </div>
  </div>
