4026 6364
618 378 723 433 ear
1012 324 1019 333 ’
1069 364 1075 369 '
1962 335 2210 398 poem
2253 330 2547 391 saxoms

2220 453 2267 511 Α
2293 445 2581 503 Cuiusdam
2611 443 2887 508 torrentis,
2913 450 3034 498 erat
3057 438 3149 510 qui
3181 436 3460 509 proximus
3485 432 3615 498 illis,

603 488 671 547 Et
703 499 800 539 rex
825 473 1183 535 Wormatiam
1210 468 1436 527 Carolus
1460 461 1676 534 collegit
1701 460 1754 515 in
1787 455 1979 512 urbem

601 552 934 634 Francorum
950 577 1211 637 proceres
1236 560 1304 616 ad
1325 552 1613 615 concilium
1635 547 1907 623 generale,

603 671 740 726 Cum
771 663 967 736 quibus
998 666 1059 714 ut
1082 655 1223 712 bello
1251 652 1495 708 Saxones
1515 642 1899 715 aggrederetur

602 755 889 819 Decrevit;
917 765 942 794 ι
972 749 1225 823 quoniam
1257 744 1531 799 Saxonum
1558 734 1801 807 proxima
1837 725 2066 785 Francis

603 853 830 909 Adiacet
856 846 925 903 ad
947 846 1171 900 Boream
1200 836 1373 897 tellus,
1407 832 1493 886 vix
1520 828 1691 884 limite
1727 831 1879 880 certo

605 939 777 997 Divisi
802 934 979 1010 gentis
1000 931 1136 986 ﬁnes
1158 926 1440 994 utriusque
1466 920 1783 976 cohaerent.

607 1037 725 1106 Que
750 1042 868 1089 tum
892 1026 1103 1083 vicinae
1128 1038 1235 1093 quo
1262 1019 1385 1091 plus
1415 1015 1633 1086 regione
1660 1010 1832 1076 fuere,

608 1102 784 1185 'i‘anto
806 1121 1075 1179 seiunctae
1097 1113 1296 1171 animis
1316 1106 1584 1166 discordia
1610 1102 1759 1159 fecit.

608 1183 896 1275 Rinitimos
917 1209 1014 1267 sed
1041 1207 1187 1264 enim
1206 1219 1305 1276 per
1328 1214 1491 1273 agros
1517 1196 1787 1265 utrimque
1810 1183 2058 1247 solebant

609 1308 839 1367 Assidue
867 1303 983 1361 ﬁeri
1012 1301 1194 1363 cedes,
1225 1290 1495 1357 incendia‘,
1524 1288 1745 1361 praede.

611 1402 889 1457 Saxonum
914 1400 1108 1449 natura
1147 1386 1299 1443 ferox
1327 1391 1383 1438 et
1418 1388 1637 1453 pectora
1663 1377 1822 1441 dura,

610 1496 779 1552 Ferre
806 1492 990 1560 iugum
1028 1482 1228 1541 Christi
1255 1493 1359 1535 nec
1389 1477 1516 1533 dum
1551 1474 1771 1543 dignata
1793 1481 1979 1531 suave,

612 1583 908 1642 Demonico
930 1576 1157 1634 nimium
1186 1572 1400 1627 fuerant
1423 1578 1611 1623 errore
1636 1561 1882 1618 subacta.

615 1672 969 1734 Christicolae
995 1683 1125 1725 vero
1152 1667 1260 1721 iam
1286 1663 1447 1732 longo
1483 1665 1726 1727 tempore
1749 1647 1945 1707 Franci

614 1766 949 1826 Catholicam
976 1769 1200 1817 tenuere
1227 1754 1410 1819 ﬁdem,
1444 1747 1733 1816 multisque
1758 1756 1855 1815 per
1875 1739 2063 1795 orbem

615 1862 728 1917 iam
753 1855 1170 1915 dominabantur
1193 1843 1425 1920 populis,
1445 1840 1641 1912 quibus
1664 1835 1898 1906 undique
1920 1830 2060 1897 fulti,

616 1950 878 2021 Precipue
902 1945 1106 2001 virtute
1129 1941 1249 2004 Dei,
1281 1951 1444 2008 quem
1468 1933 1572 1989 rite
1608 1929 1878 1992 colebant,

621 2043 774 2098 lianc
796 2051 963 2095 unam
990 2037 1240 2104 poterant
1266 2025 1521 2084 nimirum
1549 2022 1768 2077 vincere
1796 2024 2029 2089 gentem.

624 2135 740 2201 Que
765 2144 864 2185 nec
888 2141 1015 2198 rege
1042 2124 1141 2179 fuit
1162 2120 1355 2177 saltem
1380 2115 1582 2172 sociata
1603 2112 1704 2168 sub
1725 2124 1855 2176 uno,

628 2224 696 2281 Ut
728 2238 786 2279 se
815 2219 1038 2277 militiae
1063 2212 1266 2287 pariter
1286 2206 1599 2266 defenderet
1625 2218 1746 2267 usu,

628 2317 736 2375 Sed
759 2313 926 2371 variis
949 2309 1119 2368 divisa
1147 2304 1321 2362 modis
1340 2301 1492 2373 plebs
1517 2296 1715 2362 omnis,
1745 2291 1977 2349 habebat

627 2411 770 2480 Quot
790 2420 958 2480 pagos
986 2410 1067 2459 tot
1088 2411 1258 2473 paene
1283 2397 1467 2459 duces,
1493 2390 1643 2446 velut
1669 2387 1829 2442 unius
1850 2390 2002 2438 artus

629 2474 886 2571 Corporis
910 2496 962 2552 in
987 2492 1202 2549 diversa
1227 2488 1406 2544 forent
1428 2484 1556 2539 hinc
1578 2480 1701 2536 inde
1732 2474 1952 2559 revulsi.

633 2556 1036 2665 Sed-generalis
1057 2585 1222 2641 habet
1244 2577 1470 2654 populos
1495 2573 1689 2632 divisio
1715 2556 1919 2634 ternos,

629 2687 891 2761 insignita
919 2682 1117 2754 quibus
1142 2673 1379 2731 Saxonia
1399 2667 1582 2725 floruit
1607 2665 1756 2721 olim.

634 2746 863 2839 Nomina
887 2788 1030 2831 nunc
1055 2774 1356 2831 remanent,
1383 2761 1556 2817 virtus
1586 2756 1806 2824 antiqua
1834 2746 2076 2805 recessit.

635 2871 876 2941 Denique
899 2863 1189 2921 Westfalos
1211 2858 1449 2914 vocitant
1469 2854 1522 2909 in
1555 2857 1712 2924 parte
1735 2849 2013 2902 manentes

635 2940 892 3025 Occidua,
925 2969 1155 3026 quorum
1179 2966 1285 3007 non
1309 2948 1465 3015 longe
1494 2940 1757 2998 terminus
1783 2951 1942 2992 amne

637 3058 684 3114 A
709 3055 900 3112 Rheno
922 3051 1086 3107 distat
1112 3062 1127 3113 ;
1156 3043 1430 3115 regionem
1454 3037 1583 3092 solis
1602 3033 1671 3088 ad
1694 3039 1872 3088 ortum

637 3151 669 3190 δ
698 3143 1078 3205 inhabitabant
1104 3132 1413 3195 Osterliudi,
1448 3143 1584 3200 quos
1613 3123 1830 3182 nomine
1857 3119 2072 3193 quidam

638 3237 887 3300 Ostvalos
911 3234 1018 3290 alio
1036 3231 1297 3295 vocitant,
1324 3222 1554 3282 conﬁnia
1585 3231 1820 3289 quorum

638 3331 902 3389 infestant
926 3326 1213 3383 coniuncta
1238 3320 1352 3376 suis
1375 3331 1508 3390 gens
1533 3309 1738 3384 perﬁda
1765 3304 1969 3365 Sclavi.

640 3426 788 3481 inter
808 3419 1115 3493 praedictos
1138 3413 1314 3470 media
1335 3409 1555 3480 regione
1584 3410 1863 3462 morantur

639 3510 885 3585 Angarii,
910 3506 1141 3581 populus
1172 3504 1446 3560 Saxonum
1473 3498 1697 3563 tertius;
1740 3496 1932 3550 horum

640 3604 829 3662 Patria
850 3603 1184 3657 Francorum
1224 3594 1383 3650 terris
1407 3590 1637 3649 sotiatur
1666 3587 1735 3641 ab
1758 3591 1964 3646 austro,

643 3695 964 3764 Oceanoque
995 3690 1183 3745 eadem
1213 3682 1557 3753 coniungitur
1582 3693 1651 3735 ex
1675 3675 1944 3748 aquilone.

642 3787 799 3844 lianc
820 3784 981 3855 igitur
1004 3779 1229 3838 Carolus
1256 3773 1444 3830 statuit
1470 3772 1572 3828 sibi
1596 3770 1826 3826 subdere
1852 3771 2120 3837 gentem.

646 3878 760 3933 Nec
783 3890 956 3940 mora,
986 3886 1111 3929 cum
1135 3869 1262 3927 totis
1286 3866 1619 3922 Francorum
1645 3859 1852 3915 viribus
1876 3856 2045 3926 ipsam

645 3967 968 4037 Aggressus,
993 3960 1099 4015 late
1127 3956 1272 4013 ferro
1295 3952 1528 4011 vastavit
1546 3949 1759 4019 etigni.

650 4052 941 4110 Castellum
966 4047 1198 4104 naturali
1240 4042 1538 4101 munimine
1563 4036 1705 4093 forte

652 4144 839 4210 Valde,
865 4157 1026 4198 manu
1049 4151 1263 4211 quoque
1292 4134 1587 4196 ﬁrmatum,
1614 4124 1755 4199 quod
1788 4121 2018 4181 barbara
2055 4116 2233 4189 lingua

650 4234 907 4292 Nominat
926 4231 1215 4298 Eresburg,
1241 4224 1419 4281 valido
1443 4235 1568 4277 cum
1604 4219 1797 4274 robore
1822 4217 1981 4285 cepit.

651 4322 799 4382 Gens
827 4321 1016 4379 eadem
1041 4317 1206 4374 coluit
1230 4313 1595 4375 simulacrum,
1622 4307 1766 4379 quod
1789 4304 2096 4361 vocitabant

579 4487 582 4491 ,
650 4413 926 4479 irminsul,
951 4410 1104 4468 cuius
1127 4405 1316 4464 similis
1342 4402 1551 4459 factura
1581 4413 1603 4442 ε
1636 4400 1883 4457 columue

652 4509 774 4566 Non
797 4506 978 4579 operis
1000 4501 1153 4575 parvi
1184 4497 1360 4554 fuerat
1383 4497 1691 4568 pariterque
1720 4490 1949 4547 decoris.

655 4601 769 4657 Hoc
794 4614 891 4655 rex
910 4603 1181 4658 evertens,
1206 4589 1405 4645 mansit
1432 4587 1606 4642 tribus
1630 4585 1745 4655 ipse
1766 4582 1955 4637 diebus

656 4694 717 4750 in
740 4691 934 4750 castris
959 4689 1106 4744 iuxta
1129 4683 1340 4756 positis,
1366 4689 1481 4736 tum
1501 4678 1812 4735 continuato

659 4782 892 4844 Aestatis
917 4779 1127 4836 fervore
1148 4776 1258 4842 diu,
1286 4772 1541 4842 caeloque
1571 4781 1762 4824 sereno

659 4874 937 4930 Ardebant
958 4870 1095 4942 agri,
1122 4880 1225 4923 nec
1252 4866 1307 4921 in
1333 4864 1465 4935 ipsis
1488 4859 1724 4917 fontibus
1751 4857 1946 4911 humor

664 4959 817 5022 Ullus
835 4968 973 5027 erat,
999 4941 1171 5016 multo
1198 4954 1511 5025 squalebant
1535 4949 1562 4990 ἀ
1591 4948 1809 5021 pulvere
1835 4941 1956 5000 rivi.

661 5055 882 5125 iamque
911 5050 1166 5120 fatigabat
1190 5045 1426 5117 graviter
1446 5040 1644 5111 regalia
1667 5045 1841 5093 castra

664 5148 835 5204 Aucta
864 5143 1042 5201 calore
1062 5141 1203 5205 sitis,
1233 5137 1330 5194 sed
1352 5136 1434 5190 vis
1463 5132 1608 5189 dedit
1628 5126 2026 5199 omnipotentis,

665 5241 764 5297 Cui
784 5238 986 5310 placuit
1017 5246 1041 5276 ο
1067 5233 1174 5288 fani
1201 5227 1480 5286 subversio
1505 5226 1642 5281 iusta
1670 5207 1914 5294 profani,

669 5329 741 5387 Ut
771 5327 1040 5385 mediante
1064 5310 1151 5382 die
1173 5321 1348 5378 subito
1372 5333 1472 5390 per
1500 5329 1733 5373 concava
1760 5311 1889 5369 sicci

738 5514 767 5543 ι
792 5501 870 5556 Ex
899 5497 1155 5555 Emhardi
1184 5496 1305 5552 Vita
1332 5493 1528 5558 Caroli,
1561 5508 1681 5563 cap.
1710 5492 1763 5545 7.

740 5572 770 5612 δ
792 5570 1108 5626 Reineccius
1134 5576 1187 5625 et
1208 5565 1493 5629 Leibnitz.,
1517 5559 1809 5618 inhabitant
1835 5559 2134 5630 Osterlingi.

2294 536 2576 592 Sufficiens
2601 533 2862 589 exercitui
2886 537 3263 602 prorumperet
3287 525 3450 582 unda.

2295 626 2390 682 liis
2412 625 2578 697 gestis
2605 639 2728 680 eum
2757 638 2852 678 rex
2889 621 3164 677 Wisuram
3192 616 3429 672 venisset
3456 611 3527 669 ad
3550 624 3781 679 amnem,

2292 716 2581 773 Obsidibus
2605 716 2688 770 bis
2707 728 2801 770 sex
2820 713 2937 784 ipsa
2967 712 3033 767 de
3056 716 3215 782 gente
3241 704 3494 777 receptis,

2293 808 2374 864 Ad
2400 807 2631 879 patriam
2657 805 2821 861 rediit
2844 816 3037 872 magna
3058 814 3179 855 cum
3204 801 3585 868 prosperitate.

2762 895 2914 948 Anno
2946 892 3070 947 775.
3104 888 3299 944 Indict.
3333 886 3420 942 10.

2297 991 2475 1047 Missis
2501 989 2714 1060 legatis,
2739 985 3009 1042 Adrianus
3035 996 3176 1054 papa
3203 986 3451 1035 sacratus

2296 1085 2569 1141 Auxilium
2594 1081 2775 1138 Caroli
2804 1077 3008 1135 studuit
3035 1075 3331 1144 deposcere
3359 1067 3543 1140 magni

2297 1180 2574 1235 Adversus
2595 1170 3007 1246 Langobardos,
3034 1180 3265 1237 quorum
3294 1161 3395 1216 fuit
3422 1160 3514 1215 illo

2299 1273 2563 1343 Tempore
2586 1284 2684 1324 rex
2708 1263 3050 1326 Desiderius;
3081 1273 3209 1314 nam
3237 1255 3391 1311 valde
3414 1250 3698 1324 premebat

2298 1361 2543 1433 improba
2572 1358 2843 1413 Romanos
2871 1353 3034 1409 huius
3056 1347 3314 1404 violentia
3340 1343 3565 1417 gentis;

2188 1498 2200 1513 η
2301 1454 2522 1525 Et'quia
2559 1461 2687 1508 tunc
2710 1449 2784 1506 illi
2812 1461 2942 1520 pars
2968 1444 3204 1513 maxima
3231 1438 3443 1496 subdita
3473 1434 3627 1506 regni

2301 1547 2485 1604 italiae
2513 1545 2678 1600 totius
2702 1548 2842 1606 erat,
2874 1547 3155 1604 terrasque
3181 1547 3278 1604 per
3305 1530 3424 1585 illas
3446 1569 3463 1594 ,

2305 1639 2524 1696 Scilicet
2548 1633 2799 1698 hostiles,
2832 1646 2939 1686 non
2967 1638 3274 1697 quenquam
3302 1621 3518 1675 mittere
3550 1615 3571 1656 ί
3607 1623 3724 1671 tute

2304 1732 2579 1787 Romanus
2607 1722 2820 1799 praesul
2846 1720 3039 1792 potuit,
3071 1716 3161 1788 qui
3193 1714 3411 1770 tramite
3439 1719 3590 1767 recto

2232 1811 2279 1871 Β
2306 1821 2640 1877 Francorum
2669 1823 2843 1871 terras
2871 1817 3096 1881 peteret,
3127 1803 3492 1862 conscendere
3528 1814 3720 1856 navem

2307 1912 2459 1968 Fecit
2481 1909 2621 1980 apud
2650 1907 2878 1962 Romam
2906 1902 3143 1972 legatum
3167 1896 3385 1953 nomine
3414 1893 3662 1955 Petrum,

2310 2003 2381 2060 Ut
2402 2014 2551 2057 mare
2573 1998 2802 2054 circuitu
2830 1995 2991 2065 longo
3016 1990 3317 2059 fluctusque
3344 1999 3639 2058 pererrans

2312 2095 2661 2165 Susspectum
2687 2090 2885 2144 vitaret
2913 2086 3050 2141 itaer
3078 2098 3092 2137 :
3120 2083 3199 2138 sic
3225 2095 3351 2152 sepe
3379 2079 3598 2134 videtur

2312 2185 2512 2241 Tucior
2534 2180 2721 2238 oceani
2748 2177 2929 2235 fervor
2956 2174 3238 2247 pelagique
3272 2169 3511 2242 procella
3532 2208 3548 2234 ,

2313 2276 2485 2345 Quam
2507 2279 2715 2329 mentes
2730 2268 3007 2326 hominum
3023 2307 3036 2331 ,
3062 2280 3201 2335 quas
3221 2260 3437 2318 turbida
3461 2266 3765 2316 commovet
3789 2257 3875 2310 ira.

2314 2369 2412 2424 ilic
2441 2366 2607 2441 igitur
2628 2363 2822 2418 Petrus
2850 2360 3020 2415 Roma
3046 2356 3285 2412 directus
3310 2353 3378 2407 ab
3406 2351 3564 2415 urbe,

2314 2461 2421 2517 Per
2444 2473 2595 2515 mare
2622 2453 2913 2512 Massiliam
2937 2449 3115 2522 petiit,
3140 2448 3468 2519 longumque
3487 2441 3683 2498 deinde

2318 2550 2624 2608 Preteriens
2645 2549 2764 2611 iter,
2797 2546 2853 2600 in
2882 2542 3005 2598 villa
3035 2540 3329 2595 Tlicodone
3349 2535 3540 2592 vocata

2319 2644 2551 2718 insignis
2576 2640 2752 2699 Caroli
2782 2639 3039 2710 pietatem
3069 2633 3213 2705 regis
3241 2627 3447 2697 adivit,

2320 2739 2498 2795 Orans
2520 2738 2712 2793 devote
2739 2730 2890 2796 satis,
2920 2737 2981 2784 ut
3008 2726 3297 2784 defendere
3324 2721 3485 2778 vellet

2321 2827 2618 2885 Ecclesiam
2644 2822 2813 2887 Petri,
2838 2833 3082 2876 summus
3109 2816 3202 2888 qui
3231 2815 3467 2883 claviger
3494 2810 3653 2867 aulae
3714 2868 3717 2871 _

2323 2919 2400 2974 illi
2429 2915 2646 2973 celestis
2675 2912 2804 2968 dare
2829 2908 3072 2982 praemia
3101 2906 3335 2962 maxima
3364 2913 3568 2976 posset.

2325 3011 2436 3068 Nec
2466 3025 2570 3066 non
2599 3003 2869 3080 pontiﬁcis
2892 3007 3231 3058 succurreret
3257 2997 3539 3062 auxietati,

2328 3099 2664 3170 Romanique
2689 3095 2849 3153 simul
2878 3091 3058 3167 populi
3085 3091 3224 3147 mala
3250 3089 3483 3163 plurima
3506 3087 3677 3159 passi,

2252 3164 2299 3228 Ο
2330 3190 2431 3252 Cui
2457 3191 2727 3249 libertatis
2757 3191 2864 3245 iam
2878 3164 3041 3259 spes,
3073 3184 3323 3263 vitaeque
3344 3182 3609 3237 tenendae

2329 3284 2499 3342 Unica
2523 3291 2645 3355 post
2673 3280 2977 3345 Dominum,
3007 3285 3214 3333 tantum
3244 3282 3473 3329 restaret
3507 3272 3561 3326 in
3590 3271 3700 3326 ilo.

2327 3380 2549 3437 Talibus
2576 3377 2795 3440 auditis,
2823 3388 3040 3431 causam
3071 3387 3165 3427 rex
3191 3369 3440 3441 protinus
3466 3380 3681 3423 omnem

2328 3470 2573 3527 Sollicito
2596 3467 2818 3524 volvens
2845 3465 3049 3527 animo,
3076 3462 3211 3516 Satis
3240 3459 3406 3514 affore
3433 3459 3638 3513 iustum

2327 3565 2637 3643 Perpendit,
2668 3569 2988 3633 gratumque
3011 3559 3141 3622 Deo,
3172 3553 3424 3611 defensor
3452 3561 3511 3608 ut
3540 3552 3657 3625 ipse

2330 3662 2487 3719 Sedis
2513 3648 2838 3731 apostolicae
2868 3654 2998 3710 totis
3021 3666 3122 3722 pro
3151 3647 3362 3707 viribus
3382 3653 3549 3702 esset.

2330 3753 2506 3825 Atque
2531 3766 2628 3807 suo
2657 3748 2842 3805 statim
2883 3759 3046 3816 regno
3074 3739 3290 3810 collegit
3319 3737 3387 3791 ab
3411 3735 3561 3791 omni

2333 3844 2563 3902 Roboris
2592 3838 2823 3898 inmensi
2853 3836 3015 3891 variis
3046 3848 3113 3889 ex
3145 3830 3394 3902 gentibus
3422 3839 3636 3898 agmen.

2332 3938 2486 4006 Quod
2510 3950 2694 3992 secum
2718 3934 2936 3994 ducens,
2965 3928 3209 3983 Genuam
3232 3910 3478 3994 pervenit
3504 3917 3561 3973 in
3585 3916 3790 3974 urbem,

2333 4032 2504 4099 Quam
2531 4028 2719 4098 rapido
2748 4039 2908 4080 cursu
2936 4019 3227 4076 Rhodanus
3246 4010 3583 4086 praeterfluit
3606 4006 3798 4069 amnis;

2334 4123 2473 4178 Tum
2506 4120 2719 4193 gemino
2746 4112 3127 4186 Langobardos
3155 4107 3406 4163 invadere
3434 4102 3576 4159 bello

2334 4213 2605 4276 Decrevit,
2636 4198 2996 4281 populumque
3015 4216 3171 4259 suum
3195 4198 3398 4262 divisit,
3429 4207 3486 4252 et
3511 4208 3674 4249 unam

2335 4306 2470 4363 Cum
2501 4305 2637 4359 duce
2659 4297 2972 4356 Bernhardo
2998 4302 3207 4366 partem
3239 4295 3596 4363 praeceperat
3628 4286 3704 4340 ire

2336 4400 2440 4455 Per
2466 4391 2865 4461 montemgiovis
2884 4420 2956 4430 —
2978 4387 3030 4442 id
3056 4400 3251 4441 nomen
3273 4389 3428 4438 vetus
3456 4378 3645 4435 indidit
3667 4387 3811 4429 error
3834 4397 3887 4408 ——

2257 4507 2314 4570 ι)
2336 4492 2407 4548 At
2437 4491 2693 4560 reliquam
2723 4501 2821 4557 per
2844 4482 3105 4540 Cinisium
3133 4495 3228 4533 rex
3264 4478 3495 4532 duxerat
3518 4472 3649 4543 ipse.

2341 4578 2695 4637 Transcensis
2722 4576 2885 4647 igitur
2912 4570 3200 4629 horrendis
3231 4566 3479 4638 Alpibus,
3511 4565 3678 4619 instar

2338 4668 2592 4726 Turbinis
2614 4665 2884 4721 Ausoniae
2910 4662 3104 4730 duplex
3128 4657 3399 4713 exercitus
3423 4668 3553 4708 arva

2339 4764 2593 4826 irrueret,
2624 4758 2731 4812 late
2757 4768 2982 4825 regnum
3006 4757 3227 4805 vastans
3251 4745 3584 4818 apulentum.

2338 4855 2557 4923 iamque
2584 4857 2761 4906 metus
2788 4852 3011 4904 cunctos
3034 4842 3367 4897 Francorum
3388 4834 3615 4909 perculit
3637 4833 3832 4904 ingens.

2339 4945 2475 5001 Nam
2498 4930 2858 5006 Desiderium,
2880 4940 3054 5010 primo
3079 4937 3172 5007 qui
3192 4935 3331 4992 bella
3357 4933 3601 5005 parabat,

2342 5037 2414 5091 Sc
2441 5034 2642 5089 frustra
2667 5031 2862 5087 Carolo
2890 5042 3116 5099 sperans
3140 5025 3403 5081 obsistere
3426 5037 3607 5093 posse,

2341 5126 2645 5196 Congressu
2674 5122 2903 5178 necdum
2929 5117 3097 5184 facto,
3121 5127 3327 5172 terrore
3351 5114 3575 5186 fugavit,

2342 5220 2413 5275 Et
2434 5218 2677 5274 clausum
2702 5215 2914 5279 Ticino,
2945 5212 3030 5268 cui
3060 5225 3205 5265 nunc
3231 5217 3317 5264 est
3342 5207 3508 5277 Papia
3532 5218 3738 5268 nomen.

2342 5314 2548 5386 Regius
2574 5309 2803 5366 admotis
2828 5305 3100 5363 exercitus
3124 5303 3362 5372 undique
3380 5298 3574 5356 castris

2413 5496 2441 5536 ἀ
2475 5494 2668 5550 Manus
2686 5492 2962 5564 qualebant
2988 5491 3038 5564 ιτ

2422 5579 2446 5607 ο
2475 5548 2572 5620 Cui
2592 5548 2790 5637 placuit
2820 5563 2876 5617 2.
2917 5561 3206 5630 Antiquam
3236 5556 3524 5637 lectionem
3551 5548 3775 5607 divinare
3798 5551 3894 5594 non

745 5654 768 5684 e
795 5641 1027 5697 Factum
1051 5638 1235 5701 similia
1256 5630 1375 5708 cod.
1401 5634 1670 5708 Reineccii
1687 5631 2014 5708 conjectum,
2038 5631 2246 5708 factura
2348 5637 2575 5708 amplius
2595 5630 2744 5690 Ῑίρρι,

669 5712 926 5784 simulque
954 5710 1215 5784 columna,
1265 5706 1482 5784 rejecla,
1521 5704 1816 5784 Lcibnitius
1860 5702 1970 5757 sola
2018 5701 2248 5755 vocabu-

671 5775 851 5840 loruni
872 5780 1281 5853 transpositionc
1307 5776 1483 5832 locum
1506 5775 1733 5830 sanavit.

2428 5706 2452 5749 ῖ
2477 5706 2568 5771 R.,
2592 5716 2724 5759 tute.
