4026 6364
222 368 310 426 689
542 362 794 418 ANNAL.
837 363 925 418 DE
961 363 1206 419 GES'I‘IS
1246 362 1304 417 Β.
1345 360 1594 416 CAROLI
1637 357 1850 414 MAG-NI
1887 357 2065 413 LIBRI
2104 359 2170 414 ν.
2209 389 2280 397 -
2317 357 2475 413 \‘ITA
2514 357 2788 414 CAROLI.
2829 356 3026 412 -—LIB.
3069 357 3108 410 I.

1807 476 1856 536 Α
1883 471 2029 538 Quos
2057 482 2314 542 expertus
2345 481 2462 528 erat
2490 473 2612 528 fidei
2640 474 2723 527 vel
2738 472 2986 528 foederis
3015 471 3190 527 omnis
3220 494 3228 504 -

221 476 439 540 Obsedit,
468 475 739 544 variisque
766 475 935 530 modis
963 491 1060 546 per
1081 475 1312 544 plurima
1342 483 1612 546 temptans

221 566 483 637 Temporis
509 565 720 620 hiberni
747 566 922 636 spatio
959 566 1230 620 molimina
1263 575 1399 630 toto,

220 661 323 718 Non
344 660 490 714 urbis
518 667 732 729 poterat
763 673 946 712 muros
977 658 1275 727 irrumpere
1304 655 1466 712 ferro.

662 751 814 804 Anno
842 751 967 803 7'74.
1003 749 1198 804 Indict.
1235 751 1321 804 II.

219 847 362 905 'I‘ales
387 842 585 902 Italicis
606 845 734 898 dum
760 858 849 898 res
876 851 1166 914 agerentur
1187 844 1239 898 in
1263 843 1412 898 horis
1430 855 1480 908 ι,

219 938 443 994 Saxones
470 933 574 989 sibi
606 934 887 1003 contiguos
913 933 1165 988 invadere
1197 933 1329 987 fines
1521 923 1525 927 λ

218 1028 336 1084 Ausi
363 1024 713 1090 Francorum,
736 1039 931 1095 pagum
955 1025 1046 1094 qui
1075 1025 1272 1079 dicitur
1294 1023 1451 1079 Hassi

219 1119 550 1182 Praedantur,
574 1087 916 1188 ﬂammisque
946 1118 1104 1172 simul
1142 1117 1465 1188 populantur
1507 1125 1562 1171 et
1598 1117 1782 1170 armis.

156 1209 179 1283 ,”
219 1211 349 1278 Quos
373 1208 630 1262 animavit
660 1206 727 1261 ad
756 1209 860 1263 hoc
890 1207 1180 1279 longinqua
1209 1207 1474 1277 profectio
1504 1209 1678 1278 regis,

217 1303 490 1357 Credentes
518 1299 815 1355 ulciscendi
846 1300 946 1356 sibi
979 1310 1104 1356 tunc
1135 1300 1249 1355 fore
1279 1309 1489 1370 tempus

220 1395 420 1456 Damna,
452 1391 603 1462 prius
628 1406 728 1461 per
755 1407 880 1448 eum
911 1407 1016 1460 que
1045 1392 1279 1446 maxima
1313 1391 1639 1445 sustinuere.

218 1483 308 1550 Qui
334 1491 504 1536 tamen
535 1496 708 1550 usque
738 1481 916 1535 locum
947 1481 1038 1551 qui
1067 1479 1378 1535 Frideshlar
1406 1478 1674 1534 vocitatur

221 1574 499 1646 Progressi,
532 1575 804 1642 quandam
835 1572 1118 1640 cupierunt
1145 1571 1359 1626 tradere
1389 1568 1619 1625 ﬂammis

222 1666 512 1732 Ecclesium,
540 1680 702 1736 quam
734 1666 966 1720 sacravit
995 1664 1298 1720 Bonifacius
1327 1664 1433 1719 illic

222 1758 388 1812 Martir
413 1767 465 1812 et
492 1758 722 1812 antistes
752 1758 971 1812 (lhr'sto
999 1758 1227 1813 dilectus
1257 1758 1310 1812 in
1334 1773 1546 1813 aevum.

223 1847 320 1904 Hoc
343 1849 534 1904 frustra
565 1850 712 1904 nisos
744 1849 953 1904 facinus
981 1849 1250 1920 complere
1279 1849 1592 1916 nefandum,

223 1941 395 1996 Invasit
419 1939 596 1996 subito
633 1948 812 1996 terror
838 1941 1095 1996 divinitus
1123 1942 1332 2013 ingens,

224 2035 374 2103 Atque
400 2033 520 2103 fuga
551 2033 695 2103 turpi
729 2035 965 2103 trepidos
997 2036 1256 2103 repedare
1288 2034 1463 2106 coegit

200 2113 292 2180 ‘Ad
316 2125 552 2195 patriam,
585 2141 723 2195 quos
754 2141 859 2180 non
891 2127 1094 2192 hostes,
1124 2142 1228 2179 non
1257 2142 1408 2183 arma
1435 2125 1709 2198 fugarunt.

224 2218 280 2272 At
303 2234 408 2286 rex,
432 2219 707 2289 dispositis
733 2218 1034 2290 legionibus
1059 2218 1124 2271 ad
1153 2217 1498 2274 Ticinensum
1523 2219 1550 2258 ιι

223 2309 480 2366 Obsidione
504 2309 613 2380 iugi
641 2309 894 2382 populum
924 2307 1169 2379 belloque
1195 2308 1568 2378 premendum,

222 2398 398 2456 Orandi
427 2415 587 2456 causa
611 2399 782 2454 Roinc
814 2399 933 2455 loca
962 2409 1144 2454 sancta
1172 2399 1382 2469 petivit.

225 2492 319 2548 lllic
341 2493 663 2564 supplicibus
686 2493 825 2548 votis
855 2509 921 2549 ex
948 2492 1112 2547 corde
1142 2493 1398 2560 peractis,

227 2585 294 2641 Ad
322 2586 556 2640 Ticinum
590 2585 768 2650 rediit,
800 2600 904 2654 que
933 2585 1039 2638 iam
1066 2583 1362 2639 certamine
1394 2582 1554 2653 longo

228 2675 366 2732 Fessa
389 2676 720 2747 repugnandi
748 2676 892 2731 vires
921 2675 1179 2730 amiserat
1207 2689 1412 2729 OlllllCS.

231 2768 387 2826 Dedita
417 2778 525 2824 tum
555 2769 781 2825 Francis
809 2770 942 2824 haec
969 2769 1098 2824 urbs
1121 2768 1440 2830 clarissima,
1473 2768 1680 2822 cunctis

238 2860 452 2934 Exemplo
477 2859 657 2916 fuerat
684 2861 932 2930 reliquis;
969 2876 1090 2914 nam
1120 2860 1367 2929 protinus
1395 2875 1585 2916 omnes

234 2953 549 3010 Tradiderant
572 2954 766 3011 Carolo
797 2971 914 3010 sese
941 2955 1281 3010 concorditer
1306 2954 1466 3008 urbes

230 3041 449 3100 Eiusdem
480 3047 655 3118 regni,
682 3047 823 3116 quod
849 3047 955 3101 iam
981 3047 1081 3101 sibi
1115 3047 1231 3101 iure
1262 3046 1543 3101 subactum

231 3130 488 3203 Disposuit,
521 3146 782 3208 quantum
811 3138 984 3207 potuit
1009 3153 1108 3207 pro
1132 3146 1374 3205 tempore
1398 3136 1488 3189 tali

228 3225 293 3281 Ad
313 3229 454 3284 sedes
477 3231 677 3285 etenim
704 3231 926 3300 cupiens
955 3245 1197 3284 remeare
1226 3238 1496 3300 paternas,

225 3320 545 3379 Accelerahat
573 3325 694 3388 iter,
728 3340 911 3380 secum
940 3324 1142 3379 ducens
1169 3334 1528 3378 memoratum

224 3411 379 3470 Italiae
407 3432 604 3487 regem,
631 3417 844 3472 noviter
868 3432 1028 3485 quem
1056 3423 1311 3486 coeperat
1335 3413 1518 3470 armis.

224 3503 308 3560 Hic
333 3507 685 3564 humanarum
714 3509 896 3563 videas
926 3508 1155 3563 ludibria
1185 3524 1388 3572 rerum,

220 3601 374 3668 Quam
396 3606 538 3660 vario
563 3621 728 3661 cursu
755 3605 896 3660 vitae
921 3612 1036 3659 rota
1064 3603 1300 3658 volvitur
1335 3603 1491 3657 huius
1517 3621 1528 3654 :

221 3692 458 3753 Hesterno
481 3697 800 3752 Desiderius
834 3695 1136 3750 diademate
1165 3695 1317 3766 regni

221 3785 422 3853 l-‘loruit,
449 3803 515 3842 en
547 3788 709 3846 hodie
733 3795 816 3842 est
844 3802 1069 3857 pauper,
1099 3786 1344 3856 captivus
1373 3794 1428 3841 et
1455 3787 1598 3842 exul.

222 3877 254 3931 Γ
261 3877 368 3934 ilius
395 3879 560 3942 illius,
595 3879 916 3951 cognomine
943 3879 1118 3934 dictus
1145 3875 1386 3948 Adalgis,
1447 3939 1449 3942 l

221 3969 331 4024 Cum
350 3969 732 4042 Langobardis,
747 3970 802 4024 in
831 3985 896 4024 eo
925 3984 1049 4040 spes
1081 3969 1256 4038 ampla
1287 3976 1548 4033 maneret,

222 4057 447 4116 Dillidens
476 4061 640 4117 rebus
665 4060 897 4131 patriae,
928 4075 987 4115 se
1014 4059 1243 4116 contulit
1271 4058 1396 4114 inde

224 4151 288 4206 Ad
313 4150 740 4216 Constantinum,
769 4149 1065 4206 Grecorum
1093 4157 1305 4219 sceptra
1342 4157 1648 4221 regentem;

223 4245 256 4300 Α
278 4263 371 4318 quo
399 4248 667 4320 patricius
695 4246 978 4317 praeclaro
1008 4260 1232 4300 munere
1261 4243 1460 4309 factus,

224 4336 314 4393 Hoc
340 4339 389 4394 in
415 4341 624 4394 honore
653 4352 782 4394 suae
809 4335 1111 4408 permansit
1135 4335 1201 4390 ad
1227 4333 1414 4389 ultima
1441 4333 1601 4388 vitae.

223 4425 317 4483 Rex
342 4439 518 4485 autem
544 4428 772 4485 Carolus
800 4427 1044 4493 veniens,
1081 4426 1209 4481 dum
1242 4426 1490 4496 cognitus
1523 4425 1640 4481 eius

226 4519 363 4576 Velox
388 4523 657 4578 adventus
685 4536 785 4575 nec
813 4521 939 4576 dum
966 4518 1268 4575 Saxonibus
1293 4526 1464 4582 esset,

224 4609 438 4681 Fecerat,
464 4621 524 4668 ut
555 4612 749 4684 triplex
779 4610 1050 4666 exercitus
1077 4609 1128 4663 in
1160 4609 1406 4679 regiones

223 4701 409 4760 Illorum
436 4707 662 4771 missus,
691 4704 874 4759 multis
907 4702 1170 4773 allligeret
1201 4703 1346 4773 ipsos

221 4794 426 4854 Cedibus
453 4813 518 4853 ac
543 4797 783 4868 praedis,
813 4795 933 4850 loca
963 4793 1195 4863 denique
1223 4791 1454 4862 plurima
1480 4800 1698 4847 vastans

225 4883 336 4942 llinc
360 4897 441 4944 est
468 4903 594 4944 cum
624 4887 808 4959 spoliis
836 4887 1010 4942 victor
1035 4900 1314 4955 regressus
1334 4885 1530 4956 opimis

656 4980 806 5033 Anno
846 4977 970 5033 7'75.
1004 4976 1201 5031 Indict.
1231 4977 1316 5032 12.

223 5067 315 5125 Rex
339 5072 532 5129 hiemis
565 5081 778 5142 tempus
803 5071 1009 5126 ducens
1031 5072 1087 5124 in
1113 5068 1411 5138 Carisiaco,

223 5161 424 5222 Nomine
444 5183 554 5239 quo
577 5167 809 5237 quedam
835 5166 1035 5236 regalis
1065 5164 1191 5219 villa
1219 5173 1462 5229 vocatur,

222 5254 328 5312 Illuc
343 5257 674 5314 Francorum
700 5272 956 5328 proceres
985 5264 1267 5326 totumque
1295 5264 1543 5310 senatum

220 5346 487 5418 Convocat,
517 5366 581 5405 ac
610 5349 834 5405 multum
865 5356 1107 5404 tractans
1135 5347 1201 5402 de
1228 5347 1392 5401 rebus
1415 5345 1656 5416 agendis,

220 5439 275 5498 Et
300 5446 477 5513 variis,
507 5445 706 5516 quibus
727 5442 960 5513 indiguit
992 5456 1082 5496 res
1107 5439 1344 5510 publica,
1374 5439 1536 5505 curis,

216 5537 446 5610 Inprimis
472 5543 579 5598 hoc
607 5539 893 5597 consilium
929 5537 1246 5608 perhibetur
1268 5535 1454 5599 inisse,

216 5626 276 5686 Ut
299 5633 492 5704 iugiter
516 5632 714 5688 bellum
738 5630 1044 5686 Saxonibus
1071 5628 1428 5700 ingereretur,

276 5780 298 5806 ³
323 5768 375 5824 Id
400 5778 486 5824 est
513 5771 639 5824 oris.

276 5786 298 5806 ³·
323 5786 375 5824 ια
462 5786 486 5824 ι
513 5786 639 5824 oris.

230 5834 236 5839 ’
276 5839 300 5879 δ
328 5786 654 5896 Τὲἓῗκηυυη
690 5840 852 5911 genit.
886 5839 1048 5909 plur.;
1080 5838 1298 5893 licio-ec.
1337 5833 1654 5889 Ticincnsem

3373 357 3484 414 690‘

1893 564 2257 628 Immemores,
2289 581 2565 634 nunquam
2595 566 2696 619 sub
2723 580 2857 634 pace
2886 564 3168 634 quiescere
3198 563 3354 617 velle.

1892 655 2029 711 Hinc
2057 658 2266 723 statuit,
2293 659 2509 727 requies
2534 659 2640 713 illis
2671 666 2730 712 ut
2759 657 2904 712 nulla
2929 658 3176 722 daretur,

1891 745 2071 802 Donec
2099 748 2286 818 gentili
2321 748 2427 803 ritu
2457 749 2716 820 cultuque
2746 749 2952 812 relicto,

1889 838 2210 896 Christicole
2241 841 2452 907 fierent,
2484 850 2577 895 aut
2606 840 2919 896 delerentur
2948 841 3003 896 in
3027 855 3220 897 aevum

1889 929 1933 985 Ο
1962 930 2136 1001 pietas
2168 932 2449 988 benedicta
2470 932 2586 998 Dei,
2613 949 2752 1004 quae
2772 933 2886 988 vult
2918 949 3086 1005 genus
3109 950 3272 990 omne

1889 1019 2194 1075 Humanum
2227 1022 2344 1076 ﬁeri
2365 1023 2594 1090 salvum,
2623 1025 2749 1094 quia
2779 1034 3008 1081 noverat
3033 1026 3192 1082 huius

1889 1111 2006 1166 Non
2037 1114 2194 1169 aliter
2221 1116 2398 1186 gentis
2425 1116 2620 1170 molliri
2653 1125 2877 1186 pectora
2907 1133 3086 1188 posse,
3169 1135 3180 1144 λ

1889 1203 2133 1259 Diseeret
2161 1214 2218 1259 ut
2247 1206 2429 1261 cervix
2471 1207 2752 1263 reflectere
2776 1207 2909 1262 dura
2935 1207 3169 1277 rigorem

1887 1295 2204 1368 lngenitum,
2238 1300 2460 1370 mitique
2489 1300 2614 1372 iugo
2645 1317 2702 1356 se
2730 1301 2964 1358 subdere
2989 1301 3210 1358 Christi.

1889 1387 1970 1445 0h
1995 1389 2095 1443 hoc
2124 1389 2398 1445 doctorem
2425 1391 2585 1446 talem
2617 1391 2847 1461 fideique
2873 1391 3214 1462 magistrum,

1889 1476 2112 1534 Scilicet
2137 1480 2400 1552 insignem
2425 1481 2676 1538 Carolum
2702 1485 2919 1539 donavit
2943 1485 3170 1550 eisdem,

1888 1571 1989 1640 Qui
2015 1573 2156 1628 bello
2178 1583 2465 1643 premeret,
2490 1591 2626 1646 quos
2660 1593 2767 1632 non
2798 1579 3008 1634 ratione
3041 1578 3304 1641 domaret,

1891 1659 2088 1731 Sicque
2119 1664 2201 1716 vel
2232 1664 2428 1720 invitos
2453 1666 2646 1720 salvari
2674 1673 2893 1739 cogeret
2922 1669 3087 1740 ipsos.

1893 1752 2005 1809 Iloc
2032 1756 2350 1825 inspiratum
2382 1760 2531 1814 cordi
2559 1760 2818 1817 divinitus
2845 1763 2964 1840 eius

1817 1836 1862 1896 Β
1894 1847 2036 1903 Utile
2063 1850 2345 1905 consilium
2370 1853 2700 1908 comitantur
2725 1836 2944 1911 strenua
2973 1855 3136 1912 facta.

1888 1939 2095 2010 Quippe
2118 1942 2282 1998 duces
2312 1945 2597 2014 omnisque
2621 1946 2780 2001 simul
2811 1947 3018 2002 delecta
3051 1947 3301 2003 iuventus

1885 2032 1967 2086 Ad
1995 2031 2214 2088 Dnriam
2243 2035 2421 2090 vicum
2450 2045 2742 2106 properant
2768 2052 2782 2091 :
2813 2053 2938 2094 nam
2971 2052 3097 2109 rege
3128 2038 3346 2094 iubente

1885 2123 1998 2179 Illic
2027 2135 2324 2181 conventus
2350 2127 2530 2198 populi
2557 2129 2823 2201 generalis
2850 2131 3099 2186 habetur.

1885 2215 2062 2286 Atque
2085 2217 2280 2274 dehinc
2304 2220 2493 2290 grandi
2528 2223 2850 2278 transmisso
2875 2221 3098 2277 flumine
3118 2221 3330 2286 Rheno,

1887 2307 2162 2364 Saxonum
2189 2309 2415 2370 Carolus
2450 2314 2586 2368 ﬁnes
2613 2315 2884 2369 hostiliter
2905 2315 3073 2370 intrat

1887 2403 1963 2458 Ac
1985 2403 2159 2473 primo
2180 2403 2437 2477 Sigihurg
2458 2405 2741 2462 castellum
2770 2407 2967 2477 coepit,
2993 2414 3047 2462 et
3075 2406 3201 2463 inde

1888 2493 2159 2566 Eresburg
2185 2495 2354 2565 petiit,
2389 2511 2549 2567 quam
2574 2505 2787 2566 captam
2815 2497 3053 2552 diximus
3077 2498 3284 2552 urbem.

1887 2584 1996 2640 Sed
2025 2602 2092 2642 ne
2115 2588 2386 2658 praesidio
2407 2588 2633 2644 Francis
2661 2590 2774 2646 fore
2804 2598 3004 2660 posset,
3037 2590 3263 2644 eandem

1885 2673 2139 2745 Indigene
2168 2677 2590 2732 destruxerunt:
2621 2679 2760 2735 hanc
2789 2679 3020 2748 denique
3050 2693 3240 2733 rursus

1889 2765 2136 2834 Munivit,
2163 2770 2452 2841 posuitque
2478 2786 2606 2827 suas
2638 2771 2748 2828 illic
2775 2772 3049 2843 legiones;

1887 2855 2013 2910 lude
2041 2857 2210 2926 gradu
2236 2859 2399 2914 celeri
2428 2860 2701 2916 Wisuram
2732 2862 2980 2933 pervenit
3000 2861 3068 2917 ad
3095 2877 3331 2917 amnem.
3420 2873 3426 2880 ‘

1889 2950 1985 3010 Cui
2017 2952 2166 3007 iuxta
2195 2962 2431 3010 montem
2461 2956 2550 3025 qui
2577 2956 2947 3029 Brunes—berg
2969 2957 3261 3023 vocitatur,

1886 3043 2055 3099 Obvia
2085 3061 2279 3118 magna
2308 3045 2412 3102 fuit
2437 3049 2658 3118 cupiens
2681 3050 2946 3105 obsistere
2974 3049 3149 3115 turba,

1890 3135 1965 3190 Ne
1990 3134 2207 3191 ﬂuvium
2233 3138 2509 3203 transiret,
2539 3147 2592 3194 et
2623 3140 2726 3196 hoc
2759 3141 3044 3196 conamine
3073 3153 3246 3196 casso.

1811 3199 1858 3260 (ἶ
1889 3225 2049 3296 Fugit
2077 3227 2220 3282 enim
2242 3230 2420 3297 primo
2448 3199 2630 3285 statim
2660 3231 2959 3286 certamine
2988 3231 3161 3301 pulsa,

1887 3313 2309 3386 Innumerosque
2341 3317 2426 3372 die
2460 3317 2662 3372 ferrum
2696 3327 3067 3389 prostraverat
3094 3319 3205 3374 illo.

1886 3407 2016 3462 lude
2046 3422 2269 3463 movens
2292 3409 2516 3466 Carolus
2547 3412 2796 3482 regiones
2823 3414 2972 3467 venit
2992 3402 3060 3468 ad
3086 3412 3229 3478 illas,

1886 3497 2034 3564 Quas
2057 3496 2348 3554 Osterliudi
2375 3511 2396 3539 ε
2424 3501 2674 3567 retinent,
2708 3501 2953 3572 seditque
2981 3502 3172 3558 locatis

1884 3586 1967 3642 Ad
1992 3586 2212 3643 fluvium
2239 3590 2455 3656 castris,
2481 3592 2573 3661 qui
2605 3607 2747 3646 nunc
2773 3591 3011 3648 Ovaccra
3038 3599 3280 3648 vocatur.

1886 3681 2040 3737 Tunc
2063 3683 2137 3736 illi
2169 3683 2405 3754 quidam,
2438 3683 2530 3754 qui
2557 3685 2622 3739 de
2648 3684 2978 3754 primoribus
3004 3684 3121 3739 eius

1884 3774 2076 3831 Gentis
2101 3783 2238 3840 erat,
2272 3775 2498 3844 supplex
2524 3777 2764 3830 occurrit
2794 3776 3013 3831 nomine
3046 3774 3223 3840 Hessi,

1886 3866 2064 3923 Partis
2093 3877 2147 3923 et
2177 3868 2316 3922 illius
2347 3868 2551 3939 pariter
2582 3867 2735 3937 plebs
2769 3869 2929 3924 obvia
2961 3877 3072 3925 tota

1886 3963 2138 4026 Venerat,
2177 3961 2564 4033 obsidibusque
2593 3963 2734 4018 datis
2759 3979 2894 4033 quos
2927 3963 3163 4020 iusserat
3192 3964 3330 4035 ipse,

1888 4053 1959 4110 Se
1981 4070 2198 4110 servare
2225 4054 2384 4112 fidem
2411 4057 2522 4128 regi
2547 4070 2646 4127 per
2670 4058 2906 4112 maxima
2933 4059 3200 4128 spondent

1885 4145 2210 4202 loramenta.
2243 4148 2448 4215 Quibus
2474 4149 2683 4204 cunctis
2712 4149 2817 4204 hoc
2845 4150 3037 4205 ordine
3069 4150 3258 4221 geStis,

1885 4236 1942 4291 In
1967 4252 2163 4308 pagum
2182 4239 2362 4306 rediit,
2388 4256 2548 4310 quem
2579 4239 2765 4296 dicunt
2789 4243 3007 4298 nomine
3027 4241 3220 4296 Bukki.

1885 4327 2001 4384 Illic
2028 4345 2317 4387 occurrere
2345 4334 2509 4388 duces
2537 4334 2696 4388 simul
2725 4334 3086 4406 Angariorum

1886 4421 2020 4478 Cum
2048 4423 2264 4494 populo,
2298 4425 2568 4496 similique
2593 4428 2755 4482 modo
2778 4426 3053 4497 regalibus
3081 4441 3272 4481 omnes

1807 4549 1862 4608 Β
1887 4515 2023 4570 Dum
2048 4524 2241 4587 parent
2271 4517 2452 4584 iussis,
2483 4517 2908 4588 iuramentisque
2934 4515 3118 4572 fideles

1891 4606 1961 4662 Se
1989 4607 2104 4663 fore
2133 4609 2479 4676 confirmant,
2511 4610 2742 4665 reditum
2772 4617 2931 4680 parat
2956 4608 3082 4663 ilico
3111 4607 3304 4664 victor.

1886 4696 2096 4754 Interea
2117 4698 2269 4755 iuxta
2297 4701 2569 4756 Wisuram
2599 4701 2820 4756 dimissa
2847 4700 3103 4756 manebat

1887 4789 2021 4848 Pars
2041 4795 2377 4850 exercituum
2403 4796 2565 4867 regis,
2597 4795 2748 4850 locus
2776 4795 2890 4865 ipse
2919 4803 3145 4850 vocatur

1888 4883 2157 4953 Hlidbeki,
2189 4903 2297 4958 quo
2322 4890 2517 4945 castris
2545 4889 2685 4945 idem
2713 4889 2904 4945 sedere
2931 4888 3142 4944 locatis.
3223 4899 3226 4902 ‘

1889 4978 1996 5035 Sed
2027 4979 2166 5036 male
2195 4996 2416 5036 securos
2445 4997 2532 5038 res
2556 4997 2816 5052 prospera
2840 4981 3046 5037 fecerat
3077 4981 3216 5045 illos,

1886 5072 2002 5140 Qua
2032 5087 2125 5126 rex
2159 5089 2290 5128 usus
2313 5083 2446 5139 erat,
2472 5089 2594 5128 cum
2617 5075 2825 5130 cunctis
2847 5060 3097 5131 hostibus
3120 5074 3264 5130 esset

1886 5166 2129 5234 Terrori,
2161 5167 2268 5222 iam
2300 5177 2427 5224 tunc
2455 5170 2690 5226 audente
2719 5171 2976 5228 resistere
2997 5171 3165 5228 nullo.

1886 5259 2025 5316 Hinc
2045 5269 2164 5316 erat
2188 5262 2242 5316 in
2265 5263 2462 5318 castris
2485 5264 2695 5319 cautela
2726 5265 3005 5322 remissior
3028 5265 3154 5330 illis,

1888 5353 1959 5410 Ut
1987 5361 2206 5424 possent
2232 5356 2399 5411 nimia
2431 5354 2705 5413 Saxonum
2732 5357 2920 5414 fraude
2947 5359 3152 5414 noceri.

1886 5445 1983 5501 Sol
2015 5461 2226 5502 summo
2248 5448 2383 5504 coeli
2412 5464 2616 5518 pronus
2641 5449 2900 5521 vergebat
2930 5450 2998 5506 ab
3032 5466 3154 5515 axe,

1887 5538 1954 5594 Et
1984 5541 2315 5609 vespertinas
2346 5541 2451 5596 iam
2482 5543 2702 5598 tendere
2725 5542 2904 5613 coepit
2932 5543 2997 5597 ad
3032 5543 3220 5607 horas;

1887 5629 2039 5685 Tunc
2061 5638 2120 5683 ut
2143 5629 2298 5699 equis
2324 5631 2544 5700 quidam
2573 5632 2847 5690 deferrent
2873 5631 3066 5702 pabula
3099 5631 3275 5701 longe,

1959 5777 1980 5802 ⁸
2018 5763 2106 5829 IL,
2137 5761 2438 5834 Osterlingi.
