4026 6364
611 383 713 441 691
1971 378 2218 437 POETA:
2262 379 2554 435 SAXO'NIS

617 498 697 551 De
722 494 917 551 castris
944 496 1097 566 prius
1122 497 1325 567 egressi
1354 496 1560 573 pariter
1583 496 1882 553 redierunt.

618 586 717 640 llis
744 599 805 641 se
829 583 1105 640 Saxonum
1132 585 1403 655 quoddam
1429 586 1749 655 permiscuit
1771 599 1989 657 agmen,

618 675 943 747 Fingentum
975 685 1146 732 semet
1165 676 1346 731 socios
1370 677 1664 746 animoque
1691 676 1899 732 fideles.

619 768 758 827 Tum
787 784 845 823 se
871 768 1098 840 quisque
1126 783 1266 824 novo
1294 768 1488 827 blande
1515 769 1761 824 sociabat
1787 766 1987 831 amico,

616 859 802 915 Hostis
829 874 938 930 quo
965 875 1158 915 saevus
1184 860 1340 919 latuit
1366 861 1467 916 sub
1495 861 1714 915 nomine
1746 867 1942 915 tectus.

615 949 1042 1019 Adbibitumque
1070 949 1230 1006 Iidem
1260 950 1444 1006 verbis
1466 950 1753 1007 fallacibus
1777 957 1937 1019 auget

617 1038 982 1110 Obsequium;
1011 1041 1192 1098 cuncti
1218 1041 1377 1098 simul
1407 1041 1461 1098 in
1489 1056 1776 1097 commune
1803 1040 2077 1104 laborant,

618 1129 756 1186 Pars
777 1132 1059 1187 subvectat
1086 1146 1224 1187 onus
1251 1131 1444 1187 viridis
1472 1132 1634 1188 simul
1658 1140 1893 1201 utraque
1916 1129 2083 1187 foeni.

621 1224 716 1279 Sic
741 1222 1057 1295 introgressi
1087 1223 1419 1279 Francorum
1448 1231 1628 1279 castra
1658 1223 1856 1290 dolosi,

621 1315 774 1382 Quod
801 1316 853 1370 vi
884 1331 990 1371 non
1023 1325 1295 1386 poterant,
1319 1324 1547 1388 egerunt
1577 1324 1723 1383 arte;
1750 1318 1844 1372 sed
1864 1316 1993 1373 olim

620 1408 719 1463 Est
739 1408 943 1464 dictum
963 1428 981 1460 ι
1002 1408 1170 1465 Dolus
1188 1425 1256 1465 an
1277 1410 1472 1475 virtus,
1496 1411 1620 1480 quis
1642 1411 1694 1465 in
1708 1410 1867 1466 hoste
1890 1409 2169 1481 requirat?
2189 1431 2206 1460 ι

620 1501 917 1573 Depressos
942 1516 1133 1559 somno
1152 1501 1393 1561 Francos
1416 1502 1681 1558 instanter
1702 1502 1878 1561 adorti

623 1593 889 1658 Saxones,
919 1594 1140 1649 caedem
1169 1594 1392 1648 nimiam
1424 1592 1605 1649 fecere
1627 1592 1858 1658 feroces,

621 1684 806 1741 Donec
825 1684 1072 1742 discusso
1102 1687 1317 1741 tandem
1346 1692 1563 1756 torpore
1591 1685 1822 1755 soporis,

625 1778 855 1846 Quidam
881 1778 1145 1848 correptis
1172 1776 1391 1833 obstare
1413 1776 1646 1831 viriliter
1673 1776 1843 1831 armis

625 1872 952 1942 Coeperunt.
983 1883 1269 1941 pugnaque
1290 1869 1354 1925 de
1376 1869 1504 1925 hinc
1529 1876 1805 1939 utcunque
1834 1876 2068 1934 remota,

627 1962 850 2018 Scilicet
876 1978 943 2018 ex
971 1970 1153 2031 pacto,
1182 1960 1327 2031 quod
1352 1967 1482 2016 tunc
1504 1960 1752 2032 angustia
1775 1959 1903 2016 talis

624 2053 893 2118 Dictabat,
927 2054 1113 2109 hostes
1139 2053 1302 2109 celeri
1332 2053 1543 2109 rediere
1572 2068 1819 2109 recursu.

626 2146 726 2209 liis
754 2163 849 2204 rex
877 2146 1079 2203 auditis
1103 2144 1230 2201 illuc
1256 2160 1554 2216 properare
1578 2146 1799 2217 sategit,

625 2240 807 2311 Atque
833 2239 965 2296 satis
988 2238 1145 2293 velox
1174 2236 1473 2309 fugientum
1502 2245 1652 2309 terga
1675 2245 1916 2302 secutus,

626 2330 931 2389 Prostravit
961 2331 1159 2387 multos
1187 2338 1441 2386 auctores
1468 2329 1714 2386 criminis
1739 2329 1921 2385 huius.
1960 2334 1963 2337 ’

625 2421 766 2479 llinc
785 2423 852 2478 ad
871 2420 1204 2479 Westfalhos
1232 2422 1399 2488 venit,
1430 2422 1725 2492 statimque
1751 2420 1989 2493 receptis

625 2514 937 2581 Obsidibus,
968 2529 1107 2585 quos
1134 2514 1493 2579 tradiderant,
1524 2512 1864 2569 abscesserat
1886 2513 2049 2567 inde:

624 2606 707 2668 Ac
733 2605 974 2678 suscepit
995 2620 1171 2660 ovans
1197 2605 1513 2661 redeuntem
1542 2603 1775 2659 Francia
1800 2616 2005 2676 regem.

1106 2698 1259 2757 Anno
1289 2698 1412 2754 776.
1445 2697 1642 2753 Indict.
1677 2697 1762 2753 15.

627 2790 874 2862 Cumque
903 2790 1121 2847 domum
1152 2791 1369 2847 rediens
1396 2790 1649 2861 princeps
1674 2788 1781 2844 iter
1808 2788 2157 2851 acceleraret,

628 2880 907 2952 Comperit
930 2880 1185 2937 Ausoniis
1215 2882 1268 2936 in
1293 2882 1540 2951 partibus
1568 2896 1689 2935 esse
1719 2881 2018 2946 tirannum,

628 2970 861 3027 Nonine
888 2969 1273 3041 Hrodgaudum
1292 3013 1307 3038 ,
1339 2987 1480 3027 nova
1506 2972 1598 3041 qui
1628 2970 1908 3026 molimina
1939 2978 2228 3042 temptans,

630 3062 766 3129 Nec,
797 3079 961 3134 quem
985 3078 1081 3119 rex
1109 3064 1186 3118 illi
1216 3064 1460 3130 dederat,
1492 3072 1779 3121 contentus
1802 3064 2032 3133 honore,

631 3154 1017 3216 Italiae'latum
1046 3155 1215 3210 voluit
1243 3155 1345 3211 sibi
1374 3156 1606 3213 subdere
1634 3171 1882 3227 regnum.

635 3243 848 3315 Quippe
873 3245 1063 3300 ducem
1091 3247 1454 3318 comitemque
1479 3246 1920 3303 Foroiulensibus
1947 3246 2122 3318 ipsum

635 3334 931 3392 Goiistituit
957 3337 1203 3404 Carolus,
1230 3340 1409 3410 primo
1436 3356 1560 3396 cum
1586 3340 1734 3397 clara
1763 3341 2037 3416 triumpho

637 3428 718 3486 De
741 3429 1112 3501 Langobardis
1137 3430 1316 3487 victor
1342 3432 1540 3488 vexilla
1566 3435 1795 3489 revexit.

634 3517 773 3577 lluic
802 3520 963 3576 nimis
991 3521 1240 3593 ingratus
1262 3522 1406 3579 dono
1433 3524 1575 3581 male
1604 3524 1932 3582 sollicitabat

596 3621 603 3629 ‘
636 3609 874 3669 Urbibus
903 3625 971 3667 ex
1001 3612 1191 3669 multis
1219 3613 1467 3685 populos,
1499 3630 1565 3671 ac
1586 3614 1715 3671 fecit
1742 3625 1802 3676 ut
1828 3616 1894 3673 ad
1924 3632 1985 3674 se

634 3700 964 3771 Deficerent,
996 3704 1140 3759 iusto
1162 3702 1343 3761 Caroli
1374 3713 1557 3776 spreto
1585 3705 1885 3761 dominatu.

638 3794 749 3852 llos
776 3804 839 3851 ut
863 3796 1248 3867 comprimeret
1268 3806 1466 3863 motus,
1492 3797 1566 3852 nil
1596 3796 1711 3869 ipse
1736 3806 2001 3864 moratus,

638 3882 873 3940 Strenua
903 3900 1067 3955 quam
1091 3886 1253 3945 celeri
1285 3887 1480 3956 raptim
1507 3897 1666 3943 vocat
1689 3889 1904 3959 agmina
1939 3888 2111 3954 iussu,

645 3977 785 4033 Cum
807 3978 1006 4050 quibus
1030 3978 1239 4040 italiam
1268 3995 1584 4051 properans,
1615 3980 1919 4056 meritoque
1949 3989 2235 4054 tyrannum

579 4134 583 4139 τ
642 4072 873 4129 interitu
898 4074 1163 4144 plectens,
1196 4076 1362 4131 urbes
1387 4089 1609 4131 scrvare
1637 4083 1884 4142 receptas
1948 4078 1951 4087 ’

596 4154 601 4161 ’
638 4163 976 4223 Francorum
998 4170 1242 4236 comites,
1271 4185 1406 4241 quos
1430 4172 1543 4243 ipse
1571 4170 1786 4228 locabat
1811 4173 1864 4228 in
1893 4172 2023 4239 illis,

639 4257 824 4327 iussit,
852 4269 908 4315 et
932 4269 993 4316 ut
1023 4263 1187 4326 venit,
1221 4264 1377 4319 velox
1407 4266 1486 4321 sic
1514 4266 1641 4322 inde
1670 4267 1916 4323 recessit.

713 4350 818 4410 Vix
844 4354 1164 4425 Alpinarum
1188 4357 1392 4413 nivium
1419 4358 1540 4430 iuga
1570 4362 1818 4433 proxima
1841 4362 1991 4419 caelo

639 4439 723 4498 liii
745 4451 1087 4515 transgresso
1114 4447 1289 4502 tristis
1312 4447 1413 4504 fuit
1438 4448 1597 4509 obvia
1627 4451 1795 4519 fama,

640 4531 916 4607 Eresburg
944 4533 1188 4593 referens
1207 4538 1423 4607 urbem,
1446 4555 1607 4612 quam
1630 4551 1878 4613 coeperat
1909 4543 2039 4603 olim

641 4621 1009 4696 Militibusque
1036 4628 1152 4684 suis
1175 4632 1530 4688 mandaverat
1558 4632 1672 4704 ipse
1702 4635 1979 4701 tuendam,

645 4708 893 4774 Saxones
914 4728 1281 4791 expugnatam
1310 4725 1575 4795 coepisse,
1600 4742 1861 4797 suumque

642 4807 1085 4880 Expulsuin'fore
1102 4815 1436 4882 praesidium
1468 4816 1735 4872 violenter
1756 4819 1824 4874 ab
1846 4819 1969 4875 illis.

645 4897 786 4961 Tum
808 4901 1063 4976 Sigiburg
1091 4917 1119 4946 ι
1148 4906 1293 4963 aliud
1321 4908 1488 4963 multo
1510 4910 1797 4967 conamine
1825 4922 2064 4968 castrum

645 4993 973 5067 Oppugnare
992 4999 1212 5068 quidem
1242 5001 1470 5067 studuit,
1496 5017 1600 5059 nec
1624 5005 1842 5061 vincere
1876 5006 2047 5076 quivit

646 5084 796 5143 Gens
815 5086 1027 5155 eadem,
1053 5090 1278 5159 cupiens
1309 5089 1380 5144 ab
1406 5106 1471 5147 ea
1500 5094 1646 5165 regis
1668 5094 1911 5168 legiones

646 5176 888 5245 Pellere;
917 5178 1010 5235 sed
1041 5195 1254 5253 pugnae
1281 5184 1511 5255 populus
1538 5185 1839 5245 Saxonicus
1864 5190 2093 5258 instans,

647 5271 697 5325 A
725 5279 876 5343 tergo
898 5273 1298 5333 circumventus
1330 5276 1432 5335 fuit
1459 5288 1622 5351 atque
1647 5280 1883 5352 fugatus,

649 5359 884 5419 interius
908 5364 937 5405 ιι
961 5365 1153 5434 positis
1179 5369 1338 5424 simul
1364 5374 1789 5443 erumpentibus,
1821 5384 1987 5446 atque

651 5450 904 5514 lncautos
929 5456 1087 5529 plaga
1111 5456 1271 5518 facile
1298 5464 1666 5522 sternentihus
1689 5465 1886 5537 ampla.

723 5646 747 5674 ι
784 5631 916 5691 Sibi:

661 5774 824 5845 ιιιυῃ,Δ
843 5783 949 5833 etc.

732 5841 774 5886 δ’
801 5841 892 5914 Β..
922 5847 1160 5905 internis.

1006 5637 1152 5713 cod,
1177 5637 1441 5713 ‘Sigebung
1478 5639 1636 5713 Rein.
1654 5640 1961 5713 Emendavi
2002 5639 2250 5713 Sigibarg

657 5719 725 5786 ex
751 5703 1051 5786 Annalibus
1071 5703 1229 5764 Einh.
1249 5703 1301 5765 Et
1327 5703 1475 5767 rervsu
1498 5712 1628 5769 anni
1650 5711 1777 5779 T75,
1803 5711 1877 5767 Ac
1901 5703 2087 5786 primo'
2105 5703 2251 5784 Sing

3774 380 3881 439 692

2228 495 2278 552 Α
2309 492 2407 550 ilic
2435 509 2622 551 rumor
2644 493 2823 550 Caroli
2852 511 2973 551 cum
2999 496 3234 566 primum
3262 498 3409 552 venit
3435 496 3502 551 ad
3529 511 3706 565 aures,

2307 585 2640 643 Conventum
2668 603 2954 658 procerum
2988 587 3103 642 fieri
3131 589 3442 663 praecoepit
3471 590 3525 643 in
3556 591 3692 647 urbe

2308 678 2637 745 Wormacia,
2669 680 2964 749 statuitque
2993 694 3172 736 moras
3201 680 3478 736 innectere
3510 679 3705 746 nullas,

2309 769 2449 836 Quin
2474 771 2645 825 lueret
2672 772 2803 825 tanti
2832 771 3050 826 sceleris
3077 785 3210 843 gens
3235 772 3440 843 perﬁda
3470 788 3696 843 poem

2311 858 2453 930 Ergo
2481 859 2595 915 suis
2621 860 2951 917 exercitibus
2982 876 3076 916 rex
3109 862 3346 931 undique
3379 862 3556 929 lectis,

2310 949 2547 1005 Conatus
2576 950 2721 1006 celer
2747 952 2971 1006 hostiles
2996 953 3365 1022 praevertitur
3391 966 3605 1019 omnes,

2313 1041 2668 1112 Temptavere
2697 1044 2895 1114 quibus
2923 1043 3101 1114 primo
3127 1042 3421 1099 defendere
3451 1058 3589 1100 sese.

2312 1132 2449 1187 Nam
2475 1132 2651 1189 fontes
2678 1134 2885 1199 adiens,
2913 1134 3005 1190 ubi
3036 1132 3237 1205 Lyppia
3267 1133 3512 1190 nascitur
3537 1134 3733 1201 amnis,

2314 1222 2568 1292 Repperit
2594 1238 2658 1278 ex
2688 1225 2802 1294 ipsa
2828 1238 3148 1279 numerosas
3171 1232 3330 1296 gente
3356 1234 3608 1281 catervas

2313 1315 2425 1370 lllic
2455 1314 2726 1382 collectas,
2756 1314 2989 1371 humiles
3015 1316 3336 1386 veniamque
3366 1326 3674 1387 precantes,
3756 1364 3761 1367 .

2315 1409 2469 1478 Quod
2496 1426 2601 1467 non
2631 1416 2936 1466 servassent
2962 1425 3106 1466 anno
3130 1409 3397 1481 promissa
3422 1410 3616 1481 priori.

2317 1507 2452 1561 Cum
2480 1521 2608 1560 vero
2639 1504 2864 1562 Carolus
2893 1507 3133 1562 clemens
3163 1506 3468 1577 ignosceret
3495 1507 3639 1573 illis,’

2318 1595 2656 1668 Complures,
2684 1595 2905 1652 domino
2937 1612 2994 1651 se
3023 1595 3244 1652 Christo
3273 1597 3498 1653 credere
3524 1596 3663 1653 velle

2322 1687 2661 1759 Spondentes
2692 1687 3214 1758 simulacrorumque
3242 1688 3552 1761 relinquere
3579 1689 3779 1755 cultus,

2320 1777 2548 1851 Purgari
2581 1777 2737 1833 iussit
2768 1778 2908 1833 sacri
2938 1777 3283 1850 baptismatis
3310 1778 3476 1844 unda,

2252 1870 2297 1929 Β
2328 1867 2711 1939 Servandeque
2740 1869 2935 1923 iterum
2968 1868 3091 1925 lidei
3123 1871 3389 1940 promissa
3419 1871 3624 1941 recepit

2323 1960 2612 2018 Obsidibus
2638 1962 2850 2017 firmata
2878 1961 3038 2027 datis,
3066 1963 3262 2033 quibus
3287 1963 3404 2033 ipse
3427 1961 3662 2020 volebat.

2323 2053 2596 2125 Ercsburg
2626 2052 2822 2108 iterum
2853 2053 3033 2109 firmat
3058 2054 3354 2109 munimine
3380 2052 3535 2120 forti,

2324 2144 2393 2207 Et
2422 2145 2571 2200 iuxta
2601 2144 2822 2204 ﬂuvium
2852 2161 3013 2216 quem
3039 2145 3243 2218 Lyppia
3269 2146 3510 2203 diximus
3536 2153 3660 2201 ante

2325 2237 2620 2294 Castellum
2648 2238 2884 2293 condens
2911 2238 3073 2303 aliud,
3103 2238 3391 2309 complevit
3417 2247 3715 2310 utrumque

2327 2326 2586 2382 Militibus
2612 2326 2794 2393 lectis;
2831 2334 2941 2382 tttm
2969 2325 3175 2383 Gallica
3201 2343 3391 2381 rursus
3417 2326 3485 2381 ad
3513 2342 3644 2381 arva

2328 2419 2683 2491 Regrediens,
2712 2418 2909 2474 hiemis
2939 2428 3152 2489 tempus
3177 2421 3441 2492 transegit
3466 2421 3517 2474 in
3545 2417 3690 2484 aula,

2328 2510 2533 2571 Nomen
2560 2511 2835 2567 Heristalli
2861 2513 3081 2568 dederat
3105 2513 3190 2568 cui
3222 2513 3455 2568 barbara
3484 2512 3691 2585 lingua.

2606 2586 2609 2591 ’
2807 2603 2956 2658 Auno
2985 2602 3109 2657 777.
3147 2601 3345 2657 Indict.
3379 2600 3467 2657 tt.

2330 2695 2768 2767 Aspirante-novi
2801 2695 3012 2765 placido
3041 2710 3161 2751 cum
3196 2703 3439 2764 tempore
3468 2696 3613 2750 veris

2332 2787 2559 2845 llorrida
2588 2788 2694 2842 iam
2721 2787 3003 2843 transisset
3030 2785 3221 2848 hiems.
3251 2802 3347 2842 rex
3375 2785 3767 2858 Noviomagum
3789 2798 3812 2825 σ

2329 2880 2653 2943 Adveniens,
2688 2878 2984 2934 celebravit
3014 2877 3088 2934 ibi
3117 2877 3430 2949 sollempnia
3459 2880 3719 2949 paschae.

2333 2971 2469 3027 Tum
2495 2970 2621 3041 quia
2653 2970 2897 3026 Saxones
2923 2978 3206 3040 suspectos
3226 2968 3252 3008 ἀ
3281 2985 3495 3040 semper
3523 2968 3777 3034 habebat,

2334 3062 2487 3117 Haud
2516 3062 2790 3127 dubitans,
2821 3060 2940 3117 illos
2967 3076 3067 3133 pro
3097 3060 3346 3116 libertate
3375 3061 3607 3117 tenenda

2336 3153 2555 3209 Artibus
2585 3161 2805 3209 acturos
2833 3153 2998 3209 variis
3026 3153 3402 3224 quodcumque
3429 3152 3694 3221 valerent,

2258 3232 2303 3296 C
2336 3245 2404 3300 Et
2432 3245 2533 3299 nisi
2562 3244 2802 3300 continui
2830 3253 3205 3315 premerentur
3230 3245 3468 3315 pondere
3497 3245 3645 3311 belli,

2332 3336 2574 3392 Foedera
2605 3346 2874 3407 rupturos,
2905 3352 3088 3393 secum
3116 3332 3365 3393 condicta
3391 3337 3722 3409 frequenter,

2334 3426 2543 3486 Rursus
2574 3427 2627 3481 in
2655 3426 2867 3482 illot'um
2898 3427 3129 3498 patriam
3161 3426 3455 3483 fortissima
3485 3428 3638 3483 ducit

2333 3518 2563 3591 Agmina
2596 3537 2608 3573 :
2643 3530 2963 3574 conventum
2990 3517 3173 3589 placiti
3205 3518 3471 3589 generalis
3501 3518 3705 3574 habere

2335 3614 2470 3670 Cum
2501 3613 2727 3669 ducibus
2754 3628 2815 3669 se
2842 3612 2978 3668 velle
3009 3612 3121 3667 suis
3148 3612 3438 3668 denunciat
3470 3609 3600 3667 illic.

2337 3706 2510 3761 Tanto
2538 3705 2766 3762 concilio
2794 3704 2945 3762 locus
2969 3712 3053 3761 est
3079 3705 3285 3762 electus
3310 3705 3534 3776 agendo,

2337 3794 2507 3863 Quem
2531 3794 2975 3853 Pathalbrunnon
3003 3795 3266 3862 vocitant,
3297 3811 3405 3867 quo
3431 3811 3540 3853 non
3571 3796 3731 3853 habet
3755 3796 3858 3870 ipsa

2336 3884 2483 3941 Gens
2509 3884 2671 3940 alium
2704 3885 2935 3940 naturali
2965 3884 3086 3956 plus
3112 3886 3398 3943 nobilitate

2336 3975 2625 4048 insignem,
2652 3976 2746 4047 qui
2777 3976 3099 4048 praecipuae
3124 3976 3407 4033 redimitus
3434 3978 3678 4034 abundat

2337 4067 2600 4126 Fontibus
2623 4076 2677 4123 ct
2705 4068 2893 4123 nitidis
2922 4076 2976 4123 et
3004 4067 3271 4138 pluribus,
3301 4076 3356 4124 et
3381 4068 3551 4124 trahit
3579 4070 3708 4126 inde

2336 4157 2661 4214 Barbaricae
2685 4175 2881 4215 nomen
2911 4159 3125 4231 linguae
3150 4172 3402 4217 sermone
3425 4171 3723 4221 vetustum.

2339 4249 2491 4306 Tunc
2517 4251 2589 4307 ibi
2616 4250 2741 4306 villa
2768 4250 2866 4307 fuit
2894 4260 3127 4319 tantum,
3157 4268 3302 4309 nunc
3325 4254 3659 4324 pontificalis

2338 4338 2611 4398 Ecclesiae
2636 4350 2946 4417 constructa
2971 4342 3107 4398 nitet
3132 4343 3430 4400 clarissima
3461 4345 3641 4404 sedes.

2339 4432 2457 4501 Quo
2482 4432 2709 4489 Carolus
2733 4434 2975 4500 veniens,
3003 4434 3261 4491 collectos
3283 4437 3521 4507 repperit
3546 4453 3739 4493 omnes

2340 4522 2517 4579 Paene
2545 4525 2739 4591 duces,
2767 4524 3129 4596 populumque
3157 4526 3347 4593 simul,
3379 4535 3663 4601 totumque
3690 4535 3908 4586 senatum

2256 4588 2313 4652 D
2342 4615 2639 4684 Saxonum,
2667 4588 2938 4688 nisi-quod
2967 4588 3183 4688 quidam
3211 4588 3793 4678 Widokindus'abinde

2339 4706 2576 4780 Aufugit,
2612 4724 2792 4779 regem
2821 4709 3053 4775 veritus;
3088 4726 3213 4765 nam
3242 4712 3492 4767 conscius
3521 4713 3668 4769 idem

2339 4802 2577 4858 Audacis
2606 4803 2822 4858 sibimet
2849 4803 2978 4857 facti
3005 4803 3267 4873 multique
3294 4813 3497 4869 reatus,

2343 4892 2603 4949 Sifridum
2626 4894 2783 4964 petiit
2812 4894 3083 4949 Diuorum
3111 4904 3325 4965 sceptra
3353 4904 3657 4968 regentem.

2342 4987 2515 5044 Porro
2538 4988 2704 5045 duces
2730 4988 2839 5045 illic
2867 4988 2956 5043 alii
2985 5004 3108 5046 cum
3138 4989 3296 5059 plebe
3318 4990 3526 5061 gregali
3556 5002 3579 5031 ο

2345 5081 2674 5151 Suppliciter
2699 5082 2878 5137 cuncti
2905 5081 3119 5137 veniam
3139 5096 3438 5152 pacemque
3464 5091 3731 5154 petentes,
3768 5141 3776 5149 ,

2345 5173 2643 5229 Paruerant
2674 5174 2787 5246 regi
2818 5175 2919 5228 sub
2950 5173 3039 5228 tali
3071 5174 3397 5240 conditione,

2348 5264 2421 5326 Ut
2447 5273 2639 5320 cuncta
2669 5264 2934 5323 scelerum
2964 5265 3182 5321 dimissa
3214 5265 3356 5322 mole
3386 5266 3653 5338 priorum,

2350 5358 2408 5414 Si
2438 5367 2561 5429 post
2594 5360 2854 5414 auderent
2886 5360 3001 5414 eius
3033 5359 3236 5415 violare
3265 5367 3488 5426 statuta,

2348 5452 2624 5509 Libertate
2648 5452 2807 5508 simul
2833 5453 3009 5523 prisca
3035 5453 3319 5524 patriaque
3344 5461 3615 5512 carerent.

2426 5663 2448 5723 ς
2494 5651 2703 5723 Glossa,
2740 5650 3063 5723 Ninnmgan.

2424 5722 2451 5763 ἀ
2490 5722 2700 5784 Glossa,
2732 5721 2937 5777 dubios.

2432 5804 2455 5834 ⁸
2498 5794 2587 5861 Β..
2617 5800 2849 5864 gregata.
