4026 6364
620 401 752 460 Illuc
777 414 1066 478 praecepto
1091 423 1288 480 parens
1309 423 1644 481 occurrerat,
1673 423 1840 486 atque

566 512 575 525 ‘
619 494 857 554 Credere
881 513 942 554 se
967 500 1184 559 Christo
1212 503 1471 561 simulans
1498 507 1763 577 baptisma
1789 511 2015 580 recepit.

616 583 854 662 Indeque
880 589 1108 649 Reatinus
1133 610 1383 666 pergens,
1416 598 1487 653 ibi
1515 607 1694 654 castra
1722 599 1939 667 locavit,
2030 594 2033 599 ’

615 677 776 736 Albia
802 696 907 752 qua
933 683 1150 753 grandis
1172 683 1367 741 fluvius
1390 688 1649 743 miscetur
1673 697 1728 744 et
1752 688 1857 745 Ora
1886 703 1935 745 ι.
2082 754 2084 757 λ

598 769 755 831 Nam
781 787 870 829 res
897 775 927 825 δ
956 774 1230 833 Saxonum
1258 779 1427 834 voluit
1450 795 1796 851 componere,
1827 798 1928 840 nec
1956 800 2065 841 non

615 860 956 933 Sclavcrum,
983 868 1189 923 medius
1212 884 1347 939 quos
1370 870 1526 926 Albia
1550 872 1744 929 dividit
1771 874 1967 931 amnis.

613 952 766 1009 Citra
798 953 1042 1013 Saxones
1067 958 1288 1029 degunt,
1317 959 1372 1014 in
1402 960 1560 1016 litore
1586 977 1719 1018 vero

615 1040 930 1101 Sclavcrum
957 1033 1164 1120 pagana
1195 1050 1380 1105 manet
1405 1066 1539 1122 gens
1562 1052 1828 1110 ulteriori.

610 1136 900 1208 Dispositis
926 1155 1056 1196 sane
1085 1142 1248 1197 rebus
1275 1157 1375 1213 pro
1402 1151 1646 1215 tempore
1673 1144 1904 1211 cunctis,

606 1226 691 1283 Ad
716 1224 872 1286 sedes
899 1232 1114 1287 tandem
1143 1234 1348 1289 studuit
1374 1235 1619 1291 remeare
1645 1244 1919 1306 paternas.

608 1318 747 1376 Tum
774 1323 897 1392 quia
925 1325 1215 1396 praecipuo
1243 1340 1459 1396 semper
1480 1324 1744 1398 ﬂagrabat
1766 1342 1954 1383 amore

678 1461 707 1491 ι
745 1450 798 1517 i,
826 1467 949 1519 ora;
976 1453 1030 1519 2,
1060 1454 1247 1522 horas;
1278 1456 1369 1524 R.,
1399 1455 1574 1520 Hora.

1970 306 2220 365 ΡΟΕΤᾸΞ
2261 310 2563 373 SAXONIS

3788 329 3877 386 696

2235 427 2282 485 Δ
2313 423 2479 489 Petri,
2509 429 2602 498 qui
2631 444 2840 489 summe
2868 433 3177 500 praeclarus
3204 437 3477 505 apostolus
3501 447 3675 505 extat,

2317 517 2486 588 Ipsius
2515 519 2719 576 Romae
2746 522 2983 579 decrevit
3007 524 3192 581 limina
3216 537 3407 585 sancta

2316 610 2573 677 Querere,
2603 619 2727 666 vota
2755 628 3050 685 precesque
3077 616 3189 672 Deo
3216 618 3522 687 persolvere
3547 634 3766 677 curans.

2313 703 2486 774 Atque
2514 703 2654 759 citus
2681 720 3003 776 properans,
3026 717 3301 779 assumpta
3329 711 3558 783 coniuge
3582 727 3767 775 secum

2312 795 2380 850 Et
2408 798 2569 863 natis,
2599 800 2787 854 urbem
2813 808 3131 869 pervenerat
3154 801 3222 856 ad
3250 802 3616 871 Ticineusem,

2308 888 2366 943 In
2397 905 2502 960 qua
2530 890 2725 946 natalis
2750 891 2962 953 Domini
2989 890 3187 947 festum
3215 892 3532 951 celebravit.

2450 1046 2550 1102 llic
2574 1047 2738 1117 igitur
2763 1047 2924 1102 statui
2950 1036 3159 1119 primae
3181 1064 3304 1103 cum
3335 1047 3440 1104 ﬁne
3464 1047 3688 1105 deeadis

2306 1139 2584 1195 Annorum
2612 1140 2808 1207 Caroli,
2838 1150 3122 1211 postquam
3150 1157 3246 1196 rex
3274 1151 3526 1212 coeperat
3554 1157 3675 1198 esse

2307 1229 2637 1307 Francorum
2667 1231 2835 1296 solus,
2864 1231 3100 1302 primum
3129 1232 3284 1287 ﬁnire
3310 1231 3573 1297 libellum,

2306 1323 2525 1379 Viribus
2551 1332 2614 1379 ut
2638 1324 2821 1396 parvis
2849 1323 3064 1395 requies
3091 1323 3282 1381 solatia
3308 1324 3589 1396 praestet.

2375 1456 2404 1497 ιι
2440 1454 2593 1520 Cod,
2623 1472 2735 1519 rex.
2762 1456 2826 1511 Β.
2852 1455 3160 1512 emendavit
3182 1472 3286 1512 res.

1218 1702 1766 1789 ANNALIUM
1834 1707 1967 1784 DE
2025 1706 2394 1786 GESTIS
2472 1707 2840 1787 CABOLI
2882 1710 3239 1791 .MAGNI

1510 1881 1700 1927 ιιιιειι
1740 1881 1978 1931 PRIMUS
2022 1882 2340 1925 EXI’LICIT.
2386 1881 2623 1925 INCIPIT
2664 1882 3017 1933 SECUNDUS._

1999 2010 2441 2029 ’ᾑ-

595 2100 820 2160 Octonis
844 2097 1023 2156 decies
1051 2097 1514 2170 septingentisque
1538 2098 1776 2172 peractis

589 2191 785 2258 Annis,
812 2198 898 2251 est
922 2190 1137 2262 genitus
1161 2199 1447 2261 postquam
1475 2191 1541 2245 dc
1564 2189 1772 2261 virgine
1796 2188 2063 2253 Christus,

590 2281 695 2340 llic
717 2281 927 2354 primus
950 2282 1211 2353 sequitur,
1237 2279 1464 2338 Carolus
1484 2297 1591 2353 quo
1614 2297 1709 2336 rex
1735 2281 1856 2352 pius
1880 2294 2035 2336 arces

588 2380 866 2437 Romanas
889 2379 1045 2448 adiit,
1069 2378 1302 2439 Dnmino
1327 2379 1557 2437 ducente
1583 2377 1838 2435 secundo.

584 2471 743 2532 Tune
766 2471 1038 2529 Adrianus
1061 2486 1209 2539 eum,
1236 2469 1549 2533 iamdudum
1574 2477 2034 2532 commemoratus

587 2561 786 2618 Presul
808 2563 1160 2637 apostolicus,
1188 2577 1310 2618 cum
1336 2576 1533 2633 magno
1560 2560 1733 2623 laetus
1761 2562 1967 2616 honore

587 2655 857 2728 Suscepit,
884 2639 1223 2730 populusque
1249 2655 1410 2710 simul
1438 2654 1718 2710 Romanus
1742 2654 1811 2709 ad
1835 2653 2033 2724 ipsum,

586 2747 664 2806 Ut
685 2746 1024 2805 defensorem
1049 2746 1424 2817 libertatisque
1447 2744 1716 2811 datorem,

590 2838 880 2896 Unanimis
902 2839 1177 2896 concurrit
1201 2852 1390 2900 ovans,
1419 2844 1709 2908 gratesque
1733 2834 2059 2906 rependenst

582 2930 701 2988 Illic
719 2946 845 2987 cum
861 2944 1121 3000 praesens
1146 2928 1286 2984 foret
1309 2929 1378 2983 ad
1399 2928 1715 2998 solletnpnia
1743 2928 2001 2997 paschae,

588 3018 766 3085 Fonte
787 3021 1067 3080 salutifero
1093 3021 1379 3093 Pippinum
1412 3020 1632 3077 nomine
1660 3027 1848 3075 natum

588 3115 779 3174 Abluit
807 3114 981 3189 ipsius
1002 3113 1220 3186 pracsul
1248 3111 1573 3168 venerabilis
1598 3111 1739 3167 idem
1775 3123 1823 3163 ι.

771 3295 994 3371 (Desunt
1017 3297 1101 3351 hic
1128 3312 1305 3351 versus
1324 3295 1537 3367 triginta
1567 3303 1658 3349 aut
1685 3294 2004 3368 sexaginta.)

1070 3389 1223 3443 Anno
1251 3386 1381 3443 782.
1417 3385 1613 3441 Indict.
1645 3384 1701 3439 4.

581 3482 850 3543 Exoriens
882 3490 1063 3537 aestas
1090 3479 1183 3535 ubi
1207 3478 1443 3548 primum
1470 3477 1715 3549 gramine
1744 3477 1935 3547 pulcro

581 3574 857 3633 Vcstierat
880 3582 1079 3637 terras,
1110 3578 1439 3643 poteratque
1454 3570 1727 3625 exercitus
1746 3578 1871 3639 apte

577 3667 775 3734 Educi,
801 3666 1060 3739 quoniam
1087 3664 1279 3720 molles
1309 3662 1634 3719 animalibus
1658 3663 1858 3724 herbae

580 3761 761 3819 Dultia
788 3762 1157 3833 praebuerant
1182 3757 1426 3814 florentis
1451 3758 1647 3829 pabula
1674 3756 1838 3823 foeni,

576 3852 884 3916 Innumeris
912 3850 1080 3907 fultus
1114 3849 1328 3922 populis
1350 3856 1405 3903 et
1429 3849 1600 3904 milite
1625 3847 1793 3913 claro,

578 3942 855 4002 Saxonum
878 3958 1070 3999 rursus
1096 3946 1198 3997 rex
1234 3941 1453 3997 inclitus
1484 3939 1538 3993 in
1569 3938 1846 4008 regionem

575 4034 760 4102 Venit,
788 4042 844 4089 et
866 4033 935 4090 ad
960 4032 1137 4090 fontes
1164 4032 1311 4088 πωνῙὶ
1333 4032 1419 4087 cui
1443 4030 1649 4101 Lyppia
1678 4043 1899 4095 nomen,

574 4124 914 4184 Conventum
943 4125 1063 4183 fieri
1091 4140 1379 4197 procerum
1406 4122 1567 4178 iussit
1599 4121 1933 4193 generalem.

570 4217 691 4279 Illic
711 4219 1009 4290 disponens
1027 4216 1304 4288 complura
1336 4213 1559 4283 negceia
1588 4212 1768 4283 regni,

574 4312 852 4372 Danaum
873 4309 1021 4380 regis
1047 4307 1290 4380 Sigifridi
1320 4304 1540 4364 nomine
1558 4305 1778 4371 missos,

570 4403 640 4465 Et
661 4418 800 4474 quos
822 4401 1092 4475 Iugurgus
1114 4400 1432 4473 pariterque
1453 4399 1703 4473 Caganus
1730 4398 1799 4453 ad
1826 4398 2029 4469 ipsum,

571 4494 853 4553 Hunorum
879 4494 1080 4550 misere
1106 4494 1292 4559 duces,
1311 4507 1410 4563 pro
1431 4507 1567 4563 pace
1591 4490 1847 4563 petenda,

572 4586 757 4650 Audiit
782 4586 845 4653 δ,
868 4580 1213 4655 absolvitque
1235 4584 1378 4641 datis
1397 4584 1694 4655 prudenter
1718 4581 1928 4638 eisdem

570 4672 889 4751 Responsis.
908 4668 1181 4735 Pcsthaec
1208 4677 1455 4733 Rhenum
1488 4674 2033 4739 traieceratamnem,

566 4769 774 4827 Gallica
800 4785 967 4841 seque
984 4768 1184 4829 dehinc
1200 4783 1297 4825 rex
1325 4782 1553 4839 magnus
1577 4764 1632 4821 in
1663 4780 1793 4820 arva
1820 4764 2045 4834 recepit.

564 4860 778 4920 Interea
791 4863 1002 4941 patriae
1026 4863 1297 4934 quondam
1319 4857 1681 4920 Widukindus
1703 4856 1770 4912 ab
1797 4856 1911 4912 oris

566 4952 668 5022 Qui
689 4952 868 5027 fuerat
884 4948 1144 5026 profugus
1168 4952 1671 5018 Ncrmanorumque
1695 4947 1885 5018 petivit

563 5045 866 5112 Auxilium,
891 5044 1103 5103 rediens
1137 5059 1277 5101 vana
1301 5057 1395 5113 spe
1419 5040 1744 5097 sollicitabat

562 5134 832 5205 SaxOnes,
861 5135 1055 5197 initum
1084 5151 1208 5193 cum
1229 5133 1456 5189 Francis
1483 5148 1732 5204 rumpere
1752 5130 1941 5188 foedus

633 5282 663 5312 ι
691 5266 874 5329 Hicin
907 5267 1096 5325 codice
1122 5266 1434 5338 immediate
1454 5274 1756 5338 sequuntur
1797 5281 1919 5336 qua:
1945 5265 2150 5327 baben-

561 5349 654 5397 tur
682 5339 825 5396 infra
853 5339 957 5397 sub
978 5355 1124 5396 anno
1141 5337 1246 5397 785
1277 5356 1290 5393 :
1324 5335 1506 5394 Gloria
1533 5335 1792 5408 certabat,
1816 5335 1952 5401 ’etc.,
1976 5352 2148 5408 usque

561 5412 630 5467 ad
682 5410 811 5481 illa:
846 5410 1077 5470 Saluarit
1127 5411 1567 5481 mundum,_voto
1605 5406 2144 5481 celebraveratnln'to.

560 5480 688 5538 Post
714 5476 831 5538 haec
877 5490 1176 5548 sequuntur
1206 5479 1311 5536 ista
1354 5497 1367 5534 :
1405 5477 1665 5535 Exoriens
1713 5487 1869 5532 testas
1921 5476 2012 5530 ubi
2037 5479 2150 5548 pri-

561 5498 688 5538 rost
714 5498 831 5538 haec
877 5498 934 5538 se
975 5498 1176 5537 uuntur
1206 5498 1311 5536 lSta
1354 5498 1367 5534 :
1405 5498 1665 5535 exoriens
1713 5498 1869 5532 restas
1921 5498 2010 5530 um
2037 5498 2144 5548 pn-

559 5569 726 5623 mum,
769 5563 878 5609 etc.
930 5498 1041 5609 ged
1080 5551 1433 5623 dcscriptoris
1480 5550 1612 5609 vitio
1650 5550 1753 5604 hac
1785 5549 2144 5623 transpositio

561 5616 724 5687 facta,
769 5624 858 5685 cui
908 5623 1229 5686 Reiueccius
1260 5616 1487 5680 'medica
1532 5635 1693 5679 manu
1737 5616 1927 5682 adfuit,
1948 5616 2012 5672 'et
2055 5633 2144 5673 res

596 5702 742 5750 cstas
767 5695 835 5749 ad
864 5708 1112 5750 normam
1135 5692 1407 5748 annalium
1450 5706 1550 5745 suo
1572 5688 1747 5745 ordini
1782 5688 2039 5753 restituit,
2066 5689 2142 5744 uti

579 5759 940 5837 {iicimpressce
969 5772 1111 5820 sunt.
1129 5762 1305 5819 Poeta:
1327 5770 1504 5818 tamen
1526 5768 1711 5816 nostro
1734 5759 1836 5815 hoc
1862 5759 1979 5815 loco
2000 5774 2144 5829 quae-

2224 2097 2270 2158 B
2300 2094 2372 2151 Ut
2402 2106 2751 2165 conarentur,
2774 2097 3078 2169 multosque
3106 2102 3322 2158 vocavit
3342 2102 3402 2159 in
3424 2119 3581 2162 arma

2297 2186 2339 2241 E
2364 2188 2578 2258 populo,
2611 2189 2845 2261 fecitque
2868 2206 3066 2246 novum
3091 2186 3422 2266 consurgere
3448 2197 3667 2254 bellum.

2292 2276 2438 2333 Gens
2465 2293 2678 2349 quoque
2709 2278 3026 2336 Sclavorum
3053 2281 3247 2339 Sor-abi
3274 2287 3598 2357 cognomine
3622 2289 3759 2347 dicta
3816 2320 3819 2323 λ

2290 2366 2563 2424 Audacter
2584 2369 2778 2425 sumtis
2799 2370 2979 2427 subito
3001 2385 3358 2445 praeruperat
3384 2379 3558 2434 annis

2292 2460 2508 2516 Vicinas
2528 2460 2633 2516 sibi
2660 2459 2934 2517 Saxonum
2966 2470 3142 2519 terras
3160 2465 3469 2535 populando

2289 2552 2465 2622 Atque
2493 2553 2894 2625 Thuringerum
2916 2554 3177 2612 fecundos
3199 2556 3450 2631 frugibus
3480 2576 3666 2634 agros,

2290 2645 2394 2712 Qui
2420 2647 2625 2701 medias
2652 2646 2844 2702 Sorubi
2876 2656 3050 2705 terras
3075 2664 3405 2721 camposque
3426 2654 3670 2713 iacentes

2288 2735 2597 2792 lnbabitant
2622 2738 2764 2793 inter
2785 2738 2975 2795 ﬂuvios
3006 2755 3020 2793 :
3046 2741 3173 2797 hinc
3193 2743 3431 2801 volvitur
3449 2749 3644 2810 amnis,

2288 2827 2389 2895 Qui
2419 2827 2543 2883 Sala
2571 2846 2768 2885 nomen
2797 2832 2978 2898 habet,
3010 2831 3129 2887 ﬂuit
3150 2833 3304 2889 Albia
3339 2836 3500 2892 latior
3525 2838 3668 2894 inde.

2284 2921 2385 2977 Ast
2405 2923 2495 2977 ubi
2527 2921 2844 2978 Sclavorum
2865 2923 3058 2980 Carolo
3085 2934 3210 2981 sunt
3228 2929 3447 2999 cognita
3473 2941 3649 3000 gesta,

2285 3008 2541 3071 Protinus
2569 3015 2783 3071 illorum
2808 3017 3178 3088 rcprirnen‘dcs
3204 3021 3416 3076 censuit
3442 3037 3607 3080 ausus

2284 3106 2669 3179 Arcendosque
2689 3110 2771 3164 sui
2799 3111 2948 3182 regni
2970 3111 3037 3166 de
3061 3110 3259 3169 finibus
3279 3114 3481 3170 hostes.

2285 3203 2440 3259 Unde
2462 3203 2716 3274 palatinis
2754 3204 2819 3259 ad
2846 3219 2904 3259 se
2932 3205 3106 3260 tribus
3143 3206 3257 3277 ipse
3281 3210 3489 3265 vocatis

2282 3298 2644 3368 Principibus,
2676 3315 2905 3370 quorum
2926 3299 3103 3355 fuerat
3127 3305 3463 3360 camerarius
3486 3322 3628 3363 unus

2201 3451 2249 3516 Ο
2287 3389 2447 3459 Regis
2466 3389 2773 3463 Adalgisus,
2796 3391 2949 3449 Geilo
2982 3404 3004 3432 ο
3036 3393 3232 3448 stabuli
3260 3410 3442 3452 comes
3467 3397 3607 3453 alter

2280 3574 2544 3630 Ductores
2568 3575 2904 3631 exercituum
2930 3573 3048 3630 fore
3073 3575 3228 3633 iussit
3256 3580 3498 3646 eosdem,

2278 3664 2424 3733 Quos
2444 3665 2696 3721 orientali
2726 3658 3063 3722 Francorum
3090 3667 3157 3723 de
3186 3670 3414 3741 regione

2276 3754 2541 3813 Collectos
2560 3766 2747 3812 contra
2771 3754 2992 3813 Sclavcs
3012 3767 3368 3830 praeceperat
3396 3760 3494 3823 ire,

2274 3845 2387 3903 Nec
2411 3863 2518 3902 non
2545 3846 2807 3913 Saxones,
2831 3847 2931 3903 sibi
2959 3862 3095 3918 quos
3120 3864 3314 3920 parere
3343 3849 3584 3916 iubebat,
3640 3824 3649 3845 ³

2273 3926 2489 3993 Auxilio
2510 3937 2627 3993 fieri
2654 3937 2882 3993 ducibus
2908 3937 3261 3993 mandaverat
3279 3938 3431 4009 ipsis.

2168 4073 2187 4079 -
2275 4029 2382 4086 Sed
2406 4044 2530 4085 cum
2556 4028 2717 4099 legati
2744 4042 2843 4098 per
2870 4042 3058 4083 eorum
3088 4028 3288 4085 ducere
3312 4037 3485 4085 terras

2270 4119 2501 4192 Agmina
2524 4119 2830 4190 coepissent
2849 4133 3055 4174 -—nam
3077 4118 3156 4174 sic
3187 4119 3441 4176 invadere
3461 4119 3685 4176 Sclavos

2270 4212 2511 4267 Tramite
2532 4211 2829 4267 debuerant
2845 4209 3143 4266 recto—iit
3173 4211 3421 4280 protinus
3450 4212 3582 4282 ipsis

2269 4301 2496 4373 Cognita
2517 4302 2624 4357 iam
2645 4302 2821 4357 dictae
2844 4301 3064 4375 grandis
3088 4301 3325 4358 defectio
3345 4303 3539 4374 gentis.

2266 4394 2350 4452 Ob
2372 4396 2476 4451 hoc
2503 4395 2609 4449 iter
2636 4401 2887 4464 coeptum
2909 4390 3152 4457 ﬂectunt,
3178 4393 3359 4463 primo
3375 4394 3650 4464 cupientes

2170 4478 2177 4483 ’
2267 4484 2534 4550 Saxones,
2557 4498 2787 4540 numero
2803 4483 2948 4549 freti,
2980 4490 3326 4555 prosternere
3352 4484 3512 4539 bello.

2263 4576 2418 4651 Quod
2448 4576 2611 4632 nimis
2629 4576 2844 4631 incaute
2865 4584 3117 4646 coeptum
3143 4576 3458 4647 pariterque
3490 4578 3744 4651 superbe,

2261 4667 2597 4723 Francorum
2623 4666 2822 4720 misera
2852 4664 3031 4720 fuerat
3050 4680 3174 4721 cum
3204 4665 3355 4722 clade
3379 4676 3684 4736 peractum.
3782 4664 3792 4671 ’

2262 4761 2509 4830 Namque
2530 4759 2694 4817 duces
2714 4758 2808 4813 ubi
2828 4764 3226 4827 compererant,
3245 4758 3389 4828 quod
3409 4773 3469 4814 se
3490 4756 3836 4821 Widukindus

2186 4815 2240 4877 Β
2368 4815 2603 4924 pugnam
2628 4850 2797 4927 multa
2827 4815 3057 4921 stipatus
3074 4815 3231 4921 plebe
3261 4815 3527 4921 parasset,

2262 4944 2331 5000 Et
2352 4944 2501 5001 iuxta
2532 4951 2771 4998 montem
2800 4940 2992 4997 Suntal
3018 4956 3116 4996 sua
3136 4949 3320 4998 castra
3346 4941 3597 5006 locasset,

2258 5034 2387 5091 Illuc
2413 5032 2625 5090 infestis
2643 5039 3002 5105 properarunt
3026 5030 3150 5087 ilico
3186 5031 3378 5103 signis,
3598 5032 3603 5035 λ

2257 5126 2340 5184 Ad
2365 5126 2622 5199 praedam
2648 5126 2834 5196 pocius
2862 5139 3023 5196 quam
3042 5138 3278 5196 pugnant
3302 5128 3476 5180 semet
3507 5123 3679 5179 ituros

2255 5268 2385 5329 dam
2407 5266 2595 5321 deesse
2620 5264 2888 5319 videntur.
2918 5261 3108 5323 Lsisx.

2327 5339 2356 5378 1)
2384 5335 2598 5398 Leihn.,
2621 5334 2773 5391 adiit.

2328 5420 2350 5447 ο
2383 5407 2542 5469 Cod.,
2564 5403 2702 5460 Cilo.
2732 5403 3068 5460 Auctoritate
3112 5403 3305 5459 Annal.
3336 5402 3595 5459 Einhardi
3627 5400 3738 5471 jam
3762 5398 3824 5455 Β.

2254 5477 2401 5534 Geilo
2430 5477 2579 5534 lenit.
2744 5486 2747 5489 ’
3272 5524 3275 5527 ,
3352 5524 3355 5529 ,

2322 5492 2417 5623 :31
2425 5492 2480 5602 ίιὲ
2483 5492 2738 5623 ξξὲὶ’ξιυιῐις
2755 5544 2846 5616 qui
2869 5543 3113 5623 Wo‘radi,
3128 5524 3355 5623 comitis}
3368 5541 3616 5623 palatini,
3636 5553 3825 5623 numen

2252 5619 2556 5681 exhiberet,
2578 5611 2884 5688 Vdecssc'tex
2913 5611 3827 5688 trihus'prcxime'antecedentibus

2254 5698 2309 5746 et
2330 5680 2585 5745 Einhartli
2610 5685 2905 5742 Annalibus
2929 5680 3079 5757 patet
3093 5680 3128 5753 ;’
3154 5687 3205 5742 in
3237 5688 3423 5743 codice
3451 5686 3638 5741 lacuna
3665 5680 3821 5738 nulla.
