4026 6364
172 351 277 415 697
477 344 731 400 ANNAL.
773 345 860 401 DE
897 344 1140 401 GESTlS
1178 345 1238 399 Β.
1280 342 1528 399 CAROLI
1565 339 1778 396 MAGNI
1816 339 1994 396 LIBRI
2033 340 2094 396 Υ.
2135 370 2204 381 -
2242 340 2400 396 V’lTA
2441 338 2711 397 CAROLI.
2750 369 2820 379 —
2857 338 2984 393 LIB.
3027 338 3089 392 ll.
3309 335 3414 391 698

172 448 480 537 sperantes,
509 458 680 528 ipsam
706 443 932 526 patriam
959 471 1054 511 rex
1085 457 1197 526 ipse
1223 454 1510 524 quotannis

172 561 302 612 Cum
326 549 796 621 priusinpugnans
820 549 962 602 vires
984 547 1297 602 exhauserit
1318 559 1342 586 ιι
1369 547 1504 601 eius.

173 648 510 702 Immemores
534 652 745 692 morum
771 637 944 708 gentis
972 638 1128 692 simul
1158 637 1482 706 ingeniique,

179 731 321 802 Quod
348 736 499 784 tanto
525 729 675 782 varia
696 728 814 798 plus
836 729 1024 782 nititur
1049 738 1163 783 arte
1189 728 1436 797 doloque,

183 825 290 890 Quo
317 818 580 890 premitur
601 819 772 883 bellis,
801 825 855 872 et
876 819 1015 872 victa
1043 819 1323 889 quiescere
1347 817 1539 882 nescit,

183 911 442 970 Vindictae
471 911 707 964 rediviva
732 924 927 980 parans
951 911 1230 965 conamina
1259 925 1490 979 semper.

183 1003 310 1070 Ergo
335 999 585 1069 palatinis
605 1000 830 1055 ducibus
851 1001 1264 1070 properantibus
1291 1001 1358 1054 ad
1381 1015 1460 1066 se,

189 1092 426 1154 Saxones,
451 1090 561 1144 atie
589 1089 746 1160 longo
773 1091 904 1145 satis
929 1091 1116 1147 ordine
1147 1100 1374 1157 structa,

187 1183 280 1239 Pro
299 1182 487 1237 castris
509 1193 893 1250 occurrerunt;
924 1185 995 1238 ibi
1027 1185 1272 1254 protinus
1303 1193 1456 1239 atrox

191 1273 476 1328 Conseritur
493 1272 725 1329 fundens
745 1266 1014 1343 ingentem
1034 1291 1208 1346 pugna
1239 1289 1508 1340 cruorem,

188 1365 604 1435 Francorumque
632 1367 768 1422 truci
797 1354 1049 1437 proceres
1071 1376 1197 1423 sunt
1221 1369 1352 1424 cede
1374 1353 1575 1432 necati,

187 1457 478 1512 interfecws
492 1458 776 1530 Adalgisus
799 1459 1004 1530 pariter
1030 1475 1240 1530 quoque
1262 1459 1454 1524 Geillo,

187 1547 329 1618 Regis
357 1546 537 1617 legati,
565 1550 828 1618 praeclari
859 1558 1114 1620 quattuor
1138 1551 1247 1606 illic

187 1636 396 1692 Extincti
420 1639 667 1704 comites,
695 1655 816 1694 cum
851 1640 1041 1709 viginti
1066 1641 1386 1696 venerandis

184 1727 546 1799 Nobilibusque
564 1729 699 1785 viris
719 1731 839 1786 aliis
863 1748 927 1787 ac
956 1731 1107 1787 clade
1127 1733 1441 1803 peremptis.

184 1823 246 1877 At
260 1823 484 1894 reliquus
503 1824 647 1879 bello
667 1826 893 1896 populus
915 1823 1268 1896 consbmptus
1296 1826 1350 1880 in
1376 1825 1487 1890 illo,

184 1916 378 1972 Censori
416 1934 641 1974 numero
670 1919 888 1988 nequid,
912 1918 1076 1973 altum
1105 1919 1336 1989 denique
1367 1926 1607 1973 montem

186 2007 272 2074 Qui
297 2009 499 2064 vicinus
523 2016 640 2064 erat
668 2009 878 2080 fugiens
904 2010 1224 2080 paucissima
1251 2017 1427 2064 turma

185 2099 415 2171 Expetiit,
440 2101 698 2172 silvisque
722 2102 894 2157 latens
919 2109 1166 2157 evaserat
1193 2102 1420 2156 hostem.

186 2189 400 2245 Nuncius
425 2191 558 2246 haec
585 2192 755 2248 tristis
775 2200 1092 2246 narraverat
1118 2191 1297 2245 omnia
1323 2191 1466 2260 regi;

189 2278 265 2335 llle
287 2282 390 2337 suis
410 2282 742 2337 exercitibus
770 2281 995 2337 festinus
1019 2282 1072 2335 in
1095 2295 1259 2335 unum

192 2369 431 2434 Collectis,
455 2373 640 2427 statim
667 2371 934 2426 Saxonica
955 2371 1104 2426 venit
1127 2371 1348 2426 harena.

194 2462 338 2530 Quem
363 2481 479 2520 cum
502 2467 773 2536 primores
796 2464 1037 2518 eiusdem
1063 2463 1238 2532 gentis
1266 2462 1525 2527 adissent,

192 2552 302 2610 lllud
321 2570 372 2611 se
394 2565 542 2612 certo
566 2571 670 2611 non
695 2556 1030 2610 commisisse
1055 2554 1366 2623 probantes,

197 2644 250 2700 Et
266 2663 349 2703 rex
375 2656 622 2704 auctores
647 2647 773 2703 facti
803 2648 1160 2718 perquireret,
1189 2662 1296 2700 una

177 2733 302 2810 _Esse
328 2753 469 2792 reum
500 2738 735 2792 clamant
761 2737 1144 2793 Widukindum
1176 2736 1421 2792 criminis
1447 2737 1631 2799 huius,

199 2823 254 2882 Et
273 2845 388 2899 quos
415 2831 629 2884 hortatu
655 2829 873 2900 proprio
893 2829 994 2883 sibi
1023 2828 1361 2884 consotiavit.

191 2913 283 2974 Nec
301 2922 462 2990 potuit
490 2921 649 2984 tradi,
676 2921 800 2990 quia
827 2935 1014 2974 rursus
1035 2919 1334 2976 contulerat
1361 2933 1419 2974 se

185 3009 255 3067 Ad
275 3011 756 3068 Northmannorum
785 3015 1014 3084 patriam
1043 3022 1166 3082 post
1185 3013 1386 3082 praelia
1412 3021 1580 3083 gesta.

184 3101 381 3161 Tradita
397 3115 523 3162 sunt
543 3122 673 3162 sane
700 3107 1026 3178 reliquorum
1054 3107 1136 3162 bis
1163 3107 1267 3161 duo
1289 3107 1394 3160 leto

181 3192 309 3252 Milia
336 3199 716 3269 quingentique
735 3199 860 3262 viri,
883 3199 975 3268 qui
1008 3207 1116 3252 tam
1145 3213 1308 3267 grave
1328 3197 1526 3253 bellum

175 3281 310 3344 lllius
333 3299 515 3345 contra
538 3290 779 3345 Francos
803 3305 1018 3360 gessere
1043 3306 1223 3345 suasu.

173 3373 376 3450 ﬂosque
395 3382 481 3436 die
512 3393 735 3437 cunctos
756 3397 850 3436 rex
875 3382 1231 3437 decollaverat
1257 3397 1361 3436 una

167 3465 315 3527 quta
337 3474 549 3528 Alaram
575 3473 814 3538 ﬂuvium,
843 3473 992 3529 locus
1022 3473 1162 3527 idem
1186 3467 1344 3526 [τοι-ἰὴ
1366 3480 1606 3527 vocatur.

169 3557 282 3619 Hac
305 3565 372 3619 ibi
391 3565 623 3621 vindicta
650 3581 834 3635 regum
856 3565 1189 3620 clarissimus
1212 3571 1351 3626 acta,

166 3652 252 3710 Ad
273 3658 531 3726 propriam
560 3655 722 3711 rediit
743 3655 923 3709 villam
946 3655 1234 3709 Theodone
1259 3661 1506 3708 vocatam
1536 3653 1583 3706 ι’.

173 4053 192 4076 9
265 4060 278 4078 ι
353 4061 367 4076 ο
445 4062 460 4077 ο
540 4062 554 4076 ο
635 4061 649 4075 ο
731 4062 745 4075 ο
826 4061 841 4075 ο
923 4061 936 4073 ο
1017 4061 1030 4074 υ
1112 4060 1126 4074 ο
1205 4059 1219 4073 ο
1298 4059 1312 4073 ο
1392 4059 1404 4071 ι
1485 4059 1498 4072 ο

327 4112 545 4184 (Desunt
571 4114 656 4167 hic
681 4129 856 4166 uersus
891 4111 1069 4181 viginti
1099 4127 1188 4164 sex
1216 4119 1306 4163 aut
1334 4110 1570 4179 septem.)

165 4195 362 4269 Gloria,
394 4204 660 4270 certabat,
691 4203 792 4259 sibi
818 4219 884 4258 ne
910 4211 1166 4258 consueta
1188 4202 1405 4272 periret.

159 4287 314 4350 Alter
339 4296 444 4349 iam
467 4295 668 4349 nullam
697 4303 939 4350 statuens
961 4309 1180 4364 sperare
1208 4293 1456 4356 salutem,

154 4375 224 4440 In
245 4385 449 4442 ferrum
475 4387 654 4458 prisca
677 4401 776 4457 pro
805 4385 1053 4440 libertate
1083 4386 1274 4440 ruebat

157 4470 272 4534 Sed
284 4481 509 4538 tandem
536 4478 761 4535 Carolus
787 4479 966 4534 divino
996 4492 1215 4532 uulnere
1235 4479 1432 4544 victor,

153 4565 347 4627 Caesis
375 4571 674 4626 innumeris
695 4571 930 4640 reliquos
955 4569 1150 4624 exinde
1175 4568 1394 4640 fugavit.

153 4654 616 4732 Transierantque
636 4662 751 4719 dies
777 4662 954 4732 pauci,
981 4677 1103 4717 cum
1126 4677 1317 4716 rursus
1341 4661 1528 4716 eodem

150 4749 435 4827 Comperit
463 4757 518 4813 in
539 4755 734 4826 populo
765 4756 1049 4825 repetitum
1071 4769 1295 4826 surgere
1339 4754 1560 4809 bellum.

153 4839 382 4903 Scilicet
409 4849 462 4902 in
500 4847 924 4902 Westfalhorum
953 4847 1170 4919 regione
1189 4847 1431 4917 gregalis

143 4925 414 4994 Pluribus
441 4939 493 4993 in
526 4939 642 5008 ripa
673 4937 840 5003 ﬂuvii,
869 4936 1010 4991 Hasa
1037 4937 1273 5002 nomine,
1306 4953 1493 4993 rursus

144 5022 442 5084 Audebant
460 5029 624 5084 animi
647 5029 767 5099 plus
786 5044 950 5098 quam
977 5028 1192 5084 virtutis
1217 5029 1500 5090 habentes.

145 5113 263 5184 Qui
286 5119 415 5175 victi
443 5119 660 5184 totiens,
686 5119 790 5175 atie
815 5119 1100 5191 conﬂigere
1130 5127 1315 5190 aperta
1348 5131 1393 5174 ο.
1470 5169 1471 5172 η

143 5195 388 5278 Pergere
410 5224 505 5264 rex
529 5210 594 5263 ad
617 5224 753 5278 quos
776 5211 1042 5269 meditans
1067 5209 1350 5279 sociosque
1377 5226 1685 5276 recensens,

143 5287 418 5372 Repperit
442 5301 499 5355 in
526 5316 704 5371 pugna
732 5301 914 5372 plures
939 5300 1198 5356 cecidisse
1224 5300 1414 5371 priori,

237 5446 261 5476 ι
282 5435 350 5490 Β.
380 5443 434 5491 et
458 5435 548 5500 L.,
579 5437 908 5491 exhauserat.

237 5505 262 5576 lt
289 5505 418 5562 Post
435 5509 579 5563 hunc
603 5522 820 5562 versum
847 5508 1041 5563 desunt
1065 5507 1170 5562 duo
1200 5516 1378 5562 tresve
1407 5508 1517 5570 alii,
1549 5507 1743 5576 quibus

144 5573 345 5648 ultima
373 5578 665 5634 Annalium
693 5579 948 5634 Einhardi
979 5579 1242 5633 sententia
1264 5573 1678 5648 exprimeretur.

243 5658 261 5719 ξ
293 5647 584 5719 Conﬂigere
604 5649 850 5719 habentes
876 5649 899 5701 ’1
932 5649 1010 5714 (2,
1035 5649 1292 5719 habentis)
1316 5647 1381 5703 ex
1409 5665 1567 5707 versu
1596 5657 1744 5702 ante-

153 5717 372 5772 I‘edemi
404 5716 690 5789 repetitum
711 5736 724 5784 ;
744 5718 994 5775 Leibnitii
1021 5716 1388 5785 conjecturam
1418 5719 1600 5773 vellent
1623 5735 1744 5773 eou-

156 5791 474 5845 structionis
521 5805 681 5846 causa
714 5806 817 5846 non
866 5789 1074 5845 admitti
1116 5805 1273 5860 posse
1304 5790 1482 5858 credo,
1520 5807 1640 5861 qua:
1671 5790 1743 5845 ita

1769 455 1815 514 Α
1844 451 2049 522 Aegros
2079 451 2388 508 vulneribus
2416 453 2612 506 multos
2641 451 2713 507 ibi
2744 452 2882 506 forte
2911 461 3174 523 receptos.

1844 543 1952 601 Sed
1978 546 2157 601 subito
2185 555 2357 600 novus
2382 561 2444 600 ex
2476 544 2702 600 Francis
2726 545 2999 599 exercitus
3033 543 3108 597 illi

1840 635 2093 700 Advenit,
2115 636 2430 706 cunctisque
2455 636 2566 690 suis
2596 634 2893 706 legionibus
2921 634 3113 698 auctis,

1842 727 1922 782 Ad
1943 727 2286 782 debellandos
2314 727 2518 782 studuit
2547 742 2836 798 properare
2865 725 3110 781 rebelles.

1842 817 1957 885 Qua
1989 821 2094 873 dux
2116 819 2330 889 egregie
2359 818 2593 889 prudens
2617 819 2743 873 dum
2765 825 2959 872 cuncta
2992 824 3260 887 parasset,

1843 911 2134 975 Virtutem,
2155 912 2294 965 sicut
2325 910 2478 972 solet,
2503 918 2584 964 est
2615 910 2829 964 fortuna
2854 918 3061 964 secuta.

1845 998 2089 1055 Saxones
2110 1001 2307 1054 iterum
2329 1002 2473 1055 caesi
2500 1001 2762 1069 longeque
2792 1000 2979 1070 fugati,

1841 1089 2120 1144 Abductus
2140 1090 2476 1160 captivorum
2499 1105 2758 1144 numerus
2781 1088 2879 1142 fuit
2911 1090 3118 1160 ingens.

1842 1180 1969 1235 lude
1994 1180 2178 1252 plagas
2205 1182 2495 1236 orientales
2517 1196 2610 1235 rex
2631 1181 2809 1237 victor
2834 1181 3022 1246 adivit,

1843 1270 2035 1325 Omnia
2062 1286 2222 1341 quam
2252 1271 2356 1325 late
2383 1271 2526 1326 ferro
2551 1271 2834 1342 populatus
2859 1280 2916 1326 et
2936 1272 3066 1343 igni,

1842 1362 2022 1417 Donec
2049 1365 2113 1417 ad
2142 1362 2359 1418 ﬂuvium
2381 1364 2470 1434 qui
2498 1363 2696 1419 dicitur
2713 1363 2868 1418 Albia
2899 1365 3067 1419 venit.

1841 1453 1972 1508 Post
1994 1455 2126 1508 haec
2149 1452 2212 1507 ad
2235 1456 2476 1524 patriam.
2489 1456 2676 1519 rediit;
2710 1465 2836 1510 tunc
2857 1464 2940 1510 est
2962 1455 3170 1511 sociata

1841 1544 2029 1616 Regali
2060 1546 2298 1601 thalamo
2326 1547 2559 1601 coniunx
2587 1547 2850 1602 Fastrada
2873 1557 3087 1613 vocata,

1841 1635 1976 1691 Filia
2007 1636 2267 1706 Radolphi
2292 1638 2528 1701 comitis,
2560 1647 2674 1692 sata
2701 1639 2940 1708 germine
2969 1638 3137 1693 claro.

1843 1726 2108 1782 Hibernas
2133 1728 2186 1782 in
2207 1727 2438 1782 Eristalli
2465 1736 2576 1781 tum
2603 1727 2829 1782 duxerat
2854 1729 3039 1792 horas,

1767 1817 1812 1878 Β
1839 1817 2016 1888 Atque
2059 1820 2203 1885 dies,
2258 1820 2454 1889 quibus
2502 1819 2646 1873 hunc
2693 1835 2922 1874 nascens
2960 1818 3302 1886 moriensque
3337 1831 3424 1872 ro-

3083 1909 3353 1982 [demptor

1842 2003 2081 2060 Salvavit
2105 2007 2387 2072 mundmn,
2408 2015 2534 2063 voto
2557 2005 2928 2060 celebraverat
2957 2003 3117 2058 almo.

2313 2100 2460 2154 Anno
2503 2099 2626 2156 784.
2671 2098 2867 2155 Indict.
2902 2097 2955 2152 6.

1839 2190 2132 2262 Rclliquias
2162 2191 2288 2248 belli
2316 2192 2533 2247 tandem
2565 2191 2892 2247 fortissimus
2922 2192 3084 2245 heros

1840 2281 2230 2338 Consummare
2255 2283 2460 2347 volens,
2485 2291 2636 2337 tanto
2659 2282 2800 2351 quod
2828 2291 3068 2350 tempore
3092 2287 3304 2350 gestum

1843 2373 2117 2428 Saxonum
2147 2389 2268 2428 cum
2300 2383 2460 2444 gente
2492 2372 2613 2437 fuit,
2657 2387 2942 2426 numerosa
2972 2370 3214 2424 virorum

1841 2466 1983 2521 Milia
2014 2466 2274 2519 lectorum
2307 2465 2467 2518 terris
2496 2462 2703 2517 induxit
2726 2477 2934 2518 eorum.

1840 2558 1917 2614 Ac
1939 2558 2170 2628 primum
2197 2557 2370 2611 ltheni
2401 2565 2772 2626 transgressus
2801 2553 2823 2589 ἀ
2859 2551 3096 2606 ﬂuminis
3134 2548 3353 2613 undam,

1844 2650 2100 2706 Vastabat
2128 2665 2293 2720 pagos
2324 2641 2721 2704 Westvalorum
2749 2645 3000 2716 regionis,

1843 2743 2003 2797 Venit
2025 2751 2078 2796 et
2108 2743 2174 2795 ad
2202 2742 2500 2805 Wisuram,
2530 2737 2678 2794 locus
2708 2746 2790 2792 cst
2820 2737 2909 2790 ubi
2935 2735 3110 2790 dictus
3135 2729 3350 2788 Uculbi.

1841 2833 1970 2888 Iade
1999 2832 2396 2902 Thuringorum
2426 2845 2522 2898 per
2551 2844 2710 2898 agros
2740 2829 2842 2881 iter
2865 2831 3080 2896 aegerat
3107 2830 3269 2890 atque

1844 2923 2119 2978 Saxonum
2148 2936 2390 2992 campos,
2419 2935 2556 2989 quos
2577 2919 2730 2972 Albia
2759 2917 2844 2971 vel
2872 2915 2997 2970 Sala
3021 2920 3250 2985 tangunt

1840 3015 2041 3070 Amnes
2061 3014 2246 3078 vicini,
2270 3013 2506 3067 lustrans
2534 3010 2691 3064 villas
2718 3009 2791 3062 ibi
2818 3007 3001 3078 plures

1843 3109 2162 3164 Tradiderat
2195 3107 2448 3171 ﬂammis,
2477 3106 2648 3160 donec
2672 3103 2916 3174 pervenit
2946 3100 3011 3155 ad
3041 3099 3205 3166 illum,

1765 3178 1809 3240 C
1842 3201 1944 3270 Qui
1972 3201 2139 3255 veteri
2176 3201 2326 3255 locus
2345 3207 2427 3254 est
2449 3197 2706 3268 Scannigi
2735 3196 2950 3250 nomine
2977 3194 3171 3248 dictus.

1843 3293 1979 3348 Hinc
2004 3293 2054 3346 in
2085 3291 2440 3346 Warmatiam
2471 3289 2687 3343 rediens
2712 3302 2770 3341 se
2796 3283 3024 3340 contulit
3052 3283 3262 3338 urbem.

1842 3384 2010 3438 Filius
2033 3385 2232 3436 interea
2258 3382 2417 3449 regis,
2449 3380 2542 3449 qui
2571 3395 2668 3448 par
2696 3375 2928 3448 genitori
3128 3443 3131 3446 _

1843 3473 2022 3528 lndolc
2049 3473 2245 3526 mentis
2265 3481 2404 3536 erat,
2437 3480 2550 3524 tum
2577 3469 2794 3528 nomine
2824 3467 3003 3521 dictus
3027 3463 3241 3528 eodem,

1843 3563 1976 3619 Cum
2003 3563 2193 3634 patriis
2221 3559 2550 3617 exercitibus
2579 3574 2715 3628 quos
2742 3559 2856 3626 ipse
2886 3554 3106 3626 regebat

1842 3653 1900 3709 lu
1927 3651 2325 3708 Westvalorum
2352 3664 2488 3720 pago
2512 3647 2829 3718 cognomine
2861 3644 3068 3708 Dicini,

1844 3746 2094 3800 Eiusdem
2117 3743 2293 3814 populi
2326 3741 2512 3796 turbas
2533 3730 2600 3795 ad
2625 3739 2761 3794 bella
2784 3745 3004 3808 paratas

1844 3838 2151 3901 Oﬂ‘endens,
2180 3836 2362 3889 statim
2385 3831 2683 3888 certamine
2712 3831 2840 3885 vicit
2865 3828 3126 3900 equestri,

1845 3931 2029 3988 Victor
2058 3937 2111 3984 et
2144 3929 2207 3982 ad
2237 3936 2445 3998 patrem
2469 3927 2572 3980 iam
2601 3926 2744 3981 dicta
2769 3924 2917 3979 venit
2943 3924 2995 3978 in
3023 3921 3175 3977 urbe.

1844 4021 1946 4088 Qui
1972 4021 2147 4074 valida
2177 4020 2467 4078 comitante
2495 4034 2654 4074 manu
2685 4016 2953 4071 Saxonica
2980 4013 3163 4069 statim

1843 4114 1986 4168 Arva
2006 4121 2212 4183 petens,
2255 4112 2402 4167 iuxta
2429 4110 2650 4166 ﬂuvium
2681 4107 2997 4163 consederat
3025 4117 3048 4144 ε
3076 4105 3356 4169 Ambram,

1844 4203 1938 4259 Est
1958 4205 2045 4256 ubi
2073 4202 2351 4258 castellum
2379 4201 2520 4272 quod
2561 4198 2964 4268 Skideronburg
2990 4197 3282 4262 vocitatur.

1845 4297 1900 4350 ln
1931 4296 2123 4350 castris
2148 4295 2346 4349 ibidem
2371 4293 2513 4348 votis
2537 4290 2922 4365 sollempnibus
2942 4288 3076 4343 actis

1844 4385 2048 4440 Natalis
2072 4384 2302 4446 Domini,
2336 4383 2600 4454 processit
2628 4383 2695 4436 ad
2721 4381 2895 4436 hostia
2925 4378 3180 4441 Warnae,

1845 4478 1959 4545 Qua
1987 4477 2104 4531 ﬂuit
2128 4477 2182 4530 in
2212 4477 2504 4531 Wisuram.
2531 4474 2642 4530 Nec
2667 4475 2772 4529 iam
2799 4473 2897 4526 fuit
2920 4471 3027 4526 ulla
3057 4467 3290 4524 facultas

1768 4529 1818 4591 υ
1845 4529 2084 4642 ίοηείιιε
2109 4570 2173 4624 ad
2193 4569 2414 4623 boream
2442 4568 2580 4623 sicut
2603 4567 2850 4637 cupiebat
2879 4563 3059 4617 eundi.

1846 4661 2127 4733 Temporis
2156 4661 2403 4716 obstabat
2429 4659 2587 4715 simul
2613 4657 2878 4728 asperitas
2913 4652 3181 4716 hiemalis,

1843 4755 2019 4824 Atque
2042 4755 2178 4826 iugis
2206 4754 2419 4826 pluviae
2439 4766 2628 4807 cursus
2645 4750 2992 4804 vehementer
3021 4743 3315 4806 inundans;

1845 4844 1926 4900 Ob
1948 4847 2052 4901 hoc
2079 4846 2131 4900 in
2157 4847 2430 4914 Ercsburg
2457 4842 2698 4898 residens
2719 4854 2776 4894 se
2795 4835 3024 4894 contulit
3051 4834 3262 4890 urbem.

2310 4938 2457 4990 Auno
2500 4934 2619 4991 785.
2660 4932 2855 4987 Indict.
2904 4929 2956 4984 7.

1847 5030 2088 5101 Cumque
2115 5029 2229 5085 dies
2252 5027 2489 5097 reliquos
2507 5025 2768 5080 brumalis
2793 5023 3010 5094 frigoris
3037 5020 3145 5075 illic

1841 5123 1961 5195 Ipse
1989 5137 2208 5178 manere
2228 5136 2384 5176 suum
2407 5117 2736 5174 decrevisset
2753 5116 3089 5178 comitatum,

1845 5214 2146 5270 Accersivit
2172 5229 2238 5267 eo
2265 5211 2539 5282 propriam
2570 5224 2693 5263 cum
2715 5207 2941 5277 coniuge
2961 5203 3187 5276 prolem.

1845 5305 1976 5361 Cum
1999 5305 2215 5374 quibus,
2242 5311 2303 5357 ut
2330 5303 2531 5369 decuit,
2560 5300 2665 5356 ﬁdo
2693 5299 2954 5369 firmaque
2990 5296 3180 5352 relicto

1841 5455 1899 5494 se
1928 5437 2091 5491 habet
2125 5455 2135 5489 '.
2171 5435 2362 5490 scilicet
2396 5433 2700 5505 pluribus...
2731 5431 3024 5505 gregatis...
3048 5501 3057 5505 _
3078 5446 3262 5484 rursus
3314 5429 3427 5505 acie

1845 5509 2121 5578 conﬂigere
2164 5500 2421 5578 audebant
2447 5547 2460 5568 ,
2500 5507 2590 5578 qui
2641 5500 2838 5578 totiens
2872 5503 2990 5578 picti
3039 5501 3229 5572 (erant)
3278 5500 3424 5553 atie:

1839 5573 2022 5650 aperta
2050 5579 2211 5650 igitur
2240 5573 2671 5650 supplevi,alit_td
2691 5575 2781 5650 alii
2792 5573 3051 5650 judicent.

1910 5649 1935 5688 d
1964 5644 2129 5702 Trans
2155 5644 2319 5709 cod,
2343 5644 2720 5702 transcendent;
2749 5644 3042 5709 Rcineccii,
3071 5652 3426 5709 transgressus

1843 5718 2084 5788 cnujectu
2093 5736 2150 5774 ra
2178 5734 2318 5773 mea.

1920 5803 1939 5829 ε·
1977 5791 2024 5858 l,
2051 5790 2363 5864 considerat.
