4026 6364
606 322 710 379 699

604 433 902 495 Praesidio,
935 433 1155 488 iuvenes
1182 429 1373 485 animis
1399 442 1461 484 ac
1483 426 1692 482 viribus
1723 439 1876 481 acres

605 527 913 599 Assumpsit
935 541 1139 590 secum,
1170 525 1414 592 lataeque
1445 529 1670 591 vagatus
1696 521 1749 574 in
1771 533 1962 574 omnes

607 621 755 676 Illius
776 620 1012 691 regionis
1039 633 1218 689 agros,
1242 617 1334 672 sed
1364 624 1418 670 et
1434 613 1628 686 oppida
1647 628 1909 684 quaeque,

606 714 812 768 Cuncta
840 710 998 776 simul
1026 710 1279 774 ﬂammis,
1305 707 1490 779 spoliis
1513 723 1578 762 ac
1602 707 1734 762 cede
1755 705 1921 760 feroci

608 806 919 870 Miscuerat,
947 804 1168 874 cupiens
1189 803 1396 856 animos
1419 815 1556 871 quos
1581 815 1707 870 sepe
1728 797 1956 854 rebelles

609 897 880 966 Expertus
903 894 1099 958 fuerat,
1127 891 1218 946 tali
1248 899 1594 962 prosternere
1625 891 1799 946 clade.

607 991 752 1046 Ilaec
773 988 1017 1060 lugubris
1042 987 1216 1042 hiems
1247 985 1321 1039 illi
1353 984 1675 1054 funestaque
1695 982 1840 1052 genti

609 1079 743 1135 Cum
772 1077 989 1133 tandem
1016 1075 1166 1130 ﬁnita
1191 1074 1357 1139 foret,
1386 1073 1624 1129 vernalis
1652 1080 1708 1126 et
1733 1085 1863 1125 aura

605 1170 900 1227 Iocundum
924 1169 1137 1238 spirans
1163 1175 1382 1221 ornaret
1411 1164 1632 1219 ﬁoribus
1661 1180 1810 1226 arva,

606 1260 857 1316 Publicus
880 1261 931 1314 in
951 1259 1375 1314 Padarbrunnon
1397 1264 1693 1310 conventus
1721 1253 1970 1308 habetur.

605 1352 725 1418 Quo
755 1367 850 1407 rex
881 1351 1104 1422 insignis
1127 1347 1407 1418 sollcmpni
1429 1360 1580 1401 more
1607 1354 1846 1417 peracto,

605 1441 662 1496 In
687 1457 884 1514 pagum
913 1442 1200 1512 quendam,
1231 1441 1435 1495 vocitat
1455 1451 1480 1478 α
1507 1454 1669 1510 quem
1688 1436 1920 1492 barbara
1945 1437 2123 1506 lingua

607 1533 914 1606 Berdango,
942 1533 1104 1589 celeri
1127 1532 1332 1587 studuit
1357 1547 1416 1586 se
1444 1532 1661 1586 tramite
1686 1530 1848 1586 ferre.

609 1625 762 1680 Tunc
784 1627 854 1682 ibi
878 1633 1215 1697 compererat
1238 1624 1619 1680 Widokindum
1643 1625 1748 1678 iam
1770 1632 2126 1679 memoratum

607 1719 998 1789 Abboncmque
1022 1718 1202 1782 simul,
1229 1719 1321 1788 qui
1353 1718 1419 1773 de
1449 1716 1744 1772 maioribus
1771 1717 1888 1771 eius

607 1807 798 1866 Gentis
819 1819 992 1873 erant,
1028 1825 1297 1865 memores
1326 1807 1589 1864 scelerum
1621 1807 1835 1862 latitare
1869 1821 2089 1862 suorum

606 1899 834 1955 Finibus
861 1901 915 1954 in
937 1909 1047 1971 patt
1062 1901 1147 1965 iis,
1173 1915 1310 1970 quos
1334 1907 1575 1968 sepserat
1598 1898 1664 1952 ad
1685 1895 1958 1952 Mrealem

605 1991 762 2047 Albia
790 1993 896 2048 lata
924 1993 1135 2063 plagam
1168 1993 1316 2046 iuxta
1341 1991 1576 2047 conﬁnia
1603 2001 1782 2046 terrae

607 2083 907 2151 Danorum,
938 2086 1112 2156 primo
1143 2085 1362 2140 mittens
1381 2086 1447 2141 de
1467 2085 1676 2140 civibus
1697 2084 1826 2155 ipsis

607 2174 862 2247 Legatos,
884 2186 1098 2232 ortatur
1121 2193 1235 2243 eos,
1265 2192 1373 2247 quo
1401 2175 1620 2232 ﬂectere
1650 2175 1866 2230 tandem

609 2264 755 2321 Colla
784 2267 909 2331 sibi,
940 2268 1171 2338 ﬁleique
1197 2285 1326 2324 suae
1357 2283 1415 2323 se
1437 2268 1660 2323 credere
1692 2266 1912 2331 vellent,

607 2354 892 2413 Commissi
915 2359 1148 2423 veniant,
1178 2373 1384 2413 necnon
1407 2368 1462 2415 et
1498 2358 1738 2430 praemia
1763 2356 2054 2428 spondens.

607 2445 835 2504 Conscia
857 2451 949 2504 sed
975 2451 1154 2520 magni
1187 2450 1504 2506 dubitarunt
1526 2451 1690 2506 corda
1719 2456 1902 2504 reatus

607 2539 706 2596 His
725 2541 792 2596 de
821 2543 1126 2613 promissis,
1150 2544 1321 2600 donec
1350 2543 1561 2599 ﬁrmata
1594 2543 1785 2598 salutis

611 2631 750 2704 Spes
769 2643 853 2690 est
878 2634 1156 2692 obsidibus
1185 2637 1363 2692 missis
1383 2652 1519 2707 quos
1543 2638 1906 2708 expetierunt.

610 2723 757 2790 Quos
783 2734 847 2779 ut
867 2725 1202 2782 Amulwinus
1221 2727 1440 2797 quidam
1470 2729 1791 2785 vernaculus
1818 2729 1971 2786 aulae

608 2810 783 2884 Ipsius
803 2815 1044 2880 adduxit,
1074 2827 1432 2887 properarunt
1464 2820 1713 2888 protinus
1741 2820 1898 2875 ambo

613 2903 697 2958 Ad
728 2917 933 2975 regem,
959 2906 1064 2960 iam
1094 2916 1223 2962 tunc
1247 2907 1425 2962 fuerat
1447 2910 1539 2978 qui
1567 2908 1708 2965 forte
1739 2926 1990 2968 reversus

611 2994 694 3050 Ad
725 2995 908 3049 villam
934 2998 1210 3067 pr0priam
1240 3013 1346 3068 que
1369 2999 1568 3054 dicitur
1591 3000 1917 3057 Attiniacus.

611 3083 713 3140 llic
738 3084 879 3142 idem
900 3101 1155 3156 proceres
1184 3089 1326 3143 sacri
1352 3089 1690 3160 baptismatis
1717 3092 1854 3148 unda

612 3174 847 3241 Perfusi,
870 3177 1087 3233 tandem
1120 3179 1235 3251 regi
1265 3195 1514 3236 mansere
1544 3183 1748 3250 ﬁdeles,

608 3267 837 3340 Ipsaque
870 3284 1003 3341 gens
1029 3271 1237 3342 aliquot
1267 3277 1611 3344 requieverat
1632 3277 1755 3333 inde
1784 3286 1883 3349 per
1905 3295 2091 3337 annos.

609 3359 822 3418 Interea
853 3363 1069 3433 quidam
1096 3365 1450 3422 coniuravere
1480 3368 1720 3440 maligni,

610 3451 684 3509 Ut
708 3453 884 3509 dirum
909 3453 1116 3512 facinus
1143 3457 1407 3514 scelerato
1428 3461 1589 3516 corde
1614 3472 1911 3532 patrarent,

608 3543 706 3599 Vel
731 3543 875 3602 ferro
902 3562 1108 3619 regem,
1138 3550 1222 3604 vel
1248 3552 1488 3622 qualibet
1515 3563 1632 3609 arte
1657 3557 1918 3612 necando.

607 3632 861 3692 Criminis
897 3631 1142 3694 inecnt'or
1172 3640 1486 3699 IIardradus
1517 3652 1642 3702 tunc
1666 3661 1850 3705 comes
1877 3650 2038 3707 huius

607 3724 899 3790 Extiterat,
931 3730 1024 3783 sed
1056 3739 1115 3784 ut
1145 3731 1344 3787 indicio
1369 3733 1544 3788 delata
1575 3735 1717 3792 ﬁdeli

607 3813 796 3870 Factio
825 3833 949 3872 seva
978 3818 1094 3884 fuit,
1123 3822 1306 3875 statim
1337 3824 1520 3880 sedata
1551 3827 1776 3896 quievit,

611 3903 807 3976 Ingens
837 3907 989 3963 valde
1017 3908 1154 3966 foret
1184 3911 1309 3967 licet
1336 3923 1392 3969 et
1419 3915 1581 3970 nimis
1603 3917 1806 3973 acriter
1832 3927 1972 3975 Orta.

609 3995 875 4054 Auctores
899 4001 1015 4056 eius
1044 4004 1245 4072 privari
1271 4004 1470 4061 lumine
1491 4009 1772 4076 quosdam,
1997 4009 2002 4018 ’

612 4085 788 4144 Exilio
815 4089 1048 4162 reliquos
1083 4094 1362 4166 dampnari
1395 4097 1626 4153 iusserat
1653 4100 1767 4169 ipse

611 4179 729 4236 Rex
751 4196 958 4238 summe
981 4187 1241 4254 prudens,
1279 4189 1433 4243 cuius
1461 4186 1745 4246 clementia
1772 4193 1902 4248 nulll

615 4271 945 4331 Reddiderat
972 4279 1188 4350 dignam
1215 4288 1365 4336 tanto
1393 4298 1493 4353 pro
1532 4283 1760 4342 crimine
1797 4303 2052 4360 poenam.

1067 4460 1216 4515 Anno
1245 4462 1365 4520 786.
1399 4464 1594 4524 Indict.
1629 4471 1682 4526 8.

615 4627 792 4700 Magni
824 4629 1041 4688 decreto
1065 4632 1243 4690 Caroli
1273 4639 1521 4709 sacrique
1547 4651 1771 4699 senatus

613 4718 813 4778 Missus
840 4721 893 4776 in
923 4725 1174 4782 occiduas
1193 4731 1463 4786 exercitus
1489 4733 1620 4787 exiit
1643 4733 1821 4799 horas,

615 4810 859 4870 Subdere
883 4815 1180 4884 Brettones,
1209 4830 1420 4890 gentem
1453 4830 1579 4879 tunc
1609 4823 1749 4880 forte
1783 4828 2060 4883 rebellem.

621 4900 797 4960 Insula
823 4905 976 4961 cuius
1002 4917 1117 4962 erat
1143 4908 1369 4967 fecunda
1393 4912 1669 4968 Britannia
1697 4916 1894 4972 dudum

621 4995 833 5063 Patria;
866 5013 1096 5070 namque
1127 5002 1236 5058 illic
1267 5005 1543 5062 habitabat
1572 5015 1814 5078 tempore
1843 5011 2032 5078 multo,

621 5088 863 5160 Cumque
884 5107 1051 5148 novas
1073 5095 1229 5165 Angli
1256 5098 1410 5154 sedes
1437 5099 1540 5155 sibi
1567 5116 1830 5170 quaerere
1851 5103 2070 5171 vellent,

619 5180 967 5253 Saxonesque
995 5187 1152 5241 simul
1182 5189 1319 5246 hanc
1341 5191 1584 5248 invasere
1613 5192 1842 5264 feroces,

618 5268 838 5340 Expulsi
863 5275 1045 5328 statim
1067 5286 1275 5335 veteres
1304 5295 1516 5338 cessere
1539 5284 1714 5340 coloni
1743 5305 1755 5340 :

621 5357 849 5416 Maxima
880 5378 1005 5434 pars
1031 5383 1258 5436 quorum
1286 5369 1496 5443 fugiens
1523 5392 1673 5432 mare
1702 5380 1935 5445 transiit,
1969 5389 2130 5452 atque

621 5448 792 5507 Gallia
817 5468 921 5524 qua
942 5455 1074 5513 ﬁnes
1100 5459 1259 5517 habet
1279 5473 1572 5534 extremos,
1601 5468 1675 5524 ibi
1704 5472 1918 5526 tandem

621 5539 898 5602 Fluctibus
921 5551 1107 5605 oceani
1133 5566 1238 5621 que
1265 5556 1509 5624 proxima
1543 5559 1751 5615 viderat
1776 5577 1899 5617 arva

625 5737 718 5849 (ne
758 5725 870 5780 Vox
901 5727 1119 5794 omissa,
1162 5730 1390 5787 secunda
1424 5748 1584 5789 manu
1639 5735 1690 5789 in
1736 5734 1839 5790 ﬁne
1868 5751 2058 5792 versus
2111 5737 2202 5792 ad-

663 5811 678 5848 t
709 5810 756 5849 a.
1034 5811 1044 5823 '

663 5810 756 5849 lla.
1034 5811 1044 5823 '

1954 307 2201 368 POETA]
2243 308 2539 366 SAXONIS

2223 425 2272 482 Α
2297 417 2555 485 Detinuit,
2586 419 2781 488 quibus
2810 417 2864 472 in
2887 410 3046 474 terris
3071 419 3176 476 huc
3199 437 3371 492 usque
3396 433 3666 492 moratur,

3781 316 3891 373 700

2296 505 2557 564 Indicium
2580 509 2789 580 patriae
2811 509 2925 564 solo
2954 510 3088 566 dans
3108 513 3326 569 nomine
3351 515 3586 583 priscae.

2297 598 2439 655 Haec
2461 617 2491 655 a
2515 601 2852 672 principibus
2876 600 3208 658 Francorum
3232 619 3365 676 gens
3393 616 3672 677 superata,

2297 690 2517 746 Solvere
2540 691 2769 763 vectigal
2794 694 3044 762 quamvis
3070 694 3238 750 invita
3267 697 3490 754 solebat.

2295 782 2429 839 Cum
2456 792 2742 856 temptaret
2770 800 2836 840 eo
2864 784 3206 843 dominorum
3239 797 3481 859 tempore
3507 791 3660 848 iussa

2297 873 2586 943 Spernere,
2615 876 2852 932 directus
2878 877 3062 934 multis
3085 895 3208 935 cum
3235 881 3452 938 milibus
3479 883 3611 942 illuc

2297 961 2411 1018 Dux
2443 964 2709 1021 Audulfus
2729 981 2852 1020 eam
2879 965 3043 1024 celeri
3069 970 3272 1025 virtute
3294 975 3580 1043 repressit,

2297 1054 2363 1108 Et
2391 1055 2524 1111 satis
2551 1057 2792 1112 edomuit
2815 1059 2996 1130 populi
3030 1059 3144 1116 fera
3169 1063 3333 1117 corda
3363 1064 3580 1122 rebellis

2296 1143 2432 1198 Tum
2457 1145 2598 1215 regis
2619 1161 2803 1215 regum
2831 1146 3031 1204 Christi
3059 1150 3257 1218 pietate
3285 1152 3525 1222 iuvante,

2296 1233 2565 1305 Disposito
2589 1235 2815 1293 Carolus
2842 1253 3028 1309 regno,
3058 1241 3380 1314 placidaque
3409 1260 3507 1315 per
3533 1248 3737 1304 orbem

2299 1325 2546 1398 Undique
2569 1342 2701 1397 pace
2724 1329 2869 1395 data,
2902 1331 3092 1385 statuit
3113 1332 3339 1388 Romam
3363 1335 3664 1404 proﬁcisci,

2298 1416 2407 1473 Nec
2432 1434 2538 1472 non
2568 1419 2753 1476 Italiae
2774 1421 3036 1492 reliquam
3064 1425 3164 1481 sibi
3190 1427 3422 1483 subdere
3444 1437 3687 1499 partem,

2298 1508 2465 1565 Cuius
2493 1520 2612 1566 erat
2636 1513 2839 1568 victum
2864 1524 3027 1585 caput
3049 1525 3101 1571 et
3130 1532 3258 1587 pars
3287 1520 3544 1586 maxima,
3571 1529 3756 1593 captat

2298 1599 2408 1655 Iam
2441 1601 2738 1670 Desiderio,
2766 1604 3244 1679 Langobardisque
3270 1611 3540 1668 subactis.

2300 1692 2537 1749 Ducatus
2569 1694 2976 1754 Beneventanae
3002 1706 3211 1756 tantum
3243 1703 3478 1773 regionis

2227 1799 2273 1859 Β
2301 1783 2417 1838 Non
2447 1785 2520 1840 illi
2545 1787 2821 1844 subiectus
2845 1799 2986 1855 erat,
3019 1792 3105 1846 cui
3137 1793 3370 1862 praefuit
3392 1794 3497 1850 illo.

2302 1877 2568 1949 Tempore
2597 1880 2706 1935 dux
2735 1880 3015 1953 Aragisus.
3044 1884 3178 1939 Eum
3217 1896 3344 1942 tunc
3377 1888 3636 1960 aggredie
3658 1890 3751 1949 alii

2299 1970 2573 2028 Accensus
2608 1974 2807 2040 studio,
2835 1985 3121 2047 partesque
3144 1981 3416 2048 prolectus
3438 1982 3491 2036 in
3519 1982 3678 2048 illas,

2299 2059 2656 2120 Accelerabat
2683 2066 2804 2132 iter,
2831 2083 2993 2137 quem
3022 2085 3127 2124 non
3153 2073 3372 2127 tardare
3393 2073 3614 2130 valebat

2304 2150 2399 2206 Vel
2428 2152 2670 2223 glacialis
2692 2155 2866 2212 hiems
2891 2157 3064 2214 solitis
3087 2159 3193 2215 iam
3216 2163 3493 2220 mensibus
3517 2165 3765 2232 instans.

2306 2244 2400 2299 Vel
2426 2246 2510 2300 via
2542 2247 2815 2303 terribiles
2842 2250 2960 2304 visu
2985 2251 3288 2308 seandenda
3311 2269 3409 2324 per
3431 2255 3598 2326 Alpes

2306 2335 2577 2393 Montibus
2601 2339 2653 2392 in
2676 2342 2921 2406 summis,
2950 2342 3039 2398 ubi
3069 2353 3242 2402 tectae
3270 2348 3505 2404 nubibus
3527 2351 3671 2407 atris

2303 2427 2382 2483 Ac
2410 2428 2530 2483 nive
2557 2439 2812 2500 perpetua
2841 2448 3000 2502 rupes
3028 2435 3096 2489 ad
3120 2435 3298 2491 sidera
3325 2448 3576 2509 surgunt,

2307 2517 2664 2578 Transcensis
2689 2524 2886 2594 quibus
2923 2524 3138 2581 Italicas
3165 2529 3466 2586 intraverat
3494 2531 3702 2590 urbem.

2307 2611 2387 2666 Ex
2414 2613 2610 2683 quibus
2636 2625 2719 2669 est
2749 2617 2981 2685 quedam
3008 2616 3284 2674 Florentia
3311 2623 3532 2677 nomine
3559 2624 3746 2691 dicta,

2306 2701 2364 2756 In
2391 2718 2498 2772 qua
2524 2703 2755 2772 virginei
2787 2714 2974 2774 partus
3001 2707 3184 2762 ﬁerem
3217 2719 3534 2778 veneratus,

2307 2796 2506 2853 Christi
2537 2798 2874 2855 sanctiﬁcum
2900 2802 3121 2872 supplex
3145 2803 3515 2860 celebraverat
3542 2806 3794 2864 hortum.
3875 2789 3882 2794 ’

2308 2891 2433 2947 Inde
2462 2893 2570 2948 cito
2596 2892 2823 2949 Romam
2845 2911 3006 2951 cursu
3029 2904 3315 2964 penetrare
3337 2899 3556 2971 sategit.

2309 2984 2426 3050 Quo
2452 3000 2576 3041 cum
2606 2987 2838 3056 suscepti
2864 2995 3105 3044 tractans
3131 2988 3408 3045 molimina
3439 2991 3564 3047 belli

2310 3077 2542 3132 Parvum
2569 3079 2890 3148 transigeret
2918 3087 3148 3150 tempus,
3177 3082 3401 3152 cupiens
3425 3082 3701 3156 Aragisus

2229 3173 2280 3238 ο
2314 3171 2466 3227 Hunc
2493 3187 2627 3228 auro
2654 3187 2813 3244 quem
2843 3190 2949 3229 non
2990 3176 3163 3246 potuit
3193 3177 3460 3247 depellere
3483 3177 3658 3244 ferro,

2306 3267 2410 3322 Per
2440 3275 2624 3321 natum
2649 3267 2797 3323 misit
2824 3269 3104 3338 proprium
3128 3285 3292 3340 quam
3321 3271 3558 3326 maxima
3579 3272 3757 3343 dona,

2305 3359 2634 3430 Suppliciter
2655 3375 2845 3432 pacem
2883 3363 3144 3433 rogitans.
3178 3362 3284 3418 Sed
3311 3379 3407 3419 rex
3439 3365 3544 3420 sibi
3569 3364 3736 3433 longe

2304 3450 2380 3507 De
2410 3451 2571 3506 rebus
2595 3453 2765 3522 ceptis
2786 3452 2943 3508 aliter
2968 3463 3120 3509 ratus
3143 3470 3265 3510 esse
3291 3457 3610 3527 gerendum,

2303 3540 2418 3610 Qua
2447 3544 2636 3613 prebet
2662 3542 2800 3599 latos
2819 3542 3113 3615 Campania
3147 3545 3340 3602 fertilis
3367 3562 3552 3618 agros,

2302 3633 2434 3690 Illuc
2461 3649 2799 3706 progressus,
2827 3633 3012 3706 Capua
3038 3639 3282 3693 consedit
3313 3637 3366 3693 in
3392 3639 3550 3703 urbe,

2301 3721 2564 3779 Gesturus
2590 3724 2772 3779 statim
2803 3724 3024 3791 bellum,
3058 3726 3161 3782 nisi
3190 3727 3297 3783 dux
3323 3737 3688 3785 memoratus-

2301 3815 2557 3870 Prudenti
2588 3817 2804 3872 sibimet
2829 3816 2972 3872 facto
2996 3818 3133 3874 bene
3157 3819 3541 3875 consuluisset.

2301 3906 2435 3962 Nam
2462 3908 2640 3978 primo
2667 3907 2824 3963 ﬁrma
2851 3924 2911 3964 se
2935 3909 3130 3964 clausit
3154 3911 3209 3965 in
3234 3911 3368 3966 urbe
3392 3909 3627 3967 Salerno

2301 3999 2436 4055 Tum
2463 4008 2618 4054 natos
2639 4007 2898 4069 utrosque
2926 4016 3073 4065 suos,
3105 4016 3336 4072 quorum
3363 4003 3646 4060 vocitatus

2301 4086 2596 4144 Rumoldus
2627 4090 2798 4144 maior
2823 4089 3020 4156 fuerat,
3051 4090 3364 4148 Grimoldus
3384 4102 3439 4148 et
3467 4093 3637 4160 alter,

2301 4180 2478 4237 Missis
2507 4181 2696 4254 legatis
2731 4183 2843 4254 regi
2874 4186 3219 4251 contradidit,
3255 4201 3321 4243 ac
3346 4203 3406 4243 se

2298 4270 2468 4342 Ipsius
2495 4272 2737 4341 imperiis
2762 4273 3064 4329 subiectum
3102 4285 3286 4332 mente
3311 4276 3454 4334 ﬁdeli

2298 4364 2605 4420 Mansuram
2635 4365 2998 4437 populumque
3025 4383 3182 4423 suum
3211 4372 3540 4441 promiserat
3567 4385 3823 4429 omnem.

2298 4458 2518 4516 Talibus
2547 4459 2762 4526 oblatis,
2795 4458 2973 4516 Caroli
3002 4463 3344 4532 requieverat
3369 4465 3552 4531 ardor,

2231 4542 2276 4602 ἰ)
2303 4549 2702 4622 Precipuaeque
2733 4551 2904 4608 Deum
2930 4562 3196 4622 metuens,
3233 4571 3302 4611 ne
3327 4557 3786 4613 cbristicolarum

2302 4641 2590 4714 Sanguinis
2615 4643 2770 4700 eﬁ‘usi
2799 4646 3058 4716 posthaec
3084 4661 3211 4702 reus
3241 4648 3354 4719 ipse
3393 4657 3668 4709 maneret,

2299 4735 2573 4791 Abstinuit
2595 4737 2756 4800 bello,
2781 4753 2887 4793 non
2915 4739 3023 4794 iam
3054 4755 3252 4795 curans
3279 4739 3589 4795 latitantem

2300 4826 2626 4898 Expugnare
2656 4828 2869 4896 ducem,
2904 4845 3004 4885 nec
3027 4845 3134 4885 non
3162 4838 3218 4884 et
3246 4829 3390 4885 ﬁlius
3417 4829 3518 4899 ipsi

2301 4919 2603 4975 Concessus
2632 4919 2829 4986 maior,
2861 4921 3040 4975 minor
3063 4928 3148 4976 est
3178 4920 3451 4985 detentus,
3489 4928 3550 4974 ut
3573 4921 3753 4977 obses

2301 5011 2458 5066 Esset
2484 5012 2624 5082 apud
2650 5026 2860 5082 regem;
2893 5012 3302 5068 Beneventanus
3326 5027 3543 5083 quoque
3567 5022 3816 5068 cunctus

2303 5104 2508 5160 Dedere
2535 5120 2593 5160 se
2621 5105 2850 5174 populus
2879 5122 2985 5162 non
3015 5106 3241 5172 distulit,
3272 5106 3674 5175 obsidibusque

2304 5198 2543 5255 Undenis
2569 5211 2668 5268 pro
2693 5213 2827 5268 pace
2851 5198 3012 5260 datis,
3037 5200 3141 5255 hoc
3165 5199 3454 5254 deditionis

2301 5287 2640 5345 Conﬁrmans
2668 5287 2875 5354 foedus,
2907 5305 3006 5358 per
3030 5298 3368 5345 sacramenta
3401 5287 3727 5360 spopondit,

2304 5382 2375 5438 Ut
2403 5380 2647 5447 Francis,
2679 5397 2861 5436 rerum
2890 5381 3124 5438 dominis
3147 5383 3199 5449 δ,
3231 5383 3460 5438 serviret
3478 5382 3539 5437 in
3567 5397 3800 5440 aevum.

2303 5473 2454 5528 Tunc
2479 5473 2707 5528 Romam
2729 5489 3009 5544 regressus
3029 5489 3216 5540 ovans,
3241 5474 3313 5529 ibi
3336 5483 3556 5544 pectore
3581 5473 3738 5532 laeto

2309 5564 2536 5619 Maxima
2564 5565 2797 5634 pascalis
2817 5565 3113 5622 celebravit
3141 5566 3334 5637 gaudia
3365 5563 3508 5620 festi.

2377 5743 2404 5780 ι’
2430 5740 2508 5796 Ex
2535 5739 2746 5812 Virgilii
2777 5738 2905 5796 .En.
2933 5759 2968 5807 I,
3013 5740 3136 5796 289.
