4026 6364
242 387 334 450 70l
553 389 803 445 ANNAL.
847 388 933 442 DE
973 384 1217 442 GESTIS
1252 384 1312 438 B.
1356 380 1601 439 CABOLI
1645 376 1856 433 MAGNI
1898 375 2075 430 LIBRI
2116 375 2178 430 Υ.
2220 405 2288 415 ——
2329 374 2486 428 VITA
2526 372 2795 428 CAROLI.
2832 402 2901 413 —
2938 373 3064 427 LIB.
3094 372 3156 426 II.
3394 370 3499 425 70')

703 505 853 556 Anno
878 499 1003 554 787.
1038 497 1229 552 India.
1260 497 1312 551 9.

249 600 427 658 Adhuc
452 592 710 650 Romulea
734 595 858 647 dum
881 607 972 645 rex
1003 589 1290 645 mansisset
1314 587 1367 641 in
1395 586 1548 650 urbe,

252 689 449 748 Tassilo
474 687 677 757 lcgmos
702 684 996 739 Adi-ianum
1028 680 1176 735 misit
1200 680 1265 732 ad
1296 676 1495 731 almum

251 781 578 843 Pontiﬁeem,
608 791 835 847 quorum
864 773 963 827 fuit
989 772 1166 825 Arnus
1190 770 1475 839 episcopus
1498 781 1654 829 unus,

256 875 419 929 Abhas
450 870 585 925 alter
612 875 729 922 erat
752 866 1021 921 Hunricus
1048 862 1262 917 nomine
1285 860 1480 922 dictus,

260 965 450 1019 Obnixe
474 960 735 1030 rogitans,
764 958 903 1011 idem
930 954 1195 1009 mediator
1223 960 1281 1005 ut
1306 959 1448 1005 esset

261 1058 392 1110 Inter
421 1069 478 1108 se
507 1059 561 1106 et
602 1048 849 1104 Carolum
879 1046 1029 1117 pacis
1055 1042 1285 1112 ﬁdeique
1307 1048 1589 1111 sequester
1611 1050 1658 1092 ι.

264 1146 363 1201 lloc
391 1142 615 1197 antistes
638 1137 964 1209 apostolicus
1001 1143 1151 1187 ratus
1173 1147 1291 1186 esse
1312 1129 1588 1193 decorum,

265 1236 325 1291 L't
356 1233 496 1288 Petri
529 1233 593 1285 de
623 1230 750 1284 sede
778 1242 932 1283 saera
961 1223 1247 1280 concordia
1274 1222 1421 1291 pacis

265 1328 570 1382 Rcstaurata
598 1321 752 1375 daret
790 1318 1017 1373 ducibus
1042 1314 1359 1386 populisque
1388 1313 1648 1382 quietem,

265 1420 517 1473 lnstantcr
547 1427 724 1482 regem
754 1410 909 1479 petiit
934 1408 1203 1477 deponere
1230 1413 1455 1460 cunctas

265 1508 418 1563 Corde
448 1503 769 1559 simultates.
802 1499 881 1553 Ad
907 1514 1010 1569 que
1040 1513 1160 1551 cum
1191 1505 1366 1551 mente
1390 1497 1621 1567 benigna

266 1598 542 1653 Annueret,
576 1591 729 1645 ducis
756 1590 823 1642 ab
855 1588 1036 1643 missis
1066 1585 1337 1655 inquirere
1367 1586 1565 1656 coepit,
1676 1572 1683 1578 ’

268 1684 433 1739 Pactio
466 1698 573 1752 quo
604 1696 860 1752 praesens
891 1688 1033 1733 esset
1067 1676 1329 1731 ﬁrmanda
1355 1685 1558 1730 tenore.

268 1774 436 1845 Legati
466 1770 597 1825 nihil
631 1771 932 1825 iniunctum
957 1768 1022 1822 de
1054 1784 1109 1822 rc
1139 1768 1239 1821 sibi
1270 1766 1383 1831 tali,

271 1869 363 1922 Sed
384 1867 594 1921 domino
626 1879 879 1934 responsa
913 1878 1027 1923 suo,
1062 1876 1199 1932 quae
1233 1876 1324 1915 rex
1358 1860 1509 1915 daret
1531 1870 1585 1913 et
1612 1873 1750 1927 quae

271 1956 472 2013 Praesul
503 1953 848 2024 apostolicus,
882 1960 1094 2005 tantum
1122 1950 1401 2005 referenda
1432 1949 1687 2002 fatentur.

271 2049 590 2116 Quapropter
614 2054 890 2113 tamquam
916 2042 1144 2105 fallacia,
1162 2040 1454 2109 fraudeqne
1474 2038 1630 2109 plena

270 2138 399 2207 Papa
423 2144 665 2191 sacratus
692 2148 785 2188 eos
812 2133 1013 2204 sprevit
1044 2132 1293 2186 mandata
1321 2129 1574 2194 ferentes,

270 2228 597 2284 Damnandos
627 2226 792 2281 etiam
819 2233 1063 2279 statuens
1101 2224 1449 2278 anathemate
1486 2222 1626 2286 diro,

273 2322 557 2376 Promissae
595 2319 792 2373 dudum
826 2316 946 2371 ﬁdei
980 2316 1024 2371 si
1060 2330 1310 2386 rumpere
1342 2314 1529 2368 foedus

274 2411 623 2482 Temptarent,
666 2408 807 2479 quod
840 2424 962 2461 cum
992 2406 1186 2461 Carolo
1215 2406 1467 2475 pepigere
1495 2402 1759 2458 volentes.

280 2504 455 2574 Sicque
482 2504 844 2572 relinquentes
874 2500 1070 2555 infecta
1104 2497 1317 2569 negotia
1346 2497 1520 2567 pacis,

280 2596 347 2652 Ad
366 2597 585 2667 patriam
610 2596 817 2649 rediere
842 2609 1013 2647 suam.
1043 2593 1179 2656 Rex,
1213 2591 1297 2645 his
1326 2603 1540 2659 quoque
1566 2586 1755 2659 gestis.

280 2685 587 2744 Francorum
618 2686 791 2739 laetus
823 2692 1158 2738 remeaverat
1183 2684 1236 2737 in
1272 2682 1567 2752 regionem,

285 2777 661 2846 Conciliumque
691 2777 883 2830 dehinc
914 2791 1198 2845 procerum
1226 2772 1478 2844 generale
1507 2788 1729 2827 suorum

291 2868 409 2923 Intra
430 2868 774 2923 Wurntaciae
810 2882 993 2921 muros
1025 2866 1259 2937 collegit,
1296 2872 1351 2919 et
1380 2864 1489 2919 illic

294 2959 535 3024 Decrevit,
568 2968 717 3013 certo
748 2975 854 3030 quo
885 2960 1120 3013 disceret
1146 2958 1536 3029 experimento.

292 3053 586 3109 litrumnam
613 3053 827 3107 sibimet
852 3060 1183 3107 memoratus
1211 3050 1419 3106 Tassilo
1445 3048 1604 3105 vellet

288 3142 499 3199 Iuratam
528 3157 744 3197 servare
776 3140 934 3195 ﬁdem
965 3141 1240 3195 subiectus
1263 3150 1316 3194 et
1341 3156 1481 3194 esse.

292 3236 427 3295 Unde
447 3252 540 3291 suo
568 3234 790 3307 populos
815 3250 979 3305 regno
1001 3234 1250 3303 perduxit
1280 3232 1346 3288 ad
1388 3246 1577 3286 omnes

290 3328 455 3384 Fortia
483 3337 659 3382 castra
690 3328 871 3391 nimis,
904 3325 1071 3380 ternis
1097 3325 1148 3378 in
1175 3324 1420 3394 partibus
1447 3324 1561 3392 ipsa

296 3420 593 3491 Disponens,
625 3419 857 3473 Baioarii
885 3435 991 3488 quo
1023 3427 1170 3472 tanta
1199 3424 1460 3487 paverent

298 3512 531 3581 Agmina;
564 3526 689 3566 nam
722 3518 931 3565 terrore
958 3509 1148 3580 magis,
1181 3524 1344 3577 quam
1372 3506 1631 3576 sanguine
1659 3506 1779 3561 fuso

301 3608 627 3664 Christicolae
656 3606 821 3662 voluit
847 3607 1021 3677 plebis
1047 3620 1305 3676 superare
1334 3612 1616 3659 tumorem.

301 3694 553 3767 Pippinus,
582 3697 725 3769 regis
761 3705 937 3760 natus,
965 3711 1088 3749 cum
1120 3694 1289 3749 milite
1328 3692 1498 3747 multo

301 3787 478 3845 Italicis
503 3791 622 3845 illuc
652 3788 817 3843 fultus
844 3787 1145 3858 legionibus
1167 3786 1299 3851 ibat,

302 3880 490 3953 Perque
514 3882 895 3937 Tredentinam
918 3896 1011 3935 sua
1044 3880 1272 3934 duxerat
1300 3877 1513 3946 agmina
1542 3874 1753 3929 vallem.

304 3972 389 4027 Ast
413 3973 684 4028 orientalis
712 3986 846 4041 quos
876 3971 1009 4025 haec
1037 3971 1088 4023 in
1118 3969 1317 4040 proelia
1345 3968 1493 4022 misit

304 4065 530 4133 Francia,
555 4066 799 4122 Saxones
824 4065 984 4120 etiam
1011 4073 1123 4118 tum
1156 4064 1306 4135 signa
1338 4070 1624 4132 sequentes

308 4156 471 4229 Regia,
504 4161 581 4215 sie
612 4160 763 4224 iussi,
791 4159 1058 4228 quendam
1084 4157 1351 4227 Pheringa
1381 4164 1631 4211 vocatum

307 4248 490 4304 Annali
514 4252 714 4321 petiere
739 4251 938 4313 locum,
964 4264 1130 4319 prope
1154 4248 1311 4301 litora
1334 4247 1512 4317 magni

310 4338 536 4406 Danubii,
568 4342 747 4411 prisco
774 4341 866 4411 qui
908 4340 1125 4394 nomine
1169 4339 1368 4393 dicitur
1395 4336 1595 4390 Hister.

307 4431 408 4501 Ipse
432 4449 589 4505 super
613 4433 904 4497 Lccchum,
936 4440 1118 4487 certus
1148 4431 1238 4500 qui
1273 4428 1536 4485 terminus
1564 4426 1738 4481 amnis

305 4523 392 4583 Est
416 4528 553 4581 inter
574 4526 853 4579 Baioarios
883 4540 983 4579 nec
1012 4541 1116 4578 non
1144 4523 1488 4584 Alamannos,

306 4618 452 4674 Urbis
477 4621 545 4676 ad
574 4619 846 4690 Augustae
874 4616 1104 4670 conﬁnia
1136 4622 1315 4670 castra
1345 4612 1563 4668 locavit.

304 4710 638 4783 Stipatusquc
664 4727 826 4764 manu
854 4709 1053 4774 valida,
1093 4724 1213 4763 cum
1252 4706 1443 4761 Norica
1476 4719 1659 4775 regna,

304 4800 500 4858 Tassilo
531 4817 671 4872 quae
698 4801 887 4863 tenuit,
920 4797 1064 4853 ferro
1090 4806 1435 4869 prosternere
1461 4793 1639 4855 vellet,

304 4892 541 4964 [Indique
567 4895 673 4948 dux
706 4894 845 4947 idem
876 4892 1291 4946 circumsessum
1314 4889 1342 4928 δ
1374 4887 1487 4942 fore
1514 4902 1631 4941 sese

304 4984 668 5056 Conspiciens,
695 4983 918 5052 supplex
948 4981 1081 5036 adiit
1108 4978 1335 5050 vestigia
1377 4978 1538 5048 regis,

232 5146 237 5149 _
302 5074 514 5131 Devotis
538 5075 705 5129 vitam
730 5074 979 5143 precibus
1003 5070 1322 5139 veniamque
1351 5074 1622 5139 precatus.

304 5167 397 5234 Qui
420 5170 545 5239 quia
579 5174 768 5222 natura
802 5165 975 5219 fuerat
1004 5163 1339 5227 mitissimus,
1375 5160 1469 5221 illi,

308 5258 465 5325 Quem
491 5258 706 5330 penitus
753 5257 955 5309 victum
979 5254 1111 5308 vidit
1137 5252 1521 5320 humilemque,
1554 5247 1815 5320 pepercit.

309 5346 538 5404 Foedera
561 5348 739 5417 prisca
769 5355 947 5400 tamen
972 5360 1157 5399 rursus
1184 5342 1558 5397 Baioariorum

311 5434 631 5503 Firmantur,
654 5436 852 5507 populo
879 5450 979 5507 per
1006 5442 1344 5489 sacramenta
1369 5440 1557 5488 coacto

378 5624 401 5652 ⁸
428 5610 724 5681 Sequeater.
755 5611 968 5675 Glossa,
999 5611 1339 5681 grieduuard.

381 5681 407 5722 δ
430 5680 860 5736 Circumsessum.
890 5680 1102 5747 GloSsa,
1133 5682 1412 5736 bisetenne.

383 5761 405 5789 ⁸
434 5750 613 5807 Obses.
640 5750 851 5815 Glossa,
876 5752 993 5819 (πεδί.

382 5820 406 5860 ἀ
450 5820 531 5876 An
582 5821 733 5891 fata?
775 5821 931 5878 Certe
978 5839 1240 5895 nusquam
1288 5822 1632 5877 Thcodonem
1674 5837 1887 5892 quoque

1847 490 1894 549 Α
1924 487 2245 557 Perpetuam
2267 488 2529 557 spondere
2559 485 2717 540 ﬁdem
2744 499 2836 539 seu
2861 484 3239 539 subditionem.

1919 577 2170 631 Prcterea
2196 579 2306 647 regi
2342 578 2619 632 duodenus
2650 576 2884 630 traditur
2910 576 3069 630 obses
3092 586 3139 629 ο.

1921 667 2323 737 chressusque
2352 668 2563 731 dehinc,
2594 666 2819 721 hiberno
2844 674 3084 735 tempore
3112 674 3228 721 toto

1925 757 2120 811 Mansit
2144 758 2195 811 in
2226 757 2609 827 lngulenheim,
2637 756 2793 810 sedes
2815 755 2905 809 ubi
2934 756 3078 825 regia
3107 754 3291 825 fulget.

2389 851 2539 902 Anno
2565 848 2687 904 788.
2726 847 2919 901 Indict.
2962 848 3047 901 IO.

1927 940 2059 995 Cum
2085 957 2177 996 rex
2207 942 2258 995 in
2286 942 2410 996 villa
2437 942 2552 995 ﬁeri
2585 942 2830 996 iussisset
2853 942 3041 996 eadem

1860 1072 1867 1079 .
1927 1032 2260 1087 Conventum
2287 1048 2569 1102 procerum
2603 1032 2883 1102 sollempni
2913 1046 3063 1087 more
3089 1046 3328 1092 suorum.

1930 1123 2063 1179 Cum
2092 1125 2309 1195 reliquis
2337 1127 2499 1180 etiam
2530 1124 2629 1179 fuit
2654 1125 2761 1180 illic
2787 1126 2997 1180 Tassilo
3026 1139 3299 1195 praesens.

1928 1214 2101 1281 Quem
2130 1216 2380 1286 proprius
2409 1216 2682 1285 quondam
2717 1216 2966 1287 populus,
2999 1217 3085 1272 cui
3114 1214 3344 1286 praefuit
3381 1215 3515 1286 ipse,

1931 1308 2260 1364 Criminibus
2289 1311 2499 1381 magnis
2527 1312 2934 1381 maiestatisque
2965 1322 3117 1367 reatu

1933 1398 2233 1466 Accusans,
2263 1404 2405 1472 regis
2431 1404 2627 1456 merito
2656 1412 3024 1459 commoverat
3052 1405 3215 1471 iram,

1935 1490 2186 1547 Obiciens
2212 1494 2406 1564 primo,
2433 1496 2577 1564 quod
2604 1494 2817 1550 foedere
2845 1495 3132 1550 deditionis

1935 1580 2211 1653 Negleeto,
2241 1601 2347 1654 quo
2376 1587 2678 1641 subiectum
2708 1602 2801 1641 seu
2829 1596 3048 1656 pectore
3080 1585 3241 1640 ﬁdum

1940 1672 2011 1729 Sc
2038 1674 2151 1731 fore
2184 1677 2400 1742 iuravit,
2430 1678 2585 1732 donis
2607 1679 2906 1748 crebroque
2932 1687 3121 1749 rogatu

1938 1761 2203 1836 lnstigans
2232 1767 2435 1830 Hunos,
2458 1768 2684 1822 Francis
2712 1769 2785 1822 ita
2812 1768 3014 1823 fecerat
3040 1769 3239 1831 hostes,

1868 1836 1916 1895 Β
1949 1856 2018 1912 Ut
2045 1858 2242 1913 vellent
2268 1860 2495 1930 sumptis
2526 1868 2742 1915 vastare
2773 1859 3025 1915 ferociter
3054 1862 3222 1916 armis

1945 1947 2163 2003 Illorum
2194 1948 2327 2003 ﬁnes
2351 1949 2710 2020 Carolumque
2741 1951 3005 2005 lacessere
3031 1951 3189 2006 bello.

1948 2038 2075 2093 Eius
2103 2049 2162 2093 ut
2190 2041 2292 2094 hoe
2324 2040 2523 2095 faceret
2554 2041 2859 2113 Leutherga
2891 2051 3135 2097 suaserat
3161 2057 3318 2107 uxor,

1947 2131 2096 2198 Quae
2122 2132 2379 2187 Desiderii
2411 2132 2587 2187 fuerat
2616 2136 2740 2203 quia
2774 2134 2881 2189 ﬁlia
2915 2137 3077 2205 regis,

1946 2226 2074 2281 Post
2104 2227 2274 2296 patris
2302 2226 2522 2281 exilium
2554 2226 2777 2282 Francis
2805 2228 3022 2283 inimica
3048 2228 3329 2293 manebat,

1948 2316 2330 2385 Foemineique
2359 2332 2553 2387 gerens
2576 2318 2683 2373 odii
2714 2319 2815 2372 sub
2844 2327 3060 2388 pectore
3088 2319 3354 2383 flammas,

1950 2406 2160 2462 Mittere
2191 2408 2294 2461 iam
2322 2409 2547 2479 populos
2578 2410 2629 2463 in
2657 2425 2865 2463 summa
2892 2410 3129 2480 pericula
3160 2424 3327 2481 prava

1951 2497 2187 2554 Consilio
2217 2499 2443 2565 studuit,
2476 2516 2582 2555 non
2613 2516 2834 2566 curans,
2863 2502 3121 2572 sanguine
3150 2510 3354 2572 quanto

1952 2588 2179 2643 Humani
2209 2590 2423 2661 generis
2450 2590 2590 2656 fuso,
2619 2602 2752 2662 quot
2781 2593 3056 2663 utrimque
3086 2592 3327 2664 perirent

1952 2680 2117 2746 Milia,
2145 2681 2270 2736 dum
2303 2691 2511 2736 tantum
2539 2682 2763 2737 Francis
2792 2682 2992 2739 inferre
3022 2684 3237 2739 labores

1952 2772 2220 2828 Bellorum
2252 2782 2500 2844 satagens
2528 2791 2628 2829 nec
2659 2791 2764 2829 non
2794 2776 3071 2846 dispendia
3096 2793 3297 2841 rerum,

1956 2863 2154 2919 Ulcisci
2186 2876 2396 2934 patrem
2430 2865 2519 2918 tali
2552 2868 2761 2921 ratione
2791 2867 3015 2921 valeret.

1954 2954 2241 3011 Praeterea
2268 2957 2425 3011 dictis
2451 2970 2546 3010 seu
2584 2956 2741 3013 factis
2770 2959 3015 3029 pluribus
3044 2959 3116 3013 illi

1955 3049 2212 3113 Obiectis,
2257 3051 2453 3119 quibus
2501 3052 2699 3110 indicio
2747 3052 3223 3122 clarebataperto,

1957 3140 2112 3208 Quod
2141 3141 2335 3196 violata
2366 3143 2498 3198 ﬁdes
2526 3153 2689 3209 esset,
2716 3145 2858 3214 quod
2888 3144 3105 3200 foedere
3132 3154 3314 3216 spreto

1968 3193 2111 3208 ,νη
2367 3193 2496 3198 --ς--ς
2532 3193 2689 3209 ν---Ἶ
2720 3193 2858 3214 ιι--η
2888 3193 3062 3199 ηνπ-

1879 3193 1926 3255 c
1963 3232 2169 3288 Tassilo
2199 3234 2414 3289 molitus
2445 3234 2607 3289 fuerit
2637 3236 2909 3290 contraria
2942 3236 3076 3305 regi,

1960 3325 2075 3396 Ipse
2106 3326 2237 3379 nihil
2268 3327 2462 3380 borum
2491 3326 2575 3380 vel
2606 3335 2858 3398 coeperat
2884 3326 3112 3382 inﬁciari

1960 3416 2059 3472 Vel
2088 3426 2319 3486 poterat,
2348 3417 2440 3471 sed
2467 3419 2747 3472 convictus
2770 3434 2960 3481 noxae,
2991 3418 3207 3488 capitali

1962 3508 2296 3577 Dampnatur
2324 3524 2516 3578 poena.
2554 3508 2741 3563 Merito
2771 3510 2847 3564 sic
2876 3509 3055 3563 evenit
3083 3509 3181 3575 illi,

1963 3598 2256 3655 Consilium
2287 3598 2532 3669 quisquis
2557 3598 2720 3653 fuerit
2753 3600 3010 3657 muliebre
3031 3609 3268 3655 secutus.

1963 3690 2033 3745 At
2074 3690 2217 3761 regis
2247 3691 2421 3759 pietas
2451 3691 2799 3760 dampnatum
2840 3692 3087 3763 protinus
3122 3689 3268 3746 illutn

1964 3779 2226 3845 Absolvit,
2259 3780 2543 3835 retrahens
2570 3782 2684 3850 ipso
2715 3781 2780 3836 de
2809 3780 2991 3836 limine
3022 3782 3232 3847 mortis,

1968 3873 2035 3929 Et
2060 3872 2264 3929 factum
2297 3876 2620 3929 monachum
2647 3891 2863 3932 servare
2898 3878 3279 3933 monasterialc

1966 3965 2307 4037 Pr0positum
2336 3968 2510 4023 iussit.
2541 3969 2752 4024 Iuvenis
2778 3984 2992 4039 quoque
3020 3980 3179 4027 natus
3204 3972 3273 4027 ab
3301 3972 3412 4036 illo.

1968 4056 2174 4113 Nomen
2204 4058 2407 4114 habens
2434 4060 2674 4126 Thcolo,
2707 4062 2965 4131 genitoris
2993 4062 3137 4119 facta
3162 4062 3186 4103 δ
3217 4073 3455 4129 secutus.

1969 4148 2429 4221 Contemplativae
2459 4164 2771 4224 susceperat
2803 4156 2912 4210 otia
2940 4156 3103 4212 vitae.

1968 4242 2037 4296 At
2067 4259 2197 4297 vero
2226 4242 2386 4309 Iluni,
2422 4247 2614 4301 studiis
2643 4264 2775 4318 gens
2817 4264 3008 4318 aspera
3048 4250 3193 4311 belli,

1971 4336 2218 4392 Praefato
2245 4339 2509 4409 promissa
2536 4340 2655 4393 duci
2689 4340 2957 4411 complere
2986 4343 3282 4398 studentes.

1970 4428 2253 4484 Instructis
2283 4430 2613 4485 exercitibus
2643 4448 2869 4501 coepere
2899 4432 3111 4488 duobus

1900 4536 1953 4598 ι)
1978 4520 2312 4576 Francorum
2342 4522 2488 4591 regni
2522 4522 2655 4577 ﬁnes
2682 4526 2933 4580 invadere
2960 4525 3243 4595 quosdam.

1979 4614 2162 4668 Italiae
2187 4624 2368 4685 partes
2394 4632 2560 4670 unum
2584 4627 2961 4687 penetraverat
2983 4632 3197 4689 agmen,

1979 4706 2204 4776 Quaque
2232 4705 2372 4761 Foro
2400 4722 2592 4762 nomen
2622 4708 2847 4763 dederas
2872 4707 3170 4763 clarissime
3193 4705 3313 4772 Iuli,

1980 4799 2143 4854 Urbis
2170 4798 2236 4852 ad
2260 4799 2502 4853 eiusdem
2541 4798 2772 4853 conﬁnia
2801 4806 3026 4853 venerat
3051 4796 3243 4853 hostis.

1977 4888 2177 4943 Invasit
2200 4889 2478 4944 Baioarios
2505 4891 2774 4945 exercitus
2800 4889 2956 4955 alter,

1982 4982 2087 5035 Sed
2119 4980 2317 5035 frustra
2347 4996 2361 5035 :
2393 4991 2538 5037 totus
2567 4983 2817 5052 quoniam
2846 4990 3070 5037 conatus
3090 4982 3266 5037 inanis

1980 5073 2030 5128 Is
2060 5072 2259 5137 fuerat,
2300 5073 2531 5142 victique
2562 5073 2678 5130 loco
2706 5075 2970 5129 ceduntur
2992 5082 3240 5145 utroque.

1985 5165 2080 5219 llis
2105 5180 2319 5235 quoque
2349 5166 2679 5235 temporibus
2704 5165 3001 5223 Grecorum
3031 5167 3208 5222 nobile
3240 5167 3377 5223 rexit

1986 5257 2271 5328 Imperium
2295 5256 2702 5324 Constantinus,
2733 5260 2823 5329 qui
2853 5260 3164 5331 splendidus
3190 5270 3313 5317 ortu

1989 5351 2211 5406 Debitns
2234 5352 2477 5421 angustis
2498 5353 2743 5421 patribus
2764 5362 3100 5409 successerat
3127 5354 3306 5409 heres.

1992 5441 2093 5510 Qui
2128 5442 2233 5496 iam
2258 5442 2517 5512 preterito
2545 5443 2723 5497 missis
2752 5452 3002 5499 oraverat
3028 5460 3169 5501 anno

1993 5622 2310 5692 proditionis
2340 5617 2910 5692 insimulatumfuisse
2928 5619 3201 5692 reperias;
3250 5618 3294 5671 si
3321 5617 3573 5692 factore;

1993 5685 2177 5747 iinere'
2207 5692 2358 5757 velis,
2408 5707 2474 5748 eo
2507 5692 2628 5745 vita:
2678 5689 2943 5745 clericalis
2987 5685 3570 5757 electioncm’intelligi

1993 5770 2223 5833 oportet.
