4026 6364
621 355 716 409 7⁸³5

618 466 856 538 Legatis,
893 473 953 521 ut
981 479 1041 522 se
1077 478 1332 536 generum
1360 461 1626 534 dignantis
1664 460 1865 516 habere

620 558 928 626 Susciperet
955 563 1137 610 natam
1165 552 1340 608 Caroli
1364 552 1466 606 sibi
1494 548 1906 607 consociandam

617 649 859 705 Foedera
887 645 1119 716 coniugii
1149 663 1162 699 :
1193 644 1286 699 sed
1317 658 1439 712 spes
1465 642 1721 696 frustrata
1747 649 2018 711 petentum

619 739 768 795 More
787 737 936 792 leves
961 736 1117 792 solito
1143 733 1344 790 Greeos
1379 733 1667 787 commovit
1698 733 1750 786 in
1781 733 1936 786 iram.

620 828 756 884 Hinc
775 828 921 882 dedit
946 834 1172 896 augusto
1201 825 1403 895 pariter
1426 839 1521 878 sua
1549 824 1696 879 curia
1722 823 1822 877 tale

617 920 932 983 Consilium,
955 918 1166 987 penitus
1185 931 1292 984 quo
1313 931 1417 970 non
1445 922 1720 985 pateretur
1744 913 1989 977 inultum,

619 1010 771 1078 Quod
797 1025 891 1065 rex
919 1007 1240 1078 contempsit
1265 1007 1492 1062 Carolus
1517 1014 1792 1076 praestare
1825 1006 2022 1076 petitos

618 1104 854 1174 Virginis
877 1102 1153 1172 amplexus
1181 1101 1276 1163 illi,
1306 1099 1393 1155 cui
1420 1114 1628 1154 summa
1656 1107 1894 1168 potestas

619 1194 895 1249 Mortalem
924 1195 1012 1248 vix
1040 1209 1160 1249 esse
1187 1208 1372 1263 parem
1398 1193 1737 1262 permitteret
1770 1190 1955 1245 ullum.

617 1283 698 1338 0b
726 1285 827 1338 hoc
855 1282 1146 1353 praefecto,
1174 1284 1262 1338 cui
1289 1297 1582 1354 procurare
1613 1282 1834 1336 Sicanas

616 1373 858 1430 Oﬂieium
891 1373 1064 1428 fuerat
1089 1375 1350 1446 regiones,
1384 1377 1597 1430 nomine
1625 1377 1768 1430 dicto

616 1465 921 1530 Theodoro,
949 1465 1146 1520 iunctis
1174 1465 1398 1520 ducibus
1419 1481 1629 1535 quoque
1651 1465 1892 1536 pluribus
1912 1466 2012 1532 illi,

617 1554 730 1609 Hoc
759 1569 894 1624 opus
921 1555 1099 1610 edicto
1128 1557 1477 1611 mandaverat
1505 1555 1800 1624 imperiali,

618 1644 689 1701 Ut
714 1646 814 1700 sibi
844 1646 1121 1717 contiguas
1150 1655 1389 1701 vastaret
1416 1647 1662 1716 protinus
1691 1662 1819 1702 oras

619 1733 791 1806 Regni
820 1735 1148 1791 Francorum
1169 1777 1182 1802 ,
1216 1738 1293 1792 sic
1323 1738 1589 1792 incentiva
1619 1738 1823 1793 moveri

615 1825 914 1894 Disponens
940 1826 1063 1881 belli
1093 1827 1361 1898 generalis
1385 1828 1729 1897 suscipiendi.

617 1915 724 1972 Sed
751 1933 873 1972 cum
902 1917 1167 1988 primores
1195 1917 1322 1973 Grai
1350 1919 1451 1972 sibi
1485 1918 1627 1972 iussa
1658 1918 1850 1982 secuti,

615 2005 930 2076 Hesperium
959 2007 1082 2062 litus
1110 2006 1234 2063 forti
1264 2024 1385 2063 cum
1421 2008 1592 2063 classe
1619 2009 1878 2078 petissent

619 2095 690 2152 Ut
716 2096 1090 2152 Beneventane
1118 2098 1273 2153 villas
1300 2099 1534 2170 regionis
1563 2109 1618 2154 et
1649 2099 1813 2154 urbes

615 2189 1080 2262 Depopularentur
1108 2193 1251 2250 ferro
1281 2194 1601 2264 ﬂammaque
1629 2195 1837 2260 voraci,

615 2277 916 2336 Occurrere
943 2281 1106 2338 duces
1131 2282 1332 2349 Caroli,
1365 2284 1559 2352 quibus
1589 2284 1676 2339 illa
1702 2286 1840 2340 tueri

613 2366 755 2423 Cura
782 2367 882 2424 fuit
907 2369 1046 2435 loca,
1079 2372 1366 2443 praecipue
1395 2371 1718 2437 Grimoldus,
1755 2375 1806 2428 in
1845 2373 1962 2444 ipso

613 2457 730 2514 Dux
765 2475 906 2515 anno
935 2459 1111 2516 factus
1139 2470 1290 2532 patre
1318 2478 1415 2534 pro
1450 2462 1702 2518 defuncto
1740 2461 1986 2534 Aragiso,

613 2549 724 2607 Nec
751 2568 856 2607 non
881 2552 1082 2624 Spoleti
1113 2563 1292 2610 rector
1321 2571 1444 2610 cum
1473 2555 1641 2612 milite
1671 2556 1839 2611 multo

612 2641 996 2700 llildibrandus
1025 2645 1092 2699 ad
1119 2647 1220 2702 hoc
1245 2647 1439 2702 bellum
1468 2648 1791 2718 properabat
1817 2647 2105 2718 agendum.

611 2733 852 2804 Cumque
882 2751 1049 2790 novos
1075 2735 1257 2790 hostes
1281 2737 1474 2807 opibus
1498 2752 1828 2806 numeroque
1850 2747 2093 2807 potentes

615 2823 826 2893 Ignotos
853 2824 1031 2896 lingua
1060 2825 1288 2880 celebris
1315 2827 1418 2880 iam
1447 2826 1586 2880 fama
1618 2825 1842 2882 referret

612 2911 962 2978 Adventasse,
985 2914 1150 2968 maris
1180 2916 1404 2970 traiecto
1427 2917 1635 2986 gurgite
1659 2924 1832 2981 vasto,

617 2999 852 3058 Urbibus
876 3003 1073 3058 ltalicis
1098 3018 1164 3058 ex
1193 3005 1436 3074 pluribus
1461 3022 1608 3063 arma
1639 3008 1809 3063 suasit

612 3095 779 3151 Obvia
808 3093 950 3150 ferre
971 3096 1116 3152 viros
1142 3097 1441 3152 coniunctis
1473 3099 1679 3154 viribus
1697 3115 1882 3156 omnes

617 3187 688 3244 Ut
707 3185 807 3241 sibi
833 3187 1173 3242 consulerent
1195 3190 1557 3258 praedonibus
1586 3191 1708 3246 inde
1734 3193 1979 3262 repulsis.

613 3275 732 3344 Quo
757 3286 903 3332 motu
931 3292 1151 3347 prorsus
1179 3295 1436 3334 concussa
1465 3279 1711 3336 Calabria
1740 3291 1850 3337 tota

614 3368 714 3422 Vix
747 3383 998 3437 umquam
1027 3369 1199 3424 fertur
1223 3371 1424 3426 similes
1446 3381 1684 3441 spectata
1717 3374 1976 3428 tumultus
1999 3388 2048 3438 ο,

611 3457 670 3512 ln
701 3475 806 3528 qua
839 3460 1142 3514 conseritur
1169 3476 1341 3532 pugne
1369 3472 1642 3518 certamen
1665 3463 1952 3532 utrimque.

611 3550 817 3621 ingenti
847 3551 1023 3606 studio
1045 3554 1206 3608 sumit
1234 3569 1361 3623 pars
1388 3554 1523 3609 iusta
1555 3556 1856 3624 tropheum.

611 3641 987 3698 CeditAchiva
1015 3644 1226 3711 cohors,
1267 3645 1505 3700 Danaum
1543 3647 1670 3702 dant
1697 3656 1846 3718 terga
1877 3648 2188 3721 phalanges,

612 3732 906 3788 Grecorum
934 3737 1190 3804 quoniam
1223 3751 1436 3806 semper
1461 3752 1593 3809 gens
1624 3747 1842 3795 strenua
1873 3739 2068 3811 lingua,

611 3819 771 3892 Pigra
803 3837 983 3886 manu,
1017 3832 1220 3878 tantum
1253 3823 1424 3880 facilis
1455 3827 1589 3882 solet
1609 3844 1728 3882 esse
1754 3828 2046 3892 movendis,

613 3909 719 3964 Sed
747 3913 880 3966 bene
904 3913 1199 3968 tractandis
1226 3915 1366 3968 haud
1401 3924 1548 3968 extat
1577 3917 1766 3971 idonea
1799 3917 1966 3971 bellis.

611 3998 858 4055 Victores
885 4001 1047 4070 igitur
1063 4001 1238 4058 Caroli
1265 4004 1470 4059 rediere
1496 4004 1698 4070 ﬁdeles,

612 4089 868 4146 Hostibus
889 4091 1185 4148 innumeris
1209 4094 1410 4159 caesis;
1443 4095 1636 4162 praeda
1664 4110 1876 4165 quoque
1904 4095 2066 4150 multa

612 4180 680 4235 Et
709 4182 1041 4251 captivorum
1068 4185 1224 4239 turba
1254 4199 1348 4239 sua
1374 4193 1552 4239 castra
1584 4184 1873 4254 replentes,

609 4273 828 4344 Absque
857 4274 1005 4342 gravi
1031 4274 1264 4344 dampno
1287 4291 1536 4347 magnum
1566 4291 1756 4348 cepere
1789 4278 2137 4350 triumphum.

612 4367 748 4423 Tum
773 4367 1076 4424 Baioariam
1107 4384 1165 4424 se
1191 4369 1415 4424 contulit
1442 4370 1493 4423 in
1525 4371 1795 4441 regionem

611 4459 728 4515 Rex
759 4459 1004 4526 Carolus,
1030 4460 1344 4530 cunctisque
1367 4461 1477 4516 suis
1503 4479 1624 4516 cum
1650 4463 1844 4518 ﬁnibus
1867 4464 2032 4534 ipsam

611 4551 909 4622 Disponens
937 4553 1332 4608 commendavit
1355 4554 1654 4609 rectoribus
1675 4554 1832 4622 aptis.

610 4641 680 4699 Et
707 4643 918 4699 rediens
945 4643 998 4698 in
1029 4642 1370 4713 Aquisgrani,
1398 4659 1556 4713 quam
1584 4645 1818 4699 condidit
1841 4645 1952 4714 ipse

610 4731 800 4786 Aulam
825 4732 1184 4804 magniﬁcam,
1217 4733 1432 4788 sibimet
1457 4733 1762 4804 gratissima
1792 4732 1925 4787 festa

612 4818 815 4876 Natalis
836 4822 1065 4888 Domini,
1092 4833 1338 4878 sanctum
1367 4839 1581 4894 quoque
1605 4825 1802 4894 pascha
1825 4824 2049 4893 peregit.

1086 4917 1235 4969 Anno
1263 4916 1386 4972 789.
1421 4915 1616 4969 Indici.
1648 4915 1731 4969 11.

613 5004 757 5059 Gens
780 5013 862 5059 est
883 5003 1163 5060 Slavorum
1197 5005 1344 5060 Wilti
1375 5007 1689 5075 cognomine
1711 5007 1872 5070 dicta,

613 5093 863 5148 Proxima
887 5094 1132 5150 litoribus
1158 5110 1261 5164 quc
1288 5097 1524 5165 possidet
1546 5112 1670 5150 arva
1696 5097 1976 5166 supremis,

613 5183 785 5253 lungit
820 5185 908 5239 ubi
928 5201 1130 5240 oceano
1155 5186 1402 5254 proprios
1421 5185 1708 5241 Germania
1735 5185 1886 5242 ﬁnes.

614 5273 759 5330 llaec
779 5274 1000 5331 Francis
1024 5277 1236 5331 inimica
1261 5277 1421 5332 nimis
1455 5294 1581 5334 cum
1609 5287 1848 5347 tempore
1874 5278 2042 5334 multo

613 5365 792 5431 Esset,
826 5367 906 5421 eis
933 5368 1014 5421 vel
1041 5369 1310 5426 subiectos
1340 5371 1421 5424 vel
1453 5370 1668 5425 foedere
1696 5371 1906 5426 iunctos

615 5455 929 5513 Sclavorum
955 5459 1181 5529 populos
1202 5462 1416 5515 sibimet
1437 5463 1652 5532 regione
1680 5463 2006 5534 propinquos

615 5544 888 5602 lnsectans
911 5548 1068 5614 odiis,
1094 5549 1233 5605 bello
1257 5566 1469 5621 quoque
1495 5567 1617 5622 sepe
1638 5555 1932 5623 premebat.

617 5649 620 5652 ’
687 5671 706 5696 ι·
748 5659 792 5735 1.,
830 5658 1038 5735 Similes
1080 5670 1331 5735 specique
1356 5662 1569 5735 mullus.
1622 5663 1676 5729 2,
1727 5663 1920 5719 similes
1935 5678 2183 5735 suspecta

613 5729 880 5782 tumui'ms.
915 5728 1024 5800 Ego
1044 5728 1251 5785 nonnisi
1283 5732 1466 5787 ultima
1499 5728 1842 5804 vocisrspecla
1872 5728 2074 5804 syllaba
2099 5751 2182 5788 reo

1963 346 2207 404 ΡΟΕΤεΕ
2247 341 2537 400 SAXONIS

2247 341 2537 400 SAXONIS
3751 338 3834 395 701

2209 461 2262 519 Α
2287 453 2395 508 Nec
2418 452 2590 522 potuit
2619 449 2845 506 tolerare
2865 449 2956 506 diu
2980 451 3081 505 hoc
3101 449 3317 505 inclitus
3346 449 3562 513 archos,

2289 543 2394 599 Sed
2413 541 2622 613 populis
2647 557 2827 597 secum
2853 542 3016 596 variis
3042 540 3356 611 legioncque
3381 538 3550 592 multa

2283 633 2592 701 Assumpta,
2623 639 2836 702 gentem
2858 631 3062 685 studuit
3087 639 3371 699 penetrare
3395 643 3699 698 procacem.

2285 722 2382 778 Cui
2408 738 2501 792 per
2529 722 2800 777 Saxonum
2829 729 3002 776 terras
3032 723 3134 775 iter
3153 720 3292 775 istud
3317 719 3498 790 agenti

2283 811 2438 868 Albia
2473 813 2796 867 traiciendas
2819 820 2937 866 erat
2964 811 3259 866 latissimus
3287 811 3482 864 amnis.

2283 904 2396 959 lllic
2419 904 2755 966 immensum,
2785 902 2976 972 positis
3005 901 3262 955 in'littore
3295 900 3509 963 castris,

2286 996 2382 1051 Est
2409 1012 2542 1066 opus
2566 1009 2868 1065 aggressus,
2893 993 3055 1049 celeri
3082 993 3220 1062 quod
3253 992 3357 1045 ﬁne
3382 993 3607 1060 peregit.

2285 1087 2418 1142 Nam
2447 1087 2659 1158 gemino
2689 1086 2878 1141 stravit
2903 1101 3062 1155 quam
3087 1074 3319 1138 maxima
3347 1091 3510 1152 ponte
3535 1080 3742 1146 ﬂuenta,

2285 1177 2353 1233 Et
2375 1186 2534 1244 caput
2564 1177 2733 1245 ipsius
2766 1175 2905 1230 vallo
2934 1174 3164 1228 munivit
3185 1181 3494 1242 utrumque,

2287 1269 2568 1338 lmponens
2592 1276 2646 1322 et
2670 1267 3019 1336 praesidium,
3044 1283 3112 1320 ne
3141 1264 3278 1320 forte
3298 1278 3542 1334 regresso

2287 1359 2419 1426 Quis
2446 1360 2735 1428 prohibere
2760 1359 2902 1412 viam
2931 1373 3094 1428 super
3122 1357 3232 1411 alto
3256 1355 3473 1412 ﬂumine
3503 1365 3735 1422 stratam,

2287 1450 2576 1519 Lignorum
2602 1459 2754 1519 rupta
2777 1449 2952 1520 fragili
2975 1463 3253 1520 compage,
3280 1449 3501 1502 valeret.

2288 1539 2428 1594 Exin
2457 1539 2744 1593 \Viltorum
2769 1539 2796 1578 ιι
2825 1546 2996 1593 terras
3027 1538 3297 1591 invaserat
3327 1552 3484 1591 amne

2291 1630 2653 1694 Transmisso,
2677 1644 2810 1698 quas
2843 1645 2964 1685 cum
2990 1627 3134 1684 ferro
3159 1635 3393 1684 vastaret
3418 1636 3474 1682 et
3501 1628 3634 1698 igni,

2292 1720 2638 1775 Barbaricum
2662 1719 2839 1774 subito
2867 1719 3072 1774 domuit
3096 1725 3299 1772 terrore
3326 1725 3615 1772 tumorem.

2219 1801 2265 1861 B
2295 1807 2532 1877 Denique
2557 1799 2882 1862 FranCorum
2907 1805 3089 1860 multis
3112 1807 3201 1860 ubi
3232 1813 3411 1859 castra
3431 1803 3630 1859 referta

2292 1898 2637 1969 Conspiciunt
2668 1897 2878 1967 populis
2901 1895 3070 1957 Wilti,
3102 1895 3392 1950 fortissima
3419 1897 3664 1964 quamvis

2292 1985 2435 2042 Gens
2462 1985 2599 2040 foret
2623 1993 2675 2039 et
2703 1997 2925 2039 numero
2950 1983 3172 2052 pollens,
3204 1983 3503 2037 certamina
3524 1983 3647 2040 belli

2291 2074 2622 2132 Omnimodis
2655 2075 2864 2146 fugiens
2893 2088 2951 2129 se
2978 2075 3178 2130 dedidit
3203 2074 3326 2129 ilico
3351 2075 3485 2144 regi,

2289 2167 2538 2238 Inprimis
2565 2183 2660 2221 rex
2684 2167 2993 2236 Dragawiti,
3021 2181 3180 2235 quem
3209 2166 3387 2221 nobile
3412 2166 3620 2221 clarum

2289 2256 2426 2312 Prae
2453 2255 2672 2326 reliquis
2701 2255 2827 2312 fecit
2845 2272 3012 2326 genus
3031 2265 3086 2310 et
3112 2256 3374 2311 maturior
3401 2264 3574 2312 aetas.

2289 2345 2532 2416 Namque
2560 2347 2943 2417 propinquaret
2967 2361 3091 2401 cum
3121 2361 3216 2400 rex
3239 2346 3380 2402 illius
3399 2347 3469 2402 ad
3493 2348 3702 2412 urbem,

2290 2435 2494 2492 Obvius
2527 2437 2639 2507 ipse
2661 2453 2757 2492 suo
2791 2436 2989 2506 pariter
3008 2444 3343 2505 processerat
3363 2437 3510 2491 omni

2290 2526 2662 2598 Cum‘populo,
2692 2525 2866 2582 Caroli
2889 2541 3008 2580 sese
3039 2525 3256 2580 tradens
3285 2525 3504 2581 dicioni.

2291 2621 2381 2675 Sic
2403 2637 2615 2690 quoque
2642 2637 2762 2676 cum
2791 2621 3012 2676 ducibus
3041 2634 3171 2689 gens
3197 2627 3248 2673 et
3276 2619 3604 2688 primoribus
3635 2620 3718 2674 illa

2289 2708 2491 2764 Cuncta
2520 2709 2630 2764 suis
2656 2709 2973 2763 servituram
2996 2723 3053 2762 se
3074 2716 3252 2763 mente
3279 2706 3421 2785 ﬁdeli.

2289 2798 2618 2854 Francorum
2649 2799 2881 2854 dominis
2903 2799 3036 2853 dans
3059 2799 3356 2853 iuramenta
3377 2794 3682 2868 spopondit.

2290 2889 2425 2944 Tum
2451 2906 2545 2944 rex
2573 2889 2848 2945 obsidibus
2871 2905 3006 2958 quos
3037 2890 3266 2944 iusserat
3292 2890 3406 2959 ipse
3431 2889 3680 2958 receptis,

2289 2980 2356 3035 Et
2379 2980 2536 3036 simul
2560 2981 2660 3036 hoc
2680 2981 2872 3050 populo
2909 2980 2998 3034 tali
3037 2981 3239 3035 ratione
3262 2981 3502 3045 subacto,

2291 3075 2529 3131 Tramite
2551 3092 2656 3145 quo
2679 3077 2825 3131 venit
2854 3084 3207 3130 memoratum
3230 3090 3416 3130 rursus
3440 3075 3510 3130 ad
3537 3089 3739 3130 amnem

2212 3172 2262 3235 ο
2292 3166 2459 3221 Felici
2487 3183 2645 3221 cursu
2669 3167 2844 3231 rediit,
2874 3167 3187 3234 cuncti-que
3209 3165 3441 3219 reductis

2289 3255 2394 3310 Per
2413 3265 2626 3325 pontem
2657 3257 2885 3326 propriis
2910 3254 3224 3326 legionibus,
3252 3255 3364 3324 ipse
3386 3268 3634 3308 reversus

2290 3344 2586 3401 Wormatia
2617 3354 2826 3418 tempus
2847 3346 3038 3400 hiemis
3062 3345 3318 3415 transegit
3341 3344 3394 3398 in
3427 3343 3582 3399 urbe.

2754 3459 2899 3513 Anno
2934 3459 3057 3513 790.
3089 3457 3282 3512 Indici.
3313 3457 3399 3513 12.

2292 3554 2389 3609 [hic
2415 3553 2573 3609 modo
2594 3553 2741 3608 Musa
2770 3567 2959 3606 novam
2992 3551 3168 3606 Caroli
3199 3552 3451 3620 deprome
3475 3549 3720 3619 quietem.

2291 3645 2385 3699 Est
2421 3645 2507 3699 hic
2531 3645 2737 3713 primus
2757 3643 2896 3696 enim
2923 3650 3203 3710 postquam
3234 3649 3551 3711 regnaverat
3575 3655 3754 3699 annus,

2289 3734 2406 3802 Quo
2432 3751 2536 3790 non
2565 3751 2686 3790 cum
2720 3735 2952 3804 propriis
2981 3733 3119 3788 foret
3143 3733 3194 3786 in
3229 3733 3516 3803 longinqua
3537 3732 3791 3802 profectus

2291 3825 2568 3892 Militibus,
2597 3841 2688 3881 seu
2721 3826 2962 3879 diversos
2982 3834 3042 3878 ut
3069 3833 3337 3880 sterneret
3365 3825 3567 3888 hostes,

2277 3922 2396 3970 Aut
2419 3917 2538 3970 aliis
2563 3930 2775 3986 quoque
2794 3930 2892 3984 pro
2914 3915 3090 3970 causis
3117 3929 3179 3969 ac
3204 3916 3363 3970 rebus
3383 3913 3621 3984 agendis.

2289 4004 2386 4060 Cui
2411 4020 2532 4060 cum
2563 4005 2894 4060 Wormatiac
2926 4003 3141 4059 tandem
3170 4005 3407 4058 residere
3433 4004 3638 4070 liceret,

2289 4095 2398 4150 lllic
2425 4095 2700 4149 Hunorum
2723 4095 2915 4149 missos
2945 4094 3166 4158 audivit,
3193 4094 3260 4147 ad
3281 4093 3398 4148 illos

2288 4185 2404 4255 lpse
2429 4201 2554 4240 suos
2579 4185 2739 4239 etiam
2768 4185 2915 4239 misit
2945 4199 2960 4238 :
2989 4199 3113 4238 nam
3133 4183 3368 4237 maxima
3394 4197 3557 4238 causa

2289 4275 2398 4330 Hos
2420 4275 2558 4330 inter
2578 4275 2798 4344 populos
2817 4274 2963 4330 litem
2986 4274 3274 4328 commovit
3295 4281 3552 4338 atrocem,

2291 4364 2426 4419 Dum
2453 4381 2560 4435 quo
2581 4354 3125 4436 regnorum'conﬁnia
3155 4372 3301 4418 certa
3326 4378 3546 4418 suorum

2291 4457 2422 4512 Esse
2448 4457 2564 4512 loco
2592 4458 2760 4513 veteri
2787 4457 3044 4512 deberent
3068 4457 3184 4512 iure
3216 4464 3437 4523 statuta,

2215 4520 2268 4579 Ῐ)
2289 4545 2495 4617 lugenti
2521 4546 2697 4602 studio
2719 4547 3108 4616 disceptaretur
3131 4547 3423 4616 utrimque.

2291 4637 2432 4692 llaec
2459 4646 2516 4691 et
2537 4638 2689 4708 origo
2718 4637 2818 4692 fuit
2843 4637 2986 4702 belli,
3014 4638 3154 4708 quod
3182 4637 3467 4708 posteriori

2290 4729 2552 4799 Tempore
2573 4745 2695 4784 cum
2722 4728 2891 4783 llunis
2914 4727 3104 4782 Franci
3128 4730 3357 4800 gessisse
3381 4728 3694 4798 probantur.

2289 4819 2396 4875 Sed
2421 4836 2513 4873 rex
2540 4835 2638 4875 nec
2669 4821 2898 4890 spatium
2925 4829 3136 4890 torpere
3165 4835 3260 4889 per
3288 4822 3398 4875 otia
3424 4835 3647 4890 parvum

2287 4910 2564 4981 Dignatus,
2592 4927 2804 4981 semper
2827 4911 2920 4965 sed
2947 4919 3197 4966 strenuus
3227 4911 3404 4966 indole
3430 4911 3646 4974 mentis,

2286 5002 2380 5058 Est
2407 5017 2690 5074 aggressus
2713 5004 2815 5058 iter
2839 5003 3073 5058 Moinum
3095 5003 3279 5057 navale
3305 5019 3402 5073 per
3432 5018 3669 5068 amnem,

2283 5094 2642 5164 Ascenditque
2669 5109 2763 5166 per
2793 5095 2956 5160 hunc,
2978 5095 3147 5149 donec
3171 5109 3335 5164 prope
3358 5094 3570 5149 moenia
3591 5093 3733 5147 venit

2285 5185 2475 5257 Magna
2497 5187 2765 5254 palatinae
2790 5185 2950 5252 sedis,
2976 5184 3090 5240 Salt
3117 5184 3332 5239 nomine
3359 5183 3524 5250 dicta,

2285 5276 2537 5334 Naseenti
2559 5279 2735 5333 vicina
2760 5278 2944 5346 Salae;
2968 5294 3092 5332 nam
3118 5275 3354 5332 ﬂuminis
3386 5276 3546 5348 huius

2287 5370 2452 5425 Rivus
2475 5371 2649 5427 adhuc
2676 5372 2914 5426 modicus
2945 5372 3077 5426 haec
3099 5371 3211 5440 ipsa
3233 5369 3432 5440 palatia
3457 5369 3646 5442 cing’d.

2287 5462 2387 5517 Vix
2409 5478 2629 5517 raucum
2650 5478 2746 5531 per
2767 5478 2894 5518 saxa
2925 5463 3073 5516 ciens
3101 5461 3405 5517 resonantia
3427 5475 3691 5515 murmur.

2288 5552 2571 5622 Dispositis
2600 5552 2671 5607 ibi
2694 5551 2873 5616 rebus,
2901 5565 3037 5621 aqua
3061 5550 3333 5607 redeundo
3357 5549 3590 5605 secunda

2287 5663 2470 5784 petita,
2503 5675 2684 5781 vei-api
2720 5658 2998 5714 lectionem
3025 5659 3324 5716 restituisse
3348 5659 3480 5713 mihi
3509 5657 3707 5711 videor.

2471 5771 2507 5784 ..
2546 5747 2629 5783 mu
2655 5739 2845 5783 torum.

2471 5771 2507 5796 .,
2546 5739 2845 5783 multorum.
