4026 6364
240 266 333 327 705
543 274 792 331 ANNAL.
835 279 920 333 DE
958 279 1201 338 GESTIS
1240 284 1299 339 Β.
1340 280 1593 343 CAROLI
1633 286 1843 345 MAGNI
1882 293 2060 351 LIBRI
2098 297 2160 353 ν.
2204 330 2263 340 --
2305 302 2461 356 ΥΙΤΑ
2500 304 2769 362 CAROLI.
2808 339 2878 351 —
2916 311 3041 370 LIB.
3084 314 3168 369 III.
3372 319 3507 374 708'

236 386 583 443 Wormatiam
618 390 787 459 petiit,
811 408 913 462 qua
939 412 1060 452 cum
1089 413 1183 468 per
1218 408 1457 471 tempora
1484 404 1706 458 brumae

235 483 524 548 Mansisset,
557 486 734 540 subito
760 487 963 557 regales
994 488 1231 545 funditus
1257 493 1416 547 aedes

233 573 332 628 lllic
361 583 701 631 constructas
728 588 885 632 noctu
909 590 1313 651 consumpserat
1350 584 1504 653 ignis.

233 664 336 733 Ipse
363 665 717 736 redemptoris
745 669 852 723 nati
874 671 1124 740 passique
1145 681 1351 725 sacrata

232 756 377 810 Festa
401 773 595 827 gerens
620 759 814 814 ibidem
850 762 991 817 veris
1020 770 1351 831 transegerat
1378 773 1575 830 ortum,

230 848 516 917 Expectans
536 852 727 905 vestita
756 850 896 906 foret
924 853 1049 906 dum
1079 855 1319 923 gramine
1348 855 1518 918 tellus,

1824 414 1867 467 Α
1899 408 2234 466 Fronderent
2263 414 2447 482 silvae,
2478 427 2697 487 possent
2724 429 2778 476 et
2798 422 2908 477 sole
2937 438 3150 490 sereno.

1904 502 1965 557 Et
1987 505 2156 568 coelo,
2187 507 2253 561 de
2281 509 2510 566 diversis
2538 515 2847 583 regionibus
2872 527 2995 586 apte

1898 593 1976 647 Ad
2002 595 2197 650 bellum
2225 609 2409 667 gentes
2432 603 2612 657 variae
2640 605 2926 675 populique
2947 610 3147 664 vocari.

1896 682 2136 754 Namque
2160 704 2353 743 novum
2382 707 2567 747 rursus
2592 695 2759 749 voluit
2787 707 3058 754 certamen
3081 702 3237 765 inire,

1892 772 2067 843 Atque
2093 777 2275 833 labore
2299 782 2448 850 gravi
2469 785 2734 840 modicam
2754 796 2965 844 mutare
2985 792 3240 847 uuietem.

2952 1019 3450 1047 ...Ἥ

857 1108 1390 1186 ANNALIUM
1449 1109 1579 1185 DE
1640 1108 1999 1188 GESTIS
2063 1114 2424 1193 CAROLI
2489 1119 2811 1201 MAGNI

1061 1282 1244 1323 LIBER
1289 1282 1606 1325 SECUNDUS
1650 1285 1962 1329 EXPLICIT.
2010 1287 2242 1329 INCIPIT
2292 1290 2579 1334 TERTIUS.

220 1494 377 1547 Aurea
412 1491 607 1547 siderei
632 1492 1011 1547 transcendere
1034 1508 1231 1547 cornua
1259 1490 1417 1547 Tauri

215 1580 592 1651 Fulgentesque
616 1582 737 1651 polo
763 1584 867 1637 iam
892 1582 970 1636 sol
994 1584 1193 1637 intrare
1219 1584 1459 1639 Laconas

214 1673 476 1741 Coeperat,
509 1684 564 1728 et
586 1672 771 1744 gelidis
798 1675 1069 1729 breviatae
1088 1675 1337 1730 noctibus
1357 1676 1599 1741 umbrae,

212 1769 445 1835 Auraque
467 1767 759 1835 productae
781 1766 953 1834 spatio
979 1766 1207 1820 iucunda
1233 1766 1356 1831 diei,

208 1854 428 1908 Florenti
456 1868 667 1923 semper
692 1855 886 1909 studiis
929 1856 1217 1924 animoque
1243 1854 1441 1925 vigenti

207 1944 333 1999 Dant
358 1953 569 2016 gratum
605 1945 797 2000 Carolo
826 1953 1057 2016 tempus,
1088 1962 1194 2016 quo
1222 1947 1425 2002 viribus
1446 1955 1523 2003 uti

204 2035 380 2090 Posset
404 2044 459 2090 et
480 2038 547 2090 ad
574 2037 772 2091 bellum
804 2038 1048 2106 proprias
1073 2038 1299 2093 educere
1330 2047 1553 2094 turmas.

202 2125 293 2193 Qui
316 2135 435 2195 post
466 2143 728 2182 annorum
754 2138 978 2182 centena
1008 2129 1277 2183 volumina
1300 2146 1459 2185 cursu

202 2219 422 2289 Septeno
457 2228 748 2286 transacta,
778 2222 963 2276 decem‘
985 2238 1195 2291 quoque
1224 2223 1440 2278 circiter
1467 2240 1621 2279 anms

198 2316 430 2372 Emensis
458 2319 660 2379 novies,
691 2328 974 2389 postquam
998 2318 1141 2374 Deus
1168 2330 1251 2375 est
1269 2322 1429 2375 homo
1452 2332 1627 2388 natus,

198 2407 301 2463 Hoc
329 2408 424 2463 fuit
445 2425 724 2479 aggressus
750 2410 933 2465 llunos
966 2412 1261 2467 certamine
1288 2414 1480 2482 primo.

196 2497 296 2553 Nec
316 2499 412 2553 sibi
437 2502 793 2555 cunctandum
827 2511 978 2557 ratus
999 2510 1099 2566 est,
1126 2504 1254 2572 quin
1283 2505 1526 2559 redderet
1551 2505 1654 2559 illis

196 2590 355 2658 Quam
383 2608 626 2647 meruere
648 2594 820 2648 vicem
844 2635 857 2657 ,
889 2596 1086 2649 veteris
1110 2596 1212 2651 hoc
1238 2596 1464 2665 denique
1499 2612 1690 2652 causae

196 2685 476 2741 Poscebant
502 2686 631 2741 odii.
661 2698 685 2725 α
713 2686 843 2740 Nam
875 2702 1005 2757 gens
1034 2688 1158 2741 dum
1193 2687 1370 2742 ﬂoruit
1398 2687 1508 2753 illa,

198 2774 477 2829 Innumeris
508 2776 787 2830 dominans
814 2774 950 2839 aliis,
985 2790 1120 2844 quas
1145 2775 1383 2831 subdidit
1411 2778 1598 2842 armis,

196 2866 319 2921 Tum
348 2867 567 2923 Francis
588 2866 787 2922 inferre
828 2868 1029 2922 malum
1066 2883 1290 2939 persepe
1319 2868 1578 2924 solebant.

190 2956 272 3014 Sic
298 2966 503 3013 veteres
530 2973 834 3012 memorare
858 2958 1047 3022 solent,
1073 2959 1215 3027 quod
1244 2958 1479 3013 funditus
1508 2959 1636 3014 olim

187 3050 391 3106 Illorum
421 3059 593 3105 terras
619 3049 836 3103 immani
862 3050 1024 3105 caede
1055 3048 1291 3103 furentes

191 3144 465 3207 Vastarint,
491 3142 843 3211 dederintque
868 3141 1154 3196 voracibus
1181 3142 1359 3195 omnia
1382 3139 1610 3194 ﬂammis

186 3235 399 3306 Oppida,
422 3250 569 3299 rura,
602 3233 808 3296 domos,
836 3233 1013 3295 urbes,
1039 3232 1315 3295 coenobia,
1346 3231 1503 3285 villas

184 3327 309 3381 Nam
336 3326 483 3381 furor
506 3324 715 3380 hostilis
738 3324 905 3379 voluit
928 3339 1027 3379 nec
1046 3338 1269 3393 parcere
1294 3323 1462 3377 sacris

183 3418 428 3481 Aedibus,
457 3427 511 3472 et
536 3431 703 3487 regno
729 3416 819 3470 vix
845 3430 949 3469 una
979 3416 1236 3469 remansit
1262 3415 1315 3468 in
1347 3414 1435 3468 illo

182 3508 457 3564 Mettenses
483 3508 625 3561 intra
654 3521 839 3560 muros
865 3513 1171 3560 constructa
1199 3505 1451 3559 decenter

183 3601 412 3658 Ecclesia
443 3600 718 3670 Stephani,
748 3606 950 3668 martyr
979 3598 1071 3668 qui
1093 3598 1297 3666 primus
1318 3596 1547 3671 habetur

180 3694 405 3762 Denique
428 3690 699 3748 continuis
738 3690 975 3744 Francos
1000 3687 1361 3759 compluribus
1382 3676 1537 3741 annis

182 3786 261 3843 Sic
285 3786 662 3858 impugnabant
692 3784 851 3847 Huni,
878 3798 971 3837 rex
1000 3782 1168 3836 donec
1193 3794 1378 3835 eorum

178 3878 348 3942 Attila,
380 3879 673 3932 multorum
698 3876 893 3930 totiens
916 3874 1090 3927 victor
1122 3871 1459 3942 populorum,

178 3968 437 4034 Feminea,
475 3970 506 4008 ιδ
533 3968 693 4038 periit
717 3969 904 4023 dextra
931 3963 1030 4019 sub
1054 3972 1255 4017 tartara
1288 3970 1486 4016 trusus.

180 4060 403 4134 Namque
427 4060 624 4123 ferunt,
653 4058 793 4129 quod
814 4072 935 4111 eum
962 4056 1085 4109 vino
1117 4067 1409 4121 somnoque
1438 4059 1737 4121 gravatum,

179 4152 295 4209 Cum
321 4172 427 4210 nox
457 4153 757 4223 omnigenis
784 4150 1144 4204 animantibus
1163 4148 1267 4201 alta
1297 4147 1531 4217 quietem

180 4244 485 4318 Suggereret
507 4258 552 4310 ο,
583 4243 785 4313 coeptis
806 4240 1111 4297 crudelibus
1135 4236 1562 4305 eﬂ‘eraIconiunx,

176 4336 370 4394 Dueens
395 4339 666 4394 insomnes
687 4336 824 4391 odiis
856 4333 1254 4388 stimulantibus
1283 4330 1522 4391 umbras,

177 4428 439 4487 Horrendo
466 4444 650 4501 regem
674 4429 860 4499 regina
884 4426 1174 4495 peremerit
1196 4439 1350 4478 ausu.

177 4521 279 4579 Ulta
309 4531 496 4579 necem
520 4523 724 4593 proprii
752 4530 929 4583 tamen
954 4527 1035 4574 est
1057 4519 1159 4573 hoc
1188 4516 1413 4571 crimine
1439 4511 1626 4584 patris.

175 4611 271 4670 Hoc
295 4632 386 4670 res
414 4614 692 4669 Hunorum
719 4611 857 4665 tristi
882 4609 1031 4664 velut
1052 4608 1229 4663 omine
1257 4605 1426 4675 lapsa,

174 4700 285 4759 Post
312 4705 473 4759 rediit
496 4711 664 4766 retro,
696 4716 795 4755 nec.
817 4698 1172 4769 prosperitate
1196 4694 1364 4767 priori

175 4790 293 4848 Sunt
316 4795 575 4864 posthaec
595 4792 697 4846 usi.
728 4790 883 4845 Prius
901 4801 1218 4859 oppressere
1246 4784 1437 4855 profan

173 4882 503 4941 Christicolas
522 4882 548 4922 ἀ
574 4883 811 4937 Francos
830 4880 1034 4949 antiqui
1066 4876 1321 4947 temporis
1349 4889 1479 4929 aevo
1503 4913 1519 4938 ,

173 4973 462 5047 Castigante
486 4978 598 5030 Deo
622 4989 780 5029 caros
808 4973 909 5027 sibi
937 4987 1085 5026 more
1110 4971 1360 5039 benigno.
1416 4994 1423 5003 σ

174 5062 535 5137 Ergo,patru'm
563 5065 729 5119 eladis
748 5071 874 5117 nota
899 5061 1100 5116 mansit
1125 5061 1303 5114 inusta
1327 5062 1580 5126 nepotum

174 5151 493 5222 Pectoribus,
518 5169 741 5210 servans
772 5153 883 5206 irae
904 5151 1228 5205 monimenta
1257 5156 1485 5203 vetuste.

174 5242 291 5300 Tum
315 5264 453 5303 nova
480 5254 760 5316 praeterea
783 5244 848 5297 de
876 5243 1056 5298 causis
1075 5250 1192 5295 orta
1216 5239 1462 5295 simultas

174 5332 268 5391 lam
290 5341 466 5404 dictis,
494 5339 733 5391 animum
750 5335 929 5389 Caroli
952 5333 1256 5396 commovit,
1290 5341 1348 5385 ut
1378 5332 1495 5386 illos

174 5424 486 5487 Francorum
514 5428 643 5483 totis
668 5441 791 5480 cum
811 5426 1018 5481 viribus
1038 5424 1439 5495 aggrederetur.

235 5574 257 5601 ι
285 5564 359 5617 Ex
395 5560 639 5624 Gregorii
664 5560 865 5615 Turon.
890 5559 1026 5614 IIist.
1058 5557 1201 5613 Eccl.
1228 5576 1289 5624 ll,
1321 5559 1371 5611 6.
1392 5559 1438 5623 δέ·

237 5632 261 5669 δ
288 5634 443 5689 Poeta
464 5626 673 5688 Alboini
700 5639 755 5684 et
777 5631 951 5684 Attila:
974 5645 1157 5685 necem
1188 5629 1480 5695 confundit.
1505 5626 1585 5682 Cf.
1614 5628 1730 5682 Jor-

178 5698 315 5757 dauis
338 5704 690 5784 Hist.gGotb.,
715 5718 764 5755 c.
796 5701 880 5753 49.

1879 1491 2129 1549 Protinus
2150 1495 2324 1552 edicto
2352 1494 2666 1566 producitur
2686 1499 2948 1569 imperiali

1880 1583 1955 1637 Ex
2003 1586 2209 1639 cunctis
2238 1586 2425 1655 ingens
2449 1589 2656 1657 pupulis
2680 1593 2948 1649 exercitus
2984 1595 3056 1650 illi

1879 1672 2162 1740 Subiectis,
2189 1684 2244 1730 et
2272 1686 2585 1733 cunctarum
2606 1681 2933 1738 validissima
2963 1701 3140 1741 rerum

1803 1726 1848 1785 Β
1872 1764 2054 1835 Copia,
2082 1783 2214 1836 quas
2244 1769 2375 1823 tanti
2406 1768 2529 1824 belli
2557 1772 2911 1827 instrumenta
2934 1779 3155 1845 gerendi

1868 1854 2187 1921 Poscebant,
2211 1859 2355 1929 vigili
2412 1875 2539 1914 cura
2571 1864 2852 1932 studioque
2879 1876 3118 1935 paratur.

1868 1944 1973 2000 Sed
2003 1963 2284 2004 numerosa
2316 1951 2477 2005 nimis
2504 1954 2755 2022 quoniam
2780 1957 3108 2024 produxerat
3154 1974 3221 2014 ex
3258 1964 3362 2017 hoc

1863 2037 2109 2109 Agmina,
2134 2056 2231 2109 per
2249 2052 2430 2111 partes
2455 2046 2640 2099 eadem
2673 2046 3001 2115 seiunxerat,
3036 2066 3099 2106 ac
3126 2052 3204 2107 sic

1863 2128 2214 2197 Pannoniam,
2240 2149 2369 2204 gens
2396 2133 2671 2191 Hunorum
2696 2153 2854 2206 quam
2883 2155 3005 2194 seva
3030 2143 3266 2209 tenebat,

1863 2218 2101 2274 Tramite
2133 2223 2415 2276 distantem
2445 2224 2603 2295 longo
2625 2235 2906 2295 penetrare
2930 2232 3139 2300 sategit.

1862 2307 2011 2363 Tunc
2032 2326 2190 2364 unam
2218 2312 2393 2381 populi
2420 2323 2627 2381 partem
2658 2317 2837 2370 comiti
2864 2317 3161 2376 Theo-Jrico

1857 2397 2032 2468 Atque
2056 2400 2406 2471 Magenfrido,
2435 2405 2661 2460 ducibus
2689 2407 2789 2461 hoc
2820 2415 3056 2476 tempore
3078 2410 3287 2479 primis,

1858 2489 2233 2557 Committens,
2258 2494 2589 2563 aquilonalcs
2616 2511 2714 2564 per
2737 2496 2971 2553 ﬂuminis
2994 2500 3158 2554 horas

1856 2580 2083 2637 Danubii
2108 2586 2381 2654 praecepit
2402 2601 2496 2641 eos
2524 2588 2625 2641 iter
2654 2590 2979 2644 accelerare.

1853 2676 1970 2746 Ipse
1995 2692 2090 2746 per
2118 2678 2371 2733 australis
2406 2680 2658 2734 tendebat
2681 2680 2855 2736 litoris
2880 2698 3059 2752 agros.

1852 2769 2065 2824 Milibus
2093 2771 2391 2827 innumeris
2419 2772 2644 2840 stipatus
2673 2782 2729 2827 et
2748 2775 2959 2843 agmine
2987 2775 3133 2831 forti.

1851 2861 1911 2916 In
1944 2862 2119 2917 medio
2144 2862 2338 2918 ﬂuvius
2364 2865 2575 2919 cunctis
2607 2864 2859 2920 alimenta
2890 2866 3121 2922 vehebat

1849 2955 2184 3026 Agminibus,
2216 2957 2359 3024 regis
2384 2958 2627 3026 speciosa
2656 2958 2825 3013 classe
2856 2959 3112 3029 repletus,

1772 3064 1819 3125 ρ
1851 3047 2019 3113 Quam
2042 3047 2305 3103 Baioariis
2328 3048 2428 3103 fuit
2456 3049 2643 3120 ingens
2665 3064 2793 3104 cura
2822 3051 2981 3105 tueri.

1848 3140 1996 3211 Ipsos
2022 3141 2074 3195 in
2101 3141 2309 3196 ratibus
2329 3142 2655 3197 descendere
2679 3143 2875 3212 quippe
2897 3145 3131 3198 secunda

1846 3232 2006 3286 Iussit
2035 3247 2193 3300 aqua.
2225 3231 2315 3287 Sic
2337 3235 2404 3288 ad
2430 3232 2650 3287 ﬂuvium
2683 3249 2775 3288 rex
2800 3235 2948 3288 venit
2969 3235 3230 3303 Anesum,

1847 3321 1948 3389 Qui
1973 3324 2180 3377 medius
2204 3324 2481 3378 Baioarios
2505 3324 2735 3395 seiungit
2763 3334 2817 3377 et
2841 3324 3042 3380 Hunos.

1848 3413 1999 3467 Hunc
2030 3413 2175 3466 iuxta
2205 3414 2394 3482 positis
2422 3429 2519 3483 per
2538 3422 2692 3484 prata
2714 3415 2943 3469 virentia
2970 3417 3186 3483 castris,

1845 3502 2129 3559 Communi
2159 3513 2284 3558 voto
2309 3505 2476 3559 ternis
2504 3512 2740 3559 statuere
2769 3505 2958 3561 diebus

1846 3592 2165 3664 Suppliciter
2185 3594 2460 3649 celebrare
2487 3610 2695 3664 preces,
2723 3611 2787 3651 ac
2809 3606 3025 3666 pectore
3048 3606 3157 3653 toto

1842 3685 2115 3740 Auxilium
2142 3687 2282 3755 regis
2310 3702 2495 3757 regum
2520 3689 2809 3758 deposcere
2836 3689 3058 3755 Christi,

1845 3775 1916 3830 Ut
1943 3776 2147 3845 coeptis
2171 3776 2288 3845 pius
2310 3786 2590 3843 annueret,
2619 3792 2725 3844 quo
2747 3787 2941 3833 cuncta
2969 3780 3231 3833 darentur

1842 3866 2127 3935 Prospera,
2155 3875 2235 3921 tot
2261 3868 2471 3937 populis
2493 3868 2546 3922 in
2576 3876 2681 3922 tam
2707 3868 2993 3938 longinqua
3020 3868 3300 3940 profectis,

1842 3956 2057 4011 Munitis
2078 3958 2229 4028 signo
2258 3958 2401 4025 fidei,
2427 3969 2720 4029 contraque
2748 3959 3008 4017 nefandos

1840 4046 2077 4103 Gentiles
2104 4047 2227 4104 felix
2269 4051 2421 4104 fieret
2446 4059 2717 4105 certamen
2746 4053 3029 4121 agendum.

1838 4137 2014 4206 Atque
2045 4137 2237 4193 dehinc
2263 4141 2423 4195 motis
2443 4148 2773 4197 memoratae
2797 4142 3000 4211 proelia
3031 4144 3226 4201 castris

1837 4228 2091 4283 Intulerat
2112 4231 2277 4300 genti,
2300 4232 2453 4287 cuius
2473 4233 2765 4288 munimina
2792 4234 2974 4288 statim

1836 4321 2011 4378 Pulsis
2033 4325 2311 4393 praesidiis
2339 4326 2693 4390 destruxcrat,
2722 4341 2787 4381 ex
2818 4327 3013 4395 quibus
3043 4344 3210 4383 unum

1762 4420 1816 4482 ι)
1840 4412 1955 4468 Non
1985 4415 2165 4486 Operis
2186 4416 2337 4486 parvi
2363 4416 2596 4474 Cambus
2620 4420 2951 4488 praeterﬂuit
2971 4421 3164 4487 amnis,

1835 4504 2010 4575 Atque
2031 4522 2192 4577 super
2217 4507 2414 4563 dictum
2445 4508 2712 4581 Cumberg
2742 4511 2966 4567 munitio
2988 4521 3225 4568 montem

1834 4597 2016 4654 Altera
2040 4601 2327 4668 pregrandi
2355 4599 2529 4655 fuerat
2556 4602 2887 4656 circumdata
2909 4604 3069 4658 vallo.
3122 4650 3125 4651 ν

1834 4689 2133 4746 Destructis
2157 4692 2398 4761 utrisque
2429 4700 2606 4747 tamen
2635 4709 2757 4748 cum
2784 4692 2978 4748 robore
3002 4694 3148 4761 forti,

1832 4780 2196 4851 Aequatisque
2226 4782 2355 4845 solo,
2390 4780 2533 4836 ferro
2556 4784 2802 4837 vastabat
2822 4790 2876 4837 et
2896 4784 3004 4853 igni
3048 4828 3055 4835 ,

1835 4872 2065 4929 IIostiles
2093 4875 2197 4929 late
2218 4882 2412 4937 terras,
2443 4876 2512 4929 ad
2535 4875 2673 4929 ostia
2702 4877 2871 4930 donec
3145 4949 3148 4953 .

1833 4964 2157 5021 Perveniens
2185 4965 2503 5030 Arrabonis,
2530 4981 2635 5033 qua
2664 4964 2837 5020 fertur
2862 4967 2915 5021 in
2949 4968 3129 5023 undas

1832 5054 2080 5122 Danubii,
2109 5056 2262 5111 lassis
2288 5056 2486 5110 ibidem
2512 5056 2738 5111 statione
2766 5056 2937 5112 locata
3018 5104 3019 5107 η

1833 5146 2083 5200 Militibus
2104 5162 2329 5216 parvum
2357 5146 2577 5202 dederat
2599 5147 2937 5216 requiescere
2964 5156 3192 5217 tempus.

1834 5237 1922 5293 Sic
1948 5239 2036 5292 ubi
2069 5238 2376 5294 Pannoniae
2406 5239 2581 5295 fuerat
2600 5256 2726 5311 pars
2747 5241 2980 5295 maxima
3012 5242 3150 5297 latae

1832 5327 2041 5382 Divitiis
2064 5328 2288 5396 spoliata
2312 5331 2424 5385 suis
2445 5347 2509 5386 ac
2536 5330 2730 5385 tradita
2759 5329 3008 5399 ﬂammis,

1830 5419 2153 5474 Incolumem
2178 5421 2351 5475 victor
2374 5422 2627 5492 populum
2660 5437 2753 5475 rex
2778 5422 2900 5476 inde
2927 5423 3157 5489 reduxit,

1852 5559 1861 5569 '
1902 5565 1923 5592 ε
1961 5552 2287 5624 Suggereret.
2317 5552 2526 5624 Glossa,
2556 5552 2771 5605 scande.

1900 5624 1925 5661 ἀ
1955 5622 2192 5680 Francos
2238 5622 2415 5677 Attila!
2447 5630 2687 5690 tempore
2720 5638 2977 5691 paganos.
3006 5631 3061 5677 et
3106 5622 3288 5677 Ilunos
3339 5624 3413 5683 ab.

1834 5695 2094 5749 Avarilzus
2117 5695 2357 5749 diversos
2378 5691 2558 5757 fuisse,
2593 5691 2731 5743 inter
2756 5708 2941 5749 omnes
2977 5701 3204 5747 constat.
