4026 6364
155 338 253 396 ’1οθ

622 485 770 541 Anno
795 484 918 543 79-5.
958 485 1154 541 India.
1186 488 1232 540 l.

159 625 270 679 Dira
293 620 600 677 venenifere
624 631 851 678 conatus
879 623 1085 679 semina
1123 637 1320 689 sectae,

160 715 293 782 Quae
313 711 464 767 Felix
496 710 694 767 infelici
730 714 868 769 male
897 725 1169 784 sparserat
1190 733 1345 782 ausu,

158 806 355 862 Vellere
384 806 448 859 de
475 818 630 859 sacro
659 804 869 859 Domini
910 807 1168 863 radicitus
1198 822 1347 876 agro,

160 895 450 953 Catholicus
480 896 751 965 princeps,
796 897 1059 967 synodum
1100 900 1375 954 celebrare
1401 910 1621 957 vocatos

162 988 392 1056 Undique
414 986 695 1057 pontiﬁces
724 987 829 1041 iam
860 988 1057 1043 dictam
1090 989 1216 1045 fecit
1230 992 1296 1045 ad
1324 992 1517 1046 aulam.

161 1079 378 1135 Necnon
407 1076 632 1132 all'uerat
662 1077 967 1147 Stephanus
995 1096 1115 1135 eum
1146 1081 1560 1152 Theophilacto:

162 1170 279 1225 Nam
308 1167 409 1222 fuit
434 1169 660 1223 antistes
683 1170 826 1223 sedis
849 1170 1056 1241 legatus
1078 1179 1305 1241 uterque

162 1259 407 1323 Romane,
447 1273 583 1329 quos
602 1274 736 1330 papa
760 1275 915 1315 sacer
936 1262 1158 1318 mittens
1184 1264 1475 1329 Adrianus,

162 1346 269 1405 Rite
293 1366 443 1404 suam
470 1364 687 1405 servare
709 1351 883 1407 vicem
907 1355 1252 1409 mandaverat
1283 1356 1409 1411 illic.

165 1440 299 1495 Tunc
320 1440 482 1510 igitur
510 1442 687 1495 cuncti
711 1456 834 1496 cum
862 1443 1079 1499 decreto
1101 1447 1339 1516 generali

164 1531 297 1585 lianc
332 1532 761 1587 condemnarunt
810 1534 1097 1601 haeresim,
1146 1538 1487 1609 scriptusque
1521 1539 1731 1596 libellus

164 1622 246 1675 Est
268 1620 411 1673 illam
424 1630 632 1683 contra,
677 1638 837 1692 quem
864 1624 1282 1681 conﬁrmaverat
1312 1628 1401 1684 ille

166 1712 471 1769 Pontiﬁcum
490 1724 697 1779 coetus,
727 1715 885 1770 simul
905 1726 960 1772 et
978 1719 1370 1789 subscripserat
1391 1723 1584 1777 omnis.

166 1805 317 1860 Annis
363 1814 648 1875 praeterea
680 1808 940 1877 synodum
965 1824 1067 1863 non
1095 1811 1336 1879 pluribus
1360 1823 1483 1868 ante

168 1896 613 1966 Constantinopoli
636 1897 899 1953 celebrari
924 1898 1052 1955 fecit
1079 1902 1131 1956 in
1155 1904 1287 1958 urbe

166 1984 443 2042 Grecorum
467 1988 742 2059 princeps,
770 1991 861 2059 qui
900 1990 1287 2051 Constantinus
1325 1996 1559 2053 habebat

168 2076 376 2145 Nomen,
417 2088 472 2135 et
498 2080 740 2136 eiusdem
768 2084 1013 2153 genetrix
1038 2084 1244 2141 Herena
1275 2097 1484 2154 vocata,

168 2171 223 2226 Et
242 2173 617 2239 condixerunt,
659 2184 719 2228 ut
748 2177 975 2246 septima
1002 2194 1094 2233 seu
1121 2181 1385 2249 generalis

169 2264 558 2335 Appellaretur;
593 2268 685 2323 sed
711 2284 831 2323 eam
862 2286 970 2324 non
999 2274 1216 2328 nomine
1241 2274 1332 2328 tali

171 2356 376 2427 Dignam
411 2358 698 2414 concilium
728 2361 934 2429 pariter
953 2376 1277 2432 cognoverat
1308 2362 1467 2429 istud,

174 2448 330 2519 thue
364 2466 755 2520 supervacuam
782 2457 1135 2524 spernendam
1159 2460 1368 2514 censuit
1400 2461 1517 2516 iste.

173 2540 300 2595 Tunc
323 2542 400 2595 ibi
440 2542 635 2612 regalis
655 2542 915 2599 Fastrada
951 2546 1278 2617 migraverat
1300 2566 1436 2605 uxor

176 2628 270 2685 llac
287 2647 355 2686 ex
384 2632 520 2693 luce,
552 2633 692 2687 diem
724 2634 940 2690 tandem
966 2638 1156 2692 sortita
1188 2655 1518 2709 supremum.

178 2720 319 2777 Cuius
349 2724 407 2777 in
428 2723 618 2779 Albani
647 2726 889 2795 speciosa
924 2730 1179 2800 martyris
1202 2731 1354 2797 aede,

180 2812 339 2868 iuncta
366 2814 738 2883 Mogontiacae
773 2816 938 2888 fulget
958 2834 1097 2889 quae
1118 2823 1399 2878 moenibus
1428 2824 1597 2890 urbis,

182 2900 289 2956 Cum
310 2919 508 2974 magno
532 2903 661 2959 fecit
689 2907 904 2976 sepeliri
930 2924 1130 2980 corpus
1150 2912 1373 2968 honore.

178 2992 332 3065 Atque
366 2996 559 3051 dehinc
588 2996 815 3054 Carolus
834 3002 1043 3056 eunetis
1072 3002 1174 3057 hoc
1194 3005 1383 3061 ordine
1404 3008 1595 3077 gestis,

179 3087 496 3159 Foedifragis
523 3106 737 3145 rursum
770 3090 1072 3149 Saxonibus
1103 3096 1282 3150 intulit
1310 3114 1480 3154 arma.

180 3179 245 3234 Ac
267 3182 495 3252 geminis
519 3181 847 3237 exercitibus
865 3184 1179 3239 decreverat
1207 3187 1369 3257 ipsos.

179 3271 446 3329 lnstructis
486 3282 691 3328 terrore
706 3274 867 3328 simul
890 3274 1140 3347 ferroque
1170 3279 1412 3346 domare,

181 3361 242 3418 Ut
264 3366 373 3419 cito
404 3380 533 3436 gens
553 3365 707 3420 bellis
728 3366 1105 3423 succumberet
1128 3384 1233 3424 una
1257 3371 1484 3437 duobus,

180 3453 249 3509 Ex
274 3456 467 3524 quibus
492 3456 636 3511 haud
663 3471 826 3510 unum
853 3456 1101 3525 paenitus
1128 3459 1353 3515 sufferre
1384 3463 1604 3518 valeret.

181 3544 332 3616 Regis
361 3546 427 3601 ab
449 3546 671 3601 australi
698 3549 1060 3617 properabant
1079 3551 1293 3622 agmina
1320 3564 1494 3624 parte,

183 3638 443 3698 Saxonum
479 3645 709 3701 miseras
730 3644 838 3700 late
860 3647 1128 3701 vastantia
1160 3656 1363 3714 terras;

181 3728 219 3782 F
223 3730 335 3786 ilius
357 3732 523 3802 ipsius
552 3733 778 3789 Carolus
815 3736 1103 3791 traiecerat
1124 3737 1295 3792 undas

187 3819 362 3888 Rheni,
394 3840 552 3893 quem
583 3826 945 3885 comitabatur
971 3827 1178 3882 delecta
1206 3827 1478 3892 iuventus,

183 3911 430 3970 lnvadcns
451 3932 516 3970 ex
547 3916 770 3972 occidua
801 3920 1022 3988 regione
1052 3919 1301 3974 rebelles.

184 4004 312 4072 Quos
339 4010 525 4064 statim
551 4018 727 4067 terror
752 4013 945 4068 merito
967 4023 1280 4083 pervaserat
1308 4016 1526 4084 ingens:

185 4096 241 4151 Et
258 4102 432 4171 magni
453 4104 702 4172 quamvis
730 4105 903 4174 campi
926 4120 1021 4174 per
1044 4105 1202 4175 plana
1232 4105 1531 4162 Sinotbfeld

188 4188 411 4257 Collecti,
459 4210 743 4266 pugnaque
772 4196 950 4252 forent
976 4210 1189 4254 certare
1212 4201 1407 4269 parati,
1532 4260 1541 4267 ,

186 4278 287 4337 Hoc
314 4284 483 4339 animi
509 4286 755 4343 cecidere
779 4298 945 4354 metu,
976 4303 1075 4344 nec
1111 4304 1235 4359 spes
1261 4298 1377 4344 erat
1402 4292 1509 4346 illis

188 4372 291 4428 Ulla
320 4377 607 4434 resistendi
641 4378 883 4442 Francis,
917 4396 1055 4450 quos
1080 4390 1157 4436 tot
1187 4382 1506 4452 populorum

184 4462 493 4536 Agminibus
514 4468 676 4525 fultos
699 4470 839 4525 viuci
859 4487 965 4525 non
986 4488 1142 4541 posse
1160 4474 1433 4530 videbant.

187 4553 427 4614 Protinus
447 4561 648 4615 omisso
669 4576 791 4617 sese
830 4563 1128 4619 certamine
1154 4565 1280 4619 belli

186 4645 465 4706 Subiciunt
494 4652 626 4723 regi,
662 4654 982 4711 iuramentis
1000 4671 1213 4726 quoque
1252 4656 1471 4711 ﬁrmant

187 4738 574 4814 Obsidibusque
599 4745 739 4800 datis
774 4747 907 4803 haec
938 4747 1152 4802 foedera
1178 4748 1482 4803 deditionis.

183 4828 291 4900 Ipse
313 4849 599 4905 regressus
622 4836 961 4909 Aquasgrani
987 4870 1061 4881 —
1087 4841 1166 4896 sic
1190 4841 1337 4911 regia
1374 4842 1529 4897 sedes

184 4920 360 4980 inclita
388 4941 584 4983 nomen
607 4929 789 4997 habet,
822 4947 921 4987 nec
949 4948 1054 4988 non
1077 4934 1347 4988 vocitatur
1367 4934 1636 5004 Aqnensis
1663 4965 1731 4973 ——

186 5014 288 5074 Illic
312 5036 470 5077 more
495 5037 593 5077 suo
621 5024 916 5080 celebravit
940 5034 1179 5096 tempora
1203 5036 1409 5093 sancta,

188 5106 240 5161 ln
266 5112 466 5180 quibus
495 5123 579 5169 est
602 5117 752 5171 unita
780 5116 890 5172 Deo
918 5119 1219 5174 substantia
1256 5128 1461 5186 nostra,

190 5197 435 5273 Morsque
463 5206 819 5276 redemptoris
846 5208 1106 5263 mundum
1158 5220 1499 5280 reparaverat
1527 5226 1765 5265 omnem.

680 5352 828 5406 Anno
862 5353 983 5407 795.
1026 5352 1219 5408 Indict.
1253 5355 1306 5408 2.

193 5479 321 5537 Cum
344 5484 568 5540 nimium
598 5502 726 5555 susp
748 5495 847 5541 'cta
873 5486 1013 5543 foret
1031 5504 1163 5558 gens
1182 5488 1321 5543 facta
1344 5489 1559 5544 rebellis

194 5573 465 5632 Saxonum
489 5580 703 5644 totiens,
727 5582 918 5637 crebro
934 5597 1145 5653 quoque
1166 5581 1381 5638 foedere
1422 5593 1579 5653 rupto

196 5665 306 5724 Sub
328 5670 466 5725 iusta
494 5673 638 5742 regis
664 5674 866 5734 ditione
893 5675 1172 5743 quiescere
1206 5675 1415 5737 nolens,

197 5758 348 5815 Haud
389 5762 550 5819 ullum
581 5765 876 5836 reSpirandi
904 5767 1034 5821 dare
1054 5766 1263 5821 censuit
1295 5758 1368 5819 illi

471 333 723 389 ANNAL.
762 322 851 389 DE
889 332 1135 390 GESTIS
1172 333 1232 387 Β.
1272 330 1520 387 CAROLI
1564 327 1776 384 MAGNI
1808 328 1984 383 LIBRI
2025 327 2089 383 γ.
2128 358 2193 368 -—
2234 327 2389 381 \‘lTA
2430 325 2701 381 CAROLI.
2741 357 2811 368 —-
2842 328 2969 382 LIB.
3001 328 3086 397 ill.

1749 454 1795 509 Α
1828 441 2000 510 Atque
2022 440 2312 496 rebellandi
2334 442 2573 511 spaeium
2600 440 2927 498 fortissimus
2947 446 3158 507 arehos,

3293 328 3398 386 ἨΟ

1829 530 1936 587 Sed
1964 547 2177 586 rursum
2207 540 2408 586 terram
2430 532 2696 603 populans
2721 534 2987 589 hostiliter
3015 535 3206 605 ipsam,

1825 624 1955 678 Eius
1997 624 2049 679 in
2090 633 2332 678 extremo
2367 624 2580 677 tandem
2610 639 2777 693 prope
2811 626 2978 679 limite
3003 627 3196 681 castris

1826 710 2081 765 Consedit
2116 713 2326 781 positis,
2370 713 2520 766 vicus
2549 728 2654 781 qua
2684 714 2877 767 nobilis
2901 722 3069 778 extat,

1828 800 2052 858 Nomine
2072 803 2423 859 Bardonvvich
2446 803 2644 869 dictus,
2682 819 2788 873 quo
2815 805 3044 860 iusserat
3068 808 3135 861 ad
3161 822 3219 861 se

1827 891 2056 963 Pergere
2083 892 2395 949 Sclavorum
2431 908 2687 963 proceres
2712 895 2813 949 sibi
2839 894 3054 950 foedere
3074 896 3307 953 iunctos.

1826 982 1940 1038 lllic
1975 984 2263 1039 adventum
2292 1001 2521 1054 quorum
2545 988 2669 1041 dum
2693 987 2834 1042 forte
2867 998 3112 1043 maneret

1827 1073 2110 1144 Operiens,
2146 1089 2213 1128 ex
2240 1075 2324 1129 his
2360 1075 2657 1129 extinctum
2692 1078 2955 1146 comperit
2975 1093 3161 1133 unum.

1829 1165 1942 1219 Rex
1981 1166 2361 1221 Abodritorum
2394 1167 2494 1221 fuit
2517 1168 2583 1230 is,
2620 1169 2937 1238 cognomine
2958 1169 3198 1236 Witzun,

1829 1257 2009 1311 Iussus
2041 1264 2094 1311 et
2116 1266 2173 1312 ut
2199 1257 2394 1322 fuerat,
2433 1273 2613 1328 regem
2644 1260 2771 1313 dum
2796 1261 2957 1314 vellet
3004 1261 3174 1327 adire,

1829 1346 2023 1403 incidit
2048 1349 2289 1413 insidias,
2316 1349 2389 1404 illi
2420 1365 2557 1419 quas
2587 1358 2711 1405 ante
2754 1360 3016 1420 pararunt

1833 1441 2100 1506 Saxones,
2127 1444 2383 1512 quoniam
2414 1442 2638 1499 Francis
2658 1459 2858 1497 novere
2884 1444 3115 1500 ﬁdelem.

1832 1529 1970 1585 line
2001 1533 2113 1586 irae
2140 1533 2371 1587 stimulis
2393 1535 2576 1587 animo
2610 1543 2912 1589 commotus
2938 1536 3157 1600 amaris,

1832 1620 2087 1677 Eiusdem
2120 1624 2353 1693 regionis
2384 1639 2544 1694 agros
2580 1626 2844 1695 villasque
2880 1627 3048 1682 feroci

1840 1710 2011 1779 Quam
2044 1713 2151 1769 late
2180 1713 2323 1769 ferro
2352 1716 2594 1785 populari
2615 1718 2771 1772 iussit
2795 1727 2849 1773 et
2876 1719 3006 1789 igni.

1763 1816 1809 1876 Β
1837 1798 1992 1858 Tunc
2019 1820 2084 1858 ex
2110 1804 2387 1859 Hunorum
2412 1808 2631 1875 quidam
2664 1810 2992 1877 primoribus
3017 1811 3164 1877 illuc,

1846 1894 2037 1949 Tudun
2068 1894 2273 1950 habens
2293 1911 2509 1961 nomen,
2546 1900 2693 1953 venit
2718 1914 2814 1968 per
2840 1900 2994 1969 longa
3023 1903 3254 1970 viarum,

1842 1987 1990 2043 Velle
2013 1987 2282 2043 fatebatur
2314 1989 2423 2059 regi
2452 1990 2545 2059 qui
2572 1991 2802 2045 subdere
2824 2007 2960 2054 sese,

1843 2078 1910 2132 Et
1936 2080 2153 2134 Christo
2182 2080 2402 2135 domino
2427 2080 2620 2135 devota
2646 2083 2871 2137 credere
2902 2092 3100 2138 mente.

1844 2169 1981 2223 Hine
2004 2172 2054 2225 in
2070 2172 2405 2241 Aquasgrani
2433 2171 2659 2228 Carolus
2688 2185 3025 2231 remeaverat
3051 2178 3270 2245 aulam,_

1844 2262 1921 2316 Ac
1951 2271 2247 2317 memorata
2272 2264 2423 2332 prius
2445 2266 2667 2335 supplex
2694 2266 2765 2320 ibi
2792 2266 2928 2323 festa
2956 2272 3178 2342 peregit.

2327 2400 2475 2453 Anno
2500 2400 2619 2455 796.
2664 2399 2857 2455 Indici.
2891 2404 2943 2458 5.

1850 2530 2004 2586 Sedis
2036 2532 2360 2601 apostolicae
2382 2533 2628 2589 sublimis
2656 2535 2890 2591 culmine
2917 2540 3131 2607 praes::l

1849 2623 1961 2678 Hoc
1989 2622 2258 2679 Adrianus
2278 2626 2346 2679 ab
2369 2625 2472 2681 hac
2496 2627 2605 2681 vita
2629 2628 2936 2684 decesserat
2964 2646 3125 2686 anno.

1850 2714 1978 2769 Post
2007 2729 2166 2783 quem
2196 2716 2421 2771 sortitus
2452 2732 2718 2771 summum
2755 2718 2864 2773 Leo
2902 2723 3292 2790 pontiﬁcatum,

1850 2805 2147 2861 Confestim
2168 2807 2369 2872 claves,
2392 2808 2588 2877 quibus
2608 2818 2692 2864 est
2719 2810 2989 2865 confessio
3017 2814 3209 2868 sancti.

1851 2896 2181 2953 Conservata
2205 2900 2368 2963 Petri,
2396 2900 2695 2970 vexillaque
2723 2903 2946 2958 miserat
2971 2905 3123 2960 urbis

1852 2991 2143 3045 Romuleae
2169 2991 2362 3047 Carolo
2390 2992 2702 3063 pariterque
2726 2995 2968 3049 decentia
3010 2998 3172 3051 dona.

1852 3081 2252 3152 Admonuitque
2277 3083 2381 3153 piis
2401 3084 2666 3152 precibus,
2694 3100 2803 3154 quo
2830 3086 3048 3141 mittere
3068 3089 3226 3144 vellet

1775 3189 1822 3251 ο
1853 3176 1929 3229 Ex
1958 3177 2189 3246 propriis
2214 3177 2422 3246 aliquos
2457 3178 2806 3248 primoribus,
2855 3197 2919 3235 ac
2958 3182 3059 3236 sibi
3089 3182 3299 3253 plebem

1854 3270 2097 3325 Subdere
2119 3270 2438 3336 Romanam,
2466 3273 2763 3326 servandae
2795 3271 3008 3327 foedera
3032 3290 3232 3345 cogens

1854 3360 2002 3417 Hauc
2028 3361 2149 3417 ﬁdei
2174 3363 2531 3417 sacramentis
2554 3363 2867 3431 promittere
2891 3365 3119 3447 magnis.

1852 3451 2048 3506 Missus
2086 3452 2152 3506 ad
2172 3452 2275 3507 hoc
2302 3452 2670 3523 Angilbertus,
2703 3454 2793 3522 qui
2823 3470 3049 3523 corpore
3070 3459 3245 3513 sancti

1854 3542 2094 3598 Richarii
2128 3544 2275 3599 clare
2296 3546 2601 3599 decoratam
2640 3555 2854 3601 rexerat
2886 3548 3052 3602 abbas

1853 3631 2174 3697 Eeclesiam,
2195 3634 2400 3702 pariter
2429 3634 2628 3705 regalia
2658 3636 2849 3691 detulit
2871 3637 3019 3703 illuc,

1856 3724 2057 3779 Devote
2084 3734 2272 3781 sancto
2300 3727 2447 3781 misit
2460 3743 2599 3797 quae
2627 3743 2849 3783 munera
2874 3730 3052 3785 Petro.

1856 3814 1993 3869 Nam
2021 3816 2249 3886 spoliata
2280 3816 2381 3872 fuit
2410 3818 2687 3874 Hunorum
2712 3822 2880 3891 regia,
2924 3822 3181 3894 llringnm

1857 3906 2028 3974 Quam
2052 3909 2313 3964 vocitant.
2360 3909 2512 3966 Hauc
2539 3912 2645 3965 dux
2664 3913 2889 3969 Erichus
2914 3915 3018 3971 hoc
3043 3930 3259 3988 ceperat
3284 3934 3445 3989 anno,

1858 3996 2202 4053 Multimodos
2222 3999 2383 4054 etiam
2410 4002 2520 4071 regi
2548 4001 2842 4057 devexerat
2880 4005 3002 4059 inde

1862 4091 2193 4156 Thesauros,
2218 4108 2351 4146 aevo
2380 4108 2519 4162 quos
2542 4094 2806 4165 collegere
2828 4106 3041 4152 vetusto

1861 4181 2163 4235 lunumeris
2192 4183 2384 4237 crebro
2406 4183 2654 4251 spoliatis
2690 4188 2938 4255 gentibus
2967 4188 3129 4243 Huni.

1863 4273 1941 4326 Ex
1972 4273 2164 4343 quibus
2184 4282 2268 4328 est
2289 4273 2513 4329 Romam
2537 4283 2661 4331 tunc
2685 4277 2918 4331 maxima
2947 4281 3100 4349 copia
3124 4282 3309 4346 missa,

1864 4364 1939 4419 De
1974 4365 2177 4434 reliquo
2204 4381 2444 4421 summos
2466 4382 2720 4436 proceres
2747 4368 3009 4439 anlaeque
3034 4372 3311 4428 ministros

1867 4458 2090 4514 Multum
2114 4460 2261 4531 larga
2288 4475 2481 4515 manus
2506 4462 2698 4517 ditavit
2726 4462 2987 4532 principis
3007 4479 3215 4519 omnes.

1785 4546 1837 4606 D
1866 4553 1962 4609 llis
1995 4554 2159 4623 gestis
2180 4554 2377 4608 iterum
2410 4570 2501 4609 rex
2526 4552 2800 4608 Saxonum
2824 4556 3072 4625 regiones

1867 4645 2127 4701 lnvadcns
2160 4645 2266 4699 late
2290 4653 2615 4709 vastaverat,
2651 4654 2813 4714 atque
2848 4662 3098 4701 reversus

1870 4738 2057 4793 Victor
2076 4738 2401 4807 Aquisgrani
2434 4736 2662 4791 brumali
2688 4745 2928 4806 tempore
2962 4741 3181 4795 mansit.

1868 4828 1937 4883 At
1960 4830 2064 4884 dttx
2088 4830 2274 4885 Italiae
2294 4829 2571 4900 Pippinus,
2601 4831 2745 4898 regia
2762 4830 2959 4899 proles,

1871 4922 2153 4977 Adiuuctis
2181 4922 2477 4978 Baioarieis
2514 4921 2813 4993 legionibus
2838 4923 2932 4987 illi,

1877 5019 2047 5073 llunis
2077 5019 2329 5073 intulerat
2356 5020 2575 5084 bellum,
2604 5019 2681 5074 sic
2704 5026 2855 5089 patre
2880 5019 3113 5074 iubente.

1874 5109 2011 5164 Cum
2036 5109 2232 5178 quibus
2253 5118 2446 5163 eventu
2473 5110 2770 5165 certamina
2800 5124 3056 5179 prospera
3091 5109 3233 5164 laeto

1877 5203 2051 5258 Trans
2081 5202 2300 5257 fluvium
2339 5203 2503 5256 Tizan
2524 5204 2714 5273 gessit,
2747 5203 3066 5273 cunctisque
3089 5203 3287 5275 fugatis

1875 5296 2150 5359 Hostibus,
2181 5312 2212 5349 a
2236 5294 2460 5349 Francis
2482 5295 2757 5349 Hunorum
2784 5298 2931 5367 regia
2965 5306 3074 5351 tota

1879 5388 1975 5444 Est
1996 5395 2223 5457 aequata
2252 5386 2386 5450 solo,
2426 5402 2588 5455 quam
2618 5386 2878 5457 Hringum
2899 5388 3134 5443 diximus
3156 5397 3299 5443 ante.

1882 5485 2049 5540 Cuius
2076 5497 2246 5553 poene
2280 5496 2446 5551 gazae
2476 5480 2650 5550 gentis
2678 5489 2807 5535 tunc
2829 5480 3070 5537 funditus
3108 5497 3317 5547 omnes,

1882 5578 2106 5649 Magnus
2128 5581 2246 5629 erat
2273 5588 2499 5643 quarum
2531 5589 2809 5636 numerus,
2828 5583 3157 5643 cunctaeque
3186 5574 3371 5644 prioru
3398 5592 3426 5627 .l

1881 5669 2218 5740 Diripiuntur
2234 5681 2365 5736 opes
2386 5680 2592 5733 regum,
2625 5680 2759 5734 quas
2793 5666 3178 5735 depopulantes

1882 5760 2073 5815 Plures
2102 5760 2154 5813 in
2192 5758 2357 5812 variis
2380 5772 2564 5811 sacras
2586 5757 2899 5825 regionibus
2920 5756 3101 5822 aedes,
