4026 6364
573 318 602 372 7
616 304 664 370 τι
1911 300 2156 360 POETA?

2274 296 2489 354 .XOXIS
3735 292 3818 347 7|!

2180 422 2230 479 Α
2258 409 2575 480 Prefatoque
2609 407 2726 462 loco
2748 405 3087 462 sanctissima
3129 406 3262 463 festa
3295 398 3521 480 peregit,

2259 502 2314 556 ln
2345 503 2539 571 quibus
2570 499 2788 554 indutus
2813 501 3077 570 processit
3109 515 3336 571 corpore
3361 498 3630 563 Christus,

2261 595 2327 648 Et
2353 593 2531 664 posuit
2554 607 2772 647 carnem
2799 592 3059 655 moriens,
3087 591 3422 662 sumpsitque
3462 604 3762 659 resurgens.

2735 681 2887 736 Αηηο
2923 679 3048 736 798.
3084 679 3283 734 Ιηάὶοιι
3319 679 3373 734 5.

2261 774 2420 829 Vcris
2448 773 2500 827 in
2531 773 2682 827 initio
2705 771 2916 827 facinus
2942 773 3288 827 commiserat
3312 779 3468 826 atrox

2263 865 2536 921 Saxonum
2559 865 2788 936 populus
2813 865 3053 933 quidam,
3094 880 3232 934 quos
3265 865 3466 920 claudit
3493 865 3563 920 ab
3585 869 3765 921 austro

2261 957 2413 1012 Albia
2438 957 2722 1012 seiunctim
2753 956 2959 1026 positos
2983 956 3250 1024 aquilonis
3275 956 3344 1011 ad
3371 970 3554 1010 axem.

2263 1047 2372 1102 Nos
2398 1046 2812 1116 Northalbingos
2837 1045 3014 1114 patrio
3037 1060 3287 1100 sermone
3312 1061 3588 1102 vocamus.

2263 1138 2396 1193 Nam
2422 1153 2520 1208 pro
2548 1138 2751 1191 iustitia
2777 1137 2936 1205 legali
2962 1152 3112 1191 more
3142 1139 3377 1208 gerenda

2264 1231 2399 1286 Cum
2429 1246 2522 1284 rex
2554 1229 2758 1298 legatos
2789 1229 2915 1284 illuc
2943 1229 3356 1294 transmitteret,
3391 1231 3536 1300 ipsos

2265 1321 2430 1390 Impia
2459 1319 2751 1389 focdifrage
2772 1319 3034 1390 iugulavit
3064 1319 3228 1375 factio
3254 1322 3450 1390 gentis.

2266 1410 2507 1480 Cumque
2531 1409 2922 1475 Godescalcus,
2954 1410 3094 1480 regis
3121 1410 3329 1481 legatus
3355 1420 3410 1466 et
3437 1412 3572 1482 ipse,

2265 1503 2406 1558 Ante
2428 1503 2544 1558 dies
2569 1503 2766 1557 missus
2795 1517 2994 1572 paucos
3021 1503 3089 1557 ad
3116 1519 3280 1574 regna
3307 1512 3582 1560 tenentem

2269 1595 2564 1661 Danorum,
2591 1595 2881 1665 Sigifridus
2907 1605 3024 1650 erat
3049 1597 3135 1651 cui
3167 1612 3381 1663 nomen,
3412 1599 3467 1652 in
3492 1600 3610 1668 ipso

2269 1689 2535 1759 Tempore
2563 1690 2870 1758 regrediens
2897 1688 3035 1744 foret
3061 1689 3391 1760 interceptus
3410 1691 3480 1746 ab
3509 1691 3704 1756 Hunis,

2199 1804 2244 1864 Β
2271 1784 2539 1837 Auctores
2561 1781 2719 1836 huius
2751 1780 2964 1836 fuerant
2991 1782 3081 1851 qui
3109 1783 3405 1848 seditionis,

2270 1871 2572 1926 Pertulerat
2594 1880 2824 1925 mortem
2847 1872 3052 1940 pariter
3076 1886 3175 1941 pro
3199 1873 3428 1928 crimine
3457 1872 3622 1927 nullo.

2269 1962 2365 2017 His
2389 1977 2486 2016 rex
2509 1971 2808 2017 commotus
2846 1961 3117 2017 Wisuram
3159 1964 3472 2033 properavit
3517 1965 3584 2020 ad
3618 1979 3826 2030 amnem,

2267 2055 2571 2125 lnqueloeo
2601 2069 2759 2125 quem
2794 2055 2987 2111 Munda
3026 2065 3221 2111 vocant
3267 2073 3363 2111 sua
3409 2067 3590 2112 castra
3638 2056 3826 2122 locavit,

2269 2148 2447 2218 Atque
2475 2150 2621 2202 necis
2650 2148 2952 2217 legatorum
2989 2149 3317 2204 iustissimus
3339 2149 3502 2217 ultor,

571 425 928 496 Temporibus
971 421 1156 477 multis
1176 420 1312 475 male
1343 416 1680 490 congessisse
1707 416 1970 473 feruntur.

572 520 724 576 Tunc
747 517 942 587 quibus
958 514 1172 577 ablatis,
1217 522 1326 568 tam
1347 512 1475 567 clari
1500 513 1616 565 iure
1652 507 1910 577 triumphi

573 611 655 665 Ad
686 617 894 679 patrem
921 606 1096 661 vietor
1119 613 1412 660 memorata
1435 603 1581 657 venit
1610 603 1661 656 in
1685 601 1804 654 aula

573 701 848 772 Pippinus,
887 700 1036 770 regni
1070 699 1158 753 cui
1182 699 1466 752 thesauros
1493 695 1707 766 spoliati

571 793 787 858 Attulit,
819 792 1151 859 exuviasque
1175 789 1392 854 ducum,
1424 789 1726 856 vexillaque
1749 795 1928 855 capta.

574 883 709 939 Cum
729 898 836 953 quo
859 882 964 936 iam
997 881 1172 936 dictus
1194 880 1384 933 Tudun
1408 893 1622 948 quoque
1643 885 1867 932 venerat
1896 875 2043 938 illuc,

573 973 972 1042 Promissisque
994 971 1150 1025 fidem
1182 971 1415 1039 propriis
1445 971 1703 1024 adbibere
1728 968 1940 1038 sategit,

573 1069 709 1126 Cum
733 1076 844 1122 toto
865 1065 1120 1120 comitum
1148 1079 1376 1118 numero
1404 1062 1670 1132 baptisma
1703 1075 1923 1115 suorum

573 1157 887 1226 Percipietis
914 1155 1076 1210 etiam
1102 1170 1200 1224 per
1235 1163 1574 1208 sacramenta
1605 1153 1913 1222 spopondit,

577 1250 648 1306 Se
676 1249 789 1302 fore
817 1247 1118 1301 subiectum
1147 1245 1372 1298 Francis
1396 1244 1666 1311 fidumque
1689 1257 1786 1311 per
1807 1255 2018 1295 aevum.

575 1346 682 1406 Sed
709 1351 992 1415 postquam
1025 1341 1205 1402 rediit,
1231 1345 1444 1392 mutans
1473 1337 1734 1408 promissa
1767 1335 2052 1402 ﬁdemque,

573 1433 841 1490 Perﬂdiae
868 1432 1042 1486 luerat
1069 1443 1234 1500 parvo
1259 1436 1378 1498 post
1408 1436 1648 1496 tempore
1674 1439 1896 1495 poenas.

575 1524 646 1579 At
673 1539 766 1578 rex
803 1521 1084 1590 sollempni
1117 1529 1242 1574 voto
1272 1519 1640 1576 celebraverat
1662 1517 1771 1571 illic

579 1613 882 1683 Tempora,
931 1627 1068 1681 quae
1117 1610 1366 1666 Christus
1412 1625 1641 1664 nascens
1686 1608 2027 1676 moriensque
2077 1621 2163 1659 sa-

1865 1696 2088 1768 [crat-it.

1047 1792 1198 1845 Anno
1243 1790 1364 1845 797.
1417 1787 1611 1842 Indict.
1655 1788 1710 1842 4.

579 1886 714 1943 Cum
739 1885 966 1958 pulchro
1003 1883 1244 1938 renitens
1280 1888 1402 1935 ortu
1434 1881 1761 1934 claresceret
1789 1886 1982 1933 aestas.

581 1979 664 2032 Ad
692 1991 873 2045 regem
899 1974 1232 2027 Sarracenus
1262 1970 1582 2040 cognomine
1610 1970 1775 2022 Zatus

581 2066 906 2128 Adveniens,
937 2081 966 2117 a
989 2079 1046 2118 se
1068 2078 1347 2133 pervasam
1381 2061 1613 2115 reddidit
1640 2061 1846 2123 urbem,

583 2157 884 2212 Barzinona
912 2155 997 2208 cui
1038 2168 1234 2208 nomen
1265 2170 1277 2204 :
1313 2167 1437 2204 nam
1475 2151 1644 2204 limite
1681 2158 1887 2205 structa

583 2246 808 2299 Constat
835 2245 885 2297 in
912 2243 1166 2312 Ilispano,
1195 2242 1345 2295 vario
1383 2251 1717 2311 eogenteque
1743 2256 1870 2296 casu
2268 2239 2329 2294 In
2359 2241 2665 2294 desertores
2692 2240 2805 2294 irae
2827 2240 3026 2294 laxavit
3055 2241 3325 2308 habenas,

584 2335 738 2391 Nunc
768 2334 1084 2389 Sarraeenis
1116 2332 1314 2397 fuerat,
1346 2347 1489 2386 nunc
1518 2333 1732 2386 subdita
1755 2331 1999 2396 Francis,
2272 2331 2484 2386 Vastari
2514 2331 2620 2385 late
2641 2331 2844 2399 sparsis
2871 2331 3169 2400 legionibus
3199 2332 3347 2386 illam

582 2432 795 2501 Perque
820 2431 1012 2484 ducem
1052 2429 1268 2482 tandem
1304 2437 1661 2482 memoratum
1717 2428 1942 2491 reddita,
1986 2443 2077 2496 qui
2113 2442 2171 2482 se
2269 2425 2582 2493 Precipiens
2612 2433 2834 2478 terram.
2863 2422 3000 2477 Tum
3040 2439 3232 2478 saevus
3257 2424 3457 2493 ubique
3487 2422 3693 2480 furebat

583 2521 787 2592 Sponte
820 2536 918 2576 sua
954 2521 1159 2589 pariter
1187 2519 1383 2575 Carolo
1407 2521 1652 2588 permisit
1677 2528 1731 2572 et
1764 2521 1950 2573 urbem
1975 2558 1989 2584 ,
2274 2513 2444 2577 Miles,
2471 2515 2669 2584 ubique
2697 2529 2861 2568 cruor
2884 2514 3015 2568 rivis
3036 2513 3398 2569 madefecerat
3425 2531 3576 2580 arva,

582 2610 918 2666 Francorum
949 2609 1194 2664 subiecta
1225 2609 1325 2662 fuit
1348 2609 1606 2678 posthaec
1631 2609 1841 2664 ditioni.
2272 2603 2536 2660 Omnibus
2554 2613 2714 2675 atque
2741 2604 2873 2660 locis
2901 2605 3207 2660 increverat
3237 2607 3453 2662 horrida
3480 2606 3678 2672 clades,

583 2701 712 2757 Inde
749 2717 906 2756 suum
939 2708 1184 2770 gnatum,
1209 2699 1582 2756 Illudowicum
1613 2702 1850 2765 nomine,
1886 2715 2066 2771 regem
2273 2696 2541 2760 Vulnera,
2571 2711 2748 2762 mors,
2789 2698 2963 2752 luctus
2983 2738 2997 2764 ,
3031 2697 3266 2763 clamor,
3298 2696 3422 2769 fuga
3445 2739 3460 2766 ,
3495 2697 3702 2755 ﬂamma
3722 2739 3736 2766 ,
3757 2714 3828 2754 rs-

585 2793 737 2849 Tunc
766 2793 1182 2863 Aquitanorum,
1226 2793 1424 2848 direxit
1447 2794 1515 2847 ad
1555 2794 1889 2847 obsidionem
3633 2789 3827 2864 [pinae,

585 2883 760 2942 Oscae
784 2899 981 2938 nomen
1007 2884 1167 2937 habet
1197 2883 1276 2938 sic
1303 2885 1432 2938 urbs
1457 2884 1745 2954 HiSpanica
1776 2885 2028 2954 quedam.
2275 2879 2466 2936 Omnia
2493 2879 2853 2950 complebant,
2887 2880 3057 2935 donec
3082 2881 3416 2951 compescuit
3452 2881 3581 2938 altis

583 2977 814 3047 Ipseque
850 2989 999 3028 more
1036 2988 1136 3027 suo
1168 2988 1381 3027 rursum
1407 2973 1712 3029 Saxonibus
1737 2989 1891 3028 arma
2276 2973 2432 3029 Albia
2469 2973 2774 3044 gurgitibus
2799 2973 3093 3042 procedere
3120 2972 3330 3043 longius
3355 2988 3528 3028 arma.

585 3065 792 3129 Intulit,
819 3064 1079 3118 auderent
1102 3062 1268 3116 duras
1295 3077 1362 3117 ne
1392 3060 1530 3118 forte
1565 3063 1744 3118 levare
2276 3069 2346 3123 At
2371 3067 2750 3136 Northalbingi
2777 3066 2974 3122 missos
2994 3067 3193 3136 inpune
3218 3076 3529 3136 peremptos

587 3155 842 3210 Cervices
870 3153 1088 3219 iterum,
1120 3168 1351 3221 quorum
1375 3161 1678 3209 vastaverat
1704 3170 1893 3211 omnes
2203 3174 2246 3232 ς
2283 3158 2323 3211 Α
2359 3172 2416 3212 se
2443 3165 2729 3211 cernentes
2761 3155 2942 3211 Caroli
2987 3187 3055 3196 —
3083 3172 3210 3211 nam
3233 3157 3380 3230 regia
3405 3166 3584 3213 castra

589 3245 878 3301 Extremas
906 3246 1069 3299 etiam
1100 3246 1252 3308 lines,
1285 3260 1422 3314 quos
1444 3244 1600 3300 Albia
1629 3248 1852 3313 claudit,
2283 3248 2435 3303 Haud
2458 3247 2791 3302 traiecerunt
2817 3246 3037 3302 ﬂuvium
3070 3250 3511 3318 ——superaddere
3539 3264 3742 3320 magnos

588 3338 659 3395 Et
693 3353 800 3408 qua
823 3337 1017 3393 diﬂ‘uso
1039 3339 1268 3393 miscent
1296 3355 1354 3394 se
1382 3341 1595 3411 gurgite
1621 3343 1778 3396 salsis
2280 3340 2581 3410 Disponunt
2604 3354 2788 3405 ausus,
2821 3339 3114 3396 Abodrltos
3135 3341 3384 3411 denique,
3411 3342 3632 3399 Francis

587 3430 870 3486 Fluctibus
903 3422 1094 3486 erani
1117 3431 1366 3486 Wisnrae
1387 3434 1668 3501 praeclara
1703 3432 1924 3488 ﬂuenta.
2281 3430 2383 3497 Qui
2417 3441 2544 3486 tunc
2569 3431 2796 3486 subiecti
2826 3431 3044 3486 fuerant
3070 3448 3134 3488 ac
3170 3432 3385 3489 foedere
3419 3434 3606 3499 iuncti,

588 3525 834 3596 Cumque
870 3525 1072 3581 rediret
1101 3525 1449 3596 Aquisgrani,
1481 3528 1704 3582 devotus
1733 3527 1901 3581 adivit

590 3618 756 3689 Regis
784 3618 1083 3689 Abinmage
1106 3617 1418 3673 Maurorum
1449 3619 1592 3674 ﬂlius
1624 3620 1794 3685 illum,

588 3711 812 3769 Abdelle
833 3713 920 3766 cui
951 3727 1147 3766 nomen
1175 3720 1312 3776 erat,
1344 3728 1503 3782 quem
1539 3729 1634 3768 rex
1664 3715 1737 3770 ibi
1767 3715 2006 3770 clemens

589 3804 725 3860 Cum
750 3803 1089 3872 suscipisset,
1117 3803 1414 3874 collegerat
1452 3805 1576 3860 inde
1607 3814 1888 3873 senatum,

592 3894 661 3949 Et
680 3909 790 3964 quo
811 3896 1106 3949 conficeret
1144 3896 1362 3950 tandem
1395 3893 1664 3950 Saxonica
1690 3898 1828 3952 bella

592 3983 900 4043 Consilium
920 3985 1162 4055 prudens
1187 3987 1327 4052 iniit,
1365 4002 1472 4056 quo
1503 3995 1744 4056 tempore
1773 3997 1884 4043 toto

590 4076 850 4135 Instantis
878 4079 1104 4134 brumae
1126 4080 1346 4150 regione
1382 4087 1626 4134 maneret
1655 4081 1706 4132 in
1740 4081 1874 4150 ipsa.

593 4168 739 4240 Ergo
763 4184 862 4224 suo
889 4185 1073 4224 secum
1101 4170 1360 4225 comitatu
1393 4170 1640 4238 protinus
1661 4171 1806 4225 omni

593 4261 906 4330 Assumpto,
934 4260 1190 4315 Wisurae
1214 4261 1405 4329 positis
1427 4260 1482 4314 in
1507 4259 1664 4315 litore
1683 4262 1880 4318 castris
1969 4245 1972 4252 ’

2281 3522 2500 3578 Νὶδίὺυε
2527 3538 2594 3578 ex
2629 3523 2756 3578 totis
2779 3538 3002 3594 coepere
3024 3524 3295 3580 laeescere
3319 3525 3478 3582 bello.

2281 3616 2382 3670 Ast
2409 3615 2514 3670 illis
2540 3616 2928 3673 Abodritorum
2957 3618 3065 3673 dux
3088 3619 3305 3674 nomine
3333 3618 3564 3686 Thasco,

2281 3706 2574 3779 Comperto
2604 3709 2695 3764 tali
2720 3718 2889 3775 motu,
2916 3710 3040 3766 tulit
3067 3712 3224 3767 obvia
3249 3713 3422 3783 signa,

2282 3795 2654 3869 Consertaque
2686 3799 2805 3856 loco
2830 3816 3028 3871 pugna,
3054 3818 3214 3872 quem
3245 3802 3519 3860 Suentana
3540 3806 3733 3871 dicunt,

2283 3889 2554 3956 Quattuor
2590 3892 2800 3947 hostilis
2827 3898 3122 3964 prostravit
3143 3895 3288 3951 milia
3319 3907 3528 3973 coetus,

2284 3984 2360 4039 Ac
2400 3985 2572 4041 victos
2599 3985 2725 4042 fecit
2747 3988 2910 4043 nimia
2933 4004 3056 4043 cum
3078 3989 3230 4047 clade
3259 3993 3478 4048 reverti.

2283 4079 2526 4149 Cumque
2555 4096 2833 4151 regressus
2858 4082 3182 4155 Aquisgrani
3206 4101 3302 4140 rex
3324 4096 3468 4142 esset
3507 4087 3561 4143 in
3584 4087 3720 4153 aula,

2285 4169 2752 4244 Constantinopoli
2779 4176 2980 4232 missos
3005 4179 3242 4248 suscepit
3262 4180 3331 4235 ab
3352 4183 3485 4237 urbe
3576 4217 3583 4228 ι

2287 4258 2536 4332 Legatos,
2565 4263 2806 4334 Augusta
2834 4267 2946 4321 suis
2973 4283 3071 4338 pro
3098 4269 3259 4325 rebus
3285 4271 3352 4325 ad
3378 4271 3554 4340 ipsum

595 4351 770 4419 Sedit,
805 4349 1187 4420 Heristellique
1213 4351 1388 4406 locum
1410 4351 1568 4406 iussit
1592 4354 1836 4420 vocitari,
2285 4349 2432 4418 Quos
2453 4353 2602 4408 misit
2623 4353 2855 4420 Herena,
2885 4372 3077 4426 preces
3100 4374 3164 4414 ac
3188 4360 3328 4414 dona
3355 4357 3594 4418 ferentes

592 4442 868 4501 Hactenus
892 4444 996 4498 hoc
1017 4450 1073 4496 et
1110 4443 1271 4499 habet
1315 4458 1529 4510 nomen,
1556 4455 1861 4518 terramque
1890 4463 1984 4518 per
2009 4449 2182 4520 ipsam
2286 4439 2421 4494 Nam
2447 4442 2835 4501 Constantinus
2862 4445 3037 4502 fuerat
3060 4449 3152 4518 qui
3175 4458 3334 4505 natus
3355 4454 3422 4508 ab
3444 4452 3551 4518 illa,

593 4534 869 4590 Adductos
899 4548 1081 4588 secum
1111 4533 1337 4603 populos
1362 4535 1638 4601 diviserat,
1664 4547 1827 4606 atque
2213 4532 2263 4594 Ι)
2289 4533 2422 4588 Cum
2446 4535 2587 4590 foret
2619 4537 2862 4594 inmensa
2890 4555 3100 4596 morum
3129 4543 3310 4612 gravis
3333 4545 3693 4614 improbitate,

592 4625 880 4696 Indigenas
899 4625 1026 4680 licet
1049 4625 1245 4680 invitos
1267 4625 1396 4681 dare
1415 4628 1673 4698 compulit
1704 4629 1834 4699 ipsis
2287 4632 2331 4687 A
2367 4631 2557 4689 Grecis
2577 4636 2727 4705 regni
2756 4636 2999 4692 deiectus
3029 4638 3285 4704 culmine,
3317 4655 3544 4712 magnas

594 4717 864 4774 Hibernas
885 4718 1043 4774 sedes
1065 4718 1226 4773 simul
1251 4727 1306 4774 et
1336 4719 1604 4789 stipendia
1631 4723 1860 4777 cunctis.
2286 4723 2568 4794 Nequitiae
2589 4727 2813 4782 dederat
2831 4728 3074 4796 privatus
3095 4727 3299 4786 lumine
3320 4745 3541 4800 poenas.

596 4810 713 4864 lIuc
739 4823 806 4863 ex
833 4807 985 4863 Italia
1011 4809 1160 4864 venit
1184 4809 1442 4880 Pippinus
1469 4812 1536 4866 ad
1579 4813 1788 4882 ipsum;
2288 4815 2439 4872 Unus
2460 4828 2580 4874 erat
2602 4819 2798 4875 missus
2829 4820 3076 4886 Michael,
3109 4833 3164 4877 et
3195 4823 3468 4892 presbiter
3490 4823 3628 4878 alter

595 4901 850 4972 l'lispanis
870 4903 1036 4957 etiam
1067 4902 1280 4958 rediens
1303 4904 1650 4961 llludowicus
1675 4908 1743 4960 ab
1771 4907 1939 4961 horis.

596 4993 879 5049 Ilunorum
911 5009 1124 5064 quoque
1145 4994 1326 5064 legati,
1357 5010 1455 5050 nec
1483 5012 1588 5050 non
1617 4996 1930 5064 Hadefonsi,

598 5085 850 5139 Asturiae
874 5086 1032 5155 regis,
1067 5101 1230 5154 quam
1266 5087 1502 5142 maxima
1531 5089 1669 5144 dona
1699 5089 1965 5158 ferentes,

602 5178 680 5232 Ex
714 5185 825 5232 tam
855 5177 1160 5247 longinquis
1185 5178 1436 5233 Carolum
1466 5182 1626 5236 terris
1656 5183 1924 5238 adierunt.

602 5271 740 5326 Ilinc
764 5279 848 5326 est
869 5271 923 5324 in
951 5287 1176 5341 regnum
1213 5273 1488 5342 proprium
1510 5274 1764 5331 dimissus
1785 5285 2010 5348 uterque

601 5361 820 5433 Regalis
847 5369 1004 5417 natus
1031 5378 1044 5415 :
1077 5362 1225 5416 misit
1251 5379 1463 5434 quoque
1486 5381 1607 5419 cum
1630 5363 1945 5424 Hludowico

598 5451 897 5516 Abdellam,
932 5452 1023 5522 qui
1058 5461 1182 5522 post
1217 5453 1449 5523 patriam
1488 5455 1779 5521 deductus,
1813 5466 1868 5512 et
1905 5458 2010 5514 illis

601 5543 694 5598 Est
721 5543 1067 5609 commissus,
1098 5545 1166 5598 ad
1196 5544 1297 5600 hoc
1322 5560 1458 5614 quos
1485 5555 1614 5602 tunc
1638 5549 1876 5618 elegerat
1909 5549 2042 5620 ipse,

603 5637 669 5690 Et
689 5652 919 5708 quorum
944 5636 1065 5692 fidei
1094 5652 1154 5692 se
1174 5640 1394 5694 credere
1419 5655 1524 5694 non
1547 5640 1830 5698 dubitavit.

603 5728 713 5781 Rex
744 5737 922 5784 autem
955 5727 1195 5784 residens
1222 5730 1274 5784 in
1301 5729 1574 5788 Saxonum
1613 5733 1850 5802 regione,

2291 4998 2361 5054 Ut
2385 5016 2577 5070 magna
2607 5003 2749 5072 regis
2769 5004 2969 5074 pietate
3000 5004 3288 5071 Sisinnius,
3316 5008 3448 5062 olim

2287 5091 2346 5146 In
2374 5091 2513 5147 bello
2541 5102 2750 5164 captus,
2776 5096 3007 5165 patriam
3037 5097 3293 5153 dimissus
3316 5100 3512 5155 abiret.

2294 5185 2346 5240 Is
2372 5202 2662 5257 germanus
2683 5197 2802 5243 erat
2825 5188 3066 5259 praefate
3089 5193 3354 5261 praesulis
3375 5194 3545 5260 urbis,

2290 5279 2405 5346 Qne
2428 5289 2589 5351 caput
2617 5281 2829 5352 imperii
2851 5283 3150 5340 Grecorum
3188 5285 3368 5342 nobiie
3390 5287 3578 5358 fulget.

2292 5372 2387 5428 Ilis
2413 5390 2626 5444 quoque
2652 5375 2908 5443 dimissis,
2933 5375 3222 5433 Hadefonsi
3251 5379 3392 5449 regis
3417 5381 3487 5435 ab
3516 5369 3677 5436 horis"

2289 5464 2540 5536 Hispanis
2563 5480 2760 5522 venere
2788 5467 2911 5535 viri,
2943 5470 3034 5538 qui
3070 5485 3292 5526 munera
3317 5484 3513 5544 magno

2288 5554 2594 5612 Attulerant
2622 5557 2833 5623 Carolo,
2866 5570 3190 5617 renovantes
3217 5560 3404 5618 foedus
3431 5565 3657 5629 avitum,

2291 5647 2518 5720 Semper
2539 5650 2775 5706 amicitia
2805 5665 2958 5723 reges
2987 5654 3130 5722 quod
3159 5653 3410 5708 iunxerat
3440 5654 3610 5724 ipsos;

2292 5739 2481 5809 Magna
2515 5742 2712 5812 quibus
2745 5743 2966 5800 dederat
2995 5746 3259 5815 susceptis
3292 5746 3431 5800 dona
3463 5747 3717 5816 benigne,

2287 4907 2633 4980 Theophilus,
2665 4911 2862 4980 quibus
2893 4921 2977 4967 est
3015 4913 3233 4969 tandem
3280 4915 3628 4984 poscentibus
3669 4913 3842 4973 actum}
