4026 6364
151 354 237 413 7Ιῦ
437 349 691 406 ANNAL.
733 348 820 405 DE
858 298 1108 406 GE‘STIS
1146 348 1207 403 Β.
1248 346 1497 404 CAROLI
1538 343 1750 399 MAGNI
1788 344 1913 399 LIB.
1959 344 2023 400 γ.
2060 375 2128 385 -——
2165 344 2324 400 V'ITA
2363 343 2632 400 CAROLI.
2669 374 2740 384 --
2769 344 2897 399 LIB.
2945 345 3029 399 III.
3146 378 3153 383 -
3262 345 3368 402 7M

151 467 213 523 Ac
230 460 451 535 patriam
475 461 570 516 tali
604 461 774 517 laetos
801 461 1005 517 dimisit
1026 462 1252 518 honore.
1720 470 1767 530 Α
1794 458 2067 513 Amissum
2092 459 2284 529 recipit
2309 459 2481 514 visum
2502 461 2811 530 pariterque
2837 460 3104 528 loquelam
3137 478 3151 513 :

152 555 296 615 lnsule
318 554 504 608 invase
523 551 771 609 Baleares
800 568 919 607 esse
959 552 1207 607 feruntur
1793 550 1901 604 Seu
1930 550 2055 621 quia
2074 549 2337 605 festinans
2366 558 2541 605 tortor
2569 551 2947 620 trepidansque
2975 550 3238 616 nefandis,

156 651 246 707 Hoc
267 661 423 709 anno,
456 660 685 714 quarum
711 643 962 700 Maiorica
986 645 1182 700 dicitur
1215 658 1342 709 una,
1792 641 1930 695 Dum
1956 649 2341 695 concurrentes
2367 642 2559 696 metuit
2578 657 2685 695 non
2713 641 2840 695 talia
2871 642 3058 698 turbas

153 740 307 795 Altera
333 751 525 791 nomen
546 736 710 791 habet
732 751 977 791 sermone
1006 736 1261 790 Minorica
1284 735 1479 805 prisco.
1791 729 2070 795 Passuras,
2094 732 2189 786 sed
2214 731 2346 785 velle
2367 747 2525 785 suum
2554 731 2840 787 defendere
2868 747 3085 802 papam,

156 832 243 887 Has
267 830 462 886 etenim
486 828 657 883 Mauri
681 830 1026 884 devastavere
1058 834 1264 897 pyrate.
1794 822 1909 877 Non
1934 832 2193 891 quantum
2225 824 2392 878 voluit
2419 808 2658 879 crudelia
2702 824 2842 879 facta
2870 827 3077 897 peregit
3100 846 3115 881 :

156 924 210 977 At
236 937 321 976 rex
346 919 585 990 praefata
620 927 827 988 tempus
855 918 1147 973 celebravit
1172 918 1226 972 in
1251 915 1394 979 aula,
1795 912 1937 978 Seu,
1967 913 2110 983 quod
2148 911 2474 968 credendum
2517 913 2690 983 magis
2725 920 2846 979 est,
2893 915 3113 985 antiqua
3155 919 3367 973 redem-

153 1012 245 1078 Quo
275 1010 417 1065 nasci
443 1009 614 1064 voluit
640 1008 773 1063 coeli
803 1016 1087 1077 terraeque
1106 1015 1337 1071 creator,
3210 1009 3369 1081 [ριοι-

156 1108 205 1161 Et
225 1120 320 1174 quo
350 1118 498 1158 mors
522 1102 713 1157 mortis
733 1101 835 1156 fuit
860 1100 1237 1169 infernumque
1266 1097 1585 1161 momordit,
1793 1092 1899 1149 Per
1923 1094 2175 1150 meritum
2204 1096 2379 1165 magni
2407 1110 2672 1151 renovans
2693 1096 2953 1152 miracula
2981 1095 3150 1166 Petri,

155 1194 376 1267 Reddidit
405 1200 461 1247 et
484 1192 639 1247 nobis
660 1190 826 1245 vitam
854 1191 919 1245 de
944 1197 1117 1243 morte
1144 1200 1453 1258 resurgens.
1793 1184 1989 1239 Sanari
2015 1201 2381 1242 successorem
2408 1188 2702 1243 donaverat
2727 1190 2862 1243 eius.

1796 1273 1941 1329 Haec
1960 1273 2255 1344 Winigisus
2270 1284 2330 1330 ut
2350 1276 2417 1329 ad
2437 1274 2615 1331 Caroli
2644 1277 2748 1330 dux
2788 1277 2982 1332 detulit
3010 1294 3189 1345 aures,

600 1325 751 1378 Anno
788 1322 912 1379 799.
938 1320 1131 1376 Indict.
1162 1319 1214 1375 6.
1794 1319 1941 1417 X3“
1979 1319 2255 1391 ’γ’-ὀκνοῖ
2273 1319 2330 1377 ζι-
2350 1319 2417 1329 -ι-
2442 1319 2615 1377 -ςνῖγη
2646 1319 2747 1330 um-
2790 1319 2982 1332 μνη...
3010 1319 3133 1334 ...ιη

1882 1372 2115 1418 monitus
2141 1373 2407 1433 probitate
2433 1382 2535 1420 vm
2560 1380 2875 1437 summeque
2908 1369 3133 1425 colendo

152 1461 188 1516 0
208 1470 354 1529 quam
382 1458 537 1514 triste
562 1455 712 1512 nefas
740 1456 987 1511 mortalia
1013 1462 1231 1525 pectora
1254 1454 1449 1509 crebro
1796 1454 1996 1510 Ordine
2016 1456 2158 1511 sedis
2181 1457 2527 1526 apostolicae,
2558 1472 2654 1512 rex
2678 1458 2854 1523 iussit,
2882 1468 2944 1513 ut
2973 1462 3041 1517 ad
3068 1477 3128 1517 se

152 1551 460 1620 Concipiunt,
483 1565 644 1619 quam
670 1548 946 1618 praecipiti
974 1562 1272 1601 summersa
1291 1543 1555 1614 profundo
1795 1544 2049 1599 Glorifico
2078 1545 2260 1615 pre'sul
2289 1548 2549 1602 deductus
2574 1549 2777 1603 honore
2806 1551 3033 1606 veniret.

153 1648 425 1716 Nequitiae,
454 1645 582 1697 dum
602 1656 709 1695 non
732 1639 893 1709 leges,
928 1654 1035 1693 non
1060 1638 1179 1692 iura
1205 1645 1481 1699 verentur,
1797 1635 1918 1707 Egit
1945 1637 2049 1692 iter
2070 1646 2249 1692 tamen
2277 1639 2389 1708 ipse
2413 1656 2588 1704 suum,
2610 1639 2851 1696 decrevit
2870 1651 2929 1697 ut
2947 1653 3091 1709 ante,

152 1739 418 1796 Horrificos
445 1736 673 1790 nimium
696 1733 842 1788 caeci
870 1732 1123 1787 labuntur
1152 1730 1206 1784 in
1226 1738 1400 1783 actus.
1799 1726 2073 1782 Saxonum
2094 1737 2268 1783 terras
2291 1732 2494 1794 adiens,
2510 1732 2832 1802 .ibidemque
2861 1734 3052 1789 locatis

154 1832 302 1887 Testis
331 1830 418 1884 hic
447 1836 531 1882 est
550 1840 743 1890 annus,
768 1840 875 1894 quo
904 1838 993 1879 res
1013 1823 1232 1892 indigna
1260 1820 1434 1875 relatu
1727 1828 1774 1893 Β
1799 1816 1879 1871 Ad
1909 1817 2335 1874 Padarbrunnon
2370 1831 2391 1857 ο
2427 1819 2595 1876 multo
2616 1837 2738 1876 eum
2762 1823 2931 1878 milite
2952 1824 3167 1888 castris.

150 1922 362 1978 Crimine
392 1916 709 1972 Romuleam
747 1929 908 1969 saevo
935 1911 1298 1967 maculaverat
1323 1911 1531 1964 urbem.
1801 1905 2188 1977 Opperiebatur
2225 1925 2330 1963 non
2372 1924 2536 1979 parvo
2562 1918 2804 1980 tempore
2831 1914 3026 1967 summi

152 2013 257 2067 Nam
294 2026 448 2065 sacer
483 2008 729 2070 antistes,
756 2005 955 2061 mundo
983 2001 1307 2057 venerabilis
1331 2000 1499 2063 omni,
1798 1998 2071 2054 Praesulis
2092 2001 2397 2056 adventum.
2423 2002 2647 2057 Carolus
2668 2019 2900 2075 quoque,
2924 2005 3069 2076 regia
3096 2005 3305 2077 proles,

150 2103 343 2158 Civibus
369 2116 398 2154 a
418 2098 647 2168 propriis
680 2111 880 2165 poenas
901 2090 1016 2149 Leo
1038 2095 1265 2162 sumpsit
1287 2100 1517 2146 atroces.
1798 2089 1843 2144 Α
1871 2100 2024 2160 patre
2052 2092 2251 2147 missus
2273 2094 2339 2147 ad
2365 2094 2606 2169 eiusdem
2625 2096 2857 2149 confinia
2886 2097 3083 2166 gentis,

150 2190 461 2247 Credidimus
496 2194 761 2241 tormenta
793 2184 1009 2253 quidem
1037 2195 1277 2237 cessasse
1322 2180 1552 2249 piorum,
1798 2181 2045 2236 Perrexit
2083 2182 2191 2236 lato
2216 2198 2319 2253 qua
2371 2183 2586 2253 profluit
2623 2185 2780 2239 Albia
2827 2201 3013 2248 cursu,

150 2281 436 2337 Iamdudum
459 2277 635 2333 saevis
663 2275 956 2331 tortoribus
980 2288 1102 2343 Igne
1141 2272 1383 2343 gebenne
1800 2274 2139 2343 Disponenda
2166 2274 2343 2329 forent
2370 2276 2496 2330 dum
2529 2276 2665 2332 forte
2691 2279 2907 2348 negotia
2935 2279 3199 2349 quaedam

152 2374 421 2436 Damnatis,
457 2388 594 2441 quos
628 2370 837 2440 imperii
869 2369 997 2423 dum
1032 2374 1242 2442 sceptra
1280 2373 1521 2420 tenentes
1800 2366 1934 2422 Cum
1969 2366 2150 2422 Willis
2171 2375 2239 2421 et
2260 2368 2553 2433 Ahodritis,
2574 2385 2639 2423 ac
2671 2370 2995 2439 suscipiendi

151 2466 344 2521 Fecerat
365 2464 535 2518 elatos
563 2463 805 2516 inmensa
828 2460 1067 2529 potentia
1090 2457 1239 2513 secli.
1803 2459 2045 2515 Saxones
2058 2459 2239 2529 aliqui,
2257 2461 2347 2531 qui
2375 2476 2433 2516 se
2458 2463 2523 2516 de
2547 2463 2788 2531 partibus
2817 2463 2924 2517 illis

152 2556 447 2626 Ilartyribus
483 2551 621 2607 εθείε
654 2550 943 2619 implerunt
978 2548 1235 2617 sanguine
1264 2546 1487 2599 Romam
1801 2550 1913 2605 Iam
1934 2552 2245 2623 delegerunt,
2413 2554 2752 2609 committere
2778 2555 2940 2625 regis.

152 2644 276 2699 Nunc
304 2645 358 2697 in
387 2656 519 2713 pace
546 2639 671 2693 novi
709 2638 992 2692 sceleratis
1021 2636 1241 2690 ausibus
1266 2633 1372 2689 Ol‘li
1403 2644 1429 2672 ⁸
1804 2641 1947 2697 Haec
1975 2643 2105 2697 satis
2129 2644 2341 2714 egregie
2366 2660 2629 2714 peragens
2653 2644 2780 2699 dum
2812 2654 3024 2708 cuncta,
3052 2655 3293 2702 moratus

152 2735 417 2790 Carnifices
440 2732 657 2794 ibidem,
684 2729 839 2799 longe
862 2728 986 2781 licet
1012 2725 1295 2781 inferiores
1802 2728 1986 2785 Iunior
2009 2728 2153 2787 e55et
2180 2733 2236 2786 in
2262 2733 2346 2787 his
2371 2732 2617 2799 Carolus,
2642 2743 2954 2804 spectatque
2976 2750 3251 2791 reversum

156 2826 253 2879 lure
273 2824 567 2896 potestatis,
596 2820 759 2876 simili
784 2819 877 2873 sed
898 2826 1077 2872 mente
1103 2816 1335 2872 feroces.
1804 2816 1942 2875 Dum
1974 2822 2153 2878 videat
2183 2831 2367 2878 natum
2406 2825 2581 2895 patrio
2608 2841 2704 2879 rex
2738 2841 2964 2896 magnus
2991 2842 3196 2889 amore,

153 2918 482 2988 Temporibus
511 2924 716 2969 tantum
746 2913 922 2967 scelus
950 2910 1216 2965 admisere
1244 2905 1535 2971 modernis,
1806 2910 1965 2965 Venit
1985 2913 2330 2981 apostolicus,
2369 2921 2637 2969 terrarum
2656 2930 2828 2985 poene
2855 2932 3134 2986 supremas

150 3012 324 3067 lndicto
358 3025 483 3067 eum
515 3007 738 3071 iustitio,
763 3021 821 3060 se
845 3004 1057 3075 publica
1087 3010 1212 3057 vota
1805 2998 1916 3055 Iam
1938 3010 2226 3072 penetrans
2254 3004 2434 3059 horas.
2460 3004 2538 3059 Illi
2560 3006 2647 3059 via
2678 3015 2826 3062 tanta
2848 3016 3066 3077 peracta

147 3097 257 3151 Cum
271 3097 519 3168 precibus
538 3092 749 3148 solvens
784 3090 932 3161 plebs
959 3088 1226 3159 castigare
1252 3085 1425 3141 ﬁdelis
1806 3088 1934 3144 Visa
1954 3090 2133 3145 brevis
2160 3090 2356 3156 fuerat,
2381 3094 2506 3162 quia
2537 3106 2982 3164 (-ompensaverat
3007 3112 3197 3152 omnes

148 3188 371 3252 Deberet,
404 3188 713 3257 pariterque
739 3198 865 3237 suos
889 3196 1120 3252 purgare
1144 3188 1344 3234 reatus.
1728 3179 1775 3243 C
1804 3176 2005 3233 Intuitu
2031 3180 2208 3236 Caroli
2237 3198 2372 3253 quos
2398 3184 2617 3252 pertulit
2638 3196 2765 3241 ante
2792 3188 3023 3249 labores,

148 3278 264 3333 Tum
282 3280 560 3335 celebrare
588 3272 774 3327 volens
801 3271 1003 3326 Christi
1038 3271 1295 3342 mysteria
1321 3270 1527 3325 cunctis
1806 3267 1853 3323 Α
1886 3287 1993 3340 quo
2022 3281 2339 3328 cunctorum
2366 3275 2624 3330 solamina
2653 3276 2812 3347 digna
2838 3278 3101 3332 malorum

148 3367 234 3424 Pro
262 3370 362 3425 sibi
387 3367 709 3431 commissis,
735 3362 1016 3433 sollempni
1046 3377 1196 3416 more
1219 3362 1471 3417 sacerdos
1807 3358 1992 3415 Danda
2015 3362 2115 3416 sibi
2150 3364 2345 3417 merito
2372 3379 2465 3432 spe
2490 3374 2637 3419 certa
2664 3366 2895 3420 credidit
2919 3367 3067 3420 olim.

146 3462 325 3517 Veetus
363 3475 521 3529 equo,
554 3454 908 3513 Lateranensi
938 3453 1201 3523 processit
1229 3452 1296 3505 ab
1323 3451 1464 3515 aula,
1794 3451 2048 3523 .Namque
2068 3457 2516 3525 propinquantem
2544 3474 2665 3512 cum
2687 3461 2920 3529 primum
2941 3469 3183 3525 noverat,
3205 3460 3280 3515 illi

144 3552 216 3606 Ad
241 3560 329 3605 tua
363 3549 618 3604 Laurenti
644 3561 875 3617 pergens
898 3559 1053 3599 sacra
1077 3543 1261 3597 limina
1289 3549 1510 3611 martyr,
1806 3543 2009 3598 Obvius
2032 3544 2146 3612 ipse
2168 3544 2286 3599 loco
2309 3545 2376 3601 de
2401 3555 2698 3602 castrorum
2728 3557 3027 3604 memorato

142 3643 247 3709 Qua
270 3643 433 3696 decus
466 3639 725 3695 ecclesiae
748 3636 918 3691 lectus
950 3637 1107 3689 modo
1142 3632 1353 3688 ferreus
1382 3639 1559 3702 auget,
1809 3634 2050 3707 Stipatus
2087 3637 2269 3693 multis
2296 3639 2611 3709 populorum
2635 3642 2853 3696 milibus
2881 3642 3009 3696 ibat.

145 3735 357 3788 Virtutis
381 3733 710 3787 munimenta
734 3738 857 3782 tuae
882 3726 1179 3781 clarissima
1214 3726 1494 3796 praebens.
1807 3729 2231 3800 Pontiﬁcemque
2273 3731 2447 3786 vicem
2486 3731 2661 3795 Petri,
2706 3733 2791 3787 cui
2833 3734 3085 3788 claudere
3134 3734 3312 3790 coctos

144 3823 281 3891 Quod
306 3820 759 3894 superimpositus
784 3817 973 3888 prunis
1012 3816 1396 3885 contempseris
1430 3814 1598 3883 ignes,
1808 3817 1875 3872 Et
1896 3833 2138 3874 reserare
2159 3819 2286 3873 licet
2319 3819 2501 3883 verbo,
2526 3820 2812 3890 sedemque
2834 3832 3105 3878 tenentem

145 3915 383 3986 Corporis
412 3914 700 3968 ardescens
723 3908 925 3964 Christi
952 3907 1121 3977 magis
1144 3907 1287 3960 intus
1323 3921 1526 3961 amore.
1810 3908 2057 3980 Suscepit
2081 3926 2205 3965 cum
2227 3912 2514 3983 magnifico
2540 3921 2850 3967 reverenter
2876 3913 3101 3968 honore.

147 4002 238 4059 Sed
266 4018 443 4074 neque
471 4000 578 4055 tale
607 4008 758 4053 tuum
788 3998 1039 4053 meritum
1068 3996 1256 4050 sedare
1287 3994 1494 4050 furores
1809 4000 2050 4072 Cumque
2075 4003 2189 4057 dies
2216 4003 2421 4074 aliquot
2453 4003 2625 4059 laetos
2657 4005 2728 4059 ibi
2755 4006 3002 4071 duceret,
3030 4009 3172 4062 idem

146 4096 361 4152 Hostiles
389 4094 588 4166 potuit,
620 4093 752 4163 quin
776 4091 843 4145 ad
873 4100 963 4147 tua
993 4090 1118 4146 dum
1152 4097 1463 4159 preperaret
1808 4091 2089 4149 lnsinuans
2115 4094 2331 4163 praesul
2353 4110 2449 4149 sua
2475 4110 2719 4165 quaeque
2749 4098 2962 4168 negotia
2986 4101 3120 4169 regi,

144 4186 365 4243 Antistes
395 4200 644 4242 summus
668 4181 917 4252 suffragia
938 4188 1120 4235 sancta
1142 4180 1389 4249 petenda,
1809 4179 1953 4234 Illius
1974 4180 2185 4235 facilem
2218 4183 2471 4253 cognovit
2497 4184 2563 4237 ad
2590 4186 2770 4241 omnia
2799 4194 3031 4241 mentem

145 4275 356 4333 Insidias
385 4276 466 4332 illi
494 4273 656 4330 simul
686 4281 740 4327 et
767 4278 1034 4327 tormenta
1057 4277 1332 4339 pararent.
1810 4269 2185 4338 Concedenda,
2215 4273 2302 4341 pie
2340 4273 2508 4327 voluit
2551 4290 2900 4347 qumcnmque
2943 4277 3187 4345 praecari

144 4367 263 4423 Cum
282 4369 552 4425 celeraret
581 4367 703 4429 iter,
737 4365 890 4425 turba
925 4361 1153 4416 vallatus
1184 4360 1386 4429 iniqua,
1809 4362 1937 4416 Inde
1960 4361 2319 4417 reducendum
2340 4364 2497 4434 digne
2520 4366 2848 4435 primoribus
2870 4366 3017 4420 illum

144 4457 503 4529 Crudelesque
531 4471 723 4511 manus
744 4455 1000 4518 tolerans,
1025 4453 1280 4506 amiserat
1304 4452 1475 4521 ipsum
1742 4521 1784 4529 _
1812 4451 2142 4507 Francorum
2163 4457 2585 4519 commendavit,
2612 4458 2701 4527 qui
2733 4460 2874 4514 iussa
2912 4460 3179 4528 replentes

142 4551 351 4609 Etl'ossis
376 4553 554 4609 oculis
583 4552 782 4615 lumen,
816 4548 1051 4618 linguam
1071 4559 1284 4615 quoque
1304 4552 1476 4598 tortor
1742 4521 1794 4584 Ῑ)
1818 4540 2046 4612 Ιηιζιοιιδδί
2071 4543 2270 4614 pariter
2289 4545 2516 4601 Romam
2547 4564 2642 4603 sua
2666 4550 3018 4604 restituerunt

142 4644 425 4711 Praecidit,
449 4644 759 4711 nudumque
780 4641 972 4701 dehinc
998 4640 1201 4709 liquere
1234 4638 1498 4691 iacentem
1817 4630 2009 4689 Omnia
2028 4635 2267 4704 pontifici
2294 4653 2527 4703 rursum,
2551 4654 2659 4709 quo
2685 4640 2800 4693 iura
2827 4642 3092 4709 regendae

142 4733 585 4804 Seminecemque
615 4731 764 4798 foris,
791 4730 1059 4786 foedatum
1089 4728 1347 4799 sanguine
1380 4726 1566 4790 multo,
1818 4723 1975 4781 Sedis
1990 4728 2312 4795 apostolicae
2337 4730 2610 4798 iustosque
2635 4730 3107 4788 tenerethonores.

139 4824 293 4895 Inque
322 4822 713 4882 monasterium
737 4822 992 4890 posthaec
1017 4820 1275 4874 deductus
1300 4815 1542 4871 Ilerasmi
1819 4818 1883 4873 Et
1910 4827 2031 4888 post
2058 4820 2350 4874 discessum
2382 4835 2548 4889 papae
2580 4835 2675 4875 rex
2710 4820 2863 4874 duxit
2890 4822 3081 4875 eodem

142 4914 390 4989 Martyris
412 4945 483 4956 —-
508 4924 757 4969 auctores
778 4911 906 4967 facti
932 4912 1011 4966 sic
1032 4925 1224 4979 nempe
1260 4910 1515 4964 iubebant
1535 4930 1601 4946 -δ
1820 4906 2081 4977 Tempora
2112 4924 2278 4978 pauca
2304 4909 2440 4970 loco,
2472 4908 2646 4962 subito
2672 4923 2793 4962 cum
2821 4909 2991 4963 tristis
3014 4910 3081 4965 ad
3110 4910 3257 4967 illum

139 5004 373 5062 Curandi
404 5005 587 5075 specie
612 5002 788 5058 fuerat
814 5009 1059 5057 servatus
1088 5001 1142 5054 in
1162 5001 1297 5070 ipso.
1818 4998 2056 5053 Nuncius
2078 4999 2353 5053 interitum
2384 5012 2665 5066 procerum
2688 5008 3025 5069 mortemque
3057 5001 3283 5058 duorum

138 5094 315 5153 Donec
343 5109 682 5166 cognoscens
711 5090 983 5163 Wingisus
1008 5091 1036 5130 ιι
1061 5105 1148 5145 res
1167 5091 1239 5144 ita
1271 5096 1468 5160 gestas,
1817 5088 2035 5155 Detulit,
2059 5090 2291 5159 insignes
2313 5088 2439 5143 fecit
2465 5104 2600 5159 quos
2620 5090 2853 5145 maxima
2880 5090 3069 5147 virtus.

137 5186 249 5240 Dux
278 5186 632 5257 Spoletanus,
657 5183 881 5238 Romam
910 5181 1138 5237 festinus
1172 5180 1355 5243 adivit,
1820 5177 1976 5234 Unus
2002 5187 2121 5232 erat
2151 5178 2430 5233 Baioariae
2452 5193 2653 5242 comes,
2684 5178 2835 5248 isque
2867 5191 3089 5238 vocatus

138 5273 416 5345 Nocteque
442 5272 653 5329 sublato
682 5287 779 5341 per
806 5285 1016 5325 murum
1048 5268 1295 5339 praesule
1323 5282 1497 5331 sacro,
1819 5267 2100 5331 Geroldus,
2127 5267 2218 5337 qui
2244 5283 2363 5322 cum
2394 5267 2647 5337 populum
2667 5268 2953 5323 defendere
2976 5268 3177 5328 Christi

133 5362 187 5416 In
214 5381 313 5420 sua
338 5379 465 5419 cum
494 5363 649 5417 iustis
669 5362 885 5417 deduxit
911 5361 1204 5415 honoribus
1225 5360 1413 5428 ipsum.
1824 5359 2082 5426 Conatus,
2109 5359 2246 5415 bello
2267 5361 2444 5415 saevis
2463 5362 2751 5417 obsisteret
2781 5361 2971 5426 Hunis,

135 5452 235 5519 Qui
259 5455 566 5510 miserante
599 5450 709 5508 Deo
724 5460 1010 5507 transacto
1030 5459 1273 5521 tempore
1300 5462 1491 5519 pauco,
1823 5450 2023 5507 Finivit
2046 5450 2210 5505 vitam
2233 5449 2495 5521 fragilem,
2519 5450 2850 5521 sumpsitque
2870 5467 3181 5521 perennem.

204 5619 229 5647 ι
289 5606 367 5661 R.
428 5604 571 5661 Orci.
618 5601 1106 5673 lnterpunctionem
1155 5596 1718 5673 Reinec_c_ianam_hoc
1898 5604 1925 5644 δ
1953 5603 2379 5673 ῃηῑγξηῑαῑεηδ,

132 5677 253 5732 loco
297 5676 582 5755 vitiosam,
623 5667 821 5755 puncto
861 5679 981 5753 post
1025 5669 1246 5725 Romam
1281 5668 1523 5733 sublato,
1552 5667 1722 5723 altero

921 5679 981 5753 »ξι
1025 5669 1246 5725 Romam
1281 5668 1523 5733 sublato,
1552 5667 1722 5723 altero
1900 5686 1920 5714 ο
1956 5667 2045 5742 [1,,
2073 5667 2511 5729 Padc'rbrunnon.

130 5756 253 5815 past
286 5748 494 5814 feroces
529 5748 721 5812 posito,
746 5748 978 5797 correxi.

553 5836 816 5897 Punct.
860 5832 1089 5894 XCIX.
2889 5827 2977 5884 23’
