4026 6364
637 365 742 420 715

636 475 804 534 ttalici
828 490 954 531 vero
978 472 1153 530 fuerat
1177 473 1285 528 dux
1311 473 1498 528 limitis
1523 471 1681 534 alter,

636 567 840 624 Nomen
864 567 1069 622 habens
1097 565 1341 627 Erichus,
1371 564 1462 633 qui
1487 572 1609 634 post
1645 563 1782 617 bene
1813 560 2042 631 plurima
2069 568 2217 632 gesta

637 659 863 720 Praelia,
892 665 1014 728 post
1035 657 1227 712 crebro
1262 663 1504 724 sumptos
1527 669 1594 709 ex
1626 653 1782 709 hoste
1810 653 2145 722 triumphos,

634 749 956 820 Oppugnare
973 747 1335 802 Liburnorum
1365 745 1716 801 contenderat
1745 744 1937 798 urbem

637 840 1031 902 Tharsaticam,
1061 837 1312 904 civesque
1332 835 1436 890 loci
1461 850 1621 904 quem
1644 835 1838 888 robore
1865 846 2082 903 semper

635 931 899 987 Invictum
930 943 1146 992 novere,
1179 927 1317 982 dolis
1353 941 1417 980 ac
1443 925 1632 981 fraude
1652 933 1940 980 necarunt.

707 1021 778 1074 At
799 1018 1043 1082 Carolus,
1073 1025 1334 1086 quantum
1375 1025 1584 1086 tempus
1615 1015 1936 1086 permiserat
1965 1012 2115 1077 illud,

639 1112 915 1168 Saxonum
946 1110 1108 1164 rebus
1132 1116 1286 1163 certo
1308 1106 1675 1162 moderamine
1697 1104 1908 1161 cunctis

637 1200 941 1271 Dispositis,
973 1199 1028 1252 in
1053 1197 1379 1268 Aquisgrani
1419 1211 1475 1252 se
1495 1196 1722 1252 contulit
1749 1194 1951 1250 aulam.

637 1293 720 1348 Ad
755 1307 916 1363 quem
947 1290 1108 1346 Wido
1131 1273 1334 1352 comes,
1355 1287 1453 1344 “cui
1495 1287 1809 1342 Brettonum
1838 1285 2086 1357 regiones

638 1382 971 1449 Commissae
1008 1379 1244 1445 fuerant,
1271 1379 1447 1450 gentis
1483 1393 1644 1447 quam
1672 1392 1799 1448 sepe
1837 1375 2053 1431 rebellis

640 1473 844 1529 Detulit
875 1487 1026 1528 arma
1055 1471 1271 1534 ducum,
1319 1469 1538 1541 proprio
1581 1483 1718 1538 quae
1759 1465 1976 1522 nomine
2001 1463 2230 1536 quisque

639 1565 903 1636 lnscripto
925 1564 1145 1620 dederat
1169 1576 1184 1617 :
1212 1562 1426 1632 signum
1446 1559 1562 1616 fore
1586 1558 1874 1614 deditionis

640 1655 758 1712 Hoc
784 1663 1022 1712 statuere
1057 1669 1206 1717 suae,
1238 1651 1464 1708 Francis
1491 1651 1698 1706 servire
1733 1650 1928 1705 coacti.

641 1745 778 1800 Nam
815 1745 978 1801 sociis
1013 1759 1196 1800 comes
1219 1743 1308 1798 ille
1335 1742 1449 1797 suis
1474 1757 1598 1796 cum
1627 1741 1873 1810 pluribus
1899 1741 2068 1811 ipsam

642 1835 758 1891 Hoc
783 1852 922 1892 anno
952 1835 1169 1906 penitus
1197 1822 1400 1888 terram
1426 1831 1754 1886 lustraverat
1777 1845 2017 1895 omnem,

644 1927 820 1983 Corda
851 1927 1080 1981 domans
1105 1925 1231 1981 belli
1256 1932 1466 1980 terrore
1492 1923 1693 1980 ferocia
1716 1923 1928 1994 grandi.

645 2001 714 2074 Et
740 2019 846 2074 iam
869 2024 1130 2088 perpetuo
1158 2015 1443 2071 Brettones
1475 2015 1593 2072 iure
1619 2015 1827 2070 subacti

642 2109 904 2164 Parerent
926 2107 1178 2172 Francis,
1211 2107 1256 2163 si
1286 2123 1392 2161 non
1427 2105 1695 2176 promissa
1731 2106 1998 2176 hdemque

644 2199 858 2254 Perfida
882 2198 1092 2253 fallacis
1118 2205 1418 2253 mutassent
1439 2205 1658 2266 pectora
1684 2195 1876 2266 plebis.

719 2290 872 2347 Tunc
901 2306 1115 2362 quoque
1143 2289 1496 2356 Sarracenus,
1523 2289 1673 2345 Azan
1699 2287 2016 2359 cognomine
2037 2287 2233 2353 dictus,

648 2385 861 2456 Direxit
887 2383 1083 2440 Carolo
1102 2385 1283 2440 claves
1309 2383 1396 2438 cui
1423 2381 1658 2453 praefuit
1696 2383 1848 2437 urbis

648 2477 821 2533 Oscae
845 2507 916 2517 ——
943 2477 1021 2532 sic
1054 2477 1200 2532 illam
1229 2476 1486 2531 vocitavit
1514 2475 1746 2531 barbara
1770 2475 1948 2544 lingua
1977 2503 2050 2513 —

647 2566 944 2637 Magnaque
981 2565 1122 2621 dona
1145 2565 1305 2620 simul
1333 2564 1568 2630 mittens,
1603 2566 1743 2619 hanc
1773 2565 1986 2617 tradere
2015 2576 2134 2618 sese

646 2657 929 2724 Promisit,
958 2657 1004 2713 si
1030 2666 1247 2726 tempus
1267 2656 1336 2710 ad
1364 2656 1469 2712 hoc
1500 2657 1837 2727 contingeret
1869 2663 2072 2726 aptum.

721 2750 874 2807 Tmc
905 2750 1262 2806 llierosolima
1290 2752 1587 2806 monachus
1620 2751 1858 2806 directus
1887 2751 1954 2804 ab
1983 2750 2140 2814 urbe,

646 2845 899 2900 lnmenso
924 2845 1150 2900 nimium
1182 2843 1366 2914 spacio
1388 2851 1676 2912 terraeque
1710 2843 1985 2913 marisque

648 2936 1006 2997 Transcurso,
1035 2933 1149 3004 regi
1177 2949 1374 2989 munus
1400 2933 1698 3004 preciosius
1724 2933 1874 2988 omni

647 3024 797 3079 Auro
823 3024 1108 3090 detulerat,
1139 3025 1388 3079 mittente
1411 3024 1502 3094 pio
1521 3024 1830 3093 patriarcha

649 3115 880 3184 Pignera
907 3124 1090 3170 sancta
1127 3115 1251 3181 loci,
1285 3115 1531 3170 Christus
1559 3131 1667 3185 quo
1705 3131 1869 3171 carne
1902 3116 2146 3192 sepultus

654 3205 827 3260 Morte
851 3206 1148 3261 resurrexit
1177 3208 1338 3272 victa,
1363 3221 1470 3276 quo
1501 3207 1696 3274 gaudia
1725 3207 1922 3261 mundo

649 3295 888 3366 Angelus
915 3295 1048 3350 haec
1073 3296 1207 3351 caeli
1239 3297 1437 3351 missus
1463 3297 1701 3351 narravit
1731 3297 1798 3352 ab
1826 3310 1970 3351 arce.

651 3387 770 3442 Rex
797 3403 1011 3459 quoque
1032 3389 1266 3444 natalem
1293 3390 1503 3444 Domini
1531 3389 1823 3445 celebravit
1853 3391 1905 3444 in
1943 3389 2066 3444 aula

649 3479 761 3533 lam
788 3479 947 3542 dicta,
991 3480 1424 3550 monachumque
1467 3481 1660 3535 dehinc
1688 3495 1932 3536 remeare
1969 3482 2239 3538 volentem

648 3571 916 3636 Absolvit,
943 3572 1304 3640 comitemque
1336 3571 1495 3626 simul
1517 3572 1876 3627 coniunxerat
1903 3572 1977 3628 illi

653 3664 996 3728 Zachariam,
1029 3663 1228 3734 regalis
1257 3671 1375 3717 erat
1400 3663 1488 3734 qui
1525 3665 1808 3735 presbyter
1844 3664 2018 3720 aulae.
2077 3713 2094 3728 ,

652 3753 760 3808 Per
785 3769 944 3824 quem
973 3768 1168 3824 magna
1193 3753 1328 3809 locis
1357 3753 1504 3809 misit
1541 3754 1764 3809 donaria
1791 3756 2013 3821 sanctis,

653 3859 679 3886 ι
712 3845 888 3914 Atque
912 3846 1044 3900 viris
1067 3846 1280 3916 inopem
1309 3845 1478 3901 vitam
1502 3846 1824 3902 ducentibus
1857 3847 1986 3912 illic,

653 3935 722 3990 Et
749 3934 888 3989 mala
926 3936 1196 4006 perpessis
1218 3937 1401 3991 mundi
1432 3937 1532 3990 sub
1558 3937 1774 3992 nomine
1796 3935 2022 3992 Christi.

1136 4029 1287 4082 Anno
1316 4027 1440 4084 800.
1476 4026 1670 4080 India.
1701 4027 1752 4080 ’1.

653 4120 846 4175 Martia
874 4135 995 4176 cum
1028 4121 1234 4176 medios
1266 4120 1572 4190 explessent
1600 4128 1839 4190 tempora
1866 4138 2075 4189 cursus,

542 4225 564 4246 ο
653 4211 872 4267 Phebus
895 4221 950 4268 et
984 4212 1194 4267 initium
1221 4213 1406 4266 mundi
1431 4211 1596 4266 totius
1621 4223 1671 4267 et
1704 4214 1830 4267 anni

649 4300 853 4357 Arietis
877 4303 1104 4358 aetherii
1131 4303 1381 4371 gradiens
1403 4303 1455 4356 in
1479 4303 1629 4374 signa
1656 4313 1889 4372 tonaret,

649 4391 988 4464 Florigerum
1013 4394 1170 4449 rediit
1196 4393 1387 4448 hiemis
1418 4409 1515 4449 ver
1540 4411 1731 4466 aspera
1758 4399 1987 4467 pellens,

651 4481 958 4538 Frondibus
985 4499 1256 4538 exornans
1281 4483 1463 4551 silvas,
1491 4494 1546 4540 et
1571 4496 1726 4554 prata
1755 4489 1950 4544 virenti

651 4575 930 4643 Gramine,
955 4579 1090 4634 dans
1119 4579 1309 4635 avibus
1334 4594 1513 4645 voces,
1539 4592 1824 4650 augmenta
1854 4585 2061 4648 diebus,

653 4667 790 4722 Tum
818 4669 985 4725 decus
1008 4671 1282 4741 egregium
1309 4671 1514 4738 mundi,
1545 4672 1635 4727 lux
1658 4673 1804 4728 clara
1831 4675 2075 4730 moderni

651 4758 956 4829 Temporis,
981 4775 1049 4815 ex
1075 4763 1194 4816 aula
1223 4761 1444 4818 Carolus
1469 4779 1787 4834 progressus
1806 4765 2063 4837 Aquensi,

651 4849 850 4905 Oceani
871 4851 1018 4917 litus,
1055 4867 1249 4908 nomen
1282 4855 1368 4909 cui
1397 4853 1636 4911 Gallicus
1660 4865 1830 4932 extat,

651 4941 963 5008 Lustrabat,
995 4943 1330 5014 classemque
1365 4949 1497 5001 mari
1525 4948 1750 5018 perfecit
1779 4952 1837 5008 in
1866 4952 2004 5024 ipso,

651 5031 908 5087 Infestum
929 5034 1071 5104 quod
1110 5034 1463 5094 Northmanni
1499 5041 1675 5097 fecere
1695 5052 1882 5114 pyrate
1911 5045 1962 5099 ι).

723 5159 749 5187 α
776 5147 854 5201 Ex
880 5148 1038 5203 Einh.
1074 5149 1213 5216 Vita,
1242 5168 1290 5207 c.
1319 5153 1409 5208 27.

1989 357 2229 416 POETA?

2277 355 2572 415 SAXONIS
3550 325 3552 327 ’
3787 362 3865 425 ηδ

2245 474 2294 532 Α
2323 466 2431 521 lam
2465 475 2593 522 tunc
2620 466 2954 522 Francorum
2989 467 3216 523 nimium
3251 481 3384 539 gens
3409 467 3571 523 noxia
3595 473 3768 540 regno.

2322 560 2488 629 lnque
2509 561 2852 626 monasterio,
2883 561 3058 615 sancti
3084 577 3192 630 quo
3219 561 3460 616 membra
3495 563 3771 632 quiescunt

2325 651 2584 715 Richarii,
2623 651 2916 707 celebravit
2941 668 3111 707 ovans
3133 651 3451 723 sollempnia
3484 655 3736 723 paschae.

2326 741 2563 797 Tramite
2588 751 2700 796 tum
2731 752 2887 812 cepto
2912 759 3210 814 properans
3239 745 3486 814 pervenit
3513 747 3583 801 ad
3618 748 3790 804 urbem

2325 832 2670 898 Turonicatn,
2713 833 2944 889 Martiae
2980 844 3128 889 tuam
3158 837 3500 892 sanctissime
3526 840 3778 906 tumbam,

2324 919 2426 988 Qui
2457 920 2735 977 confessor
2760 923 3055 992 apostolica
3079 924 3282 979 virtute
3307 925 3611 982 choruscus

2327 1016 2579 1088 Etfulges,
2614 1019 2747 1073 adiit
2770 1033 3040 1088 quaerens
3071 1017 3325 1090 suffragia
3356 1022 3602 1090 supplex.

2327 1106 2581 1180 Coniugis
2605 1110 2694 1165 hic
2721 1110 2869 1165 illum
2904 1109 3078 1165 tristis
3099 1110 3339 1166 valitudo
3365 1111 3573 1166 morari

2325 1198 2594 1270 Compulit
2624 1218 2638 1254 :
2663 1209 2936 1256 extremas
2968 1202 3039 1256 ibi
3070 1202 3215 1255 vitae
3243 1201 3516 1256 clauserat
3541 1202 3724 1268 horas,

2330 1289 2568 1346 Moribus
2593 1301 2646 1346 et
2671 1292 2816 1347 vitae
2845 1292 3041 1348 merito
3071 1291 3358 1347 laudabilis
3385 1293 3556 1358 omni,

2330 1380 2427 1437 Cui
2461 1397 2658 1438 nomen
2686 1383 3006 1454 Liudgardis
3031 1393 3170 1438 erat.
3204 1366 3339 1438 Tum
3377 1383 3569 1439 funere
3592 1383 3747 1455 digne

2329 1471 2442 1526 lllic
2471 1481 2682 1537 curato,
2720 1474 3249 1544 tumulique'decore
3277 1483 3522 1544 peracto,

2331 1565 2449 1636 lpse
2477 1566 2872 1638 Mogontiacum
2899 1569 3076 1633 rediit,
3106 1570 3406 1642 primisque
3451 1586 3677 1627 suorum

2334 1655 2581 1726 Undique
2614 1657 2871 1722 collectis,
2901 1659 2974 1713 ibi
3005 1668 3328 1714 conventum
3358 1660 3668 1731 generalem

2337 1746 2562 1802 Fecerat
2590 1747 2816 1819 Augusti
2845 1749 2987 1804 circa
3017 1749 3316 1819 primordia
3344 1752 3572 1805 mensis.

2270 1829 2313 1890 Β
2344 1838 2496 1894 Tunc
2530 1849 2586 1894 et
2613 1839 2666 1893 in
2692 1841 2900 1895 Italiam
2935 1842 3122 1898 multis
3145 1842 3251 1897 iter
3275 1845 3702 1915 aggrediendum

2335 1927 2586 1983 Condixit
2621 1930 2851 1999 populis,
2885 1931 3010 1987 illuc
3035 1947 3171 2001 quos
3196 1947 3424 2003 pergere
3451 1949 3638 1988 secum

2338 2020 2603 2086 Decrevit,
2633 2021 2779 2091 quod
2799 2023 3083 2079 distulerat
3109 2040 3214 2078 non
3259 2033 3502 2094 tempore
3528 2025 3720 2097 longo;

2336 2113 2564 2184 Agmine
2591 2113 2798 2170 delecto
2821 2116 2913 2170 sed
2936 2117 3002 2171 eo
3025 2117 3316 2172 comitante
3344 2117 3643 2186 profectus,

2338 2202 2547 2258 Moenia
2570 2204 2807 2260 famosae
2832 2205 2988 2274 petiit
3024 2205 3303 2276 praeelata
3335 2206 3647 2260 Ravennae.

2337 2293 2580 2364 Cumque
2605 2295 2721 2350 dies
2744 2304 2889 2350 esset
2923 2305 3129 2366 septem
3160 2311 3266 2351 non
3294 2296 3527 2366 amplius
3556 2297 3690 2361 illic,

2337 2385 2622 2457 Pippinum
2658 2402 2838 2458 regem
2866 2389 3043 2456 gentis
3063 2403 3186 2442 cum
3217 2388 3386 2444 milite
3412 2388 3582 2442 multo

2340 2477 2396 2532 In
2426 2477 2836 2533 Bcneventanae
2864 2480 3135 2535 direxerat
3158 2480 3353 2549 Oppida
3379 2488 3576 2542 terrae,

2339 2568 2565 2640 Ipseque
2593 2569 2866 2625 Romanas
2894 2571 3007 2625 ibat
3032 2571 3260 2626 devotus
3283 2571 3350 2625 ad
3377 2587 3553 2626 arces.

2341 2658 2542 2716 Obvius
2571 2661 2697 2716 huic
2727 2661 2794 2715 ad
2821 2660 3147 2716 Nomentum
3175 2661 3284 2717 Leo
3310 2677 3445 2732 papa
3475 2670 3726 2718 sacratus

2343 2751 2598 2812 Venerat,
2634 2759 2689 2804 et
2716 2751 2955 2821 gaudens
2982 2750 3206 2806 multum
3237 2766 3609 2821 veneransque
3637 2751 3839 2822 recepit,

2346 2842 2515 2910 Quem
2557 2842 2894 2897 defensorem
2934 2843 3106 2898 solum
3139 2845 3240 2898 sibi
3263 2854 3512 2899 senserat
3541 2845 3699 2899 olim.

2345 2935 2603 2990 Dulcibus
2632 2934 2878 3004 alloquiis
2911 2935 2983 2990 ibi
3008 2944 3134 2991 tunc
3159 2935 3438 3006 epulisque
3463 2938 3723 3007 peractis,

2347 3024 2582 3080 Antistes
2613 3041 2857 3081 summus
2879 3041 3056 3096 regem
3081 3027 3376 3096 praecessit
3401 3027 3467 3080 ad
3493 3029 3706 3082 urbem.

2345 3115 2565 3169 Postera
2592 3131 2822 3185 cumque
2846 3115 2960 3170 dies
2986 3115 3238 3181 celebris,
3276 3115 3578 3186 festivaque
3602 3118 3845 3188 praebeas

2345 3203 2549 3260 Gaudia
2582 3204 2863 3270 Romanis,
2889 3221 2994 3275 qua
3017 3205 3394 3274 suscipiendus
3419 3207 3488 3261 ab
3515 3206 3625 3261 illis

2345 3296 2458 3351 Rex
2487 3305 2670 3351 tantus
2699 3295 2895 3362 fuerat,
2925 3295 3053 3351 solis
3081 3295 3404 3365 fulgescerct
3429 3306 3578 3360 ortu,

2344 3386 2634 3442 Pontifices
2659 3387 2971 3457 cletumque
2997 3403 3152 3442 suum
3184 3388 3480 3455 collegerat
3516 3401 3718 3441 omnem

2342 3477 2506 3548 Papa.
2539 3477 2749 3544 Quibus
2776 3493 2958 3533 secum
2987 3478 3237 3547 sumptis,
3265 3481 3332 3532 ad
3359 3479 3545 3533 limina
3575 3491 3779 3548 magnae

2343 3567 2572 3622 Basilice
2606 3567 2750 3622 Petri
2781 3569 2874 3638 qui
2910 3584 3155 3623 summus
3182 3569 3459 3640 apostolus
3494 3577 3644 3624 extat

2344 3659 2522 3725 Venit,
2551 3667 2604 3714 et
2638 3661 2692 3714 in
2717 3660 2972 3731 gradibus
2999 3660 3188 3731 templi
3215 3661 3449 3730 stipante
3474 3670 3692 3714 sacrato

2342 3749 2596 3806 Constitit
2623 3749 2736 3819 ipse
2763 3751 2929 3805 choro
2963 3769 2976 3804 :
3011 3749 3263 3805 Carolum
3299 3750 3378 3804 sic
3415 3751 3791 3805 advenientem

2345 3838 2612 3910 Suscepit,
2641 3840 2858 3895 laudum
2886 3841 3249 3896 modulamina
3284 3841 3460 3896 dulcia
3488 3838 3737 3901 cantans,

2341 3929 2516 4001 Atque
2543 3931 2653 3987 Deo
2688 3941 2869 4002 grates
2903 3947 2970 3986 ex
3001 3940 3116 3986 toto
3144 3932 3308 3988 corde
3347 3931 3679 4002 rependens,

2342 4023 2494 4090 Quod
2532 4024 2924 4078 moderatorem
2953 4024 3399 4094 defensoremque
3427 4026 3676 4080 dedisset

2341 4116 2614 4172 Ecclesiae
2647 4117 2829 4184 talem,
2861 4119 2946 4174 cui
2976 4135 3081 4174 non
3104 4136 3166 4175 ea
3194 4128 3420 4174 noverat
3447 4132 3604 4176 aetas

2342 4207 2621 4264 Mortalem
2651 4209 2904 4276 similem,
2937 4211 3018 4266 vel
3049 4212 3128 4266 sic
3157 4213 3358 4267 virtute
3384 4213 3689 4280 valentem,

2341 4299 2512 4356 Omne
2533 4302 2731 4355 bonum
2763 4302 2846 4356 vel
2871 4302 3060 4357 devota
3089 4303 3169 4358 sic
3195 4313 3373 4358 mente
3402 4305 3703 4361 volentem.

2342 4391 2545 4446 Tantus
2572 4393 2765 4456 honor,
2797 4392 2920 4446 talis
2947 4392 3278 4447 Francorum
3305 4393 3472 4464 gloria
3514 4410 3708 4466 regem

2343 4481 2640 4554 Magnaque
2666 4483 2942 4538 Romanae
2971 4485 3297 4540 comitantur
3333 4485 3528 4555 gaudia
3565 4485 3769 4556 plebis,

2342 4573 2676 4629 Accclesiam
2702 4573 2845 4629 Petri
2875 4589 3012 4644 puro
3035 4591 3157 4628 cum
3183 4586 3405 4644 pectore
3442 4578 3632 4646 magni

2342 4665 2593 4729 intraret,
2624 4663 2762 4721 fusis
2784 4666 3023 4722 lacrimis
3051 4668 3344 4737 humilique
3373 4677 3602 4738 precatu

2344 4755 2644 4826 lmplorans
2671 4758 2803 4812 tanti
2840 4757 3093 4830 suffragia
3121 4770 3306 4813 sancta
3329 4759 3572 4830 patroni.

2345 4846 2454 4901 lam
2484 4863 2697 4919 quoque
2723 4850 2938 4906 solstitii
2973 4851 3214 4922 glacialis
3247 4860 3486 4924 tempore
3517 4869 3789 4909 crescens

2344 4937 2622 5007 Asperitas
2650 4942 2875 4996 brumae
2908 4943 3124 4997 tandem
3146 4946 3391 5015 cogebat,
3423 4954 3486 5000 ut
3512 4945 3630 5000 illic

2349 5028 2607 5086 Militibus
2630 5032 2857 5087 hiberna
2883 5035 3038 5104 quies
3071 5045 3252 5106 optata
3277 5037 3520 5092 daretur.

723 5216 751 5255 δ
774 5217 990 5287 Pyrate.
1009 5218 1218 5288 GlosSa,
1233 5224 1444 5278 ashmen
1458 5243 1480 5293 ,-
1502 5226 1708 5282 Alamo
1727 5229 2026 5296 Bremensi,
2051 5249 2098 5289 c.
2118 5217 2245 5299 212,
2269 5237 2601 5290 ascomanm‘.

694 5323 3930 5368 “ww

656 5405 1060 5498 INCIPIT
1120 5414 1622 5494 LIBELLUS
1683 5417 1844 5498 IIII

1652 5594 1655 5595 ,
1909 5552 1911 5554 ’
1973 5557 1994 5602 t

2245 5425 2665 5607 gggmlgE
2721 5429 3088 5507 GESTIS
3147 5431 3517 5511 CAROLI
3591 5426 3932 5509 MAGNI

1652 5594 1655 5595 ,
1909 5552 2643 5607 'lMl’l‘JliA'l'Ulilb.
3793 5570 3796 5573 ’

652 5669 812 5728 Festa
839 5671 955 5728 dies
978 5674 1159 5741 caelis,
1191 5678 1376 5734 eadem
1415 5661 1767 5737 celeberrima
1790 5683 1971 5747 terris,

656 5758 889 5826 Virginei
929 5775 1114 5825 partus
1147 5769 1455 5830 Christique
1480 5776 1765 5833 rcfulserat
1799 5786 1970 5840 ortus,

2111 5643 2464 5660 —-I——-¢—-

2345 5684 2472 5738 Post
2499 5685 2839 5756 octingentos
2869 5701 2935 5742 ex
2973 5703 3079 5758 quo
3103 5699 3446 5759 processerat
3471 5707 3678 5759 annos,-

2345 5776 2544 5833 Tectus
2567 5779 2778 5833 servilis
2810 5780 3069 5837 Dominus
3099 5783 3360 5838 velamine
3382 5784 3606 5839 formae.
