4026 6364
147 389 226 448 ῗΙἸ
431 382 684 439 ANNAL.
724 381 815 438 DE
852 373 1098 439 GESTIS
1135 375 1194 434 Β.
1237 377 1491 435 CAROLI
1533 377 1703 432 MAG)

1822 377 1912 432 ΑΒ.
1955 378 2018 432 V.
2061 410 2130 419 —
2168 381 2328 436 VITA
2365 381 2638 438 CAROLI.
2681 413 2748 422 —
2785 382 2913 439 LlB.
2953 384 3043 440 iV.

148 501 312 559 Etiam
338 495 533 552 natalis
555 493 690 550 tanti
718 494 1085 550 cumulaverat
1109 510 1323 550 onmem

147 590 407 650 Laeticiam
433 587 605 643 Roma
635 585 810 642 Caroli
844 587 1146 657 praesentia
1178 586 1338 656 regis.

149 685 242 749 llic,
267 694 384 736 cum
417 679 704 735 missarum
731 693 886 733 sacro
908 678 1222 749 sollempnia
1248 678 1356 732 ritu

146 775 418 848 incipienda
444 772 641 837 forent,
667 787 914 843 magnam
951 772 1217 842 processit
1245 772 1298 826 in
1331 761 1531 833 aulam,

148 871 268 939 Quae
291 883 484 938 corpus
512 867 710 922 mundo
740 866 1105 921 venerandum
1141 865 1380 921 continet
1408 862 1555 918 omni

146 961 286 1025 Petri,
311 961 398 1016 cui
433 959 616 1014 claves
640 957 890 1013 Christus
912 956 1058 1012 dedit
1086 958 1200 1027 ipse
1232 956 1520 1026 polorum;

148 1055 251 1110 Eius
285 1061 337 1107 et
361 1061 488 1106 ante
516 1064 700 1106 sacros
726 1058 877 1104 artus
900 1065 1021 1104 cum
1059 1057 1241 1104 mente
1270 1046 1434 1114 ﬁdeli,

148 1146 314 1202 Effusis
338 1145 608 1215 precibus,
640 1158 760 1198 sese
790 1158 882 1198 rex
908 1142 1033 1198 inde
1060 1136 1282 1208 levaret,

146 1244 290 1314 lpsius
310 1240 566 1309 imposuit
594 1239 758 1308 capiti
787 1236 894 1292 Leo
927 1253 1064 1309 papa
1090 1251 1378 1292 coronam.

146 1332 428 1391 Conclamat
455 1331 659 1401 pariter
681 1329 938 1400 populus,
969 1344 1122 1383 sacra
1158 1334 1414 1398 personat
1438 1325 1598 1380 aedes

145 1423 320 1495 Ingenti
344 1421 532 1486 iubilo,
565 1436 669 1475 vox
693 1418 865 1474 fertur
887 1419 956 1473 ad
989 1420 1210 1474 aethera
1236 1417 1423 1488 plebis,

147 1517 391 1571 Romanae
411 1512 491 1568 sic
529 1511 785 1568 concordi
812 1510 969 1566 simul
999 1526 1092 1565 ore
1120 1509 1368 1564 canentis
1403 1525 1416 1562 :

147 1608 358 1677 Augusto
387 1601 582 1660 Carolo
611 1616 823 1672 magno,
855 1615 1152 1672 pacemque
1183 1599 1396 1666 ferenti,

146 1695 334 1766 Imperii
355 1695 550 1748 merito
582 1693 812 1748 Romani
849 1701 1060 1762 sceptra
1087 1692 1312 1758 tenenti,

145 1788 318 1849 Gloria,
350 1785 700 1856 prosperitas,
748 1795 996 1854 regnum,
1032 1795 1161 1852 pax,
1201 1783 1329 1847 vita,
1362 1781 1700 1851 triumphus!

148 1876 252 1932 Post
276 1876 460 1931 laudes
483 1875 649 1946 igitur
671 1873 862 1937 dictas,
893 1883 950 1928 et
979 1887 1225 1927 summus
1251 1871 1483 1926 eundem

145 1966 338 2040 Praesul
366 1966 632 2031 adoravit,
657 1965 796 2020 sicut
820 1980 938 2020 mos
964 1963 1178 2019 debitus
1202 1963 1329 2018 olim

147 2057 461 2128 Principibus
485 2056 589 2112 fuit
617 2056 872 2128 antiquis,
903 2073 967 2112 ac
992 2057 1211 2112 nomine
1234 2057 1451 2126 dempto

147 2148 356 2213 Patricti,
389 2165 496 2219 quo
514 2149 692 2204 dictus
730 2157 849 2203 erat
867 2149 1036 2218 prius,
1070 2147 1193 2204 inde
1220 2147 1403 2203 vocari

145 2239 392 2310 Augustus
420 2239 620 2294 meruit
641 2239 780 2310 pius,
821 2239 1034 2308 imperii
1065 2254 1278 2309 quoque
1312 2238 1582 2310 princeps.

146 2327 382 2402 Tempore
419 2345 714 2400 paucorum
742 2339 865 2401 post
902 2331 1036 2385 haec
1068 2331 1299 2385 abeunte
1324 2331 1558 2396 dierum,

145 2422 241 2491 lpse
262 2439 419 2478 suum
439 2422 664 2478 Carolus
689 2430 1039 2493 praeceperat
1069 2430 1194 2476 ante
1220 2421 1459 2476 tribunal

147 2509 272 2577 Duci,
310 2511 676 2581 iudiciumque
701 2511 846 2565 viros
876 2510 1046 2580 legale
1077 2512 1279 2574 subire,

144 2599 229 2655 Per
249 2617 379 2671 quos
403 2601 700 2671 praeterito
726 2597 903 2656 fuerat
929 2609 1007 2655 tot
1027 2600 1269 2656 cladibus
1292 2617 1434 2656 anno

145 2688 358 2746 Allectus
385 2707 539 2746 sacer
566 2691 810 2756 antistes,
842 2691 1121 2761 legemque
1144 2693 1439 2747 secundum

150 2780 422 2838 Romanam
449 2784 750 2838 maiestatis
777 2793 1002 2854 cogente
1031 2794 1204 2849 reatu,

147 2872 441 2945 Dampnavit
475 2891 645 2945 poena
680 2876 872 2930 merito
900 2884 1126 2932 cunctos
1150 2876 1388 2945 capitali.

147 2962 234 3018 Sed
261 2966 384 3022 licet
408 2966 662 3036 indignis,
693 2967 1086 3023 interveniente
1115 2970 1347 3040 benigno

143 3052 392 3122 Praesule,
423 3059 694 3113 concessit
720 3059 906 3124 vitam,
938 3068 1116 3114 tamen
1139 3069 1286 3115 esset
1310 3061 1540 3116 inultum

142 3143 206 3199 Ne
233 3156 434 3202 tantum
465 3148 660 3214 scelus,
686 3148 848 3203 exilio
875 3149 1206 3220 relegaverat
1233 3165 1442 3206 omnes.

139 3235 384 3308 Festaque
410 3239 674 3310 transegit
702 3247 985 3310 postquam
1026 3240 1298 3310 paschalia
1339 3240 1530 3304 Rome,

139 3325 379 3397 Egressus
410 3327 755 3398 Spoletanam
785 3329 1022 3398 perrexit
1047 3330 1101 3383 in
1129 3331 1338 3385 urbem.

195 3416 464 3488 Augustus
497 3433 628 3473 vero
657 3433 765 3488 quo
791 3426 1032 3488 tempore
1067 3429 1339 3474 manserat
1366 3418 1492 3481 illic,

136 3510 320 3580 Aprilis
355 3513 547 3566 horam
569 3528 694 3568 cum
725 3527 831 3566 nox
859 3520 1102 3566 extrema
1132 3513 1424 3568 secundam

135 3599 420 3658 Obscuram
446 3604 674 3659 nimium
703 3604 942 3660 tenebris
964 3603 1262 3659 involveret
1287 3605 1441 3670 atris,

133 3691 327 3764 lugenti
364 3695 542 3750 subito
571 3694 729 3749 tellus
759 3695 1020 3749 exterrita
1049 3703 1195 3749 motu

133 3783 476 3853 Contremuit,
526 3787 842 3855 sonitusque
880 3803 1072 3856 graves
1109 3787 1270 3842 nimis
1297 3784 1354 3842 et
1398 3787 1712 3843 metuendos

133 3874 394 3945 Ediderat,
433 3879 680 3934 stabilem
713 3879 801 3933 cui
831 3878 1046 3933 sustulit
1076 3879 1153 3932 ira
1183 3879 1420 3947 quietem

134 3963 402 4035 Caelestis,
434 3969 627 4040 grandi
660 3968 762 4023 sub
795 3969 936 4023 mole
961 3969 1181 4023 latentia
1210 3967 1394 4022 mundi

133 4051 308 4111 lntima
334 4058 656 4113 concutiens
681 4057 912 4127 impulsu
944 4057 1150 4112 viscera
1177 4058 1316 4113 diro.

133 4143 357 4218 Cumque
381 4149 715 4221 procellosus
741 4159 1080 4220 penetrasset
1104 4163 1130 4191 α
1165 4151 1322 4206 turbo
1347 4165 1607 4207 cavernas

128 4236 391 4305 Occultas,
421 4257 485 4295 ac
513 4257 772 4296 venarum
804 4241 921 4298 loca
951 4250 1090 4297 tecta
1123 4243 1221 4298 sub
1251 4243 1362 4299 alto

130 4326 412 4386 Terrarum
440 4333 668 4402 gremio,
700 4348 816 4397 nec,
849 4348 955 4404 qua
987 4343 1366 4404 prorumperet
1401 4336 1523 4390 inde

125 4419 210 4477 Vis
235 4425 411 4490 venti,
439 4425 653 4495 patulos
687 4441 912 4495 usquam
940 4429 1203 4498 reperiret
1228 4429 1427 4494 hiatus,

125 4510 398 4578 Quassatis
431 4516 624 4571 fluctus
661 4517 919 4586 quosdam
949 4520 1227 4589 generavit
1253 4520 1304 4573 in
1334 4520 1495 4574 arvis.

121 4604 329 4678 iamque
360 4608 511 4664 domi
549 4608 722 4662 maior
742 4625 903 4680 quam
931 4610 1144 4682 gurgite
1176 4619 1354 4665 terror
1381 4611 1433 4664 in
1462 4609 1568 4665 ullo

121 4695 396 4772 Naufragii
433 4699 631 4765 fuerat,
663 4701 896 4755 tremulo
926 4717 1021 4756 sua
1051 4701 1289 4757 culmine
1309 4701 1537 4772 quisque

119 4787 246 4847 Dum
272 4792 494 4865 fugeret
521 4793 754 4848 subitam
784 4793 1092 4848 minitantia
1128 4801 1266 4849 tecta
1297 4793 1529 4847 ruinam.

119 4879 324 4938 Moenia
354 4892 553 4940 cuncta
590 4884 748 4939 simul
775 4893 916 4939 tetro
941 4900 1174 4940 sonuere
1201 4885 1452 4949 tumultu,

116 4971 355 5032 Pendula
387 4977 653 5046 crispanti
678 4977 914 5031 stridunt
942 4986 1002 5032 ut
1037 4977 1198 5031 lintea
1229 4975 1380 5041 flatu,

180 5103 212 5164 αῖ
238 5091 408 5158 Cod.,
442 5103 803 5164 penetranset;
837 5093 993 5149 facile
1021 5095 1341 5161 cmendatu;
1377 5095 1442 5149 Β.
1469 5102 1657 5150 contra
1687 5107 1699 5149 :

110 5163 258 5234 turbo
293 5175 704 5234 penetransque.

179 5233 206 5272 δ
235 5233 320 5288 Ex
353 5233 616 5289 Einhardi
643 5235 766 5291 Vita
805 5235 1004 5299 Caroli,
1045 5249 1164 5304 cap.
1196 5235 1285 5300 29,
1314 5236 1405 5291 sed
1431 5243 1484 5291 et
1505 5251 1570 5290 ex
1599 5235 1704 5291 alio

111 5298 296 5376 tentet
321 5305 563 5376 exempli
593 5307 766 5376 gratia
783 5347 798 5373 ,
824 5298 1125 5361 Annalibus
1153 5298 1704 5362 Laureshamensibus

107 5374 172 5426 ad
193 5374 331 5438 302,
370 5374 646 5431 ﬂuxerint.

178 5456 200 5517 *ξ
232 5444 320 5517 ξεί
355 5445 519 5500 Einh.
547 5446 667 5500 Vita
692 5446 889 5511 Caroli,
922 5463 1045 5517 cap.
1072 5446 1158 5501 16.
1371 5506 1373 5508 ,

172 5512 200 5553 δ
233 5512 389 5587 Tota
415 5531 768 5587 rernmianno
804 5519 908 5574 805
934 5512 1203 5587 gestarum
1243 5515 1502 5577 narratio,
1543 5525 1702 5586 poeta

103 5591 266 5651 teste,
297 5586 464 5641 ﬂuxit
489 5603 556 5642 ex
590 5586 851 5643 Einhardi
885 5586 1001 5642 Vita
1030 5587 1204 5642 Caroli
1235 5602 1286 5641 c.
1317 5587 1370 5651 7,
1397 5588 1490 5656 qui
1521 5596 1703 5641 tamen

102 5656 169 5710 de
190 5672 340 5725 pace
374 5658 587 5712 nonnisi
616 5668 737 5727 post
766 5659 1174 5713 translationem
1205 5656 1475 5711 Saxonum
1515 5672 1709 5712 conve-

97 5727 252 5783 nisse
282 5736 488 5782 auctor
530 5737 631 5791 est,
661 5744 780 5798 qua:
820 5743 940 5782 cum
969 5743 1109 5782 anno
1138 5727 1240 5782 804
1269 5728 1572 5796 contigerit,
1607 5727 1704 5782 Sa-

99 5799 285 5852 xonize
317 5800 666 5867 pacationem
710 5801 776 5853 ad
823 5800 966 5853 hunc
1009 5798 1224 5852 demum
1251 5813 1450 5856 annum
1491 5798 1701 5862 referri,

95 5882 200 5924 nec
229 5882 304 5926 eo
334 5882 451 5936 quo
476 5878 655 5924 noster
683 5870 845 5926 tradit
883 5868 1002 5925 loco
1028 5867 1325 5937 perfectam
1349 5882 1485 5935 esse,
1515 5876 1662 5939 patet
1681 5913 1698 5939 ,

3282 356 3390 445 ﬁs

1728 496 1777 554 Α
1803 491 1910 546 Aut
1936 493 2062 548 dum
2092 510 2231 564 quae
2253 496 2399 551 tenui
2427 497 2745 566 squalebant
2775 499 2994 568 pulvere
3030 500 3168 566 vela,

1799 583 2085 656 Exagitant
2108 586 2291 642 famuli
2313 591 2562 644 certatim
2601 591 2972 648 discutientes.

1800 666 1954 731 Haud
1979 677 2139 731 aliter
2163 693 2346 733 muros
2371 694 2562 736 omnes
2592 681 2881 736 tremuisse
2906 683 3141 740 videres.

1800 765 1903 822 llic
1929 775 2108 822 tamen
2130 766 2338 822 Italiam
2369 777 2543 825 terror
2570 770 2878 841 specialiter
2899 786 3117 828 omnem

1801 848 2132 923 Perculerat,
2159 858 2314 914 cuius
2341 859 2524 930 plures
2554 862 2895 918 subverterat
2929 864 3114 930 urbes,

1801 947 2137 1019 Avulsosque
2163 950 2270 1004 ruit
2300 960 2508 1005 montes
2535 952 2813 1009 radicibus
2848 955 2990 1008 imis.

1802 1040 1940 1095 Tum
1970 1040 2175 1096 Rontae
2201 1042 2446 1097 cecidere
2477 1043 2658 1099 trabes
2682 1046 3007 1102 venerabilis
3030 1047 3198 1111 aedis,

1803 1128 2122 1202 Pigneribus
2141 1132 2375 1202 propriis
2397 1148 2559 1202 quam
2582 1135 2780 1191 Paulus
2807 1138 3082 1207 apostolus
3107 1148 3287 1195 ornat.

1803 1221 1976 1276 Gallia
2008 1238 2104 1277 nec
2134 1231 2314 1279 tantae
2337 1223 2437 1278 fuit
2462 1235 2555 1280 aut
2591 1227 2882 1284 Germania
2910 1230 3081 1287 eladis

1803 1312 2083 1378 lmmnnis,
2123 1316 2265 1370 circa
2295 1317 2544 1372 Rhenum
2581 1318 2698 1374 loca
2731 1320 2959 1392 denique
2983 1333 3132 1380 motu

1805 1402 2044 1458 Plurima
2074 1405 2311 1462 terriﬁco
2343 1408 2570 1463 nimium
2601 1425 2863 1466 concussa
2896 1412 3134 1468 fuerunt.

1806 1496 1995 1551 Audiri
2022 1513 2237 1569 quoque
2265 1501 2500 1570 mugitus
2521 1518 2551 1556 e
2577 1503 2852 1560 montibus
2887 1506 3030 1569 altis,

1807 1587 1875 1641 Et
1902 1588 2026 1644 tetri
2055 1590 2262 1645 sonitus
2287 1590 2439 1646 reddi
2460 1593 2706 1662 variique
2732 1595 2947 1660 beatus,

1809 1680 2223 1752 Morborumque
2250 1684 2366 1740 lues
2389 1683 2505 1739 ﬁeri
2531 1688 2866 1756 permaxima
2888 1691 3084 1760 coepit.

1877 1773 1947 1826 At
1975 1772 2280 1842 Spolctanis
2303 1773 2530 1830 Carolus
2555 1791 2836 1848 regressus
2860 1781 2932 1834 ab
2956 1782 3087 1846 oris,

1809 1863 1890 1919 Ad
1914 1861 2163 1920 Ticinum
2191 1867 2369 1933 rediit,
2397 1869 2482 1923 cui
2511 1885 2656 1926 mmc
2677 1880 2763 1926 est
2790 1873 2954 1942 Papia
2989 1890 3186 1930 nomen

1739 1932 1785 1994 Β
1814 1954 1966 2010 ltalie
1996 1956 2243 2027 linquens
2267 1932 2401 2014 fines
2433 1960 2728 2032 Augustus,
2758 1932 3064 2034 A'qu-ensem

1815 2045 2054 2118 Expetiit
2082 2050 2286 2116 sedem,
2318 2052 2622 2122 mansitque
2649 2055 2866 2124 quietus
2894 2057 2998 2112 hoc
3026 2071 3187 2121 anno,

1812 2138 2021 2210 Perque
2043 2142 2124 2196 sui
2151 2150 2336 2210 partes
2361 2144 2511 2215 regni
2543 2144 2818 2202 direxerat
2846 2162 3036 2203 omnes
3061 2150 3088 2189 ι»

1813 2227 2062 2300 Legatos,
2090 2246 2262 2300 aequo
2289 2231 2468 2303 legum
2493 2234 2864 2292 moderamine
2889 2239 3152 2294 mandans

1812 2318 2058 2375 lusticias
2083 2319 2260 2376 facere
2289 2331 2343 2378 et
2379 2324 2558 2380 varias
2586 2341 2912 2398 componere
2937 2329 3082 2394 lites,

1814 2411 2059 2467 Reddere
2083 2412 2167 2468 ius
2205 2414 2362 2470 civile
2391 2416 2566 2482 bonis,
2598 2425 2806 2474 terrere
2829 2420 3094 2490 malignos
3126 2436 3141 2475 :

1813 2501 2032 2558 Divinas
2063 2504 2354 2575 mundique
2381 2507 2500 2576 pias
2519 2523 2583 2562 ex
2613 2508 2802 2565 ordine
2827 2510 2973 2581 leges

1815 2586 1965 2647 Tune
1988 2595 2228 2648 exerceri
2259 2597 2609 2652 mandaverat
2638 2607 2694 2653 et
2727 2602 2998 2656 renovari.

2279 2685 2430 2740 Ληηο
2456 2687 2580 2742 802.
2622 2685 2816 2744 India.
2846 2690 2901 2750 9..

1813 2770 1927 2830 Hoc
1955 2774 2020 2829 de
2049 2775 2354 2847 longinquis
2377 2777 2634 2849 elephans
2662 2780 2970 2850 regionibus
2993 2795 3136 2836 anno

1814 2865 2071 2922 Primitus
2099 2868 2380 2934 adductus,
2408 2869 2543 2923 mira
2569 2871 2872 2940 spectacula
2911 2887 3076 2942 regno

1814 2958 2146 3014 Francorum
2169 2978 2183 3027 ;
2211 2959 2435 3016 dederat
2461 2961 2748 3018 Persarum
2777 2964 3006 3034 denique
3034 2964 3286 3034 princeps

1815 3050 1969 3106 llunc
1998 3052 2177 3108 Aaron
2206 3071 2218 3106 :
2250 3053 2410 3118 idem,
2439 3053 2616 3110 fuerat
2639 3055 2724 3111 cui
2751 3057 2996 3112 subditus
3020 3055 3164 3112 ludis
3194 3067 3212 3097 ε

1815 3139 2067 3214 Exceptis
2090 3145 2272 3199 oriens
2297 3152 2461 3210 totus,
2494 3155 2780 3202 curaverat
2805 3148 2948 3203 ultro

1818 3235 1946 3289 Eius
1971 3237 2239 3290 amicitiae
2269 3252 2328 3292 se
2351 3234 2567 3292 foedere
2598 3238 2818 3309 iungere
2848 3239 3021 3302 firmo,

1813 3326 1892 3380 Ac
1919 3327 2136 3396 dignum
2170 3329 2319 3382 duxit
2345 3343 2442 3397 pre
2467 3329 2676 3382 eunetis
2705 3330 2920 3398 regibus
2943 3331 3118 3399 ipsum

1813 3418 2096 3488 Temporis
2118 3419 2259 3472 illius
2282 3419 2478 3482 solum,
2509 3419 2594 3474 cui
2620 3435 2843 3474 munera
2875 3421 3022 3491 larga

1811 3511 2090 3585 Praecipui
2115 3528 2278 3570 causa
2304 3514 2674 3570 transmittere
2702 3512 2862 3569 vellet
2889 3515 3128 3570 honoris.

1811 3605 1946 3660 Nam
1971 3621 2230 3675 gemmas,
2254 3621 2471 3680 aurum,
2495 3613 2673 3660 vestes
2699 3613 2754 3660 et
2779 3612 3020 3660 aromata
3053 3604 3262 3668 crebro,

1811 3701 1888 3756 Ac
1914 3700 2149 3770 reliquas
2175 3701 2400 3756 orientis
2427 3713 2557 3770 opes
2583 3701 2857 3756 direxerat
2880 3699 2974 3765 illi,

1809 3790 2127 3861 Ascribique
2154 3786 2329 3846 locum
2361 3799 2605 3846 sanctum
2634 3790 3114 3846 Hierosolimorum

1811 3879 2091 3938 Concessit
2117 3882 2366 3952 propriae
2391 3881 2566 3937 Caroli
2592 3897 2806 3952 semper
2834 3883 3054 3949 dicioni.

2234 3973 2261 4012 δ
2293 3976 2444 4029 Αηηο
2477 3974 2599 4029 805.
2633 3974 2828 4029 Indict.
2873 3975 2961 4030 10.

1813 4060 2018 4120 Nobilis
2043 4065 2131 4120 hic
2156 4081 2329 4120 annus
2351 4065 2494 4137 longi
2522 4067 2819 4121 certamina
2848 4066 2974 4122 belli

1812 4155 2051 4210 Tandem
2079 4157 2322 4213 Saxones
2346 4157 2488 4212 inter
2511 4155 2860 4227 Francosque
2886 4158 3091 4228 peracti

1811 4247 1996 4303 Firmo
2025 4256 2316 4318 perpetuae
2343 4249 2611 4305 conclusit
2639 4248 2855 4304 foedere
2875 4250 3046 4320 pacis.

1811 4339 2082 4410 Augustus
2110 4339 2231 4411 pius
2255 4341 2322 4396 ad
2348 4341 2531 4396 sedem
2562 4341 2691 4398 Salz
2721 4343 2938 4399 nomine
2967 4344 3167 4399 dictam

1814 4431 2041 4486 Venerat
2069 4445 2084 4484 :
2122 4431 2229 4486 huc
2253 4432 2398 4486 omni
2425 4430 2700 4488 Saxonum
2730 4433 3011 4490 nobilitate

1813 4522 2070 4589 Collecta,
2099 4521 2259 4578 simul
2296 4522 2394 4578 has
2427 4524 2578 4594 pacis
2615 4524 2760 4596 leges
2790 4524 3044 4590 inierunt,

1739 4633 1792 4694 ι)
1815 4613 1887 4670 Ut
1913 4622 2026 4670 toto
2058 4614 2276 4684 penitus
2302 4615 2447 4670 cultu
2475 4615 2688 4685 rituque
2719 4615 2908 4670 relicto

1813 4706 2034 4772 Gentili,
2067 4721 2228 4776 quem
2255 4708 2566 4763 daemonica
2601 4707 2750 4777 prius
2774 4715 2891 4761 arte
2918 4707 3167 4763 colebant

1815 4797 2055 4868 Decepti,
2077 4807 2200 4867 post
2230 4798 2363 4853 haec
2395 4798 2516 4853 fidei
2540 4813 2598 4852 se
2627 4798 2856 4852 subdere
2885 4798 3078 4853 vellent

1813 4890 2142 4956 Catholicae,
2165 4889 2486 4960 Christoque
2507 4890 2617 4945 Deo
2646 4891 2849 4944 servire
2873 4905 2969 4960 per
3001 4906 3212 4946 aevum.

1811 4980 1882 5035 At
1904 4997 2030 5037 vero
2053 4995 2277 5038 censum
2301 4980 2633 5036 Francorum
2660 4981 2879 5050 regibus
2910 4981 3078 5036 ullum

1815 5095 2037 5151 Carolus
2060 5095 2202 5151 enim
2229 5111 2316 5149 an.
2342 5094 2445 5151 804
2469 5111 2498 5150 e
2534 5093 2767 5151 Saxonia
2793 5095 3068 5152 Coloniam
3093 5106 3147 5152 et
3186 5095 3397 5164 Aquas-

1855 5167 1966 5220 rani
1999 5167 2229 5229 rediens,
2257 5165 2377 5220 Salz
2408 5167 2662 5236 palatium
2695 5167 2889 5221 itinere
2912 5184 3010 5222 suo
3049 5181 3154 5221 non
3197 5167 3396 5236 attigit.

1864 5253 1924 5292 ec
1952 5237 2094 5318 quod
2133 5252 2312 5318 unum,
2339 5235 2426 5318 hic
2462 5235 2642 5318 affgrri
2667 5247 2866 5318 posset,
2891 5238 3094 5318 codicis
3120 5235 3399 5318 bfcttensis

1814 5306 2094 5379 inscriptio
2117 5307 2427 5379 capitularis
2445 5309 2513 5379 ad
2539 5306 2899 5379 SalzL(Baluz.
2931 5306 3278 5379 Cizpitularia,
3304 5308 3393 5379 ed.

1813 5377 2057 5451 Cluiniac,
2090 5385 2129 5431 t.
2154 5377 2278 5451 l,_p.
2310 5378 2434 5442 415,
2475 5377 2537 5443 ll,
2589 5378 2867 5451 l06_3‘.)71n
2905 5377 3116 5451 quayo
3141 5378 3396 5451 annoad

1816 5446 1944 5501 Salz
1975 5449 2308 5503 contrarium
2337 5451 2585 5503 evincere
2615 5446 2834 5514 suffieit,
2857 5446 2981 5504 cum
3002 5447 3256 5504 Einhardi
3284 5448 3394 5501 An-

1813 5517 2015 5572 nalimn
2060 5519 2437 5574 auctoritatem
2484 5520 2587 5575 hoc
2641 5535 2754 5574 {evo
2803 5521 3095 5574 maximam
3143 5525 3198 5572 et
3251 5518 3395 5570 inter

1810 5589 2102 5657 scriptores
2139 5590 2292 5657 quasi
2332 5591 2547 5644 unicam
2587 5606 2725 5653 esse,
2767 5606 2924 5645 nemo
2953 5589 3175 5645 nesciat.
3206 5584 3394 5641 Errori

1812 5656 1998 5713 ansam
2027 5656 2356 5731 praebuerit,
2375 5662 2515 5729 quod
2542 5670 2700 5730 poeta
2722 5662 2880 5715 aliam
2903 5676 3111 5731 pacem,
3142 5674 3261 5731 cum
3273 5656 3392 5731 _in_1-

1809 5725 2057 5798 peratore
2085 5729 2290 5785 scilicet
2329 5725 2936 5800 Constantinopolitano,
2961 5746 3102 5785 anno
3135 5728 3239 5783 805
3267 5725 3391 5782 Salz
3466 5789 3470 5793 1

1809 5801 2120 5857 conclusam
2147 5814 2284 5866 esse,
2319 5801 2371 5854 in
2398 5800 2695 5856 Annalibus
2723 5801 2979 5856 Einhardi
3012 5800 3157 5871 legit.
