4026 6364
624 390 728 477 71'9
1045 413 1052 416 ·
1103 453 1108 460 .
1956 384 2234 455 poema

623 535 847 590 Solvere
879 545 978 588 nec
1005 529 1218 601 penitus
1239 524 1498 581 deberent
1519 529 1678 589 atque
1704 517 1986 575 tributum.

623 629 950 683 Cunctorum
967 622 1180 694 pariter
1204 617 1392 674 statuit
1413 613 1677 670 sententia
1707 623 1954 672 concors,

626 717 735 773 Sed
757 723 962 771 tantum
987 707 1420 769 decimas'divina
1443 706 1560 776 lege
1593 709 1820 759 statutas
1859 747 1867 751 .

625 808 913 873 Oﬂ'errent,
940 820 1005 860 ac
1035 801 1340 873 presulibus
1369 808 1560 868 parere
1594 793 1890 852 studerent,

626 900 973 972 lpsorumquc
1001 893 1159 950 simul
1187 893 1349 954 clero,
1375 889 1466 960 qui
1489 889 1736 957 degmata
1767 898 1942 945 sacra,

625 993 834 1062 Quique
855 990 1011 1045 ﬁdem
1039 985 1265 1041 Domino
1300 982 1551 1054 placitam
1581 981 1854 1046 vitamque
1891 975 2127 1029 doceret.

625 1087 762 1140 Tum
791 1085 891 1139 sub
925 1080 1189 1136 iudicibus
1214 1088 1238 1118 ι·
1258 1117 1273 1142 ,
1306 1089 1441 1145 quos
1473 1087 1570 1127 rex
1598 1071 1881 1140 inponerat
1908 1065 2059 1136 ipsis,

623 1175 944 1246 Legatisque
965 1171 994 1210 δ
1028 1169 1157 1233 suis,
1187 1163 1432 1236 permissi
1470 1162 1676 1232 legibus
1700 1158 1778 1214 uti

625 1267 866 1319 Saxones
895 1259 1082 1331 patriis
1103 1266 1157 1312 et
1183 1255 1446 1312 libertatis
1482 1254 1707 1308 honore.

623 1353 736 1408 lloc
766 1359 895 1407 sunt
909 1357 1185 1420 postremo
1208 1345 1396 1402 sociati
1431 1343 1643 1398 foedere
1680 1337 1924 1401 Francis,

623 1443 695 1500 Ut
715 1456 847 1511 gens
870 1448 924 1496 et
947 1438 1356 1511 populus-ﬁeret
1380 1433 1722 1491 concorditer
1746 1447 1884 1487 unus
1900 1471 1916 1498 ,

622 1535 702 1590 Ac
727 1548 939 1602 semper
962 1533 1077 1600 regi
1099 1528 1292 1602 parens
1317 1527 1614 1597 aequaliter
1639 1525 1750 1579 uni.

625 1627 684 1683 Si
715 1636 898 1683 tamen
923 1627 1030 1682 hoc
1062 1623 1281 1679 dubium
1312 1625 1562 1690 cuiquam
1583 1617 1811 1672 fortasse
1833 1615 2065 1677 videtur,

625 1720 703 1776 De
725 1720 836 1774 vita
868 1717 1128 1787 scriptum
1155 1714 1331 1770 Caroli
1359 1713 1501 1783 legat
1540 1712 1652 1780 ipse
1693 1709 1926 1764 libellum
1946 1745 1960 1773 ,

625 1809 797 1878 Quem
820 1809 1061 1864 Francos
1084 1808 1226 1862 inter
1261 1805 1443 1862 clarus
1465 1816 1735 1872 verasque
1762 1800 1965 1855 relator

625 1904 708 1958 Ac
735 1916 944 1957 summe
968 1901 1224 1970 prudens,
1256 1895 1562 1951 Eiuhardus
1601 1893 1836 1957 nomine,
1877 1888 2112 1960 scripsit.

629 1994 743 2050 Hac
771 1993 934 2064 igitur
952 1991 1103 2062 pacis
1123 1991 1224 2046 sub
1245 1988 1552 2044 conditione
1574 1984 1758 2040 ﬁdeles

632 2087 704 2142 Se
725 2085 917 2142 Carolo
942 2125 956 2150 ,
996 2083 1246 2153 natisque
1274 2082 1405 2145 suis,
1435 2079 1698 2148 stirpique
1727 2083 1982 2145 nepotum

631 2177 830 2248 lpsius,
872 2176 1184 2230 iuraverunt
1211 2187 1307 2242 per
1333 2169 1508 2226 saecla
1535 2169 1766 2223 futuros.

631 2267 779 2333 Quos
807 2281 903 2336 per
931 2274 1014 2320 ter
1037 2264 1204 2318 denos
1238 2270 1292 2316 et
1320 2270 1433 2316 tres
1458 2269 1567 2313 tam
1589 2258 1795 2314 duriter
1818 2271 1989 2310 annos

631 2361 900 2430 Linquere
936 2356 1195 2429 protracti
1235 2355 1449 2427 penitus
1469 2345 1756 2410 conamina
1785 2350 1909 2406 belli

631 2455 760 2511 Plus
787 2453 928 2524 regis
956 2453 1130 2524 pietas
1162 2461 1218 2506 et
1247 2447 1614 2504 muniﬁcentia
1638 2446 1763 2502 fecit
1781 2487 1795 2510 ,

633 2545 806 2614 Quam
832 2555 1028 2600 terror.
1059 2541 1193 2597 Nam
1225 2555 1283 2596 se
1303 2539 1549 2613 quisquis
1578 2538 1924 2594 commiserat
1950 2551 2067 2592 eius

635 2639 900 2709 Egregiae
922 2637 1064 2699 ﬁdei,
1100 2636 1238 2690 ritus
1272 2634 1576 2704 spernendo
1599 2631 1882 2703 profanos,

637 2732 793 2788 Ilunc
814 2730 1006 2801 opibus
1035 2731 1212 2785 ditans
1230 2729 1459 2784 ornabat
1479 2726 1776 2782 honoribus
1800 2725 2014 2795 amplis.

639 2824 804 2895 Copia
833 2823 1162 2893 pauperibus
1193 2820 1499 2876 Saxonibus
1533 2819 1713 2890 agnita
1743 2819 1980 2890 primum

641 2914 796 2969 Tunc
822 2913 999 2968 fuerat
1026 2912 1226 2978 rerum,
1249 2927 1385 2982 quas
1412 2910 1583 2966 Gallia
1609 2911 1715 2965 fert
1746 2908 2017 2978 opulenta,

643 3007 871 3063 Praedia
905 3005 1253 3078 praestiterat
1287 3020 1410 3059 cum
1448 3019 1538 3057 rex
1581 3001 1954 3072 cumpluribus
1992 2999 2122 3061 illic,

644 3102 725 3155 Ex
750 3101 948 3170 quibus
977 3099 1286 3171 acciperent
1302 3098 1582 3170 preciosae
1614 3097 1850 3167 tegmina
1888 3095 2084 3160 vestis,

643 3194 868 3265 Argenti
891 3193 1162 3257 cumolos,
1201 3191 1482 3260 dulcisque
1515 3189 1711 3244 ﬂuenta
1739 3187 1875 3244 Liei.

646 3278 743 3339 llis
773 3285 860 3340 ubi
886 3285 1151 3355 primores
1173 3283 1330 3338 donis
1356 3281 1614 3343 illexerat,
1651 3294 1840 3336 omnes

649 3376 935 3431 Subiectos
959 3375 1175 3430 sibimet
1201 3374 1437 3445 reliquos
1465 3373 1761 3428 obtriverat
1780 3371 1946 3426 armis
1969 3409 1986 3435 ,

648 3466 717 3520 Et
741 3464 926 3520 multis
949 3473 1166 3534 experta
1192 3463 1367 3518 modis
1397 3463 1629 3518 innotuit
1666 3463 1784 3517 eius

647 3555 782 3609 Tam
809 3553 980 3609 dulcis
1001 3553 1175 3624 pietas
1201 3568 1365 3624 quam
1388 3552 1744 3609 formidabilis
1774 3554 1877 3616 ira,

647 3646 960 3703 Praefatum
994 3655 1228 3702 statuere
1251 3646 1354 3702 ﬁde
1382 3661 1601 3701 servare
1626 3646 1850 3716 perenni

648 3741 882 3808 Foedus,
911 3749 965 3797 et
989 3740 1214 3796 ulterius
1242 3755 1348 3795 non
1387 3740 1440 3794 id
1466 3746 1705 3796 mutasse
1738 3740 2056 3811 probantur.

1104 3854 1256 3908 Anno
1284 3852 1408 3909 804.
1449 3852 1644 3907 Indici.
1687 3853 1775 3906 ll.

653 3963 872 4020 Praesul
903 3965 1228 4034 apostolicus
1250 3964 1422 4018 Roma
1450 3963 1688 4032 perrexit
1712 3963 1779 4016 ab
1805 3963 1960 4026 urbe,

652 4056 877 4126 Augusti
903 4055 1011 4110 Leo
1042 4054 1289 4126 ﬂagranti
1317 4055 1578 4111 deductus
1600 4068 1782 4106 amore
1801 4093 1817 4116 ,

653 4145 963 4225 Aecclesiae
985 4161 1198 4217 quoque
1225 4161 1324 4216 pro
1346 4146 1544 4210 causis,
1573 4144 1768 4214 quibus
1796 4142 2066 4214 imperiali

655 4236 790 4291 Esse
815 4236 1030 4291 videbat
1059 4253 1194 4306 opus
1225 4236 1550 4301 munimine,
1585 4253 1772 4292 rursus
1791 4235 1942 4290 adire

655 4326 990 4382 Francorum
1021 4337 1196 4382 terras
1220 4334 1471 4397 satagens
1492 4342 1587 4396 per
1612 4327 1768 4398 longa
1791 4327 2018 4381 viarum.

658 4417 757 4473 llic
782 4419 872 4474 ubi
907 4419 1174 4474 terribiles
1200 4417 1435 4486 primum
1472 4418 1880 4474 transcenderat
1918 4415 2097 4487 Alpes,

657 4509 992 4564 Adventasse
1019 4509 1196 4564 virum
1223 4518 1430 4563 tantum
1459 4523 1675 4564 rumore
1696 4509 1901 4566 volucri

661 4601 841 4656 Indice
869 4610 1208 4672 compererat
1235 4603 1416 4658 statim
1437 4616 1604 4671 prope
1623 4600 1796 4656 Gallia
1825 4609 1960 4664 tota,

663 4692 918 4750 Protinus
939 4695 1043 4749 hoc
1065 4695 1226 4748 etiam
1273 4695 1444 4749 laetus
1473 4694 1741 4764 cognovit,
1771 4700 1824 4747 et
1855 4691 1931 4745 illi

666 4785 869 4840 Obvius
896 4787 1172 4858 Augustus
1197 4787 1524 4842 Remensem
1550 4785 1697 4840 venit
1722 4784 1786 4838 ad
1811 4785 1996 4840 urbem
2017 4823 2033 4849 ,

671 4873 1099 4947 Susceptumque
1133 4877 1265 4933 satis
1286 4877 1447 4948 digno
1478 4886 1763 4931 veneratus
1788 4875 1994 4930 honore

668 4965 908 5020 Duxerat
934 4967 1001 5022 ad
1041 4967 1242 5034 sedem,
1277 4968 1361 5023 cui
1389 4982 1583 5022 nomen
1607 4967 1932 5022 Carisiacus.

671 5056 875 5113 Natalis
899 5053 1106 5113 Domini
1152 5059 1305 5114 festis
1335 5060 1405 5114 ibi
1440 5060 1540 5114 rite
1565 5059 1822 5129 peractis,

675 5149 830 5204 Sedis
850 5148 1116 5219 Aquensis
1151 5149 1348 5204 abhinc
1374 5148 1642 5218 petierunt
1665 5150 1875 5204 moenia
1905 5147 2189 5218 pulchrae,

675 5238 1035 5310 Gloriﬁceque
1070 5241 1230 5296 simul
1251 5241 1522 5297 celebrato
1553 5251 1792 5311 tempore
1819 5251 2027 5305 sancto,

677 5337 795 5402 Quo
817 5334 970 5388 stella
997 5343 1332 5390 monstrante
1359 5334 1498 5405 Magi
1519 5347 1847 5404 cognoscere
1869 5333 1984 5388 veri

677 5426 738 5482 ln
769 5427 930 5482 terris
959 5427 1070 5481 nati
1098 5435 1410 5484 meruerunt
1439 5427 1657 5482 luminis
1686 5435 1885 5491 ortum,

681 5519 1068 5590 Colloquioque
1104 5519 1328 5585 dehinc,
1373 5537 1473 5590 pro
1515 5536 1622 5591 quo
1668 5520 1884 5590 praesul
1922 5516 2262 5575 venerandus

685 5613 942 5678 Venerat,
969 5613 1200 5682 expleto,
1237 5629 1331 5667 rex
1362 5613 1578 5668 inclitus
1614 5611 1808 5668 obtulit
1837 5611 1910 5668 illi

692 5782 695 5785 -
759 5761 785 5791 ι
825 5749 1121 5804 Iudicibus.
1163 5750 1216 5802 ιιι
1243 5757 1322 5804 est
1350 5749 1654 5804 comitibus.

762 5821 789 5866 δ
828 5819 1054 5900 Leqatis.
1099 5820 1274 5877 Missis
1301 5820 1602 5876 dominicis.

2249 389 2543 447 SAXONIS
2865 388 2870 390 ’
3555 388 3558 390 ⁷
3768 365 3856 422 Ἰῖθ

2227 508 2275 566 Α
2305 501 2546 564 Munera,
2584 498 2743 568 digna
2769 493 2929 550 simul
2957 489 3105 547 danti
3136 503 3232 545 seu
3263 480 3596 554 suscipienti,
3632 531 3656 550 ,

2305 596 2402 650 Hic
2423 608 2542 648 cum
2572 589 2884 661 pontiﬁcum
2927 582 3285 643 clarissimus,
3311 576 3506 645 illeque
3537 587 3717 642 regum

2305 687 2587 756 Temporis
2609 684 2767 745 illius,
2795 679 2944 735 nullo
2975 676 3256 733 dubitante
3289 669 3534 724 fuissent.

2304 779 2401 834 His
2441 752 2623 847 gestis
2644 813 2660 840 ,
2725 770 3002 841 propriam
3029 763 3250 836 praesul
3283 756 3548 815 remeavit
3573 752 3640 808 ad
3665 752 3856 819 urbem,

2305 867 2482 935 Seque
2506 864 2608 918 viri
2637 863 2992 918 seiunxerunt
3028 856 3099 910 ibi
3131 866 3360 922 corpore
3397 848 3533 910 solo,

2306 959 2497 1014 Mentis
2517 972 2701 1011 amore
2726 954 2815 1024 pio
2845 950 3012 1005 iuncti
3036 949 3153 1002 sine
3181 946 3287 1000 ﬁne
3322 947 3624 998 manentes.

2776 1063 2932 1116 Anno
2957 1057 3083 1115 805.
3120 1054 3318 1110 Indici.
3351 1051 3440 1105 l2.

2307 1181 2466 1238 Natio
2504 1181 2823 1236 Sclavorum
2853 1175 3032 1231 studio
3061 1171 3194 1228 satis
3220 1183 3411 1239 aspera
3437 1163 3565 1221 belli
3593 1205 3608 1228 ,

2307 1276 2453 1343 Quos
2483 1274 2749 1328 Bebemos
2776 1269 3037 1332 vocitant,
3065 1266 3118 1320 in
3150 1280 3207 1319 se
3231 1262 3449 1318 levitate
3479 1247 3696 1328 procaci

2307 1365 2532 1421 lrritans
2555 1361 2815 1425 Francos,
2845 1357 3024 1414 Caroli
3055 1359 3420 1411 commoverat
3455 1351 3620 1404 iram.

2309 1459 2454 1526 Quos
2478 1463 2666 1512 contra
2695 1454 2894 1509 missus
2927 1450 3110 1506 multis
3135 1463 3257 1503 cum
3287 1445 3506 1500 milibus
3531 1443 3654 1496 eius

2308 1552 2480 1606 Natus
2513 1558 2567 1604 et
2600 1547 2947 1616 aequivocus,
2975 1541 3178 1597 bellum
3208 1539 3410 1592 virtute
3435 1533 3624 1605 sagaci

2310 1639 2626 1702 Commisit,
2669 1635 2833 1691 celeri
2870 1631 3047 1688 victor
3066 1630 3212 1701 quod
3242 1628 3348 1682 ﬁne
3370 1625 3606 1696 peregit.

2778 1745 2928 1800 Anno
2966 1740 3092 1800 806.
3123 1730 3319 1794 Indici.
3356 1737 3443 1791 l5.

2246 1860 2288 1919 Β
2316 1861 2451 1916 Cum
2482 1860 2604 1930 pius
2623 1856 2901 1928 Augustus
2926 1853 3136 1911 Domini
3167 1848 3466 1906 munimine
3495 1845 3693 1908 fultus,

2319 1955 2586 2024 Legitimo
2615 1959 2840 2006 cunctos
2865 1949 2998 2004 tanti
3020 1944 3386 2002 moderamine
3416 1940 3555 1995 ﬁnes

2317 2048 2533 2118 imperii
2559 2061 2801 2108 servans,
2829 2041 3094 2114 placidam
3130 2039 3284 2109 daret
3309 2035 3547 2105 undique
3575 2040 3752 2104 pacem
3772 2067 3788 2095 ,

2324 2141 2539 2197 Sollerti
2565 2138 2927 2194 meditabatur
2950 2133 3216 2206 depellere
3239 2145 3435 2187 causas

2325 2230 2500 2286 Mente
2525 2228 2884 2292 simultatum,
2911 2225 3108 2298 populo
3137 2239 3273 2294 quas
3301 2235 3460 2292 posse
3487 2219 3639 2275 ﬁdeli

2326 2321 2592 2390 Tempore
2621 2318 2908 2375 discidium
2941 2316 3075 2372 vidit
3101 2328 3364 2386 generare
3390 2311 3602 2366 futuro.

2234 2467 2250 2484 ,
2328 2411 2480 2468 Unde
2503 2427 2632 2468 suos
2656 2413 2799 2465 inter
2820 2416 2975 2464 natos
2998 2423 3066 2462 ne
3094 2395 3314 2478 gignere
3348 2410 3536 2473 posset

2325 2505 2457 2560 Post
2476 2503 2712 2572 aliQuam
2742 2502 2890 2566 litem
2925 2498 3089 2571 patrii
3117 2495 3312 2552 divisio
3346 2492 3522 2564 regni,

2329 2599 2520 2656 Certus
2543 2598 2657 2670 ipse
2685 2596 2832 2653 dedit
2861 2602 3046 2666 partes
3073 2600 3134 2647 ut
3167 2591 3360 2660 cuique
3397 2587 3642 2642 volebat.

2333 2707 2355 2734 τ
2397 2693 2584 2748 Italico
2628 2691 2740 2760 regi
2771 2689 3078 2744 Baioariam
3121 2685 3281 2740 simul
3310 2695 3529 2738 omnem

2332 2785 2558 2855 Pippino
2583 2783 2893 2844 addiderat;
2925 2794 3026 2833 nec
3052 2794 3158 2833 non
3182 2773 3517 2846 Burgundia,
3547 2778 3798 2842 quantum

2332 2875 2494 2931 Parte
2521 2874 2621 2929 sub
2643 2880 2885 2930 extrema
2911 2869 3082 2925 celsas
3103 2866 3387 2922 interiacet
3415 2863 3606 2932 Alpes,

2333 2965 2466 3021 Cum
2489 2962 2678 3034 paucis
2713 2961 3135 3016 Alamannorum
3165 2971 3382 3026 quoque
3410 2954 3616 3008 ﬁnibus
3639 2951 3707 3006 illi

2335 3056 2609 3113 Traditur.
2650 3053 2720 3108 At
2757 3051 2955 3108 Carolo
2993 3050 3231 3119 reliquos
3267 3047 3478 3103 donans
3529 3044 3852 3104 Alamannos.

2339 3147 2582 3202 Saxones
2607 3161 2669 3198 ac
2695 3143 2964 3198 Fresones
2984 3139 3215 3196 subiecit
3231 3137 3402 3193 eidem
3422 3177 3437 3200 ,

2259 3229 2305 3292 C
2337 3236 2436 3292 Cui
2472 3235 2630 3290 simul
2655 3250 2720 3290 ex
2751 3247 2943 3303 magna
2967 3230 3140 3285 fertur
3159 3229 3284 3282 data
3311 3225 3484 3283 Gallia
3519 3235 3703 3296 parte,

2337 3327 2537 3384 Oceani
2561 3326 2730 3381 donec
2756 3323 2925 3378 vastis
2949 3319 3288 3376 concluditur
3315 3318 3495 3372 undis.

2337 3415 2494 3471 llnnc
2521 3416 2573 3470 in
2599 3413 2932 3469 Francorum
2957 3410 3175 3466 sibimet
3203 3409 3500 3464 succedere
3523 3419 3729 3477 regnum

2338 3505 2633 3577 Disposuit,
2663 3503 2708 3558 si
2732 3518 2838 3558 non
2866 3501 3022 3557 aliter
3055 3498 3286 3553 Domino
3319 3497 3638 3568 placuisset.

2341 3598 2616 3654 Subicitur
2641 3611 2770 3651 vero
2798 3593 3026 3663 sceptris
3053 3591 3362 3662 Burgundia
3384 3603 3558 3659 paene

2341 3692 2476 3746 Tota
2501 3692 2574 3760 pii
2601 3689 2742 3760 regis
2765 3686 3084 3750 llludovvici,
3108 3685 3224 3739 iure
3249 3683 3486 3737 tenentis

2341 3785 2471 3839 Post
2493 3785 2626 3837 haec
2651 3779 2959 3849 imperium,
2990 3793 3089 3831 nec
3116 3789 3222 3830 nou
3250 3773 3542 3843 Aquitania
3575 3777 3776 3831 cuncta,

2343 3878 2492 3946 Quae
2514 3874 2802 3931 commissa
2826 3872 2976 3942 prius
2993 3869 3188 3931 fuerat,
3221 3883 3363 3922 nunc
3387 3866 3625 3921 traditur
3646 3863 3718 3917 illi

2343 3968 2399 4024 In
2437 3980 2658 4037 regnum
2686 3964 2964 4034 proprium
2983 4001 2996 4026 ,
3027 3959 3207 4015 stabili
3235 3958 3447 4013 dicione
3475 3955 3782 4026 regendum.

2345 4059 2481 4115 Hinc
2501 4071 2690 4112 omnes
2713 4057 3037 4115 obtestatus,
3059 4050 3394 4119 multumque
3414 4056 3692 4118 precatus,

2344 4147 2637 4203 Admonuit
2665 4159 2883 4200 servare
2912 4143 3094 4207 ﬁdem,
3127 4155 3227 4195 nec
3256 4153 3512 4209 spernere
3545 4151 3752 4209 pacem,

2346 4241 2424 4296 Ne
2448 4238 2669 4309 proprio
2690 4237 2975 4306 quisquam
3012 4244 3350 4303 transgresso
3386 4229 3560 4284 limite
3583 4269 3598 4292 ,
3640 4237 3821 4283 causas

2347 4330 2611 4386 Rixarum
2646 4327 2880 4396 bellique
2915 4327 3089 4389 daret,
3125 4322 3340 4392 fusique
3369 4320 3586 4376 cruoris

2349 4420 2705 4478 Christicolae
2730 4418 2903 4488 plebis
2930 4416 3126 4471 merito
3151 4429 3277 4468 reus
3317 4420 3462 4467 esset
3487 4411 3542 4464 in
3580 4421 3789 4470 aevum,

2352 4515 2458 4570 Sed
2490 4513 2731 4568 facerent
2759 4513 2902 4566 inter
2930 4525 3070 4574 sese,
3100 4523 3207 4578 quo
3229 4506 3381 4560 ﬁrma
3411 4510 3660 4558 maneret

2277 4581 2325 4639 D
2360 4608 2547 4663 Debita
2577 4605 2850 4660 fraternas
2871 4603 3090 4658 socians
3118 4599 3408 4655 concordia
3429 4606 3660 4656 mentes.

2359 4701 2477 4769 Ipse
2509 4699 2705 4754 dehinc
2734 4696 2986 4766 princeps
3016 4692 3071 4747 in
3095 4692 3222 4746 sede
3243 4689 3497 4745 manebat
3517 4687 3777 4758 Aquensi,

2360 4791 2471 4846 Nec
2505 4787 2873 4860 post'militiae
2896 4784 3083 4839 solitos
3125 4781 3367 4836 exercuit
3404 4794 3555 4843 usus,

2361 4883 2470 4939 Aut
2494 4882 2704 4952 aliquos
2735 4879 2832 4934 ivit
2862 4877 3062 4932 bellum
3082 4884 3334 4945 gesturus
3357 4873 3410 4927 in
3437 4873 3644 4927 hostes.

2364 4974 2498 5030 Nam
2535 4990 2634 5028 nec
2660 4988 2795 5043 opus
2817 4971 3010 5032 fuerat,
3036 4984 3134 5023 nec
3157 4983 3280 5022 eum
3303 4965 3623 5036 permiserat
3647 4972 3812 5024 aetas,

2363 5069 2474 5125 lam
2501 5067 2696 5136 quibus
2719 5064 3025 5118 exsaciatus
3054 5069 3185 5122 erat,
3220 5074 3480 5115 renovare
3503 5057 3733 5118 labores,

2367 5159 2464 5215 Cui
2493 5157 2672 5229 gravis
2697 5157 2965 5224 inrepens,
2999 5162 3054 5208 et
3085 5169 3181 5223 per
3211 5159 3483 5206 momenta
3525 5136 3775 5204 senectus

2369 5251 2589 5322 Singula
2622 5259 2987 5310 succrescens,
3017 5247 3220 5300 faceret
3248 5245 3564 5300 decrescere
3588 5241 3747 5294 vires.

2830 5375 2981 5429 Anno
3011 5373 3134 5430 807.
3174 5370 3370 5426 Indici.
3400 5368 3487 5424 14.

2371 5509 2484 5565 Rex
2511 5507 2843 5562 Sarraeenae
2873 5506 3050 5577 gentis
3077 5505 3302 5559 nimium
3334 5503 3684 5566 truculentae,

2373 5600 2548 5669 Atque
2569 5597 2747 5668 gravis
2768 5596 2874 5650 late
2896 5595 3097 5652 mundo
3125 5603 3376 5664 terraque
3398 5595 3667 5663 marique,

2454 5784 2474 5811 ο
2520 5772 2602 5826 Ex.
2623 5770 2818 5828 Charta
2847 5771 3122 5827 divisionis
3146 5770 3390 5841 imperii.-
