4026 6364
189 346 267 402 πει
438 342 694 402 ANNAL.
734 343 823 399 DE
861 342 1103 400 GESTIS
1137 343 1197 399 Β.
1236 342 1491 400 CAROLI
1525 336 1741 429 MACNI
1776 342 1954 400 LIBRI
1994 343 2071 433 ν.
2097 374 2168 383 -
2199 343 2360 399 V‘ITA
2398 343 2674 401 CAROLI.
2715 378 2785 387 —
2820 344 2948 401 LIB.
2986 345 3078 402 IV.
3108 406 3112 411 ,
3331 342 3437 407 723

192 458 470 517 Muneribus
502 466 682 513 tamen
702 460 1001 528 Angustum
1029 469 1316 516 veneratur
1345 460 1561 530 opimis,
1770 462 1820 520 Α
2308 464 2458 516 Anno
2481 461 2604 517 8l0.
2648 461 2842 517 Indict.
2882 464 2937 518 2.

193 550 560 608 Transmittens
597 550 758 605 etiam
790 553 1060 627 quoddam
1102 553 1346 608 mirabile
1367 556 1571 609 donum
1849 545 2103 619 Pippinus
2128 565 2223 605 rex
2245 549 2447 615 Italiae,
2474 551 2565 606 lux
2596 552 2777 608 inclita
2812 555 3079 624 quondam

189 646 399 714 Denique
428 654 575 706 tunc,
610 644 749 698 inter
777 646 1007 700 tentoria
1033 646 1270 717 qualibet
1311 653 1433 701 arte,
1845 640 2181 697 Francorum
2206 684 2221 709 ,
2263 645 2436 700 nitido
2476 645 2677 701 laetum
2713 662 2838 701 cum
2879 650 3103 704 duceret
3137 665 3359 719 aevum,

189 738 325 792 Facta
353 734 499 789 dedit
522 734 697 790 maius
720 736 928 790 cunctis
957 744 1011 791 et
1041 736 1278 807 pulcrius
1304 753 1495 795 unum.
1845 733 2004 789 Flore
2026 734 2211 805 vigens
2238 735 2401 790 simul
2429 738 2625 792 aetatis
2655 740 2961 810 mentisque
2991 742 3215 810 decore,

188 825 325 881 Fama
350 825 486 881 solet
513 833 755 879 veterum
778 826 1069 895 quicquam
1093 828 1138 881 si
1165 828 1345 882 dicere
1368 842 1555 882 verum
1580 868 1595 895 ,
1845 827 1941 884 Cui
1969 828 2246 897 praeclara
2271 828 2371 884 fuit
2392 830 2586 896 virtus,
2614 832 2699 886 cui
2721 832 2891 903 gloria
2920 849 3150 899 summa,

186 918 478 981 Mirandum,
512 917 739 973 collecta
769 916 947 972 forent
972 919 1058 973 ubi
1087 919 1314 993 carbasa
1349 928 1518 987 tanta,
1845 918 2036 974 Omnia
2060 918 2268 974 fallacis
2301 922 2507 990 pariter
2527 923 2616 977 cui
2644 938 2903 993 prospera
2932 924 3117 979 mundi

181 1010 467 1080 Autquibus
490 1018 609 1063 orta
640 1023 793 1079 seges
820 1008 914 1062 lini
940 1017 1048 1063 tam
1080 1008 1273 1064 fertilis
1300 1010 1465 1080 agris,
1846 1009 1998 1064 Tunc
2026 1010 2271 1077 aderant,
2305 1012 2496 1067 morbo
2524 1012 2692 1068 vitam
2728 1015 2902 1070 finivit
2932 1017 3149 1072 acerbo.

183 1101 407 1156 Materies
435 1101 586 1170 operi
620 1115 758 1171 quae
785 1108 967 1170 posset
996 1100 1189 1155 idonea
1228 1110 1379 1156 tanto
1846 1101 2171 1157 lmmaturus
2199 1102 2325 1159 huic
2352 1104 2535 1159 obitus
2562 1106 2899 1177 iucundaque
2922 1108 3030 1162 vita

179 1194 336 1250 Aﬂ‘ore
363 1211 377 1247 :
402 1194 819 1249 nonhominum
842 1201 1045 1248 tantam
1076 1194 1180 1249 nisi
1202 1194 1349 1249 milia
1376 1194 1574 1250 molem
1846 1193 2058 1259 Extitit,
2088 1195 2228 1248 unde
2253 1209 2350 1250 suo
2377 1196 2604 1250 nimium
2637 1198 2704 1252 de
2726 1197 2913 1253 funere
2942 1199 3081 1270 patri

179 1286 457 1357 Erigerent.
500 1286 754 1355 Spacium
787 1286 961 1355 campi
994 1285 1335 1341 concluserat
1365 1285 1602 1357 amplum
1846 1282 2109 1339 Omnibus
2157 1292 2213 1338 et
2268 1283 2496 1339 Francis
2533 1288 2796 1356 gemitum
2837 1288 3149 1360 luctumque
3197 1290 3433 1362 reliquit.

179 1376 382 1433 Testilis
401 1377 635 1432 excelsis
658 1376 840 1445 paries
868 1375 1108 1432 herendo
1132 1377 1423 1443 columnis,
2333 1375 2484 1429 Anno
2507 1376 2631 1431 811.
2660 1375 2858 1433 Iudict.
2891 1380 2945 1434 5.

176 1468 271 1525 Nec
296 1469 486 1525 summi
516 1468 733 1523 culmen
763 1469 891 1524 tecti
917 1484 1175 1538 superare
1208 1468 1390 1523 volatu
1849 1466 2060 1544 Bursus
2091 1474 2153 1520 ut
2185 1467 2530 1537 omnipotens
2561 1484 2716 1524 caros
2742 1471 2845 1525 sibi
2884 1487 3012 1544 sepe
3041 1470 3265 1543 ﬂagellis

177 1559 375 1616 Viribus
396 1558 664 1629 impulsae
689 1559 898 1629 magnis
927 1567 1152 1630 potuere
1172 1559 1425 1629 sagittae.
1846 1538 2062 1624 Erudit,
2099 1568 2354 1619 aeternae
2390 1562 2479 1617 det
2502 1569 2562 1617 ut
2588 1562 2692 1618 illis
2730 1564 2924 1634 gaudia
2945 1538 3117 1631 vitae,

178 1651 306 1707 Intus
330 1659 487 1707 erant
514 1650 665 1705 multi
693 1651 908 1720 generis
930 1650 1237 1706 habitacula
1264 1650 1510 1719 pulchra,
1845 1648 2092 1720 Augusto
2112 1649 2194 1705 vis
2220 1650 2405 1705 iudicii
2432 1654 2739 1707 veneranda
2776 1654 2993 1723 superni

177 1745 389 1811 Quilibet
415 1743 701 1812 egrediens
719 1751 777 1798 ut
809 1758 915 1797 non
943 1742 1079 1798 haec
1098 1758 1219 1798 esse
1242 1752 1459 1813 putaret
1790 1812 1799 1813 ί
1851 1739 2081 1795 Omnem
2107 1742 2389 1811 praeteriti
2422 1740 2621 1801 luctum
2649 1744 3019 1813 geminaverat
3046 1745 3195 1810 anni,

177 1837 287 1891 Vela
309 1837 573 1897 movenda
609 1836 746 1902 loco,
781 1835 876 1890 sed
907 1836 1116 1889 moenia
1138 1835 1334 1891 nobilis
1356 1834 1529 1891 aulae.
1783 1812 1823 1872 Β
1851 1829 2022 1899 Ipsius
2045 1847 2329 1887 assumens
2350 1833 2513 1887 alium
2539 1834 2605 1888 de
2629 1850 2858 1904 corpore
2882 1844 3104 1901 natum,

172 1929 887 1995 IntereaNorthmannorum
915 1928 1042 1995 dux,
1067 1927 1280 1984 Alfdeni
1317 1928 1515 1993 dictus,
1850 1922 2198 1993 Mortalisque
2223 1924 2413 1978 iubens
2442 1925 2585 1979 vitae
2614 1925 2769 1980 finire
2803 1926 3084 1983 tumultus.

171 2022 394 2093 Augusto
420 2036 617 2092 magna
653 2035 771 2075 sese
790 2020 1084 2075 comitante
1105 2028 1322 2075 caterva
1850 2014 1948 2070 Hic
1968 2017 2141 2086 patris
2166 2018 2460 2087 equivocus
2485 2017 2681 2083 fuerat,
2716 2034 2817 2075 nec
2847 2019 3066 2074 nomine
3092 2018 3227 2085 solo,

172 2112 423 2180 Subdidit,
479 2121 642 2182 atque
701 2110 861 2167 fidem
896 2112 1104 2167 studuit
1141 2112 1357 2167 firmare
1406 2124 1723 2181 perennem.

1605 2124 1723 2171 iam,
1848 2106 2030 2161 Indole
2052 2108 2147 2161 sed
2174 2108 2369 2163 mentis
2395 2108 2539 2163 clara
2560 2109 2936 2181 probitateque
2962 2125 3195 2176 morum,

572 2199 579 2210 ’
614 2227 764 2280 Auno
806 2224 931 2280 803.
962 2223 1157 2278 Indic,_
1202 2223 1291 2283 ιδ,
1848 2194 2279 2269 Omnimodaque
2308 2208 2520 2270 patrem
2544 2202 2805 2257 virtutum
2826 2203 2951 2258 dote
2980 2202 3227 2269 referret.

1848 2288 1906 2343 Si
1933 2300 2143 2344 rectore
2172 2289 2280 2347 frui
2306 2292 2595 2348 meruisset
2623 2292 2851 2351 Francia
2886 2295 3001 2353 tali.

1846 2378 1961 2434 Hoc
1986 2394 2203 2449 quoque
2232 2380 2549 2441 Bernbardo
2573 2397 2802 2455 regnum
2824 2393 3171 2449 concesserat
3193 2399 3337 2455 anno

1845 2469 2088 2527 Italicum
2115 2474 2240 2543 pius
2269 2474 2577 2546 Augustus;
2618 2492 2741 2532 nam
2777 2476 2920 2533 filius
2944 2478 3086 2534 idem

1848 2563 2060 2634 Pippini
2090 2566 2287 2621 merito
2308 2568 2447 2637 patri
2472 2577 2806 2624 successerat
2831 2569 3012 2626 heres.

2308 2659 2460 2714 Anno
2500 2660 2625 2720 812.
2680 2660 2875 2716 India.
2918 2660 2972 2715 4.

1846 2746 2078 2802 Maxima
2103 2747 2411 2819 longinquis
2436 2758 2705 2805 terrarum
2739 2752 2887 2806 venit
2911 2753 2978 2807 ab
3008 2752 3159 2810 horis

1841 2838 2144 2895 Grecorum
2179 2839 2245 2894 de
2272 2840 2608 2910 principibus
2634 2840 2834 2912 legatio
2859 2843 3050 2899 missa.

1844 2935 1889 2988 A
1915 2936 2113 3005 quibus
2138 2936 2414 3009 Augustus
2438 2953 2627 3008 pacem
2645 2939 2852 2996 donare
2876 2951 3117 3013 rogatus,

170 2342 293 2397 Sunt
316 2341 493 2398 Sclavi
517 2342 737 2411 quidam
763 2340 883 2395 Lini
919 2341 1241 2412 cognomine
1263 2339 1425 2406 dicti;

168 2431 267 2488 Hos
284 2443 491 2498 contra,
523 2434 768 2504 genitore
791 2448 888 2488 suo
914 2432 1192 2496 mittente,
1224 2430 1498 2502 profectus

168 2526 341 2584 Iunior
362 2537 443 2585 est
470 2528 715 2595 Carolus,
751 2530 906 2584 cuius
932 2546 1036 2584 non
1062 2529 1215 2585 Albia
1239 2529 1346 2583 lata

169 2614 539 2687 Praepediebat
569 2620 703 2684 iter,
737 2619 831 2674 sed
863 2619 1195 2674 Francorum
1231 2618 1491 2690 legiones,

171 2707 415 2765 Fluminis
440 2709 683 2766 eiusdem
711 2710 938 2765 traiecto
971 2710 1203 2781 gurgite,
1229 2709 1386 2764 laetis

175 2801 421 2872 Auspiciis
440 2818 595 2866 usus,
634 2811 963 2858 memoratos
988 2800 1140 2857 duxit
1166 2802 1220 2855 in
1248 2802 1459 2867 hostes,

176 2890 429 2965 Signaque
452 2894 706 2966 gaudenti
732 2893 916 2949 retulit
951 2894 1199 2948 victricia
1221 2895 1381 2964 patri.

646 3008 797 3067 Anno
831 3008 956 3066 809.
993 3007 1189 3065 Indict.
1224 3009 1275 3064 I.
1844 3025 1963 3081 lure
2001 3026 2106 3097 piis
2127 3042 2236 3098 pret

1844 3025 1963 3081 lure
2001 3026 2106 3097 piis
2127 3007 2403 3098 precibus,
2424 3007 2655 3085 multum
2684 3046 2822 3102 quas
2844 3007 2994 3088 novit
3014 3036 3228 3107 utrique

171 3114 401 3190 Undique
419 3122 726 3191 praesentis
746 3136 852 3191 pax
874 3122 1261 3181 laetificaverat
1292 3123 1421 3178 anni
1769 3169 1815 3231 Ε
1848 3118 2126 3227 ξτοῆουαε
2154 3136 2339 3193 regno,
2370 3132 2719 3180 consenserat
2747 3124 2870 3182 ilico
2894 3127 3154 3195 clemens,

171 3210 391 3268 Cunctos
417 3213 627 3284 imperii
662 3213 827 3279 fines,
858 3215 953 3271 sed
983 3214 1162 3269 tristia
1190 3214 1456 3284 quaedam
1770 3209 1815 3231 ν
1850 3209 2063 3266 Foedus
2086 3220 2140 3267 et
2162 3212 2304 3268 inter
2329 3229 2386 3269 se
2409 3214 2530 3269 fidei
2552 3215 2810 3286 pacisque
2841 3219 3104 3274 tenendae

170 3299 338 3359 Multis
358 3306 699 3377 contigerant
725 3306 885 3361 terris
912 3324 925 3360 :
954 3322 1080 3361 nam
1108 3306 1286 3361 sevior
1313 3306 1461 3361 omni
1848 3300 2081 3362 Iurando
2105 3312 2287 3374 partes
2322 3304 2610 3360 firmarunt
2638 3309 2885 3376 protinus
2905 3311 3115 3366 ambae.

170 3390 328 3452 Iloste
346 3397 581 3457 nefanda
618 3398 735 3455 lues
778 3400 1047 3469 pecudum
1086 3415 1256 3471 genus
1288 3414 1450 3455 omne
1488 3399 1739 3470 peremit.
2202 3420 2209 3449 :
2324 3395 2476 3450 Anno
2501 3398 2626 3453 815.
2656 3398 2851 3452 Indict.
2890 3400 2943 3453 5.

167 3484 295 3543 Nam
326 3506 440 3545 cum
466 3500 711 3561 pastores
732 3500 954 3564 agerem
977 3502 1221 3549 armenta
1249 3508 1548 3565 gregesque
1850 3484 1960 3541 Iam
1991 3486 2171 3557 gravis
2196 3487 2440 3558 Augusto
2466 3492 2688 3545 morbus
2712 3492 2871 3546 simul
2889 3502 3052 3564 atque
3077 3505 3329 3552 senectus

167 3574 321 3634 Mane
337 3579 474 3638 foras
500 3583 670 3639 laetos
694 3584 749 3638 in
772 3592 926 3653 prata
948 3585 1200 3650 virentia,
1232 3600 1354 3641 sero
1849 3579 2088 3650 Corpore
2114 3580 2449 3635 sustulerant
2470 3581 2685 3637 solitum
2714 3595 2991 3642 marcente
3016 3588 3259 3659 vigorem
3287 3606 3300 3654 ;

166 3667 337 3741 Aegre
373 3672 586 3730 domum
617 3675 777 3730 rediit
802 3675 890 3729 vix
914 3691 1042 3746 pars
1065 3675 1414 3746 paucissima,
1452 3675 1602 3732 dirae
1849 3670 2241 3741 Curarumque,
2276 3673 2473 3741 quibus
2493 3689 2581 3729 res
2605 3675 2816 3746 publica
2840 3684 2988 3732 tanta
3014 3680 3246 3751 regenda

166 3757 324 3834 Signa
347 3778 536 3835 gerens
563 3766 733 3834 pestis
763 3768 936 3823 macie
957 3769 1252 3839 mortisque
1276 3771 1633 3841 propinquae.
1846 3763 1924 3819 Ac
1946 3765 2209 3819 servanda
2232 3764 2349 3827 fuit,
2380 3781 2486 3821 non
2516 3783 2574 3823 se
2608 3768 2832 3825 sufferre
2858 3771 3039 3827 valere

168 3850 236 3906 Aut
258 3854 427 3908 maior
451 3869 710 3910 numerus
739 3857 913 3928 campi
940 3873 1041 3927 per
1060 3857 1217 3926 plana
1242 3857 1470 3923 iacebat,
1847 3854 2195 3909 lmmodicum
2217 3856 2445 3925 pondus,
2474 3857 2716 3926 placidae
2745 3861 2838 3916 sed
2863 3861 2976 3916 sola
3006 3861 3205 3933 quietis

167 3940 277 4008 Qua
299 3944 475 4001 dulces
502 3946 714 4001 animas
736 3948 937 4003 virides
971 3947 1175 4002 eﬂlavit
1195 3949 1263 4003 ad
1286 3949 1502 4003 herbas.
1846 3945 1989 4011 Otia,
2018 3962 2272 4018 supremo
2301 3947 2529 4005 labentis
2551 3958 2793 4020 tempore
2827 3951 2971 4007 vitae

168 4029 373 4106 Iamque
391 4038 748 4094 cadaveribus
775 4038 1049 4095 foetebant
1075 4056 1274 4111 pascua
1302 4042 1489 4097 stratis
1505 4084 1520 4108 ,
1848 4039 1993 4095 Vidit
2018 4043 2247 4097 amanda
2282 4043 2405 4108 sibi,
2429 4058 2536 4113 quo
2560 4059 2854 4114 procurare
2875 4045 3131 4117 migranti

172 4121 429 4185 Extractis
449 4131 637 4197 etiam,
664 4133 942 4203 praesepia
971 4148 1217 4204 quaeque
1252 4133 1435 4191 labore
1848 4129 1985 4186 Hinc
2015 4131 2228 4186 animae
2257 4134 2495 4203 requiem
2523 4134 2776 4204 propriae
2822 4136 3145 4206 veniamque
3171 4138 3431 4194 studeret.

171 4211 382 4292 Purgari
418 4222 589 4278 multo
625 4232 910 4293 poterant,
945 4233 1057 4280 tum
1088 4226 1181 4296 qui
1204 4228 1527 4284 moriturum
1849 4221 2003 4278 Unde
2028 4224 2192 4280 duces
2214 4240 2277 4280 ac
2304 4225 2576 4295 primores
2609 4226 2981 4296 sollempniter
3009 4243 3197 4285 omnes

172 4304 451 4367 Cernentes
478 4312 679 4367 animal
700 4315 870 4385 magis
891 4315 944 4370 id
972 4325 1316 4385 prosternere
1344 4316 1492 4376 ferro
1846 4315 2024 4384 Atque
2048 4317 2398 4387 magistratus
2427 4320 2494 4373 ad
2525 4319 2812 4375 concilium
2848 4322 3101 4392 generale

171 4392 446 4472 Eligercnt,
476 4404 661 4460 statim
686 4405 895 4463 stillans
920 4423 952 4465 e
980 4409 1199 4465 vulnere
1224 4412 1350 4466 tabo
1850 4403 2099 4475 Undique
2130 4406 2364 4478 collegit,
2388 4415 2621 4476 natoque
2643 4424 2740 4464 suo
2766 4409 3081 4465 Hludowico

170 4482 476 4607 :rodiderat
510 4502 625 4551 toto
652 4506 964 4553 concretum
994 4514 1219 4575 corpore
1246 4501 1415 4556 virus.
1848 4497 2178 4554 Cunctorum
2205 4515 2327 4554 cum
2358 4500 2582 4556 consilio
2616 4501 2701 4556 ius
2725 4516 2885 4557 omne
2913 4502 3128 4572 regendi

164 4573 381 4641 Noricus
405 4586 513 4642 ista
539 4588 692 4644 sinus
727 4588 899 4644 fertur
928 4573 1235 4661 specialiter
1260 4578 1405 4650 esse
1766 4573 1824 4607 ν
1849 4589 2092 4646 Tradidit
2121 4591 2350 4663 imperii,
2379 4606 2855 4662 successoremque
2880 4592 3092 4662 paterni

161 4665 443 4747 Perpessus
468 4694 594 4735 cum
618 4679 810 4736 vicinis
838 4682 1149 4753 regionibus
1185 4682 1281 4738 illi.
1844 4683 2100 4755 Imposito
2126 4682 2427 4754 designavit
2461 4684 2765 4738 diademate
2792 4683 2966 4754 regni,

153 4757 437 4829 Praeterea
460 4774 674 4831 steriles
694 4774 799 4831 hoc
825 4775 998 4832 factae
1019 4783 1259 4848 tempore
1282 4779 1440 4844 vites,
1843 4774 2274 4846 Consortemque
2311 4777 2393 4831 sui
2416 4775 2618 4831 factum
2648 4776 2810 4830 totius
2836 4775 3059 4832 honoris

151 4851 399 4937 Impensa
422 4856 643 4925 sibimet
676 4870 823 4925 nulla
866 4871 1117 4927 mercede
1144 4870 1316 4926 labori
1843 4867 2146 4938 Augustum
2174 4868 2380 4937 pariter
2406 4867 2633 4922 vocitari
2660 4867 2893 4922 iusserat
2914 4870 3114 4937 ipsum.

148 4946 521 5039 gespondent,
549 4978 671 5033 spes
695 4971 780 5018 est
800 4962 943 5018 avidi
974 4961 1235 5019 frustrata
1259 4963 1457 5039 coloni,
1843 4957 1998 5025 Quod
2026 4974 2149 5014 cum
2170 4958 2457 5028 magnifico
2485 4958 2617 5014 satis
2637 4974 2895 5030 accepere
2921 4959 3104 5015 favore

250 5068 293 5106 tu
312 5055 494 5110 vineta
522 5070 712 5112 carere
738 5071 837 5111 suo
864 5056 1115 5126 pubentia
1137 5054 1284 5111 foetu
1843 5051 2141 5108 Consilium
2165 5052 2366 5117 cuncti,
2404 5068 2526 5108 cum
2548 5068 2771 5123 prorsus
2804 5053 2855 5108 id
2890 5053 3021 5109 utile
3055 5070 3223 5125 regno

141 5132 447 5221 Conspicit,
484 5157 541 5203 et
566 5161 703 5203 vane
724 5148 961 5206 silvescit
984 5148 1188 5207 inutilis
1210 5150 1391 5221 arbor,
1446 5168 1451 5171 η
1843 5141 2173 5199 Multimodis
2201 5143 2593 5215 intellegerent.
2624 5142 2759 5200 Hinc
2782 5155 2940 5201 aucta
2968 5134 3178 5202 refulsit

138 5219 379 5294 Palmite
400 5238 596 5295 diffuso
618 5239 793 5311 nullas
824 5241 949 5296 dum
971 5241 1257 5313 pampinus
1281 5219 1413 5297 uvas
1846 5232 2097 5287 Maiestas
2126 5231 2325 5299 Caroli,
2364 5235 2649 5291 concordia
2675 5234 2815 5293 facta
2844 5236 3042 5303 futuris

135 5314 399 5407 ςιοηιεεὶι
422 5371 435 5396 ,
478 5340 533 5386 et
574 5330 752 5388 {metu
788 5348 956 5389 vacua
988 5344 1094 5390 ειεη
1124 5336 1281 5390 vinea
1326 5335 1454 5391 lata,
1845 5322 1983 5378 Ilinc
2009 5332 2094 5378 est
2119 5324 2472 5395 temporibus,
2500 5341 2620 5385 cum
2646 5334 2724 5388 tot
2753 5336 2913 5407 caput
2940 5328 3120 5386 extitit
3146 5345 3333 5394 unum,

132 5398 404 5496 Partibus
435 5421 492 5476 in
516 5422 701 5478 multis
736 5425 887 5496 regni
923 5425 1002 5481 sic
1024 5427 1202 5483 omine
1224 5427 1366 5483 uisu
1846 5413 2099 5471 Unanimi
2125 5415 2334 5486 populis
2364 5427 2722 5480 monstratum
2752 5398 2930 5476 mente
2953 5421 3308 5491 sequendum.

130 5488 383 5587 §acbica
407 5527 516 5567 non
543 5513 702 5569 solito
725 5488 1006 5584 perierunt
1036 5517 1225 5587 pocula
1253 5518 1468 5572 damno.
1845 5510 1981 5566 Hinc
2012 5520 2186 5566 metus
2209 5512 2449 5570 externis
2479 5512 2727 5569 incussus
2754 5514 3005 5584 gentibus
3030 5514 3238 5585 ingens.

128 5580 419 5679 Fempore
455 5580 903 5663 nimirum—tanto
940 5580 1067 5664 licet
1102 5618 1227 5663 ante
1255 5649 1270 5674 ,
1319 5622 1417 5677 per
1450 5609 1667 5674 orbein,
1844 5600 1931 5657 Nil
1956 5618 2176 5679 sperare
2214 5603 2375 5661 dedit
2391 5602 2571 5663 Caroli
2607 5606 2672 5661 de
2697 5580 2872 5661 morte
2897 5580 3215 5677 propinqua.

116 5672 416 5769 f‘ugusto,
449 5694 653 5753 luctum
671 5738 685 5762 ,
714 5698 873 5753 terris
896 5698 1124 5754 abeunte
1140 5740 1154 5764 ,
1185 5672 1424 5754 futurum
1844 5694 1961 5763 Quo
1985 5696 2153 5757 minui
2180 5706 2363 5769 posset.
2389 5705 2561 5753 status
2586 5708 2640 5754 et
2666 5700 3002 5755 rectissimus
3027 5700 3159 5754 ordo

112 5758 129 5811 ¹
158 5758 271 5834 4m
292 5785 606 5842 ostendebat
633 5758 791 5843 casus
816 5788 1157 5847 tristissimus
1190 5790 1308 5846 iste.
1406 5850 1411 5855 ,
1845 5785 2015 5859 Regni
2043 5758 2393 5857 Francorum,
2427 5788 2578 5843 cuius
2604 5805 2710 5845 non
2736 5800 2859 5846 ante
2890 5790 3118 5861 reliquid
