  <div class='ocr_page' id='page_1' title='image "/cluster/home/n/w/nwhite01/storage/ocr_20150623/99/hvd.32044015466790/389.png"; bbox 0 0 4026 6364; ppageno 0'>
   <div class='ocr_carea' id='block_1_1' title="bbox 623 331 2213 402">
    <p class='ocr_par' dir='ltr' id='par_1_1' title="bbox 623 336 2213 402">
     <span class='ocr_line' id='line_1_1' title="bbox 623 336 2213 402; baseline -0.003 -5"><span class='ocrx_word' id='word_1_1' title='bbox 623 344 728 402; x_wconf 68' lang='grc' dir='ltr'><strong>7Ξῖ</strong></span> <span class='ocrx_word' id='word_1_2' title='bbox 795 358 798 359; x_wconf 62' lang='grc'><strong><em>⁷</em></strong></span> <span class='ocrx_word' id='word_1_3' title='bbox 1967 336 2213 395; x_wconf 73' lang='grc' dir='ltr'><strong>ΡΟΕΤᾸΞ</strong></span> 
     </span>
    </p>
   </div>
   <div class='ocr_carea' id='block_1_2' title="bbox 2268 331 3858 402">
    <p class='ocr_par' dir='ltr' id='par_1_2' title="bbox 2268 331 3858 392">
     <span class='ocr_line' id='line_1_2' title="bbox 2268 331 3858 392; baseline 0.001 -1"><span class='ocrx_word' id='word_1_4' title='bbox 2268 331 2550 391; x_wconf 72' lang='lat' dir='ltr'><strong>SAXONIS</strong></span> <span class='ocrx_word' id='word_1_5' title='bbox 3769 335 3858 392; x_wconf 61' lang='grc' dir='ltr'><em>Μ</em></span> 
     </span>
    </p>
   </div>
   <div class='ocr_carea' id='block_1_3' title="bbox 623 443 3709 526">
    <p class='ocr_par' dir='ltr' id='par_1_3' title="bbox 623 443 3709 526">
     <span class='ocr_line' id='line_1_3' title="bbox 623 443 3709 526; baseline -0.004 -10"><span class='ocrx_word' id='word_1_6' title='bbox 623 460 760 516; x_wconf 85' lang='lat' dir='ltr'><strong>Tam</strong></span> <span class='ocrx_word' id='word_1_7' title='bbox 793 454 975 513; x_wconf 84' lang='lat' dir='ltr'><strong>clarus</strong></span> <span class='ocrx_word' id='word_1_8' title='bbox 1031 453 1280 526; x_wconf 80' lang='lat' dir='ltr'><strong>princeps</strong></span> <span class='ocrx_word' id='word_1_9' title='bbox 1337 455 1597 525; x_wconf 88' lang='lat' dir='ltr'><strong>regimen,</strong></span> <span class='ocrx_word' id='word_1_10' title='bbox 1661 467 1822 524; x_wconf 88' lang='lat' dir='ltr'><strong>quam</strong></span> <span class='ocrx_word' id='word_1_11' title='bbox 1873 452 2102 520; x_wconf 88' lang='lat' dir='ltr'><strong>sumpsit</strong></span> <span class='ocrx_word' id='word_1_12' title='bbox 2146 449 2201 506; x_wconf 92' lang='lat' dir='ltr'><strong>id</strong></span> <span class='ocrx_word' id='word_1_13' title='bbox 2227 453 2274 512; x_wconf 74' lang='grc' dir='ltr'><strong>Α</strong></span> <span class='ocrx_word' id='word_1_14' title='bbox 2304 447 2395 502; x_wconf 88' lang='lat' dir='ltr'><strong>Sic</strong></span> <span class='ocrx_word' id='word_1_15' title='bbox 2424 460 2634 501; x_wconf 90' lang='lat' dir='ltr'><strong>morum</strong></span> <span class='ocrx_word' id='word_1_16' title='bbox 2658 443 2923 516; x_wconf 82' lang='lat' dir='ltr'><strong>probitas,</strong></span> <span class='ocrx_word' id='word_1_17' title='bbox 2950 447 3119 502; x_wconf 89' lang='lat' dir='ltr'><strong>animi</strong></span> <span class='ocrx_word' id='word_1_18' title='bbox 3151 448 3231 504; x_wconf 86' lang='lat' dir='ltr'><strong>sic</strong></span> <span class='ocrx_word' id='word_1_19' title='bbox 3254 449 3490 504; x_wconf 81' lang='lat' dir='ltr'><strong>maxima</strong></span> <span class='ocrx_word' id='word_1_20' title='bbox 3519 449 3709 513; x_wconf 90' lang='lat' dir='ltr'><strong>virtus,</strong></span> 
     </span>
    </p>
   </div>
   <div class='ocr_carea' id='block_1_4' title="bbox 1948 540 2132 614">
    <p class='ocr_par' dir='ltr' id='par_1_4' title="bbox 1948 540 2132 614">
     <span class='ocr_line' id='line_1_4' title="bbox 1948 540 2132 614; baseline -0.011 -18"><span class='ocrx_word' id='word_1_21' title='bbox 1948 540 2132 614; x_wconf 87' lang='lat' dir='ltr'><strong>[altcr,</strong></span> 
     </span>
    </p>
   </div>
   <div class='ocr_carea' id='block_1_5' title="bbox 625 636 1977 708">
    <p class='ocr_par' dir='ltr' id='par_1_5' title="bbox 625 636 1977 708">
     <span class='ocr_line' id='line_1_5' title="bbox 625 636 1977 708; baseline -0.003 -14"><span class='ocrx_word' id='word_1_22' title='bbox 625 641 797 707; x_wconf 84' lang='lat' dir='ltr'><strong>Quem</strong></span> <span class='ocrx_word' id='word_1_23' title='bbox 821 638 1014 694; x_wconf 88' lang='lat' dir='ltr'><strong>merito</strong></span> <span class='ocrx_word' id='word_1_24' title='bbox 1039 638 1178 708; x_wconf 85' lang='lat' dir='ltr'><strong>patri</strong></span> <span class='ocrx_word' id='word_1_25' title='bbox 1208 636 1438 691; x_wconf 81' lang='lat' dir='ltr'><strong>similem</strong></span> <span class='ocrx_word' id='word_1_26' title='bbox 1475 637 1674 691; x_wconf 79' lang='lat' dir='ltr'><strong>virtute</strong></span> <span class='ocrx_word' id='word_1_27' title='bbox 1704 644 1977 707; x_wconf 75' lang='lat' dir='ltr'><strong>putarent,</strong></span> 
     </span>
    </p>
   </div>
   <div class='ocr_carea' id='block_1_6' title="bbox 624 727 2001 801">
    <p class='ocr_par' dir='ltr' id='par_1_6' title="bbox 624 727 2001 801">
     <span class='ocr_line' id='line_1_6' title="bbox 624 727 2001 801; baseline -0.004 -15"><span class='ocrx_word' id='word_1_28' title='bbox 624 731 670 786; x_wconf 85' lang='lat' dir='ltr'><strong>A</strong></span> <span class='ocrx_word' id='word_1_29' title='bbox 692 747 798 801; x_wconf 89' lang='lat' dir='ltr'><strong>quo</strong></span> <span class='ocrx_word' id='word_1_30' title='bbox 825 745 931 785; x_wconf 89' lang='lat' dir='ltr'><strong>non</strong></span> <span class='ocrx_word' id='word_1_31' title='bbox 957 729 1197 792; x_wconf 88' lang='lat' dir='ltr'><strong>dubium,</strong></span> <span class='ocrx_word' id='word_1_32' title='bbox 1236 728 1365 798; x_wconf 69' lang='lat' dir='ltr'><strong>quin</strong></span> <span class='ocrx_word' id='word_1_33' title='bbox 1392 727 1559 782; x_wconf 90' lang='lat' dir='ltr'><strong>armis</strong></span> <span class='ocrx_word' id='word_1_34' title='bbox 1589 742 1749 797; x_wconf 88' lang='lat' dir='ltr'><strong>regna</strong></span> <span class='ocrx_word' id='word_1_35' title='bbox 1777 727 2001 781; x_wconf 78' lang='lat' dir='ltr'><strong>subacta</strong></span> 
     </span>
    </p>
   </div>
   <div class='ocr_carea' id='block_1_7' title="bbox 626 817 1965 889">
    <p class='ocr_par' dir='ltr' id='par_1_7' title="bbox 626 817 1965 889">
     <span class='ocr_line' id='line_1_7' title="bbox 626 817 1965 889; baseline -0.005 -13"><span class='ocrx_word' id='word_1_36' title='bbox 626 822 834 876; x_wconf 81' lang='lat' dir='ltr'><strong>Cuncta</strong></span> <span class='ocrx_word' id='word_1_37' title='bbox 855 820 1014 876; x_wconf 84' lang='lat' dir='ltr'><strong>simul</strong></span> <span class='ocrx_word' id='word_1_38' title='bbox 1039 819 1154 874; x_wconf 89' lang='lat' dir='ltr'><strong>miti</strong></span> <span class='ocrx_word' id='word_1_39' title='bbox 1187 825 1395 889; x_wconf 88' lang='lat' dir='ltr'><strong>regeret</strong></span> <span class='ocrx_word' id='word_1_40' title='bbox 1418 818 1732 872; x_wconf 74' lang='lat' dir='ltr'><strong>moderante</strong></span> <span class='ocrx_word' id='word_1_41' title='bbox 1757 817 1965 886; x_wconf 78' lang='lat' dir='ltr'><strong>sophia.</strong></span> 
     </span>
    </p>
   </div>
   <div class='ocr_carea' id='block_1_8' title="bbox 625 911 2085 984">
    <p class='ocr_par' dir='ltr' id='par_1_8' title="bbox 625 911 2085 984">
     <span class='ocr_line' id='line_1_8' title="bbox 625 911 2085 984; baseline -0.003 -15"><span class='ocrx_word' id='word_1_42' title='bbox 625 913 699 969; x_wconf 91' lang='lat' dir='ltr'><strong>Ut</strong></span> <span class='ocrx_word' id='word_1_43' title='bbox 723 914 992 984; x_wconf 82' lang='lat' dir='ltr'><strong>quondam</strong></span> <span class='ocrx_word' id='word_1_44' title='bbox 1020 927 1242 982; x_wconf 87' lang='lat' dir='ltr'><strong>magnus</strong></span> <span class='ocrx_word' id='word_1_45' title='bbox 1269 912 1474 982; x_wconf 89' lang='lat' dir='ltr'><strong>pariter</strong></span> <span class='ocrx_word' id='word_1_46' title='bbox 1501 927 1595 966; x_wconf 88' lang='lat' dir='ltr'><strong>rex</strong></span> <span class='ocrx_word' id='word_1_47' title='bbox 1621 920 1785 980; x_wconf 89' lang='lat' dir='ltr'><strong>atque</strong></span> <span class='ocrx_word' id='word_1_48' title='bbox 1807 911 2085 980; x_wconf 78' lang='lat' dir='ltr'><strong>propheta,</strong></span> 
     </span>
    </p>
   </div>
   <div class='ocr_carea' id='block_1_9' title="bbox 626 999 1984 1073">
    <p class='ocr_par' dir='ltr' id='par_1_9' title="bbox 626 999 1984 1073">
     <span class='ocr_line' id='line_1_9' title="bbox 626 999 1984 1073; baseline -0.001 -15"><span class='ocrx_word' id='word_1_49' title='bbox 626 1004 728 1073; x_wconf 92' lang='lat' dir='ltr'><strong>Qui</strong></span> <span class='ocrx_word' id='word_1_50' title='bbox 776 1003 944 1073; x_wconf 85' lang='lat' dir='ltr'><strong>lyrico</strong></span> <span class='ocrx_word' id='word_1_51' title='bbox 975 1002 1282 1060; x_wconf 81' lang='lat' dir='ltr'><strong>modulante</strong></span> <span class='ocrx_word' id='word_1_52' title='bbox 1334 1002 1475 1058; x_wconf 89' lang='lat' dir='ltr'><strong>melo</strong></span> <span class='ocrx_word' id='word_1_53' title='bbox 1509 1001 1761 1057; x_wconf 87' lang='lat' dir='ltr'><strong>caelestia</strong></span> <span class='ocrx_word' id='word_1_54' title='bbox 1795 999 1984 1056; x_wconf 89' lang='lat' dir='ltr'><strong>doctus</strong></span> 
     </span>
    </p>
   </div>
   <div class='ocr_carea' id='block_1_10' title="bbox 625 1091 1838 1164">
    <p class='ocr_par' dir='ltr' id='par_1_10' title="bbox 625 1091 1838 1164">
     <span class='ocr_line' id='line_1_10' title="bbox 625 1091 1838 1164; baseline -0.003 -14"><span class='ocrx_word' id='word_1_55' title='bbox 625 1095 880 1150; x_wconf 83' lang='lat' dir='ltr'><strong>Carmina</strong></span> <span class='ocrx_word' id='word_1_56' title='bbox 908 1095 1088 1150; x_wconf 91' lang='lat' dir='ltr'><strong>divino</strong></span> <span class='ocrx_word' id='word_1_57' title='bbox 1113 1093 1411 1164; x_wconf 90' lang='lat' dir='ltr'><strong>completus</strong></span> <span class='ocrx_word' id='word_1_58' title='bbox 1434 1108 1669 1164; x_wconf 80' lang='lat' dir='ltr'><strong>pangere</strong></span> <span class='ocrx_word' id='word_1_59' title='bbox 1688 1091 1838 1157; x_wconf 90' lang='lat' dir='ltr'><strong>ﬂatu,</strong></span> 
     </span>
    </p>
   </div>
   <div class='ocr_carea' id='block_1_11' title="bbox 624 1183 2040 1256">
    <p class='ocr_par' dir='ltr' id='par_1_11' title="bbox 624 1183 2040 1256">
     <span class='ocr_line' id='line_1_11' title="bbox 624 1183 2040 1256; baseline -0.002 -16"><span class='ocrx_word' id='word_1_60' title='bbox 624 1185 778 1241; x_wconf 86' lang='lat' dir='ltr'><strong>Nunc</strong></span> <span class='ocrx_word' id='word_1_61' title='bbox 799 1185 1034 1256; x_wconf 81' lang='lat' dir='ltr'><strong>cytbaris</strong></span> <span class='ocrx_word' id='word_1_62' title='bbox 1057 1185 1226 1240; x_wconf 85' lang='lat' dir='ltr'><strong>David</strong></span> <span class='ocrx_word' id='word_1_63' title='bbox 1251 1186 1446 1256; x_wconf 81' lang='lat' dir='ltr'><strong>digitos</strong></span> <span class='ocrx_word' id='word_1_64' title='bbox 1469 1185 1770 1254; x_wconf 85' lang='lat' dir='ltr'><strong>ﬁdibusque</strong></span> <span class='ocrx_word' id='word_1_65' title='bbox 1803 1183 2040 1249; x_wconf 91' lang='lat' dir='ltr'><strong>canoris,</strong></span> 
     </span>
    </p>
   </div>
   <div class='ocr_carea' id='block_1_12' title="bbox 625 1274 1992 1347">
    <p class='ocr_par' dir='ltr' id='par_1_12' title="bbox 625 1274 1992 1347">
     <span class='ocr_line' id='line_1_12' title="bbox 625 1274 1992 1347; baseline -0.001 -17"><span class='ocrx_word' id='word_1_66' title='bbox 625 1276 780 1334; x_wconf 84' lang='lat' dir='ltr'><strong>Nunc</strong></span> <span class='ocrx_word' id='word_1_67' title='bbox 808 1277 1015 1347; x_wconf 88' lang='lat' dir='ltr'><strong>capulis</strong></span> <span class='ocrx_word' id='word_1_68' title='bbox 1043 1286 1229 1346; x_wconf 88' lang='lat' dir='ltr'><strong>aptare</strong></span> <span class='ocrx_word' id='word_1_69' title='bbox 1248 1292 1443 1331; x_wconf 89' lang='lat' dir='ltr'><strong>manus</strong></span> <span class='ocrx_word' id='word_1_70' title='bbox 1465 1275 1736 1344; x_wconf 86' lang='lat' dir='ltr'><strong>armisque</strong></span> <span class='ocrx_word' id='word_1_71' title='bbox 1765 1274 1992 1340; x_wconf 81' lang='lat' dir='ltr'><strong>solebat,</strong></span> 
     </span>
    </p>
   </div>
   <div class='ocr_carea' id='block_1_13' title="bbox 624 1365 2091 1442">
    <p class='ocr_par' dir='ltr' id='par_1_13' title="bbox 624 1365 2091 1442">
     <span class='ocr_line' id='line_1_13' title="bbox 624 1365 2091 1442; baseline -0.003 -18"><span class='ocrx_word' id='word_1_72' title='bbox 624 1370 940 1425; x_wconf 86' lang='lat' dir='ltr'><strong>Innumeras</strong></span> <span class='ocrx_word' id='word_1_73' title='bbox 964 1379 1248 1442; x_wconf 84' lang='lat' dir='ltr'><strong>postquam</strong></span> <span class='ocrx_word' id='word_1_74' title='bbox 1272 1377 1456 1441; x_wconf 82' lang='lat' dir='ltr'><strong>gentes</strong></span> <span class='ocrx_word' id='word_1_75' title='bbox 1485 1369 1772 1438; x_wconf 80' lang='lat' dir='ltr'><strong>hostesque</strong></span> <span class='ocrx_word' id='word_1_76' title='bbox 1802 1365 2091 1435; x_wconf 87' lang='lat' dir='ltr'><strong>triumphis</strong></span> 
     </span>
    </p>
   </div>
   <div class='ocr_carea' id='block_1_14' title="bbox 626 1457 2019 1530">
    <p class='ocr_par' dir='ltr' id='par_1_14' title="bbox 626 1457 2019 1530">
     <span class='ocr_line' id='line_1_14' title="bbox 626 1457 2019 1530; baseline -0.001 -17"><span class='ocrx_word' id='word_1_77' title='bbox 626 1459 952 1515; x_wconf 88' lang='lat' dir='ltr'><strong>Subdiderat</strong></span> <span class='ocrx_word' id='word_1_78' title='bbox 977 1460 1228 1530; x_wconf 85' lang='lat' dir='ltr'><strong>propriis,</strong></span> <span class='ocrx_word' id='word_1_79' title='bbox 1262 1459 1470 1514; x_wconf 91' lang='lat' dir='ltr'><strong>meritis</strong></span> <span class='ocrx_word' id='word_1_80' title='bbox 1494 1467 1736 1513; x_wconf 90' lang='lat' dir='ltr'><strong>maturus</strong></span> <span class='ocrx_word' id='word_1_81' title='bbox 1757 1466 1812 1512; x_wconf 91' lang='lat' dir='ltr'><strong>et</strong></span> <span class='ocrx_word' id='word_1_82' title='bbox 1843 1457 2019 1523; x_wconf 83' lang='lat' dir='ltr'><strong>annis,</strong></span> 
     </span>
    </p>
   </div>
   <div class='ocr_carea' id='block_1_15' title="bbox 627 1549 1795 1620">
    <p class='ocr_par' dir='ltr' id='par_1_15' title="bbox 627 1549 1795 1620">
     <span class='ocr_line' id='line_1_15' title="bbox 627 1549 1795 1620; baseline -0.002 -14"><span class='ocrx_word' id='word_1_83' title='bbox 627 1550 702 1606; x_wconf 83' lang='lat' dir='ltr'><strong>Se</strong></span> <span class='ocrx_word' id='word_1_84' title='bbox 727 1552 959 1617; x_wconf 83' lang='lat' dir='ltr'><strong>vivente,</strong></span> <span class='ocrx_word' id='word_1_85' title='bbox 985 1567 1121 1608; x_wconf 85' lang='lat' dir='ltr'><strong>suus</strong></span> <span class='ocrx_word' id='word_1_86' title='bbox 1145 1551 1302 1607; x_wconf 88' lang='lat' dir='ltr'><strong>iussit</strong></span> <span class='ocrx_word' id='word_1_87' title='bbox 1331 1566 1437 1620; x_wconf 93' lang='lat' dir='ltr'><strong>quo</strong></span> <span class='ocrx_word' id='word_1_88' title='bbox 1467 1549 1610 1604; x_wconf 88' lang='lat' dir='ltr'><strong>ﬁlius</strong></span> <span class='ocrx_word' id='word_1_89' title='bbox 1646 1549 1795 1605; x_wconf 91' lang='lat' dir='ltr'><strong>omni</strong></span> 
     </span>
    </p>
   </div>
   <div class='ocr_carea' id='block_1_16' title="bbox 624 1639 1855 1713">
    <p class='ocr_par' dir='ltr' id='par_1_16' title="bbox 624 1639 1855 1713">
     <span class='ocr_line' id='line_1_16' title="bbox 624 1639 1855 1713; baseline -0.002 -16"><span class='ocrx_word' id='word_1_90' title='bbox 624 1639 856 1697; x_wconf 78' lang='lat' dir='ltr'><strong>llaebrei</strong></span> <span class='ocrx_word' id='word_1_91' title='bbox 883 1641 1135 1698; x_wconf 87' lang='lat' dir='ltr'><strong>Salomon</strong></span> <span class='ocrx_word' id='word_1_92' title='bbox 1164 1645 1313 1713; x_wconf 82' lang='lat' dir='ltr'><strong>regni</strong></span> <span class='ocrx_word' id='word_1_93' title='bbox 1336 1643 1604 1697; x_wconf 87' lang='lat' dir='ltr'><strong>frueretur</strong></span> <span class='ocrx_word' id='word_1_94' title='bbox 1632 1643 1855 1696; x_wconf 89' lang='lat' dir='ltr'><strong>honore.</strong></span> 
     </span>
    </p>
   </div>
   <div class='ocr_carea' id='block_1_17' title="bbox 627 1731 1922 1792">
    <p class='ocr_par' dir='ltr' id='par_1_17' title="bbox 627 1731 1922 1792">
     <span class='ocr_line' id='line_1_17' title="bbox 627 1731 1922 1792; baseline -0.002 -4"><span class='ocrx_word' id='word_1_95' title='bbox 627 1734 719 1789; x_wconf 90' lang='lat' dir='ltr'><strong>Sic</strong></span> <span class='ocrx_word' id='word_1_96' title='bbox 742 1734 971 1792; x_wconf 85' lang='lat' dir='ltr'><strong>Carolus</strong></span> <span class='ocrx_word' id='word_1_97' title='bbox 993 1744 1176 1791; x_wconf 84' lang='lat' dir='ltr'><strong>noster</strong></span> <span class='ocrx_word' id='word_1_98' title='bbox 1208 1735 1398 1790; x_wconf 87' lang='lat' dir='ltr'><strong>solitus</strong></span> <span class='ocrx_word' id='word_1_99' title='bbox 1424 1742 1658 1789; x_wconf 89' lang='lat' dir='ltr'><strong>tractare</strong></span> <span class='ocrx_word' id='word_1_100' title='bbox 1684 1731 1922 1787; x_wconf 82' lang='lat' dir='ltr'><strong>vicissim</strong></span> 
     </span>
    </p>
   </div>
   <div class='ocr_carea' id='block_1_18' title="bbox 626 1821 1974 1890">
    <p class='ocr_par' dir='ltr' id='par_1_18' title="bbox 626 1821 1974 1890">
     <span class='ocr_line' id='line_1_18' title="bbox 626 1821 1974 1890; baseline -0.001 -12"><span class='ocrx_word' id='word_1_101' title='bbox 626 1822 863 1890; x_wconf 75' lang='lat' dir='ltr'><strong>Proelia,</strong></span> <span class='ocrx_word' id='word_1_102' title='bbox 886 1824 1228 1880; x_wconf 90' lang='lat' dir='ltr'><strong>daemonicos</strong></span> <span class='ocrx_word' id='word_1_103' title='bbox 1253 1823 1413 1879; x_wconf 89' lang='lat' dir='ltr'><strong>etiam</strong></span> <span class='ocrx_word' id='word_1_104' title='bbox 1446 1824 1759 1879; x_wconf 87' lang='lat' dir='ltr'><strong>subvertere</strong></span> <span class='ocrx_word' id='word_1_105' title='bbox 1779 1821 1974 1888; x_wconf 91' lang='lat' dir='ltr'><strong>cultus,</strong></span> 
     </span>
    </p>
   </div>
   <div class='ocr_carea' id='block_1_19' title="bbox 625 1915 1999 1985">
    <p class='ocr_par' dir='ltr' id='par_1_19' title="bbox 625 1915 1999 1985">
     <span class='ocr_line' id='line_1_19' title="bbox 625 1915 1999 1985; baseline -0.001 -15"><span class='ocrx_word' id='word_1_106' title='bbox 625 1915 961 1971; x_wconf 87' lang='lat' dir='ltr'><strong>Catholicam</strong></span> <span class='ocrx_word' id='word_1_107' title='bbox 986 1916 1200 1971; x_wconf 87' lang='lat' dir='ltr'><strong>ﬁrmare</strong></span> <span class='ocrx_word' id='word_1_108' title='bbox 1221 1916 1406 1981; x_wconf 87' lang='lat' dir='ltr'><strong>ﬁdem,</strong></span> <span class='ocrx_word' id='word_1_109' title='bbox 1429 1915 1796 1985; x_wconf 89' lang='lat' dir='ltr'><strong>damnareque</strong></span> <span class='ocrx_word' id='word_1_110' title='bbox 1820 1922 1999 1970; x_wconf 85' lang='lat' dir='ltr'><strong>sectas</strong></span> 
     </span>
    </p>
   </div>
   <div class='ocr_carea' id='block_1_20' title="bbox 625 2008 1818 2079">
    <p class='ocr_par' dir='ltr' id='par_1_20' title="bbox 625 2008 1818 2079">
     <span class='ocr_line' id='line_1_20' title="bbox 625 2008 1818 2079; baseline 0.001 -16"><span class='ocrx_word' id='word_1_111' title='bbox 625 2008 935 2074; x_wconf 89' lang='lat' dir='ltr'><strong>Perversas,</strong></span> <span class='ocrx_word' id='word_1_112' title='bbox 962 2018 1022 2064; x_wconf 90' lang='lat' dir='ltr'><strong>ut</strong></span> <span class='ocrx_word' id='word_1_113' title='bbox 1049 2011 1325 2065; x_wconf 89' lang='lat' dir='ltr'><strong>doctrinae</strong></span> <span class='ocrx_word' id='word_1_114' title='bbox 1347 2009 1600 2065; x_wconf 90' lang='lat' dir='ltr'><strong>coelestis</strong></span> <span class='ocrx_word' id='word_1_115' title='bbox 1617 2009 1818 2079; x_wconf 88' lang='lat' dir='ltr'><strong>ubique</strong></span> 
     </span>
    </p>
   </div>
   <div class='ocr_carea' id='block_1_21' title="bbox 627 2099 1945 2165">
    <p class='ocr_par' dir='ltr' id='par_1_21' title="bbox 627 2099 1945 2165">
     <span class='ocr_line' id='line_1_21' title="bbox 627 2099 1945 2165; baseline -0.001 -10"><span class='ocrx_word' id='word_1_116' title='bbox 627 2099 840 2156; x_wconf 88' lang='lat' dir='ltr'><strong>Cordae</strong></span> <span class='ocrx_word' id='word_1_117' title='bbox 863 2101 1156 2156; x_wconf 86' lang='lat' dir='ltr'><strong>concordes</strong></span> <span class='ocrx_word' id='word_1_118' title='bbox 1188 2100 1242 2156; x_wconf 90' lang='lat' dir='ltr'><strong>in</strong></span> <span class='ocrx_word' id='word_1_119' title='bbox 1269 2099 1472 2156; x_wconf 87' lang='lat' dir='ltr'><strong>Christi</strong></span> <span class='ocrx_word' id='word_1_120' title='bbox 1494 2101 1652 2156; x_wconf 83' lang='lat' dir='ltr'><strong>laude</strong></span> <span class='ocrx_word' id='word_1_121' title='bbox 1675 2107 1945 2165; x_wconf 85' lang='lat' dir='ltr'><strong>sonarent,</strong></span> 
     </span>
    </p>
   </div>
   <div class='ocr_carea' id='block_1_22' title="bbox 628 2189 1926 2263">
    <p class='ocr_par' dir='ltr' id='par_1_22' title="bbox 628 2189 1926 2263">
     <span class='ocr_line' id='line_1_22' title="bbox 628 2189 1926 2263; baseline 0.002 -18"><span class='ocrx_word' id='word_1_122' title='bbox 628 2189 908 2262; x_wconf 84' lang='lat' dir='ltr'><strong>Magniﬁce</strong></span> <span class='ocrx_word' id='word_1_123' title='bbox 933 2191 1088 2246; x_wconf 90' lang='lat' dir='ltr'><strong>bellis</strong></span> <span class='ocrx_word' id='word_1_124' title='bbox 1111 2208 1334 2263; x_wconf 83' lang='lat' dir='ltr'><strong>regnum</strong></span> <span class='ocrx_word' id='word_1_125' title='bbox 1360 2192 1523 2247; x_wconf 89' lang='lat' dir='ltr'><strong>nimis</strong></span> <span class='ocrx_word' id='word_1_126' title='bbox 1541 2191 1926 2262; x_wconf 90' lang='lat' dir='ltr'><strong>ampliﬁcatum</strong></span> 
     </span>
    </p>
   </div>
   <div class='ocr_carea' id='block_1_23' title="bbox 625 2281 1850 2354">
    <p class='ocr_par' dir='ltr' id='par_1_23' title="bbox 625 2281 1850 2354">
     <span class='ocr_line' id='line_1_23' title="bbox 625 2281 1850 2354; baseline 0.001 -18"><span class='ocrx_word' id='word_1_127' title='bbox 625 2281 885 2338; x_wconf 88' lang='lat' dir='ltr'><strong>Prudenti</strong></span> <span class='ocrx_word' id='word_1_128' title='bbox 909 2292 1036 2338; x_wconf 91' lang='lat' dir='ltr'><strong>nato</strong></span> <span class='ocrx_word' id='word_1_129' title='bbox 1060 2298 1356 2354; x_wconf 89' lang='lat' dir='ltr'><strong>pacemque</strong></span> <span class='ocrx_word' id='word_1_130' title='bbox 1383 2284 1596 2353; x_wconf 88' lang='lat' dir='ltr'><strong>reliquit</strong></span> <span class='ocrx_word' id='word_1_131' title='bbox 1621 2283 1850 2348; x_wconf 87' lang='lat' dir='ltr'><strong>amanti,</strong></span> 
     </span>
    </p>
   </div>
   <div class='ocr_carea' id='block_1_24' title="bbox 626 2372 1987 2446">
    <p class='ocr_par' dir='ltr' id='par_1_24' title="bbox 626 2372 1987 2446">
     <span class='ocr_line' id='line_1_24' title="bbox 626 2372 1987 2446; baseline 0.001 -18"><span class='ocrx_word' id='word_1_132' title='bbox 626 2372 836 2444; x_wconf 81' lang='lat' dir='ltr'><strong>Quique</strong></span> <span class='ocrx_word' id='word_1_133' title='bbox 862 2375 1049 2430; x_wconf 78' lang='lat' dir='ltr'><strong>labore</strong></span> <span class='ocrx_word' id='word_1_134' title='bbox 1069 2375 1242 2445; x_wconf 87' lang='lat' dir='ltr'><strong>patris</strong></span> <span class='ocrx_word' id='word_1_135' title='bbox 1267 2377 1408 2430; x_wconf 87' lang='lat' dir='ltr'><strong>bona</strong></span> <span class='ocrx_word' id='word_1_136' title='bbox 1435 2375 1740 2446; x_wconf 88' lang='lat' dir='ltr'><strong>conquisita</strong></span> <span class='ocrx_word' id='word_1_137' title='bbox 1766 2374 1987 2445; x_wconf 85' lang='lat' dir='ltr'><strong>quietus</strong></span> 
     </span>
    </p>
   </div>
   <div class='ocr_carea' id='block_1_25' title="bbox 627 2465 1933 2540">
    <p class='ocr_par' dir='ltr' id='par_1_25' title="bbox 627 2465 1933 2540">
     <span class='ocr_line' id='line_1_25' title="bbox 627 2465 1933 2540; baseline 0.003 -20"><span class='ocrx_word' id='word_1_138' title='bbox 627 2465 900 2533; x_wconf 83' lang='lat' dir='ltr'><strong>Sumeret,</strong></span> <span class='ocrx_word' id='word_1_139' title='bbox 927 2483 1186 2523; x_wconf 84' lang='lat' dir='ltr'><strong>exercens</strong></span> <span class='ocrx_word' id='word_1_140' title='bbox 1209 2468 1373 2523; x_wconf 90' lang='lat' dir='ltr'><strong>divini</strong></span> <span class='ocrx_word' id='word_1_141' title='bbox 1398 2469 1647 2540; x_wconf 86' lang='lat' dir='ltr'><strong>dogmata</strong></span> <span class='ocrx_word' id='word_1_142' title='bbox 1685 2467 1885 2524; x_wconf 88' lang='lat' dir='ltr'><strong>cultus.</strong></span> <span class='ocrx_word' id='word_1_143' title='bbox 1924 2517 1933 2531; x_wconf 79' lang='grc'>,</span> 
     </span>
    </p>
   </div>
   <div class='ocr_carea' id='block_1_26' title="bbox 625 2555 2014 2628">
    <p class='ocr_par' dir='ltr' id='par_1_26' title="bbox 625 2555 2014 2628">
     <span class='ocr_line' id='line_1_26' title="bbox 625 2555 2014 2628; baseline 0.001 -18"><span class='ocrx_word' id='word_1_144' title='bbox 625 2555 772 2611; x_wconf 79' lang='lat' dir='ltr'><strong>Haec</strong></span> <span class='ocrx_word' id='word_1_145' title='bbox 795 2557 870 2611; x_wconf 91' lang='lat' dir='ltr'><strong>ita</strong></span> <span class='ocrx_word' id='word_1_146' title='bbox 895 2557 1022 2612; x_wconf 89' lang='lat' dir='ltr'><strong>dum</strong></span> <span class='ocrx_word' id='word_1_147' title='bbox 1044 2556 1254 2622; x_wconf 88' lang='lat' dir='ltr'><strong>ﬂerent,</strong></span> <span class='ocrx_word' id='word_1_148' title='bbox 1281 2559 1480 2626; x_wconf 86' lang='lat' dir='ltr'><strong>passim</strong></span> <span class='ocrx_word' id='word_1_149' title='bbox 1507 2557 1772 2628; x_wconf 89' lang='lat' dir='ltr'><strong>permixta</strong></span> <span class='ocrx_word' id='word_1_150' title='bbox 1797 2557 2014 2613; x_wconf 83' lang='lat' dir='ltr'><strong>videres</strong></span> 
     </span>
    </p>
   </div>
   <div class='ocr_carea' id='block_1_27' title="bbox 625 2645 1995 2720">
    <p class='ocr_par' dir='ltr' id='par_1_27' title="bbox 625 2645 1995 2720">
     <span class='ocr_line' id='line_1_27' title="bbox 625 2645 1995 2720; baseline 0.004 -17"><span class='ocrx_word' id='word_1_151' title='bbox 625 2645 832 2703; x_wconf 85' lang='lat' dir='ltr'><strong>Gaudia</strong></span> <span class='ocrx_word' id='word_1_152' title='bbox 860 2648 1136 2705; x_wconf 79' lang='lat' dir='ltr'><strong>tristitiae.</strong></span> <span class='ocrx_word' id='word_1_153' title='bbox 1169 2647 1302 2702; x_wconf 84' lang='lat' dir='ltr'><strong>Nam</strong></span> <span class='ocrx_word' id='word_1_154' title='bbox 1333 2664 1421 2704; x_wconf 91' lang='lat' dir='ltr'><strong>res</strong></span> <span class='ocrx_word' id='word_1_155' title='bbox 1441 2663 1506 2704; x_wconf 90' lang='lat' dir='ltr'><strong>ex</strong></span> <span class='ocrx_word' id='word_1_156' title='bbox 1531 2648 1719 2704; x_wconf 89' lang='lat' dir='ltr'><strong>ordine</strong></span> <span class='ocrx_word' id='word_1_157' title='bbox 1747 2655 1898 2720; x_wconf 88' lang='lat' dir='ltr'><strong>gesta</strong></span> <span class='ocrx_word' id='word_1_158' title='bbox 1993 2705 1995 2708; x_wconf 25' lang='lat'><strong>.</strong></span> 
     </span>
    </p>
   </div>
   <div class='ocr_carea' id='block_1_28' title="bbox 624 2735 1848 2807">
    <p class='ocr_par' dir='ltr' id='par_1_28' title="bbox 624 2735 1848 2807">
     <span class='ocr_line' id='line_1_28' title="bbox 624 2735 1848 2807; baseline 0.002 -18"><span class='ocrx_word' id='word_1_159' title='bbox 624 2735 694 2790; x_wconf 87' lang='lat' dir='ltr'><strong>Et</strong></span> <span class='ocrx_word' id='word_1_160' title='bbox 724 2736 930 2792; x_wconf 88' lang='lat' dir='ltr'><strong>ratione</strong></span> <span class='ocrx_word' id='word_1_161' title='bbox 955 2738 1065 2807; x_wconf 87' lang='lat' dir='ltr'><strong>pia,</strong></span> <span class='ocrx_word' id='word_1_162' title='bbox 1091 2737 1273 2792; x_wconf 90' lang='lat' dir='ltr'><strong>multis</strong></span> <span class='ocrx_word' id='word_1_163' title='bbox 1297 2753 1420 2793; x_wconf 84' lang='lat' dir='ltr'><strong>cum</strong></span> <span class='ocrx_word' id='word_1_164' title='bbox 1447 2738 1562 2793; x_wconf 91' lang='lat' dir='ltr'><strong>iure</strong></span> <span class='ocrx_word' id='word_1_165' title='bbox 1589 2737 1848 2806; x_wconf 86' lang='lat' dir='ltr'><strong>placeret,</strong></span> 
     </span>
    </p>
   </div>
   <div class='ocr_carea' id='block_1_29' title="bbox 623 2828 1970 2899">
    <p class='ocr_par' dir='ltr' id='par_1_29' title="bbox 623 2828 1970 2899">
     <span class='ocr_line' id='line_1_29' title="bbox 623 2828 1970 2899; baseline -0.002 -13"><span class='ocrx_word' id='word_1_166' title='bbox 623 2829 869 2899; x_wconf 74' lang='lat' dir='ltr'><strong>Amplius</strong></span> <span class='ocrx_word' id='word_1_167' title='bbox 893 2829 1158 2899; x_wconf 84' lang='lat' dir='ltr'><strong>angebant</strong></span> <span class='ocrx_word' id='word_1_168' title='bbox 1180 2837 1404 2885; x_wconf 89' lang='lat' dir='ltr'><strong>cunctos</strong></span> <span class='ocrx_word' id='word_1_169' title='bbox 1427 2837 1606 2884; x_wconf 89' lang='lat' dir='ltr'><strong>tamen</strong></span> <span class='ocrx_word' id='word_1_170' title='bbox 1628 2830 1773 2884; x_wconf 87' lang='lat' dir='ltr'><strong>intus</strong></span> <span class='ocrx_word' id='word_1_171' title='bbox 1799 2828 1970 2883; x_wconf 89' lang='lat' dir='ltr'><strong>amari</strong></span> 
     </span>
    </p>
   </div>
   <div class='ocr_carea' id='block_1_30' title="bbox 623 2919 1892 2989">
    <p class='ocr_par' dir='ltr' id='par_1_30' title="bbox 623 2919 1892 2989">
     <span class='ocr_line' id='line_1_30' title="bbox 623 2919 1892 2989; baseline 0.001 -15"><span class='ocrx_word' id='word_1_172' title='bbox 623 2919 892 2974; x_wconf 81' lang='lat' dir='ltr'><strong>Mcstittae</strong></span> <span class='ocrx_word' id='word_1_173' title='bbox 913 2919 1136 2984; x_wconf 87' lang='lat' dir='ltr'><strong>stimuli,</strong></span> <span class='ocrx_word' id='word_1_174' title='bbox 1161 2921 1302 2989; x_wconf 88' lang='lat' dir='ltr'><strong>quod</strong></span> <span class='ocrx_word' id='word_1_175' title='bbox 1325 2921 1476 2975; x_wconf 86' lang='lat' dir='ltr'><strong>carni</strong></span> <span class='ocrx_word' id='word_1_176' title='bbox 1503 2920 1715 2976; x_wconf 93' lang='lat' dir='ltr'><strong>debitus</strong></span> <span class='ocrx_word' id='word_1_177' title='bbox 1743 2920 1892 2975; x_wconf 90' lang='lat' dir='ltr'><strong>omni</strong></span> 
     </span>
    </p>
   </div>
   <div class='ocr_carea' id='block_1_31' title="bbox 622 3009 1894 3082">
    <p class='ocr_par' dir='ltr' id='par_1_31' title="bbox 622 3009 1894 3082">
     <span class='ocr_line' id='line_1_31' title="bbox 622 3009 1894 3082; baseline -0.001 -16"><span class='ocrx_word' id='word_1_178' title='bbox 622 3010 707 3066; x_wconf 82' lang='lat' dir='ltr'><strong>Ex</strong></span> <span class='ocrx_word' id='word_1_179' title='bbox 726 3009 899 3066; x_wconf 89' lang='lat' dir='ltr'><strong>oculis</strong></span> <span class='ocrx_word' id='word_1_180' title='bbox 922 3026 1108 3066; x_wconf 71' lang='lat' dir='ltr'><strong>carum</strong></span> <span class='ocrx_word' id='word_1_181' title='bbox 1133 3009 1384 3067; x_wconf 89' lang='lat' dir='ltr'><strong>Carolum</strong></span> <span class='ocrx_word' id='word_1_182' title='bbox 1407 3019 1658 3082; x_wconf 88' lang='lat' dir='ltr'><strong>rapturus</strong></span> <span class='ocrx_word' id='word_1_183' title='bbox 1683 3012 1894 3067; x_wconf 82' lang='lat' dir='ltr'><strong>adesset</strong></span> 
     </span>
    </p>
   </div>
   <div class='ocr_carea' id='block_1_32' title="bbox 624 3100 2008 3172">
    <p class='ocr_par' dir='ltr' id='par_1_32' title="bbox 624 3100 2008 3172">
     <span class='ocr_line' id='line_1_32' title="bbox 624 3100 2008 3172; baseline 0.002 -16"><span class='ocrx_word' id='word_1_184' title='bbox 624 3100 933 3158; x_wconf 78' lang='lat' dir='ltr'><strong>Terminus.</strong></span> <span class='ocrx_word' id='word_1_185' title='bbox 979 3101 1037 3157; x_wconf 92' lang='lat' dir='ltr'><strong>Id</strong></span> <span class='ocrx_word' id='word_1_186' title='bbox 1053 3101 1301 3157; x_wconf 89' lang='lat' dir='ltr'><strong>valetudo</strong></span> <span class='ocrx_word' id='word_1_187' title='bbox 1328 3101 1486 3156; x_wconf 88' lang='lat' dir='ltr'><strong>simul</strong></span> <span class='ocrx_word' id='word_1_188' title='bbox 1506 3103 1730 3172; x_wconf 88' lang='lat' dir='ltr'><strong>cogebat</strong></span> <span class='ocrx_word' id='word_1_189' title='bbox 1757 3110 1813 3158; x_wconf 91' lang='lat' dir='ltr'><strong>et</strong></span> <span class='ocrx_word' id='word_1_190' title='bbox 1839 3111 2008 3160; x_wconf 86' lang='lat' dir='ltr'><strong>aetas.</strong></span> 
     </span>
    </p>
   </div>
   <div class='ocr_carea' id='block_1_33' title="bbox 626 3190 1878 3263">
    <p class='ocr_par' dir='ltr' id='par_1_33' title="bbox 626 3190 1878 3263">
     <span class='ocr_line' id='line_1_33' title="bbox 626 3190 1878 3263; baseline 0.002 -17"><span class='ocrx_word' id='word_1_191' title='bbox 626 3190 805 3261; x_wconf 87' lang='lat' dir='ltr'><strong>thue</strong></span> <span class='ocrx_word' id='word_1_192' title='bbox 827 3191 963 3247; x_wconf 88' lang='lat' dir='ltr'><strong>solet</strong></span> <span class='ocrx_word' id='word_1_193' title='bbox 988 3191 1128 3258; x_wconf 84' lang='lat' dir='ltr'><strong>ﬁeri,</strong></span> <span class='ocrx_word' id='word_1_194' title='bbox 1156 3192 1408 3263; x_wconf 91' lang='lat' dir='ltr'><strong>quotiens</strong></span> <span class='ocrx_word' id='word_1_195' title='bbox 1428 3194 1752 3248; x_wconf 89' lang='lat' dir='ltr'><strong>ammittitur</strong></span> <span class='ocrx_word' id='word_1_196' title='bbox 1770 3193 1878 3249; x_wconf 88' lang='lat' dir='ltr'><strong>ulla</strong></span> 
     </span>
    </p>
   </div>
   <div class='ocr_carea' id='block_1_34' title="bbox 622 3277 1984 3353">
    <p class='ocr_par' dir='ltr' id='par_1_34' title="bbox 622 3277 1984 3353">
     <span class='ocr_line' id='line_1_34' title="bbox 622 3277 1984 3353; baseline 0.005 -19"><span class='ocrx_word' id='word_1_197' title='bbox 622 3277 733 3334; x_wconf 80' lang='lat' dir='ltr'><strong>Res</strong></span> <span class='ocrx_word' id='word_1_198' title='bbox 756 3280 914 3343; x_wconf 90' lang='lat' dir='ltr'><strong>bona,</strong></span> <span class='ocrx_word' id='word_1_199' title='bbox 949 3289 1076 3337; x_wconf 89' lang='lat' dir='ltr'><strong>tunc</strong></span> <span class='ocrx_word' id='word_1_200' title='bbox 1098 3281 1288 3337; x_wconf 89' lang='lat' dir='ltr'><strong>melius</strong></span> <span class='ocrx_word' id='word_1_201' title='bbox 1309 3282 1453 3353; x_wconf 87' lang='lat' dir='ltr'><strong>cogit</strong></span> <span class='ocrx_word' id='word_1_202' title='bbox 1473 3283 1629 3338; x_wconf 92' lang='lat' dir='ltr'><strong>dolor</strong></span> <span class='ocrx_word' id='word_1_203' title='bbox 1653 3284 1766 3353; x_wconf 88' lang='lat' dir='ltr'><strong>ipse</strong></span> <span class='ocrx_word' id='word_1_204' title='bbox 1786 3284 1984 3351; x_wconf 84' lang='lat' dir='ltr'><strong>videri,</strong></span> 
     </span>
    </p>
   </div>
   <div class='ocr_carea' id='block_1_35' title="bbox 623 3368 1844 3443">
    <p class='ocr_par' dir='ltr' id='par_1_35' title="bbox 623 3368 1844 3443">
     <span class='ocr_line' id='line_1_35' title="bbox 623 3368 1844 3443; baseline 0.001 -15"><span class='ocrx_word' id='word_1_205' title='bbox 623 3368 796 3441; x_wconf 81' lang='lat' dir='ltr'><strong>Ipsius</strong></span> <span class='ocrx_word' id='word_1_206' title='bbox 815 3370 1017 3426; x_wconf 87' lang='lat' dir='ltr'><strong>utilitas</strong></span> <span class='ocrx_word' id='word_1_207' title='bbox 1041 3372 1215 3443; x_wconf 87' lang='lat' dir='ltr'><strong>qualis</strong></span> <span class='ocrx_word' id='word_1_208' title='bbox 1241 3373 1589 3443; x_wconf 88' lang='lat' dir='ltr'><strong>preciumque</strong></span> <span class='ocrx_word' id='word_1_209' title='bbox 1607 3373 1798 3431; x_wconf 82' lang='lat' dir='ltr'><strong>fuisset</strong></span> <span class='ocrx_word' id='word_1_210' title='bbox 1829 3389 1844 3429; x_wconf 93' lang='lat'><strong>:</strong></span> 
     </span>
    </p>
   </div>
   <div class='ocr_carea' id='block_1_36' title="bbox 696 3502 1798 3578">
    <p class='ocr_par' dir='ltr' id='par_1_36' title="bbox 696 3502 1798 3578">
     <span class='ocr_line' id='line_1_36' title="bbox 696 3502 1798 3578; baseline 0.002 -20"><span class='ocrx_word' id='word_1_211' title='bbox 696 3517 723 3548; x_wconf 77' lang='lat' dir='ltr'><strong>II</strong></span> <span class='ocrx_word' id='word_1_212' title='bbox 761 3502 979 3559; x_wconf 79' lang='lat' dir='ltr'><strong>Hiatum</strong></span> <span class='ocrx_word' id='word_1_213' title='bbox 1002 3504 1298 3562; x_wconf 88' lang='lat' dir='ltr'><strong>tollendum</strong></span> <span class='ocrx_word' id='word_1_214' title='bbox 1324 3521 1442 3562; x_wconf 90' lang='lat' dir='ltr'><strong>esse</strong></span> <span class='ocrx_word' id='word_1_215' title='bbox 1471 3523 1577 3561; x_wconf 91' lang='lat' dir='ltr'><strong>non</strong></span> <span class='ocrx_word' id='word_1_216' title='bbox 1608 3505 1798 3578; x_wconf 88' lang='lat' dir='ltr'><strong>liquet.</strong></span> 
     </span>
    </p>
   </div>
   <div class='ocr_carea' id='block_1_37' title="bbox 2306 535 3676 606">
    <p class='ocr_par' dir='ltr' id='par_1_37' title="bbox 2306 535 3676 606">
     <span class='ocr_line' id='line_1_37' title="bbox 2306 535 3676 606; baseline 0.001 -14"><span class='ocrx_word' id='word_1_217' title='bbox 2306 537 2396 592; x_wconf 88' lang='lat' dir='ltr'><strong>Sic</strong></span> <span class='ocrx_word' id='word_1_218' title='bbox 2417 537 2594 606; x_wconf 87' lang='lat' dir='ltr'><strong>pictas</strong></span> <span class='ocrx_word' id='word_1_219' title='bbox 2614 535 2792 591; x_wconf 89' lang='lat' dir='ltr'><strong>Caroli</strong></span> <span class='ocrx_word' id='word_1_220' title='bbox 2815 546 3132 594; x_wconf 88' lang='lat' dir='ltr'><strong>cunctorum</strong></span> <span class='ocrx_word' id='word_1_221' title='bbox 3164 540 3438 595; x_wconf 87' lang='lat' dir='ltr'><strong>mentibus</strong></span> <span class='ocrx_word' id='word_1_222' title='bbox 3461 539 3676 603; x_wconf 56' lang='lat' dir='ltr'><strong>herent,</strong></span> 
     </span>
    </p>
   </div>
   <div class='ocr_carea' id='block_1_38' title="bbox 2306 628 3719 702">
    <p class='ocr_par' dir='ltr' id='par_1_38' title="bbox 2306 628 3719 702">
     <span class='ocr_line' id='line_1_38' title="bbox 2306 628 3719 702; baseline 0.002 -19"><span class='ocrx_word' id='word_1_223' title='bbox 2306 628 2455 683; x_wconf 92' lang='lat' dir='ltr'><strong>Tunc</strong></span> <span class='ocrx_word' id='word_1_224' title='bbox 2475 636 2753 698; x_wconf 88' lang='lat' dir='ltr'><strong>perspecta</strong></span> <span class='ocrx_word' id='word_1_225' title='bbox 2784 630 2955 700; x_wconf 89' lang='lat' dir='ltr'><strong>magis</strong></span> <span class='ocrx_word' id='word_1_226' title='bbox 2983 629 3178 695; x_wconf 87' lang='lat' dir='ltr'><strong>fuerat,</strong></span> <span class='ocrx_word' id='word_1_227' title='bbox 3212 645 3336 686; x_wconf 93' lang='lat' dir='ltr'><strong>cum</strong></span> <span class='ocrx_word' id='word_1_228' title='bbox 3363 630 3608 702; x_wconf 89' lang='lat' dir='ltr'><strong>principe</strong></span> <span class='ocrx_word' id='word_1_229' title='bbox 3631 631 3719 686; x_wconf 87' lang='lat' dir='ltr'><strong>tali</strong></span> 
     </span>
    </p>
   </div>
   <div class='ocr_carea' id='block_1_39' title="bbox 2308 723 3550 797">
    <p class='ocr_par' dir='ltr' id='par_1_39' title="bbox 2308 723 3550 797">
     <span class='ocr_line' id='line_1_39' title="bbox 2308 723 3550 797; baseline 0.002 -19"><span class='ocrx_word' id='word_1_230' title='bbox 2308 723 2442 778; x_wconf 85' lang='lat' dir='ltr'><strong>Sese</strong></span> <span class='ocrx_word' id='word_1_231' title='bbox 2459 726 2752 779; x_wconf 85' lang='lat' dir='ltr'><strong>cernebant</strong></span> <span class='ocrx_word' id='word_1_232' title='bbox 2773 726 3041 780; x_wconf 89' lang='lat' dir='ltr'><strong>carituros</strong></span> <span class='ocrx_word' id='word_1_233' title='bbox 3061 740 3181 780; x_wconf 89' lang='lat' dir='ltr'><strong>esse</strong></span> <span class='ocrx_word' id='word_1_234' title='bbox 3209 741 3308 797; x_wconf 89' lang='lat' dir='ltr'><strong>per</strong></span> <span class='ocrx_word' id='word_1_235' title='bbox 3334 741 3550 780; x_wconf 88' lang='lat' dir='ltr'><strong>aevum.</strong></span> 
     </span>
    </p>
   </div>
   <div class='ocr_carea' id='block_1_40' title="bbox 2307 814 3678 892">
    <p class='ocr_par' dir='ltr' id='par_1_40' title="bbox 2307 814 3678 892">
     <span class='ocr_line' id='line_1_40' title="bbox 2307 814 3678 892; baseline 0.004 -23"><span class='ocrx_word' id='word_1_236' title='bbox 2307 814 2699 885; x_wconf 83' lang='lat' dir='ltr'><strong>Multorumque</strong></span> <span class='ocrx_word' id='word_1_237' title='bbox 2728 833 2922 888; x_wconf 83' lang='lat' dir='ltr'><strong>graves</strong></span> <span class='ocrx_word' id='word_1_238' title='bbox 2941 819 3243 887; x_wconf 89' lang='lat' dir='ltr'><strong>sapientum</strong></span> <span class='ocrx_word' id='word_1_239' title='bbox 3267 827 3488 892; x_wconf 88' lang='lat' dir='ltr'><strong>pectora</strong></span> <span class='ocrx_word' id='word_1_240' title='bbox 3512 835 3678 875; x_wconf 89' lang='lat' dir='ltr'><strong>curae</strong></span> 
     </span>
    </p>
   </div>
   <div class='ocr_carea' id='block_1_41' title="bbox 2307 908 3678 981">
    <p class='ocr_par' dir='ltr' id='par_1_41' title="bbox 2307 908 3678 981">
     <span class='ocr_line' id='line_1_41' title="bbox 2307 908 3678 981; baseline 0.004 -20"><span class='ocrx_word' id='word_1_241' title='bbox 2307 908 2640 976; x_wconf 87' lang='lat' dir='ltr'><strong>Mordebant,</strong></span> <span class='ocrx_word' id='word_1_242' title='bbox 2666 909 2720 963; x_wconf 89' lang='lat' dir='ltr'><strong>in</strong></span> <span class='ocrx_word' id='word_1_243' title='bbox 2738 910 2975 966; x_wconf 89' lang='lat' dir='ltr'><strong>deterius</strong></span> <span class='ocrx_word' id='word_1_244' title='bbox 3004 910 3108 965; x_wconf 90' lang='lat' dir='ltr'><strong>iam</strong></span> <span class='ocrx_word' id='word_1_245' title='bbox 3144 912 3362 981; x_wconf 88' lang='lat' dir='ltr'><strong>iamque</strong></span> <span class='ocrx_word' id='word_1_246' title='bbox 3391 912 3678 968; x_wconf 88' lang='lat' dir='ltr'><strong>timentum</strong></span> 
     </span>
    </p>
   </div>
   <div class='ocr_carea' id='block_1_42' title="bbox 2305 996 3742 1075">
    <p class='ocr_par' dir='ltr' id='par_1_42' title="bbox 2305 996 3742 1075">
     <span class='ocr_line' id='line_1_42' title="bbox 2305 996 3742 1075; baseline 0.006 -24"><span class='ocrx_word' id='word_1_247' title='bbox 2305 996 2578 1069; x_wconf 87' lang='lat' dir='ltr'><strong>Lapsuras</strong></span> <span class='ocrx_word' id='word_1_248' title='bbox 2602 1015 2690 1054; x_wconf 91' lang='lat' dir='ltr'><strong>res</strong></span> <span class='ocrx_word' id='word_1_249' title='bbox 2719 999 3073 1064; x_wconf 85' lang='lat' dir='ltr'><strong>Francorum,</strong></span> <span class='ocrx_word' id='word_1_250' title='bbox 3107 1001 3305 1056; x_wconf 89' lang='lat' dir='ltr'><strong>multas</strong></span> <span class='ocrx_word' id='word_1_251' title='bbox 3324 1017 3541 1075; x_wconf 87' lang='lat' dir='ltr'><strong>quoque</strong></span> <span class='ocrx_word' id='word_1_252' title='bbox 3559 1001 3742 1059; x_wconf 73' lang='lat' dir='ltr'><strong>clades</strong></span> 
     </span>
    </p>
   </div>
   <div class='ocr_carea' id='block_1_43' title="bbox 2306 1087 3577 1161">
    <p class='ocr_par' dir='ltr' id='par_1_43' title="bbox 2306 1087 3577 1161">
     <span class='ocr_line' id='line_1_43' title="bbox 2306 1087 3577 1161; baseline 0.006 -20"><span class='ocrx_word' id='word_1_253' title='bbox 2306 1087 2437 1142; x_wconf 88' lang='lat' dir='ltr'><strong>Post</strong></span> <span class='ocrx_word' id='word_1_254' title='bbox 2460 1088 2668 1142; x_wconf 90' lang='lat' dir='ltr'><strong>obitum</strong></span> <span class='ocrx_word' id='word_1_255' title='bbox 2700 1089 2835 1143; x_wconf 90' lang='lat' dir='ltr'><strong>tanti</strong></span> <span class='ocrx_word' id='word_1_256' title='bbox 2863 1099 3121 1145; x_wconf 86' lang='lat' dir='ltr'><strong>venturas</strong></span> <span class='ocrx_word' id='word_1_257' title='bbox 3151 1091 3414 1161; x_wconf 83' lang='lat' dir='ltr'><strong>principis</strong></span> <span class='ocrx_word' id='word_1_258' title='bbox 3431 1107 3577 1148; x_wconf 84' lang='lat' dir='ltr'><strong>esse.</strong></span> 
     </span>
    </p>
   </div>
   <div class='ocr_carea' id='block_1_44' title="bbox 2309 1180 3563 1254">
    <p class='ocr_par' dir='ltr' id='par_1_44' title="bbox 2309 1180 3563 1254">
     <span class='ocr_line' id='line_1_44' title="bbox 2309 1180 3563 1254; baseline 0.003 -19"><span class='ocrx_word' id='word_1_259' title='bbox 2309 1180 2381 1235; x_wconf 91' lang='lat' dir='ltr'><strong>Ut</strong></span> <span class='ocrx_word' id='word_1_260' title='bbox 2407 1180 2506 1234; x_wconf 87' lang='lat' dir='ltr'><strong>sub</strong></span> <span class='ocrx_word' id='word_1_261' title='bbox 2534 1180 2638 1235; x_wconf 87' lang='lat' dir='ltr'><strong>ﬁne</strong></span> <span class='ocrx_word' id='word_1_262' title='bbox 2663 1181 2804 1236; x_wconf 87' lang='lat' dir='ltr'><strong>cadit</strong></span> <span class='ocrx_word' id='word_1_263' title='bbox 2831 1197 2952 1236; x_wconf 84' lang='lat' dir='ltr'><strong>eum</strong></span> <span class='ocrx_word' id='word_1_264' title='bbox 2980 1183 3190 1254; x_wconf 84' lang='lat' dir='ltr'><strong>longior</strong></span> <span class='ocrx_word' id='word_1_265' title='bbox 3217 1183 3406 1238; x_wconf 82' lang='lat' dir='ltr'><strong>umbra</strong></span> <span class='ocrx_word' id='word_1_266' title='bbox 3430 1183 3563 1250; x_wconf 89' lang='lat' dir='ltr'><strong>diei,</strong></span> 
     </span>
    </p>
   </div>
   <div class='ocr_carea' id='block_1_45' title="bbox 2307 1272 3577 1348">
    <p class='ocr_par' dir='ltr' id='par_1_45' title="bbox 2307 1272 3577 1348">
     <span class='ocr_line' id='line_1_45' title="bbox 2307 1272 3577 1348; baseline 0.006 -22"><span class='ocrx_word' id='word_1_267' title='bbox 2307 1272 2375 1332; x_wconf 82' lang='lat' dir='ltr'><strong>Et</strong></span> <span class='ocrx_word' id='word_1_268' title='bbox 2397 1273 2476 1328; x_wconf 90' lang='lat' dir='ltr'><strong>sol</strong></span> <span class='ocrx_word' id='word_1_269' title='bbox 2506 1275 2691 1328; x_wconf 90' lang='lat' dir='ltr'><strong>oceani</strong></span> <span class='ocrx_word' id='word_1_270' title='bbox 2718 1290 3016 1345; x_wconf 89' lang='lat' dir='ltr'><strong>properans</strong></span> <span class='ocrx_word' id='word_1_271' title='bbox 3037 1292 3095 1331; x_wconf 92' lang='lat' dir='ltr'><strong>se</strong></span> <span class='ocrx_word' id='word_1_272' title='bbox 3125 1277 3373 1348; x_wconf 87' lang='lat' dir='ltr'><strong>tinguere</strong></span> <span class='ocrx_word' id='word_1_273' title='bbox 3411 1276 3577 1333; x_wconf 89' lang='lat' dir='ltr'><strong>ﬂuctu</strong></span> 
     </span>
    </p>
   </div>
   <div class='ocr_carea' id='block_1_46' title="bbox 2307 1358 3622 1441">
    <p class='ocr_par' dir='ltr' id='par_1_46' title="bbox 2307 1358 3622 1441">
     <span class='ocr_line' id='line_1_46' title="bbox 2307 1358 3622 1441; baseline 0.008 -23"><span class='ocrx_word' id='word_1_274' title='bbox 2307 1364 2490 1436; x_wconf 86' lang='lat' dir='ltr'><strong>Pergit</strong></span> <span class='ocrx_word' id='word_1_275' title='bbox 2513 1365 2566 1420; x_wconf 91' lang='lat' dir='ltr'><strong>in</strong></span> <span class='ocrx_word' id='word_1_276' title='bbox 2589 1367 2849 1432; x_wconf 91' lang='lat' dir='ltr'><strong>cubitum,</strong></span> <span class='ocrx_word' id='word_1_277' title='bbox 2879 1369 3012 1440; x_wconf 84' lang='lat' dir='ltr'><strong>tegit</strong></span> <span class='ocrx_word' id='word_1_278' title='bbox 3031 1378 3084 1424; x_wconf 89' lang='lat' dir='ltr'><strong>et</strong></span> <span class='ocrx_word' id='word_1_279' title='bbox 3116 1358 3387 1441; x_wconf 84' lang='lat' dir='ltr'><strong>ferrugine</strong></span> <span class='ocrx_word' id='word_1_280' title='bbox 3410 1373 3622 1429; x_wconf 80' lang='lat' dir='ltr'><strong>vultum</strong></span> 
     </span>
    </p>
   </div>
   <div class='ocr_carea' id='block_1_47' title="bbox 2308 1456 3592 1535">
    <p class='ocr_par' dir='ltr' id='par_1_47' title="bbox 2308 1456 3592 1535">
     <span class='ocr_line' id='line_1_47' title="bbox 2308 1456 3592 1535; baseline 0.006 -22"><span class='ocrx_word' id='word_1_281' title='bbox 2308 1456 2662 1528; x_wconf 84' lang='lat' dir='ltr'><strong>Lucigenum,</strong></span> <span class='ocrx_word' id='word_1_282' title='bbox 2687 1459 2857 1515; x_wconf 86' lang='lat' dir='ltr'><strong>mixto</strong></span> <span class='ocrx_word' id='word_1_283' title='bbox 2885 1461 3112 1516; x_wconf 86' lang='lat' dir='ltr'><strong>maculis</strong></span> <span class='ocrx_word' id='word_1_284' title='bbox 3128 1463 3336 1533; x_wconf 78' lang='lat' dir='ltr'><strong>pallore</strong></span> <span class='ocrx_word' id='word_1_285' title='bbox 3361 1464 3592 1535; x_wconf 86' lang='lat' dir='ltr'><strong>nigellis,</strong></span> 
     </span>
    </p>
   </div>
   <div class='ocr_carea' id='block_1_48' title="bbox 2310 1545 3654 1626">
    <p class='ocr_par' dir='ltr' id='par_1_48' title="bbox 2310 1545 3654 1626">
     <span class='ocr_line' id='line_1_48' title="bbox 2310 1545 3654 1626; baseline 0.01 -26"><span class='ocrx_word' id='word_1_286' title='bbox 2310 1545 2473 1617; x_wconf 90' lang='lat' dir='ltr'><strong>Signa</strong></span> <span class='ocrx_word' id='word_1_287' title='bbox 2495 1548 2790 1616; x_wconf 89' lang='lat' dir='ltr'><strong>procellose</strong></span> <span class='ocrx_word' id='word_1_288' title='bbox 2816 1549 2908 1604; x_wconf 86' lang='lat' dir='ltr'><strong>dat</strong></span> <span class='ocrx_word' id='word_1_289' title='bbox 2937 1551 3113 1607; x_wconf 87' lang='lat' dir='ltr'><strong>noctis</strong></span> <span class='ocrx_word' id='word_1_290' title='bbox 3135 1551 3333 1609; x_wconf 89' lang='lat' dir='ltr'><strong>abinde</strong></span> <span class='ocrx_word' id='word_1_291' title='bbox 3355 1557 3654 1626; x_wconf 85' lang='lat' dir='ltr'><strong>sequentis,</strong></span> 
     </span>
    </p>
   </div>
   <div class='ocr_carea' id='block_1_49' title="bbox 2309 1637 3763 1717">
    <p class='ocr_par' dir='ltr' id='par_1_49' title="bbox 2309 1637 3763 1717">
     <span class='ocr_line' id='line_1_49' title="bbox 2309 1637 3763 1717; baseline 0.01 -26"><span class='ocrx_word' id='word_1_292' title='bbox 2309 1637 2568 1705; x_wconf 86' lang='lat' dir='ltr'><strong>Quamvis</strong></span> <span class='ocrx_word' id='word_1_293' title='bbox 2596 1640 2914 1707; x_wconf 85' lang='lat' dir='ltr'><strong>succedens,</strong></span> <span class='ocrx_word' id='word_1_294' title='bbox 2945 1642 3073 1696; x_wconf 90' lang='lat' dir='ltr'><strong>dum</strong></span> <span class='ocrx_word' id='word_1_295' title='bbox 3101 1645 3319 1701; x_wconf 88' lang='lat' dir='ltr'><strong>tramite</strong></span> <span class='ocrx_word' id='word_1_296' title='bbox 3348 1645 3525 1703; x_wconf 78' lang='lat' dir='ltr'><strong>fertur</strong></span> <span class='ocrx_word' id='word_1_297' title='bbox 3553 1651 3763 1717; x_wconf 72' lang='lat' dir='ltr'><strong>eodem,</strong></span> 
     </span>
    </p>
   </div>
   <div class='ocr_carea' id='block_1_50' title="bbox 2310 1731 3582 1802">
    <p class='ocr_par' dir='ltr' id='par_1_50' title="bbox 2310 1731 3582 1802">
     <span class='ocr_line' id='line_1_50' title="bbox 2310 1731 3582 1802; baseline 0.01 -16"><span class='ocrx_word' id='word_1_298' title='bbox 2310 1731 2452 1786; x_wconf 83' lang='lat' dir='ltr'><strong>Orbe</strong></span> <span class='ocrx_word' id='word_1_299' title='bbox 2476 1733 2619 1788; x_wconf 78' lang='lat' dir='ltr'><strong>valet</strong></span> <span class='ocrx_word' id='word_1_300' title='bbox 2641 1735 2800 1802; x_wconf 91' lang='lat' dir='ltr'><strong>pleno</strong></span> <span class='ocrx_word' id='word_1_301' title='bbox 2821 1736 3147 1792; x_wconf 88' lang='lat' dir='ltr'><strong>sublustrem</strong></span> <span class='ocrx_word' id='word_1_302' title='bbox 3176 1740 3400 1795; x_wconf 84' lang='lat' dir='ltr'><strong>reddere</strong></span> <span class='ocrx_word' id='word_1_303' title='bbox 3429 1742 3582 1801; x_wconf 84' lang='lat' dir='ltr'><strong>luna.</strong></span> 
     </span>
    </p>
   </div>
   <div class='ocr_carea' id='block_1_51' title="bbox 2241 1813 3586 1898">
    <p class='ocr_par' dir='ltr' id='par_1_51' title="bbox 2241 1813 3586 1898">
     <span class='ocr_line' id='line_1_51' title="bbox 2241 1813 3586 1898; baseline 0.011 -23"><span class='ocrx_word' id='word_1_304' title='bbox 2241 1813 2290 1875; x_wconf 86' lang='grc' dir='ltr'><em>Β</em></span> <span class='ocrx_word' id='word_1_305' title='bbox 2316 1822 2467 1880; x_wconf 86' lang='lat' dir='ltr'><strong>Ilaud</strong></span> <span class='ocrx_word' id='word_1_306' title='bbox 2491 1824 2650 1879; x_wconf 86' lang='lat' dir='ltr'><strong>aliter</strong></span> <span class='ocrx_word' id='word_1_307' title='bbox 2675 1834 2788 1879; x_wconf 92' lang='lat' dir='ltr'><strong>tum</strong></span> <span class='ocrx_word' id='word_1_308' title='bbox 2814 1827 3109 1898; x_wconf 91' lang='lat' dir='ltr'><strong>prudentes</strong></span> <span class='ocrx_word' id='word_1_309' title='bbox 3134 1845 3354 1887; x_wconf 89' lang='lat' dir='ltr'><strong>sensere</strong></span> <span class='ocrx_word' id='word_1_310' title='bbox 3379 1831 3586 1890; x_wconf 84' lang='lat' dir='ltr'><strong>futuras</strong></span> 
     </span>
    </p>
   </div>
   <div class='ocr_carea' id='block_1_52' title="bbox 2308 1912 3684 1993">
    <p class='ocr_par' dir='ltr' id='par_1_52' title="bbox 2308 1912 3684 1993">
     <span class='ocr_line' id='line_1_52' title="bbox 2308 1912 3684 1993; baseline 0.011 -27"><span class='ocrx_word' id='word_1_311' title='bbox 2308 1912 2578 1968; x_wconf 87' lang='lat' dir='ltr'><strong>Bellorum</strong></span> <span class='ocrx_word' id='word_1_312' title='bbox 2628 1923 2992 1985; x_wconf 84' lang='lat' dir='ltr'><strong>tempestates,</strong></span> <span class='ocrx_word' id='word_1_313' title='bbox 3047 1920 3349 1990; x_wconf 89' lang='lat' dir='ltr'><strong>meritoque</strong></span> <span class='ocrx_word' id='word_1_314' title='bbox 3387 1927 3684 1993; x_wconf 81' lang='lat' dir='ltr'><strong>gemendas</strong></span> 
     </span>
    </p>
   </div>
   <div class='ocr_carea' id='block_1_53' title="bbox 2306 2003 3572 2075">
    <p class='ocr_par' dir='ltr' id='par_1_53' title="bbox 2306 2003 3572 2075">
     <span class='ocr_line' id='line_1_53' title="bbox 2306 2003 3572 2075; baseline 0.009 -17"><span class='ocrx_word' id='word_1_315' title='bbox 2306 2003 2476 2075; x_wconf 83' lang='lat' dir='ltr'><strong>Regni</strong></span> <span class='ocrx_word' id='word_1_316' title='bbox 2499 2005 2830 2062; x_wconf 82' lang='lat' dir='ltr'><strong>Francorum</strong></span> <span class='ocrx_word' id='word_1_317' title='bbox 2859 2006 3054 2064; x_wconf 89' lang='lat' dir='ltr'><strong>Carolo</strong></span> <span class='ocrx_word' id='word_1_318' title='bbox 3073 2010 3339 2068; x_wconf 83' lang='lat' dir='ltr'><strong>moriente</strong></span> <span class='ocrx_word' id='word_1_319' title='bbox 3366 2015 3572 2071; x_wconf 81' lang='lat' dir='ltr'><strong>ruinas.</strong></span> 
     </span>
    </p>
   </div>
   <div class='ocr_carea' id='block_1_54' title="bbox 2308 2096 3558 2172">
    <p class='ocr_par' dir='ltr' id='par_1_54' title="bbox 2308 2096 3558 2172">
     <span class='ocr_line' id='line_1_54' title="bbox 2308 2096 3558 2172; baseline 0.007 -18"><span class='ocrx_word' id='word_1_320' title='bbox 2308 2096 2547 2154; x_wconf 88' lang='lat' dir='ltr'><strong>Solvitur</strong></span> <span class='ocrx_word' id='word_1_321' title='bbox 2569 2100 2773 2155; x_wconf 90' lang='lat' dir='ltr'><strong>interea</strong></span> <span class='ocrx_word' id='word_1_322' title='bbox 2802 2103 2984 2172; x_wconf 83' lang='lat' dir='ltr'><strong>populi</strong></span> <span class='ocrx_word' id='word_1_323' title='bbox 3013 2113 3330 2172; x_wconf 87' lang='lat' dir='ltr'><strong>conventus,</strong></span> <span class='ocrx_word' id='word_1_324' title='bbox 3351 2116 3406 2162; x_wconf 93' lang='lat' dir='ltr'><strong>et</strong></span> <span class='ocrx_word' id='word_1_325' title='bbox 3432 2107 3558 2163; x_wconf 90' lang='lat' dir='ltr'><strong>inde</strong></span> 
     </span>
    </p>
   </div>
   <div class='ocr_carea' id='block_1_55' title="bbox 2306 2187 3606 2271">
    <p class='ocr_par' dir='ltr' id='par_1_55' title="bbox 2306 2187 3606 2271">
     <span class='ocr_line' id='line_1_55' title="bbox 2306 2187 3606 2271; baseline 0.012 -31"><span class='ocrx_word' id='word_1_326' title='bbox 2306 2187 2406 2255; x_wconf 87' lang='lat' dir='ltr'><strong>Qui</strong></span> <span class='ocrx_word' id='word_1_327' title='bbox 2432 2187 2647 2244; x_wconf 87' lang='lat' dir='ltr'><strong>fuerant</strong></span> <span class='ocrx_word' id='word_1_328' title='bbox 2673 2207 2928 2262; x_wconf 88' lang='lat' dir='ltr'><strong>proceres</strong></span> <span class='ocrx_word' id='word_1_329' title='bbox 2949 2195 3172 2250; x_wconf 90' lang='lat' dir='ltr'><strong>redituri</strong></span> <span class='ocrx_word' id='word_1_330' title='bbox 3196 2199 3414 2253; x_wconf 85' lang='lat' dir='ltr'><strong>tramite</strong></span> <span class='ocrx_word' id='word_1_331' title='bbox 3443 2199 3606 2271; x_wconf 83' lang='lat' dir='ltr'><strong>longo</strong></span> 
     </span>
    </p>
   </div>
   <div class='ocr_carea' id='block_1_56' title="bbox 2304 2279 3614 2357">
    <p class='ocr_par' dir='ltr' id='par_1_56' title="bbox 2304 2279 3614 2357">
     <span class='ocr_line' id='line_1_56' title="bbox 2304 2279 3614 2357; baseline 0.011 -24"><span class='ocrx_word' id='word_1_332' title='bbox 2304 2279 2388 2333; x_wconf 78' lang='lat' dir='ltr'><strong>Ad</strong></span> <span class='ocrx_word' id='word_1_333' title='bbox 2414 2280 2569 2336; x_wconf 89' lang='lat' dir='ltr'><strong>sedes</strong></span> <span class='ocrx_word' id='word_1_334' title='bbox 2599 2283 2863 2354; x_wconf 89' lang='lat' dir='ltr'><strong>proprias,</strong></span> <span class='ocrx_word' id='word_1_335' title='bbox 2888 2285 3103 2340; x_wconf 89' lang='lat' dir='ltr'><strong>sibimet</strong></span> <span class='ocrx_word' id='word_1_336' title='bbox 3129 2287 3234 2341; x_wconf 91' lang='lat' dir='ltr'><strong>iam</strong></span> <span class='ocrx_word' id='word_1_337' title='bbox 3259 2290 3614 2357; x_wconf 88' lang='lat' dir='ltr'><strong>conicientes,</strong></span> 
     </span>
    </p>
   </div>
   <div class='ocr_carea' id='block_1_57' title="bbox 2305 2372 3767 2452">
    <p class='ocr_par' dir='ltr' id='par_1_57' title="bbox 2305 2372 3767 2452">
     <span class='ocr_line' id='line_1_57' title="bbox 2305 2372 3767 2452; baseline 0.008 -24"><span class='ocrx_word' id='word_1_338' title='bbox 2305 2372 2431 2428; x_wconf 86' lang='lat' dir='ltr'><strong>Cari</strong></span> <span class='ocrx_word' id='word_1_339' title='bbox 2459 2386 2809 2446; x_wconf 87' lang='lat' dir='ltr'><strong>conspectum</strong></span> <span class='ocrx_word' id='word_1_340' title='bbox 2830 2377 3032 2432; x_wconf 90' lang='lat' dir='ltr'><strong>domini</strong></span> <span class='ocrx_word' id='word_1_341' title='bbox 3056 2391 3079 2418; x_wconf 73' lang='grc' dir='ltr'><strong>ει</strong></span> <span class='ocrx_word' id='word_1_342' title='bbox 3105 2379 3248 2435; x_wconf 91' lang='lat' dir='ltr'><strong>hunc</strong></span> <span class='ocrx_word' id='word_1_343' title='bbox 3275 2396 3394 2436; x_wconf 84' lang='lat' dir='ltr'><strong>esse</strong></span> <span class='ocrx_word' id='word_1_344' title='bbox 3434 2398 3767 2452; x_wconf 83' lang='lat' dir='ltr'><strong>supremum,</strong></span> 
     </span>
    </p>
   </div>
   <div class='ocr_carea' id='block_1_58' title="bbox 2220 2462 3604 2547">
    <p class='ocr_par' dir='ltr' id='par_1_58' title="bbox 2220 2462 3604 2547">
     <span class='ocr_line' id='line_1_58' title="bbox 2220 2462 3604 2547; baseline 0.011 -30"><span class='ocrx_word' id='word_1_345' title='bbox 2220 2543 2225 2547; x_wconf 23' lang='grc' dir='ltr'><strong><em>π</em></strong></span> <span class='ocrx_word' id='word_1_346' title='bbox 2305 2462 2507 2547; x_wconf 84' lang='lat' dir='ltr'><strong>Interni</strong></span> <span class='ocrx_word' id='word_1_347' title='bbox 2539 2466 2770 2535; x_wconf 83' lang='lat' dir='ltr'><strong>gemitus</strong></span> <span class='ocrx_word' id='word_1_348' title='bbox 2790 2467 3050 2523; x_wconf 88' lang='lat' dir='ltr'><strong>dederant</strong></span> <span class='ocrx_word' id='word_1_349' title='bbox 3074 2471 3350 2541; x_wconf 86' lang='lat' dir='ltr'><strong>animique</strong></span> <span class='ocrx_word' id='word_1_350' title='bbox 3374 2473 3604 2532; x_wconf 83' lang='lat' dir='ltr'><strong>dolentis</strong></span> 
     </span>
    </p>
   </div>
   <div class='ocr_carea' id='block_1_59' title="bbox 2305 2545 3513 2631">
    <p class='ocr_par' dir='ltr' id='par_1_59' title="bbox 2305 2545 3513 2631">
     <span class='ocr_line' id='line_1_59' title="bbox 2305 2545 3513 2631; baseline 0.008 -24"><span class='ocrx_word' id='word_1_351' title='bbox 2305 2545 2531 2608; x_wconf 61' lang='lat' dir='ltr'><strong>Pa’llcnti</strong></span> <span class='ocrx_word' id='word_1_352' title='bbox 2558 2554 2767 2625; x_wconf 89' lang='lat' dir='ltr'><strong>signum</strong></span> <span class='ocrx_word' id='word_1_353' title='bbox 2795 2553 2931 2611; x_wconf 86' lang='lat' dir='ltr'><strong>facie</strong></span> <span class='ocrx_word' id='word_1_354' title='bbox 2957 2573 3272 2629; x_wconf 87' lang='lat' dir='ltr'><strong>meroreque</strong></span> <span class='ocrx_word' id='word_1_355' title='bbox 3302 2577 3513 2631; x_wconf 86' lang='lat' dir='ltr'><strong>pressa.</strong></span> 
     </span>
    </p>
   </div>
   <div class='ocr_carea' id='block_1_60' title="bbox 2307 2644 3605 2724">
    <p class='ocr_par' dir='ltr' id='par_1_60' title="bbox 2307 2644 3605 2724">
     <span class='ocr_line' id='line_1_60' title="bbox 2307 2644 3605 2724; baseline 0.011 -26"><span class='ocrx_word' id='word_1_356' title='bbox 2307 2644 2616 2715; x_wconf 91' lang='lat' dir='ltr'><strong>Composito</strong></span> <span class='ocrx_word' id='word_1_357' title='bbox 2641 2647 2826 2716; x_wconf 86' lang='lat' dir='ltr'><strong>plures</strong></span> <span class='ocrx_word' id='word_1_358' title='bbox 2852 2650 3021 2714; x_wconf 88' lang='lat' dir='ltr'><strong>vultu,</strong></span> <span class='ocrx_word' id='word_1_359' title='bbox 3050 2651 3177 2706; x_wconf 89' lang='lat' dir='ltr'><strong>dum</strong></span> <span class='ocrx_word' id='word_1_360' title='bbox 3205 2654 3406 2724; x_wconf 86' lang='lat' dir='ltr'><strong>ﬁngere</strong></span> <span class='ocrx_word' id='word_1_361' title='bbox 3429 2656 3605 2713; x_wconf 87' lang='lat' dir='ltr'><strong>laetos</strong></span> 
     </span>
    </p>
   </div>
   <div class='ocr_carea' id='block_1_61' title="bbox 2309 2733 3614 2812">
    <p class='ocr_par' dir='ltr' id='par_1_61' title="bbox 2309 2733 3614 2812">
     <span class='ocr_line' id='line_1_61' title="bbox 2309 2733 3614 2812; baseline 0.011 -24"><span class='ocrx_word' id='word_1_362' title='bbox 2309 2733 2380 2789; x_wconf 91' lang='lat' dir='ltr'><strong>Se</strong></span> <span class='ocrx_word' id='word_1_363' title='bbox 2405 2737 2649 2806; x_wconf 87' lang='lat' dir='ltr'><strong>cupiunt,</strong></span> <span class='ocrx_word' id='word_1_364' title='bbox 2681 2754 2788 2807; x_wconf 90' lang='lat' dir='ltr'><strong>quo</strong></span> <span class='ocrx_word' id='word_1_365' title='bbox 2807 2751 3115 2810; x_wconf 83' lang='lat' dir='ltr'><strong>suspectum</strong></span> <span class='ocrx_word' id='word_1_366' title='bbox 3140 2745 3403 2812; x_wconf 83' lang='lat' dir='ltr'><strong>reperiret</strong></span> <span class='ocrx_word' id='word_1_367' title='bbox 3423 2746 3478 2800; x_wconf 91' lang='lat' dir='ltr'><strong>in</strong></span> <span class='ocrx_word' id='word_1_368' title='bbox 3509 2747 3614 2803; x_wconf 90' lang='lat' dir='ltr'><strong>illis</strong></span> 
     </span>
    </p>
   </div>
   <div class='ocr_carea' id='block_1_62' title="bbox 2308 2824 3692 2898">
    <p class='ocr_par' dir='ltr' id='par_1_62' title="bbox 2308 2824 3692 2898">
     <span class='ocr_line' id='line_1_62' title="bbox 2308 2824 3692 2898; baseline 0.01 -18"><span class='ocrx_word' id='word_1_369' title='bbox 2308 2824 2392 2880; x_wconf 87' lang='lat' dir='ltr'><strong>Nil</strong></span> <span class='ocrx_word' id='word_1_370' title='bbox 2421 2843 2590 2882; x_wconf 88' lang='lat' dir='ltr'><strong>novus</strong></span> <span class='ocrx_word' id='word_1_371' title='bbox 2617 2837 2893 2898; x_wconf 87' lang='lat' dir='ltr'><strong>angustus,</strong></span> <span class='ocrx_word' id='word_1_372' title='bbox 2925 2839 3104 2886; x_wconf 86' lang='lat' dir='ltr'><strong>tamen</strong></span> <span class='ocrx_word' id='word_1_373' title='bbox 3135 2841 3190 2887; x_wconf 92' lang='lat' dir='ltr'><strong>ct</strong></span> <span class='ocrx_word' id='word_1_374' title='bbox 3212 2834 3390 2889; x_wconf 88' lang='lat' dir='ltr'><strong>ridere</strong></span> <span class='ocrx_word' id='word_1_375' title='bbox 3413 2835 3692 2894; x_wconf 69' lang='lat' dir='ltr'><strong>volenmm</strong></span> 
     </span>
    </p>
   </div>
   <div class='ocr_carea' id='block_1_63' title="bbox 2307 2917 3663 2998">
    <p class='ocr_par' dir='ltr' id='par_1_63' title="bbox 2307 2917 3663 2998">
     <span class='ocr_line' id='line_1_63' title="bbox 2307 2917 3663 2998; baseline 0.01 -26"><span class='ocrx_word' id='word_1_376' title='bbox 2307 2917 2414 2973; x_wconf 88' lang='lat' dir='ltr'><strong>Ora</strong></span> <span class='ocrx_word' id='word_1_377' title='bbox 2441 2921 2913 2978; x_wconf 86' lang='lat' dir='ltr'><strong>madentlacrimis</strong></span> <span class='ocrx_word' id='word_1_378' title='bbox 2942 2923 3077 2979; x_wconf 89' lang='lat' dir='ltr'><strong>falsa</strong></span> <span class='ocrx_word' id='word_1_379' title='bbox 3103 2926 3244 2982; x_wconf 90' lang='lat' dir='ltr'><strong>inter</strong></span> <span class='ocrx_word' id='word_1_380' title='bbox 3274 2929 3467 2998; x_wconf 81' lang='lat' dir='ltr'><strong>gaudia</strong></span> <span class='ocrx_word' id='word_1_381' title='bbox 3499 2931 3663 2986; x_wconf 88' lang='lat' dir='ltr'><strong>veris.</strong></span> 
     </span>
    </p>
   </div>
   <div class='ocr_carea' id='block_1_64' title="bbox 2309 3009 3743 3090">
    <p class='ocr_par' dir='ltr' id='par_1_64' title="bbox 2309 3009 3743 3090">
     <span class='ocr_line' id='line_1_64' title="bbox 2309 3009 3743 3090; baseline 0.008 -27"><span class='ocrx_word' id='word_1_382' title='bbox 2309 3009 2426 3065; x_wconf 79' lang='lat' dir='ltr'><strong>Non</strong></span> <span class='ocrx_word' id='word_1_383' title='bbox 2451 3012 2627 3068; x_wconf 86' lang='lat' dir='ltr'><strong>aulam</strong></span> <span class='ocrx_word' id='word_1_384' title='bbox 2655 3021 2782 3070; x_wconf 89' lang='lat' dir='ltr'><strong>tunc</strong></span> <span class='ocrx_word' id='word_1_385' title='bbox 2811 3029 2961 3069; x_wconf 90' lang='lat' dir='ltr'><strong>more</strong></span> <span class='ocrx_word' id='word_1_386' title='bbox 2984 3031 3082 3071; x_wconf 93' lang='lat' dir='ltr'><strong>suo</strong></span> <span class='ocrx_word' id='word_1_387' title='bbox 3101 3017 3407 3086; x_wconf 89' lang='lat' dir='ltr'><strong>complebat</strong></span> <span class='ocrx_word' id='word_1_388' title='bbox 3439 3018 3743 3090; x_wconf 85' lang='lat' dir='ltr'><strong>Aquensem</strong></span> 
     </span>
    </p>
   </div>
   <div class='ocr_carea' id='block_1_65' title="bbox 2308 3100 3708 3184">
    <p class='ocr_par' dir='ltr' id='par_1_65' title="bbox 2308 3100 3708 3184">
     <span class='ocr_line' id='line_1_65' title="bbox 2308 3100 3708 3184; baseline 0.006 -24"><span class='ocrx_word' id='word_1_389' title='bbox 2308 3100 2576 3184; x_wconf 85' lang='lat' dir='ltr'><strong>Laeticiae</strong></span> <span class='ocrx_word' id='word_1_390' title='bbox 2603 3121 2785 3172; x_wconf 86' lang='lat' dir='ltr'><strong>sonus,</strong></span> <span class='ocrx_word' id='word_1_391' title='bbox 2809 3107 3026 3163; x_wconf 85' lang='lat' dir='ltr'><strong>auditur</strong></span> <span class='ocrx_word' id='word_1_392' title='bbox 3051 3125 3154 3165; x_wconf 87' lang='lat' dir='ltr'><strong>vox</strong></span> <span class='ocrx_word' id='word_1_393' title='bbox 3185 3111 3389 3167; x_wconf 85' lang='lat' dir='ltr'><strong>musica</strong></span> <span class='ocrx_word' id='word_1_394' title='bbox 3422 3129 3708 3184; x_wconf 85' lang='lat' dir='ltr'><strong>nusquam,</strong></span> 
     </span>
    </p>
   </div>
   <div class='ocr_carea' id='block_1_66' title="bbox 2229 3173 3638 3264">
    <p class='ocr_par' dir='ltr' id='par_1_66' title="bbox 2229 3173 3638 3264">
     <span class='ocr_line' id='line_1_66' title="bbox 2229 3173 3638 3264; baseline 0.01 -19"><span class='ocrx_word' id='word_1_395' title='bbox 2229 3173 2278 3238; x_wconf 78' lang='lat' dir='ltr'><strong>C</strong></span> <span class='ocrx_word' id='word_1_396' title='bbox 2307 3179 2613 3264; x_wconf 79' lang='lat' dir='ltr'><strong>Alloquitur</strong></span> <span class='ocrx_word' id='word_1_397' title='bbox 2643 3198 2847 3253; x_wconf 84' lang='lat' dir='ltr'><strong>socium</strong></span> <span class='ocrx_word' id='word_1_398' title='bbox 2873 3198 2960 3253; x_wconf 87' lang='lat' dir='ltr'><strong>vix</strong></span> <span class='ocrx_word' id='word_1_399' title='bbox 2988 3199 3176 3255; x_wconf 88' lang='lat' dir='ltr'><strong>saltem</strong></span> <span class='ocrx_word' id='word_1_400' title='bbox 3198 3217 3474 3258; x_wconf 88' lang='lat' dir='ltr'><strong>murmure</strong></span> <span class='ocrx_word' id='word_1_401' title='bbox 3498 3173 3638 3258; x_wconf 75' lang='lat' dir='ltr'><strong>tristi</strong></span> 
     </span>
    </p>
   </div>
   <div class='ocr_carea' id='block_1_67' title="bbox 2309 3286 3854 3366">
    <p class='ocr_par' dir='ltr' id='par_1_67' title="bbox 2309 3286 3854 3366">
     <span class='ocr_line' id='line_1_67' title="bbox 2309 3286 3854 3366; baseline 0.004 -25"><span class='ocrx_word' id='word_1_402' title='bbox 2309 3286 2546 3358; x_wconf 86' lang='lat' dir='ltr'><strong>Quisque</strong></span> <span class='ocrx_word' id='word_1_403' title='bbox 2575 3304 2749 3355; x_wconf 90' lang='lat' dir='ltr'><strong>suum,</strong></span> <span class='ocrx_word' id='word_1_404' title='bbox 2778 3293 3013 3362; x_wconf 89' lang='lat' dir='ltr'><strong>prodens</strong></span> <span class='ocrx_word' id='word_1_405' title='bbox 3059 3295 3262 3351; x_wconf 87' lang='lat' dir='ltr'><strong>tacitus</strong></span> <span class='ocrx_word' id='word_1_406' title='bbox 3287 3293 3414 3364; x_wconf 86' lang='lat' dir='ltr'><strong>quid</strong></span> <span class='ocrx_word' id='word_1_407' title='bbox 3455 3304 3670 3365; x_wconf 84' lang='lat' dir='ltr'><strong>pectore</strong></span> <span class='ocrx_word' id='word_1_408' title='bbox 3686 3303 3854 3366; x_wconf 73' lang='lat' dir='ltr'><strong>gestet,</strong></span> 
     </span>
    </p>
   </div>
   <div class='ocr_carea' id='block_1_68' title="bbox 2311 3375 3690 3455">
    <p class='ocr_par' dir='ltr' id='par_1_68' title="bbox 2311 3375 3690 3455">
     <span class='ocr_line' id='line_1_68' title="bbox 2311 3375 3690 3455; baseline 0.005 -23"><span class='ocrx_word' id='word_1_409' title='bbox 2311 3375 2445 3432; x_wconf 84' lang='lat' dir='ltr'><strong>Cum</strong></span> <span class='ocrx_word' id='word_1_410' title='bbox 2470 3378 2624 3436; x_wconf 87' lang='lat' dir='ltr'><strong>dolor</strong></span> <span class='ocrx_word' id='word_1_411' title='bbox 2643 3381 2870 3452; x_wconf 90' lang='lat' dir='ltr'><strong>imponit</strong></span> <span class='ocrx_word' id='word_1_412' title='bbox 2899 3384 3232 3455; x_wconf 88' lang='lat' dir='ltr'><strong>gemebunda</strong></span> <span class='ocrx_word' id='word_1_413' title='bbox 3260 3385 3474 3440; x_wconf 90' lang='lat' dir='ltr'><strong>silentia</strong></span> <span class='ocrx_word' id='word_1_414' title='bbox 3501 3385 3690 3441; x_wconf 83' lang='lat' dir='ltr'><strong>multis.</strong></span> 
     </span>
    </p>
   </div>
   <div class='ocr_carea' id='block_1_69' title="bbox 1263 3755 3238 3837">
    <p class='ocr_par' dir='ltr' id='par_1_69' title="bbox 1263 3755 3238 3837">
     <span class='ocr_line' id='line_1_69' title="bbox 1263 3755 3238 3837; baseline 0.001 -5"><span class='ocrx_word' id='word_1_415' title='bbox 1263 3756 1806 3836; x_wconf 83' lang='lat' dir='ltr'><strong>ANNALIUM</strong></span> <span class='ocrx_word' id='word_1_416' title='bbox 1867 3757 2000 3837; x_wconf 83' lang='lat' dir='ltr'><strong>DE</strong></span> <span class='ocrx_word' id='word_1_417' title='bbox 2058 3755 2421 3835; x_wconf 84' lang='lat' dir='ltr'><strong>GESTIS</strong></span> <span class='ocrx_word' id='word_1_418' title='bbox 2480 3756 2846 3837; x_wconf 77' lang='lat' dir='ltr'><strong>CAROLI</strong></span> <span class='ocrx_word' id='word_1_419' title='bbox 2910 3755 3238 3836; x_wconf 74' lang='lat' dir='ltr'><strong>MlGNI</strong></span> 
     </span>
    </p>
   </div>
   <div class='ocr_carea' id='block_1_70' title="bbox 1009 3927 3514 3982">
    <p class='ocr_par' dir='ltr' id='par_1_70' title="bbox 1009 3927 3514 3982">
     <span class='ocr_line' id='line_1_70' title="bbox 1009 3927 3514 3982; baseline 0.001 -8"><span class='ocrx_word' id='word_1_420' title='bbox 1009 3929 1191 3974; x_wconf 73' lang='lat' dir='ltr'><strong>LIBER</strong></span> <span class='ocrx_word' id='word_1_421' title='bbox 1235 3930 1521 3982; x_wconf 62' lang='lat' dir='ltr'><strong>qun&#39;rvs</strong></span> <span class='ocrx_word' id='word_1_422' title='bbox 1567 3930 1900 3982; x_wconf 72' lang='lat' dir='ltr'><strong>mrucrr;</strong></span> <span class='ocrx_word' id='word_1_423' title='bbox 1943 3928 2179 3971; x_wconf 78' lang='lat' dir='ltr'><strong>INCIPIT</strong></span> <span class='ocrx_word' id='word_1_424' title='bbox 2222 3929 2491 3982; x_wconf 62' lang='lat' dir='ltr'><strong>omnes</strong></span> <span class='ocrx_word' id='word_1_425' title='bbox 2535 3929 2616 3970; x_wconf 70' lang='lat' dir='ltr'><strong>nr:</strong></span> <span class='ocrx_word' id='word_1_426' title='bbox 2661 3928 2802 3974; x_wconf 67' lang='lat' dir='ltr'><strong>Vtra</strong></span> <span class='ocrx_word' id='word_1_427' title='bbox 2851 3929 2930 3972; x_wconf 76' lang='lat' dir='ltr'><strong>ET</strong></span> <span class='ocrx_word' id='word_1_428' title='bbox 2969 3927 3159 3974; x_wconf 81' lang='lat' dir='ltr'><strong>OBITU</strong></span> <span class='ocrx_word' id='word_1_429' title='bbox 3200 3929 3514 3976; x_wconf 61' lang='lat' dir='ltr'><strong>EIUSDEM.</strong></span> 
     </span>
    </p>
   </div>
   <div class='ocr_carea' id='block_1_71' title="bbox 623 4143 1993 4218">
    <p class='ocr_par' dir='ltr' id='par_1_71' title="bbox 623 4143 1993 4218">
     <span class='ocr_line' id='line_1_71' title="bbox 623 4143 1993 4218; baseline -0.004 -14"><span class='ocrx_word' id='word_1_430' title='bbox 623 4146 849 4218; x_wconf 87' lang='lat' dir='ltr'><strong>Pangite</strong></span> <span class='ocrx_word' id='word_1_431' title='bbox 870 4145 978 4200; x_wconf 87' lang='lat' dir='ltr'><strong>iam</strong></span> <span class='ocrx_word' id='word_1_432' title='bbox 1003 4144 1216 4199; x_wconf 87' lang='lat' dir='ltr'><strong>lacerae</strong></span> <span class='ocrx_word' id='word_1_433' title='bbox 1239 4158 1457 4198; x_wconf 88' lang='lat' dir='ltr'><strong>carmen</strong></span> <span class='ocrx_word' id='word_1_434' title='bbox 1485 4143 1711 4214; x_wconf 89' lang='lat' dir='ltr'><strong>lugubre</strong></span> <span class='ocrx_word' id='word_1_435' title='bbox 1738 4143 1993 4210; x_wconf 86' lang='lat' dir='ltr'><strong>Camene,</strong></span> 
     </span>
    </p>
   </div>
   <div class='ocr_carea' id='block_1_72' title="bbox 697 4235 1980 4309">
    <p class='ocr_par' dir='ltr' id='par_1_72' title="bbox 697 4235 1980 4309">
     <span class='ocr_line' id='line_1_72' title="bbox 697 4235 1980 4309; baseline -0.001 -16"><span class='ocrx_word' id='word_1_436' title='bbox 697 4239 901 4309; x_wconf 87' lang='lat' dir='ltr'><strong>Dignus</strong></span> <span class='ocrx_word' id='word_1_437' title='bbox 917 4237 1062 4292; x_wconf 90' lang='lat' dir='ltr'><strong>enim</strong></span> <span class='ocrx_word' id='word_1_438' title='bbox 1086 4236 1268 4290; x_wconf 90' lang='lat' dir='ltr'><strong>multis</strong></span> <span class='ocrx_word' id='word_1_439' title='bbox 1295 4251 1466 4289; x_wconf 86' lang='lat' dir='ltr'><strong>annus</strong></span> <span class='ocrx_word' id='word_1_440' title='bbox 1496 4235 1584 4290; x_wconf 89' lang='lat' dir='ltr'><strong>hic</strong></span> <span class='ocrx_word' id='word_1_441' title='bbox 1612 4242 1695 4290; x_wconf 90' lang='lat' dir='ltr'><strong>est</strong></span> <span class='ocrx_word' id='word_1_442' title='bbox 1718 4235 1980 4292; x_wconf 89' lang='lat' dir='ltr'><strong>lacrimis.</strong></span> 
     </span>
    </p>
   </div>
   <div class='ocr_carea' id='block_1_73' title="bbox 624 4327 1961 4402">
    <p class='ocr_par' dir='ltr' id='par_1_73' title="bbox 624 4327 1961 4402">
     <span class='ocr_line' id='line_1_73' title="bbox 624 4327 1961 4402; baseline -0.004 -14"><span class='ocrx_word' id='word_1_443' title='bbox 624 4331 766 4388; x_wconf 86' lang='lat' dir='ltr'><strong>Ecce</strong></span> <span class='ocrx_word' id='word_1_444' title='bbox 791 4337 984 4402; x_wconf 88' lang='lat' dir='ltr'><strong>quater</strong></span> <span class='ocrx_word' id='word_1_445' title='bbox 1005 4328 1159 4383; x_wconf 88' lang='lat' dir='ltr'><strong>denis</strong></span> <span class='ocrx_word' id='word_1_446' title='bbox 1179 4327 1453 4396; x_wconf 87' lang='lat' dir='ltr'><strong>ternisque</strong></span> <span class='ocrx_word' id='word_1_447' title='bbox 1479 4327 1753 4396; x_wconf 80' lang='lat' dir='ltr'><strong>prioribus</strong></span> <span class='ocrx_word' id='word_1_448' title='bbox 1784 4330 1961 4395; x_wconf 88' lang='lat' dir='ltr'><strong>annis,</strong></span> 
     </span>
    </p>
   </div>
   <div class='ocr_carea' id='block_1_74' title="bbox 696 4416 1854 4490">
    <p class='ocr_par' dir='ltr' id='par_1_74' title="bbox 696 4416 1854 4490">
     <span class='ocr_line' id='line_1_74' title="bbox 696 4416 1854 4490; baseline -0.001 -16"><span class='ocrx_word' id='word_1_449' title='bbox 696 4421 834 4488; x_wconf 87' lang='lat' dir='ltr'><strong>Quid</strong></span> <span class='ocrx_word' id='word_1_450' title='bbox 862 4419 966 4474; x_wconf 86' lang='lat' dir='ltr'><strong>nisi</strong></span> <span class='ocrx_word' id='word_1_451' title='bbox 990 4417 1318 4490; x_wconf 83' lang='lat' dir='ltr'><strong>prosperitas</strong></span> <span class='ocrx_word' id='word_1_452' title='bbox 1338 4417 1479 4472; x_wconf 88' lang='lat' dir='ltr'><strong>dicta</strong></span> <span class='ocrx_word' id='word_1_453' title='bbox 1503 4416 1603 4473; x_wconf 83' lang='lat' dir='ltr'><strong>fuit</strong></span> <span class='ocrx_word' id='word_1_454' title='bbox 1627 4417 1802 4474; x_wconf 88' lang='lat' dir='ltr'><strong>Caroli</strong></span> <span class='ocrx_word' id='word_1_455' title='bbox 1829 4421 1854 4473; x_wconf 87' lang='lat'><strong>?</strong></span> 
     </span>
    </p>
   </div>
   <div class='ocr_carea' id='block_1_75' title="bbox 624 4507 1820 4581">
    <p class='ocr_par' dir='ltr' id='par_1_75' title="bbox 624 4507 1820 4581">
     <span class='ocr_line' id='line_1_75' title="bbox 624 4507 1820 4581; baseline -0.003 -14"><span class='ocrx_word' id='word_1_456' title='bbox 624 4512 815 4567; x_wconf 82' lang='lat' dir='ltr'><strong>Annua</strong></span> <span class='ocrx_word' id='word_1_457' title='bbox 840 4525 964 4566; x_wconf 91' lang='lat' dir='ltr'><strong>cum</strong></span> <span class='ocrx_word' id='word_1_458' title='bbox 985 4509 1147 4563; x_wconf 90' lang='lat' dir='ltr'><strong>variis</strong></span> <span class='ocrx_word' id='word_1_459' title='bbox 1176 4507 1341 4580; x_wconf 88' lang='lat' dir='ltr'><strong>ipsius</strong></span> <span class='ocrx_word' id='word_1_460' title='bbox 1361 4516 1508 4579; x_wconf 89' lang='lat' dir='ltr'><strong>gesta</strong></span> <span class='ocrx_word' id='word_1_461' title='bbox 1533 4510 1820 4581; x_wconf 84' lang='lat' dir='ltr'><strong>triumphis</strong></span> 
     </span>
    </p>
   </div>
   <div class='ocr_carea' id='block_1_76' title="bbox 697 4601 1814 4674">
    <p class='ocr_par' dir='ltr' id='par_1_76' title="bbox 697 4601 1814 4674">
     <span class='ocr_line' id='line_1_76' title="bbox 697 4601 1814 4674; baseline -0.004 -16"><span class='ocrx_word' id='word_1_462' title='bbox 697 4603 832 4658; x_wconf 87' lang='lat' dir='ltr'><strong>Tum</strong></span> <span class='ocrx_word' id='word_1_463' title='bbox 860 4602 1062 4674; x_wconf 87' lang='lat' dir='ltr'><strong>placuit</strong></span> <span class='ocrx_word' id='word_1_464' title='bbox 1098 4601 1235 4656; x_wconf 88' lang='lat' dir='ltr'><strong>laeto</strong></span> <span class='ocrx_word' id='word_1_465' title='bbox 1257 4617 1646 4659; x_wconf 88' lang='lat' dir='ltr'><strong>connumerare</strong></span> <span class='ocrx_word' id='word_1_466' title='bbox 1671 4602 1814 4657; x_wconf 91' lang='lat' dir='ltr'><strong>stilo.</strong></span> 
     </span>
    </p>
   </div>
   <div class='ocr_carea' id='block_1_77' title="bbox 626 4693 1951 4766">
    <p class='ocr_par' dir='ltr' id='par_1_77' title="bbox 626 4693 1951 4766">
     <span class='ocr_line' id='line_1_77' title="bbox 626 4693 1951 4766; baseline -0.002 -15"><span class='ocrx_word' id='word_1_467' title='bbox 626 4695 697 4751; x_wconf 82' lang='lat' dir='ltr'><strong>At</strong></span> <span class='ocrx_word' id='word_1_468' title='bbox 719 4696 879 4751; x_wconf 83' lang='lat' dir='ltr'><strong>modo</strong></span> <span class='ocrx_word' id='word_1_469' title='bbox 905 4695 1148 4766; x_wconf 87' lang='lat' dir='ltr'><strong>lugentes</strong></span> <span class='ocrx_word' id='word_1_470' title='bbox 1172 4693 1378 4749; x_wconf 88' lang='lat' dir='ltr'><strong>obitum</strong></span> <span class='ocrx_word' id='word_1_471' title='bbox 1410 4707 1515 4748; x_wconf 89' lang='lat' dir='ltr'><strong>nos</strong></span> <span class='ocrx_word' id='word_1_472' title='bbox 1540 4693 1795 4748; x_wconf 90' lang='lat' dir='ltr'><strong>admonet</strong></span> <span class='ocrx_word' id='word_1_473' title='bbox 1814 4695 1951 4749; x_wconf 89' lang='lat' dir='ltr'><strong>ordo</strong></span> 
     </span>
    </p>
   </div>
   <div class='ocr_carea' id='block_1_78' title="bbox 699 4785 1776 4856">
    <p class='ocr_par' dir='ltr' id='par_1_78' title="bbox 699 4785 1776 4856">
     <span class='ocr_line' id='line_1_78' title="bbox 699 4785 1776 4856; baseline -0.003 -15"><span class='ocrx_word' id='word_1_474' title='bbox 699 4788 766 4841; x_wconf 86' lang='lat' dir='ltr'><strong>Et</strong></span> <span class='ocrx_word' id='word_1_475' title='bbox 790 4797 999 4856; x_wconf 90' lang='lat' dir='ltr'><strong>tempus</strong></span> <span class='ocrx_word' id='word_1_476' title='bbox 1029 4786 1164 4842; x_wconf 90' lang='lat' dir='ltr'><strong>tanti</strong></span> <span class='ocrx_word' id='word_1_477' title='bbox 1193 4801 1618 4841; x_wconf 90' lang='lat' dir='ltr'><strong>commemorare</strong></span> <span class='ocrx_word' id='word_1_478' title='bbox 1651 4785 1776 4838; x_wconf 88' lang='lat' dir='ltr'><strong>viri.</strong></span> 
     </span>
    </p>
   </div>
   <div class='ocr_carea' id='block_1_79' title="bbox 630 4875 1920 4948">
    <p class='ocr_par' dir='ltr' id='par_1_79' title="bbox 630 4875 1920 4948">
     <span class='ocr_line' id='line_1_79' title="bbox 630 4875 1920 4948; baseline -0.002 -15"><span class='ocrx_word' id='word_1_479' title='bbox 630 4876 730 4933; x_wconf 82' lang='lat' dir='ltr'><strong>Hic</strong></span> <span class='ocrx_word' id='word_1_480' title='bbox 755 4879 867 4933; x_wconf 90' lang='lat' dir='ltr'><strong>veri</strong></span> <span class='ocrx_word' id='word_1_481' title='bbox 891 4878 1149 4948; x_wconf 87' lang='lat' dir='ltr'><strong>plangunt</strong></span> <span class='ocrx_word' id='word_1_482' title='bbox 1173 4877 1330 4948; x_wconf 91' lang='lat' dir='ltr'><strong>elegi,</strong></span> <span class='ocrx_word' id='word_1_483' title='bbox 1360 4875 1435 4930; x_wconf 91' lang='lat' dir='ltr'><strong>nil</strong></span> <span class='ocrx_word' id='word_1_484' title='bbox 1460 4875 1663 4947; x_wconf 87' lang='lat' dir='ltr'><strong>ﬁngere</strong></span> <span class='ocrx_word' id='word_1_485' title='bbox 1689 4884 1920 4930; x_wconf 89' lang='lat' dir='ltr'><strong>mestum</strong></span> 
     </span>
    </p>
   </div>
   <div class='ocr_carea' id='block_1_80' title="bbox 701 4969 1829 5039">
    <p class='ocr_par' dir='ltr' id='par_1_80' title="bbox 701 4969 1829 5039">
     <span class='ocr_line' id='line_1_80' title="bbox 701 4969 1829 5039; baseline -0.002 -15"><span class='ocrx_word' id='word_1_486' title='bbox 701 4971 795 5025; x_wconf 87' lang='lat' dir='ltr'><strong>Est</strong></span> <span class='ocrx_word' id='word_1_487' title='bbox 815 4986 969 5039; x_wconf 88' lang='lat' dir='ltr'><strong>opus,</strong></span> <span class='ocrx_word' id='word_1_488' title='bbox 998 4969 1224 5024; x_wconf 88' lang='lat' dir='ltr'><strong>aﬂ&#39;ectus</strong></span> <span class='ocrx_word' id='word_1_489' title='bbox 1246 4984 1333 5023; x_wconf 90' lang='lat' dir='ltr'><strong>res</strong></span> <span class='ocrx_word' id='word_1_490' title='bbox 1356 4969 1519 5024; x_wconf 90' lang='lat' dir='ltr'><strong>habet</strong></span> <span class='ocrx_word' id='word_1_491' title='bbox 1540 4969 1654 5039; x_wconf 89' lang='lat' dir='ltr'><strong>ipsa</strong></span> <span class='ocrx_word' id='word_1_492' title='bbox 1682 4983 1829 5023; x_wconf 90' lang='lat' dir='ltr'><strong>suos.</strong></span> 
     </span>
    </p>
   </div>
   <div class='ocr_carea' id='block_1_81' title="bbox 631 5058 2039 5130">
    <p class='ocr_par' dir='ltr' id='par_1_81' title="bbox 631 5058 2039 5130">
     <span class='ocr_line' id='line_1_81' title="bbox 631 5058 2039 5130; baseline 0.001 -15"><span class='ocrx_word' id='word_1_493' title='bbox 631 5061 763 5129; x_wconf 88' lang='lat' dir='ltr'><strong>Quis</strong></span> <span class='ocrx_word' id='word_1_494' title='bbox 788 5062 1050 5126; x_wconf 87' lang='lat' dir='ltr'><strong>recolens,</strong></span> <span class='ocrx_word' id='word_1_495' title='bbox 1075 5060 1249 5130; x_wconf 89' lang='lat' dir='ltr'><strong>qualis</strong></span> <span class='ocrx_word' id='word_1_496' title='bbox 1272 5058 1453 5125; x_wconf 87' lang='lat' dir='ltr'><strong>fuerit,</strong></span> <span class='ocrx_word' id='word_1_497' title='bbox 1485 5059 1644 5115; x_wconf 89' lang='lat' dir='ltr'><strong>modo</strong></span> <span class='ocrx_word' id='word_1_498' title='bbox 1667 5059 1850 5115; x_wconf 84' lang='lat' dir='ltr'><strong>defore</strong></span> <span class='ocrx_word' id='word_1_499' title='bbox 1874 5060 2039 5116; x_wconf 88' lang='lat' dir='ltr'><strong>terris</strong></span> 
     </span>
    </p>
   </div>
   <div class='ocr_carea' id='block_1_82' title="bbox 702 5153 1935 5226">
    <p class='ocr_par' dir='ltr' id='par_1_82' title="bbox 702 5153 1935 5226">
     <span class='ocr_line' id='line_1_82' title="bbox 702 5153 1935 5226; baseline -0.002 -15"><span class='ocrx_word' id='word_1_500' title='bbox 702 5156 831 5211; x_wconf 88' lang='lat' dir='ltr'><strong>Tale</strong></span> <span class='ocrx_word' id='word_1_501' title='bbox 859 5157 1022 5212; x_wconf 91' lang='lat' dir='ltr'><strong>decus</strong></span> <span class='ocrx_word' id='word_1_502' title='bbox 1041 5155 1265 5209; x_wconf 92' lang='lat' dir='ltr'><strong>nimium</strong></span> <span class='ocrx_word' id='word_1_503' title='bbox 1290 5168 1396 5209; x_wconf 92' lang='lat' dir='ltr'><strong>non</strong></span> <span class='ocrx_word' id='word_1_504' title='bbox 1425 5162 1607 5226; x_wconf 86' lang='lat' dir='ltr'><strong>gemat</strong></span> <span class='ocrx_word' id='word_1_505' title='bbox 1633 5164 1688 5208; x_wconf 88' lang='lat' dir='ltr'><strong>et</strong></span> <span class='ocrx_word' id='word_1_506' title='bbox 1713 5153 1935 5210; x_wconf 78' lang='lat' dir='ltr'><strong>doleat?</strong></span> 
     </span>
    </p>
   </div>
   <div class='ocr_carea' id='block_1_83' title="bbox 633 5244 1866 5316">
    <p class='ocr_par' dir='ltr' id='par_1_83' title="bbox 633 5244 1866 5316">
     <span class='ocr_line' id='line_1_83' title="bbox 633 5244 1866 5316; baseline -0.001 -14"><span class='ocrx_word' id='word_1_507' title='bbox 633 5246 741 5302; x_wconf 91' lang='lat' dir='ltr'><strong>Sed</strong></span> <span class='ocrx_word' id='word_1_508' title='bbox 769 5246 894 5316; x_wconf 88' lang='lat' dir='ltr'><strong>quia</strong></span> <span class='ocrx_word' id='word_1_509' title='bbox 915 5261 1004 5300; x_wconf 89' lang='lat' dir='ltr'><strong>res</strong></span> <span class='ocrx_word' id='word_1_510' title='bbox 1029 5244 1335 5301; x_wconf 89' lang='lat' dir='ltr'><strong>consolatur</strong></span> <span class='ocrx_word' id='word_1_511' title='bbox 1353 5245 1487 5299; x_wconf 87' lang='lat' dir='ltr'><strong>haec</strong></span> <span class='ocrx_word' id='word_1_512' title='bbox 1516 5245 1628 5300; x_wconf 90' lang='lat' dir='ltr'><strong>sola</strong></span> <span class='ocrx_word' id='word_1_513' title='bbox 1662 5245 1866 5310; x_wconf 89' lang='lat' dir='ltr'><strong>ﬁdeles,</strong></span> 
     </span>
    </p>
   </div>
   <div class='ocr_carea' id='block_1_84' title="bbox 701 5337 1958 5406">
    <p class='ocr_par' dir='ltr' id='par_1_84' title="bbox 701 5337 1958 5406">
     <span class='ocr_line' id='line_1_84' title="bbox 701 5337 1958 5406; baseline -0.002 -11"><span class='ocrx_word' id='word_1_514' title='bbox 701 5337 869 5395; x_wconf 88' lang='lat' dir='ltr'><strong>Caros</strong></span> <span class='ocrx_word' id='word_1_515' title='bbox 895 5351 921 5379; x_wconf 77' lang='grc' dir='ltr'>ι</span> <span class='ocrx_word' id='word_1_516' title='bbox 944 5337 1085 5392; x_wconf 90' lang='lat' dir='ltr'><strong>forte</strong></span> <span class='ocrx_word' id='word_1_517' title='bbox 1111 5353 1238 5391; x_wconf 91' lang='lat' dir='ltr'><strong>suos</strong></span> <span class='ocrx_word' id='word_1_518' title='bbox 1260 5352 1406 5391; x_wconf 90' lang='lat' dir='ltr'><strong>mors</strong></span> <span class='ocrx_word' id='word_1_519' title='bbox 1435 5337 1630 5406; x_wconf 88' lang='lat' dir='ltr'><strong>quibus</strong></span> <span class='ocrx_word' id='word_1_520' title='bbox 1653 5337 1958 5405; x_wconf 85' lang='lat' dir='ltr'><strong>abstulerit,</strong></span> 
     </span>
    </p>
   </div>
   <div class='ocr_carea' id='block_1_85' title="bbox 630 5427 1754 5487">
    <p class='ocr_par' dir='ltr' id='par_1_85' title="bbox 630 5427 1754 5487">
     <span class='ocr_line' id='line_1_85' title="bbox 630 5427 1754 5487; baseline -0.003 0"><span class='ocrx_word' id='word_1_521' title='bbox 630 5431 736 5487; x_wconf 88' lang='lat' dir='ltr'><strong>Pro</strong></span> <span class='ocrx_word' id='word_1_522' title='bbox 759 5430 914 5485; x_wconf 90' lang='lat' dir='ltr'><strong>iustis</strong></span> <span class='ocrx_word' id='word_1_523' title='bbox 942 5437 1003 5483; x_wconf 91' lang='lat' dir='ltr'><strong>ut</strong></span> <span class='ocrx_word' id='word_1_524' title='bbox 1029 5443 1121 5484; x_wconf 91' lang='lat' dir='ltr'><strong>eos</strong></span> <span class='ocrx_word' id='word_1_525' title='bbox 1148 5427 1375 5483; x_wconf 84' lang='lat' dir='ltr'><strong>feliciter</strong></span> <span class='ocrx_word' id='word_1_526' title='bbox 1400 5429 1608 5483; x_wconf 83' lang='lat' dir='ltr'><strong>actibus</strong></span> <span class='ocrx_word' id='word_1_527' title='bbox 1635 5442 1754 5484; x_wconf 86' lang='lat' dir='ltr'><strong>esse</strong></span> 
     </span>
    </p>
   </div>
   <div class='ocr_carea' id='block_1_86' title="bbox 701 5518 1717 5588">
    <p class='ocr_par' dir='ltr' id='par_1_86' title="bbox 701 5518 1717 5588">
     <span class='ocr_line' id='line_1_86' title="bbox 701 5518 1717 5588; baseline -0.006 -11"><span class='ocrx_word' id='word_1_528' title='bbox 701 5519 986 5578; x_wconf 83' lang='lat' dir='ltr'><strong>Conﬁdam</strong></span> <span class='ocrx_word' id='word_1_529' title='bbox 1011 5518 1160 5588; x_wconf 89' lang='lat' dir='ltr'><strong>regni</strong></span> <span class='ocrx_word' id='word_1_530' title='bbox 1183 5518 1475 5588; x_wconf 88' lang='lat' dir='ltr'><strong>participes</strong></span> <span class='ocrx_word' id='word_1_531' title='bbox 1498 5519 1677 5588; x_wconf 88' lang='lat' dir='ltr'><strong>superi</strong></span> <span class='ocrx_word' id='word_1_532' title='bbox 1704 5535 1717 5571; x_wconf 91' lang='lat'><strong>:</strong></span> 
     </span>
    </p>
   </div>
   <div class='ocr_carea' id='block_1_87' title="bbox 629 5607 2057 5677">
    <p class='ocr_par' dir='ltr' id='par_1_87' title="bbox 629 5607 2057 5677">
     <span class='ocr_line' id='line_1_87' title="bbox 629 5607 2057 5677; baseline -0.001 -13"><span class='ocrx_word' id='word_1_533' title='bbox 629 5611 835 5666; x_wconf 87' lang='lat' dir='ltr'><strong>Idcirco</strong></span> <span class='ocrx_word' id='word_1_534' title='bbox 861 5607 1132 5670; x_wconf 88' lang='lat' dir='ltr'><strong>meritum,</strong></span> <span class='ocrx_word' id='word_1_535' title='bbox 1167 5622 1264 5677; x_wconf 92' lang='lat' dir='ltr'><strong>pro</strong></span> <span class='ocrx_word' id='word_1_536' title='bbox 1290 5622 1396 5677; x_wconf 88' lang='lat' dir='ltr'><strong>quo</strong></span> <span class='ocrx_word' id='word_1_537' title='bbox 1429 5609 1586 5664; x_wconf 93' lang='lat' dir='ltr'><strong>modo</strong></span> <span class='ocrx_word' id='word_1_538' title='bbox 1611 5607 1884 5664; x_wconf 87' lang='lat' dir='ltr'><strong>credimus</strong></span> <span class='ocrx_word' id='word_1_539' title='bbox 1905 5607 2057 5663; x_wconf 87' lang='lat' dir='ltr'><strong>illum</strong></span> 
     </span>
    </p>
   </div>
   <div class='ocr_carea' id='block_1_88' title="bbox 705 5737 1419 5806">
    <p class='ocr_par' dir='ltr' id='par_1_88' title="bbox 705 5737 1419 5806">
     <span class='ocr_line' id='line_1_88' title="bbox 705 5737 1419 5806; baseline 0.001 -10"><span class='ocrx_word' id='word_1_540' title='bbox 705 5755 730 5783; x_wconf 77' lang='grc' dir='ltr'>ι</span> <span class='ocrx_word' id='word_1_541' title='bbox 769 5740 923 5797; x_wconf 79' lang='lat' dir='ltr'><strong>Bein.</strong></span> <span class='ocrx_word' id='word_1_542' title='bbox 951 5747 1006 5796; x_wconf 89' lang='lat' dir='ltr'><strong>et</strong></span> <span class='ocrx_word' id='word_1_543' title='bbox 1027 5737 1239 5806; x_wconf 84' lang='lat' dir='ltr'><strong>Leibn.,</strong></span> <span class='ocrx_word' id='word_1_544' title='bbox 1268 5757 1419 5796; x_wconf 69' lang='lat' dir='ltr'><strong>cura:</strong></span> 
     </span>
    </p>
   </div>
   <div class='ocr_carea' id='block_1_89' title="bbox 2381 4143 3531 4209">
    <p class='ocr_par' dir='ltr' id='par_1_89' title="bbox 2381 4143 3531 4209">
     <span class='ocr_line' id='line_1_89' title="bbox 2381 4143 3531 4209; baseline -0.001 -8"><span class='ocrx_word' id='word_1_545' title='bbox 2381 4146 2574 4201; x_wconf 77' lang='lat' dir='ltr'><strong>Vivere</strong></span> <span class='ocrx_word' id='word_1_546' title='bbox 2599 4159 2722 4200; x_wconf 89' lang='lat' dir='ltr'><strong>eum</strong></span> <span class='ocrx_word' id='word_1_547' title='bbox 2749 4143 2986 4209; x_wconf 84' lang='lat' dir='ltr'><strong>Christo,</strong></span> <span class='ocrx_word' id='word_1_548' title='bbox 3013 4144 3131 4199; x_wconf 90' lang='lat' dir='ltr'><strong>iure</strong></span> <span class='ocrx_word' id='word_1_549' title='bbox 3154 4143 3283 4200; x_wconf 86' lang='lat' dir='ltr'><strong>libet</strong></span> <span class='ocrx_word' id='word_1_550' title='bbox 3311 4158 3531 4201; x_wconf 79' lang='lat' dir='ltr'><strong>canere.</strong></span> 
     </span>
    </p>
   </div>
   <div class='ocr_carea' id='block_1_90' title="bbox 2309 4237 3660 4311">
    <p class='ocr_par' dir='ltr' id='par_1_90' title="bbox 2309 4237 3660 4311">
     <span class='ocr_line' id='line_1_90' title="bbox 2309 4237 3660 4311; baseline 0 -17"><span class='ocrx_word' id='word_1_551' title='bbox 2309 4237 2590 4295; x_wconf 84' lang='lat' dir='ltr'><strong>Materiem</strong></span> <span class='ocrx_word' id='word_1_552' title='bbox 2609 4247 2812 4293; x_wconf 85' lang='lat' dir='ltr'><strong>tantam</strong></span> <span class='ocrx_word' id='word_1_553' title='bbox 2840 4238 3002 4293; x_wconf 91' lang='lat' dir='ltr'><strong>nimis</strong></span> <span class='ocrx_word' id='word_1_554' title='bbox 3027 4238 3201 4293; x_wconf 88' lang='lat' dir='ltr'><strong>audax</strong></span> <span class='ocrx_word' id='word_1_555' title='bbox 3225 4239 3459 4294; x_wconf 78' lang='lat' dir='ltr'><strong>barbara</strong></span> <span class='ocrx_word' id='word_1_556' title='bbox 3483 4247 3660 4311; x_wconf 76' lang='lat' dir='ltr'><strong>lingua</strong></span> 
     </span>
    </p>
   </div>
   <div class='ocr_carea' id='block_1_91' title="bbox 2377 4331 3401 4403">
    <p class='ocr_par' dir='ltr' id='par_1_91' title="bbox 2377 4331 3401 4403">
     <span class='ocr_line' id='line_1_91' title="bbox 2377 4331 3401 4403; baseline -0.002 -16"><span class='ocrx_word' id='word_1_557' title='bbox 2377 4332 2580 4403; x_wconf 90' lang='lat' dir='ltr'><strong>Ingenii</strong></span> <span class='ocrx_word' id='word_1_558' title='bbox 2613 4331 2790 4388; x_wconf 90' lang='lat' dir='ltr'><strong>tenuis</strong></span> <span class='ocrx_word' id='word_1_559' title='bbox 2815 4331 3023 4386; x_wconf 90' lang='lat' dir='ltr'><strong>viribus</strong></span> <span class='ocrx_word' id='word_1_560' title='bbox 3046 4332 3361 4402; x_wconf 88' lang='lat' dir='ltr'><strong>aggreditur</strong></span> <span class='ocrx_word' id='word_1_561' title='bbox 3385 4347 3401 4398; x_wconf 89' lang='lat'><strong>;</strong></span> 
     </span>
    </p>
   </div>
   <div class='ocr_carea' id='block_1_92' title="bbox 2231 4421 3852 4512">
    <p class='ocr_par' dir='ltr' id='par_1_92' title="bbox 2231 4421 3852 4512">
     <span class='ocr_line' id='line_1_92' title="bbox 2231 4421 3852 4512; baseline -0.002 -34"><span class='ocrx_word' id='word_1_562' title='bbox 2231 4451 2283 4512; x_wconf 65' lang='grc' dir='ltr'><strong><em>Β</em></strong></span> <span class='ocrx_word' id='word_1_563' title='bbox 2309 4421 2415 4478; x_wconf 89' lang='lat' dir='ltr'><strong>Sed</strong></span> <span class='ocrx_word' id='word_1_564' title='bbox 2444 4438 2528 4476; x_wconf 92' lang='lat' dir='ltr'><strong>me</strong></span> <span class='ocrx_word' id='word_1_565' title='bbox 2561 4437 2788 4492; x_wconf 88' lang='lat' dir='ltr'><strong>magnus</strong></span> <span class='ocrx_word' id='word_1_566' title='bbox 2825 4437 2999 4488; x_wconf 91' lang='lat' dir='ltr'><strong>amor,</strong></span> <span class='ocrx_word' id='word_1_567' title='bbox 3035 4423 3338 4492; x_wconf 83' lang='lat' dir='ltr'><strong>praesentis</strong></span> <span class='ocrx_word' id='word_1_568' title='bbox 3384 4424 3644 4480; x_wconf 77' lang='lat' dir='ltr'><strong>carminis</strong></span> <span class='ocrx_word' id='word_1_569' title='bbox 3671 4431 3852 4486; x_wconf 80' lang='lat' dir='ltr'><strong>auctor.</strong></span> 
     </span>
    </p>
   </div>
   <div class='ocr_carea' id='block_1_93' title="bbox 2377 4513 3390 4584">
    <p class='ocr_par' dir='ltr' id='par_1_93' title="bbox 2377 4513 3390 4584">
     <span class='ocr_line' id='line_1_93' title="bbox 2377 4513 3390 4584; baseline 0.002 -17"><span class='ocrx_word' id='word_1_570' title='bbox 2377 4513 2628 4584; x_wconf 87' lang='lat' dir='ltr'><strong>Ignarum</strong></span> <span class='ocrx_word' id='word_1_571' title='bbox 2665 4513 2811 4569; x_wconf 82' lang='lat' dir='ltr'><strong>fandi</strong></span> <span class='ocrx_word' id='word_1_572' title='bbox 2839 4530 2948 4569; x_wconf 92' lang='lat' dir='ltr'><strong>non</strong></span> <span class='ocrx_word' id='word_1_573' title='bbox 2977 4515 3208 4569; x_wconf 89' lang='lat' dir='ltr'><strong>reticere</strong></span> <span class='ocrx_word' id='word_1_574' title='bbox 3243 4513 3390 4571; x_wconf 86' lang='lat' dir='ltr'><strong>sinit.</strong></span> 
     </span>
    </p>
   </div>
   <div class='ocr_carea' id='block_1_94' title="bbox 2306 4603 3707 4676">
    <p class='ocr_par' dir='ltr' id='par_1_94' title="bbox 2306 4603 3707 4676">
     <span class='ocr_line' id='line_1_94' title="bbox 2306 4603 3707 4676; baseline 0.001 -14"><span class='ocrx_word' id='word_1_575' title='bbox 2306 4605 2545 4674; x_wconf 88' lang='lat' dir='ltr'><strong>Denique</strong></span> <span class='ocrx_word' id='word_1_576' title='bbox 2575 4620 2691 4660; x_wconf 89' lang='lat' dir='ltr'><strong>sum</strong></span> <span class='ocrx_word' id='word_1_577' title='bbox 2721 4604 2916 4660; x_wconf 87' lang='lat' dir='ltr'><strong>Carolo</strong></span> <span class='ocrx_word' id='word_1_578' title='bbox 2936 4620 3147 4674; x_wconf 90' lang='lat' dir='ltr'><strong>semper</strong></span> <span class='ocrx_word' id='word_1_579' title='bbox 3175 4603 3455 4676; x_wconf 87' lang='lat' dir='ltr'><strong>ﬂagrantis</strong></span> <span class='ocrx_word' id='word_1_580' title='bbox 3486 4610 3707 4673; x_wconf 87' lang='lat' dir='ltr'><strong>amoris,</strong></span> 
     </span>
    </p>
   </div>
   <div class='ocr_carea' id='block_1_95' title="bbox 2377 4695 3570 4770">
    <p class='ocr_par' dir='ltr' id='par_1_95' title="bbox 2377 4695 3570 4770">
     <span class='ocr_line' id='line_1_95' title="bbox 2377 4695 3570 4770; baseline 0.004 -20"><span class='ocrx_word' id='word_1_581' title='bbox 2377 4695 2508 4751; x_wconf 86' lang='lat' dir='ltr'><strong>Sum</strong></span> <span class='ocrx_word' id='word_1_582' title='bbox 2529 4711 2740 4767; x_wconf 88' lang='lat' dir='ltr'><strong>quoque</strong></span> <span class='ocrx_word' id='word_1_583' title='bbox 2767 4697 3014 4767; x_wconf 87' lang='lat' dir='ltr'><strong>perpetui</strong></span> <span class='ocrx_word' id='word_1_584' title='bbox 3040 4697 3250 4754; x_wconf 88' lang='lat' dir='ltr'><strong>debitor</strong></span> <span class='ocrx_word' id='word_1_585' title='bbox 3274 4700 3522 4770; x_wconf 89' lang='lat' dir='ltr'><strong>obsequii</strong></span> <span class='ocrx_word' id='word_1_586' title='bbox 3553 4718 3570 4768; x_wconf 88' lang='lat'><strong>;</strong></span> 
     </span>
    </p>
   </div>
   <div class='ocr_carea' id='block_1_96' title="bbox 2304 4785 3577 4860">
    <p class='ocr_par' dir='ltr' id='par_1_96' title="bbox 2304 4785 3577 4860">
     <span class='ocr_line' id='line_1_96' title="bbox 2304 4785 3577 4860; baseline 0.002 -18"><span class='ocrx_word' id='word_1_587' title='bbox 2304 4785 2354 4842; x_wconf 87' lang='lat' dir='ltr'><strong>Is</strong></span> <span class='ocrx_word' id='word_1_588' title='bbox 2382 4795 2596 4856; x_wconf 89' lang='lat' dir='ltr'><strong>gentem</strong></span> <span class='ocrx_word' id='word_1_589' title='bbox 2615 4795 2858 4842; x_wconf 83' lang='lat' dir='ltr'><strong>nostram</strong></span> <span class='ocrx_word' id='word_1_590' title='bbox 2895 4786 3017 4842; x_wconf 83' lang='lat' dir='ltr'><strong>fidei</strong></span> <span class='ocrx_word' id='word_1_591' title='bbox 3046 4803 3372 4860; x_wconf 89' lang='lat' dir='ltr'><strong>cognoscere</strong></span> <span class='ocrx_word' id='word_1_592' title='bbox 3400 4791 3577 4846; x_wconf 84' lang='lat' dir='ltr'><strong>lucem</strong></span> 
     </span>
    </p>
   </div>
   <div class='ocr_carea' id='block_1_97' title="bbox 2376 4876 3453 4946">
    <p class='ocr_par' dir='ltr' id='par_1_97' title="bbox 2376 4876 3453 4946">
     <span class='ocr_line' id='line_1_97' title="bbox 2376 4876 3453 4946; baseline 0 -14"><span class='ocrx_word' id='word_1_593' title='bbox 2376 4876 2622 4940; x_wconf 84' lang='lat' dir='ltr'><strong>Fecerat,</strong></span> <span class='ocrx_word' id='word_1_594' title='bbox 2653 4877 2879 4932; x_wconf 88' lang='lat' dir='ltr'><strong>abiectis</strong></span> <span class='ocrx_word' id='word_1_595' title='bbox 2904 4877 3162 4946; x_wconf 87' lang='lat' dir='ltr'><strong>perﬁdiae</strong></span> <span class='ocrx_word' id='word_1_596' title='bbox 3194 4878 3453 4932; x_wconf 88' lang='lat' dir='ltr'><strong>tenebris.</strong></span> 
     </span>
    </p>
   </div>
   <div class='ocr_carea' id='block_1_98' title="bbox 2305 4966 3766 5039">
    <p class='ocr_par' dir='ltr' id='par_1_98' title="bbox 2305 4966 3766 5039">
     <span class='ocr_line' id='line_1_98' title="bbox 2305 4966 3766 5039; baseline 0.002 -19"><span class='ocrx_word' id='word_1_597' title='bbox 2305 4966 2478 5032; x_wconf 86' lang='lat' dir='ltr'><strong>Quam</strong></span> <span class='ocrx_word' id='word_1_598' title='bbox 2498 4966 2747 5022; x_wconf 89' lang='lat' dir='ltr'><strong>bellando</strong></span> <span class='ocrx_word' id='word_1_599' title='bbox 2778 4966 2886 5031; x_wconf 91' lang='lat' dir='ltr'><strong>diu,</strong></span> <span class='ocrx_word' id='word_1_600' title='bbox 2917 4982 3079 5036; x_wconf 85' lang='lat' dir='ltr'><strong>quam</strong></span> <span class='ocrx_word' id='word_1_601' title='bbox 3110 4968 3282 5023; x_wconf 87' lang='lat' dir='ltr'><strong>multa</strong></span> <span class='ocrx_word' id='word_1_602' title='bbox 3304 4969 3544 5038; x_wconf 82' lang='lat' dir='ltr'><strong>pericula</strong></span> <span class='ocrx_word' id='word_1_603' title='bbox 3570 4982 3766 5039; x_wconf 82' lang='lat' dir='ltr'><strong>passus.</strong></span> 
     </span>
    </p>
   </div>
   <div class='ocr_carea' id='block_1_99' title="bbox 2375 5057 3578 5131">
    <p class='ocr_par' dir='ltr' id='par_1_99' title="bbox 2375 5057 3578 5131">
     <span class='ocr_line' id='line_1_99' title="bbox 2375 5057 3578 5131; baseline 0.002 -20"><span class='ocrx_word' id='word_1_604' title='bbox 2375 5057 2546 5125; x_wconf 86' lang='lat' dir='ltr'><strong>Quam</strong></span> <span class='ocrx_word' id='word_1_605' title='bbox 2567 5058 2762 5113; x_wconf 89' lang='lat' dir='ltr'><strong>sudore</strong></span> <span class='ocrx_word' id='word_1_606' title='bbox 2791 5058 2961 5128; x_wconf 84' lang='lat' dir='ltr'><strong>gravi,</strong></span> <span class='ocrx_word' id='word_1_607' title='bbox 2993 5073 3154 5127; x_wconf 89' lang='lat' dir='ltr'><strong>quam</strong></span> <span class='ocrx_word' id='word_1_608' title='bbox 3182 5061 3360 5114; x_wconf 90' lang='lat' dir='ltr'><strong>studio</strong></span> <span class='ocrx_word' id='word_1_609' title='bbox 3384 5060 3578 5131; x_wconf 83' lang='lat' dir='ltr'><strong>vigili?</strong></span> 
     </span>
    </p>
   </div>
   <div class='ocr_carea' id='block_1_100' title="bbox 2304 5142 3699 5220">
    <p class='ocr_par' dir='ltr' id='par_1_100' title="bbox 2304 5142 3699 5220">
     <span class='ocr_line' id='line_1_100' title="bbox 2304 5142 3699 5220; baseline -0.001 -14"><span class='ocrx_word' id='word_1_610' title='bbox 2304 5148 2482 5206; x_wconf 85' lang='lat' dir='ltr'><strong>Poene</strong></span> <span class='ocrx_word' id='word_1_611' title='bbox 2509 5142 2862 5204; x_wconf 81' lang='lat' dir='ltr'><strong>recordautur</strong></span> <span class='ocrx_word' id='word_1_612' title='bbox 2883 5149 3065 5220; x_wconf 87' lang='lat' dir='ltr'><strong>populi</strong></span> <span class='ocrx_word' id='word_1_613' title='bbox 3097 5149 3201 5204; x_wconf 90' lang='lat' dir='ltr'><strong>hoc</strong></span> <span class='ocrx_word' id='word_1_614' title='bbox 3229 5151 3495 5206; x_wconf 89' lang='lat' dir='ltr'><strong>hactenus</strong></span> <span class='ocrx_word' id='word_1_615' title='bbox 3517 5165 3699 5206; x_wconf 87' lang='lat' dir='ltr'><strong>omnes</strong></span> 
     </span>
    </p>
   </div>
   <div class='ocr_carea' id='block_1_101' title="bbox 2376 5241 3346 5311">
    <p class='ocr_par' dir='ltr' id='par_1_101' title="bbox 2376 5241 3346 5311">
     <span class='ocr_line' id='line_1_101' title="bbox 2376 5241 3346 5311; baseline 0.001 -17"><span class='ocrx_word' id='word_1_616' title='bbox 2376 5241 2640 5309; x_wconf 82' lang='lat' dir='ltr'><strong>Europae,</strong></span> <span class='ocrx_word' id='word_1_617' title='bbox 2666 5241 2798 5294; x_wconf 87' lang='lat' dir='ltr'><strong>tanti</strong></span> <span class='ocrx_word' id='word_1_618' title='bbox 2829 5241 3116 5311; x_wconf 89' lang='lat' dir='ltr'><strong>participes</strong></span> <span class='ocrx_word' id='word_1_619' title='bbox 3147 5241 3346 5311; x_wconf 81' lang='lat' dir='ltr'><strong>aperis.</strong></span> 
     </span>
    </p>
   </div>
   <div class='ocr_carea' id='block_1_102' title="bbox 2305 5328 3525 5403">
    <p class='ocr_par' dir='ltr' id='par_1_102' title="bbox 2305 5328 3525 5403">
     <span class='ocr_line' id='line_1_102' title="bbox 2305 5328 3525 5403; baseline 0.002 -19"><span class='ocrx_word' id='word_1_620' title='bbox 2305 5328 2506 5403; x_wconf 81' lang='lat' dir='ltr'><strong>Nempe</strong></span> <span class='ocrx_word' id='word_1_621' title='bbox 2530 5329 2614 5384; x_wconf 87' lang='lat' dir='ltr'><strong>sui</strong></span> <span class='ocrx_word' id='word_1_622' title='bbox 2639 5329 2783 5383; x_wconf 85' lang='lat' dir='ltr'><strong>vires</strong></span> <span class='ocrx_word' id='word_1_623' title='bbox 2811 5330 2961 5401; x_wconf 76' lang='lat' dir='ltr'><strong>regni</strong></span> <span class='ocrx_word' id='word_1_624' title='bbox 2989 5331 3282 5401; x_wconf 89' lang='lat' dir='ltr'><strong>collegerat</strong></span> <span class='ocrx_word' id='word_1_625' title='bbox 3309 5346 3525 5399; x_wconf 90' lang='lat' dir='ltr'><strong>omnes,</strong></span> 
     </span>
    </p>
   </div>
   <div class='ocr_carea' id='block_1_103' title="bbox 2379 5424 3513 5481">
    <p class='ocr_par' dir='ltr' id='par_1_103' title="bbox 2379 5424 3513 5481">
     <span class='ocr_line' id='line_1_103' title="bbox 2379 5424 3513 5481; baseline -0.001 0"><span class='ocrx_word' id='word_1_626' title='bbox 2379 5424 2448 5481; x_wconf 88' lang='lat' dir='ltr'><strong>Ut</strong></span> <span class='ocrx_word' id='word_1_627' title='bbox 2471 5440 2570 5480; x_wconf 90' lang='lat' dir='ltr'><strong>nos</strong></span> <span class='ocrx_word' id='word_1_628' title='bbox 2590 5425 2882 5480; x_wconf 87' lang='lat' dir='ltr'><strong>demonicis</strong></span> <span class='ocrx_word' id='word_1_629' title='bbox 2901 5425 3130 5480; x_wconf 87' lang='lat' dir='ltr'><strong>cultibus</strong></span> <span class='ocrx_word' id='word_1_630' title='bbox 3153 5425 3513 5481; x_wconf 86' lang='lat' dir='ltr'><strong>abstraheret.</strong></span> 
     </span>
    </p>
   </div>
   <div class='ocr_carea' id='block_1_104' title="bbox 2303 5514 3646 5585">
    <p class='ocr_par' dir='ltr' id='par_1_104' title="bbox 2303 5514 3646 5585">
     <span class='ocr_line' id='line_1_104' title="bbox 2303 5514 3646 5585; baseline 0 -15"><span class='ocrx_word' id='word_1_631' title='bbox 2303 5515 2545 5584; x_wconf 87' lang='lat' dir='ltr'><strong>Denique</strong></span> <span class='ocrx_word' id='word_1_632' title='bbox 2572 5514 2874 5570; x_wconf 87' lang='lat' dir='ltr'><strong>barbariem</strong></span> <span class='ocrx_word' id='word_1_633' title='bbox 2902 5516 3148 5585; x_wconf 89' lang='lat' dir='ltr'><strong>quisnam</strong></span> <span class='ocrx_word' id='word_1_634' title='bbox 3177 5514 3388 5571; x_wconf 89' lang='lat' dir='ltr'><strong>mollire</strong></span> <span class='ocrx_word' id='word_1_635' title='bbox 3412 5514 3646 5572; x_wconf 86' lang='lat' dir='ltr'><strong>ferocem</strong></span> 
     </span>
    </p>
   </div>
   <div class='ocr_carea' id='block_1_105' title="bbox 2373 5605 3511 5678">
    <p class='ocr_par' dir='ltr' id='par_1_105' title="bbox 2373 5605 3511 5678">
     <span class='ocr_line' id='line_1_105' title="bbox 2373 5605 3511 5678; baseline -0.003 -15"><span class='ocrx_word' id='word_1_636' title='bbox 2373 5605 2560 5664; x_wconf 85' lang='lat' dir='ltr'><strong>Posset</strong></span> <span class='ocrx_word' id='word_1_637' title='bbox 2584 5605 2918 5663; x_wconf 89' lang='lat' dir='ltr'><strong>adhortantis</strong></span> <span class='ocrx_word' id='word_1_638' title='bbox 2945 5607 3211 5678; x_wconf 87' lang='lat' dir='ltr'><strong>dogmatis</strong></span> <span class='ocrx_word' id='word_1_639' title='bbox 3233 5606 3511 5676; x_wconf 81' lang='lat' dir='ltr'><strong>alloquio?</strong></span> 
     </span>
    </p>
   </div>
  </div>
