4026 6364
196 316 296 376 725
533 313 778 369 ANNAL.
819 315 918 369 ΒΕ·
943 313 1184 371 GESTIS
1223 315 1282 371 Β.
1323 315 1569 372 CAROLI
1612 315 1819 371 MAGNI
1865 317 2044 372 LIBRI
2083 318 2146 374 γ.
2185 316 2254 358 '—
2293 319 2446 375 ΥΠΛ
2489 320 2754 376 CAROLI.
2794 353 2862 362 —
2896 321 3023 378 LII}.
3066 326 3130 378 ν.
3336 327 3440 381 79.6

197 429 270 487 Ob
289 428 395 483 hoc
419 441 517 498 per
539 424 790 480 Carolum
816 425 1051 480 clemens
1081 425 1221 480 Deus
1242 434 1326 480 est
1351 435 1623 496 operatus,

259 519 318 574 Id
345 520 649 601 quod'tunc
671 518 828 572 aliter
853 534 959 571 non
982 518 1155 588 potuit
1178 517 1314 572 fieri.

203 611 334 669 Usus
361 611 505 665 enim
532 610 765 681 gemina,
793 608 1064 663 Saxonum
1092 624 1256 664 saxea
1283 609 1460 677 corda,

261 704 410 768 Arte,
440 702 704 757 suadebat
726 701 954 756 subdere
980 717 1036 756 se
1063 701 1311 766 Domino,

208 793 344 850 Nunc
370 801 580 848 terrens
610 791 769 854 bello,
797 806 938 844 nunc
969 790 1124 844 donis
1147 790 1453 855 alliciendo,

263 885 370 940 Illic
393 885 788 956 magnanimus,
816 883 903 937 hic
922 898 1134 954 quoque
1159 882 1464 937 munificus.

206 977 300 1033 Nec
323 978 473 1048 prius
496 976 800 1038 abstiterat,
831 974 1064 1029 Saxonia
1092 989 1254 1044 quam
1279 973 1439 1028 simul
1461 974 1638 1029 omnis

262 1067 402 1120 idola
423 1065 696 1138 proiciens
720 1063 861 1118 facta
899 1063 1071 1119 fidelis
1091 1071 1232 1118 erat.

205 1159 332 1228 Quas
361 1159 524 1230 igitur
552 1167 733 1228 grates
759 1157 834 1212 illi
855 1157 1011 1211 modo
1031 1173 1317 1226 possumus
1345 1173 1556 1224 omnes,

265 1253 352 1309 Vel
378 1267 514 1323 quas
533 1252 759 1322 quisque
784 1266 880 1306 suo
901 1250 1107 1306 solvere
1128 1266 1225 1322 pro
1256 1251 1468 1306 modulo
1495 1252 1519 1304 ?

207 1344 254 1399 Si
275 1359 373 1414 qua
400 1359 574 1398 meam
601 1342 990 1411 scripturarum
1015 1340 1300 1396 scintillula
1331 1350 1566 1396 mentem

265 1435 424 1500 Artis,
447 1441 502 1489 et
535 1432 769 1487 illustrat
791 1432 837 1486 si
864 1447 968 1502 qua
999 1432 1299 1497 scientiola,

208 1525 374 1580 Nonne
393 1525 541 1581 dabit
565 1525 702 1578 iuste
725 1523 915 1579 Carolo
937 1524 1224 1593 praeconia
1249 1523 1464 1596 laudum

265 1617 362 1670 Per
387 1631 546 1687 quem
570 1614 810 1669 nancisci
835 1613 938 1668 tale
966 1615 1165 1669 bonum
1188 1614 1361 1668 merui
1387 1614 1409 1667 τ

207 1707 369 1762 Nostri
392 1722 494 1761 non
526 1706 699 1760 solum
731 1704 853 1759 ﬁdei
879 1704 1198 1758 documenta
1222 1713 1493 1774 parentes,

271 1799 366 1853 Sed
394 1799 601 1869 penitus
625 1808 848 1853 cunctos
875 1797 1184 1853 nescieram
1213 1797 1394 1868 apices
1419 1815 1432 1861 ;

207 1892 300 1947 Per
325 1891 564 1946 Carolum
591 1906 762 1960 nuper
790 1891 942 1945 nobis
963 1902 1044 1945 est
1069 1891 1228 1944 huius
1252 1891 1526 1954 honestas,

270 1983 342 2038 Ac
358 1983 550 2053 pariter
574 1984 718 2038 vitae
748 1998 871 2053 spes
902 1982 1026 2037 data
1056 1991 1367 2053 perpetuae.

207 2138 335 2209 Ergo
361 2138 700 2216 tibi-primum
727 2137 916 2208 dignas
945 2155 1043 2192 nos
1074 2138 1253 2193 dicere
1274 2138 1463 2194 laudes

272 2217 340 2286 Da
366 2232 516 2296 Deus,
544 2231 838 2286 omnimodi
866 2229 987 2284 fons
1013 2239 1069 2285 ct
1097 2232 1249 2301 origo
1288 2232 1413 2286 boni
1449 2249 1463 2296 ;

211 2323 422 2379 Muneris
443 2323 563 2394 inde
596 2323 673 2378 tui
702 2338 1100 2394 quamcumque
1124 2332 1372 2378 retexere
1401 2330 1614 2393 partem

275 2413 368 2469 Nos
394 2414 444 2467 in
470 2429 553 2479 eo,
578 2412 752 2468 nostri
782 2413 890 2468 dux
925 2413 1113 2478 animi,
1141 2413 1336 2477 tribue,

210 2507 358 2574 Quem
380 2508 461 2577 pie
480 2505 693 2562 Christe
716 2515 806 2560 tuo
829 2505 1121 2560 multorum
1147 2519 1296 2559 more
1316 2503 1478 2559 saluti

272 2597 610 2668 Prospicieus,
641 2594 802 2649 talem
823 2595 1174 2666 praestiteras
1199 2593 1335 2649 fieri.

213 2688 329 2743 Nam
355 2699 556 2742 nostrae
583 2687 846 2741 miserans
875 2693 1098 2738 naturae
1128 2685 1512 2750 conditionem,

276 2764 537 2850 Serpentis.
557 2785 841 2850 postquam
867 2777 1018 2831 fraus
1043 2775 1256 2831 vitiavit
1283 2791 1401 2830 eam
1418 2816 1433 2840 ,

218 2870 497 2925 Coutuleras
524 2870 798 2924 hominum
821 2867 1004 2940 generi
1034 2867 1232 2922 solacia
1258 2867 1451 2921 crebra

274 2960 364 3014 Per
388 2961 556 3015 claros
582 2960 830 3015 homines
859 2966 1021 3028 atque
1050 2958 1144 3013 tibi
1174 2957 1421 3028 placitos,

216 3050 432 3106 Eﬂiciens
459 3050 645 3114 fortes,
675 3066 771 3120 per
800 3065 935 3119 quos
965 3048 1182 3119 fragiles
1204 3053 1520 3117 regerentur

274 3144 466 3207 Doctus,
491 3145 579 3212 qui
615 3143 848 3212 reliquos
874 3128 1204 3197 instruerent
1233 3140 1474 3194 stolidos.

214 3233 271 3288 Ut
293 3235 374 3288 lux
407 3234 617 3288 illorum
640 3234 890 3288 tenebras
916 3232 1211 3302 depelleret
1237 3233 1456 3295 horum,

264 3324 512 3380 Errantes
537 3339 819 3389 revocans,
852 3325 1248 3390 restituensque
1276 3321 1418 3384 viae,

197 3415 400 3474 Stantes
424 3425 482 3472 ut
519 3417 791 3488 erigerent
819 3415 1016 3485 lapsos,
1059 3413 1379 3482 miserisque
1406 3411 1616 3484 piorum

257 3509 437 3564 Virtus
460 3506 708 3578 exemplo
737 3513 882 3560 esset
915 3513 970 3559 et
991 3503 1212 3558 auxilio.

177 3594 252 3652 Et
280 3598 413 3653 tales
438 3612 649 3667 semper
680 3595 908 3650 dederas
936 3593 1003 3648 ab
1032 3593 1243 3664 origine
1271 3589 1478 3655 mundi,

253 3690 375 3761 Apti
406 3689 676 3746 salvandis
699 3687 790 3758 qui
821 3686 1036 3742 fuerant
1058 3684 1198 3739 aliis.

166 3782 427 3855 Inprimis
446 3780 879 3852 patriarcharum
908 3792 1062 3834 sacer
1089 3777 1245 3840 ordo,
1271 3775 1463 3830 deinde

243 3871 494 3945 Legifer,
519 3879 576 3927 et
601 3879 784 3924 vatum
827 3870 1023 3924 missus
1044 3867 1235 3922 adhoc
1259 3866 1458 3920 chorus
1487 3871 1590 3919 est.

171 3967 283 4026 Nec
313 3981 427 4021 non
455 3965 511 4019 in
539 3963 708 4018 variis
738 3960 1000 4018 imitabile
1027 3957 1276 4031 gentibus
1301 3957 1430 4012 olim

242 4056 539 4128 Exemplar
560 4055 705 4119 iusti,
739 4063 792 4108 te
817 4067 1030 4124 quoque
1051 4058 1206 4117 teste,
1235 4050 1458 4105 dabant.

183 4151 282 4208 Sed
308 4150 437 4221 quis
462 4164 560 4220 per
588 4162 776 4204 servos
805 4146 981 4201 servis
1006 4153 1057 4199 te
1084 4143 1418 4199 consuluisse

247 4242 506 4305 Miretur;
539 4239 738 4294 donum
760 4237 831 4295 sit
851 4237 978 4292 licet
1004 4235 1303 4290 eximium?

183 4333 308 4390 Cum
347 4349 449 4405 per
472 4341 523 4386 te
545 4331 732 4386 mundi
761 4329 1007 4384 dominus
1028 4328 1148 4399 plus
1171 4327 1366 4398 egeris,
1393 4325 1560 4380 immo

250 4422 335 4478 Sis
359 4437 552 4492 passus
574 4419 810 4475 minimis
835 4417 1066 4472 maxima
1095 4433 1192 4487 pro
1223 4415 1460 4470 famulis.

183 4514 284 4570 Pro
307 4513 506 4584 quibus
529 4511 742 4566 iniustis
765 4510 958 4574 iustus,
990 4523 1088 4578 pro
1119 4505 1366 4562 sontibus
1405 4506 1610 4570 insons,

254 4603 307 4657 In
339 4611 567 4658 mortem
598 4600 871 4672 propriam
902 4599 1198 4655 tratlideras
1226 4598 1483 4652 animam.

195 4694 353 4748 Tanta
377 4694 684 4762 redemptor
713 4699 832 4746 erat
859 4697 1080 4745 nostrae
1119 4688 1214 4742 tibi
1240 4704 1371 4744 cura
1401 4686 1614 4743 salutis.

259 4787 468 4845 Perdita
500 4802 567 4842 ne
596 4785 752 4843 ﬁeret
775 4799 999 4857 prorsus
1020 4784 1198 4854 imago
1220 4781 1320 4837 tui.

206 4875 338 4933 Unde
369 4878 462 4933 tibi
483 4877 669 4933 laudes
697 4875 1038 4950 modulentur
1065 4882 1261 4930 cuncta
1292 4880 1496 4938 creata,

263 4971 427 5040 Atque
450 4985 590 5043 genu
626 4967 844 5024 ﬂectant
873 4966 1102 5032 inferus,
1129 4979 1280 5030 arva,
1311 4964 1441 5035 poli.

205 5059 322 5116 Nam
367 5076 540 5135 neque
591 5061 719 5116 dum
745 5058 1031 5130 complevit
1084 5072 1242 5128 opus,
1270 5065 1359 5111 tua
1404 5056 1598 5128 gratia,
1649 5066 1766 5109 tau-

1448 5167 1458 5173 ·
1532 5145 1690 5218 [tum,

267 5243 518 5308 Cessavit,
559 5243 677 5298 sine
714 5256 820 5313 qua
850 5239 1059 5312 deperit
1085 5239 1260 5294 omnis
1287 5238 1490 5302 homo;

210 5333 298 5389 Sed
317 5343 437 5406 post
457 5335 590 5389 haec
614 5333 807 5388 eadem
829 5330 1102 5385 lucrandis
1127 5330 1377 5384 omnibus
1405 5336 1560 5383 extat

264 5425 395 5480 Cura
423 5441 519 5497 per
537 5424 738 5480 electos
762 5422 1012 5494 gentibus
1033 5421 1298 5476 exhibita.

206 5516 310 5571 Oris
328 5515 604 5587 apostolici
640 5523 842 5569 terram
865 5528 1030 5568 sonus
1052 5512 1148 5566 ivit
1178 5512 1230 5565 in
1257 5525 1498 5574 omnem,

265 5609 434 5666 Verba
465 5624 565 5680 per
591 5615 866 5664 extremas
895 5605 1178 5660 intonuere
1205 5603 1416 5675 plagas,

264 5760 287 5789 ι
327 5750 401 5805 Ex
427 5747 690 5804 Einhardi
721 5746 839 5801 Vita
868 5741 1068 5808 Caroli,
1100 5758 1218 5813 cap.
1241 5741 1296 5795 2.

1794 429 1845 488 Α
1873 426 1969 481 Cui
1995 429 2162 494 dedit,
2191 430 2439 485 aetherea
2467 431 2601 486 caeli
2626 433 2888 488 demissus
2908 434 2975 489 ab
3000 450 3143 500 arce,

1940 518 2301 575 Flammantes
2325 520 2534 592 linguas
2562 520 2794 593 Spiritus
2818 525 3180 595 omnipotens.

1869 609 1915 667 Ο
1934 626 2095 682 quam
2129 611 2420 666 multorum
2443 623 2699 684 purgatas
2725 615 2884 669 sorde
2918 623 3099 672 reatus

1939 700 2148 754 Mentes
2171 701 2424 756 ardentes
2459 701 2589 756 fecit
2616 718 2802 758 amore
2832 704 2962 757 tuo!

1869 793 2085 849 Ordinis
2103 791 2343 860 ejusdem
2372 807 2470 847 nec
2501 807 2607 847 non
2636 793 2853 848 virtutis
2873 795 3073 850 honore

1938 885 2006 938 Et
2028 885 2202 940 studio
2228 885 2413 956 plures
2441 894 2565 956 post
2593 884 2809 941 fuerant
2837 886 3068 954 similes,

1868 975 1970 1043 Qui
1998 977 2156 1032 simul
2184 977 2446 1046 exemplis
2474 978 2686 1033 animas
2710 990 2766 1034 et
2794 979 3043 1051 dogmate
3069 998 3225 1038 sacro

1941 1066 2137 1122 Multas
2173 1067 2396 1123 caelesti
2430 1069 2776 1124 reddiderant
2813 1072 3040 1141 patriae.

1868 1158 2006 1225 Quid
2029 1173 2348 1222 memorem,
2402 1159 2592 1228 quanti
2615 1175 2712 1230 pro
2755 1169 2806 1213 te
2847 1169 3116 1218 tormenta
3150 1180 3447 1235 necemque

1935 1247 2110 1314 Passi,
2136 1248 2330 1303 lucrati
2359 1249 2486 1304 hinc
2520 1250 2657 1304 alios
2683 1249 2920 1305 fuerint?

1867 1339 1977 1394 llos
2015 1340 2227 1394 animus
2254 1347 2528 1403 constans,
2588 1340 2707 1396 illos
2766 1342 3026 1399 miracula
3053 1346 3166 1402 visa

1936 1432 2171 1488 Credere
2198 1433 2332 1487 haec
2354 1432 2504 1486 danti
2530 1448 2910 1489 commonuere
2937 1437 3061 1494 tibi.

1872 1523 2013 1580 Mille
2043 1524 2216 1580 modis
2246 1533 2335 1579 tua
2365 1520 2582 1595 magna,
2605 1525 2767 1590 Deus,
2797 1527 3078 1584 clementia
3108 1540 3296 1602 gentes

1937 1615 2124 1671 Salvat
2146 1631 2248 1687 per
2274 1624 2492 1671 sanctos
2519 1618 2872 1688 egregiosque
2893 1620 3056 1675 viros.

1866 1709 1976 1764 Nec
1997 1725 2152 1782 reges
2182 1709 2317 1766 facis
2349 1720 2599 1781 expertes
2623 1711 2739 1766 fore
2766 1715 3008 1769 muneris
3033 1714 3215 1780 huius,

1794 1786 1842 1848 Β
1940 1803 2076 1856 Dum
2121 1819 2219 1874 per
2255 1819 2350 1858 eos
2380 1804 2590 1859 animas
2615 1806 2845 1876 corrigis
2882 1815 3044 1876 atque
3071 1807 3268 1872 doces;

1866 1887 2224 1966 Temporibus
2252 1893 2476 1950 Carolus
2505 1911 2621 1961 rex,
2648 1903 2699 1950 te
2723 1897 2974 1964 donante,
3005 1898 3281 1953 modernis

1935 1985 2107 2052 Quam
2137 1985 2320 2040 multis
2341 2001 2586 2041 summae
2612 2001 2774 2042 causa
2797 1988 2986 2044 salutis
3013 1989 3177 2044 erat?

1863 2077 2130 2133 Credendi
2160 2077 2386 2148 pulchre
2411 2078 2758 2133 moderandis
2786 2080 3031 2135 moribus
3055 2089 3234 2152 aptus,

1933 2172 2000 2228 Et
2029 2179 2240 2226 mutare
2267 2170 2353 2240 pie
2385 2170 2593 2241 perfida
2619 2171 2778 2226 corda
2804 2180 3019 2242 potens.

1933 2336 1959 2365 ι
1987 2323 2150 2378 Cuius
2176 2339 2320 2378 nunc
2353 2323 2563 2396 insigne
2585 2339 2756 2396 genus
2780 2325 2825 2382 si
2854 2327 3092 2396 pandere
3116 2344 3299 2392 coner,

2001 2415 2306 2488 Compellor
2329 2432 2517 2488 regum
2549 2417 2790 2472 scribere
2818 2417 3141 2491 catalogum.

1864 2505 1971 2562 Sed
2002 2523 2107 2562 non
2130 2515 2214 2561 est
2234 2523 2369 2577 opus
2395 2521 2408 2560 :
2449 2507 2722 2562 excelsum
2753 2508 2878 2576 quia
2906 2523 3009 2562 non
3033 2525 3202 2580 genus
3224 2511 3319 2576 illi,

1935 2599 2040 2654 Sed
2071 2615 2286 2676 summo
2305 2599 2489 2670 generi
2515 2599 2723 2654 addidit
2751 2599 2864 2670 ipse
2893 2599 3079 2655 decus.

1864 2691 1940 2745 De
1969 2690 2135 2744 claris
2160 2690 2374 2761 genitus
2401 2689 2551 2744 fulsit
2578 2690 2930 2760 praeclarior,
2959 2702 3118 2762 atque

1930 2782 2182 2836 Patribus
2213 2781 2428 2837 invictis
2459 2781 2649 2836 fortior
2667 2782 2882 2836 enituit.

1861 2873 1958 2929 Est
1985 2888 2196 2942 quoque
2225 2873 2332 2926 iam
2355 2881 2560 2939 notum,
2587 2873 2827 2944 vulgaria
2857 2875 3100 2929 carmina
3130 2876 3338 2946 magnis

1884 2989 1893 2996 -
1929 2964 2207 3020 Laudibus
2235 2965 2352 3020 eius
2374 2980 2503 3020 avos
2524 2973 2579 3020 et
2603 2981 2834 3036 proavos
2861 2965 3137 3020 celebrant

1856 3055 2144 3127 Pippinos,
2175 3055 2421 3121 Carolos,
2458 3055 2800 3112 Hludowicos
2821 3063 2874 3109 et
2899 3055 3248 3124 Theodricos,

1786 3138 1835 3204 C
1934 3149 1999 3202 Et
2032 3147 2424 3203 Carlomaunos
2461 3146 2876 3216 IIlothariosque
2904 3159 3123 3202 canunt.

1861 3240 1932 3294 At
1959 3239 2163 3294 Tamen
2194 3239 2284 3294 hic
2307 3247 2509 3308 quanto
2535 3238 2656 3307 plus
2682 3236 2872 3293 fecerit
2898 3237 3150 3293 omnibus
3179 3239 3311 3305 illis,

1935 3334 2086 3388 Dicet
2107 3332 2407 3402 praesentis
2434 3348 2612 3387 sermo
2637 3346 2865 3401 sequens
2890 3332 3090 3402 operis.

1869 3423 2042 3482 Unum
2069 3438 2508 3486 commemorem,
2538 3430 2689 3476 tanto
2717 3423 2782 3476 de
2810 3421 3050 3491 germine
3076 3435 3262 3490 parem

1933 3512 2102 3580 Quem
2139 3520 2383 3566 sanctum
2412 3511 2613 3565 Christi
2641 3511 2918 3582 praedicat
2945 3510 3226 3573 aecclcsia,

1864 3604 2084 3659 Scilicet
2115 3600 2418 3663 Arnulfum,
2453 3600 2782 3655 Francorum
2811 3601 2902 3671 qui
2933 3599 3034 3653 fuit
3059 3600 3189 3656 olim

1932 3694 2210 3762 Princeps,
2239 3708 2301 3747 ac
2333 3692 2512 3762 presul
2551 3699 2673 3762 post
2706 3691 2840 3745 satis
2873 3691 3140 3760 egregius.

1863 3785 2065 3839 Ductus
2094 3798 2278 3838 amore
2312 3782 2409 3838 Dei
2452 3782 2544 3852 qui
2571 3788 2844 3851 spreverat
2870 3781 3050 3835 omnia
3075 3779 3279 3844 mundi,

1934 3874 2084 3941 Quae
2119 3872 2357 3930 mulcent
2387 3872 2590 3937 oculos,
2616 3886 2826 3940 queque
2855 3870 3078 3924 trahunt
3108 3868 3340 3935 animos,

1866 3965 2075 4021 Malens
2100 3966 2308 4020 divinas
2331 3965 2516 4019 mundi
2547 3979 2711 4034 quam
2741 3964 2955 4018 tradere
2982 3963 3149 4033 leges,

1935 4059 2070 4114 Esse
2097 4058 2190 4112 Dei
2225 4057 2460 4113 famulus
2498 4072 2659 4127 quam
2685 4055 2869 4126 populi
2899 4055 3170 4110 dominus.

1865 4149 2021 4206 Nunc
2043 4157 2167 4204 ovat
2197 4148 2250 4204 in
2274 4147 2460 4210 caelis,
2486 4146 2754 4215 praebens
2782 4145 3042 4199 miracula
3072 4144 3252 4209 terris,

1938 4239 2195 4294 Sublimis
2223 4238 2403 4294 meriti
2445 4238 2596 4308 signa
2631 4237 2824 4291 decora
2865 4236 2981 4302 sui,

1864 4332 2099 4401 Indeque
2129 4339 2438 4386 nostrorum
2474 4337 2641 4383 totam
2665 4329 2860 4383 seriem
2890 4327 3255 4390 dominorum,

1941 4422 2177 4492 Stirpem
2200 4435 2392 4491 nempe
2423 4436 2596 4483 suam,
2629 4420 2860 4489 protegit
2886 4427 3046 4487 atque
3080 4416 3243 4472 fovet.

1789 4505 1844 4567 D
1867 4513 2004 4569 Prae
2030 4513 2241 4568 cunctis
2279 4513 2443 4582 igitur
2489 4511 2584 4567 tibi
2620 4527 2747 4567 cura
2783 4510 3064 4579 neponbus
3102 4525 3238 4573 una,

1936 4608 2290 4675 Quaesumus,
2315 4605 2573 4661 Amulius
2602 4605 2671 4661 sit
2698 4613 2818 4658 tuus
2843 4603 3168 4656 omonimus.

1867 4701 1974 4756 Fac
2000 4709 2058 4755 ut
2095 4699 2340 4770 regnanti
2369 4699 2619 4753 Christus
2653 4696 2723 4751 sit
2765 4695 2984 4766 previus
3022 4702 3226 4756 auctor,

1938 4793 2054 4860 Quo
2077 4793 2241 4847 nimis
2271 4791 2436 4861 ipsius
2466 4790 2668 4860 indiget
2695 4787 2988 4851 accclesia;

1867 4884 1968 4950 Qui
1997 4884 2156 4939 modo
2193 4881 2454 4937 iustificus
2494 4897 2587 4934 rex
2629 4887 2730 4942 est,
2773 4875 3023 4932 defensor
3050 4868 3104 4931 e't
3133 4891 3271 4930 unus

1938 4975 2082 5029 Inter
2109 4981 2186 5027 tot
2209 4972 2409 5036 clades,
2433 4986 2577 5025 nunc
2604 4969 2799 5038 quibus
2824 4967 3108 5022 atteritur-

1869 5065 1947 5121 Ex
1990 5062 2082 5119 illo
2114 5063 2269 5118 nobis
2295 5062 2460 5132 igitur
2496 5069 2606 5114 tam
2633 5058 2876 5129 principe
2913 5066 3102 5112 sancto

1940 5154 2210 5210 Hactenus
2237 5161 2320 5207 est
2348 5151 2630 5207 dominans
2660 5149 2844 5204 inclita
2871 5148 3159 5220 progenies
3181 5189 3195 5212 ,

1869 5246 1926 5300 In
1957 5261 2117 5316 quam
2147 5243 2424 5298 descendit
2457 5241 2626 5297 sancti
2659 5240 2963 5296 benedictio
2996 5239 3154 5294 Iacob
3177 5279 3192 5304 ,

1941 5335 2110 5401 Quam
2150 5335 2309 5389 Iudae
2334 5333 2574 5403 pandens
2603 5332 2716 5402 ipse
2748 5331 2927 5387 futura
2956 5331 3120 5395 dedit,

1873 5426 1944 5482 Ut
1983 5441 2088 5480 non
2112 5425 2370 5480 deficeret
2404 5425 2469 5479 de
2506 5423 2744 5494 germine
2779 5421 3077 5493 sceptriger
3100 5423 3238 5488 eius,

1946 5517 2050 5572 Sed
2075 5516 2214 5572 foret
2244 5517 2368 5572 inde
2394 5531 2617 5570 manens
2651 5515 2806 5585 longa
2831 5515 3029 5569 ducum
3053 5514 3239 5569 series.

1875 5610 1966 5666 Sic
1992 5609 2160 5665 electa
2191 5607 2302 5664 Deo
2339 5607 2539 5663 mansit
2564 5607 2672 5662 iam
2709 5615 2948 5676 tempore
2984 5605 3142 5673 longo
