4026 6364
649 314 755 370 ῚΞῚ

722 429 866 484 llaec
889 425 1053 496 stirps
1091 440 1145 481 in
1181 410 1366 497 regno,
1405 432 1566 495 atque
1596 423 1684 478 diu
1714 429 1939 481 maneat.

653 523 731 578 De
750 537 856 592 qua
881 535 987 576 non
1024 519 1310 590 quisquam
1342 517 1533 572 fortem
1573 515 1877 586 pietateque
1901 513 2118 586 plenum

723 612 947 667 Miretur
970 625 1150 680 regem
1184 607 1524 678 progenitum
1554 605 1826 660 Carolum.

651 703 819 759 Cuius
841 709 902 757 ut
923 701 1160 756 exterior
1196 708 1369 753 Vll‘lllS
1407 698 1676 765 roburque
1705 701 1957 766 parentes
1975 732 1992 758 ,

722 794 815 850 Sic
840 793 972 848 satis
995 792 1222 846 ornabat
1257 788 1528 859 religionis
1553 801 1724 852 amor,

649 886 718 944 Et
754 899 861 954 quo
895 883 1067 938 maior
1093 881 1173 937 eis
1209 880 1457 951 provenit
1486 878 1656 949 gloria
1685 876 1890 942 mundi,

724 976 871 1032 Mens
893 973 1109 1029 humilis
1146 980 1298 1027 tanto
1327 972 1449 1042 plus
1479 970 1579 1026 fuit
1604 977 1729 1024 ante
1755 970 1948 1024 Deum.

649 1066 756 1123 Sed
799 1065 924 1120 huic
948 1072 1174 1118 naturae
1216 1061 1474 1132 quicquid
1497 1063 1636 1117 bene
1672 1059 1943 1132 praestitit
1977 1067 2131 1114 ortus
2170 1071 2218 1126 ι,

718 1155 833 1211 Hoc
857 1151 1115 1210 exercitio
1143 1159 1372 1206 auxerat
1409 1152 1645 1218 assiduo,

645 1249 888 1304 Intentus
918 1260 1132 1316 semper
1170 1245 1332 1300 rebus
1361 1251 1674 1300 constanter
1704 1241 1956 1315 agendis,

715 1341 782 1394 Et
809 1337 1154 1409 disponendis
1183 1336 1410 1391 consilio
1452 1335 1656 1391 stabili.

646 1430 799 1489 Unde
827 1445 927 1485 nec
969 1429 1023 1484 in
1057 1427 1213 1483 bellis
1236 1425 1522 1496 quisquam
1549 1424 1761 1482 felicior
1788 1425 1913 1490 illo,

716 1521 980 1591 Tempore
1013 1531 1116 1573 nec
1139 1516 1289 1586 pacis
1320 1515 1442 1585 plus
1479 1516 1790 1570 moderatus
1820 1523 1972 1580 erat;

642 1611 710 1669 Et
737 1611 889 1682 quod
913 1607 1150 1678 suscepit
1183 1605 1380 1662 florens
1404 1615 1460 1662 et
1493 1606 1671 1662 nobile
1706 1622 1951 1678 regnum,

715 1701 1041 1759 Reddiderat
1068 1698 1232 1768 duplo
1276 1696 1438 1751 latius
1475 1705 1529 1751 et
1561 1697 1775 1752 melius.

642 1793 842 1864 Sicqje
873 1807 1016 1855 suos,
1050 1791 1176 1847 licet
1216 1788 1466 1853 invictos,
1493 1787 1689 1843 vicisse
1715 1795 1969 1858 parentes

711 1885 983 1948 Noscitur,
1009 1884 1114 1939 hae
1135 1881 1303 1936 multo
1331 1895 1394 1935 re
1415 1880 1588 1952 magis
1625 1880 1896 1952 egregius.

638 1976 776 2034 Nam
807 1976 992 2048 plures
1026 1989 1169 2030 unus
1199 1981 1372 2026 terras
1401 1970 1732 2043 populosque
1772 1971 2006 2041 subegit,

713 2067 885 2136 Quam
922 2074 1067 2121 totus
1097 2077 1284 2133 regum
1314 2063 1506 2119 vicerit
1538 2063 1672 2118 ordo
1703 2062 1874 2132 prior.

638 2159 956 2228 Regnabant
984 2158 1125 2212 inter
1153 2156 1404 2211 Rhenum
1431 2154 1784 2223 Ligeremque
1814 2153 2051 2224 priores,

707 2251 790 2306 Ad
819 2251 1036 2306 boream
1065 2248 1242 2303 fuerat
1268 2247 1534 2303 terminus
1555 2261 1814 2310 oceanus,

634 2340 1050 2422 Australemquc
1079 2341 1280 2396 dabant
1305 2338 1578 2394 Balearica
1616 2337 1780 2392 litora
1813 2336 2006 2401 finem,

707 2435 876 2505 Alpes
899 2443 954 2489 et
982 2442 1152 2497 tectae
1179 2432 1457 2505 perpetuis
1490 2431 1724 2496 nivibus,

633 2526 704 2586 Et
734 2525 977 2581 Francos
1013 2523 1329 2588 orientales,
1358 2538 1459 2579 nec
1489 2537 1595 2577 non
1629 2519 1976 2586 Alamannos,

704 2620 784 2678 Ac
809 2618 1087 2680 Baioarios
1125 2616 1232 2673 iam
1268 2625 1494 2672 tenuere
1528 2615 1710 2686 prius;

632 2707 1109 2772 Fresonesetiam,
1141 2706 1298 2764 simul
1335 2715 1389 2761 et
1423 2720 1613 2762 rexere
1638 2705 1940 2776 Thoringos
1966 2722 1980 2758 :

706 2801 776 2859 Et
802 2815 1028 2871 regnum
1056 2798 1237 2856 Caroli
1273 2798 1377 2856 hoc
1404 2799 1644 2853 habuere
1685 2805 1889 2868 patres.

632 2888 862 2961 Pippino
886 2897 1040 2960 patre
1065 2887 1340 2954 defuncto,
1365 2902 1489 2943 cum
1518 2885 1688 2950 fratre
1721 2888 1943 2957 regebat
1965 2885 1994 2926 δ

704 2981 763 3036 ld
785 2979 1201 3042 Carolomanno,
1231 2988 1378 3034 sorte
1420 2977 1633 3033 fruente
1671 2993 1794 3037 sua.
2005 3049 2020 3056 _

632 3069 812 3140 Atque
837 3068 1139 3124 simultates
1165 3068 1315 3123 illum
1342 3069 1594 3138 rixasque
1629 3076 1936 3128 moventem

707 3163 808 3219 Hic
835 3178 1049 3234 semper
1072 3161 1301 3216 multum
1338 3161 1637 3232 pertulerat
1677 3161 1930 3232 paciens,

634 3257 709 3314 Ut
737 3256 937 3318 mirum
965 3253 1149 3309 multis
1186 3252 1368 3319 fuerit,
1391 3251 1534 3324 quod
1561 3253 1756 3308 viderit
1782 3253 1863 3308 ira

704 3343 1045 3409 Commotum
1069 3343 1248 3399 causis
1274 3357 1432 3398 nemo
1455 3343 1582 3398 licet
1605 3343 1880 3414 gravibus.

631 3439 804 3494 Annis
833 3437 912 3492 sic
933 3436 1161 3509 geminis
1187 3437 1490 3493 decesserat
1519 3436 1608 3492 ille
1637 3437 1893 3507 peractis,

707 3531 777 3585 Et
810 3543 1035 3601 regnum
1065 3529 1164 3585 soli
1193 3529 1311 3585 iure
1344 3529 1504 3587 datur
1544 3527 1758 3588 Carolo.

634 3622 787 3691 Quod
825 3623 1002 3693 primo
1028 3621 1186 3678 victis
1207 3621 1494 3692 Aquitanis
1518 3623 1768 3693 gentibus
1797 3623 1947 3678 auxit
1970 3633 1990 3661 π
2015 3664 2030 3686 .

696 3713 1141 3784 .Wasconumque
1170 3712 1328 3769 simul
1355 3714 1627 3770 subiciens
1662 3713 1937 3785 populum.

635 3810 703 3863 Et
727 3807 851 3879 iuga
879 3814 1070 3862 cuncta
1097 3804 1327 3876 Pyrenei
1357 3806 1650 3878 superavit,
1680 3805 1940 3866 Hiberum

709 3899 887 3958 Donec
928 3897 995 3959 ad
1020 3896 1240 3951 ﬂuvium
1278 3896 1523 3952 tenderet
1547 3897 1852 3967 imperium.

635 3989 953 4058 ltalicasque
973 3986 1168 4045 dehinc
1208 3987 1456 4059 regiones
1482 3987 1719 4043 subdidit
1753 4003 1965 4052 omnes,

713 4071 1061 4150 Dicere'qnas
1101 4087 1252 4134 certo
1279 4079 1400 4148 quis
1421 4077 1598 4133 valeat
1620 4080 1882 4134 numero?

637 4173 696 4228 lu
726 4172 945 4244 longum
971 4171 1152 4228 decies
1185 4171 1428 4226 centenis
1461 4169 1680 4226 milibus
1719 4179 1882 4242 atque

708 4263 975 4335 Amplius,
1002 4271 1062 4317 ut
1088 4261 1280 4325 fertur,
1310 4262 1549 4317 tenditur
1577 4261 1749 4321 Italia.

639 4362 797 4428 Tum,
823 4360 1019 4431 quibus
1041 4366 1125 4414 est
1151 4371 1216 4412 ex
1249 4372 1353 4413 non
1382 4357 1591 4413 modica
1618 4356 1910 4422 Germania
1932 4365 2087 4437 parte

712 4451 965 4517 Subdita,
994 4449 1235 4506 Saxones
1265 4449 1472 4505 addidit
1510 4450 1756 4521 imperio.

639 4543 719 4601 Ex
743 4544 846 4604 hac
864 4543 922 4600 in
952 4541 1119 4602 latum
1140 4539 1299 4611 duplo
1327 4539 1448 4610 plus
1469 4539 1699 4610 denique
1723 4539 1976 4604 Francis,

709 4633 767 4691 ιιι
796 4633 1014 4704 longum
1041 4639 1251 4703 partem
1285 4646 1422 4702 pene
1452 4645 1640 4702 parem
1670 4631 1924 4694 renitent.

640 4724 946 4783 Pannonias
968 4722 1132 4782 etiam
1170 4721 1345 4782 victor
1371 4721 1602 4778 subiecit
1629 4728 1890 4791 utrasque

713 4817 810 4873 His
835 4833 958 4876 cum
984 4815 1179 4874 vicinis
1203 4815 1429 4873 urbibus
1453 4812 1774 4869 innumeris.

641 4909 787 4969 Arva
807 4907 1192 4971 Liburnorum,
1215 4906 1303 4966 vel
1329 4920 1435 4977 que
1454 4904 1762 4960 vocitantur
1781 4905 1849 4960 ab
1876 4903 2082 4971 Histro,

714 4999 825 5056 Nec
863 5013 971 5055 non
997 4997 1317 5058 Dalmatiam
1344 4995 1582 5055 subdidit
1614 5003 1671 5052 et
1701 4994 1944 5052 Daciam.

646 5091 962 5150 Sclavorum
988 5087 1211 5160 populos
1238 5101 1462 5146 censum
1503 5086 1606 5144 sibi
1636 5086 1845 5143 solvere
1873 5085 2003 5141 fecit

713 5182 926 5247 Plures,
961 5195 1126 5251 quam
1146 5180 1430 5253 quisquam
1452 5180 1798 5240 dinumerare
1831 5187 2014 5250 queat.

646 5273 889 5335 Gesserit
925 5274 1028 5328 ista
1055 5272 1252 5342 quibus
1275 5272 1447 5335 bellis,
1493 5272 1755 5343 signando
1777 5273 1992 5345 priores

715 5365 980 5434 Quattuor
1005 5363 1224 5418 annales
1251 5363 1358 5419 iam
1388 5364 1622 5420 retulere
1647 5364 1792 5422 libri.

647 5459 811 5516 Nunc
826 5457 1083 5522 studium,
1111 5473 1311 5524 mores,
1338 5473 1575 5528 ususque
1597 5459 1945 5524 domesticus,
1975 5458 2102 5516 eius

719 5616 746 5649 ι
771 5563 1144 5678 (31⁵..Εἰη1ιςιι-ᾱί
1167 5608 1344 5663 Vitam
1369 5607 1566 5674 Caroli,
1592 5623 1712 5678 cap.
1754 5607 1839 5664 15.

721 5679 750 5719 b
776 5677 860 5748 gr.
892 5675 1049 5748 ibid.,
1078 5693 1205 5748 cap.
1235 5679 1320 5733 18.

725 5761 747 5786 ε
779 5744 862 5803 Cf.
889 5747 1046 5813 ibid.,
1069 5763 1116 5803 c.
1146 5744 1245 5802 ‘15.

1993 307 2237 364 POETAS
2280 307 2572 367 SAXONIS

2242 422 2296 482 Α
2390 419 2648 490 Corporis
2681 428 2736 474 et
2780 418 3016 484 habitus,
3041 417 3146 490 que
3177 419 3378 475 fuerint
3404 418 3652 475 referam.

2323 509 2436 581 Que
2474 511 2797 580 quicumque
2823 512 2958 566 sciet
2989 513 3096 566 iam
3123 527 3230 566 non
3263 513 3569 580 mirabitur,
3596 512 3670 566 illi

2391 602 2501 659 Cur
2528 601 2616 658 sic
2645 603 2965 674 contigerint
2991 605 3174 658 omnia
3216 603 3358 659 laeta
3387 603 3540 659 foris.

2321 693 2456 754 Nam
2492 695 2636 765 quod
2668 694 2808 749 scire
2845 694 3000 750 decet
3035 695 3270 751 hominls
3317 696 3727 767 meminisswue
3755 712 3865 752 cun-

3651 785 3808 858 [ειοε.

2391 875 2490 930 Hic
2523 889 2735 944 quoque
2762 875 3023 930 lectorem
3057 887 3433 928 commoneam
3465 873 3716 928 breviter.

2318 967 2515 1022 Audiat
2537 968 2640 1023 hoc
2671 967 2846 1022 omnis
2877 974 3076 1042 rector,
3103 966 3186 1021 vel
3215 965 3454 1035 praemia
3481 965 3649 1036 gestis

2388 1059 2495 1114 Pro
2523 1059 2880 1114 laudabilibus
2907 1058 3154 1129 quisquis
3184 1057 3384 1112 habere
3417 1057 3567 1127 cupit
3599 1074 3615 1109 :

2318 1150 2548 1214 Interius
2572 1151 2721 1206 radix
2758 1165 2985 1220 operum
3029 1149 3161 1204 latet
3195 1149 3548 1212 exteriorum,

2391 1241 2539 1297 Mens
2575 1255 2862 1310 moresque
2886 1240 2991 1294 viri
3021 1239 3164 1294 facta
3205 1238 3384 1310 palam
3409 1247 3684 1309 generant.

2319 1330 2418 1399 Qui
2447 1330 2583 1387 solet
2624 1347 2745 1386 esse
2771 1331 2914 1386 domi
2954 1338 3212 1386 constans
3243 1329 3590 1408 prudensque
3624 1330 3854 1395 decenter,

2387 1426 2606 1481 Perficit
2640 1427 2686 1480 is
2717 1427 2910 1481 crebro
2938 1425 3082 1479 facta
3117 1424 3314 1478 decora
3340 1423 3493 1479 foris.

2318 1518 2462 1573 Intra
2488 1533 2547 1572 se
2577 1517 2718 1572 vitiis
2748 1516 3047 1579 dominans,
3083 1515 3397 1584 rationeque
3434 1513 3642 1584 pollens

2389 1609 2671 1664 Exteriora
2698 1607 2800 1662 sibi
2835 1608 2981 1662 nulla
3024 1621 3220 1662 nocere
3254 1607 3402 1669 sinit,

2317 1701 2554 1756 Fortiter
2573 1700 2626 1755 in
2648 1700 2858 1756 cunctis
2883 1697 3099 1753 facienti
3130 1713 3224 1753 seu
3247 1698 3480 1767 pacienti

2243 1763 2292 1824 Β
2388 1791 2495 1846 Pro
2522 1793 2730 1846 meritis
2766 1791 2929 1845 animi
2966 1790 3136 1861 gloria
3177 1763 3493 1860 proveniet;

2317 1880 2388 1936 At
2416 1881 2500 1935 cui
2531 1895 2683 1935 mens
2709 1888 2904 1950 torpet,
2935 1895 3113 1934 mores
3145 1894 3318 1949 neque
3338 1880 3562 1950 corrigit
3585 1879 3636 1934 in
3670 1895 3743 1946 sc,

2388 1970 2542 2026 Pilum
2574 1971 2690 2026 iure
2721 1978 2900 2024 manet
2936 1970 3169 2025 dedecus
3194 1971 3434 2026 exterius

2319 2060 2410 2118 Sic
2431 2076 2653 2131 regnum
2679 2070 2850 2116 terret
2879 2068 3100 2116 cunctos
3121 2061 3458 2118 extrinsecus
3485 2062 3682 2127 hostes,

2388 2157 2446 2212 In
2485 2171 2543 2212 se
2579 2155 2720 2226 quod
2748 2170 2936 2227 pacem
2958 2155 3336 2224 iusticiamque
3364 2162 3540 2220 tenet;

2318 2247 2388 2302 At
2417 2253 2606 2302 contra
2628 2245 2671 2299 si
2711 2244 2853 2318 quod
2877 2244 3054 2300 scelus
3079 2253 3134 2298 et
3158 2244 3429 2302 discordia
3455 2243 3649 2309 foedat,

2391 2337 2658 2408 Raptores
2694 2336 2880 2391 avidos
2908 2335 3060 2391 clade
3091 2351 3188 2391 sua
3215 2334 3400 2394 faciat.

2318 2429 2462 2499 Ergo
2492 2427 2636 2482 domi
2667 2425 2919 2482 Carolum
2952 2425 3178 2481 rationis
3221 2427 3342 2486 iura
3370 2437 3619 2488 secutum,

2390 2517 2487 2572 Est
2527 2517 2786 2572 comitata
2815 2515 2947 2571 foris
2972 2516 3143 2588 gloria
3176 2534 3371 2590 magna
3407 2519 3562 2576 satis.

2318 2614 2650 2670 Assuescens
2689 2612 2866 2683 potuit
2900 2611 3195 2672 virtutibus
3229 2627 3550 2684 exuperare,

2390 2704 2663 2773 Ferreque
2691 2701 2914 2758 consilio
2942 2709 3136 2756 cuncta
3166 2703 3368 2774 pericla
3392 2719 3510 2768 sua.

2320 2797 2388 2859 Et
2413 2795 2539 2864 quia
2565 2793 2778 2850 iusticia
2801 2799 3050 2863 pacatum
3077 2794 3310 2848 reddidit
3331 2795 3497 2858 intus,

2390 2886 2641 2942 Externis
2675 2901 2901 2956 regnum
2939 2885 3184 2940 cladibus
3224 2886 3442 2957 eripuit.

2319 2977 2540 3032 Artibus
2567 2977 2680 3048 ipse
2705 2977 2922 3046 quidem
2951 2977 3160 3040 cunctis
3192 2977 3486 3034 instructus
3515 2977 3736 3033 honestis
3757 2975 3807 3042 ⁸,

2392 3051 2600 3120 Ηπιιηῖ
2637 3066 2886 3122 doctores
2915 3066 3200 3137 magniﬁce
3237 3066 3422 3143 coluit.

2245 3118 2291 3182 C
2322 3157 2370 3212 Α
2398 3172 2526 3212 sene
2557 3157 2717 3212 levita
2744 3157 2978 3229 quodam
3021 3129 3532 3228 cognomined’etro

2395 3247 2618 3304 Curavit
2653 3249 2828 3318 primo
2855 3249 3064 3305 discere
3099 3250 3534 3318 grammaticam.

2325 3339 2476 3396 Artis
2513 3340 2845 3405 rethoricae,
2881 3354 2976 3394 seu
3016 3341 3103 3395 cui
3137 3340 3420 3396 dialectica
3451 3356 3654 3404 nomen,

2397 3429 2640 3502 Sumpsit
2662 3431 2732 3486 ab
2751 3429 2968 3501 Alquini
2999 3432 3248 3504 dogmate
3274 3433 3550 3487 noticiam.

2326 3524 2426 3579 Hic
2451 3524 2618 3583 etiam
2645 3523 2804 3582 levita
2831 3525 3000 3596 gradu
3025 3525 3360 3594 multumque
3392 3526 3618 3595 peritus,

2396 3614 2474 3669 Ex
2500 3613 2684 3685 Anglis
2710 3616 2932 3670 veniens
2964 3614 3106 3670 δειλο
3135 3617 3236 3670 fuit
3262 3631 3478 3687 genere.

2324 3704 2369 3759 Α
2392 3720 2499 3774 quo
2534 3705 2789 3776 precipue
2824 3705 3028 3765 studuit
3055 3715 3223 3761 totam
3263 3708 3529 3763 rationem

2395 3796 2464 3850 Et
2490 3794 2662 3867 legem
2691 3811 2881 3850 cursus
2908 3811 3132 3859 noscere
3157 3797 3352 3853 siderei
3393 3810 3440 3859 ε,

2326 3887 2384 3943 In
2407 3889 2584 3942 causis
2604 3887 2761 3942 iudex
2792 3888 3139 3955 iustissimus,
3171 3891 3341 3945 audiit
3366 3890 3513 3961 ipsas

2398 3979 2611 4050 Sepius,
2648 3987 2703 4033 et
2749 3977 2910 4032 ﬁnem
2939 3979 3120 4034 litibus
3148 3981 3421 4051 imposuit.

2327 4072 2384 4129 In
2419 4085 2668 4126 sermone
2704 4070 2836 4125 satis
2861 4070 3054 4135 dulcis,
3084 4069 3368 4138 facundus,
3402 4071 3699 4134 abundans,

2399 4160 2510 4216 Nec
2545 4161 2720 4231 patrio
2746 4168 2953 4215 tantum
2990 4161 3185 4216 claruit
3212 4161 3444 4233 eloquio,

2331 4251 2437 4307 Sed
2467 4253 2659 4310 solitus
2673 4253 2859 4324 lingua
2886 4268 3014 4324 sepe
3051 4262 3135 4309 est
3168 4269 3326 4308 orare
3357 4254 3550 4320 latina,

2399 4345 2509 4401 Nec
2538 4359 2732 4416 graece
2766 4359 2986 4415 prorsus
3012 4345 3227 4400 nescius
3251 4345 3540 4412 extiterat;

2330 4437 2596 4492 lntellexit
2622 4451 2743 4492 eam
2769 4436 2982 4502 melius,
3008 4452 3169 4506 quam
3195 4437 3557 4508 proprietates

2400 4528 2544 4584 Illius
2570 4536 2754 4600 posset
2775 4541 2906 4583 voce
2934 4542 3128 4583 sonare
3165 4543 3282 4582 sua.

2330 4618 2556 4689 Legerat
2578 4619 2823 4680 assiduae
2845 4617 3156 4689 Scripturae
3182 4619 3327 4675 dicta
3355 4630 3585 4686 sacrate,

2400 4713 2652 4784 Quosque
2676 4714 2844 4770 libros
2871 4715 3044 4771 sancti
3077 4730 3429 4786 composuere
3458 4716 3682 4783 Patres;

2330 4803 2475 4872 Quos
2495 4804 2826 4875 Augustinus
2861 4806 2997 4864 caeli
3022 4807 3088 4862 de
3121 4807 3330 4863 civibus
3364 4806 3522 4862 almis

2400 4898 2647 4971 Scripsit,
2683 4911 2928 4966 amanter
2962 4918 3056 4962 eos
3091 4903 3337 4960 crebrius
3374 4902 3641 4958 audierat.

2332 4991 2586 5051 Scribere
2630 4994 2973 5064 temptabat:
3016 5009 3142 5049 nam
3178 4991 3532 5054 circumferre
3577 4991 3772 5054 solebat

2403 5080 2597 5138 Secum
2621 5098 2742 5137 cum
2770 5085 2952 5154 parvis
2977 5083 3252 5140 codicibus
3290 5084 3523 5150 tabulas,

2328 5173 2409 5231 Ac
2434 5188 2641 5243 ponens
2669 5173 2814 5245 ipsas
2835 5176 2902 5229 ad
2940 5175 3222 5231 cervicalia
3250 5176 3378 5233 lecti

2401 5262 2639 5333 Regalis,
2662 5280 2955 5335 numquam
2979 5264 3105 5320 fecit
3134 5267 3322 5323 abesse
3347 5267 3450 5322 sibi
3491 5286 3508 5328 ε,

2331 5353 2475 5410 Inter
2501 5363 2582 5409 tot
2608 5371 2786 5418 curas,
2811 5357 3053 5425 tantique
3078 5358 3294 5428 negotia
3323 5359 3503 5429 regni,

2403 5449 2517 5502 Rex
2545 5456 2868 5509 exercuerat
2912 5450 2998 5506 his
3032 5449 3274 5504 animum
3301 5450 3516 5511 studiis.

2253 4479 2304 4542 υ

2403 5607 2429 5646 τι
2455 5605 2538 5662 Cf.
2567 5607 2827 5664 Einhard.
2882 5607 3050 5672 ibid.,
3099 5621 3148 5662 c.
3197 5605 3268 5662 25
3294 5647 3308 5671 ,
3350 5613 3404 5659 et
3459 5605 3514 5660 in
3561 5595 3867 5670 sequentum

2332 5694 2504 5748 usque
2534 5677 2602 5748 ad
2629 5677 2788 5748 linem
2827 5678 3198 5748 librijiassim.

2409 5738 2430 5788 ε
2467 5747 2619 5813 Cod.,
2653 5747 2926 5815 Sidereos;
2955 5738 3108 5804 Rcin.
3135 5746 3438 5802 emendatio
3474 5738 3754 5800 retinenda.
