4026 6364
214 342 328 400 729
550 342 803 399 ANNAL.
846 344 933 401 DE
966 346 1210 404 GESTIS
1247 350 1307 405 Β.
1347 350 1595 408 CABOLl
1635 350 1846 409 MAGNI
1885 350 2063 407 LIBRI
2104 352 2162 408 ν.
2200 383 2270 393 -——
2309 354 2465 409 VITA
2504 353 2773 412 CAROLI.
2816 383 2884 397 --
2921 352 3046 411 LIB.
3088 358 3151 412 Υ.

214 457 388 515 Cuius
415 467 474 511 ut
495 457 765 528 ingenium
801 450 1025 514 multum
1053 461 1382 531 resplenduit
1420 478 1544 517 acre

291 546 384 601 Sic
407 547 585 601 omnis
622 556 800 601 motus
832 549 1034 618 optima
1074 552 1381 621 temperies.

217 637 337 694 Non
371 652 629 711 umquam
657 638 881 692 nimium
912 640 1106 705 laetus,
1134 657 1237 695 non
1269 643 1423 698 valde
1462 643 1741 709 remissus,

292 731 407 787 Non
439 731 669 788 multum
696 732 869 786 tristis
896 740 1057 801 atque
1083 748 1305 788 severus
1334 744 1482 801 erat;

228 820 337 877 Non
366 821 503 876 lenis
528 820 806 875 hominum
832 822 997 887 vitiis,
1022 838 1126 877 non
1153 824 1397 879 turbidus
1426 826 1522 879 ira.

295 911 565 966 Plectebat
606 912 747 965 iusta
783 926 907 965 cum
934 912 1145 967 ratione
1176 929 1321 971 reos.

239 1002 369 1071 Quod
396 1013 609 1057 terrore
638 1004 809 1073 magis
846 1002 959 1057 ﬁeri
985 1020 1145 1073 quam
1174 1015 1347 1065 morte
1384 1005 1617 1074 volebat,

294 1092 352 1148 Ni
374 1110 501 1148 cum
532 1094 648 1148 dira
677 1094 753 1148 rei
786 1105 1004 1162 cogeret
1032 1096 1299 1165 impietas.

233 1186 271 1243 Ο
291 1188 466 1258 qualis
490 1188 733 1259 probitas
749 1228 763 1253 ,
792 1203 955 1259 quam
990 1186 1462 1242 constantissimus
1487 1186 1620 1241 ordo

286 1281 341 1335 ln
364 1283 580 1335 cunctis
606 1282 722 1335 eius
755 1281 999 1337 moribus
1021 1279 1214 1333 enituit
1238 1280 1251 1332 !

216 1372 391 1428 Fortis
416 1374 472 1427 in
496 1374 735 1427 adversis
759 1374 938 1436 rebus,
964 1362 1257 1440 cautusque
1278 1370 1550 1437 secundis,

280 1466 587 1534 Perpetuae
618 1465 793 1518 tenuit
824 1464 1133 1517 sobrietatis
1164 1464 1289 1516 iter.

208 1557 448 1611 Tantum
483 1572 605 1610 cum
631 1567 787 1610 natos
816 1556 915 1609 sibi
944 1556 1223 1624 Pippinum
1258 1552 1619 1622 Carolumque

275 1647 427 1703 Mors
451 1648 711 1711 auferret,
742 1648 810 1702 ob
836 1648 937 1701 hoc
975 1647 1274 1717 ipsenimis
1304 1646 1492 1699 doluit.

198 1736 313 1793 Nec
346 1754 463 1793 non
498 1737 870 1799 Rhuottrudis,
902 1736 1124 1805 reliquis
1151 1751 1287 1805 quae
1318 1735 1422 1788 ﬁlia
1453 1742 1582 1788 natu

270 1828 452 1883 Maior
475 1837 616 1893 erat,
655 1827 803 1882 ﬂevit
831 1828 983 1882 valde
1016 1842 1234 1896 gemens
1262 1825 1489 1880 obitum.

200 1919 356 1975 Hanc
387 1928 449 1975 et
477 1919 777 1974 Grecorum
821 1918 1073 1973 luxerunt
1098 1918 1228 1971 ditia
1261 1932 1445 1988 regna,

269 2011 434 2079 Quod
465 2028 574 2066 non
601 2013 702 2067 hac
729 2011 822 2065 tali
849 2013 1006 2082 digna
1040 2010 1215 2066 forent
1258 2010 1497 2071 domina,

202 2101 419 2174 Sponsa
474 2102 577 2156 fuit
608 2102 945 2159 Constantini
981 2117 1126 2165 nam,
1154 2109 1363 2172 sceptra
1400 2100 1633 2171 regentis

270 2194 429 2249 lllius
466 2210 683 2265 semper
710 2194 906 2249 nobilis
928 2194 1159 2263 imperii.

198 2285 394 2343 lnclita
422 2286 918 2356 Constantinopolis
959 2287 1024 2341 de
1050 2284 1291 2354 germine
1328 2284 1499 2338 nostri

276 2378 519 2449 Optabat
540 2379 717 2435 Caroli
746 2379 975 2433 nobilior
998 2376 1136 2431 ﬁeri.

211 2469 445 2524 Tantum
476 2471 814 2542 contigerant
843 2469 977 2523 haec
1017 2466 1309 2522 infortunia
1342 2466 1471 2539 regi,

286 2560 343 2615 lu
372 2561 459 2616 his
482 2576 620 2630 quae
660 2560 842 2631 genuit
863 2560 1087 2631 pignora
1118 2557 1263 2613 clara
1291 2558 1444 2617 satis.

228 2652 360 2707 Tum
388 2655 733 2709 concertabat
774 2652 1075 2711 constantia
1120 2666 1245 2707 cum
1271 2651 1492 2725 pietate,

299 2744 355 2799 ln
381 2745 566 2801 Carolo
594 2746 769 2799 virtus
793 2754 1021 2814 utraque
1045 2760 1151 2797 non
1192 2744 1425 2799 modica.

242 2834 373 2894 Haec
391 2852 538 2893 casus
562 2851 750 2890 omnes
789 2835 946 2889 iussit
977 2834 1205 2893 tolerare
1230 2836 1501 2900 decenter,

310 2927 489 2998 laaque
513 2928 738 2982 dilectae
786 2928 1119 2981 commonuit
1164 2926 1398 2991 sobolis;

242 3015 341 3073 Ista
371 3018 729 3088 magnanimus
757 3016 907 3070 fulsit
930 3017 1150 3083 virtute,
1197 3017 1291 3071 sed
1322 3016 1412 3070 illa

307 3106 412 3161 Non
438 3108 609 3161 minus
642 3106 867 3160 ardebat
891 3106 1080 3175 plenus
1103 3121 1285 3160 amore
1305 3107 1413 3181 pio.

239 3196 482 3264 Quocirca
509 3198 633 3251 vicit
655 3197 833 3269 pietas
860 3197 913 3251 in
958 3207 1132 3251 morte
1160 3213 1402 3261 suorum,

304 3289 366 3343 Et
386 3304 552 3361 regem
594 3289 770 3360 largas
798 3288 1055 3359 compulit
1083 3290 1149 3343 ad
1178 3289 1449 3344 lacrimas.

236 3380 344 3437 Nec
376 3398 469 3436 non
495 3382 721 3438 Romani
755 3391 986 3436 mortem
1012 3381 1114 3435 sibi
1145 3380 1289 3435 ﬂevit
1317 3380 1478 3435 amici

304 3471 578 3538 Pontiﬁcis,
610 3486 806 3531 nomen
832 3472 958 3526 huic
984 3471 1252 3526 Adrianus
1278 3478 1416 3525 erat.

238 3562 371 3619 Nam
395 3564 524 3619 velut
547 3565 599 3619 in
622 3564 847 3633 reliquis
870 3563 1054 3627 rebus,
1080 3562 1158 3619 sic
1187 3562 1422 3636 optimus
1449 3560 1566 3616 eius

315 3655 561 3712 Laudatur
590 3657 789 3711 merito
827 3670 943 3709 mos
969 3655 1023 3708 in
1069 3653 1353 3717 amicitiis;

239 3747 544 3803 Admittebat
578 3762 671 3802 eas
708 3756 885 3811 caute,
917 3746 1012 3801 sed
1054 3745 1287 3800 ﬁrmiter
1318 3744 1484 3799 immo

305 3839 378 3894 Ex
401 3855 452 3895 se
477 3840 707 3895 servavit
743 3838 957 3893 foedere
989 3844 1269 3909 perpetuo.

241 3935 381 3993 Unde
399 3938 550 3995 decus
574 3937 728 4011 regni
767 3936 925 3991 factis
947 3948 1004 3990 et
1040 3949 1234 3989 nomen
1267 3932 1457 3997 amicis

302 4030 521 4085 Auxerat
548 4029 787 4085 externis
812 4026 1026 4098 regibus
1052 4036 1108 4081 et
1144 4025 1372 4098 p0pulis.

242 4119 311 4175 Ex
335 4123 514 4192 quibus
540 4138 678 4177 unus
698 4131 815 4175 erat
852 4118 1189 4173 lladel‘onsus
1215 4117 1430 4172 nomine
1455 4114 1649 4181 dictus,

304 4212 393 4281 Qui
424 4231 511 4270 rex
542 4213 794 4268 Asturiae
821 4210 1185 4280 Galliciaeque
1210 4208 1331 4273 fuit,

244 4307 334 4376 Qui
358 4312 470 4366 dum
497 4312 702 4382 legatos
726 4316 781 4363 et
802 4321 1027 4361 munera
1058 4305 1298 4358 mitteret
1330 4302 1440 4369 illi,

308 4402 571 4459 Mandabat
597 4402 703 4457 dici
738 4416 795 4455 se
823 4398 1100 4469 proprium
1139 4396 1342 4452 Caroli.

247 4491 524 4549 Scottorum
547 4508 699 4565 reges
732 4491 909 4561 ipsum
936 4489 1212 4545 dominum
1240 4485 1569 4551 vocitabant,

308 4582 375 4636 Ac
396 4598 450 4638 se
472 4583 739 4638 subiectos
766 4579 933 4656 ipsius
965 4586 1019 4633 et
1048 4575 1279 4631 famulos

247 4668 346 4727 Hoc
365 4675 532 4744 apices
569 4672 637 4732 ab
670 4672 751 4726 eis
776 4669 926 4726 missi
954 4676 1221 4723 testantur
1246 4667 1313 4722 ad
1342 4665 1512 4732 illum,

306 4762 527 4830 Quorum
551 4764 719 4818 claret
759 4775 912 4818 amor
934 4758 1202 4814 maximus
1233 4757 1485 4826 alloquio.

247 4850 505 4911 Persarum
542 4856 796 4935 princeps
827 4852 903 4909 illi
934 4851 1215 4906 devinctus
1245 4864 1431 4905 amore

306 4944 547 5018 Precipuo
580 4946 778 5011 fuerat,
821 4958 1018 4999 nomen
1052 4942 1259 4997 habens
1284 4942 1487 4999 Aaron.

246 5033 409 5092 Gratia
431 5038 517 5093 cui
544 5036 721 5092 Caroli
749 5049 882 5114 prae
910 5034 1120 5092 cunctis
1143 5034 1361 5105 regibus
1396 5040 1560 5104 atque

300 5126 383 5185 lllo
419 5128 750 5200 principibus
793 5135 1037 5196 tempore
1070 5140 1196 5182 cara
1228 5124 1328 5179 fuit
1356 5142 1369 5178 :

240 5219 472 5293 Augustis
506 5236 629 5276 cum
661 5220 956 5279 Grecorum
987 5218 1332 5288 poscentibus
1372 5216 1516 5272 ultro

297 5311 549 5383 Dignatus
581 5318 801 5381 pactum
846 5308 996 5379 pacis
1032 5307 1170 5361 inire
1205 5306 1326 5361 fuit.

240 5398 374 5455 Unde
398 5415 526 5456 suos
559 5400 627 5453 ad
659 5413 785 5453 eum
818 5398 1023 5470 legatos
1053 5397 1267 5451 mittere
1306 5393 1499 5455 crebro

298 5490 570 5546 Curavere'
586 5489 715 5553 Leo,
742 5488 1035 5551 Niciforus,
1064 5486 1351 5543 Michahel.

239 5579 670 5654 Transgredimur
697 5587 925 5644 moetas,
970 5580 1097 5634 dum
1132 5579 1477 5649 designamus
1505 5577 1729 5640 amicos,

297 5673 672 5729 Monstrandus
702 5672 872 5743 magis
899 5678 980 5727 est
1016 5671 1129 5742 ipse
1168 5670 1291 5726 stilo
1322 5656 1568 5725 Carolus.

238 5762 326 5819 llic
353 5778 409 5820 se
439 5772 634 5818 venatu
665 5777 763 5818 nec
795 5777 899 5817 non
938 5761 1230 5833 equitando
1264 5758 1581 5830 frequenter

1822 470 1883 528 Α,
1971 462 2197 516 Fecerat
2225 462 2468 532 ignarum
2505 462 2742 516 desidiae
2770 463 3048 532 poenitus;

1900 552 2001 609 Vix
2038 550 2109 604 illi
2139 551 2368 621 glatialis
2413 551 2623 621 hiemps
2667 550 2880 604 auferre
2914 552 3125 605 valebat

1972 642 2111 697 Usus
2144 649 2448 696 castrenses
2479 650 2734 711 gestaque
2766 641 3012 695 militiae.

1898 732 2185 787 Praeterea
2226 732 2418 786 solitus
2464 731 2565 785 fuit
2593 746 2849 786 exercere
2883 739 3167 798 venatum,

1968 821 2083 889 Qua
2113 831 2237 877 tunc
2268 831 2385 876 arte
2419 822 2590 891 magis
2626 836 2785 876 nemo
2815 822 3019 891 peritus
3044 832 3193 889 erat;

1898 912 1967 967 Et
2001 912 2232 965 naturali
2276 910 2453 966 fontes
2482 912 2693 965 fervore
2724 911 2965 967 calentes

1966 1001 2045 1055 llli
2081 1000 2430 1071 praestabant
2467 1010 2620 1071 grata
2657 1002 2875 1056 lavacra
2904 1003 3090 1059 nimis.

1899 1093 2051 1150 Unde
2089 1093 2264 1147 locum
2294 1092 2437 1147 sedis
2483 1093 2701 1147 sibimet
2726 1095 2921 1165 delegit
2950 1094 3242 1165 Aquensis,

1970 1182 2205 1237 Plurima
2236 1197 2343 1251 quo
2381 1191 2566 1235 manat
2596 1182 2748 1253 copia
2789 1184 2911 1238 talis
2951 1200 3143 1254 aquae,

1897 1276 2095 1333 Balnea
2121 1294 2226 1347 qua
2266 1278 2436 1332 multo
2469 1278 2708 1333 condens
2734 1278 2964 1334 iucunda
3007 1282 3233 1347 decore,

1969 1369 2138 1423 Annis
2176 1370 2435 1423 extremis
2462 1370 2657 1423 mansit
2687 1369 2758 1423 ibi
2802 1370 3014 1438 iugiter.

1896 1459 1975 1517 Ac
2002 1477 2183 1516 secum
2218 1460 2347 1515 fecit
2374 1468 2531 1514 natos
2564 1474 2927 1530 proceresque
2962 1462 3165 1528 lavari,

1969 1552 2229 1621 Quodque
2257 1552 2338 1605 sui
2368 1559 2551 1605 custos
2574 1552 2815 1620 corporis
2843 1568 3033 1623 agmen
3055 1563 3193 1608 erat.

1898 1643 2151 1701 Eiusdem
2174 1658 2297 1698 nam
2324 1643 2673 1698 commoditas
2703 1644 2932 1715 spetiosa
2959 1645 3160 1702 lavacri

1968 1736 2233 1791 Ceutenos
2261 1734 2508 1789 homines
2529 1734 2755 1804 plusque
2780 1736 2922 1790 valet
2951 1752 3161 1806 capere.

1827 1816 1873 1877 B
1900 1824 2141 1896 Corpore
2167 1827 2389 1880 robusto
2412 1824 2510 1878 fuit
2536 1825 2648 1895 ipse
2673 1826 2926 1881 decenter
2951 1835 3006 1882 et
3024 1828 3198 1899 amplo
3216 1869 3232 1895 ,

1967 1914 2183 1970 lnccssu
2208 1914 2415 1979 ﬁrmus,
2439 1915 2650 1969 vividus
2670 1923 2827 1984 atque
2846 1916 3027 1986 agilis,

1896 2005 2123 2076 Egregie
2151 2020 2431 2075 procerus,
2456 2013 2512 2059 et
2541 2005 2643 2060 hoc
2668 2007 3037 2063 moderamine
3058 2010 3200 2065 iusto
3219 2050 3234 2076 ,

1967 2096 2185 2166 Septem
2212 2110 2442 2167 namque
2473 2096 2584 2150 suis
2608 2097 2797 2168 longus
2818 2106 2934 2152 erat
2955 2099 3201 2168 pedibus.

1894 2188 2012 2258 lpse
2036 2188 2297 2243 rotundus
2326 2202 2460 2259 apex
2491 2190 2701 2260 capitis,
2727 2191 2907 2244 cervix
2932 2201 2985 2245 et
3005 2194 3194 2257 obesa,

1966 2280 2123 2334 Naris
2150 2279 2270 2350 plus
2305 2280 2465 2351 paulo
2495 2296 2654 2350 quam
2680 2283 2965 2338 mediocris
2987 2292 3107 2339 erat
3127 2300 3140 2314 ο

1892 2370 2028 2426 Late
2056 2370 2323 2439 fulgentes
2344 2370 2504 2435 oculi,
2530 2370 2695 2426 facies
2717 2387 2927 2442 quoque
2950 2374 3087 2429 laeta
3108 2415 3123 2439 ,

1966 2461 2035 2516 Et
2058 2477 2162 2519 vox
2201 2461 2348 2515 clara
2374 2462 2525 2528 satis,
2557 2462 2847 2533 pulcraque
2877 2465 3122 2522 canities.

1901 2554 2039 2610 Usus
2066 2555 2263 2611 vestitu
2292 2556 2489 2625 patrio,
2519 2571 2732 2625 semper
2759 2560 3097 2630 peregrinum

1967 2644 2287 2714 Respuerat,
2312 2646 2556 2715 quamvis
2579 2647 2803 2717 pulcher
2838 2660 2889 2703 et
2932 2650 3047 2720 ipse
3087 2650 3243 2707 foret.

1897 2735 1987 2791 Bis
2021 2746 2228 2791 tantum
2259 2737 2482 2802 Romae,
2516 2739 2741 2793 summis
2766 2742 3119 2811 rogitantibus
3142 2743 3315 2812 ipsum

1966 2827 2332 2893 Praesulibus,
2358 2828 2514 2901 longa
2535 2846 2666 2885 usus
2698 2841 2815 2886 erat
2852 2833 3058 2901 tunica;

1897 2920 2049 2977 'l‘unc
2078 2922 2239 2975 etiam
2270 2922 2514 2979 clamidis
2543 2925 2816 2995 speciosae
2841 2928 3068 2997 sumpsit
3092 2929 3369 2997 amictum,
3430 2914 3431 2917 η

1970 3011 2223 3083 Moreque
2254 3012 2498 3068 Romano
2528 3016 2760 3086 tegmina
2783 3016 2922 3072 facta
2950 3017 3174 3087 pedum;

1903 3103 2114 3175 Regalis
2138 3105 2353 3159 habitus
2379 3114 2582 3159 tantum
2607 3107 2849 3177 gestabat
2870 3109 3129 3164 honorem
3145 3150 3160 3175 ,

1823 3165 1871 3229 ε
1971 3165 2104 3249 Cum
2129 3195 2497 3249 celebraretur
2520 3165 2672 3251 valde
2700 3206 2911 3252 sacrata
2935 3200 3071 3265 dies,

1901 3285 2007 3339 Aut
2032 3287 2281 3354 quotiens
2316 3288 2539 3342 aderant
2568 3288 2717 3342 missi
2748 3290 2995 3343 mandata
3027 3290 3262 3347 ferentes

1970 3378 2047 3432 Ex
2079 3378 2236 3448 longe
2264 3378 2455 3447 positis
2491 3379 2741 3449 gentibus
2762 3389 2815 3435 et
2842 3380 3087 3435 ducibus.

1900 3470 2055 3529 'l‘unc
2077 3486 2211 3525 auro
2233 3478 2433 3529 textam
2459 3472 2706 3527 nectebat
2733 3472 2893 3526 ﬁbula
2921 3482 3124 3529 vestem

1973 3561 2169 3624 Aurea,
2199 3562 2446 3616 comebat
2465 3576 2672 3632 gemma
2693 3563 2857 3632 pedes
2883 3564 3051 3627 varia,

1899 3655 2219 3717 Distinctum
2242 3655 2397 3709 viridi
2423 3656 2587 3726 gessit
2617 3658 2858 3712 diadema
2883 3662 3191 3732 smaragdo.

1924 3813 1936 3823 α
1971 3746 2224 3801 Stellatus
2254 3746 2416 3800 radiis
2442 3746 2660 3816 iaspitlis
2687 3749 2831 3802 ensis
2855 3757 2992 3803 erat.

1901 3836 2250 3905 Distabatquc
2270 3850 2459 3904 parum
2497 3835 2716 3907 reliquis
2741 3837 2793 3890 in
2821 3847 2970 3893 veste
2996 3840 3184 3897 diebus

1969 3928 2015 3981 A
2038 3928 2195 3983 solito
2223 3942 2506 3997 procerum
2530 3928 2614 3981 vel
2649 3929 2826 4000 populi
2859 3930 3064 3986 habitu.

1898 4016 2065 4073 Felici
2096 4032 2308 4089 semper
2333 4016 2626 4072 valitudine
2662 4018 2834 4074 laetus
2857 4019 2923 4073 ad
2950 4036 3123 4077 annos

1972 4107 2298 4178 Supraemos
2327 4110 2470 4163 vitae
2495 4125 2664 4180 poene
2687 4126 2815 4165 suae
2846 4110 3038 4176 fuerat,

1900 4198 2033 4252 Nam
2052 4199 2286 4253 servavit
2308 4214 2427 4255 eam
2448 4188 2593 4254 victu
2629 4215 2846 4256 sumens
2871 4204 3168 4269 moderato,

1972 4289 2155 4345 Solum
2185 4290 2326 4359 quod
2352 4290 2520 4344 sensit
2552 4306 2671 4345 esse
2695 4291 2908 4347 salubre
2933 4294 3054 4348 sibi.

1901 4378 1957 4434 Si
1986 4387 2163 4433 tamen
2188 4381 2471 4434 adversum
2504 4379 2694 4434 leviter
2726 4381 3012 4451 quicquam
3039 4390 3334 4453 pateretur,
3426 4390 3429 4391 ⁷

1974 4469 2124 4536 Quod
2153 4469 2257 4523 iam
2288 4469 2551 4525 crescenti
2576 4471 2876 4542 contigerat
2904 4473 3089 4539 senio,

1900 4561 2017 4618 Non
2040 4562 2359 4617 admittebat
2383 4560 2637 4628 medicos,
2668 4564 2768 4620 sibi
2795 4580 2987 4635 nempe
3022 4580 3281 4636 perosos,

1971 4654 2099 4710 Plus
2124 4655 2384 4709 arbitratu
2413 4664 2605 4710 cuncta
2633 4672 2729 4710 suo
2750 4656 2970 4711 faciens.

1901 4745 2036 4802 Cum
2064 4745 2284 4815 reliquis
2306 4746 2450 4800 vitiis
2476 4746 2780 4816 specialiter
2798 4748 2986 4802 oderat
3015 4748 3166 4815 illud,

1973 4839 2088 4906 Quo
2111 4846 2327 4894 vertunt
2364 4838 2557 4892 mentis
2586 4837 2776 4908 pocula
2797 4839 2965 4894 multa
2984 4848 3187 4896 statum
3212 4858 3235 4907 ',

1903 4929 2039 4986 Hinc
2060 4929 2239 4983 vinum
2265 4943 2425 4998 parce
2452 4935 2637 4996 potum
2673 4944 2885 4998 quoque
2913 4940 3217 5001 sumpserat
3240 4948 3481 5003 omnem,

1968 5021 2142 5092 Atque
2178 5022 2311 5077 cibis
2332 5020 2488 5090 paulo
2510 5022 2724 5091 aegrius
2744 5024 3020 5079 abstinuit.

1899 5114 2033 5171 Nam
2062 5115 2151 5168 vix
2178 5112 2318 5168 ferre
2344 5128 2498 5167 suum
2520 5122 2731 5182 poterat
2757 5115 2953 5170 ieiunia
2975 5131 3192 5187 corpus,

1972 5205 2121 5272 Quae
2155 5205 2255 5261 sibi
2278 5222 2676 5277 nonnumquam
2699 5209 2859 5263 noxia
2885 5220 3106 5279 questus
3124 5220 3264 5268 erat.

1902 5294 2036 5351 Cum
2059 5310 2283 5351 numero
2303 5297 2490 5351 solitus
2520 5297 2797 5352 hominum
2824 5299 3069 5355 convivia
3094 5302 3307 5371 grandi.

1975 5386 2082 5441 Sed
2120 5394 2329 5441 tantum
2352 5385 2501 5442 festis
2528 5388 2851 5459 praecipuis,
2878 5406 3057 5459 agere.

1904 5477 2074 5533 Porro
2097 5486 2357 5548 quaterna
2386 5479 2564 5549 iugem
2593 5480 2923 5551 praebebant
2957 5480 3162 5537 fercula
3198 5498 3443 5547 caenam.

1972 5570 2197 5626 Praeter
2223 5578 2512 5625 venantum
2532 5586 2636 5641 que
2656 5570 2807 5626 labor
2826 5572 3101 5639 attulerat,

1909 5662 2099 5717 Assam
2128 5660 2219 5732 qui
2247 5661 2481 5716 verubus
2503 5661 2675 5733 longis
2696 5662 2894 5718 inferre
2919 5662 3181 5728 solebant,

1981 5750 2058 5805 llli
2089 5758 2274 5822 gratus
2300 5760 2415 5806 erat
2438 5751 2555 5822 plus
2586 5752 2705 5808 aliis
2733 5753 2883 5810 cibus
2903 5754 3013 5810 hic.
3050 5820 3051 5823 η

3368 353 3471 410 ’1δῦ
