4026 6364
618 302 715 357 751
1952 305 2196 362 POETA:

2253 305 2531 362 SAXOMS
3585 386 3600 396 _
3751 316 3843 372 πὶ

615 412 872 469 Caenanti
907 411 1078 468 lector
1099 415 1329 487 recitans
1365 430 1470 471 non
1491 415 1658 472 defuit
1695 432 1977 488 umquam,

685 501 894 571 Perque
917 503 1063 558 vices
1085 504 1298 573 aliquod
1334 506 1502 560 audiit
1523 522 1769 562 acroama
1801 526 1813 562 :

615 591 724 646 Res
747 592 1086 661 antiquorum
1115 605 1292 666 gestas
1317 612 1608 667 regumque
1627 599 1838 666 piorum

687 681 802 750 Ipse
827 681 930 754 legi
959 683 1171 738 sibimet
1198 685 1396 740 fecerat
1423 689 1654 743 assidue.

617 767 894 840 Indulgere
915 786 1102 839 parum
1125 789 1312 829 somno
1341 778 1658 846 permiserat
1684 779 1834 834 illum

541 847 554 860 ’
688 857 836 913 Mens
859 859 1071 930 semper
1095 863 1302 932 magnis
1333 864 1512 920 dedita
1536 869 1793 934 consiliis,

615 946 684 1001 Et
717 963 804 1004 res
840 951 1148 1020 magniﬁcas
1171 954 1362 1024 iugiter
1386 957 1663 1013 meditatio
1692 957 1914 1016 volvens

687 1041 1009 1101 Reddiderat
1029 1048 1175 1104 curis
1198 1050 1524 1108 multimodis
1545 1054 1781 1124 vigilem.

613 1131 695 1189 Ob
732 1135 833 1190 hoc
855 1146 1010 1192 nocte
1046 1147 1239 1208 quater
1261 1141 1431 1196 fertur
1445 1143 1531 1198 vel
1571 1146 1770 1215 sepius,
1793 1145 1940 1201 omni

685 1225 884 1283 Somno
918 1229 1157 1301 depulso,
1180 1236 1421 1290 membra
1447 1235 1653 1293 levasse
1679 1248 1817 1293 toro.

611 1317 656 1372 Ο
676 1328 935 1387 quantum
956 1323 1100 1378 curis
1130 1325 1430 1395 respublica
1459 1337 1705 1383 creverat
1727 1329 1849 1395 illis,

681 1405 854 1473 Quam
875 1422 1248 1468 conservatum
1269 1413 1450 1470 ﬂoruit
1471 1417 1752 1488 imperium
1778 1421 1790 1472 !

607 1494 743 1551 Nam
769 1499 904 1555 bene
925 1503 1172 1572 previdit,
1197 1521 1297 1560 nec
1315 1523 1420 1576 qua
1451 1509 1658 1564 ratione
1685 1518 1897 1578 pateret

677 1586 734 1640 In
761 1604 978 1660 regnum
1004 1594 1169 1650 variis
1194 1595 1438 1653 hostibus
1467 1599 1740 1654 introitus.

608 1673 808 1732 Gallica
829 1683 1156 1748 praestruxit
1175 1700 1273 1740 nec
1299 1703 1403 1741 non
1441 1687 1760 1744 Germanica
1789 1689 1960 1747 classe

675 1765 880 1834 Litora,
905 1787 1008 1840 qua
1035 1771 1225 1829 ﬂuvios
1247 1777 1468 1846 suscipit
1488 1793 1742 1844 oceanus,

608 1856 780 1926 Atque
804 1861 944 1929 quod
971 1862 1239 1934 Europam
1267 1868 1488 1938 pelagus
1515 1871 1745 1942 seiungit
1769 1874 1836 1930 ab
1859 1875 2081 1941 austris,
2114 1907 2117 1910 -

677 1947 744 2001 Et
763 1949 968 2004 dirimit
996 1961 1169 2009 terras
1197 1958 1495 2028 gurgitibus
1524 1962 1721 2027 media,

557 2069 567 2075 ~
607 2033 722 2100 Qua
764 2040 977 2108 rapidos
1004 2057 1068 2095 ex
1090 2043 1365 2101 Gallorum
1391 2049 1694 2118 regionibus
1716 2067 1901 2108 amnes

676 2125 784 2180 Aut
805 2130 944 2199 capit
979 2147 1044 2187 ex
1066 2150 1291 2206 magnae
1312 2139 1553 2206 partibus
1573 2141 1772 2206 Italiae,

607 2215 793 2272 Hostia
821 2235 914 2274 seu
935 2233 1142 2291 portus,
1166 2228 1352 2295 positis
1377 2231 1718 2297 stationibus,
1750 2248 1938 2288 omnes

677 2306 826 2363 Fecit
847 2311 1148 2370 inaccessos
1170 2315 1413 2374 hostibus
1433 2323 1773 2378 omnimodis.

605 2394 742 2453 Hinc
769 2414 866 2454 nec
885 2415 950 2456 eo
976 2402 1141 2459 Mauri
1169 2409 1455 2480 quicquam
1485 2413 1696 2470 vivente
1720 2416 2007 2484 nocebant,

675 2487 785 2545 Nec
814 2489 1304 2553 Northmannorum
1336 2508 1461 2556 tunc
1491 2513 1665 2561 metus
1690 2508 1830 2566 ullus
1855 2520 1997 2576 erat,

603 2574 669 2631 Ni
694 2577 1088 2639 Centumcellae
1113 2618 1181 2626 —
1204 2588 1282 2643 sic
1306 2589 1435 2646 urbs
1462 2591 1724 2652 Hetrusca
1753 2574 2066 2654 vocaturi-

675 2667 829 2734 Quod
865 2679 1040 2727 tunca
1079 2674 1280 2732 Mauris
1317 2681 1634 2751 depopulata
1662 2686 1782 2753 fuit,

602 2754 670 2810 Et
695 2760 836 2826 quod
865 2760 1246 2823 Northmannis
1267 2773 1622 2840 vastantibus,
1649 2777 1823 2832 insula
1850 2781 2112 2850 quaedam

674 2845 905 2902 Parvula
934 2851 1229 2910 Fresonum
1257 2859 1484 2929 dampna
1506 2865 1625 2919 tulit
1646 2870 1851 2937 gravia.

606 2935 683 2990 Ve
713 2937 828 3004 tibi,
858 2955 958 2994 vae
982 2943 1073 2997 tali
1105 2949 1260 3002 modo
1287 2949 1566 3010 defensore
1598 2935 1803 3015 carenti

673 3027 916 3096 Frautia,
938 3047 1100 3102 quam
1124 3037 1290 3094 variis
1317 3041 1559 3101 cladibus
1585 3051 1944 3118 opprimeris?

2211 426 2260 479 Α
2358 417 2520 472 Aetas
2546 417 2630 472 cui
2657 417 2788 472 vidit
2810 425 2991 473 nostra
3020 433 3210 488 parem
3234 420 3474 476 minime.

2283 507 2522 573 Quorum
2543 507 2888 576 multiplicem
2923 509 2968 562 si
2991 511 3112 578 quis
3150 511 3684 568 dcscriberelaudem

2351 598 2592 662 Curabit,
2613 597 2828 669 longum
2856 607 3001 654 tcxet
3025 617 3160 670 opus
3180 602 3424 657 nimium.

2281 686 2364 742 Ad
2393 705 2530 757 quae
2550 704 2882 744 marmoreas
2902 691 3206 770 praestabat
3230 693 3400 749 Roma
3439 694 3745 767 columnas,

2353 779 2622 846 Quasdam
2647 781 2960 850 praecipuas
2988 781 3174 852 pulcra
3197 782 3454 839 Ravenna
3483 785 3652 840 dedit.

2283 867 2358 923 De
2382 876 2487 922 tam
2514 867 2801 940 longinqua
2821 871 2995 940 potuit
3023 873 3241 943 regione
3267 882 3507 943 potestas

2351 958 2495 1014 Illius
2517 969 2768 1015 ornatum
2793 961 3024 1018 Francia
3045 963 3189 1020 ferre
3211 965 3331 1020 tibi.

2283 1048 2533 1105 Preterea
2557 1051 2731 1107 Rheni
2750 1056 3047 1110 constravit
3070 1065 3233 1126 ponte
3257 1057 3479 1122 fluenta,

2353 1140 2642 1200 Commoda
2667 1145 2802 1200 dans
2836 1145 2955 1201 urbi
2985 1156 3133 1202 tanta
3159 1148 3524 1220 Mogontiace.

2283 1231 2378 1285 Est
2397 1232 2592 1288 ibidem
2616 1231 2760 1291 latus
2780 1237 3087 1308 quingentis
3114 1240 3363 1309 passibus
3388 1241 3582 1306 amnis,

2357 1323 2427 1377 Ut
2449 1325 2657 1392 pondus
2683 1327 2815 1381 tanti
2846 1328 2987 1382 scire
3015 1344 3182 1399 queas
3202 1332 3402 1401 operis.

2284 1410 2541 1483 Quodque
2569 1415 2742 1484 magis
2763 1424 2998 1485 stupeas,
3023 1419 3332 1475 firmaverat
3351 1420 3541 1477 ordine
3566 1431 3718 1479 recto.

2354 1501 2530 1558 Colles
2559 1503 2802 1575 ingentes
2826 1505 3076 1562 ﬂuctibus
3107 1509 3160 1562 in
3185 1510 3410 1575 mediis;

2285 1592 2577 1663 Supposuit
2603 1593 2822 1651 basibus
2842 1597 2976 1652 haec
3001 1598 3346 1655 fundamenta
3367 1601 3630 1669 locandis,

2355 1682 2422 1736 Et
2442 1698 2603 1753 supra
2631 1685 2829 1740 celsam
2864 1695 3137 1742 struxerat
3164 1689 3288 1745 inde
3312 1691 3473 1746 viam.

2211 1757 2259 1820 Β
2288 1772 2400 1828 lloc
2418 1789 2554 1843 opus
2573 1777 2829 1831 extremis
2861 1777 3003 1832 illius
3030 1794 3200 1848 poene
3237 1781 3336 1835 sub
3364 1782 3522 1836 annis

2355 1862 2700 1934 Consumpsit
2720 1865 2895 1922 subito
2922 1866 3137 1924 ﬂamma
3158 1885 3324 1924 vorax
3352 1872 3622 1942 poenitus.

2285 1955 2436 2021 Quod
2465 1971 2720 2025 reparare
2748 1957 2948 2023 volens,
2977 1959 3130 2016 fieret
3151 1978 3257 2032 quo
3283 1978 3479 2018 saxeus
3506 1963 3614 2018 illic

2354 2045 2517 2111 Pons,
2547 2046 2638 2102 ubi
2665 2057 3004 2106 constructus
3031 2052 3242 2122 ligneus
3270 2062 3396 2108 ante
3424 2053 3542 2117 fuit,

2283 2138 2390 2195 Pro
2415 2139 2568 2193 dolor
2593 2149 2675 2195 est
2703 2141 2850 2196 obitu
2872 2152 3470 2216 praeventus,opusque
3493 2148 3747 2201 remansit

2356 2228 2468 2285 Hoc
2488 2230 2882 2299 imperfectum,
2912 2234 2991 2289 sic
3013 2251 3226 2306 quoque
3249 2252 3462 2308 Semper
3488 2238 3614 2292 erit.

2285 2324 2517 2379 Virtutis
2545 2325 2873 2381 monimenta
2895 2337 3115 2383 manent
3143 2338 3320 2384 tamen
3343 2332 3460 2386 eius
3479 2331 3533 2385 in
3557 2345 3767 2397 aevum,

2353 2413 2410 2467 In
2437 2415 2602 2470 vastis
2635 2425 2842 2471 stantes
2865 2417 3166 2488 gurgitibus
3197 2419 3407 2473 tumuli.

2284 2502 2582 2574 Congestae
2607 2505 2752 2563 saxis
2771 2505 2970 2560 etenim
2999 2506 3295 2578 tellureque
3323 2508 3494 2564 moles

2355 2593 2552 2648 Parent
2573 2594 2728 2650 elatis
2748 2594 2966 2651 ﬂumine
2993 2597 3303 2662 verticibus,

2283 2682 2690 2755 Aggeribusque
2713 2687 2826 2756 pari
2850 2687 3032 2759 spacio
3062 2689 3385 2745 distantibus
3409 2689 3542 2745 ordo

2358 2774 2574 2830 Metitur
2602 2776 2697 2831 lati
2731 2789 2878 2848 terga
2909 2779 3105 2834 decens
3125 2780 3320 2852 pelagi.

2285 2867 2533 2922 Condidit
2559 2877 2615 2924 et
2646 2868 2873 2925 Domino
2891 2869 3221 2942 perplurima
3249 2872 3446 2942 templa
3477 2872 3730 2935 dicanda,

2355 2958 2637 3014 Exomans
2662 2961 2850 3016 eadem
2879 2962 3184 3032 sumptibus
3209 2977 3277 3017 ex
3306 2963 3558 3033 propriis.

2285 3046 2536 3119 Neglecta
2567 3049 2765 3121 dilapsa
2796 3052 2943 3121 prius
2966 3051 3050 3106 vel
3082 3061 3322 3122 tempore
3346 3052 3505 3122 longo

607 3116 868 3174 Gentibus
893 3137 1018 3177 ecce
1045 3135 1195 3195 pales
1223 3131 1597 3200 populantibus
1619 3104 1869 3212 .u-ndiquc
1907 3147 2105 3212 saevis,
2210 3104 2256 3166 Ο
2355 3139 2412 3194 In
2451 3155 2615 3210 regno
2640 3157 2900 3211 reparans
2927 3151 3120 3197 ουυειίι
3152 3159 3249 3198 δυο
3286 3145 3515 3199 "0m"-

673 3208 744 3262 Et
763 3213 1030 3280 quondam
1060 3215 1186 3271 felix
1215 3236 1356 3277 nunc
1379 3225 1537 3298 nimis
1560 3245 1617 3284 es
1641 3208 1834 3288 misera
1859 3251 1874 3300 ;

604 3297 811 3370 Quippe
823 3305 937 3369 tuis
960 3305 1157 3364 hilares
1182 3313 1422 3369 exultant
1444 3316 1654 3377 ﬂetibus
1685 3297 1897 3394 hostes,

678 3388 1035 3464 Ditanturque
1059 3399 1165 3454 tuis
1199 3403 1411 3458 assidue
1441 3409 1645 3478 spoliis,

606 3476 750 3533 Milia
779 3496 1025 3540 cesorum
1048 3491 1368 3564 captivaque
1391 3476 1544 3554 turba
1573 3510 1786 3560 tuorum

675 3570 919 3643 Amplior
942 3586 1023 3633 est
1050 3597 1293 3651 numero,
1324 3603 1481 3657 quam
1505 3593 1575 3647 sit
1601 3595 1804 3650 harena
1833 3601 2020 3656 maris.

606 3659 740 3717 Nam
769 3664 960 3744 Carolo
979 3673 1258 3743 moriente,
1288 3688 1430 3736 tuum
1454 3683 1615 3742 decus
1639 3697 1694 3744 et
1713 3689 1886 3747 honor
1903 3697 2079 3751 omnis

677 3758 755 3813 Ex
783 3760 874 3817 illo
897 3767 1095 3822 sensim
1123 3769 1258 3844 fugit
1292 3784 1346 3829 et
1374 3777 1596 3835 interiit.

606 3847 964 3948 Nullo-tamen
997 3856 1219 3918 Arnulfo
1248 3867 1440 3922 merito
1471 3871 1570 3924 sub
1591 3874 1832 3945 principe
1851 3877 2072 3948 gaudes,

679 3936 780 4004 Qui
804 3943 993 4001 similis
1030 3956 1178 4006 tanto
1199 3957 1436 4012 moribus
1463 3969 1546 4015 est
1566 3936 1756 4029 abavo,

608 4026 848 4128 Depique
890 4041 1276 4109 magnanimus,
1301 4046 1558 4116 clemens,
1585 4063 1972 4128 promptusque
1999 4059 2182 4118 labore

679 4117 930 4194 Pervigili
952 4127 1158 4199 lapsum
1182 4135 1401 4206 corrigit
1427 4117 1732 4210 imperium,

606 4208 1045 4287 Francorumque
1072 4233 1251 4277 movet
1269 4229 1440 4282 veteri
1466 4229 1664 4286 virtute
1685 4233 1934 4304 lacertos,

675 4301 850 4372 Atque
871 4318 1026 4362 vocat
1052 4311 1254 4367 resides
1294 4318 1478 4371 rursus
1499 4318 1553 4374 in
1575 4336 1726 4376 arma
1744 4325 1910 4381 viros.

608 4390 714 4448 Sed
750 4396 915 4451 moles
938 4399 1214 4466 immensa,
1244 4405 1334 4459 diu
1361 4422 1497 4476 quae
1518 4415 1724 4469 corruit
1751 4426 1894 4486 ante,

676 4481 791 4538 Non
820 4491 1110 4544 restaurari
1136 4508 1192 4545 se
1209 4493 1386 4550 subito
1407 4500 1628 4567 patitur.

607 4570 686 4627 Illi
717 4574 816 4656 det,
835 4577 1022 4643 vitam,
1047 4581 1136 4651 qui
1162 4583 1418 4641 virtutem
1447 4590 1592 4646 dedit
1623 4596 1877 4666 amplam,

678 4662 746 4717 Et
781 4681 972 4737 magne
1001 4669 1153 4725 nobis
1176 4688 1335 4728 causa
1355 4677 1543 4734 salutis
1563 4683 1686 4736 erit.

610 4752 717 4810 Vos
746 4772 849 4825 que
875 4759 940 4812 de
965 4759 1158 4816 Carolo
1183 4772 1389 4820 restant
1409 4768 1652 4837 dicenda,
1685 4773 1971 4842 Camenae,

683 4843 921 4902 Strictim
951 4851 1119 4907 veloci
1143 4858 1380 4912 carmine
1406 4861 1692 4917 concinite.

609 4933 744 4988 Cum
773 4935 936 4993 fuerit
962 4957 1125 5012 regno
1152 4954 1257 5000 tam
1284 4948 1461 5004 clarus
1481 4951 1533 5004 in
1555 4954 1949 5026 amplificando,

679 5025 919 5083 Intentus
945 5031 1101 5089 bellis
1127 5037 1400 5092 continuis
1421 5042 1622 5108 animo,

610 5115 845 5176 Ornatus
876 5139 1097 5194 operum
1132 5131 1308 5185 varios
1341 5141 1540 5200 tamen,
1569 5147 1622 5190 et
1654 5138 1820 5194 decus
1856 5141 2043 5213 ingens
2105 5199 2108 5202 .

684 5209 924 5279 Fecerat,
955 5225 1008 5270 et
1038 5217 1158 5272 visu
1187 5222 1394 5277 moenia
1429 5226 1614 5293 pulcra
1644 5230 1831 5296 nimis;

613 5295 690 5349 Ex
716 5299 908 5367 quibus
936 5302 1178 5372 inprimis
1201 5310 1660 5370 meritolaudatur
1682 5295 1947 5388 Aquensis

685 5387 839 5444 Sedis
863 5392 1087 5449 miriﬁce
1108 5399 1322 5452 condita
1345 5400 1584 5470 basilica,

611 5479 783 5572 Quam
807 5483 895 5554 pie
922 5483 1132 5544 Christe
1159 5491 1254 5546 tibi
1279 5505 1601 5567 sanetaeque
1633 5509 1755 5554 tuae
1783 5502 2040 5572 genetrici

683 5571 764 5626 Ad
789 5573 999 5630 laudem
1030 5581 1234 5635 studuit
1256 5595 1571 5656 perpetuam
1595 5587 1792 5645 facere.

612 5659 971 5736 Ingylemhem
999 5671 1174 5730 dictus
1204 5675 1351 5734 locus
1375 5688 1477 5747 cst,
1501 5681 1590 5736 ubi
1618 5681 1853 5738 condidit
1877 5683 2073 5750 aulam,

2206 4447 2260 4508 D

2285 3229 2579 3301 Religionis
2597 3231 2740 3285 enim
2765 3242 2983 3288 sanctae
3011 3235 3282 3291 studiosus
3305 3245 3535 3302 amator,

2358 3319 2712 3392 Sectatorque
2739 3321 2840 3377 fuit
2867 3323 3167 3381 catholicae
3201 3325 3346 3381 fidei.

2285 3410 2549 3482 Tempore
2577 3428 2808 3484 namque
2842 3429 2940 3470 suo
2971 3415 3191 3472 hereses
3217 3417 3528 3473 extinxerat
3551 3427 3708 3483 ortas.

2355 3501 2505 3569 Quod
2535 3504 2641 3557 iam
2666 3506 2977 3574 praemissis
2999 3507 3233 3563 diximus
3253 3517 3378 3563 ante
3408 3508 3582 3565 libris.

2283 3592 2614 3648 Aeeclesiam
2642 3595 2807 3651 certis
2834 3595 3132 3651 intraverat
3154 3598 3380 3670 impiger
3403 3599 3572 3665 horis,

2355 3682 2603 3737 Fundens
2623 3683 2846 3738 devotas
2873 3692 3029 3740 nocte
3047 3686 3240 3755 dieque
3269 3703 3480 3758 preces,

2283 3775 2415 3830 Eius
2442 3783 2498 3828 et
2515 3790 2673 3830 omne
2694 3775 3052 3831 ministerium
3081 3793 3205 3832 cum
3231 3778 3472 3834 vestibus
3500 3787 3657 3850 atque

2355 3865 2511 3920 Vasis
2531 3874 2726 3920 ornatu
2751 3867 3054 3936 composuit
3081 3867 3271 3923 nimio.

2285 3955 2460 4010 Verus
2490 3955 2684 4026 quippe
2716 3955 2808 4010 Dei
2833 3955 3010 4010 cultor
3030 3972 3365 4026 praeponere
3398 3967 3587 4014 sancto

2355 4045 2482 4098 Eius
2504 4045 2578 4098 nil
2605 4061 2857 4115 umquam
2880 4047 3102 4102 servitio
3122 4047 3312 4102 voluit.

2283 4136 2418 4192 Nam
2449 4150 2670 4208 regnum
2698 4145 2953 4192 terrestre
2977 4148 3181 4204 tenens,
3206 4140 3456 4196 caelestis
3490 4155 3675 4196 amore

2354 4226 2479 4281 Plus
2505 4227 2672 4282 multo
2699 4227 2932 4298 ﬂagrans
2957 4229 3137 4284 extitit
3159 4239 3213 4284 et
3241 4232 3488 4301 cupidus.

2283 4316 2435 4384 Quod
2454 4317 2577 4383 sibi,
2607 4331 2737 4388 prae
2765 4320 2973 4374 cunctis
3009 4320 3267 4385 clemens,
3303 4330 3358 4377 et
3387 4321 3568 4394 largus
3589 4322 3777 4394 egenis,

2353 4407 2577 4463 Curavit
2598 4410 2751 4464 donis
2779 4410 3010 4465 assiduis
3040 4427 3242 4466 emere.

2283 4499 2450 4553 Nemo
2475 4500 2787 4569 peregrinos
2809 4499 2897 4555 illo
2919 4501 3037 4570 plus
3063 4500 3236 4555 fertur
3260 4516 3494 4570 amasse,

2341 4575 2520 4643 'Nemo
2551 4590 2666 4659 pari
2695 4605 2825 4644 cura
2853 4590 3180 4660 suscipiebat
3203 4607 3301 4647 eos
3336 4610 3349 4646 :

2281 4681 2335 4735 In
2362 4696 2468 4751 quo
2495 4697 2664 4750 paene
2691 4682 2906 4737 modum
2936 4684 3105 4752 pietas
3133 4692 3444 4739 excesserat
3480 4685 3617 4749 eius,

2353 4771 2410 4824 Si
2435 4772 2564 4840 quid
2597 4773 2649 4824 in
2690 4771 2793 4826 hoc
2819 4772 3041 4826 nimium
3070 4774 3296 4844 quisque
3325 4784 3501 4845 potest
3521 4775 3717 4839 facere,

2281 4861 2414 4916 Cum
2444 4877 2549 4916 non
2575 4862 2739 4932 regali
2763 4863 2934 4916 solum
2965 4862 3104 4918 foret
3128 4867 3336 4921 advena
3367 4867 3525 4922 turba

2349 4951 2536 5017 Aulae,
2561 4954 2654 5008 sed
2685 4962 2796 5009 toto
2822 4955 2925 5008 iam
2957 4958 3136 5027 gravis
3153 4959 3399 5029 imperio,

2281 5042 2396 5113 Ipse
2435 5045 2552 5114 pius
2573 5048 2954 5117 compensabat
2973 5049 3252 5122 dispendia
3275 5069 3480 5121 rerum,

2354 5130 2612 5201 Mercedis
2642 5139 2784 5194 Iacto
2809 5145 3047 5213 perpetis
3079 5144 3295 5200 intuitu.

2284 5227 2397 5282 IIac
2418 5228 2626 5301 invitati
2652 5229 2794 5286 fama
2823 5249 2945 5287 cum
2969 5235 3211 5304 partibus
3235 5238 3381 5292 orbis

2354 5320 2429 5374 De
2454 5322 2660 5376 cunctis
2684 5323 2751 5376 ad
2779 5339 2901 5377 eum
2923 5325 3254 5382 conﬂuerent
3282 5329 3488 5399 inopes,

2282 5411 2397 5465 Non
2425 5419 2602 5466 tamen
2628 5412 2683 5466 in
2712 5416 2928 5483 proprio
2957 5418 3088 5472 satis
3112 5433 3369 5474 exercere
3386 5409 3609 5492 putabat

2353 5501 2536 5573 Reguo
2565 5507 2792 5573 gratuite
2817 5505 3115 5576 largitionis
3138 5524 3293 5578 opus,

2285 5592 2391 5648 Sed
2416 5607 2510 5661 per
2530 5592 2730 5662 legatos
2757 5595 3006 5652 mittebat
3029 5599 3095 5654 ad
3126 5609 3312 5656 extera
3340 5617 3502 5674 regna

2353 5683 2687 5740 Christicolis
2710 5685 2901 5743 crebro
2923 5704 3144 5746 munera
3176 5693 3528 5765 pauperibus;
