4026 6364
179 341 296 402 733

186 456 344 523 Quos
371 453 645 524 Aegyptus
670 450 1070 521 Alexandrique
1090 468 1153 505 ex
1174 451 1391 506 nomine
1412 449 1559 507 dicta

268 547 413 602 Urbs
433 546 622 613 inopes
642 542 850 608 habuit,
881 543 1016 597 iuvit
1037 558 1132 598 eos
1158 541 1371 613 opibus.

200 638 381 698 Africa
418 636 731 691 muniﬁcum
758 636 1101 706 Cartagoque
1126 642 1373 689 senserat
1398 634 1572 699 illum,

270 729 363 783 Est
389 733 614 797 experta
642 726 773 779 satis
802 725 1102 797 largiﬂuum
1134 723 1312 795 Syria.

211 817 281 872 Ad
309 816 719 871 “ierosolimam
742 830 835 870 seu
857 824 1035 871 cetera
1060 831 1198 885 quae
1228 815 1343 870 loca
1373 815 1574 871 Christi

275 904 449 959 Gestis
471 904 747 975 corporeis
775 905 1108 958 sanctiﬁcata
1138 913 1391 968 manent,

220 994 427 1065 Saepius
451 994 687 1066 indignis
726 994 971 1049 donanda
996 993 1244 1050 ﬁdelibus
1271 994 1389 1048 auri

273 1087 412 1142 Misit
435 1095 493 1141 et
518 1087 725 1157 argenti
750 1086 990 1157 pondera
1017 1103 1122 1142 non
1159 1088 1391 1143 modica.

215 1178 371 1234 Trans
400 1194 555 1234 mare
575 1178 801 1249 gentiles
825 1180 1032 1248 positos
1056 1180 1229 1235 solum
1249 1180 1351 1236 εἰὺί
1376 1194 1531 1252 reges

269 1271 344 1325 Ad
366 1272 473 1327 hoc
503 1270 716 1326 ﬁrmata
740 1272 916 1327 iunxit
951 1274 1207 1339 amicitia,

207 1364 460 1433 Quatinus
490 1364 726 1429 illorum,
755 1365 843 1434 qui
868 1364 967 1421 sub
996 1366 1197 1421 ditione
1220 1366 1407 1423 ﬁdeles

263 1457 482 1520 Essent,
514 1456 854 1526 perciperent
880 1457 1003 1513 inde
1026 1456 1389 1528 refrigerium.

196 1546 440 1616 Praeque
467 1545 599 1599 locis
624 1546 826 1600 sanctis
840 1546 978 1611 aliis,
1007 1547 1317 1617 specialiter
1340 1547 1458 1602 eius

261 1640 429 1696 Menti
453 1638 733 1695 Romanae
761 1640 902 1696 sedis
923 1640 1154 1696 inhaesit
1178 1656 1365 1706 amor;

186 1732 323 1789 Nam
359 1741 614 1786 sanctum
640 1745 906 1787 venerans
932 1733 1175 1797 Petrum,
1206 1733 1297 1802 qui
1325 1731 1560 1803 claviger
1584 1740 1732 1789 extat

259 1826 433 1890 Caeli,
461 1826 661 1899 quique
681 1825 832 1880 chori
854 1826 1063 1895 primus
1091 1827 1391 1896 apostolici.

190 1917 317 1973 Eius
346 1918 418 1971 ad
456 1916 775 1971 aeeclesiam
812 1917 1035 1971 donaria
1078 1919 1312 1972 maxima
1341 1932 1468 1987 sepe

262 2008 501 2073 Mittens,
535 2009 814 2064 thesauros
842 2007 1065 2063 contulit
1094 2009 1424 2073 innumeros,

190 2099 370 2170 Atque
396 2099 482 2154 sui
510 2099 682 2168 magis
710 2099 763 2152 in
790 2106 903 2153 toto
932 2098 1009 2152 nil
1039 2106 1283 2168 tempore
1313 2099 1466 2169 regni

264 2191 510 2255 Curavit,
536 2191 709 2247 maius
737 2206 845 2245 non
871 2191 1058 2245 habuit
1083 2192 1337 2257 studium,

197 2284 371 2353 Quam
405 2284 560 2338 sedes
586 2283 830 2338 Romana
854 2298 950 2338 suo
983 2282 1279 2337 munimine
1305 2281 1461 2349 fulta,

266 2373 338 2429 Ut
362 2374 535 2428 veteri
561 2373 764 2442 pollens
794 2372 1071 2428 nobilitate
1100 2372 1257 2429 foret.

196 2466 264 2523 Et
300 2474 483 2519 tamen
521 2466 635 2535 ipse
660 2474 852 2535 quater
880 2473 1087 2519 tantum
1114 2474 1433 2535 pervenerat
1459 2465 1569 2535 illo,

270 2561 406 2613 Vota
429 2573 725 2629 precesque
752 2558 839 2627 pia
869 2558 1078 2613 solvere
1094 2565 1271 2612 mente
1295 2558 1499 2623 volens,

199 2650 432 2706 Ultimus
454 2650 717 2704 adventus
738 2650 838 2704 hac
866 2664 1027 2704 causa
1054 2650 1277 2721 contigit
1299 2651 1437 2716 eius,

270 2741 425 2808 Quod
454 2741 701 2796 turbatus
724 2748 845 2795 erat
872 2750 1000 2795 tunc
1029 2749 1201 2796 status
1228 2742 1510 2807 ecclesiae,

206 2834 421 2890 Scilicet
442 2836 613 2889 eiecto
639 2834 798 2890 simul
834 2843 887 2889 et
918 2842 1186 2891 tormenta
1216 2835 1395 2890 Leone

274 2926 523 2981 Praesule
548 2942 805 2996 perpesso
830 2926 1037 2981 civibus
1060 2942 1089 2980 a
1128 2927 1383 2997 propriis.

212 3014 321 3070 Roc
340 3016 485 3086 quasi
515 3015 795 3087 naufragio
823 3032 1073 3086 suprema
1097 3018 1332 3086 pericula
1354 3031 1572 3087 passum

284 3109 646 3179 Vexatumque
668 3110 770 3164 loci
795 3111 1065 3165 sedicione
1086 3118 1304 3176 statum,

225 3200 299 3255 Ad
323 3211 525 3271 portum
548 3202 789 3272 placidae
811 3204 1000 3257 statuit
1033 3218 1287 3257 revocare
1322 3202 1539 3272 quietis,

292 3287 395 3345 Illic
414 3306 508 3360 per
528 3299 695 3345 totam
723 3307 894 3361 poene
922 3307 1144 3346 manens
1177 3293 1430 3348 hiemem.

230 3379 366 3434 Tunc
390 3380 577 3435 ibidem
600 3381 811 3437 culmen
834 3390 1147 3457 susceperat
1176 3382 1474 3452 imperiale,

293 3470 475 3526 Ordine
503 3490 611 3543 quo
647 3481 840 3543 quarto
868 3474 1101 3530 diximus
1125 3483 1249 3529 ante
1276 3475 1432 3529 libro.

228 3560 374 3625 Quod
390 3572 557 3618 tamen
588 3564 786 3618 invitus
806 3579 942 3634 papa
968 3574 1190 3635 cogente
1229 3565 1448 3633 recepit,

299 3653 363 3709 Et
386 3654 554 3711 multis
575 3655 758 3728 populi
781 3655 1026 3710 Romulei
1066 3656 1336 3726 precibus.

228 3742 325 3810 Qui
360 3746 401 3800 si
428 3746 705 3802 consilium
734 3747 1057 3816 praescisset
1082 3743 1347 3815 praesulis
1373 3752 1519 3811 ante,

297 3838 434 3894 Tunc
465 3855 522 3895 se
543 3840 889 3895 subtraheret
916 3855 1137 3910 prorsus
1171 3838 1239 3892 ab
1266 3837 1549 3902 aecclesia,

229 3931 448 4003 Denique
479 3935 557 3990 sic
586 3933 769 3988 multis
795 3948 977 3989 coram
1013 3932 1282 3987 iuraverat
1302 3932 1434 4000 ipse,

295 4021 536 4089 Quamvis
564 4023 653 4078 illa
676 4024 791 4078 dies
812 4022 969 4078 valde
998 4020 1135 4076 foret
1157 4021 1407 4077 celebris.

234 4113 425 4171 Videris
448 4118 548 4171 hoc
570 4116 643 4171 illi
673 4124 879 4170 tantum
917 4130 1015 4170 cur
1043 4113 1424 4184 displicuisset,

296 4206 435 4274 Quod
456 4224 571 4263 mos
595 4215 679 4262 est
700 4207 819 4261 aliis
850 4206 1066 4277 regibus
1089 4214 1363 4275 appetere.

235 4294 340 4366 Ipse
365 4298 537 4354 decem
577 4298 835 4368 posthaec
860 4304 914 4351 et
942 4303 1126 4350 ternos
1153 4294 1373 4349 circiter
1398 4307 1566 4347 annos

298 4388 521 4461 Augusto
542 4390 716 4445 laetus
740 4388 875 4442 vixit
906 4388 959 4442 in
989 4387 1235 4456 imperio.

239 4476 290 4536 In
311 4481 485 4549 quibus
506 4481 752 4550 antiquas
779 4479 922 4550 leges
946 4478 1203 4543 correxit,
1229 4478 1283 4532 in
1304 4477 1436 4547 ipsis

304 4570 440 4626 Uniri
466 4574 726 4627 mandans
748 4571 963 4626 dissona
997 4586 1101 4641 que
1132 4568 1366 4624 fuerant.

244 4658 431 4718 Addidit
451 4664 534 4720 his
562 4665 723 4720 etiam
740 4664 949 4719 noviter
972 4678 1109 4736 quae
1130 4677 1365 4732 congrua
1404 4661 1571 4725 duxit,

305 4752 461 4809 Pauca
491 4756 704 4828 quidem
728 4771 953 4811 numero
974 4754 1129 4809 valde
1160 4755 1254 4809 sed
1280 4753 1454 4817 utilia,

248 4840 648 4917 Cunctorumque
672 4846 754 4900 sui
778 4846 925 4916 regni
957 4844 1102 4914 leges
1133 4844 1453 4914 populorum

304 4934 526 5007 Collegit,
555 4938 739 5008 plures
768 4938 889 4992 inde
915 4937 1081 4992 libros
1111 4935 1334 4992 faciens.

248 5023 339 5083 Nec
370 5047 466 5085 non
491 5046 629 5101 quae
656 5038 900 5084 veterum
923 5029 1248 5099 depromunt
1278 5026 1482 5097 proelia
1510 5041 1722 5097 regum,

303 5119 524 5177 Barbara
553 5122 827 5177 mandavit
852 5123 1091 5176 carmina
1120 5121 1389 5175 litterulis.

243 5208 408 5281 Coepit
432 5222 485 5268 et
512 5213 710 5281 ingenii
740 5212 867 5267 totis
897 5228 1019 5266 cum
1047 5211 1251 5265 viribus
1277 5208 1417 5264 acris

299 5302 349 5356 ln
373 5304 602 5374 linguam
630 5302 903 5373 propriam
931 5310 1145 5355 vertere
1177 5300 1604 5371 grammaticam.

240 5392 399 5448 Ardua
422 5394 766 5466 phyIOSOphis
791 5394 954 5449 etiam
986 5407 1074 5447 res
1099 5393 1234 5447 haec
1263 5393 1419 5454 foret,
1452 5398 1621 5447 artem

184 5470 187 5471 ν
298 5483 370 5539 Ad
397 5487 537 5541 hanc
563 5501 869 5541 sermonem
899 5498 1090 5553 cogere
1115 5482 1481 5537 barbaricum.

240 5577 441 5637 Talibus
471 5598 501 5636 a
529 5581 722 5637 studiis
748 5596 854 5635 non
883 5579 1033 5647 regni
1063 5578 1298 5633 maxima
1327 5589 1476 5639 cura,

300 5673 407 5729 Non
433 5684 585 5729 aetas
612 5674 827 5742 gravior
853 5679 966 5726 tum
999 5668 1273 5725 revocavit
1300 5681 1447 5721 eum.

242 5767 513 5840 (lompotus
542 5768 751 5826 annalis
780 5768 953 5821 fuerat
981 5762 1299 5820 notissimus
1333 5758 1429 5822 illi,

422 315 427 319 ἡ
516 337 765 392 ANNAL.
807 338 895 393 DE
930 337 1173 395 GESTIS
1213 340 1272 393 Β.
1313 338 1565 396 CAROLI
1605 339 1819 397 MAGNI
1858 340 2035 396 LIBRI
2077 344 2139 411 V.
2177 373 2242 382 --
2282 345 2441 401 VITA
2489 345 2762 405 CAROLI.
2804 377 2874 389 --
2907 350 3035 405 LIB.
3082 350 3143 405 V.

3352 348 3457 403 734

1811 453 1861 513 Α
1957 452 2127 519 Quem
2162 454 2461 511 rimabatur
2495 465 2677 513 mente
2712 457 2845 512 satis
2875 458 3045 527 vigili.

1884 544 2133 601 Sidereos
2164 556 2332 613 ortus,
2365 565 2574 615 cursus,
2609 551 2892 621 obitusque
2920 551 3160 616 notabat,

1953 635 2141 692 Nullus
2166 652 2286 692 eum
2315 649 2544 709 punetus
2576 642 2779 696 zodiaci
2809 641 2984 696 latuit.

1884 726 1951 781 Et
1978 729 2151 783 ventis
2177 730 2260 784 bis
2289 746 2382 785 sex
2412 733 2635 787 totidem
2667 749 2880 803 quoque
2908 735 3184 791 mensibus
3209 735 3324 805 ipse

1955 818 2283 875 Francorum
2315 822 2493 893 lingua
2525 825 2737 878 nomina
2768 826 3089 895 composuit.

1882 909 1959 964 llli
1990 927 2219 980 namque
2246 913 2395 982 prius
2427 930 2641 969 menses
2667 915 2853 971 dixere
2882 916 3065 972 latinis

1953 1000 2021 1055 Et
2045 1002 2244 1071 partim
2270 1004 2481 1074 linguae
2508 1006 2813 1061 nominibus
2837 1009 3118 1077 propriae;

1882 1093 2176 1149 Ventorum
2207 1112 2337 1152 vero
2362 1098 2606 1168 proferre
2631 1100 2895 1155 vocabula
2923 1110 3134 1156 tantum

1952 1188 2158 1244 Norant
2194 1190 2699 1261 eloquioquattuor
2733 1200 2857 1247 ante
2893 1209 3010 1249 suo.

1882 1279 2068 1335 Nonne
2092 1281 2282 1337 videns
2311 1290 2571 1351 quantum
2599 1283 2808 1337 sudarit
2835 1283 2889 1336 in
2915 1284 3121 1338 artibus
3150 1284 3289 1349 istis.

1950 1371 2161 1427 Proelia
2188 1372 2275 1427 vix
2308 1373 2375 1431 ab
2403 1389 2467 1428 eo
2495 1374 2768 1443 quaelibet
2795 1382 2913 1429 acta
2940 1376 3139 1445 putes?

1881 1463 2090 1519 Rursus
2122 1464 2167 1519 si
2198 1479 2450 1519 numeres
2476 1464 2714 1519 eiusdem
2742 1464 2901 1531 bella,
2934 1466 3256 1537 triumphos,

1950 1554 2129 1611 Armis
2160 1564 2241 1611 tot
2270 1571 2435 1627 regna
2461 1555 2695 1621 subdita,
2727 1564 2805 1610 tot
2828 1558 3074 1627 populos,

1881 1642 2003 1701 Otia
2037 1646 2274 1711 mireris,
2306 1646 2522 1716 quando
2552 1647 2636 1701 vel
2668 1663 2831 1717 parva
2865 1648 3106 1719 legendi,

1957 1739 2053 1793 Vel
2081 1739 2209 1807 quid
2237 1739 2476 1793 discendi
2508 1739 2797 1807 contigerit
2825 1740 3110 1810 spacium?

1814 1798 1856 1859 θ
1884 1828 2017 1884 Cum
2052 1798 2232 1898 operis
2266 1828 2448 1883 differs
2485 1798 3136 1897 huiusvﬁnire-laborem,

1953 1920 2088 1973 Dum
2115 1919 2293 1974 Caroli
2322 1921 2559 1989 trepidas
2587 1922 2766 1975 dicere
2796 1938 2951 1977 mens
2980 1924 3208 1987 obitum,

1884 2009 1967 2065 Sit
1997 2010 2124 2065 licet
2153 2009 2254 2063 hoc
2284 2012 2438 2066 nobis
2469 2020 2720 2077 mestum,
2749 2013 2821 2067 sit
2852 2012 3027 2077 triste,
3055 2013 3151 2069 sed
3174 2014 3306 2070 ordo

1954 2101 2151 2170 Exigit,
2178 2101 2338 2171 idque
2365 2101 2496 2155 nihil
2527 2118 2623 2157 nos
2650 2103 2879 2157 reticere
2907 2103 3073 2157 iuvat.

1883 2191 2022 2259 Quin
2054 2193 2231 2262 potius
2258 2192 2441 2246 dulces
2468 2191 2725 2247 lacrimae
2755 2194 3063 2264 lugentibus
3088 2208 3231 2260 esse,

1953 2282 2127 2352 Atque
2158 2283 2238 2337 sui
2274 2283 2508 2351 gemitus
2546 2283 2661 2352 ipsa
2694 2284 2914 2353 querela
2952 2284 3108 2339 solet.

1882 2374 2056 2443 Ipsius
2086 2380 2143 2426 ut
2173 2374 2323 2442 regni
2352 2372 2680 2429 Hludovicus
2710 2375 2850 2431 ﬁlius
2876 2376 3035 2432 heres

1956 2465 2021 2517 Et
2052 2480 2275 2521 consors
2302 2464 2497 2531 factus,
2526 2474 2682 2535 patre
2712 2466 2947 2532 iubente,
2977 2466 3079 2522 fuit
3098 2497 3169 2507 —

1883 2555 2126 2626 Namque
2154 2558 2299 2612 hunc
2323 2557 2624 2627 Augustum
2652 2568 2865 2629 sumpto
2892 2559 3193 2614 diademate
3218 2559 3357 2625 dici,

1956 2647 2027 2704 Ut
2058 2655 2270 2718 regeret
2299 2663 2482 2703 secum
2514 2648 2746 2703 iusserat
2775 2649 3059 2719 imperium
3080 2679 3152 2689 —

1885 2735 2002 2805 Ipse
2028 2736 2223 2791 dehinc
2256 2738 2445 2791 morbo
2473 2737 2678 2806 pariter
2706 2737 2948 2793 defessus
2977 2744 3031 2790 et
3059 2752 3211 2804 aevo,

1955 2828 2191 2882 Alterius
2217 2827 2360 2881 vitae
2390 2829 2561 2882 tendit
2588 2829 2657 2884 ad
2683 2830 2984 2885 introitum.

1887 2920 2152 2975 Venatum
2181 2929 2361 2974 tamen
2387 2934 2454 2973 ex
2480 2919 2598 2974 aula
2627 2924 2865 2990 perrexit
2888 2922 3147 2992 Aquensi,

1956 3009 2211 3063 Autumni
2244 3009 2393 3080 lapso
2421 3018 2661 3079 tempore
2691 3012 2798 3067 iam
2826 3014 3022 3069 medio.

1888 3102 2025 3157 Hinc
2056 3104 2107 3157 in
2138 3104 2466 3172 praedictam
2497 3104 2709 3160 rediens
2738 3122 2795 3161 se
2821 3108 3051 3162 contulit
3074 3107 3272 3174 aulam,

1812 3178 1861 3243 ο
1960 3194 2258 3265 Disponens
2289 3196 2342 3249 in
2372 3210 2437 3250 eo
2470 3205 2598 3251 tunc
2626 3198 2865 3252 hiemare
2894 3199 3031 3263 loco,

1888 3284 1958 3338 At
1988 3287 2189 3340 mensis
2215 3287 2432 3341 veniens
2460 3286 2570 3341 Iani
2598 3289 2664 3344 de
2693 3291 2909 3345 nomine
2936 3291 3114 3348 dictus

1959 3376 2191 3432 Acribus
2220 3378 2361 3433 hunc
2389 3381 2566 3435 subito
2592 3380 2834 3438 febribus
2865 3384 3130 3454 inplicuit.

1888 3468 2269 3538 Abstinuitque
2298 3470 2451 3533 cibis,
2485 3472 2668 3526 statim
2700 3474 2779 3529 sic
2805 3474 3003 3544 pellere
3031 3476 3252 3531 morbos

1962 3559 2056 3615 Vel
2084 3558 2261 3613 saltim
2293 3560 2462 3614 levius
2487 3560 2630 3616 ferre
2659 3576 2784 3617 suos
2813 3562 3020 3618 solitus.

1892 3649 1999 3706 Sed
2027 3640 2181 3705 dolor
2206 3651 2467 3705 accedens
2495 3650 2699 3714 lateris,
2730 3652 2837 3706 iam
2869 3662 3081 3723 tempus
3109 3653 3299 3710 adesse

1961 3743 2086 3798 Eius
2114 3743 2368 3799 decessus
2394 3741 2595 3798 fecerat
2623 3744 2766 3799 haud
2792 3745 3013 3800 dubium
3041 3764 3054 3799 :

1892 3836 2131 3905 Curaque
2156 3834 2272 3889 dies
2300 3849 2457 3890 senos
2484 3836 2848 3898 decumberet,
2880 3836 3001 3891 inde
3031 3845 3246 3891 secutus

1963 3924 2235 3994 Septimus
2262 3924 2389 3980 huic
2414 3926 2558 3979 vitae
2583 3924 2805 3979 ultimus
2830 3925 3105 3980 extiterat.

1890 4018 1948 4074 In
1980 4034 2085 4088 quo
2112 4026 2365 4088 percepto
2390 4017 2697 4072 venerando
2725 4032 2954 4088 corpore
2979 4018 3203 4086 Christi,

1961 4110 2190 4179 Adiungi
2218 4111 2413 4165 meruit
2441 4108 2648 4165 civibus
2677 4110 2965 4175 aethereis.

1892 4205 1949 4260 In
1981 4204 2179 4274 templo
2208 4204 2345 4258 situs
2374 4209 2476 4267 est,
2507 4202 2702 4257 ibidem
2733 4203 2875 4271 quod
2903 4204 3146 4259 condidit
3175 4204 3311 4274 ipse,

1964 4296 2120 4363 Quali
2151 4310 2271 4350 cum
2304 4295 2450 4349 luctu
2482 4309 2640 4348 nemo
2670 4293 2875 4348 referre
2902 4294 3064 4348 valet.
3388 4282 3391 4283 ⁷

1892 4389 2021 4445 Post
2046 4389 2381 4455 octingentos
2407 4385 2613 4442 Christi
2645 4388 2917 4442 nascentis
2946 4387 3014 4443 ab
3042 4396 3167 4442 ortu

1964 4480 2062 4537 Hic
2092 4496 2263 4535 annus
2289 4487 2515 4549 quartus
2544 4479 2720 4533 extitit
2749 4486 2803 4533 et
2828 4478 3100 4542 decimus;

1819 4546 1868 4605 υ
1894 4572 2010 4643 Ipse
2040 4571 2124 4625 die
2151 4546 2337 4639 quinta
2366 4570 2671 4624 decesserat
2701 4579 2825 4624 ante
2853 4568 3119 4624 Kalendas

1970 4663 2187 4728 Mensis,
2215 4678 2322 4731 quo
2348 4661 2521 4716 Numa
2553 4677 2645 4715 rex
2675 4660 2885 4715 Februa
2916 4661 3215 4715 constituit.

1898 4756 2060 4810 Multa
2092 4754 2500 4824 propinquantis
2529 4750 2741 4806 fuerant
2775 4752 3053 4821 praesagia
3084 4750 3226 4817 ﬁnis,

1968 4846 2141 4916 Atque
2174 4845 2249 4899 rei
2280 4852 2461 4897 tantae
2490 4859 2725 4912 congrua
2752 4843 3013 4913 prodigia.

1900 4938 2138 5005 Denique
2164 4934 2404 4990 defectus
2432 4934 2561 4988 solis
2591 4934 2821 5003 lunequc
2848 4933 3160 5003 frequenter

1970 5028 2139 5081 Annis
2166 5026 2434 5081 continuis
2464 5024 2690 5094 contigit
2719 5032 2842 5077 ante
2870 5024 3062 5078 tribus.

1903 5117 2148 5188 Septenis
2168 5125 2292 5170 ater
2320 5115 2465 5170 color
2491 5124 2572 5168 est
2601 5116 2655 5169 in
2684 5114 2797 5169 sole
2827 5114 3015 5169 diebus

1973 5210 2131 5263 Visus
2160 5207 2458 5275 lucigenam
2486 5204 2885 5260 eommaculans
2914 5204 3138 5269 faciem;

1902 5301 2148 5356 Porticus
2176 5300 2468 5353 immensae
2497 5297 2653 5351 molis
2680 5296 2933 5365 collapsa,
2962 5303 3188 5365 repente

1973 5390 2141 5444 Aulae
2172 5389 2277 5442 iam
2306 5388 2478 5442 dictae
2508 5401 2668 5440 omne
2696 5386 2858 5439 decus
2886 5384 3111 5453 minuit;

1897 5481 2171 5549 Quemque
2200 5478 2382 5532 decem
2409 5474 2585 5529 Rheni
2614 5482 2831 5542 pontem
2859 5482 3235 5530 construxerat
3262 5475 3437 5538 annis,

1970 5571 2128 5626 Horis
2158 5568 2489 5637 consumpsit
2518 5566 2735 5620 flamma
2766 5566 2938 5620 tribus
2967 5566 3217 5635 poenitus
3243 5584 3256 5619 :

1900 5664 2034 5719 Nam
2062 5661 2165 5716 nisi
2194 5675 2330 5729 quae
2359 5658 2545 5712 labens
2573 5655 2761 5710 fluvius
2789 5656 3133 5710 subtraxerat
3162 5655 3303 5725 igni,

1976 5752 2163 5808 Astula
2196 5767 2292 5807 nec
2319 5749 2508 5806 saltem
2538 5762 2703 5818 parva
2731 5744 3085 5816 superfuerat.
