4026 6364
628 340 732 396 755

626 458 850 529 Ipseque
874 455 1147 511 Danorum
1175 465 1361 513 contra
1392 473 1570 529 regem
1598 456 1945 514 Godefridum

704 546 899 603 Ultima
928 544 1217 616 disponens
1242 547 1379 601 bella
1409 564 1571 602 senex
1601 563 1760 618 agere

626 636 743 691 Ibat
774 651 870 706 per
894 636 1127 706 patriam
1153 651 1274 690 cum
1305 637 1475 691 milite
1502 645 1767 703 nostram,

697 726 843 780 Exiit
869 735 923 779 et
951 726 1146 780 castris
1172 726 1449 780 exoriente
1475 727 1581 781 die.

626 814 760 871 Nam
792 825 906 872 tum
932 816 1153 886 pallenti
1183 817 1467 885 spargebat
1496 816 1614 870 luce
1643 832 1893 871 serenum

695 907 835 961 Aéra
864 906 942 961 sol
967 906 1172 976 superis
1200 907 1444 975 partibus
1470 907 1812 975 appropians.

625 994 877 1052 Cernitur
903 1012 933 1050 a
960 996 1167 1051 cunctis
1197 996 1373 1050 subito
1402 997 1617 1066 delapsa
1649 997 1822 1051 ruisse

695 1086 771 1141 De
798 1087 951 1142 coelo
976 1088 1183 1155 species
1210 1087 1401 1142 sideris
1428 1087 1705 1157 ignivomi,

624 1176 1006 1247 Vibratamque
1035 1178 1205 1231 facem
1234 1177 1393 1249 longo
1422 1179 1653 1233 traxisse
1682 1177 1878 1242 volatu,

692 1267 872 1323 Donec
901 1270 954 1322 in
986 1268 1191 1322 laevam
1222 1268 1421 1323 decidit
1452 1269 1564 1338 ipsa
1592 1270 1829 1339 plagam.

624 1359 733 1416 Hoc
762 1360 1121 1415 admirantem
1153 1361 1389 1429 sonipes,
1419 1376 1526 1430 quo
1551 1370 1738 1416 vectus
1764 1361 1967 1429 abibat,

694 1448 852 1504 Elisit
876 1465 1001 1504 casu
1030 1450 1311 1519 praecipiti
1343 1450 1608 1519 graviter;

621 1539 863 1609 Denique
891 1539 1086 1611 regalis
1111 1540 1355 1594 clamidis
1384 1541 1511 1595 hinc
1537 1540 1696 1596 ﬁbula
1726 1550 1915 1613 rupta,
1986 1538 1987 1541 “

692 1629 1082 1698 Disruptusque
1113 1629 1270 1683 simul
1302 1629 1510 1684 balteus
1537 1640 1620 1685 est
1648 1632 1840 1702 gladii,

620 1720 1027 1789 Excussumque
1057 1735 1218 1774 manu
1250 1720 1434 1786 telum,
1465 1723 1605 1790 quod
1635 1720 1773 1776 forte
1801 1722 2053 1793 gerebat,

690 1812 891 1866 Invitus
920 1811 1133 1880 longum
1164 1811 1365 1865 iecerat
1391 1813 1444 1867 in
1475 1812 1735 1881 spacium.
1772 1826 1777 1831 '

619 1903 873 1967 Preterea
902 1912 1103 1957 tremor
1130 1904 1233 1958 hoc
1260 1902 1412 1957 aulae
1439 1905 1706 1973 praedixit
1728 1904 2012 1975 Aquensis,

691 1992 1019 2047 Terrificans
1046 2002 1268 2048 cunctos
1294 1994 1526 2048 motibus
1555 1995 1802 2060 insolitis,

618 2081 784 2152 quue
812 2083 1002 2137 domus
1031 2083 1172 2153 regis
1200 2084 1409 2151 crepitu
1438 2084 1711 2153 laquearia
1740 2086 1931 2141 crebro

692 2172 963 2241 Tactaque
991 2172 1237 2242 signabat
1263 2170 1483 2227 fulmine
1513 2174 1751 2239 basilica,

616 2262 679 2320 In
705 2279 809 2334 qua
840 2280 934 2333 per
961 2279 1151 2335 gyrum
1180 2262 1363 2318 lucens
1388 2281 1731 2336 epygramma
1758 2267 2009 2332 canebat,

687 2354 889 2409 Aedem
920 2356 1041 2423 quis
1070 2364 1273 2412 tantam
1304 2358 1604 2413 condiderit
1631 2359 1877 2425 Domino,

614 2442 819 2501 Idcirco
847 2444 1068 2500 Carolus
1095 2448 1345 2518 princeps
1374 2450 1446 2503 ibi
1473 2458 1928 2505 commemoratus

685 2533 927 2590 Extremi
953 2551 1142 2590 versus
1171 2536 1224 2589 in
1251 2538 1392 2592 serie
1420 2536 1623 2604 fuerat;

617 2622 723 2681 Sed
750 2627 945 2694 quibus
973 2635 1058 2680 est
1084 2627 1364 2697 scriptum,
1394 2644 1658 2693 raucus,
1690 2628 1937 2685 mirabile
1962 2628 2131 2699 dictu,

687 2715 889 2786 Sponte
918 2732 1013 2771 sua
1042 2720 1290 2788 poenitus
1320 2720 1629 2790 dispereunt
1654 2721 1854 2790 apices,

615 2806 895 2877 Deletique
924 2808 1006 2862 sui
1033 2809 1253 2878 vestigia
1288 2809 1431 2863 nulla
1461 2809 1800 2878 relinquunt,

688 2898 959 2953 Mensibus
988 2899 1128 2953 haud
1154 2899 1338 2953 multis
1369 2901 1535 2970 ipsius
1562 2910 1687 2955 ante
1710 2902 1933 2956 obitum.

617 2977 770 3056 Quod
794 2989 919 3057 quia
945 2990 1026 3043 vis
1050 2989 1313 3057 quaedam
1342 2991 1551 3045 cunctis
1580 2992 1847 3062 incognita
1876 2990 2021 3060 feci,

689 3077 991 3132 Tristiciam
1020 3078 1201 3132 multis
1227 3094 1384 3133 omen
1410 3080 1512 3134 hoc
1540 3079 1812 3134 intulerat.

613 3168 736 3225 Iure
763 3184 913 3223 more
942 3168 1110 3223 doluit
1137 3169 1303 3239 signis
1331 3170 1619 3224 exterritus
1646 3170 1792 3226 orbis

686 3259 861 3323 Hunc,
890 3259 973 3314 cui
1003 3267 1125 3328 post
1152 3258 1380 3317 similem
1411 3275 1515 3315 non
1544 3262 1829 3317 habiturus
1852 3270 1991 3321 erat.

613 3348 722 3406 Sed
752 3365 850 3405 nec
878 3352 929 3405 in
958 3351 1192 3420 antiquis
1217 3351 1441 3407 ducibus
1470 3368 1562 3408 seu
1590 3354 1806 3421 regibus
1836 3354 1928 3411 illo

682 3440 1015 3496 Omnimodis
1040 3442 1325 3511 quisquam
1352 3442 1551 3498 clarior
1578 3446 1771 3500 enituit
1797 3465 1809 3499 :

610 3528 839 3589 Romani
869 3531 1048 3584 multis
1075 3531 1301 3588 dUClblIS
1326 3534 1616 3603 multisque
1643 3537 1743 3591 sub
1768 3538 1924 3595 annis

680 3618 861 3674 Italiae
888 3620 1111 3691 p0pulos
1136 3622 1221 3675 vix
1254 3624 1353 3677 sibi
1383 3624 1750 3692 subdiderant,

611 3708 762 3765 Unus
790 3710 875 3765 hic
905 3711 958 3763 in
990 3712 1171 3780 spacio
1199 3715 1450 3782 perpauci
1480 3718 1737 3786 temporis
1765 3734 1975 3776 omnem

634 3806 635 3809 ‘
682 3799 924 3854 Subiecit
948 3802 1137 3867 victor,
1167 3804 1427 3871 disposuit
1450 3806 1726 3875 dominus;

609 3889 760 3946 Adde
790 3899 868 3945 tot
898 3892 1140 3963 Europae
1168 3897 1406 3964 p0pulos,
1437 3913 1572 3966 quos
1599 3900 1711 3968 ipse
1736 3902 1973 3976 subegit,
2031 3942 2043 3955 .

680 3980 917 4047 Quorum
946 3981 1170 4037 Romani
1203 3986 1417 4041 nomina
1448 3990 1787 4046 nescieram:

610 4070 691 4130 0b
715 4072 817 4126 hoc
844 4073 1099 4129 miriﬁcos
1127 4074 1302 4129 Caroli
1330 4078 1420 4146 qui
1452 4076 1646 4147 legeris
1671 4088 1842 4147 actus,

1959 336 2203 395 ΡΟΕΤᾹΞ
2236 335 2526 394 SAXONIS

3759 336 3846 392 τΞῦ

2221 456 2272 515 Α
2371 453 2564 508 Desine
2591 449 2775 506 mirari
2803 450 3056 505 historias
3082 458 3346 506 veterum.

2298 542 2415 599 Non
2445 544 2609 607 Decii,
2640 558 2744 597 non
2776 540 3076 611 Scipiadae,
3107 558 3212 596 non
3245 542 3359 610 ipse
3382 538 3657 606 Camillus,

2369 632 2486 687 Non
2510 633 2663 697 Cato,
2696 648 2803 687 non
2829 631 3026 687 Caesar
3051 632 3225 686 maior
3251 646 3316 686 eo
3345 630 3556 697 fuerat;

2298 722 2414 779 Non
2443 725 2728 795 Pompeius
2753 726 2879 779 huic
2905 725 3117 789 merito,
3146 724 3231 778 vel
3262 740 3393 794 gens
3421 724 3701 780 Fabiorum

2368 817 2693 881 Praefertur,
2725 818 2927 887 pariter
2956 826 3165 871 mortua
3196 832 3293 887 pro
3320 817 3516 885 patria,

2298 904 2497 961 Terrea
2526 906 2705 960 forsan
2735 906 2800 961 iis
2829 904 2991 961 fuerit
3019 922 3117 975 par
3142 906 3333 977 gloria,
3362 906 3455 960 sed
3486 921 3627 961 nunc

2368 995 2626 1051 Caelestis
2653 996 2879 1051 Carolus
2906 996 3115 1051 culmen
3144 997 3365 1051 honoris
3394 995 3574 1051 habet.

2294 1084 2408 1141 Illic
2434 1086 2705 1140 Daviticae
2735 1086 2897 1156 pollet
2923 1087 3137 1141 virtutis
3165 1087 3368 1141 honore

2366 1175 2501 1231 Cum
2527 1174 2881 1230 Constantino
2913 1184 3073 1245 atque
3100 1175 3435 1242 Theodosio;

2296 1266 2409 1323 Illic
2438 1269 2717 1339 antiquum
2746 1269 2945 1340 gaudet
2970 1269 3113 1338 quod
3138 1269 3331 1324 vicerit
3358 1271 3568 1326 hostem

2368 1360 2613 1431 Eripiens
2643 1360 2839 1415 multos
2866 1361 3034 1431 ipsius
3062 1376 3091 1414 a
3122 1360 3346 1430 laqueis,

2294 1448 2411 1507 Illic
2437 1451 2775 1521 congaudent
2804 1450 2878 1503 illi
2908 1449 3111 1504 salvata
3140 1467 3238 1521 per
3263 1451 3438 1522 ipsum

2368 1538 2587 1595 Munere
2612 1539 2829 1593 Christe
2857 1548 2949 1594 tuo
2976 1540 3119 1594 milia
3152 1542 3459 1610 spirituum.

2297 1627 2428 1696 Quis
2454 1638 2718 1693 numeret,
2747 1638 2979 1698 quantas
3005 1630 3232 1695 animas,
3260 1631 3386 1685 dum
3416 1633 3637 1689 credere
3660 1633 3773 1693 fecit

2370 1718 2642 1774 Saxonum
2671 1720 2913 1790 populos,
2942 1720 3235 1775 reddiderit
3262 1721 3531 1777 Domino?

2217 1794 2266 1858 Β
2293 1808 2432 1877 Quot
2461 1826 2602 1865 nunc
2628 1810 2921 1866 aecclesiae
2948 1810 3173 1882 fulgent,
3203 1813 3293 1867 ubi
3320 1812 3443 1867 fana
3469 1814 3713 1871 colebant

2357 1902 2598 1973 Antiqui,
2628 1912 2759 1973 quot
2786 1914 2911 1958 sunt
2937 1912 3139 1959 structa
3171 1908 3543 1961 monasteria?

2290 1991 2431 2058 Quot
2458 1991 2643 2047 laudes
2671 1992 2725 2046 in
2754 1994 2851 2057 eis,
2882 1994 2967 2047 vel
2992 2002 3123 2064 quot
3153 1995 3246 2049 tibi
3275 2004 3396 2050 vota
3428 1996 3615 2052 fideles

2361 2084 2631 2148 Reddunt,
2662 2092 2741 2139 tot
2765 2084 2958 2139 Carolo
2987 2088 3245 2156 praemia,
3274 2087 3509 2153 Christe,
3539 2090 3721 2153 dabis:

2289 2175 2581 2245 Iudiciique
2605 2176 2721 2231 dies
2746 2192 2868 2231 cum
2893 2177 3102 2232 venerit
3126 2178 3313 2233 ultima
3340 2183 3553 2252 magni,

2362 2266 2476 2334 Qua
2506 2267 2697 2322 reddes
2722 2269 2869 2322 omni
2896 2267 3035 2335 quod
3066 2269 3262 2323 meruit
3290 2271 3517 2337 homini,

2291 2354 2336 2413 Ο
2360 2372 2521 2426 quam
2550 2356 2720 2411 laetus
2748 2360 2871 2421 erit,
2901 2358 3117 2413 sibimet
3142 2361 3427 2416 commissa
3460 2362 3667 2419 talenta

2362 2446 2722 2501 Praesentans
2749 2446 2941 2516 grandi
2966 2436 3319 2517 multiplicata
3348 2450 3543 2507 lucro?

2290 2536 2478 2593 Nullus
2504 2537 2811 2607 apostolicis
2840 2547 2969 2593 tunc
2996 2540 3113 2594 iure
3139 2542 3491 2612 propinquior
3517 2544 3635 2612 illo,

2367 2627 2433 2683 Ut
2462 2641 2547 2681 res
2575 2626 2689 2697 ipsa
2715 2628 2890 2694 docet,
2922 2630 3161 2685 caetibus
3188 2646 3310 2687 esse
3334 2634 3495 2688 valet.

2289 2713 2426 2769 Nam
2455 2732 2576 2770 cum
2606 2717 2819 2773 ludaico
2845 2721 3169 2795 processerit
3193 2724 3405 2791 agmine
3429 2723 3620 2783 Petrus

2362 2806 2621 2877 Stipatus,
2651 2810 2804 2865 cuius
2828 2809 3078 2881 dogmate
3104 2814 3439 2880 crediderat,

2286 2895 2484 2953 Paulus
2513 2901 2784 2970 totiusque
2804 2913 2853 2970 ⁸,
2885 2901 3010 2957 licet
3039 2904 3085 2957 si
3113 2905 3315 2969 dicere,
3344 2908 3533 2966 mundi

2356 2987 2555 3045 Gentes
2583 2989 2823 3045 salvatas,
2841 2991 3056 3046 duxerit
3082 3009 3179 3048 ore
3207 3010 3306 3052 suo
3333 3014 3346 3051 :

2285 3078 2526 3133 Andreas
2552 3080 2773 3150 pepulos
2803 3090 2923 3151 post
2951 3098 3009 3137 se
3036 3086 3297 3152 producet
3324 3087 3583 3157 Achivos,

2210 3137 2260 3203 θ
2357 3168 2619 3227 Iohannes
2648 3170 2807 3225 Asiae
2840 3172 3078 3241 proferet
3106 3176 3433 3233 aecclesias:

2287 3260 2531 3315 Matheus
2553 3261 2843 3332 Aethiopes
2870 3264 3056 3319 niveos
3082 3267 3405 3337 baptismate
3433 3270 3623 3339 factos,

2357 3354 2607 3409 Indorum
2636 3355 2869 3411 Thomas
2894 3356 3053 3412 ducet
3078 3360 3148 3413 ad
3177 3368 3321 3414 astra
3347 3377 3577 3432 greges:

2287 3445 2421 3502 Tum
2456 3446 2707 3502 Carolum
2742 3449 2980 3517 gaudens
3014 3449 3286 3506 Saxonum
3322 3460 3501 3508 turma
3531 3465 3771 3526 sequetur,

2356 3538 2434 3593 Illi
2467 3548 2757 3609 perpetuae
2790 3541 2959 3611 gloria
2993 3542 3253 3607 Iaeticiae.

2282 3630 2327 3687 Ο
2356 3631 2557 3685 utinam
2588 3630 2670 3684 vel
2700 3639 3011 3687 cunctorum
3042 3649 3239 3704 sequar
3266 3635 3488 3694 ultimus
3517 3640 3730 3706 horum,

2353 3720 2454 3788 Qui
2492 3720 2663 3777 nostri
2698 3721 2829 3776 salvi
2864 3723 2929 3777 de
2964 3722 3157 3793 populo
3192 3724 3427 3782 fuerint!

2281 3811 2326 3869 Ο
2356 3812 2399 3867 si
2425 3812 2639 3867 Christe
2666 3812 2796 3867 velis
2824 3813 3052 3871 hoedum
3083 3814 3375 3871 transferre
3400 3817 3703 3885 sinistrum,

2352 3904 2433 3958 Me
2458 3904 2577 3974 pius
2605 3912 2662 3958 ut
2688 3903 2891 3959 dextris
2915 3906 3192 3961 consocies
3217 3907 3427 3974 ovibus,

2281 3995 2399 4062 Quo
2427 4010 2533 4049 non
2563 3994 2804 4049 mortalis
2828 3994 3047 4063 psallam
3074 3996 3172 4051 tibi
3200 3998 3457 4054 carminis
3482 4001 3631 4066 odas,

2355 4086 2461 4143 Sed
2491 4086 2701 4144 laudem
2729 4085 2934 4141 valeam
2961 4087 3139 4143 dicere
3162 4094 3515 4159 perpetuam!
3552 4094 3730 4151 Amen.

679 4239 705 4269 ι
732 4226 884 4295 Cod.,
909 4228 1065 4283 totius
1080 4245 1100 4295 ;
1129 4246 1226 4300 que
1249 4231 1403 4286 metri
1430 4248 1593 4289 causa
1622 4234 1818 4307 adjeci;
1850 4239 2145 4301 Leibnitius
2181 4246 2330 4305 liccat
2362 4244 2591 4303 fortasse
2619 4224 2901 4314 legendum
2925 4258 3045 4301 esse
3069 4245 3493 4307 existimaverat.
