4026 6364
229 397 306 456 ⁸137
844 389 903 445 S.
944 384 1284 451 SlMPER'i‘l,
1324 386 1472 441 ΑΗΒ.
1514 383 1947 442 MURBACENS.
2000 384 2399 443 REGULABIA
2439 387 2779 444 STATUTA.

3337 386 3442 443 738

1445 678 1615 723 ANNO
1658 678 1888 723 DOIINI
1931 680 2183 723 DCCCIX.

671 880 1620 1028 SANCTUS
1719 880 2984 1026 SIMPEB-TUS

1437 1163 1658 1220 ABBAS
1700 1164 2201 1221 MURBACENSIS.

588 1398 1028 1486 ΝΟΤῘΤΙΑ
1104 1401 1647 1480 ΗΙΞΤΟΒΙΟΑ
1705 1403 1815 1479 ΙΝ

1895 1400 2374 1479 SANCTUM
2435 1402 3061 1485 SIMPERTUM.

1182 1562 1274 1627 (Ex
1300 1562 1540 1624 Fabricio,
1566 1562 1796 1612 Bibliotb.
1824 1564 1956 1613 med.
1981 1572 2033 1613 et
2055 1562 2137 1613 inf.
2162 1562 2485 1627 Latinitatis.)

1726 1696 1920 1715 u—

287 1808 594 1879 Sindpertus
628 1806 712 1863 vel
740 1805 1060 1879 Simpertus,
1091 1802 1654 1879 abbasMurbacensis
1679 1812 1733 1859 et
1760 1805 2063 1874 episcopus.
2097 1806 2418 1879 Expungunt
2442 1822 2563 1879 eum
2588 1807 2820 1879 ex‘serie
2846 1808 3097 1863 abbatum
3133 1808 3451 1865 Murbacena

231 1880 350 1936 tium
378 1874 537 1933 G'abr.
576 1874 939 1931 Bucelinus'et
962 1875 1089 1929 (lar.
1118 1876 1164 1928 le
1188 1876 1376 1929 Cointe
1395 1874 1586 1927 Annal.
1616 1874 1976 1940 Francorum;
2013 1878 2246 1929 rest~tuit
2268 1874 2445 1931 autem
2478 1877 2621 1932 illum
2654 1877 3005 1934 Mabillonius.

286 1950 353 2004 Dc
378 1949 683 2016 episcopatu
712 1947 827 2017 ejus
857 1962 962 2017 non
984 1947 1163 1999 omnia
1194 1946 1296 2017 huc
1334 1960 1515 2017 usque
1542 1945 1759 1998 fuerunt
1792 1944 1958 2017 clara.
1994 1945 2326 2017 Maliillonius
2354 1948 2535 2001 sedem
2574 1948 2673 2017 ip~i
2722 1948 2954 2017 ignotam
3002 1949 3150 2005 dicit.
3192 1950 3455 2005 Auctores

226 2013 447 2096 [listoriin
472 2013 979 2096 liﬁttérariQGallite,
1025 2025 1153 2069 tom.
1200 2016 1285 2079 IV,
1313 2030 1387 2096 ip.
1419 2013 1543 2096 ξιξ-2,
1587 2030 1709 2069 eum
1744 2015 2049 2096 episcopum
2076 2015 2560 2096 Augustannmhan:
2587 2013 2697 2096 _809
2735 2013 3005 2071 mortuum
3035 2020 3234 2096 dicunt:
3269 2019 3457 2096 Melius

226 2090 469 2143 Eccardus
493 2088 693 2142 Rerum
736 2087 1113 2141 Francicarum
1143 2101 1270 2150 xxv,
1300 2083 1388 2149 46,
1431 2084 1520 2147 47,
1557 2100 1623 2138 ex
1655 2083 1818 2137 variis
1851 2083 2187 2139 documentis
2232 2083 2406 2157 ipSum
2432 2086 2898 2152 Ratisbonensem,
2924 2096 2978 2142 et
3019 2100 3107 2143 an.
3140 2089 3238 2143 791
3271 2089 3458 2143 defun-

222 2170 353 2214 ctum
376 2174 507 2219 esse,
536 2158 754 2211 asserit.

292 2228 408 2294 Ejus
448 2228 741 2296 Epistolam
794 2225 1131 2295 Encyclicam
1193 2224 1476 2296 admodum
1525 2224 1753 2296 irevem
1804 2224 2373 2296 ediditnMabillonius,
2400 2225 2594 2280 Annal.

2644 2244 2696 2297 p.
2756 2227 2894 2293 418,
2956 2228 3040 2282 cui
3097 2228 3304 2284 accedit
3352 2226 3456 2282 alia

229 2293 537 2351 salutator-ia.
592 2296 877 2369 Regularia
909 2293 1125 2349 ‘statuta
1163 2295 1475 2349 monasterii
1524 2293 1890 2348 Murtacensis
1926 2294 2095 2348 edicit
2141 2294 2299 2348 Bern.
2348 2295 2473 2349 Pez.
2519 2293 2663 2351 tomo
2706 2298 2747 2352 ll
2778 2298 3033 2353 Thesauri
3062 2300 3457 2352 Anccdotorum

229 2369 509 2432 nm'issimi‘.
548 2382 603 2441 p.
636 2369 721 2422 72.

228 2511 3442 2537 ww

1024 2622 1690 2737 SANCTI
1762 2620 2649 2737 SIMPEBTI

520 2824 1097 2958 REGULABIA
1161 2828 1638 2956 STATUTA
1719 2826 2356 3031 MilNASTERlI
2437 2828 3167 2961 MURBACENSIS.

1189 3081 1354 3145 (Apud
1377 3080 1597 3145 Pezium,
1620 3080 1908 3132 Thesaurus
1930 3082 2116 3132 Anccd.
2142 3093 2275 3147 nov.,
2301 3086 2337 3132 t.
2363 3081 2454 3145 ll.)

1799 3212 1872 3229 ﬂ

294 3306 347 3365 In
383 3305 586 3363 nomine
611 3299 823 3360 Domini
858 3317 1035 3358 amen.
1076 3298 1333 3355 Noverint
1365 3300 1600 3354 universi
1640 3314 1778 3369 pne-
1809 3306 1851 3359 Α
1884 3296 2222 3353 destinarunt
2250 3300 2609 3355 venerabilem
2639 3310 2691 3356 et
2721 3302 2993 3374 egregium
3035 3304 3208 3360 virum
3240 3305 3461 3365 fratrem

224 3414 345 3454 sens
382 3399 641 3468 publicum
680 3397 1115 3457 instrumentum,
1148 3390 1285 3446 infra
1335 3391 1656 3459 scriptorum
1700 3405 1783 3443 re-

225 3488 473 3557 gularium
537 3494 857 3541 statutorum
919 3492 972 3538 et
1036 3482 1477 3538 ceremoniarum
1546 3488 1785 3548 tempore

230 3578 395 3631 sancti
427 3575 673 3647 Simperti
708 3572 942 3643 episcopi
972 3572 1322 3639 Augustensis
1347 3584 1411 3623 ac
1436 3568 1643 3621 abbatis
1674 3582 1786 3621 mo-

235 3668 440 3721 nasterii
478 3664 841 3721 Mnrbacensis
875 3661 1327 3732 promulgatorum
1362 3660 1562 3729 pariter
1599 3668 1653 3713 et
1692 3658 1786 3713 ob-

232 3768 544 3813 servatorum
590 3761 985 3823 transumptum
1035 3767 1129 3806 seu
1184 3752 1565 3819 transcriptum
1611 3749 1785 3804 conti-

230 3864 383 3914 nens,
432 3848 742 3917 inspecturi,
788 3846 932 3915 quod
977 3860 1117 3899 anno
1162 3860 1192 3897 a
1242 3843 1532 3898 Nativitate
1577 3842 1786 3897 Domini

232 3937 601 3993 incarnationis
654 3936 936 3991 millesimo
990 3934 1441 4003 quingentesimo,
1498 3934 1788 3988 indictione

238 4030 395 4093 tertia,
432 4030 516 4085 die
540 4025 714 4098 prima
759 4026 956 4080 mensis
986 4025 1132 4089 Maii,
1170 4026 1300 4078 hora
1347 4024 1514 4093 ipsius
1561 4024 1668 4078 diei
1698 4039 1789 4077 oc-

240 4126 344 4173 tava
366 4119 442 4173 vel
468 4118 618 4189 quasi
644 4125 767 4171 ante
797 4116 1096 4179 meridiem,
1128 4116 1178 4168 in
1212 4115 1328 4170 loco
1355 4114 1639 4184 capitulari
1671 4130 1788 4169 mo—

238 4212 435 4265 nasterii
464 4208 846 4273 Murbacensis,
875 4207 1217 4261 serenissima
1237 4206 1477 4275 principe
1502 4215 1553 4260 et
1575 4206 1790 4261 domino

239 4303 432 4358 domino
479 4301 837 4357 Maximiliano
881 4300 1246 4354 Romanorum
1289 4314 1413 4368 rege
1452 4298 1679 4353 feliciter
1708 4313 1791 4353 re-

240 4405 433 4463 gnante,
464 4396 514 4450 in
545 4394 649 4448 mei
696 4394 886 4448 notarii
918 4388 1113 4461 publici
1144 4390 1469 4461 testiumque
1494 4390 1631 4444 infra
1661 4390 1793 4443 scri-

240 4500 451 4557 ptorum,
479 4490 544 4543 ad
570 4489 673 4543 hoc
701 4487 1001 4557 specialiter
1030 4495 1339 4539 vocatorum
1370 4492 1425 4538 et
1460 4492 1790 4552 rogatorum.

242 4581 499 4649 praesentia
525 4577 878 4648 personaliter
926 4575 1198 4629 constituti
1236 4571 1533 4635 reverendi,
1566 4574 1793 4626 honora-

1882 3388 2141 3444 Joannem
2169 3390 2387 3461 Naburg
2413 3408 2579 3446 sacra:
2600 3393 2878 3463 theologia:
2907 3394 3261 3464 professorem
3291 3408 3344 3453 et
3372 3402 3467 3455 de-

1884 3485 2154 3533 cretorum
2191 3481 2485 3545 doctorem,
2520 3483 2840 3537 monachum
2870 3486 3109 3555 prmdicti
3150 3489 3464 3545 monasterii

1884 3578 1939 3627 et
1972 3572 2316 3640 praepositum
2347 3573 2586 3629 ecclesire
2629 3576 2799 3630 beata:
2829 3576 3061 3646 Virginis
3096 3578 3148 3632 in
3190 3579 3463 3647 Murbaco,

1887 3664 1977 3733 qui
2018 3664 2086 3718 ob
2129 3665 2299 3718 sancti
2352 3663 2604 3734 Simperti
2655 3676 2709 3720 et
2750 3668 2958 3721 abbatis
2999 3669 3465 3726 honorificentiam

1888 3755 2017 3811 adiit
2040 3755 2422 3810 monasterium
2449 3758 2619 3813 sancti
2645 3757 2878 3813 Udalrici
2916 3759 2969 3813 in
2995 3760 3232 3831 Augusta
3261 3764 3468 3819 ordinis

1888 3843 2148 3914 ejusdem,
2178 3854 2251 3909 et,
2284 3856 2341 3901 ut
2371 3848 2509 3901 idem
2542 3849 2835 3914 asserebat,
2877 3850 3017 3919 quod
3052 3845 3171 3905 lmta
3204 3853 3332 3907 inibi
3365 3854 3468 3908 hu-

1889 3938 2132 3991 militatis
2155 3936 2330 3992 fronte
2361 3938 2523 3993 fuerit
2551 3948 2847 4008 susceptus.
2882 3938 3024 3995 Inter
3058 3942 3466 4013 colloquendum

1891 4030 2055 4082 abbas
2079 4030 2247 4083 sancti
2276 4030 2531 4085 L'ldalrici
2553 4040 2605 4085 et
2628 4030 2868 4086 nonnulli
2894 4033 2981 4086 alii
3017 4030 3207 4089 Patres
3238 4034 3469 4107 regulari

1892 4115 2150 4185 pollentes
2180 4118 2514 4173 institutione
2538 4121 2705 4173 sancti
2735 4120 2988 4189 Simperti
3019 4122 3099 4193 (ut
3126 4124 3297 4195 decet)
3321 4125 3471 4182 debi-

1896 4216 2007 4261 tum
2033 4207 2452 4263 honorificentia:
2479 4210 2679 4264 cultum
2714 4212 2973 4280 ampliare
3006 4214 3302 4283 cupientes,
3332 4230 3470 4284 pra:-

1893 4299 2056 4353 libato
2093 4300 2297 4353 doctori
2345 4315 2408 4354 ac
2451 4302 2711 4356 monacho
2763 4301 3035 4357 humiliter
3080 4304 3466 4374 supplicarunt,

1893 4397 2157 4457 quatenus
2178 4389 2443 4459 regularia
2470 4391 2714 4446 instituta
2750 4400 2987 4461 tempore
3015 4395 3184 4447 sancti
3214 4390 3472 4465 Simperti

1893 4479 2179 4545 custodita,
2202 4488 2255 4533 et
2281 4480 2348 4534 ab
2373 4481 2560 4535 eodem
2586 4482 2915 4552 promulgata
2939 4482 3199 4538 transumi
3222 4492 3274 4538 et
3296 4493 3471 4540 trans-

1897 4569 2026 4623 ferri
2060 4569 2276 4637 faceret,
2308 4580 2362 4626 et
2389 4571 2457 4627 ab
2486 4573 2677 4628 abbate.
2706 4572 3037 4629 Murbacensi
3069 4573 3186 4629 fieri
3216 4574 3470 4647 impetra-

243 4667 359 4725 biles
384 4686 443 4725 ac
474 4669 704 4739 religiosi
735 4668 833 4721 viri
861 4666 1061 4721 domini
1084 4665 1393 4719 Waltbcrns
1420 4664 1486 4718 de
1502 4662 1795 4734 Wiltsperg
1829 4654 1872 4714 Β
1899 4669 2002 4715 ret.

245 4761 406 4826 abbas,
424 4759 768 4815 Leonhardus
794 4759 858 4812 de
879 4756 1258 4811 Reicbenstain
1288 4756 1546 4817 decanos,
1571 4760 1624 4806 et
1651 4752 1795 4821 capi-

246 4854 410 4920 tulum,
444 4870 535 4910 seu
559 4862 852 4908 conventus
877 4851 1136 4913 ecclesiae,
1172 4863 1265 4902 seu
1292 4846 1601 4901 monasterii
1624 4845 1794 4913 impe-

252 4944 379 5000 rialis
420 4943 589 4999 sancti
627 4941 943 5011 Lcodegarii
984 4940 1038 4993 in
1079 4939 1349 5000 Murbaco,
1395 4938 1461 4990 ad
1500 4934 1797 4989 Romanam

248 5034 516 5091 Ecclesiam
562 5034 707 5089 nullo
760 5034 935 5088 medio
983 5031 1330 5102 pertinentis,
1381 5028 1584 5082 ordinis
1626 5025 1796 5081 sancti

247 5124 493 5182 Benedicti
532 5126 841 5181 Basiliensis
889 5124 1156 5186 ditecesis,
1201 5131 1593 5191 proposuerunt
1621 5126 1674 5173 et
1704 5134 1795 5173 ve-

251 5230 351 5271 rum
367 5234 483 5273 esse
500 5227 861 5279 asseruerunt,
879 5216 1020 5285 quod
1032 5229 1172 5268 anno
1192 5212 1518 5277 indictionis,
1536 5221 1593 5265 ut
1610 5223 1789 5279 supra,

253 5306 323 5361 die
352 5310 514 5377 prima
550 5310 749 5364 mensis
785 5308 998 5377 Aprilis,
1044 5314 1263 5376 propter
1294 5304 1566 5360 evidentes
1603 5308 1657 5356 et
1698 5314 1794 5354 ur-

254 5408 413 5467 gentes
464 5400 809 5454 necessitates
856 5398 982 5453 dicti
1038 5395 1350 5451 monasterii
1399 5392 1795 5456 Murbacensis,

254 5500 335 5543 nec
360 5505 459 5544 non
488 5492 557 5545 ob
582 5498 908 5560 przeceptum
944 5486 1121 5557 regale
1147 5486 1324 5541 abbati
1349 5483 1572 5554 prmfato
1598 5482 1796 5536 factum

256 5576 308 5629 ad
332 5578 518 5634 dictam
544 5579 685 5635 sacri
722 5578 933 5648 imperii
963 5577 1291 5648 principibus
1325 5576 1378 5629 in
1401 5573 1637 5644 Augusta
1663 5587 1799 5642 pne-

256 5665 412 5733 ﬁxam,
443 5671 871 5729 ministerialinm
906 5671 1072 5739 ipsius
1108 5669 1416 5725 monasterii
1447 5676 1592 5723 certa
1628 5668 1800 5722 scien-

256 5758 316 5812 tia
354 5771 405 5816 et
444 5777 693 5834 cxprrssa
744 5762 1017 5816 voluntate
1061 5761 1345 5817 accedente
1398 5760 1462 5815 ad
1510 5758 1797 5826 Angustam

1967 4751 2119 4807 Unde
2147 4754 2385 4821 prmdicti
2418 4752 2712 4816 reverendi,
2742 4750 3082 4807 honorabiles
3124 4768 3188 4807 ac
3233 4750 3468 4824 religiosi

1893 4844 1995 4898 viri
2040 4845 2239 4899 domini
2274 4847 2456 4909 abbas,
2509 4846 2741 4899 decanos
2776 4854 2829 4900 et
2874 4856 3170 4901 conventus
3215 4847 3470 4903 antedicti

1896 4936 2207 4990 monasterii
2233 4936 2596 4990 Murbacensis
2623 4937 2726 5006 piis
2754 4953 2990 4992 annuere
3011 4938 3151 4993 votis
3177 4947 3232 4993 et
3264 4939 3471 4997 veritati

1897 5041 2001 5080 non
2038 5027 2242 5089 deesse,
2269 5035 2323 5080 et
2350 5027 2688 5097 magnificum
2710 5030 2831 5084 vita:
2861 5046 2924 5084 ac
2953 5030 3108 5085 fama:
3144 5031 3309 5087 decus
3344 5047 3471 5086 san-

1901 5117 1971 5169 eti
2001 5115 2252 5184 Simperti
2279 5115 2370 5169 Dei
2398 5116 2613 5183 intuitu,
2646 5118 2735 5187 qui
2771 5115 3032 5189 gloriosus
3060 5126 3143 5175 est
3182 5119 3235 5175 in
3272 5121 3473 5177 sanctis

1900 5206 2031 5269 suis,
2064 5220 2357 5277 propagare
2385 5207 2679 5275 cupientes,
2710 5217 2930 5273 statuta,
2972 5212 3319 5267 czeremonias
3352 5227 3473 5266 san-

1900 5298 1969 5350 cti
1999 5296 2273 5367 Simperti,
2303 5298 2560 5353 illibatam
2589 5300 2750 5353 vitam
2783 5301 2987 5370 piarum
3010 5302 3219 5356 aurium
3243 5301 3473 5357 :ediiiCa-

1901 5386 2099 5441 tionem
2128 5389 2398 5453 docentes,
2446 5390 2499 5444 in
2543 5407 2647 5447 una
2693 5399 2901 5447 vetusta
2935 5392 3109 5450 rotula
3149 5410 3242 5449 seu
3284 5396 3472 5450 charta

1902 5492 2222 5547 pergamena
2274 5488 2513 5546 exarata,
2544 5489 2711 5547 certa,
2742 5497 2892 5549 sana,
2926 5484 3152 5556 integra,
3192 5483 3377 5551 illaesa,
3418 5484 3473 5539 in

1903 5570 2067 5626 nullis
2092 5571 2494 5626 character-ibus
2521 5588 2642 5628 rasa
2674 5583 2767 5628 aut
2799 5576 3017 5639 caduca,
3061 5584 3186 5631 tunc
3212 5573 3342 5630 mihi
3372 5588 3474 5629 no-

1904 5662 2043 5716 tario
2094 5664 2393 5734 subscripta
2448 5666 2827 5730 ostenderunt,
2881 5673 3269 5737 przescntarunt
3315 5673 3475 5733 atque

1905 5752 2183 5818 dederunt,
2201 5769 2391 5823 meque
2422 5755 2472 5807 in
2500 5755 2784 5823 prznsentia
2812 5757 3026 5811 testium
3053 5755 3472 5824 subscriptor-um
