4026 6364
557 387 665 445 739

556 505 736 563 debita
761 504 882 556 cum
925 490 1177 548 instantia
1221 483 1602 556 requisierunt,
1647 484 1910 547 quatenus
1957 468 2136 524 abbati
2164 462 2701 563 Aprmtermittatur,

557 605 612 651 et
639 587 924 650 conventui
955 581 1131 640 nancti
1175 574 1404 633 Udalrici
1435 573 1487 626 in
1511 569 1770 638 Augusta,
1799 564 1888 618 ubi
1920 568 2140 615 sanctus

559 685 860 754 Simpertus
885 671 1181 732 tumulatus
1206 681 1324 721 esse
1346 661 1692 732 dignoscitur,
1721 654 1963 754 eamdem
1994 658 2141 704 rotu-

560 745 1022 839 lam-regularium
1061 761 1384 814 statutorum
1431 759 1484 803 et
1509 745 1948 839 ceremoniarum
1989 748 2138 837 tran-

561 827 798 920 scribcre
827 856 958 911 etin
996 847 1266 921 pullich
1302 843 1526 898 formam
1571 836 1813 904 redigere
1839 830 2048 891 vellem,
2077 827 2142 921 in

563 918 742 1012 finem,
775 958 834 1003 ut
860 918 1061 1001 eisdem
1103 937 1275 1009 copiis
1314 929 1638 988 authenticis
1667 936 1922 995 tanquam
1953 918 2142 975 rotula:

479 1042 484 1046 ”
561 1039 804 1111 originali
841 1044 1020 1091 coram
1053 1031 1464 1102 quibuscunque
1508 1017 1750 1089 personis
1779 1011 2142 1113 cujuscunque

559 1107 733 1190 status
759 1130 871 1183 sive
895 1124 1074 1198 [Cod.,
1106 1129 1276 1176 status
1311 1113 1421 1188 sui]
1465 1107 1880 1183 pra:eminentia:
1922 1107 2143 1158 exstite-

560 1223 688 1284 rint,
720 1225 893 1273 stetur
919 1222 972 1268 et
1000 1211 1270 1267 credatur.

630 1309 800 1377 Quam
824 1305 1035 1376 quidem
1078 1300 1305 1358 rotulam
1334 1297 1446 1351 sive
1484 1291 1730 1348 chartam
1766 1296 2140 1377 pergamenam

559 1371 770 1457 vetusta
794 1371 974 1452 littera
1001 1399 1276 1448 exaratam
1305 1386 1630 1455 recepimus,
1656 1377 1763 1432 vidi
1795 1391 1858 1430 ac
1886 1375 1951 1428 de
1979 1371 2143 1425 verbo

510 1475 513 1478 I
560 1491 630 1546 ad
649 1490 870 1544 verbum
897 1480 1244 1552 transumpsi,
1272 1473 1607 1544 transcripsi,
1637 1477 1688 1525 et
1718 1465 1941 1536 copiari,
1966 1462 2143 1552 debita

561 1597 685 1638 cum
714 1578 996 1636 collatione
1024 1588 1122 1644 per
1150 1551 1251 1625 me
1279 1583 1399 1622 cum
1429 1566 1639 1619 eisdem
1667 1558 1829 1621 facta,
1858 1554 1980 1617 feci,
2012 1551 2144 1606 nihil

566 1674 750 1730 addito
795 1669 877 1723 vel
906 1675 1111 1722 mutato
1139 1663 1278 1732 quod
1314 1658 1438 1713 facti
1469 1663 1640 1710 mutet
1669 1647 2022 1705 substantiam
2052 1648 2146 1696 aut

565 1763 736 1820 variet
774 1756 1123 1818 intellectum,
1154 1754 1429 1822 ipsamque
1477 1748 1719 1802 chartam
1763 1741 1875 1796 sive
1915 1737 2143 1792 rotulam

1559 364 1618 419 S.
1661 356 1981 418 SNPERTI
2021 350 2310 408 ABBATIS
2349 339 2840 404 MURBACENSIS

3708 341 3799 396 740

2744 459 2836 528 qui
2879 457 2932 510 in
2973 455 3152 525 aliqua
3187 449 3535 509 meditatione
3579 451 3803 509 lectionis

2237 555 2432 609 divina:
2477 561 2716 620 tempore
2759 550 3007 604 ordinato
3051 553 3344 614 occupatus
3381 559 3489 598 non
3527 543 3625 608 sit,
3668 544 3802 599 verbi

2238 646 2442 717 gratia,
2491 650 2551 697 ut
2589 641 2928 706 scholastici,
2981 647 3266 709 postquam
3314 635 3539 708 psalmi,
3585 634 3800 702 cantica,

2237 749 2293 794 et
2315 737 2499 808 hymni
2526 735 2796 790 memoria:
2825 732 3201 788 commendata
3230 729 3450 794 fuerint,
3495 726 3676 798 regula
3697 735 3806 795 post

2240 831 2438 904 regula:
2465 839 2671 886 textum
2707 829 2995 892 committi,
3023 826 3240 882 interim
3262 841 3394 880 vero
3426 824 3704 880 historiam
3739 824 3807 879 di-

2240 923 2379 977 vinae
2401 921 2737 977 auctoritatis
2765 915 3180 989 et-expositores
3211 915 3345 985 ejus,
3372 931 3473 972 nec
3495 927 3603 971 non
3639 923 3692 970 et
3713 913 3808 971 col-

2241 1010 2468 1065 lationes
2498 1011 2717 1065 Patrum
2754 1017 2809 1064 et
2858 1009 2998 1063 vitas
3037 1022 3224 1062 eorum
3265 1005 3510 1075 legendo,
3556 1005 3809 1076 magistris

2242 1115 2431 1157 eorum
2468 1100 2810 1158 audientibus
2855 1106 3194 1170 percurrant.
3248 1095 3542 1166 Postquam
3589 1110 3714 1150 vero
3764 1097 3809 1150 in

2243 1193 2361 1249 istis
2384 1193 2738 1264 probabiliter
2774 1191 2984 1247 educati
3026 1189 3246 1252 fuerint,
3295 1188 3361 1243 ad
3409 1197 3583 1242 artem
3626 1187 3812 1243 littera-

2243 1292 2379 1338 tura:
2407 1291 2460 1338 et
2489 1281 2759 1353 spiritales
2788 1294 2846 1335 se
2885 1279 3216 1333 transferant
3253 1276 3430 1332 ﬂores.
3463 1277 3567 1344 Qui
3605 1292 3725 1332 vero
3756 1279 3812 1332 de

2245 1377 2432 1432 habitu
2472 1373 2712 1430 saeculari
2751 1373 2995 1428 conversi
3023 1371 3212 1426 notitia
3244 1366 3547 1426 litterarum
3573 1369 3810 1440 indigent,

2243 1475 2366 1538 post
2412 1482 2598 1522 earum
2643 1466 3004 1536 cognitionem
3053 1463 3351 1518 orationem
3401 1451 3729 1517 Dominicam
3769 1471 3814 1517 et

2245 1557 2577 1628 symbolum,
2628 1565 2682 1610 et
2725 1557 2804 1610 sic
2862 1555 3114 1624 deinceps
3162 1553 3537 1624 pmnitentium
3575 1552 3813 1622 psalmos,

2243 1656 2365 1718 post
2385 1648 2499 1702 hac
2519 1646 2758 1716 reliquos
2789 1687 2804 1712 ,
2833 1661 3004 1716 usque
3023 1646 3150 1700 dum
3173 1645 3283 1699 vita
3309 1651 3363 1700 et
3383 1644 3558 1699 virtus
3579 1644 3813 1715 suppetit,

2247 1738 2457 1792 discere
2487 1754 2593 1794 non
2623 1738 2892 1793 desinant.

567 1852 834 1923 regularia
882 1856 1079 1904 statuta
1135 1821 1304 1898 sancti
1361 1837 1614 1906 Simperti
1665 1833 2030 1888 continentem
2085 1826 2150 1880 de
2183 1821 2228 1881 Β
2261 1915 2291 1923 Α
2325 1827 2527 1923 Tertio,
2559 1837 2616 1923 ut
2638 1827 3085 1923 omnes-ofﬁcium
3115 1828 3287 1923 sancti
3317 1827 3587 1882 Benedicti
3617 1825 3815 1882 faciant.

566 1920 734 2004 verbo
759 1944 825 1998 ad
850 1941 1073 1997 verbum
1101 1937 1234 1992 satis
1261 1934 1386 1996 alta,
1416 1931 1559 1986 clara
1589 1936 1644 1982 et
1670 1920 1994 2008 intelligibili
2021 1933 2154 1972 voce

573 2037 802 2093 testibus
843 2031 1144 2087 astantibus
1187 2023 1422 2098 perlegi,
1467 2030 1730 2082 tenorem,
1773 2013 1866 2084 qui
1911 2009 2155 2080 sequitur

567 2125 950 2193 continentem.

570 2236 868 2306 Regularia
883 2233 1086 2306 decreta
1129 2235 1379 2306 asancta
1409 2221 1606 2306 synodo
1641 2219 1695 2272 in
1737 2213 2155 2306 tiu—san

687 2282 1024 2372 Inlaudati
1037 2282 1251 2371 patricii
1272 2307 1318 2348 et
1343 2282 1474 2372 regis
1498 2291 1850 2372 Romanorum
1872 2282 2152 2372 celebrata,

642 2351 714 2431 £2
724 2351 734 2359 '
750 2351 1066 2429 memoriam
1081 2351 1230 2422 uerbo
1251 2377 1296 2420 et
1323 2351 1512 2434 scripto
1529 2357 1876 2434 ρναιεεηιίὺιιξ
1886 2351 2154 2434 fratribus

643 2379 712 2431 ad
750 2379 1054 2429 memoriam
1081 2379 1230 2422 verba
1251 2379 1296 2420 et
1323 2379 1512 2434 scripto
1571 2379 1873 2413 ra'scmwus
1899 2379 2154 2423 (rutrwus

643 2443 942 2501 monasterii
989 2437 1347 2494 Murbacensis
1393 2379 1654 2505 pateliictq
1700 2445 1792 2505 per
1840 2424 2156 2505 Simpertunt

641 2517 879 2570 abbatem
917 2512 1148 2582 ejusdem
1185 2507 1286 2560 loci
1337 2500 1403 2582 et:
1433 2500 1654 2574 episcopi
1687 2500 2042 2568 Augustensis,
2071 2500 2157 2546 cui

643 2585 843 2656 synodo
868 2574 1106 2651 interfuit
1136 2574 1502 2648 personaliter.

639 2699 722 2755 Ad
757 2695 1074 2752 memoriam
1102 2699 1362 2751 vestram,
1406 2685 1601 2741 fratres
1632 2677 1956 2742 charissimi,
2003 2690 2158 2731 revo-

564 2805 691 2846 care
731 2788 934 2856 scripto
976 2783 1314 2839 decrevimus
1341 2795 1407 2833 ea
1435 2792 1554 2847 qua:
1582 2772 1763 2829 verbis
1798 2780 1852 2826 et
1885 2766 2153 2838 capitulis,

565 2897 686 2953 qua:
707 2879 781 2934 ibi
801 2879 1008 2949 digesta
1031 2882 1172 2938 sunt,
1198 2873 1352 2943 quasi
1374 2867 1868 2940 recapitulationem
1898 2863 2156 2953 facientes

566 2952 939 3043 possibilitatis
981 2974 1036 3020 et
1075 2963 1413 3019 necessitatis
1439 2962 1492 3019 in
1516 2960 1596 3018 eis
1621 2957 1902 3011 commoda
1933 2952 2158 3022 requisi-

565 3061 776 3124 vimus,
835 3056 962 3126 quia
1011 3055 1257 3124 qumdam
1305 3051 1376 3106 ibi
1428 3048 1726 3106 secundum
1778 3044 2156 3100 auctoritatem

566 3151 785 3224 regulae,
827 3146 1072 3220 qumdam
1114 3161 1240 3202 vero
1277 3161 1377 3199 usu

568 3253 715 3309 sunt,
753 3258 872 3313 quae
901 3240 1251 3303 consuetudo,
1283 3237 1326 3292 si
1355 3235 1535 3306 aliquo
1569 3234 1701 3288 vitio
1745 3238 1996 3300 corrupta
2043 3245 2150 3283 non

568 3334 748 3399 fuerit,
769 3349 870 3403 pro
892 3332 1006 3403 lege
1032 3329 1259 3402 regulari
1284 3327 1551 3398 inculpate
1579 3325 1799 3380 retineri
1826 3322 2043 3393 poterit.

635 3425 820 3480 Primo
866 3423 1008 3478 enim
1055 3420 1288 3491 capitulo
1327 3416 1700 3474 denuntiatum
1743 3423 1848 3478 est,
1898 3423 1977 3478 ut,
2029 3425 2150 3468 cum

566 3517 788 3572 abbates
843 3515 909 3570 ad
949 3513 1166 3584 propria
1208 3511 1325 3566 loca
1371 3515 1722 3572 remeassent,
1773 3505 2013 3576 regulam
2056 3519 2153 3574 per

563 3608 774 3680 singula
800 3605 1150 3662 discutientes
1184 3603 1484 3674 relegerent
1513 3609 1568 3657 et
1608 3598 1985 3670 adimplerent,
2009 3597 2154 3668 quod

566 3715 598 3756 a
625 3701 780 3756 nobis
822 3700 876 3755 in
903 3697 1236 3754 discussione
1264 3696 1552 3750 verborum
1588 3694 1741 3765 juxta
1770 3691 2044 3746 modulum
2072 3690 2153 3745 in-

564 3785 874 3862 télligentia:
919 3797 1118 3843 nostrae
1166 3794 1344 3842 actum
1387 3794 1488 3840 est.
1541 3784 1634 3839 llla
1667 3797 1796 3839 vero
1842 3779 2152 3851 adimpletio

567 3895 674 3936 non
699 3880 752 3933 in
775 3878 948 3949 spatio
969 3877 1224 3947 temporis
1249 3877 1388 3931 sicut
1417 3876 1509 3929 illa
1547 3873 1943 3944 interpretatio,
1976 3873 2069 3927 sed
2097 3873 2152 3926 in

567 3985 729 4025 cursu
754 3969 916 4023 totius
954 3967 1077 4025 vita:
1105 3977 1302 4023 nostrae
1327 3967 1570 4038 ponenda
1599 3975 1681 4021 est
1710 3967 1918 4019 duobus
1956 3964 2149 4029 modis,

569 4066 663 4113 aut
705 4057 1064 4128 adimplendo,
1095 4057 1322 4111 Domino
1347 4053 1652 4123 adjuvante,
1681 4054 2023 4124 sponsionem
2053 4070 2152 4109 no-

569 4157 767 4216 stram;
805 4157 896 4203 aut
918 4148 962 4204 si
987 4148 1222 4220 peccatis
1252 4147 1665 4218 surripientibus
1709 4147 2153 4216 praevaricatores

569 4248 773 4294 sancta:
817 4239 1016 4310 regula:
1062 4237 1384 4303 existimus,
1436 4235 1772 4292 emendando
1815 4237 2154 4308 regularibus

570 4323 885 4401 disciplinis.

644 4420 913 4484 Secundo,
945 4427 1022 4482 ut,
1058 4417 1149 4488 qui
1175 4424 1418 4488 possunt,
1447 4416 1684 4488 regulam
1718 4419 2030 4474 memoriter
2071 4417 2153 4474 di-

571 4519 804 4567 scerent.
824 4509 923 4566 Ubi
945 4508 1271 4579 jungendum
1298 4508 1618 4578 putavimus,
1649 4517 1728 4574 ut,
1753 4525 1872 4564 cum
1903 4525 1967 4564 ex
1990 4509 2148 4564 corde
2181 4517 2233 4580 ι)

570 4603 845 4658 recitanda
865 4601 1082 4665 dicitur,
1110 4616 1140 4654 a
1169 4599 1516 4655 dictatoribus
1542 4600 1804 4656 ordinatis
1831 4602 2153 4658 distantibus

568 4695 976 4763 interpretetur.
1005 4691 1274 4758 Quosdam
1301 4707 1428 4745 vero
1464 4700 1630 4746 totam
1655 4706 1752 4760 per
1774 4693 2015 4748 ordinem
2045 4711 2156 4750 me-

572 4783 761 4838 moria:
789 4783 1168 4839 commendare
1186 4780 1466 4850 jussimus,
1487 4782 1580 4852 qui
1603 4783 1859 4852 descripti
1890 4783 1943 4838 in
1969 4793 2152 4842 nostro

573 4875 818 4945 catalogo
840 4875 1201 4940 continentur,
1229 4890 1457 4944 quorum
1483 4890 1739 4929 numerus
1767 4891 1938 4944 usque
1962 4878 2030 4931 ad
2059 4877 2153 4932 tri-

573 4967 722 5037 ginta
752 4981 844 5023 sex
883 4967 1164 5020 excrescit.
1195 4964 1525 5031 Quibusdam
1551 4979 1678 5019 vero
1710 4966 1944 5035 capitula
1969 4967 2153 5023 decem

573 5073 639 5128 ex
668 5058 854 5111 eadem
898 5056 1077 5126 regula
1132 5054 1469 5110 denominata
1514 5055 1766 5112 discenda
1805 5056 2150 5126 injunximus,

575 5149 668 5222 qui
710 5149 869 5203 simili
903 5148 1058 5203 modo
1097 5149 1348 5217 descripti
1378 5157 1690 5214 noscuntur,
1731 5151 1834 5205 nisi
1861 5151 1998 5207 forte
2025 5159 2157 5208 tcta-

575 5242 645 5296 tis
667 5249 761 5296 aut
788 5241 932 5295 visus
955 5240 1392 5309 impedimentum
1414 5242 1483 5297 ad
1505 5243 1816 5298 discendum
1845 5245 2113 5300 obstiterit
2140 5262 2152 5298 :

570 5333 754 5406 saltim
785 5331 898 5386 ha:c
936 5331 1117 5387 clauso
1146 5332 1330 5388 codice
1359 5346 1424 5387 ex
1453 5333 1614 5390 corde
1643 5344 1865 5404 possunt
1887 5335 2151 5405 proferre.

545 5422 678 5490 Qui
717 5437 844 5478 vero
879 5438 978 5478 nec
1005 5440 1070 5478 ex
1108 5423 1318 5493 integro
1360 5441 1458 5480 nec
1486 5440 1551 5480 ex
1594 5435 1744 5496 parte
1790 5426 1892 5481 ista
1934 5441 2154 5496 percur-

575 5531 698 5570 rere
757 5515 1092 5584 nequierint,
1151 5517 1427 5572 audienda:
1489 5519 1767 5573 sententia:
1823 5519 2154 5589 singulorum

568 5612 860 5676 penetrent
887 5614 942 5661 et
985 5607 1155 5661 menti
1196 5616 1473 5676 reponant,
1525 5609 1579 5662 in
1621 5625 1725 5676 quo
1766 5624 1823 5664 se
1868 5611 2157 5679 participes

576 5697 808 5761 caeteris,
835 5698 879 5752 si
903 5713 1065 5768 opere
1099 5699 1279 5752 audita
1309 5699 1674 5767 probaverim,
1703 5715 1823 5754 esse
1869 5714 1974 5754 non
2003 5700 2158 5756 dubi-

579 5795 715 5840 tent.
757 5787 858 5843 Ubi
901 5790 1062 5844 etiam
1109 5789 1408 5844 addendum
1455 5798 1558 5860 est,
1603 5799 1659 5844 ut
1709 5789 1884 5845 nullus
1927 5789 2156 5845 fratrum

2254 1914 2406 1982 Quod
2460 1914 2752 1985 capitulum
2816 1914 2922 1969 illis
2981 1914 3375 1970 observandum
3428 1916 3694 1978 convenit,
3737 1915 3816 1983 qui

2254 2007 2515 2062 hactenus
2561 2006 2816 2062 Romana:
2862 2007 3116 2062 Ecclesim
3163 2007 3338 2062 ofIicio
3379 2008 3478 2063 sub
3523 2008 3817 2064 monachico

2254 2100 2440 2153 habitu
2469 2099 2722 2168 degentes
2751 2101 2832 2154 usi
2857 2111 3000 2154 sunt.
3032 2100 3140 2155 Nos
3165 2117 3313 2166 vero,
3341 2102 3429 2170 qui
3457 2101 3524 2155 ab
3552 2101 3679 2171 ipsis
3700 2117 3818 2171 pene

2254 2191 2536 2246 cunabulis
2571 2207 2600 2244 a
2638 2190 2929 2259 majoribus
2967 2193 3165 2247 nostris
3199 2193 3393 2247 eruditi
3430 2192 3484 2246 in
3515 2193 3701 2248 eadem
3727 2194 3818 2249 dis-

2253 2285 2520 2354 positione
2557 2285 2822 2351 viximus,
2872 2285 3130 2356 quidquid
3171 2285 3336 2340 menti
3386 2277 3658 2349 occurrit,
3695 2286 3818 2356 quod

2255 2375 2576 2447 negligentia
2601 2378 2965 2448 przetermisit,
2995 2377 3300 2432 emendatio
3329 2376 3578 2446 supplere
3606 2377 3817 2439 debebit,

2255 2468 2307 2522 id
2344 2476 2444 2533 est,
2481 2484 2668 2523 omnes
2698 2471 2845 2524 horae
2883 2471 3156 2525 canonica:
3188 2478 3299 2523 tam
3337 2469 3402 2524 ad
3442 2478 3732 2522 nocturnas
3757 2468 3822 2522 vi.

2254 2559 2430 2627 gilias,
2461 2574 2621 2628 quam
2659 2559 2726 2614 ad
2768 2559 2991 2617 diurnas
3034 2562 3196 2616 horas
3239 2569 3465 2630 excepto
3492 2560 3822 2630 compietorio

2255 2649 2564 2718 antiphonis
2609 2651 2988 2707 terminentur.
3039 2651 3454 2706 Hebdomadarii
3499 2652 3738 2724 legentes
3778 2651 3824 2706 in

2256 2741 2547 2816 refectorio
2600 2743 2858 2798 lectiones
2905 2759 3003 2813 per
3051 2743 3290 2816 singulas
3347 2745 3510 2799 horas
3557 2745 3824 2800 canonicas

2254 2837 2543 2906 unicuique
2575 2837 2805 2907 tempori
2832 2846 3205 2908 congruentes,
3237 2838 3292 2892 in
3331 2837 3563 2893 ecclesia
3591 2838 3822 2901 recitant,

2255 2945 2390 2999 quas
2421 2945 2515 2999 per
2555 2930 2799 2984 ordinem
2831 2929 3105 2984 memoriae
3139 2929 3538 2985 commendent.
3584 2927 3825 2985 Similiter

2254 3029 2310 3074 et
2338 3035 2448 3084 eas,
2478 3036 2598 3090 qum
2627 3029 2866 3090 tempore
2894 3022 3081 3076 :estivo
3125 3037 3190 3076 ex
3221 3022 3498 3091 prophetis
3529 3021 3596 3076 ad
3629 3030 3826 3075 noctur-

1425 3151 1477 3198 ει
1519 3139 1903 3196 consuetudine
1947 3136 2150 3208 prolata
2177 3159 2224 3221 ϐ
2257 3128 2354 3221 pars
2395 3113 2936 3221 .decantandznsunt,
2954 3114 3429 3221 pronuntiationes
3466 3113 3519 3168 in
3560 3115 3826 3221 choro-per

2257 3213 2366 3259 tres
2395 3206 2556 3259 horas
2583 3205 2889 3269 canonicas,
2918 3205 2970 3259 id
3005 3215 3108 3269 est,
3133 3205 3199 3260 ad
3221 3214 3534 3280 nocturnes,
3567 3206 3826 3265 matutinis

2254 3308 2309 3354 et
2334 3299 2654 3370 vespertinis
2697 3300 3052 3355 conventibus
3097 3301 3214 3356 sine
3257 3301 3650 3356 intermissione
3683 3300 3821 3353 fiant.

2253 3388 2452 3444 Psalmi
2475 3391 2719 3446 ordinate
2744 3391 2945 3460 absque
2974 3390 3078 3445 ulla
3118 3391 3464 3447 festinatione
3493 3392 3818 3446 divisionibus

2254 3479 2309 3535 in
2338 3481 2582 3535 versibus
2624 3481 2908 3536 custoditis
2947 3481 3275 3551 psallantur,
3321 3484 3593 3538 orationes
3635 3497 3742 3552 qua:
3787 3495 3820 3534 a

2255 3574 2532 3627 sacerdote
2567 3574 2882 3639 recitantur,
2919 3589 3088 3643 usque
3137 3575 3206 3629 ad
3243 3575 3562 3630 divisionem
3590 3588 3824 3629 versuum

2257 3664 2324 3718 ab
2348 3664 2537 3719 eodem
2566 3664 2844 3720 sacerdote
2882 3665 3154 3732 dicantur,
3181 3681 3243 3721 ac
3271 3667 3463 3721 deinde
3513 3667 3830 3736 subsequen-

2256 3753 2330 3808 tia
2381 3755 2728 3825 congregatio
2779 3756 3117 3826 respondeat.
3180 3756 3668 3827 Quinquagesimus
3725 3757 3828 3811 sine

2255 3843 2570 3900 confusione
2616 3843 2843 3914 alicujus
2889 3847 3330 3916 prmeipitationis
3359 3846 3538 3902 choris
3575 3847 3831 3901 alternan—

2254 3936 2401 3992 tibus
2449 3939 2707 3993 dicatur:
2749 3937 2910 4008 Kyrie
2954 3938 3159 4010 eleyson
3209 3939 3262 3993 in
3301 3939 3489 3994 ordine
3531 3956 3632 3995 suo
3684 3939 3829 3994 simul

2255 4028 2446 4082 stando
2472 4029 2719 4083 ordinate
2750 4029 3054 4084 decantent.
3090 4029 3166 4084 Ea
3206 4046 3332 4084 vero
3357 4045 3477 4100 qum
3517 4031 3570 4086 in
3611 4030 3830 4101 regulari

2257 4118 2637 4174 distributione
2676 4120 3002 4190 psalmorum
3040 4120 3106 4176 de
3153 4137 3253 4176 usu
3293 4122 3544 4176 Romana:
3591 4123 3833 4178 Ecclesia:

2254 4212 2433 4267 addita
2468 4222 2613 4278 sunt,
2655 4225 2709 4268 et
2752 4214 2804 4268 in
2835 4214 3154 4284 quibusdam
3191 4215 3451 4269 coenobiis
3495 4215 3552 4268 in
3603 4231 3704 4269 usu
3733 4229 3833 4269 non

2255 4304 2541 4370 habentur,
2576 4306 2751 4360 adhuc
2792 4306 2946 4359 nobis
2972 4306 3250 4360 retinenda
3293 4305 3624 4370 censuimus,
3675 4307 3837 4360 donec

2256 4397 2502 4451 consultu
2537 4396 2818 4451 meliorum
2867 4405 2958 4451 aut
3013 4395 3368 4461 dimittantur,
3416 4404 3509 4450 aut
3550 4397 3836 4452 tenendum

2257 4486 2487 4540 certiora
2517 4486 2828 4540 reddantur.

2324 4597 2546 4666 Quarto,
2597 4609 2658 4656 ut
2697 4601 2919 4656 abbates
2959 4615 3272 4656 communes
3311 4617 3431 4657 esse
3459 4601 3693 4658 debeant
3731 4601 3840 4672 ejus

2253 4693 2532 4747 monachis
2559 4692 2610 4746 in
2641 4693 3034 4759 manducando,
3058 4693 3112 4747 in
3141 4693 3391 4757 bibendo,
3419 4693 3473 4748 in
3503 4695 3836 4759 dormienda,

2242 4799 2349 4856 seu
2378 4784 2432 4839 in
2459 4785 2668 4840 caeteris
2698 4785 3022 4855 quibuslibet
3066 4785 3264 4840 causis.
3295 4785 3351 4839 in
3395 4784 3498 4840 hoc
3523 4786 3729 4858 quippe
3758 4801 3841 4842 ne-

2253 4879 2399 4950 gotio
2433 4879 2512 4932 uti
2538 4877 2769 4950 regulari
2791 4885 3059 4949 potestate
3082 4877 3226 4943 volo,
3265 4878 3350 4932 cui
3380 4893 3486 4934 non
3528 4877 3842 4948 przejudicat

2253 4970 2480 5040 alicujus
2541 4986 2693 5026 nova:
2746 4970 3146 5027 constitutionis
3205 4986 3455 5026 censura.
3509 4969 3637 5026 Sive
3698 4972 3840 5027 enim

2253 5063 2525 5118 communi
2553 5063 2716 5128 victu,
2749 5078 2842 5118 seu
2871 5063 2924 5116 in
2955 5061 3281 5116 abstinentia
3308 5061 3587 5134 singulari,
3615 5064 3842 5133 quilibet

2255 5170 2470 5211 rumore
2495 5155 2637 5224 vulgi
2666 5154 2902 5226 respergi
2933 5153 3151 5224 poterit,
3187 5153 3331 5223 quod
3359 5161 3413 5207 et
3443 5153 3694 5223 exentplo
3725 5152 3843 5208 Sal-

2255 5247 2457 5300 vatoris
2492 5253 2545 5300 et
2572 5246 2688 5316 ejus
2711 5245 3062 5314 prmcursoris
3095 5243 3294 5298 factum
3337 5243 3689 5314 dignoscitur.
3735 5244 3842 5300 Nos

2254 5349 2384 5389 vero
2410 5335 2549 5390 sicut
2574 5335 2627 5388 in
2663 5342 2927 5388 conventu
2959 5334 3184 5388 fratrum
3217 5334 3560 5389 infirmitates
3596 5334 3842 5404 corporis

2251 5412 2426 5481 nostri
2471 5424 2848 5494 exposuimus,
2896 5441 3005 5480 non
3053 5425 3108 5479 in
3163 5433 3370 5478 tantum
3417 5425 3841 5494 obtemperando

2257 5517 2392 5588 gula:
2435 5517 2719 5581 illecebris,
2759 5525 3019 5586 quantum
3063 5516 3390 5572 consulendo
3429 5518 3842 5575 necessitatibus

2257 5607 2516 5676 corporis,
2543 5606 2619 5660 sic
2647 5607 2844 5660 victum
2874 5615 3115 5662 nostrum
3147 5607 3371 5662 Domino
3396 5607 3708 5663 moderante
3737 5609 3842 5663 disc

2257 5713 2456 5767 ponere
2481 5698 2745 5767 cupimus,
2788 5707 2846 5752 ut
2896 5707 2949 5753 et
2987 5698 3248 5756 sustineat
3298 5697 3366 5754 ad
3418 5698 3591 5767 utilia,
3633 5708 3691 5754 et
3732 5714 3841 5754 non

2247 5799 2449 5864 noceat
2476 5789 2544 5846 ad
2577 5790 2820 5845 adversa.
