4026 6364
179 421 266 492 ἰιι

1401 411 1808 508 REGULARIA
1849 416 2190 475 STATI’TA.

3325 425 3430 480 749

253 546 453 610 Quinto,
484 545 542 592 ιιι
577 534 771 591 fratres
797 533 850 590 in
880 533 1128 604 coquina,
1185 524 1236 588 in
1276 534 1522 605 pistrino,
1563 543 1618 588 et
1651 549 1748 588 εει)-
1777 537 1824 594 Α
1853 532 2153 586 nullatenus
2183 531 2296 586 ﬁeri
2338 539 2513 600 potest
2545 537 2764 603 propter
2800 523 3044 591 notitiam
3088 530 3347 607 locorum,
3374 544 3429 598 in

200 639 310 694 teris
343 630 524 688 olliciis
569 637 765 683 artium
815 627 1048 697 propriis
1088 623 1334 679 manibus
1380 623 1643 688 laborent,
1693 629 1750 676 et

200 727 488 783 vestimenta
517 736 614 776 sua
642 720 850 772 lavent:
884 718 938 771 in
978 716 1244 770 lavatione
1270 715 1500 768 vestium
1529 714 1746 782 antiqua

199 809 502 874 consuetudo
526 818 786 870 teneatur,
813 815 891 871 ut,
921 807 1011 878 qui
1037 821 1133 876 per
1158 821 1216 860 se
1242 812 1483 874 possunt,
1511 800 1706 858 faciant
1731 816 1746 869 ;

200 910 276 980 qui
301 922 423 962 vero
455 904 605 960 senio
641 911 734 956 aut
775 901 1086 956 inﬁrmitate
1133 899 1407 965 deﬁciunt,
1452 909 1578 952 cura
1617 914 1752 968 prm-

198 998 336 1072 positi
368 999 434 1052 ab
459 995 580 1050 aliis
620 991 786 1062 adjuti
813 1007 1001 1047 eorum
1043 989 1337 1044 necessitas
1366 988 1665 1057 expleatur.
1695 987 1750 1040 In

197 1085 552 1146 calceamentis
580 1099 708 1138 vero
746 1090 802 1137 et
837 1081 1174 1136 vestimentis
1215 1079 1538 1134 consucndis
1579 1078 1756 1130 adhuc

197 1177 443 1234 ordinatio
472 1185 658 1232 nostra
706 1182 968 1235 teneatur,
1014 1173 1085 1226 ita
1112 1178 1171 1224 ut
1207 1169 1297 1240 qui
1327 1185 1424 1239 per
1453 1183 1510 1223 se
1549 1170 1651 1222 hoc
1679 1167 1757 1219 fa-

197 1285 304 1326 cere
328 1266 620 1336 potuerint,
661 1263 861 1320 faciant
887 1281 900 1317 :
926 1261 1120 1332 quibus
1157 1277 1287 1316 vero
1319 1275 1480 1314 causa
1512 1258 1759 1327 impossi-

187 1358 400 1416 abilitatis
428 1371 592 1428 supra
630 1354 899 1424 descripta
927 1353 1214 1415 obstiterit,
1246 1366 1375 1406 cura
1408 1347 1677 1420 praspositi
1704 1354 1759 1400 ct

195 1449 462 1507 ramerarii
487 1461 676 1503 eorum
719 1445 1008 1500 necessitas
1052 1449 1402 1504 sustentetur,
1431 1455 1500 1494 ne
1544 1440 1611 1493 ab
1640 1437 1759 1491 aliis

199 1542 325 1597 intus
349 1538 548 1592 forisve
571 1535 764 1592 solatio
795 1535 874 1589 eis
917 1533 983 1588 ad
1024 1534 1125 1588 hoc
1149 1531 1422 1602 quaerendi
1468 1529 1761 1583 necessitas

199 1630 475 1686 incumbat.
522 1627 741 1683 Interim
785 1639 935 1688 vero,
976 1637 1083 1692 quo
1121 1623 1235 1676 hmc
1283 1621 1458 1675 taliter
1483 1628 1758 1689 geruntur,

181 1717 480 1776 instruendi
503 1725 628 1773 sunt
653 1716 901 1780 fullones,
935 1724 1189 1779 sartores,
1221 1723 1431 1767 sutores
1455 1727 1560 1765 non
1596 1710 1761 1764 forin-

201 1827 336 1868 secus
371 1811 514 1865 sicut
540 1811 822 1871 hactenus,
854 1807 947 1861 sed
985 1807 1337 1867 intrinsecus,
1379 1803 1470 1872 qui
1511 1802 1612 1856 ista
1647 1799 1760 1853 fra-

1849 625 2044 694 quibus
2065 633 2320 693 pnesnnt.
2346 625 2563 679 Interim
2589 640 2717 680 vero
2737 635 2949 680 actores
2971 626 3094 681 boni
3117 630 3431 697 providendi

1849 723 1992 778 sum,
2023 716 2110 783 qui
2142 715 2394 782 praedicta
2423 715 2537 771 loca
2568 717 2620 770 in
2654 726 2928 786 posterum
2967 720 3302 788 provideant.

1923 803 2218 859 Undecimo
2255 822 2268 859 :
2306 815 2364 859 ut
2416 823 2571 876 poma
2609 816 2664 862 et
2706 807 2948 874 lactucae,
2995 809 3098 865 nisi
3138 827 3260 866 cum
3297 812 3436 869 alius

1850 893 2002 948 cibus
2049 892 2300 959 sumitur,
2356 911 2460 950 non
2514 898 2884 964 comedantur,
2923 903 3064 969 quod
3111 903 3294 958 statim
3340 904 3438 958 ad-

1853 983 2130 1054 impletum
2162 995 2263 1042 est.

1924 1077 2250 1133 Duodecimn
2272 1091 2399 1135 vero
2422 1081 2654 1151 capitulo
2684 1095 2779 1139 :ut
2814 1095 3022 1154 tempus
3055 1084 3435 1157 phlebotomia:

1855 1174 2064 1222 certum
2093 1183 2198 1222 non
2235 1170 2554 1226 terminetur
2584 1188 2595 1226 :
2626 1175 2726 1228 nisi
2771 1179 2984 1245 quando
3009 1180 3306 1236 necessitas
3345 1198 3438 1236 ex—

1855 1257 2046 1326 poscit,
2080 1259 2425 1314 concedatur.
2468 1259 2566 1317 Ubi
2588 1260 2917 1335 jungendum
2953 1277 3055 1333 est,
3087 1277 3166 1335 ut,
3199 1271 3289 1339 qui
3321 1279 3442 1325 tan.

1858 1349 2138 1402 tummodo
2181 1349 2679 1419 phlebotomantur,
2711 1356 3156 1427 quadragesimali
3203 1359 3322 1414 cibo
3353 1367 3440 1416 re—

1859 1445 2148 1490 creentur:
2176 1439 2266 1507 qui
2293 1456 2422 1495 vero
2447 1443 2718 1512 potionem
2748 1457 2846 1514 pro
2877 1448 3042 1502 certis
3072 1457 3164 1503 aut
3205 1449 3444 1504 denomi-

1861 1525 2003 1580 natis
2035 1526 2375 1596 passionibus
2417 1531 2680 1599 biberint,
2720 1550 2813 1589 esu
2862 1535 3158 1592 volatilium
3192 1553 3445 1609 reparen'o

1862 1625 1970 1671 tur.
2023 1617 2091 1671 Et
2118 1619 2238 1674 ideo
2265 1620 2531 1688 volatilia,
2563 1640 2684 1693 qua:
2723 1626 2788 1680 de
2823 1629 2993 1683 curtis
3028 1629 3229 1683 nostris
3257 1629 3440 1686 venire

1859 1726 2041 1766 annuo
2087 1721 2327 1784 tempore
2377 1718 2520 1772 soliti
2571 1720 2800 1784 fuerant,
2833 1724 2898 1777 ad
2926 1720 3026 1778 hoc
3063 1732 3440 1779 reserventur:

1865 1817 1985 1870 quas
2011 1818 2140 1858 vero
2168 1818 2232 1858 ex
2261 1815 2381 1862 acto
2409 1807 2582 1880 [Cod.,
2611 1811 2819 1884 exacte]
2853 1831 3016 1869 censu
3043 1817 3110 1870 ab
3139 1815 3447 1871 hominibus

179 1906 353 1959 tribus
379 1903 756 1958 necessitatem
789 1899 1109 1953 halentibus
1138 1895 1356 1960 faciant,
1382 1909 1501 1964 qua:
1536 1891 1763 1946 induciae
1797 1879 1840 1936 Β
1867 1895 2068 1949 nostris
2094 1906 2372 1964 venerant,
2397 1879 2729 1969 pensandum
2757 1879 2990 1974 qualiter
3020 1906 3070 1958 in
3103 1905 3324 1960 fratrum
3353 1923 3448 1961 nev

200 2010 348 2066 usque
379 1993 654 2048 Kalendas
691 1988 1034 2060 Septembres
1070 1988 1347 2057 proximas
1387 1985 1577 2039 danda:
1615 1989 1761 2038 sunt.

199 2085 247 2140 In
288 2082 609 2155 coquinandi
653 2096 780 2135 vero
809 2087 863 2134 et
900 2077 1215 2148 pistrinandi
1245 2084 1362 2130 arte
1390 2074 1442 2128 in
1481 2085 1766 2128 commune

202 2180 258 2234 ab
282 2177 530 2233 omnibus
565 2175 863 2244 adjuvetur,
893 2180 1002 2225 tam
1034 2187 1063 2224 a
1096 2168 1502 2240 scptemanariis
1545 2181 1706 2236 quam
1735 2181 1764 2218 a

201 2270 399 2341 reliquis
435 2268 710 2331 omnibus,
738 2266 932 2335 quibus
966 2263 1158 2318 solatio
1199 2263 1308 2317 sint
1350 2260 1535 2314 novitii
1569 2267 1622 2312 et
1656 2257 1765 2328 pul—

202 2371 360 2418 santes
402 2359 581 2414 nostri
612 2357 679 2412 ad
719 2359 821 2412 hoc
867 2354 1126 2424 deputati,
1168 2354 1336 2407 donec
1368 2352 1420 2406 in
1460 2349 1768 2418 supradicto

203 2455 352 2524 spatio
394 2450 659 2522 temporis
704 2448 902 2504 fratres
943 2451 1008 2502 ad
1059 2449 1163 2502 hoc
1205 2446 1489 2516 eligantur,
1530 2444 1620 2514 qui
1668 2443 1770 2498 hoc

204 2544 369 2598 annuis
397 2542 736 2613 temporibus
773 2539 1016 2594 excursis
1047 2537 1282 2592 vicissim
1312 2535 1584 2605 expleant,
1611 2543 1771 2588 caete-

205 2652 363 2692 rorum
393 2635 644 2691 omnium
669 2633 883 2695 solatio,
915 2631 1052 2685 sicut
1074 2630 1355 2689 hactenus,
1388 2625 1575 2694 adjuti.

263 2726 440 2792 Sexto,
485 2725 552 2780 de
586 2725 744 2778 modo
779 2722 1083 2793 vigiliarum
1129 2719 1486 2781 observando,
1533 2718 1672 2771 sicut
1716 2717 1771 2769 in

206 2819 283 2875 illo
306 2819 604 2890 capitulare
643 2817 971 2878 continetur,
1020 2813 1214 2867 sufﬁcit
1254 2812 1428 2876 nobis,
1474 2810 1526 2864 id
1569 2817 1672 2872 est,
1715 2815 1774 2862 ut

207 2926 319 2981 opus
345 2911 654 2981 vigiliarum
682 2923 894 2976 semper
918 2921 1038 2960 cum
1068 2905 1152 2959 die
1198 2901 1434 2966 finiatur,
1484 2900 1586 2955 nisi
1636 2899 1774 2953 forte

207 3002 448 3056 maturius
492 3000 768 3069 contingat
798 3011 1038 3067 surgere,
1067 2995 1156 3050 ubi
1188 3009 1410 3049 necesse
1455 3001 1537 3046 est
1584 3000 1644 3045 ut
1674 2991 1773 3044 im-

205 3094 444 3149 becillitas
471 3108 758 3164 corporum
779 3106 968 3148 somno
992 3087 1342 3143 refocillctur.

265 3183 520 3254 Septimo,
543 3193 604 3239 ut
623 3199 652 3237 a
675 3181 980 3237 volatilibus
1001 3179 1146 3233 omni
1171 3185 1410 3245 tempore
1432 3174 1500 3229 ab
1520 3171 1769 3230 omnibus

208 3275 546 3342 abstineatur,
573 3282 796 3345 excepta
833 3288 993 3328 causa
1021 3268 1369 3333 inﬁrmitatis,
1403 3267 1528 3321 licet
1561 3267 1663 3320 hoc
1687 3281 1771 3319 re-

209 3369 324 3439 gula:
357 3367 656 3423 auctoritas
687 3381 792 3420 non
823 3363 1124 3426 interdicat,
1152 3361 1246 3416 sed
1268 3359 1420 3429 quasi
1465 3359 1518 3413 in
1548 3357 1773 3412 arbitrio

210 3463 375 3517 edendi
416 3470 518 3517 aut
555 3459 854 3516 abstinendi
896 3457 1251 3524 derelinquat.
1305 3452 1667 3507 Decreverunt
1718 3451 1772 3503 in

212 3555 407 3625 praefata
437 3555 647 3625 synodo
669 3552 839 3607 sancti
869 3551 1054 3604 Patres
1085 3547 1207 3618 quia
1236 3545 1438 3616 optioni
1467 3553 1662 3599 nostra:
1690 3560 1776 3600 re-

215 3645 378 3700 lictum
412 3655 533 3711 est,
578 3644 930 3716 religiosioris
976 3642 1097 3695 vitae
1145 3653 1358 3694 sumere
1401 3636 1772 3706 disciplinam,

212 3751 393 3807 suoque
417 3745 691 3806 orazcepto
717 3734 1086 3797 ﬁrmaverunt,
1115 3740 1167 3785 ul
1199 3746 1229 3783 a
1261 3728 1353 3783 tali
1378 3727 1556 3782 edulio
1585 3742 1774 3780 mona-

211 3830 286 3885 cbi
315 3830 652 3886 abstinentiae
698 3826 852 3882 freno
900 3826 1046 3881 omni
1093 3833 1330 3893 tempore
1364 3821 1773 3885 cohiberentur,

211 3929 410 3990 excepta
440 3936 607 3974 causa
636 3917 974 3974 necessitatis
1003 3914 1386 3984 suprascripta.

271 4011 469 4068 Octavo
507 4021 563 4066 et
601 4025 743 4065 nono
789 4008 1055 4079 capitulis,
1098 4008 1150 4061 in
1192 4008 1387 4076 quibus
1426 4005 1625 4059 lavatio
1683 4018 1779 4072 pe-

213 4101 322 4155 dum
349 4102 401 4156 in
427 4099 856 4170 Quadragesima
889 4105 943 4152 et
985 4098 1150 4151 C(ena
1192 4095 1402 4150 Domini
1434 4094 1775 4158 describitur,

213 4191 336 4248 facili
358 4193 556 4248 ordine
577 4191 776 4262 poterit
807 4189 1102 4253 observari,
1134 4187 1178 4242 si
1204 4187 1369 4240 abbas
1404 4199 1640 4255 prmsens
1667 4181 1781 4238 fue-

213 4283 379 4340 ritzsi
407 4299 545 4348 non,
573 4281 912 4354 praepositus,
961 4279 1051 4350 qui
1101 4279 1155 4333 in
1199 4278 1314 4332 vice
1355 4275 1470 4346 ejus
1511 4284 1616 4342 est,
1640 4275 1780 4330 sicut

209 4369 391 4440 locum,
421 4375 500 4428 ita
533 4371 768 4428 ofﬁcium
793 4370 1076 4439 compleat.

270 4482 487 4539 Decimo
511 4501 524 4536 :
553 4489 612 4536 ut
637 4479 858 4536 abbates
887 4479 1194 4549 frequenter
1228 4478 1384 4532 villas
1409 4493 1513 4532 non
1549 4477 1779 4532 circum-

212 4581 320 4626 eant
337 4574 439 4628 nisi
477 4588 640 4628 causa
671 4570 1028 4634 necessitatis,
1050 4585 1151 4624 nec
1173 4568 1430 4624 fratribus
1458 4569 1576 4623 illas
1602 4577 1782 4624 custo—

211 4661 417 4716 diendas
463 4662 842 4717 committant:
873 4659 960 4714 ubi
990 4667 1186 4714 nostrtr.
1223 4659 1545 4713 visitationis
1590 4659 1782 4714 raritas

212 4752 402 4808 utinam
434 4761 648 4808 noceat.
678 4751 812 4804 Nam
850 4749 1292 4819 frequentationis
1318 4749 1619 4804 circumitio
1642 4749 1784 4803 inter

211 4829 352 4898 villas
380 4845 504 4898 ideo
534 4857 806 4912 nunquam
835 4840 894 4895 ﬁt
936 4857 965 4895 a
1007 4842 1180 4907 nobis,
1209 4842 1332 4910 quia
1377 4841 1520 4895 aliud
1559 4841 1784 4910 impedi-

186 4933 439 4987 mentum
471 4941 671 4987 nostra:
719 4931 1082 5000 occupationis
1110 4945 1207 4985 nos
1236 4930 1444 5001 fatigat,
1473 4929 1598 4985 dum
1643 4930 1784 4985 inter

211 5036 359 5077 curas
381 5025 728 5095 episcopatus
747 5031 805 5078 et
845 5021 1110 5092 palatinas
1150 5022 1515 5077 ordinationes
1544 5021 1688 5075 nulla
1716 5020 1783 5075 ad

184 5113 188 5146 ῖ
210 5115 561 5180 providendas
587 5100 952 5184 possessiones
980 5119 1194 5167 nostras
1220 5112 1372 5167 nobis
1409 5111 1623 5167 licentia
1659 5127 1783 5181 sup-

175 5216 179 5219 '
212 5203 353 5269 petit.
394 5203 504 5259 Sed
543 5205 682 5259 Deus
722 5213 794 5259 est
831 5204 995 5266 testis,
1041 5202 1132 5271 qui
1177 5203 1425 5258 conseius
1465 5213 1548 5258 est
1583 5203 1781 5268 cordis,

213 5296 346 5360 quod
369 5297 678 5360 in'terrenis
695 5295 1136 5365 occupationibus
1164 5311 1270 5349 non
1299 5303 1503 5364 sponte,
1525 5295 1617 5349 sed
1647 5294 1785 5348 invi-

213 5391 295 5438 tus
318 5386 580 5452 inharreo,
618 5388 711 5456 qui
736 5388 1062 5457 ‘qn’anquue
1095 5403 1125 5440 a
1170 5387 1384 5441 tributis
1413 5385 1642 5441 Caasaris
1686 5401 1785 5439 nos

216 5475 472 5540 absolvat,
522 5478 714 5546 quibus
765 5477 982 5532 obnoxii
1031 5491 1234 5540 sumus,
1268 5483 1328 5530 ut
1367 5475 1628 5541 seciirius,
1667 5491 1786 5545 quae

205 5564 477 5632 'Dci‘sunt,
501 5570 818 5638 quandoque
841 5569 996 5623 nobis
1020 5583 1178 5637 agere
1198 5568 1375 5624 liceat.
1402 5568 1616 5622 Fratres
1634 5583 1784 5633 vero,

217 5658 302 5725 qui
331 5659 384 5712 in
406 5659 633 5714 diversis
656 5660 968 5714 ministeriis
997 5659 1127 5713 l'ori's
1149 5659 1391 5728 occupati
1423 5659 1652 5724 fuerant,
1681 5674 1787 5712 me-

203 5748 301 5801 rdio
324 5748 585 5818 Augusto,
617 5765 740 5804 cum
767 5751 992 5804 mutatio
1017 5749 1258 5805 facienda
1287 5749 1418 5812 erit,
1449 5748 1560 5803 sive
1591 5749 1657 5803 de
1681 5749 1788 5803 cel-

214 5834 278 5890 lis
320 5853 418 5892 seu
461 5838 523 5894 de
556 5839 698 5894 villis
744 5841 810 5895 ad
851 5840 1154 5896 coenobium
1201 5838 1444 5903 redeant,
1477 5838 1620 5906 quod
1665 5848 1789 5893 ante

1866 1987 2097 2041 cessaria
2128 1987 2316 2044 utilius
2344 2000 2642 2047 vertantur.

1939 2076 2124 2131 Tertio
2153 2076 2364 2133 decimo
2407 2099 2418 2133 :
2473 2091 2531 2136 ut
2581 2085 2892 2140 mandatum
2926 2096 3046 2157 post
3077 2103 3287 2143 coenam
3334 2088 3448 2156 ﬁat,

1868 2168 2010 2237 quod
2041 2176 2094 2221 et
2121 2181 2278 2223 antea
2311 2171 2559 2227 similiter
2583 2172 2829 2230 fecimus.

1941 2255 2144 2322 Quarto
2190 2257 2402 2314 decimo
2435 2277 2446 2312 :
2482 2260 2636 2328 Quod
2663 2264 2730 2318 de
2755 2281 2982 2320 numero
3007 2270 3450 2325 vestimentorum

1870 2360 1964 2398 seu
1995 2345 2482 2414 calceamentorum
2523 2351 2724 2406 dictum
2768 2363 2870 2418 est,
2899 2356 3038 2410 etde
3063 2357 3280 2414 (latione
3305 2359 3453 2413 uncti

1868 2443 1924 2489 et
1967 2450 2184 2504 sapone,
2229 2438 2368 2492 sicut
2406 2440 2671 2497 hactenus
2718 2459 2747 2497 a
2790 2446 2943 2500 nobis
2973 2448 3314 2503 observatum
3347 2459 3448 2513 est,

1871 2525 2046 2582 adhuc
2098 2528 2314 2584 inantea
2341 2538 2588 2586 teneatur
2616 2551 2628 2586 :
2656 2543 2716 2588 ut
2745 2535 3104 2605 indigentibus
3133 2541 3452 2596 vestimenta

1869 2619 2243 2686 prmbeantur,
2288 2623 2561 2678 veteribus
2607 2624 2660 2678 in
2706 2628 2957 2694 praesenti
3007 2629 3230 2685 redditis
3274 2649 3286 2684 :
3333 2647 3454 2702 qure

1871 2725 2001 2763 vero
2029 2712 2469 2778 superabundant
2494 2714 2662 2781 priori
2699 2715 2993 2770 reddantur
3017 2728 3235 2790 propter
3257 2734 3456 2790 paupe-

1875 2815 1961 2855 res
2001 2801 2376 2856 consolandos.
2416 2802 2635 2858 Corium
2676 2821 2804 2860 vero
2847 2807 3152 2862 confectum
3201 2809 3457 2864 fratribus

1873 2890 2032 2945 detur
2079 2891 2144 2945 ad
2187 2907 2386 2945 annum
2443 2894 2581 2948 sicut
2643 2905 2798 2961 ante,
2849 2912 3017 2966 usque
3069 2898 3193 2952 dum
3245 2908 3457 2954 sutores

1873 2983 2200 3036 nutriantur.
2244 2983 2395 3038 Tunc
2430 2985 2792 3040 calceamenta
2819 2990 3182 3057 praebeantur,
3221 2990 3360 3044 sicut
3398 2991 3454 3044 in

1873 3076 2078 3145 synodo
2103 3075 2383 3134 deﬁnitum
2415 3086 2515 3131 est.
2552 3078 2789 3134 Radcndi
2823 3096 2952 3136 vero
2987 3099 3135 3147 usus,
3165 3085 3255 3152 qui
3284 3084 3460 3138 media

1873 3167 2285 3237 quadragesima
2324 3166 2532 3224 solebat
2557 3169 2693 3234 ﬁeri,
2733 3171 2787 3225 in
2825 3173 3111 3226 sabbatum
3157 3173 3327 3227 sancti
3355 3171 3460 3228 I’a-

1875 3259 2019 3313 schze
2048 3258 2346 3313 differatur.

1949 3347 2114 3402 Sexto
2155 3348 2366 3402 decimo
2405 3363 2533 3402 vero
2589 3359 2644 3403 et
2691 3350 2900 3405 decimo
2954 3353 3182 3421 septimo
3230 3353 3462 3423 capitulo

1875 3438 2007 3493 nihil
2048 3439 2351 3493 addendum
2386 3447 2497 3504 est,
2532 3441 2656 3508 quia
2697 3442 2836 3495 sicut
2866 3451 2989 3497 ante
3026 3458 3056 3496 a
3097 3444 3253 3498 nobis
3276 3446 3464 3500 obser-

1875 3537 2059 3583 vatum
2087 3538 2190 3595 est,
2217 3531 2296 3585 sic
2326 3529 2538 3585 inantea
2569 3531 2964 3586 observabitur.

1952 3619 2171 3674 Decimo
2207 3628 2399 3675 octavo
2439 3621 2678 3690 capitulo
2717 3623 2771 3676 in
2812 3639 2919 3693 quo
2953 3639 3142 3679 carcer
3183 3623 3307 3679 talis
3339 3622 3463 3680 ﬁeri

1870 3709 2110 3779 jubetur,
2139 3720 2197 3766 ut
2225 3711 2376 3767 focus
2405 3713 2458 3767 in
2487 3729 2552 3768 eo
2578 3713 2692 3768 ﬁeri
2721 3716 2890 3784 possit
2914 3733 2928 3782 ;
2961 3717 3061 3771 iste
3087 3733 3247 3787 quem
3273 3719 3460 3773 hacte-

1880 3818 1982 3856 nus
2022 3803 2308 3857 habuimus
2343 3803 2593 3870 sufﬁciat,
2626 3820 2796 3874 usque
2838 3807 2964 3861 dum
2995 3808 3114 3878 plus
3159 3809 3462 3864 necessaria

1879 3893 2128 3959 aediﬁcia,
2169 3909 2290 3964 qua:
2329 3896 2450 3966 igne
2475 3907 2792 3969 consumpta
2823 3906 2968 3964 sunt,
3001 3907 3389 3954 restaurentur.

1951 3985 2173 4040 Decimo
2218 4001 2360 4039 nono
2408 3985 2643 4056 capitulo
2688 3987 2753 4040 de
2807 3987 3028 4042 Alleluia
3091 3988 3466 4043 decantatione

1881 4079 2021 4134 sicut
2061 4079 2115 4133 in
2158 4079 2347 4134 eadem
2391 4079 2598 4150 synodo
2635 4079 2911 4134 definitum
2945 4090 3046 4146 est,
3077 4081 3332 4138 Romana:
3359 4081 3463 4138 Ec-

1882 4171 2059 4226 clesiae
2118 4171 2462 4237 concorditer
2491 4179 2550 4224 ut
2586 4170 2638 4224 in
2671 4171 3076 4242 Septuagesima
3140 4173 3463 4227 dimittatur.

1953 4261 2222 4316 Vicesimo
2279 4261 2516 4331 capitulo
2577 4262 2642 4316 de
2701 4264 3041 4332 susceptione
3106 4249 3462 4327 nbvitiorum,

1883 4353 2022 4407 sicut
2057 4352 2238 4422 regula
2265 4352 2442 4416 docet,
2473 4353 2546 4408 ita
2589 4362 2798 4424 agatur.
2853 4355 3096 4409 Tonsura
3123 4368 3250 4408 vero
3275 4368 3466 4408 eorum

1882 4451 1937 4498 et
1975 4444 2201 4497 mutatio
2227 4444 2674 4498 vestimentorum
2721 4453 3006 4516 postquam
3051 4444 3465 4514 promissionem

1810 4562 1860 4625 υ
1885 4553 2038 4591 suam
2083 4536 2421 4591 ﬁrmaverint
2463 4544 2672 4608 agatur.
2723 4537 2799 4590 De
2829 4536 3199 4591 sacerdotibus
3222 4551 3354 4590 vero
3382 4533 3465 4591 vel

1885 4629 2224 4683 scholasticis
2256 4628 2611 4699 suscipiendis
2635 4636 2960 4699 praeceptum
2997 4628 3184 4698 synodi
3229 4641 3333 4679 non
3361 4627 3464 4680 ha-

1883 4721 2092 4786 bemus,
2126 4729 2180 4774 et
2208 4721 2330 4776 ideo
2367 4721 2636 4790 susceptio
2668 4719 2855 4774 eorum
2895 4719 3180 4790 regularis,
3204 4727 3464 4788 quantum

1883 4811 2212 4881 possibilitas
2254 4811 2417 4874 sinit,
2467 4811 2758 4875 habeatur,
2811 4825 2984 4880 usque
3024 4810 3151 4864 dum
3191 4811 3464 4864 decretum

1885 4903 2221 4958 manifestius
2250 4903 2373 4957 inde
2400 4901 2672 4955 audiatur.

1956 5015 2224 5072 Vicesimo
2267 5015 2441 5084 primo
2489 5013 2722 5082 capitulo
2767 5029 2897 5068 usus
2927 5013 3102 5068 balnei
3146 5013 3466 5069 interdictus

1885 5107 2105 5161 omnino
2145 5112 2247 5167 est,
2291 5112 2514 5172 excepto
2558 5105 2753 5173 quibus
2800 5103 3092 5158 necessitas
3135 5102 3468 5158 inﬁrmitatis

1887 5199 2107 5252 insistit.
2157 5198 2308 5253 Unde
2347 5212 2444 5251 nos
2480 5198 2884 5252 considerantes
2928 5196 3263 5251 inﬁrmorum
3296 5196 3467 5250 imbeo

1886 5289 2138 5343 cillitates
2181 5301 2350 5356 usque
2394 5284 2461 5340 ad
2506 5287 2717 5340 initium
2750 5283 3183 5357 Quadragesima:
3237 5287 3466 5356 scaphas

1838 5409 1840 5412 -
1886 5377 2135 5432 balneum
2173 5375 2537 5430 concedimus.
2583 5375 2799 5429 Interim
2834 5392 2962 5431 vero
2995 5377 3124 5431 ﬁant
3162 5392 3311 5446 coptc
3337 5376 3468 5431 "bal—

1877 5468 2086 5522 'nearize
2109 5468 2441 5522 abundanter
2465 5467 2736 5536 prmpositi
2763 5477 2816 5546 et
2842 5467 3106 5524 cellerarii
3130 5466 3467 5546 ordinatione

1890 5559 2066 5624 factae,
2098 5561 2150 5613 in
2192 5560 2386 5628 quibus
2421 5559 2615 5614 fratres
2642 5545 2974 5630 singillatim,
3005 5570 3198 5626 etnon
3227 5545 3466 5614 commu-

1840 5659 1844 5689 ³
1889 5655 2052 5718 niter,
2099 5670 2219 5708 cum
2270 5654 2565 5708 necessitas
2613 5654 2883 5722 exposcit,
2936 5651 3306 5708 benedictione
3343 5649 3471 5707 ante

1890 5753 2162 5816 percepta,
2180 5746 2360 5798 lavare
2381 5745 2608 5814 possint,
2626 5745 2854 5799 invicem
2884 5745 2995 5798 sihi?
3007 5730 3195 5798 solatia
3224 5739 3470 5809 pricbcn-

1893 5840 2036 5892 tibus
2081 5839 2195 5892 sine
2239 5852 2456 5892 accessu
2505 5847 2904 5892 extraneorum.
2960 5837 3014 5889 In
3065 5836 3164 5889 hac
3209 5833 3468 5890 dilatione
