4026 6364
573 361 680 419 ’ΜΞ

1559 351 1619 419 s.
1662 352 1983 418 summ:
2022 358 2146 413 ABE

2247 358 2310 414 lS
2351 356 2832 418 MURBACENSIS
3709 363 3801 420 ἰα

572 490 680 529 non
727 467 1168 544 praevaricatores
1217 474 1424 546 synodi,
1455 474 1596 556 quod
1638 476 1800 538 absit,
1831 475 2018 536 simus,
2051 472 2145 528 sed
2173 477 2219 532 Α
2317 474 2604 556 Obviantes
2624 477 2723 531 sibi
2741 475 2984 544 juniores
3013 489 3044 528 a
3082 468 3352 544 prioribus
3380 483 3550 543 usque
3574 471 3640 528 ad
3675 489 3799 546 genu

574 563 801 621 induciis
840 563 1015 630 factis,
1042 580 1209 633 usque
1241 564 1365 618 dum
1397 551 1689 618 necessitas
1719 571 2059 634 procuretur.
2087 569 2148 616 ut

573 654 821 710 illicitum
857 656 1070 710 cautius
1097 654 1368 708 alferatur.

642 747 912 803 Vicesimo
943 748 1177 802 secundo
1217 745 1470 815 capitulo,
1503 745 1558 800 in
1602 758 1709 816 quo
1753 745 2060 816 praecipitur
2087 753 2148 799 ut

573 837 741 892 abbas
765 838 831 891 ad
860 847 1069 908 portam
1093 854 1211 892 cum
1240 837 1542 906 hospitibus
1580 853 1686 892 non
1712 837 1977 898 convivet,
2003 837 2147 904 quod

575 943 676 983 nos
713 927 769 981 in
802 944 900 982 usu
927 943 1197 996 nunquam
1242 927 1548 981 habuimus.
1595 917 1651 981 ln
1690 927 1957 982 auditorio
1996 941 2143 991 vero,

571 1018 663 1072 ubi
703 1017 866 1072 abbas
891 1017 1069 1086 legere
1104 1017 1238 1072 solet
1267 1026 1321 1070 et
1349 1033 1470 1071 cum
1513 1015 1772 1070 fratribus
1805 1025 1860 1069 et
1895 1031 2016 1069 cum
2051 1016 2147 1069 ho-

572 1107 801 1177 spitibus
821 1108 1056 1163 vicissim
1085 1124 1178 1163 seu
1207 1110 1566 1164 communiter
1592 1108 1915 1179 colloquium
1945 1109 2147 1163 habere

571 1203 760 1258 solitus
789 1209 892 1266 est,
921 1200 1200 1256 comedere
1239 1216 1360 1255 cum
1387 1200 1688 1268 hospitibus
1716 1199 1870 1253 valde
1909 1215 2032 1254 raro
2062 1187 2146 1253 usi

569 1310 775 1350 sumus.
815 1294 984 1362 Quem
1022 1310 1200 1358 usum,
1235 1293 1336 1347 nisi
1383 1294 1584 1348 certius
1627 1292 1997 1354 interdicatur,
2047 1293 2144 1346 ha-

567 1383 698 1439 bere
723 1382 986 1438 volumus.
1003 1383 1104 1448 Qui
1130 1382 1279 1436 locus
1306 1381 1357 1434 in
1387 1381 1620 1435 conlinio
1642 1379 1861 1434 claustri
1889 1389 1942 1432 et
1965 1377 2145 1446 ianua:

568 1475 882 1531 monasterii
911 1476 1045 1529 situs
1070 1481 1172 1539 est,
1203 1473 1275 1528 ita
1302 1481 1361 1526 ut
1389 1472 1584 1528 fratres
1617 1472 1732 1526 sine
1760 1469 2144 1540 impedimento

567 1567 858 1637 hospitum,
889 1577 942 1623 et
967 1567 1206 1636 hospites
1253 1563 1368 1620 sine
1411 1560 1670 1618 fratribus
1710 1563 1776 1617 ad
1817 1561 2144 1630 colloquium

567 1658 810 1728 recipere
837 1658 1025 1727 possit.

635 1750 906 1806 Vicesimo
952 1747 1115 1804 tertio
1157 1747 1430 1818 capitulo:
1473 1755 1534 1801 ut
1579 1741 1905 1817 hospitibus,
1944 1745 2140 1816 quibus

566 1838 783 1896 licentia
830 1840 1065 1895 intrandi
1105 1847 1188 1895 est
1232 1842 1288 1894 in
1332 1838 1696 1903 refectoriutn,
1727 1839 1886 1909 digne
1913 1838 2144 1892 adtnini-
2171 1814 2218 1874 Β

565 1941 769 1987 stretur
793 1948 806 1984 :
840 1933 976 1986 abba
1003 1947 1132 1986 vero
1160 1941 1442 1987 contentus
1471 1931 1542 1984 sit
1569 1930 1691 1986 cibo
1719 1926 1969 1994 fratrum,
2001 1929 2144 1999 quod

566 2023 723 2079 facile
780 2025 1172 2087 observabitur,
1209 2033 1267 2078 ut
1309 2033 1365 2078 et
1397 2024 1576 2078 abbati
1603 2023 1762 2094 digne
1800 2021 2145 2077 administre—

566 2117 656 2164 tur
683 2120 737 2166 et
767 2111 1086 2182 hospitibus.
1129 2111 1345 2167 Fratres
1373 2113 1534 2166 etiam
1573 2111 1627 2166 in
1654 2113 1884 2166 adventu
1915 2111 2141 2165 fratrum

567 2201 905 2271 aliquatenus
953 2204 1323 2273 congaudeant
1351 2211 1403 2257 et
1438 2203 1776 2258 abstinentiae
1819 2201 1970 2256 frena
2007 2201 2145 2256 rela-

566 2300 712 2350 rent.

636 2382 903 2442 Vicesimo
944 2395 1136 2456 quarto
1164 2395 1219 2441 et
1246 2386 1434 2456 quinto
1480 2383 1750 2455 capitulis,
1785 2401 1903 2456 quze
1951 2386 2018 2442 de
2064 2385 2142 2442 le-

562 2478 730 2533 ctoris
755 2479 875 2533 cibo
901 2489 954 2532 et
978 2478 1348 2532 ministrorum
1378 2477 1670 2533 refectione
1699 2478 1970 2548 descripta
1995 2486 2140 2546 sunt,
2189 2529 2202 2542 ,

564 2567 747 2620 statim
782 2562 1064 2622 observata
1103 2573 1246 2620 sunt.

636 2655 834 2712 Ultima
879 2671 1008 2712 vero
1055 2657 1158 2711 duo
1203 2650 1465 2727 capitula,
1511 2672 1630 2726 qua:
1673 2657 1738 2712 de
1779 2657 2144 2726 prohibitione

563 2745 731 2801 osculi
775 2744 1096 2800 feminarum
1138 2753 1194 2799 et
1229 2754 1290 2800 ut
1338 2746 1585 2800 monachi
1631 2745 1759 2799 nudi
1807 2762 1912 2799 non
1955 2747 2145 2800 verbe-

562 2844 769 2900 rentur,
799 2836 953 2890 istius
981 2835 1124 2890 modi
1151 2852 1280 2889 usus
1309 2837 1446 2905 apud
1473 2852 1569 2890 nos
1595 2851 1869 2904 nunquam
1899 2835 2016 2897 fuit,
2044 2852 2146 2892 nec

563 2919 791 2980 Domino
842 2924 1128 2994 adiuvante
1177 2927 1390 2980 inantca
1437 2926 1557 2980 erit.
1603 2923 1678 2982 De
1719 2927 2143 2996 compatratione

562 3023 618 3069 et
645 3015 1090 3070 commatratione
1114 3015 1334 3070 omnino
1362 3025 1637 3081 caveatur,
1673 3031 1741 3070 ne
1772 3019 1840 3072 ab
1879 3018 1989 3072 ullo
2024 3033 2143 3072 mo-

563 3105 860 3159 nachorum
887 3100 1061 3174 aliqua
1093 3102 1375 3160 occasione
1401 3095 1777 3176 praesumatur,
1809 3108 1934 3177 quia
1964 3107 2018 3163 in
2049 3123 2141 3162 ve-

562 3193 723 3248 ritate
753 3209 856 3248 non
885 3192 1102 3264 expedit
1128 3195 1411 3250 animabus
1440 3210 1648 3262 eorum,
1675 3199 1728 3250 et
1765 3198 1984 3253 omnino
2013 3197 2144 3252 alic-

563 3300 693 3339 num
727 3292 810 3340 est
847 3293 878 3338 a
906 3286 1180 3355 proposito
1209 3302 1418 3342 eorum.
1454 3288 1724 3344 Hactenus
1749 3291 2020 3361 explicitis
2047 3309 2142 3349 ca-

562 3375 765 3444 pitulis,
803 3390 920 3445 qua:
945 3378 1189 3445 proxime
1219 3377 1274 3431 in
1305 3392 1400 3434 sua
1437 3381 1641 3450 synodo
1671 3391 1820 3450 gesta
1851 3392 1999 3449 sunt,
2029 3393 2083 3438 et
2113 3401 2143 3440 a

561 3466 718 3521 nobis
748 3464 1136 3536 recapitulatis,
1155 3479 1442 3540 supersunt
1472 3467 1671 3540 aliqua,
1696 3488 1816 3542 quae
1847 3466 1933 3528 illa
1957 3476 2143 3530 schola

560 3558 949 3612 monachorum
991 3561 1046 3614 in
1094 3575 1192 3614 usu
1232 3560 1392 3616 habet
1423 3561 1577 3633 juxta
1619 3579 1851 3635 quorum
1899 3566 2144 3637 exempla

563 3659 662 3703 nos
692 3645 1016 3704 informandi
1047 3665 1250 3705 sumus.

633 3739 777 3794 Duas
818 3741 1015 3795 etenim
1073 3741 1274 3797 silentii
1327 3743 1541 3813 regulas
1587 3746 1936 3813 custodiunt,
1979 3763 2145 3803 unam

562 3839 905 3899 nocturnam,
947 3832 1168 3887 alteram
1215 3835 1484 3890 diurnam.
1532 3837 1624 3891 Illa
1654 3854 1775 3892 cum
1809 3847 2070 3895 nocturna
2113 3857 2144 3896 a

563 3921 850 3978 collatione
913 3925 1258 3994 vespertinali
1308 3943 1479 3996 usque
1533 3929 1601 3982 ad
1648 3944 1866 3984 versum
1925 3922 2144 4001 capituli

561 4013 932 4084 protrahitur:
959 4015 1048 4069 illa
1089 4031 1216 4071 vero
1247 4017 1438 4071 diurna
1483 4033 1513 4070 a
1540 4032 1698 4071 versu
1723 4020 1944 4089 capituli
1975 4036 2145 4090 usque

570 4101 638 4156 ad
688 4102 1048 4174 supradictatn
1111 4106 1470 4175 vespertinam
1523 4105 1886 4162 collationem.
1951 4109 2006 4164 ln
2053 4109 2144 4163 illo

561 4193 706 4249 enim
755 4195 1055 4250 nocturnali
1108 4195 1320 4250 silentio
1370 4194 1584 4266 penitus
1627 4195 1878 4268 loquendi
1929 4197 2142 4254 licentia

562 4282 847 4340 interdicta
894 4293 977 4339 est
1012 4303 1024 4338 ε
1067 4285 1121 4338 in
1165 4285 1396 4340 diurnali
1425 4303 1554 4342 vero
1588 4303 1710 4342 cum
1741 4289 1880 4344 alter
1911 4288 2142 4344 alterum

562 4377 930 4448 appellaverit,
957 4378 1070 4434 sive
1089 4377 1273 4447 junior
1300 4397 1329 4434 a
1357 4381 1566 4436 seniore
1589 4381 1788 4452 aliquid
1813 4379 2138 4454 requisierit,

561 4471 785 4526 silenter
808 4471 1011 4540 absque
1048 4469 1154 4524 ullo
1181 4471 1404 4540 strepitu
1429 4473 1576 4527 vocis
1603 4482 1658 4527 et
1684 4470 1902 4530 humilis
1931 4476 1990 4530 lit
2011 4492 2142 4532 con-

564 4559 845 4627 fabulatio,
872 4563 1058 4632 paucis
1092 4563 1245 4620 valde
1271 4573 1325 4619 et
1354 4564 1763 4621 rationabilibus
1788 4569 1989 4636 verbis,
2015 4571 2138 4624 nul-

562 4653 722 4724 laque
749 4655 828 4709 eis
852 4662 944 4708 aut
968 4651 1127 4709 simul
1149 4655 1323 4710 standi
1354 4666 1448 4711 aut
1488 4655 1810 4712 consedendi
1842 4669 1935 4714 aut
1962 4676 2142 4715 coam-

560 4741 781 4800 bulandi
831 4743 1027 4800 sinitur
1061 4762 1231 4812 mora,
1259 4756 1482 4819 excepto
1531 4748 1769 4804 discendi
1817 4759 1909 4805 aut
1951 4767 2144 4822 coope-

564 4834 720 4890 randi
768 4837 975 4906 gratia,
1027 4837 1120 4893 sed
1169 4854 1382 4909 semper
1436 4847 1528 4895 aut
1564 4839 1617 4894 in
1667 4837 1898 4896 lectione
1946 4852 2039 4897 aut
2086 4843 2141 4898 in

563 4939 728 4994 opere
761 4941 1015 4980 manuum
1053 4943 1241 4983 omnes
1286 4930 1447 4985 horas
1474 4930 1695 4986 diurnas
1716 4925 2055 4987 consumant.

633 5012 998 5080 Intervallum,
1013 5018 1157 5086 quod
1186 5019 1325 5072 inter
1339 5021 1472 5088 opus
1495 5019 1587 5074 Dei
1604 5029 1657 5074 et
1681 5021 1870 5076 horam
1893 5023 2144 5080 refectio-

563 5105 651 5160 nis
675 5105 983 5173 contigerit,
1025 5114 1117 5160 aut
1143 5109 1348 5162 orando
1397 5117 1491 5163 aut
1537 5109 1762 5181 legendo
1813 5114 2138 5185 transigunt,

565 5204 791 5265 excepto
821 5196 866 5250 si
894 5197 962 5252 ad
988 5197 1366 5252 necessitatem
1417 5209 1624 5256 natura:
1658 5203 1780 5272 quis
1822 5203 1902 5258 ire
1928 5204 2138 5259 debeat.

546 5288 884 5358 Ubicunque
905 5289 1073 5360 gloria
1109 5297 1307 5345 sancta:
1333 5288 1616 5348 Trinitatis
1667 5295 1779 5349 sive
1820 5294 1874 5350 in
1902 5298 2144 5354 oratorio

565 5381 679 5436 sive
699 5381 755 5435 in
776 5382 1017 5452 quolibet
1033 5383 1149 5440 loco
1173 5381 1492 5452 insonuerit,
1515 5386 1560 5442 si
1587 5395 1795 5444 stantes
1813 5399 1954 5455 sunt,
1973 5405 2144 5462 prope

547 5485 737 5544 "usque
765 5473 832 5528 ad
859 5473 1079 5529 humum
1107 5483 1521 5545 prosternuntur
1565 5494 1735 5549 usque
1785 5479 1912 5535 dum
1956 5490 2143 5538 sancta

566 5562 805 5622 Trinitas
829 5567 1156 5636 perdicatur.
1196 5565 1258 5622 Si
1289 5584 1416 5626 vero
1444 5572 1701 5637 sederint,
1731 5573 1800 5628 ab
1828 5573 1996 5629 humo
2023 5590 2144 5631 sur-

564 5665 751 5728 gentes
802 5660 1024 5728 gloriam
1076 5665 1405 5733 resurgendo
1449 5675 1504 5721 et
1557 5665 1861 5723 inclinando
1897 5666 2145 5725 deferunt

564 5760 768 5807 lantur
786 5747 1069 5807 'Trinitati.

2169 4513 2218 4572 ι)

2247 556 2595 619 deﬂexionem
2621 581 2846 634 corpora
2884 565 3216 620 humiliando
3264 572 3455 635 petunt
3495 563 3802 621 benedictio-

2248 671 2390 711 nem.
2419 657 2552 712 Cum
2582 658 2635 712 in
2661 659 2876 713 domum
2897 657 3188 726 quamlibet
3213 655 3558 720 intraverint,
3582 653 3666 711 ubi
3690 673 3802 712 con~

2244 753 2438 800 ventus
2492 745 2720 800 fratrum
2768 761 2887 802 esse
2917 748 3096 811 debet,
3147 745 3428 816 genuflexo
3473 753 3530 800 et
3586 747 3803 816 supplice

2246 827 2464 890 dextera
2494 845 2683 906 petunt
2705 831 3130 912 benedictionem
3160 836 3500 905 postulando.
3531 834 3590 890 In
3621 839 3803 893 saluta-

2246 925 2391 980 tione
2413 927 2682 996 hospitum
2711 915 2958 981 similiter
2982 935 3035 980 et
3057 925 3440 996 genuﬂectunt,
3471 934 3525 980 et
3544 927 3803 984 dexteram

2249 1024 2549 1070 terratenus
2578 1016 2874 1071 dimittunt.

2315 1098 2447 1160 Cum
2476 1113 2684 1176 tempus
2713 1107 2920 1178 legendi
2942 1117 3046 1174 est,
3075 1122 3346 1178 nunquam
3397 1105 3516 1163 sine
3570 1107 3806 1166 lectorivo

2246 1211 2343 1252 suo
2389 1198 2624 1253 residere
2678 1201 2896 1266 audent,
2947 1203 3039 1256 sed
3080 1200 3272 1271 singuli
3300 1200 3542 1270 singulos
3569 1197 3808 1259 habentes

2246 1289 2530 1345 lectionem
2560 1307 2712 1346 suam
2761 1293 2813 1346 in
2852 1294 2933 1348 eis
2979 1308 3247 1348 memores
3277 1291 3456 1365 [Cod.,
3507 1308 3658 1348 suam
3688 1294 3808 1349 meis

2247 1383 2527 1455 memoris]
2576 1386 2974 1449 commendant,
3028 1386 3118 1454 qui
3173 1386 3553 1454 quoquomodo
3591 1400 3622 1439 a
3671 1385 3840 1441 nobis

2247 1472 2410 1527 etiam
2442 1471 2570 1528 facti
2618 1475 2766 1540 fiant,
2807 1490 2837 1528 a
2885 1474 3039 1530 nobis
3085 1474 3440 1529 ordinandum
3467 1485 3569 1529 est.
3604 1463 3808 1529 iurandi

2247 1577 2375 1616 usus
2401 1563 2539 1632 apud
2562 1579 2655 1619 eos
2677 1565 2890 1634 penitus
2911 1580 3014 1618 non
3031 1563 3275 1628 habetur,
3295 1565 3438 1634 quod
3459 1565 3808 1634 evangelicum

2245 1655 2560 1710 mandatum
2621 1668 2746 1708 eum
2801 1655 3050 1709 omnibus
3099 1645 3420 1709 Christianis
3483 1655 3806 1710 interdicat:

2246 1755 2449 1815 quanto
2479 1747 2648 1816 magis
2678 1743 2763 1802 his
2812 1747 2903 1816 qui
2935 1761 3058 1801 eum
3083 1747 3301 1802 nomine
3327 1745 3636 1802 Christiano
3664 1747 3808 1801 etiam

2245 1837 2441 1893 saeculo
2465 1838 2977 1893 abrenuntiaverunt
2989 1876 3004 1891 .

2319 1926 2482 1983 Usum
2513 1927 2822 1983 Latinitatis
2849 1929 3028 1998 potius
3073 1943 3234 1998 quam
3266 1927 3608 2006 rusticitatis.
3639 1928 3810 1997 quinto

2244 2026 2330 2073 ter
2358 2035 2453 2074 eos
2483 2013 2788 2075 scholastici
2837 2030 2980 2085 sunt,
3032 2029 3350 2090 sequuntur.
3406 2012 3464 2074 ln
3518 2021 3611 2075 tali
3665 2022 3808 2075 etiam

2243 2109 2675 2165 confabulatione
2691 2111 2878 2165 notit'a
2893 2111 3293 2181 Scripturarum
3314 2111 3636 2181 aliquotiens
3661 2110 3810 2182 magis

2244 2214 2404 2269 quam
2434 2198 2663 2254 lectione
2683 2206 3016 2268 penetratur,
3048 2208 3102 2254 et
3127 2201 3362 2255 dictandi
3406 2217 3539 2267 usus
3583 2200 3808 2268 discitur,

2245 2300 2300 2346 et
2321 2294 2388 2347 ad
2413 2291 2724 2347 discendum
2749 2308 2940 2347 sensus
2960 2293 3189 2347 acuitur.

2317 2382 2443 2436 H:ec
2469 2393 2523 2437 et
2547 2382 2652 2436 alia
2679 2382 2878 2436 similia
2907 2384 3008 2447 his,
3040 2393 3157 2452 qua:
3179 2380 3342 2438 menti
3367 2399 3476 2438 non
3513 2391 3805 2445 occurrunt,

2247 2469 2300 2526 in
2374 2473 2804 2541 supradictorum
2862 2475 3254 2529 cmuobitarum
3330 2475 3809 2529 conversationibus

2245 2569 2516 2629 comperta
2540 2562 2822 2626 habemus,
2845 2561 2912 2616 ad
2939 2578 3165 2631 quorum
3193 2563 3436 2632 exempla
3457 2562 3809 2633 [informandus

2245 2667 2342 2722 per
2369 2651 2621 2708 universa
2650 2654 2801 2722 regni
2848 2655 2929 2708 sui
2967 2655 3214 2710 ccenobia
3256 2655 3548 2710 monachos
3595 2654 3810 2710 decrevit

2246 2743 2512 2813 imperiali
2536 2759 2786 2806 censura,
2813 2753 2871 2797 ut
2895 2760 3004 2798 uno
3044 2745 3204 2799 modo
3234 2760 3318 2808 ea,
3353 2760 3473 2814 qua:
3503 2761 3570 2800 ex
3599 2743 3813 2798 auctori-

2246 2843 2356 2888 tate
2379 2834 2597 2904 regulaz,
2616 2844 2708 2889 seu
2732 2829 2839 2898 illa,
2864 2845 2984 2903 quae
3018 2851 3081 2889 ex
3109 2835 3556 2890 consuetudinum
3577 2835 3814 2889 adiuven-

2248 2926 2395 2979 tione
2426 2931 2676 2994 aguntur,
2712 2925 2763 2978 in
2792 2939 2886 2978 usu
2915 2921 3232 2981 habeantu'r.
3283 2925 3434 2981 Unde
3463 2925 3811 2980 necessarium

2248 3029 2390 3079 reor,
2417 3014 2462 3069 si
2491 3024 2682 3070 vestra:
2721 3013 2897 3086 placet
2941 3016 3233 3081 dilectioni,
3263 3024 3322 3070 ut
3348 3017 3400 3069 in
3438 3017 3522 3071 his
3548 3024 3675 3070 ante
3696 3029 3813 3086 prte-

2249 3105 2439 3160 moniti
2468 3113 2741 3161 certamen
2767 3107 3033 3172 habeatis,
3067 3108 3120 3161 in
3144 3107 3228 3162 his
3255 3108 3505 3163 omnibus
3534 3107 3739 3168 instrui,
3764 3113 3814 3160 ut

2249 3195 2404 3250 bonis
2432 3205 2488 3251 et
2515 3197 2758 3252 honestis
2781 3197 3022 3252 moribus
3046 3198 3246 3253 exculti
3272 3213 3378 3252 non
3420 3206 3628 3252 tantum
3649 3211 3811 3252 coram

2247 3287 2360 3340 Deo
2388 3285 2707 3352 laudabiles,
2738 3288 2832 3342 sed
2861 3288 3025 3342 etiam
3048 3304 3232 3342 coram
3263 3288 3633 3342 hominibus...
3659 3285 3811 3356 possit
3887 3327 3889 3334 .

2247 3382 2314 3435 ad
2337 3382 2694 3437 humilitatem
2722 3391 2774 3437 et
2802 3383 3098 3452 gratiarum
3120 3383 3387 3438 actionem
3435 3390 3646 3437 caeteros
3667 3393 3806 3434 revo-

2245 3487 2391 3527 care.
2426 3471 2648 3527 Interim
2680 3473 2992 3541 providendi
3021 3483 3144 3528 sunt
3183 3487 3322 3527 unus
3365 3479 3461 3526 aut
3505 3471 3624 3536 duo,
3647 3469 3729 3540 qui
3751 3468 3800 3522 in

2246 3565 2690 3633 unumquodlibet
2729 3580 2792 3620 ex
2824 3563 2908 3620 his
2935 3565 3196 3621 coenobiis
3243 3566 3529 3620 mittantur
3554 3563 3620 3618 ad
3640 3577 3809 3634 specu-

2247 3653 2461 3708 landam
2483 3654 2648 3708 vitam
2667 3663 2723 3709 et
2743 3655 2982 3710 habitum
3002 3657 3235 3721 illorum,
3251 3657 3342 3726 qui
3367 3672 3464 3711 nos
3487 3656 3538 3709 in
3556 3655 3809 3716 omnibus,

2246 3746 2300 3801 in
2329 3747 2523 3816 quibus
2551 3731 2779 3802 fortasse
2827 3749 3141 3814 titubamus,
3173 3750 3432 3805 certiores
3460 3749 3700 3810 reddant,
3732 3745 3812 3815 qui

2245 3844 2298 3890 et
2329 3835 2434 3889 illis
2461 3835 2588 3891 boni
2617 3839 2847 3907 exempli
2877 3839 3047 3894 forma
3074 3840 3183 3894 sint
3221 3841 3287 3896 ad
3313 3855 3447 3910 quos
3488 3839 3813 3900 intraverint,

2244 3936 2297 3983 et
2322 3928 2478 3983 nobis
2505 3929 2621 3983 siue
2643 3929 2868 3986 zizaniis
2911 3932 3135 3987 mixtum
3184 3934 3419 3987 triticum
3463 3933 3814 4002 reponendum

2244 4015 2298 4073 in
2330 4020 2526 4075 horrea
2553 4030 2851 4087 reportant.

2316 4110 2490 4180 Super
2525 4112 2722 4183 quibus
2747 4112 2995 4168 omnibus
3021 4121 3075 4166 et
3121 4111 3344 4183 singulis
3373 4113 3498 4167 dum
3525 4089 3812 4174 reve’reizdi,

2244 4202 2586 4260 honorabiles
2633 4221 2698 4260 ac
2742 4205 2977 4276 religiosi
3030 4205 3130 4261 viri
3176 4205 3377 4262 domini
3430 4204 3740 4262 Waltherus
3759 4206 3817 4260 de

2243 4292 2535 4368 Wiltsperg
2555 4297 2742 4361 abbas,
2759 4295 3069 4353 Leonardus
3083 4298 3148 4352 de
3170 4297 3549 4352 Reichenstain
3573 4298 3815 4360 decanus,

2243 4385 2534 4454 capitulum
2560 4374 2655 4440 seu
2697 4395 2993 4442 conventus
3021 4387 3314 4457 imperialis
3347 4388 3668 4444 monasterii
3691 4387 3820 4443 Mur-

2244 4476 2494 4532 bacensis
2513 4477 2614 4532 sibi
2633 4492 2662 4530 a
2678 4493 2763 4532 me
2787 4487 2845 4532 ut
2866 4479 3080 4549 publico
3103 4478 3315 4534 notario
3341 4477 3649 4548 subscripta
3667 4495 3816 4534 unum

2244 4565 2327 4619 vel
2375 4567 2528 4636 plura
2573 4567 2847 4636 publicum
2898 4583 2993 4624 seu
3038 4569 3252 4638 publica
3281 4568 3399 4623 fieri
3429 4569 3704 4640 petierunt
3729 4575 3816 4630 tot,

2242 4666 2374 4727 quot
2427 4658 2626 4712 fuerint
2666 4660 2989 4725 necessaria,
3044 4661 3462 4715 instrumentum
3509 4661 3594 4716 vel
3623 4661 3820 4715 instru-

2243 4764 2365 4804 men
2375 4757 2425 4802 ta
2437 4787 2449 4800 .

2317 4857 2446 4913 Acta
2474 4865 2599 4913 sunt
2625 4859 2738 4912 haec
2758 4849 2927 4922 anno,
2959 4857 3270 4925 indictione,
3322 4859 3429 4924 die,
3481 4873 3670 4915 mense
3703 4855 3819 4913 dicti

2243 4949 2590 5004 Maximiliani
2616 4949 2981 5005 Romanorum
3006 4950 3147 5022 regis
3176 4961 3433 5020 tempore,
3465 4951 3585 5006 loco
3613 4959 3668 5005 et
3697 4951 3818 5004 hora

2243 5039 2441 5109 quibus
2464 5054 2645 5109 supra,
2661 5041 3018 5109 praesentibus
3040 5041 3236 5095 ibidem
3260 5040 3560 5096 honorabili
3587 5039 3817 5103 domino,

2244 5136 2297 5184 et
2326 5127 2576 5183 discretis
2604 5129 2736 5184 viris
2763 5127 2969 5184 Joanne
3014 5129 3134 5185 Ortt
3181 5131 3499 5201 presbytero
3553 5128 3818 5201 capellam

2245 5218 2602 5283 Murbaceusi,
2648 5228 2704 5274 et
2753 5219 3026 5276 Richardo
3079 5219 3278 5292 Muling
3320 5201 3484 5290 atque
3526 5219 3819 5277 Joannede

2243 5309 2546 5367 Wertheim
2568 5311 2806 5382 ejusdem
2835 5314 2934 5369 loci
2966 5313 3156 5370 incolis
3186 5315 3336 5370 laicis
3383 5315 3636 5370 litteratis
3682 5313 3822 5371 Basi-

2244 5401 2432 5458 liensis
2452 5404 2722 5471 ditecesis,
2747 5405 2975 5461 testibus
3000 5407 3067 5461 ad
3095 5405 3374 5476 praemissa
3395 5407 3600 5462 vocatis
3626 5405 3821 5476 specia-

2243 5492 2369 5548 liter
2395 5501 2451 5548 et
2481 5494 2700 5564 rogatis.

2316 5583 2383 5638 Et
2409 5598 2508 5654 ego
2528 5583 2851 5639 Wilhelmus
2885 5585 2950 5640 de
2977 5585 3314 5652 Hohcnhem,
3343 5593 3476 5653 etc.,
3505 5585 3676 5642 laicus
3695 5600 3820 5642 con-

2240 5673 2480 5748 iugatus,
2510 5675 2939 5732 Constantiensis
2965 5677 3153 5733 doctor
3179 5677 3426 5750 publicus
3473 5694 3621 5738 sacra
3651 5676 3818 5746 impe-

2249 5765 2366 5822 riali
2391 5765 2997 5840 auctoritatenotarius,
3026 5768 3153 5835 quia
3193 5767 3349 5824 dictae
3397 5768 3582 5823 rotula:
3631 5782 3824 5837 perga-
