4026 6364
180 405 288 462 7‘5

1016 402 1332 464 SANCTUS
1367 403 1759 463 LUDGERUS.
1795 433 1870 448 -
1904 402 2184 461 ΝΟΤΙΤΙΑ
2221 401 2603 461 HISTORICA.

3245 374 3248 378 ’
3351 401 3460 461 πο

183 530 377 574 minem
429 522 655 572 vetusta
704 530 800 572 seu
848 516 1052 596 chartae
1097 518 1435 572 Statutorum
1477 533 1541 571 ac
1573 531 1763 574 .eaare-
1787 530 1843 589 Δ
1866 515 2182 586 subscripsi,
2211 513 2500 585 publicavi,
2527 520 2583 568 et
2623 511 2676 566 in
2718 509 2860 566 hanc
2903 509 3175 581 publicam
3226 510 3458 570 formam

184 611 488 666 moniarum
557 607 886 678 regularium
959 615 1199 676 tempore
1273 607 1446 663 sancti
1509 604 1766 676 Simperti

185 702 523 762 usitatorum,
563 698 985 769 praisentationi,
1046 701 1362 770 receptioni,
1402 701 1762 770 requisitioni,

185 791 602 864 transumptioni
649 807 714 847 ae
752 793 1134 849 auscultationi
1180 796 1536 865 omnibusque
1566 796 1685 851 aliis
1711 805 1766 850 et

185 883 407 954 singulis
456 883 767 953 praemissis,
809 883 959 950 dum,
998 886 1139 941 sicut
1183 887 1547 956 przemittitur,
1576 887 1768 943 ﬁerent

186 983 238 1031 et
276 982 586 1046 agerentur,
619 990 723 1029 una
767 990 890 1030 eum
928 978 1332 1048 praenominatis
1375 980 1603 1035 testibus
1629 995 1765 1050 prte-

189 1082 303 1124 sens
332 1065 573 1130 interfui,
602 1082 772 1136 eaque
796 1069 976 1123 omnia
1001 1078 1056 1124 et
1080 1070 1288 1140 singula
1315 1069 1392 1124 sic
1429 1069 1544 1124 ﬁeri
1576 1070 1684 1125 vidi
1712 1078 1769 1126 et

192 1159 378 1214 audivi.
411 1159 617 1215 Idcirco
643 1177 884 1231 praesens
914 1157 1188 1232 publicum
1218 1163 1537 1233 transumpti
1560 1163 1762 1218 instru-

192 1261 417 1310 mentum
469 1269 569 1324 per
608 1268 696 1309 me
743 1252 973 1311 ﬁdeliter
1015 1255 1277 1326 scriptum
1305 1256 1498 1311 exinde
1533 1255 1763 1322 confeci,

1871 608 2075 679 redegi,
2105 607 2363 678 signoque
2382 614 2438 660 et
2466 605 2684 660 nomine
2723 603 2860 658 meis
2902 602 3075 658 solitis
3105 610 3159 658 et
3183 605 3460 662 consuetis

1870 702 2082 773 signnvi
2109 708 2328 768 rogatus
2349 699 2554 768 pariter
2571 705 2626 753 et
2649 697 2940 767 requisitus
2962 698 3016 751 in
3037 697 3196 754 ﬁdem
3222 708 3277 754 et
3306 701 3460 755 testi-

1871 793 2115 850 monium
2143 791 2380 845 omnium
2409 799 2463 845 et
2483 789 2838 860 singulorum.
2886 787 3138 844 Attamen
3164 796 3225 844 ut
3257 791 3460 846 veritas

1870 886 2046 956 magis
2071 885 2360 948 elueescat,
2388 890 2442 937 et
2473 882 2606 936 ﬁdes
2651 882 2806 951 plena
2838 881 3176 947 adhibeatur,
3209 896 3434 938 reveren

1871 980 1977 1034 dus
1997 992 2209 1047 semper
2234 992 2299 1031 ac
2323 974 2578 1031 colendus
2605 975 2834 1030 domnus
2865 975 3176 1032 Waltherus
3213 991 3354 1048 saepe
3376 975 3430 1031 di

1869 1078 1995 1127 ctus
2019 1069 2186 1124 abbas
2206 1067 2572 1123 Murbaeensis
2589 1081 2828 1136 praesens
2839 1066 3112 1136 publicum
3134 1066 3459 1136 transumpti

1868 1165 2290 1221 instrumentum
2337 1162 2498 1232 sigilli
2545 1161 2715 1231 ipsius
2760 1161 3086 1232 appensione
3132 1157 3460 1218 communiri

1867 1255 2002 1313 fecit
2030 1271 2096 1311 ac
2113 1254 2292 1325 jussit.

758 1509 850 1593 s.
910 1507 1468 1616 SIMPERTI
1525 1508 2092 1594 EPISTOLA
2149 1505 2835 1632 ENCYCLICA.

1306 1788 1463 1853 (Apud
1491 1789 1854 1852 Mabillonlum,
1875 1788 2122 1853 Aualeet.,
2140 1801 2191 1853 p.
2212 1787 2349 1853 418.)

249 1970 711 2027 Reverentissimaa
735 1971 1117 2028 matrifamiliae
1147 1972 1225 2027 ill.
1249 1970 1586 2039 Sindbertus,
1619 1975 1761 2030 dono
1791 1983 1840 2044 Β
1865 1974 2119 2046 migravit
2145 1973 2228 2046 (ut
2244 1970 2536 2046 credimus)
2563 1970 2631 2027 ad
2650 1969 2945 2034 Christum,
2971 1985 3077 2038 qua
3097 1985 3164 2026 ex
3181 1985 3242 2025 re
3262 1970 3462 2026 obnixe

191 2063 271 2118 Dei
291 2072 509 2120 vocatus
530 2064 816 2134 episcopus
838 2076 1000 2135 atque
1023 2065 1160 2120 abba
1182 2066 1247 2120 de
1269 2074 1598 2120 monasterio
1623 2064 1769 2120 Mor-

187 2156 292 2222 bae,
320 2159 371 2211 in
400 2157 628 2212 Domino
650 2168 910 2214 aeternam
935 2159 1184 2215 salutem.

244 2249 315 2304 De
339 2261 542 2306 caetero
572 2252 870 2321 comperiat
899 2252 1152 2307 melliﬁua
1197 2253 1436 2308 charitas
1483 2260 1669 2309 vestra
1695 2267 1762 2309 eo

181 2343 313 2407 quod
343 2341 512 2398 frater
542 2353 724 2398 vester
749 2344 969 2399 nomine
991 2343 1080 2398 ille
1106 2343 1190 2398 vel
1218 2343 1331 2409 ille,
1377 2344 1443 2399 de
1491 2342 1599 2400 hac
1644 2342 1765 2398 luce

1869 2066 2224 2122 obsecramus
2250 2065 2545 2119 almitatem
2571 2063 2832 2127 vestram,
2876 2071 2935 2116 ut
2958 2077 3057 2131 pro
3086 2060 3255 2131 ipsius
3280 2062 3458 2115 anima

1868 2158 1949 2214 sic
1971 2157 2234 2225 jubemini
2273 2155 2390 2230 (sic)
2424 2171 2583 2227 agere
2616 2156 2683 2211 de
2709 2155 2932 2225 psalmis
2963 2169 3056 2209 seu
3086 2153 3267 2208 missis
3299 2163 3462 2224 atque

1864 2250 2090 2320 vigiliis,
2109 2265 2207 2304 ceu
2234 2249 2425 2318 ingens
2453 2248 2666 2303 bonitas
2687 2255 2869 2302 vestra
2881 2246 3180 2301 consuevit.
3201 2244 3460 2314 Optamus

1867 2357 1965 2398 vos
1991 2343 2130 2397 bene
2154 2341 2355 2396 valere.

195 2490 3454 2520 Ἠ

1068 2589 1428 2653 EIUSDEM
1469 2583 1908 2654 INDICULUS'
1933 2593 2044 2653 AD
2088 2593 2556 2660 EPISCOPUM.

1610 2791 1840 2856 (Mabil|.,
1865 2793 2014 2858 ibid.)

255 2991 465 3053 Domino
518 2998 955 3056 reverentissimo
999 3001 1252 3072 episeopo
1276 3001 1353 3056 ill.
1405 3002 1747 3070 Sindbertus,

1857 3002 1940 3057 rio
1969 3002 2344 3072 Morbacnuna
2369 3021 2493 3061 cum
2531 3005 2810 3075 fratribus,
2841 3015 3101 3063 azternam
3136 3007 3192 3062 in
3239 3002 3456 3062 Christo

201 3087 351 3156 gratia
373 3089 462 3145 Dei
485 3100 706 3146 vocatus
729 3091 1014 3163 episcopus
1041 3102 1202 3164 atque
1226 3094 1364 3149 abba
1386 3093 1453 3148 de
1483 3104 1756 3152 monaste-
1783 3075 1831 3138 ο
1860 3096 1988 3154 Jesu
2015 3100 2244 3156 Domino
2263 3110 2451 3158 nostro
2482 3102 2734 3170 salutem,
2759 3110 2888 3168 etc.,
2915 3112 2971 3156 ut
2999 3118 3180 3173 supra.

209 3220 3457 3285 Ἢ

1433 3352 1607 3396 ANNO
1646 3353 1879 3398 DOMINI
1923 3357 2180 3401 DCCCIX.

547 3492 1631 3661 SANCTUS
1767 3497 3078 3663 LUDGERUS
3252 3694 3278 3702 __
3465 3681 3469 3689 .

1206 3763 1988 3829 MIMIGARDEFORDENSIS
2027 3766 2421 3826 Episcopus.
2555 3733 2714 3919 Béz.
2775 3756 2822 3846 Δὶ

581 3983 1022 4068 NOTITIA
1081 3923 1647 4063 HISTORICA.
1719 3986 1826 4066 IN
1889 3984 2374 4065 SANCTUM
2434 3981 3035 4064 LUDGERUM.

1193 4143 1359 4208 (Apud
1385 4143 1590 4206 Mabill.,
1614 4143 1724 4198 Aet.
1749 4142 1870 4195 0rd.
1894 4145 1948 4196 S.
1967 4145 2184 4210 Bened.,
2203 4157 2322 4198 sine.
2346 4143 2438 4208 iv.)

245 4309 292 4364 1.
305 4309 591 4382 Liudgerus
605 4323 701 4382 seu
715 4309 1015 4382 Ludgerus,
1033 4307 1152 4382 aliis
1166 4308 1495 4382 Luidgerus,
1504 4310 1756 4382 Luidige—

202 4395 360 4446 rusve,
405 4378 611 4450 primus
638 4378 1246 4449 Mimigardefordcnsis,
1287 4395 1428 4433 nunc
1482 4378 1751 4437 Monaste-

201 4451 390 4514 riensis,
422 4451 676 4507 Ecclesia:
701 4451 984 4520 episcopus
1011 4451 1150 4518 apud
1177 4450 1518 4519 Westpbalos
1541 4467 1633 4506 seu
1664 4469 1755 4508 oe-

204 4521 463 4608 eidentales
498 4519 763 4608 Saxones,
787 4522 880 4608 qui
914 4519 1101 4608 Frisiis
1129 4531 1184 4608 et
1214 4521 1436 4608 Francis
1483 4522 1757 4608 ltipuariis
1788 4549 1835 4608 Β

205 4589 321 4646 ﬁniti
344 4594 386 4646 ni
417 4602 542 4647 sunt
575 4634 589 4656 ,
627 4610 657 4646 a
690 4589 876 4646 multis
914 4591 1268 4656 scriptoribus
1300 4589 1602 4647 celebratus
1649 4604 1751 4649 est.

205 4659 392 4717 Primus
419 4664 500 4734 (ut
529 4664 681 4733 puto)
711 4661 992 4734 Altfridus,
1026 4659 1276 4734 Liu:lgeri
1307 4672 1429 4732 post
1447 4662 1757 4720 Gerfridum

205 4732 477 4797 successor,
533 4735 581 4788 is
617 4734 708 4803 qui
739 4748 880 4786 anno
910 4732 1014 4787 849
1069 4733 1248 4788 vivere
1306 4734 1483 4798 desiit,
1538 4735 1604 4789 de
1635 4737 1757 4790 Vita

206 4807 353 4858 sancti
386 4805 555 4859 Patris
585 4804 838 4872 Liudgeri
865 4803 1065 4872 aliquid
1111 4819 1360 4873 agressus
1383 4815 1465 4858 est
1497 4806 1755 4871 scribere,

190 4888 227 4919 ι
258 4884 503 4942 quatenus
539 4884 650 4929 tam
689 4875 991 4929 veneranda
1019 4873 1162 4928 illius
1191 4875 1436 4943 exempla
1477 4876 1660 4931 multis
1691 4878 1758 4932 ad

207 4943 586 5015 adificationem
649 4944 974 5014 proficerent
1016 4965 1035 4998 ι
1063 4986 1076 5008 ,
1128 4946 1279 5015 nefas
1329 4955 1523 5014 putans
1567 4966 1585 4997 ‹
1624 4948 1758 5002 tanti

208 5013 295 5086 viri
315 5015 471 5072 latere
514 5013 744 5070 virtutes
777 5037 821 5068 ι.
853 5015 983 5081 Quae
1035 5013 1239 5086 prologi
1269 5013 1384 5084 ejus
1433 5019 1593 5072 verba
1626 5019 1760 5072 satis

209 5081 433 5157 indicant,
475 5087 744 5142 neminem
773 5097 899 5141 ante
937 5081 1058 5141 eum
1093 5087 1141 5140 id
1172 5081 1507 5157 praestitisse.
1542 5087 1758 5142 Altfridi

209 5151 480 5213 lucubratio
511 5158 721 5212 duobus
749 5157 901 5212 libris
930 5151 1204 5222 contenta,
1244 5159 1297 5212 in
1328 5157 1519 5213 Martio
1548 5159 1760 5213 Bollan-

209 5223 343 5298 gliano
369 5230 509 5283 edita
537 5229 770 5298 primum
803 5237 885 5282 est
914 5245 1037 5283 cum
1067 5229 1296 5283 eruditis
1333 5231 1756 5285 commentariis.

208 5290 328 5351 idem
355 5290 728 5369 argumentum
776 5300 982 5353 duobus
1017 5299 1204 5354 itidem
1255 5300 1408 5354 libris
1448 5303 1762 5355 retractavit

209 5376 483 5439 anonymus
513 5369 807 5422 monachus
824 5369 1241 5435 Wertbineusis,
1265 5371 1508 5438 qumdam
1536 5373 1763 5427 subinde

209 5435 486 5512 admiscens
508 5439 751 5512 nonnihil
787 5441 861 5512 ab,
881 5439 1094 5512 Alifridi
1120 5435 1429 5496 narratione
1453 5442 1764 5512 discrepan-

209 5508 270 5579 tia
291 5527 302 5562 :
326 5509 476 5579 cujus
497 5510 738 5564 auctoris
760 5511 1107 5579 scriptionem
1131 5528 1194 5566 ex
1222 5512 1578 5566 Fuldensibus
1599 5508 1765 5568 mem-

206 5570 554 5655 branis'eruit
581 5570 1003 5655 Christopborus
1026 5582 1330 5655 Browerus,
1363 5583 1453 5652 qui
1488 5581 1761 5655 Otbelgri—

201 5655 329 5722 Illam
354 5651 606 5719 Liudgeri
628 5649 832 5722 socium
850 5652 966 5722 ejus
985 5652 1318 5707 conditorem
1342 5649 1461 5708 esse
1479 5649 1762 5709 existima-

197 5720 280 5793 rint.
315 5722 516 5778 Verum
552 5730 743 5793 auctor
770 5720 889 5790 ejus
931 5722 1063 5776 Vita:
1109 5724 1378 5778 scribebat
1406 5733 1528 5793 post
1560 5741 1760 5779 annum

191 5780 308 5863 864,
347 5803 406 5847 ut
439 5800 588 5863 patet
608 5808 676 5847 ex
713 5780 817 5846 lib.’
851 5809 910 5857 ιι,
937 5808 1056 5862 cap.
1088 5793 1178 5848 26.
1210 5780 1448 5849 Tertiam
1475 5795 1651 5851 Vitam
1682 5797 1764 5851 bi-
1803 5795 1808 5798 ·

186 5866 270 5917 Bis
318 5864 487 5922 etiam
514 5863 708 5919 libellis
735 5872 1093 5931 constantem,
1142 5880 1264 5937 qua:
1295 5880 1363 5921 ex
1387 5867 1595 5924 duobus
1619 5868 1763 5937 prio-

473 5957 744 6022 ΡΑϊιιοι.
781 5955 1014 6023 XCIX.

1860 4312 2013 4384 ribus
2044 4308 2275 4384 conﬂata
2305 4316 2406 4384 est,
2433 4311 2576 4384 typ_is
2603 4310 2843 4382 vulgavit
2865 4311 3055 4384 Sui-ius
3076 4311 3145 4384 in
3167 4314 3342 4384 prima
3366 4321 3452 4375 sui

1861 4382 2042 4452 operis
2069 4380 2480 4503 editione/snam
2510 4380 2910 4437 Browei'ianam
2937 4383 3055 4439 loco
3101 4380 3217 4451 ejus
3254 4389 3456 4444 substi-

1862 4461 2082 4503 tuerunt
2111 4452 2252 4503 tertii
2291 4450 2528 4503 etitores
2567 4452 2899 4503 collationis
2928 4452 3213 4503 Surianml.
3253 4456 3452 4503 Onam

1862 4450 2082 4508 tuerunt
2111 4452 2252 4506 tertii
2291 4450 2528 4505 editores
2567 4452 2899 4508 collationis
2928 4450 3213 4520 Suriana').
3253 4456 3456 4521 Quarta

1862 4524 2167 4594 rhytliniica
2191 4530 2294 4594 est.
2312 4538 2341 4575 a
2358 4524 2638 4594 monachis
2658 4523 3124 4579 Wcrthinensibus
3155 4525 3207 4577 in
3237 4529 3454 4582 modum

1863 4593 2220 4661 litanizejussu
2237 4593 2494 4646 Bernardi
2511 4595 2946 4648 abbatiscondita
2963 4595 3062 4648 sub
3076 4611 3272 4648 annum
3294 4597 3452 4661 ll-iO,

1861 4666 2059 4736 partim
2092 4663 2361 4736 iliblartio
2390 4663 2740 4724 Bollandiano
2786 4665 2953 4736 edita.
2991 4665 3275 4736 Brovverus
3306 4668 3457 4723 addit

1864 4733 2025 4790 aliam
2043 4739 2107 4788 ab
2124 4733 2331 4804 Ullingo
2348 4736 2614 4788 monacho
2633 4735 2983 4805 compositam
3003 4735 3101 4789 sub
3117 4735 3328 4790 initium
3345 4753 3452 4794 sae-

1863 4808 1967 4861 culi
1994 4824 2047 4868 x,
2077 4821 2195 4874 qua:
2215 4805 2396 4860 forsan
2425 4821 2528 4858 non
2549 4805 2651 4858 alia
2684 4815 2767 4858 est
2797 4821 2957 4875 quam
2987 4805 3269 4860 metricum
3290 4807 3454 4862 Liud-

1863 4878 1974 4948 geri
1990 4877 2221 4946 elogium
2238 4892 2266 4948 a
2281 4875 2641 4948 Bollandianis
2660 4875 2843 4948 iti'lem
2862 4875 3156 4947 vulgatum,
3174 4879 3262 4945 qui
3287 4880 3452 4932 etiam

1864 4947 2026 5002 aliam
2060 4947 2380 5001 reccntioris
2412 4948 2649 5000 auctoris
2691 4961 2749 5000 se
2781 4947 2970 5011 legisse
3000 4956 3288 5002 testantur.
3331 4948 3454 5004 Pri-

1863 5034 2007 5073 mam
2032 5033 2095 5072 ex
2129 5017 2211 5071 his
2235 5027 2290 5072 et
2312 5018 2600 5071 secundam
2629 5017 2716 5070 hic
2737 5018 2994 5072 exhibere
3016 5019 3188 5072 visum
3213 5030 3315 5084 est,
3337 5029 3450 5073 tum

1864 5090 1990 5159 quia
2026 5097 2255 5160 utraque
2285 5088 2520 5160 auctoris
2564 5096 2648 5142 est
2694 5087 2808 5142 fere
2853 5089 3076 5158 aequalis
3108 5129 3122 5152 ,
3157 5097 3282 5160 tum,
3321 5089 3450 5160 quia

1864 5157 2208 5214 Broweriaua
2278 5157 2530 5212 nonnulla
2595 5167 2837 5213 continet
2886 5157 3004 5228 quae
3053 5159 3104 5213 in
3172 5157 3452 5215 Altfridia-

1866 5247 1933 5283 na
1955 5246 2092 5302 nona
2117 5230 2389 5302 leguntur.
2444 5229 2654 5302 Primos
2703 5230 2837 5284 Viue
2884 5229 3256 5302 Liudgerianze
3283 5233 3453 5302 scrip-
3525 5283 3530 5287 .

1866 5308 2011 5355 tores
2028 5299 2424 5354 Werthinensis
2453 5299 2651 5355 litania:
2665 5301 2912 5355 conditor
2935 5303 3011 5354 ait
3036 5300 3203 5355 fuisse
3229 5324 3244 5351 ε
3267 5299 3451 5357 Otliél-
3553 5325 3558 5332 ι

1865 5371 2096 5441 grimum
2121 5371 2441 5441 discipulum
2468 5369 2603 5437 ejus,
2648 5369 2936 5425 Altfridum
2967 5371 3449 5426 Monasteriensem

1865 5439 2194 5512 episcopum,
2229 5439 2286 5496 et
2307 5439 2571 5510 Ullingum
2598 5443 2918 5497 emnobitam
2942 5441 3399 5498 Wertbinensem.
3427 5462 3446 5495 ι

1865 5512 2199 5582 Othelgrimo
2230 5521 2483 5580 tanquam
2507 5512 2766 5581 primario
2793 5513 2997 5568 auctori
3025 5513 3279 5568 tribuisse
3304 5513 3452 5568 vide-

1870 5591 1957 5637 tur
1985 5583 2274 5654 secundam
2297 5583 2495 5654 Vitam.
2524 5598 2643 5651 quae
2674 5593 2862 5654 tamen
2894 5583 3057 5654 paulo
3087 5584 3260 5639 serius
3300 5582 3446 5638 edita

1867 5665 1950 5709 est
1975 5669 2137 5724 quam
2158 5653 2479 5724 Othelgrimi
2499 5663 2633 5708 ictas
2663 5652 2819 5710 ferat.
2895 5652 2912 5654 ”
3492 5662 3494 5664 ’

1936 5724 1990 5778 2.
2019 5725 2225 5779 Praeter
2245 5725 2342 5779 hos
2371 5734 2622 5779 auctores
2653 5724 2743 5778 alii
2768 5741 2872 5780 non
2895 5725 3053 5793 pauci
3080 5726 3146 5780 de
3169 5737 3234 5793 eo
3261 5730 3451 5793 agunt,
3485 5751 3494 5762 η·

1867 5796 2185 5866 Dithmarus
2224 5795 2685 5866 Merseburgensis
2728 5792 3014 5866 episcopus
3051 5795 3113 5866 _in
3157 5792 3452 5866 Chronico,

1867 5865 2101 5924 Joannes
2129 5883 2157 5922 a
2188 5866 2372 5924 Leidis
2395 5866 2452 5923 in
2482 5861 3014 5938 Chronico’Belgieo,
3045 5863 3281 5924 Joannes
3303 5861 3454 5921 Belia

2931 5959 3012 6022 2b
