4026 6364
252 384 353 438 755

1388 392 1548 449 vm
1586 394 1657 483 s.
1688 393 2020 452 GREGOBII
2054 392 2365 451 sanans.

3416 408 3538 468 7M

253 502 457 557 abbate
483 510 541 557 et
561 511 897 575 praeceptore
926 518 1048 560 meo
1070 505 1139 559 ab
1164 505 1390 562 infantia
1409 526 1423 562 :
1441 508 1535 577 qui
1570 508 1638 563 de
1664 507 1833 565 nobili
1856 511 1915 575 Α
1936 510 2194 568 athletam
2224 512 2319 569 Dei
2347 516 2694 587 peregrinum
2724 527 2782 574 et
2818 527 3101 592 egentem,
3128 520 3531 596 gratulabunda

246 594 421 666 stirpe
471 593 807 651 Francorum
868 610 893 637 ιι
925 599 1262 669 progenitus,
1308 600 1592 655 nobilitate
1628 616 1842 657 morum

242 698 301 743 et
323 688 614 760 sapientiae
654 691 994 747 documentis
1037 691 1371 747 nobilitatem
1415 692 1599 748 saeculi
1630 694 1845 748 ornavit

244 798 309 839 ac
352 784 654 854 superavit.
700 783 871 851 Quam
914 786 1100 855 utique
1121 786 1458 857 spiritualem
1504 788 1842 844 nobilitatem

238 886 298 933 et
323 878 670 948 prudentiam
711 889 997 936 assecutus
1026 888 1112 935 est
1147 896 1178 935 a
1204 890 1393 937 sancto
1420 890 1659 953 martyre
1683 883 1843 937 Boni-

239 972 385 1027 facio
421 972 834 1044 archiepiscopo
873 982 928 1029 et
962 975 1224 1045 magistro
1247 991 1385 1030 suo:
1421 976 1513 1045 qui
1552 976 1605 1030 in
1652 977 1843 1033 diebus

237 1061 573 1117 nobilissimi
620 1064 881 1135 principis
918 1065 1250 1119 Francorum
1282 1067 1426 1137 regis
1452 1065 1595 1121 Carli
1632 1066 1698 1120 de
1726 1066 1843 1121 Bri-

237 1152 432 1208 tannia
486 1161 542 1208 et
579 1163 739 1225 gente
795 1154 1094 1226 Anglorum
1145 1156 1507 1212 clarissimum
1571 1157 1843 1227 quoddam

238 1246 397 1300 sidus
448 1247 732 1303 Franciam
776 1250 1000 1305 veniens
1026 1290 1041 1313 ,
1088 1251 1190 1305 sub
1254 1251 1473 1321 regibus
1517 1249 1843 1307 Carlmanno

238 1347 291 1391 et
329 1337 566 1409 Pippino
592 1338 836 1408 ejusdem
878 1342 1022 1411 regis
1055 1339 1198 1396 Carli
1231 1341 1640 1412 gloriosissimis
1670 1342 1799 1397 ﬁliis
1822 1381 1839 1407 ,

236 1429 403 1498 quasi
432 1428 511 1484 sol
539 1430 768 1485 rutilans
796 1431 849 1484 in
884 1432 1195 1496 sanctitate,
1228 1432 1486 1503 expandit
1521 1433 1706 1488 radios
1732 1431 1843 1485 vir-

235 1522 378 1577 tutis
430 1537 544 1577 sua:
579 1531 635 1578 et
661 1524 1064 1593 prtedicationis
1095 1567 1111 1591 ,
1154 1528 1446 1595 omniaque
1481 1542 1651 1597 prope
1675 1540 1843 1597 regna

234 1618 434 1672 vivens
464 1618 517 1671 in
548 1634 777 1689 corpore
821 1618 1144 1689 largissimis
1174 1620 1401 1690 dapibus
1428 1620 1687 1675 doctrinae
1732 1636 1844 1676 suae

233 1707 568 1772 reﬁciens,et
596 1710 701 1765 ﬁde
722 1712 1025 1767 melioravit
1053 1720 1109 1768 et
1133 1713 1263 1767 vita.
1296 1711 1476 1782 Atque
1498 1721 1624 1782 post
1649 1721 1841 1768 trans-

233 1800 376 1855 itum
428 1817 585 1855 suum
629 1803 695 1858 de
736 1804 837 1858 hoc
862 1804 1062 1859 mundo
1086 1819 1185 1873 per
1216 1813 1464 1859 sanctum
1498 1806 1841 1876 martyrium,

1944 608 2182 677 suscepit
2206 624 2330 663 eum
2359 611 2411 665 in
2439 612 2728 683 nospitium
2752 630 2931 681 suum,
2949 614 3179 686 impleas
3191 616 3531 676 Dominicam

1944 701 2380 758 adhortationem
2432 723 2445 758 :
2496 704 2699 777 Hospes
2765 725 2910 762 eram
2936 751 2951 776 ,
3010 719 3059 764 et
3115 710 3394 783 collegisti:
3455 731 3539 771 me

1944 792 2161 864 (Matth.
2196 794 2346 866 xxv).
2382 794 2626 867 Cumque
2675 799 2762 853 ille
2806 815 2963 855 sacer
2987 811 3209 858 sanctus
3232 804 3410 859 viator
3436 806 3539 863 Bo-

1942 884 2175 941 nifacius
2228 888 2525 944 secundum
2577 889 2791 945 solitum
2831 907 3037 948 morem
3064 910 3219 949 suum
3249 896 3539 965 missarum

1944 976 2203 1043 mysteria
2232 978 2563 1048 peregisset,
2592 990 2651 1035 ut
2672 984 3059 1052 propemodum
3084 986 3231 1040 omni
3261 987 3348 1042 die
3377 1003 3541 1059 agere

1944 1070 2224 1122 consuevit
2253 1110 2266 1133 ,
2308 1071 2566 1126 sederunt
2590 1074 2657 1127 ad
2684 1090 2950 1142 mensam,
2984 1077 3098 1147 ipse
3126 1079 3334 1135 scilicet
3359 1089 3416 1135 et
3443 1097 3541 1137 an-

1944 1158 2067 1213 cilla
2098 1158 2191 1213 Dei
2220 1159 2429 1215 Addula
2466 1162 2741 1219 abbatissa
2781 1181 2905 1220 cum
2955 1167 3155 1222 familia
3200 1185 3316 1224 sua.
3349 1169 3539 1241 Cmpe-

1945 1260 2073 1305 runt
2112 1259 2293 1306 autem
2316 1254 2383 1307 ad
2412 1255 2587 1324 ipsum
2619 1266 2867 1313 sanctum
2898 1260 3205 1315 convivium
3232 1261 3352 1331 plus
3371 1278 3538 1334 quam

1943 1341 2132 1410 epulas
2160 1382 2174 1407 ,
2223 1342 2477 1399 solatium
2526 1356 2728 1401 sancta:
2776 1347 3073 1420 Scriptura:
3107 1360 3361 1422 expetere
3383 1394 3399 1417 ,
3432 1370 3541 1424 quo

1946 1430 2101 1487 ﬁeret
2134 1433 2268 1490 ﬁdes
2292 1436 2627 1492 audientium
2654 1455 2883 1495 accensa
2908 1482 2921 1505 ,
2948 1457 3178 1513 spesque
3207 1452 3265 1498 et
3299 1446 3543 1502 Charitas

1944 1535 2205 1580 renovata
2248 1527 2301 1581 in
2350 1529 2541 1594 Deum,
2576 1531 2667 1601 qui
2714 1532 2827 1587 vult
2865 1548 3055 1589 omnes
3084 1535 3331 1591 homines
3361 1536 3542 1593 salvos

1944 1616 2084 1681 ﬁeri,
2125 1626 2180 1672 et
2208 1618 2276 1673 ad
2308 1621 2637 1690 agnitionem
2684 1624 2930 1680 veritatis
2973 1640 3177 1680 ventre.
3218 1626 3369 1683 Tunc
3396 1644 3544 1699 qua:-

1945 1709 2082 1764 situs
2111 1719 2195 1763 est
2221 1709 2393 1765 lector
2425 1753 2440 1777 ,
2488 1721 2545 1767 et
2581 1712 2738 1782 juxta
2785 1714 2879 1770 Dei
2931 1716 3263 1773 voluntatem
3290 1719 3544 1774 inventus

1945 1808 2030 1853 est
2081 1799 2286 1856 electus
2333 1817 2468 1871 puer
2497 1801 2791 1873 Gregorius
2822 1845 2838 1871 ,
2895 1806 2987 1875 qui
3029 1822 3127 1877 per
3156 1807 3299 1862 idem
3330 1816 3544 1878 tempus

232 1894 429 1948 eadem
463 1892 795 1948 Francorum
826 1910 989 1965 regna
1018 1912 1115 1965 per
1142 1896 1312 1951 electa
1337 1913 1504 1967 grana
1546 1896 1837 1967 discipulo-
1868 1892 1916 1953 B
1942 1908 2114 1963 nuper
2156 1909 2187 1947 a
2227 1893 2409 1947 schola
2440 1902 2493 1947 et
2534 1894 2733 1965 palatio
2762 1912 3032 1962 reversus,
3066 1898 3165 1954 sub
3196 1898 3334 1954 laico
3360 1900 3539 1955 adhuc

234 2002 361 2039 rum
392 2001 637 2051 suorum,
672 1986 726 2039 in
763 1988 1067 2056 exemplum
1106 1987 1372 2043 Dominici
1401 1988 1626 2044 seminis
1650 1987 1843 2043 fructi-

231 2078 408 2135 ﬁcare
440 2078 609 2147 fecit,
647 2089 697 2136 et
728 2081 993 2151 proficere
1034 2098 1205 2153 usque
1242 2082 1295 2137 in
1320 2083 1647 2139 hodiernum
1675 2084 1838 2140 diem.

231 2174 389 2229 inter
436 2191 571 2245 quos
616 2177 807 2232 beatus
841 2177 1137 2247 Gregorius
1176 2181 1427 2236 columna
1457 2181 1714 2236 Ecclesia:
1746 2183 1842 2238 Dei

229 2265 495 2321 inventus
525 2273 609 2319 est
641 2267 767 2336 :qui
792 2266 845 2322 in
870 2267 1061 2323 diebus
1102 2268 1492 2339 religiosissimi
1530 2271 1677 2341 regis
1713 2270 1841 2342 Pip-

230 2356 349 2426 pini
395 2355 694 2411 succedens
735 2358 994 2429 magistro
1024 2400 1040 2425 ,
1082 2360 1227 2430 genti
1274 2360 1577 2416 Fresonum
1644 2363 1843 2420 missus

232 2454 319 2503 est
343 2448 673 2519 prtedcator
712 2464 728 2502 :
760 2450 846 2504 cui
894 2451 1153 2522 magistro
1189 2460 1245 2508 et
1289 2442 1566 2509 Bonifaéio
1610 2457 1841 2527 martyri

234 2540 436 2596 beatus
490 2538 785 2611 Gregorius
828 2542 931 2597 hoc
967 2543 1129 2599 modo
1160 2544 1440 2602 adhzerere
1476 2547 1645 2617 coepit
1680 2555 1737 2602 et
1765 2547 1842 2603 di-

234 2630 571 2702 scipulatum
597 2632 715 2701 ejus
739 2632 945 2687 subire.

304 2721 363 2775 5.
396 2718 531 2775 Cum
559 2722 672 2791 ipse
696 2722 903 2777 electus
953 2724 1049 2779 Dei
1091 2723 1402 2781 Bonifacius
1456 2735 1667 2798 martyr
1712 2736 1840 2798 post

239 2815 506 2869 tredecim
536 2815 566 2855 ι)
594 2831 767 2872 annos
796 2826 1030 2889 peracta:
1050 2818 1101 2872 in
1126 2818 1385 2873 Fresonia
1409 2820 1835 2888 prmdicationis,

242 2911 434 2979 quibus
469 2911 521 2965 in
553 2913 777 2966 australi
800 2922 955 2983 parte
983 2914 1084 2969 laci
1106 2913 1311 2968 Almari
1343 2925 1364 2953 ο
1384 2930 1590 2985 pauper
1608 2930 1841 2985 evangt»

238 3002 378 3058 licus
418 3012 475 3058 et
505 2998 893 3075 propemodum
936 3006 1215 3061 solitarius
1259 3016 1503 3062 sanctam
1534 3007 1839 3063 sessionem

236 3106 393 3149 suam
442 3094 619 3149 tribus
654 3096 709 3149 in
752 3095 885 3149 locis
932 3098 1263 3168 peregisset,
1307 3113 1538 3167 quorum
1579 3097 1840 3154 vocabula

235 3201 481 3241 iocorum
507 3195 633 3241 sunt
654 3187 804 3241 haec:
833 3186 1047 3242 Primus
1072 3197 1299 3243 vocatur
1324 3188 1527 3260 Wyrda
1549 3189 1595 3251 α,
1630 3190 1683 3243 in
1716 3190 1839 3261 ripa

1946 1985 2136 2041 habitu
2165 1986 2321 2055 quasi
2351 1996 2607 2057 quartum
2645 1988 2918 2045 decimum
2955 1999 3048 2045 aut
3078 1992 3346 2047 decimum
3386 1994 3545 2063 quin-

1947 2089 2062 2136 tum
2114 2098 2281 2153 agens
2325 2081 2505 2137 aetatis
2561 2098 2801 2148 annum,
2864 2084 2961 2138 Dei
3007 2085 3265 2139 instinctu
3295 2084 3447 2140 venit
3475 2084 3547 2142 ad

1946 2175 2125 2229 aviam
2148 2190 2325 2239 suam,
2357 2175 2408 2229 id
2438 2185 2521 2230 est
2547 2176 2616 2230 ad
2642 2185 2875 2231 matrem
2906 2178 3077 2247 patris
3104 2177 3185 2232 sui
3224 2176 3428 2233 Albrici
3456 2192 3545 2233 suo

1943 2268 2248 2338 pradictam
2295 2267 2628 2323 abbatissam
2673 2268 2844 2323 Deum
2894 2269 3173 2325 timentem
3227 2268 3542 2325 Addulam:

1944 2358 2211 2429 datusque
2240 2371 2325 2416 est
2371 2360 2420 2413 ei
2469 2360 2627 2415 liber.
2671 2359 2809 2427 Qui,
2860 2371 3084 2431 accepta
3115 2361 3493 2417 benedictione
3523 2402 3542 2430 ,

1943 2453 2109 2522 etrapit
2137 2452 2317 2525 legere
2344 2493 2359 2519 ,
2391 2461 2449 2507 et
2470 2453 2627 2522 juxta
2658 2454 2878 2508 modum
2904 2455 3081 2509 aetatis
3108 2469 3219 2509 sua:
3247 2456 3385 2510 bene
3410 2471 3540 2527 per-

1942 2546 2141 2617 legere.
2189 2545 2500 2617 Intelligens
2544 2561 2676 2600 vero
2728 2547 2988 2617 magister
3024 2562 3274 2618 sagacem
3302 2556 3543 2604 mentem

1940 2640 2097 2710 pueri
2154 2640 2461 2709 bonamque
2513 2639 2747 2695 indolem
2772 2681 2785 2704 ,
2818 2641 2985 2711 coepit
3011 2656 3135 2696 eum
3163 2650 3545 2701 consummata

1941 2731 2174 2786 lectione
2202 2731 2289 2785 his
2317 2731 2500 2785 verbis
2525 2732 2805 2787 moderate
2826 2731 3052 2788 laudare
3079 2741 3135 2787 et
3154 2734 3337 2789 dicere
3360 2752 3374 2788 :
3397 2733 3545 2790 Bene

1942 2823 2098 2895 legis,
2132 2823 2225 2887 ﬁli,
2259 2825 2303 2877 si
2333 2824 2586 2895 intelligis
2616 2840 2736 2895 quae
2779 2823 2933 2897 legis.
2992 2824 3111 2895 Ipse
3156 2810 3338 2881 autem
3365 2826 3545 2882 adhuc

1945 2912 2207 2981 temporis
2233 2913 2451 2982 sapiens
2476 2921 2535 2967 ut
2560 2912 2841 2983 parvulus,
2864 2922 2921 2969 et
2940 2913 3167 2984 loquens
3180 2923 3241 2969 ut
3264 2914 3541 2986 parvulus,

1944 3019 2003 3057 se
2026 3003 2164 3057 scire
2191 3003 2471 3074 professus
2499 3012 2583 3058 cst
2612 3019 2731 3075 qua:
2770 3004 3001 3076 legebat.
3036 3005 3132 3061 Dic
3162 3006 3319 3071 mihi,
3342 3006 3543 3076 inquit,

1945 3096 2218 3165 quomodo
2241 3096 2494 3167 intelligis
2523 3112 2641 3165 qua:
2669 3096 2837 3168 legis?
2864 3096 2982 3167 Ipse
3012 3114 3144 3155 vero
3175 3099 3455 3170 repetebat
3475 3097 3556 3154 ah

1946 3189 2173 3243 exordio
2197 3189 2484 3244 lectionem
2516 3206 2670 3244 suam
2697 3230 2712 3254 ,
2744 3189 2932 3245 volens
2975 3190 3152 3261 legere
3192 3192 3334 3246 sicut
3371 3192 3542 3262 prius.

234 3274 384 3330 fluvii
408 3276 587 3331 Rheni
616 3319 631 3342 ,
673 3278 763 3331 ubi
808 3287 1013 3347 septem
1057 3280 1215 3335 annis
1237 3280 1524 3335 habitavit.
1556 3279 1842 3338 Secundus
1872 3274 1915 3336 C
1948 3282 2257 3352 Prmceptor
2287 3290 2466 3337 autem
2510 3292 2732 3339 sanctus
2761 3282 2970 3336 distulit
2996 3299 3117 3337 cum
3166 3284 3466 3354 paululum,
3490 3293 3549 3341 ct

235 3374 469 3422 vocatur
508 3368 856 3438 Attingohem
884 3370 1037 3439 juxta
1070 3388 1282 3429 amnem
1313 3373 1484 3429 Fehta
1517 3388 1541 3413 ο
1565 3416 1579 3438 ,
1621 3374 1714 3428 ubi
1744 3376 1844 3429 ha-

233 3461 439 3517 bitavit
466 3463 622 3523 annis
651 3462 826 3519 tribus
859 3484 870 3518 :
902 3481 1009 3535 quo
1040 3467 1094 3521 in
1124 3467 1244 3522 loco
1288 3469 1524 3538 primum
1553 3469 1719 3539 carpit
1744 3469 1843 3522 ha-

236 3552 381 3608 bere
411 3554 727 3625 discipulum
760 3556 976 3611 nomine
1006 3556 1379 3612 Gembertum.
1428 3558 1646 3613 Tertius
1690 3558 1843 3615 locus

238 3643 550 3715 appellatur
583 3644 758 3699 Felisa
791 3686 807 3711 ,
850 3648 939 3715 qui
970 3648 1191 3718 propior
1216 3657 1339 3703 erat
1365 3648 1616 3719 gentibus
1659 3656 1713 3703 et
1746 3665 1843 3719 pa-

235 3737 425 3808 ganis,
459 3736 547 3791 ubi
574 3736 750 3791 tribus
780 3738 1030 3793 similiter
1081 3743 1239 3796 annis
1268 3742 1486 3795 mansit.
1519 3741 1649 3797 Post
1690 3743 1791 3797 hos
1823 3783 1838 3808 ,

233 3827 489 3895 inquam,
522 3827 783 3883 tredecim
836 3844 1007 3884 annos
1056 3831 1183 3885 dum
1232 3832 1543 3888 admonitus
1570 3850 1599 3887 a
1631 3834 1743 3889 Deo
1768 3834 1838 3889 ad

233 3916 451 3972 llassos
476 3926 532 3972 et
556 3917 854 3989 Turingeos
880 3921 1171 3977 orientales
1212 3924 1459 3993 regiones
1504 3923 1842 3980 Francorum

231 4010 347 4064 iter
404 4024 567 4080 agere
612 4012 868 4080 coepisset
916 4009 1302 4067 lucrandorum
1356 4013 1468 4067 Deo
1522 4014 1842 4085 populorum

228 4117 431 4167 causa,
464 4102 712 4171 pervenit
754 4102 821 4156 ad
848 4102 1171 4157 Palatiolum
1207 4104 1225 4142 ί
1262 4106 1651 4160 monasterium
1678 4107 1845 4178 virgi-

229 4209 373 4248 num
417 4208 587 4263 prope
617 4192 871 4249 Treveris
899 4195 1173 4250 civitatem
1199 4235 1214 4260 ,
1241 4195 1294 4248 in
1322 4197 1437 4267 ripa
1468 4196 1704 4253 ﬂuminis
1733 4198 1845 4253 Μο-

228 4287 386 4344 sella
415 4327 431 4353 ,
487 4287 575 4343 cui
617 4294 745 4342 tunc
784 4298 1017 4358 przeerat
1042 4287 1315 4342 abbatissa
1344 4288 1562 4342 nomine
1588 4288 1797 4343 Addula
1825 4331 1841 4357 ,

233 4380 503 4452 religiosa
540 4378 695 4435 valde
733 4386 790 4433 et
837 4380 1034 4434 timens
1062 4378 1251 4433 Deum.
1286 4378 1416 4446 Qua:
1443 4394 1571 4434 cum
1620 4380 1848 4438 vidisset

304 4549 337 4578 ει
372 4536 658 4593 Trevirum
682 4534 847 4590 fuisse
868 4536 1038 4589 aiunt.
1053 4534 1273 4590 Patrem
1293 4535 1483 4590 habuit
1504 4535 1841 4602 Albericum,

228 4608 661 4696 infraﬂnttmLS‘
677 4614 1055 4696 memoratum,
1086 4606 1178 4676 qui
1209 4607 1263 4696 in
1292 4613 1625 4696 testameggol
1661 4607 1843 4696 Adelze
1868 4635 1920 4696 ι)

228 4679 537 4735 abbatissa:
569 4677 818 4732 Palatioli
866 4678 1115 4744 superius
1156 4677 1223 4730 ad
1273 4693 1473 4731 annum
1528 4678 1632 4731 754
1669 4678 1839 4733 relato

230 4748 596 4820 (Patrologirr
636 4758 767 4803 tom.
805 4746 1119 4820 LXXXVI”
1140 4789 1155 4812 ,
1187 4747 1356 4820 ipsius
1379 4748 1563 4820 Adelte
1590 4748 1731 4803 ﬁlius
1760 4750 1841 4805 di-

228 4817 422 4883 citur;
447 4817 609 4873 Adela
639 4834 770 4873 vero
796 4817 903 4872 ﬁlia
928 4818 1215 4890 Dagoberti
1237 4820 1400 4890 regis,
1433 4818 1839 4890 Austrasiorum

229 4891 458 4948 scilicet
488 4930 502 4955 ,
552 4891 627 4943 uti
667 4889 1041 4944 chschenius
1079 4888 1485 4958 interpretatur.
1531 4888 1691 4945 Certe
1731 4890 1840 4945 Ad-

229 4962 372 5017 dula
402 4961 492 5015 hic
524 4976 671 5015 num.
697 4962 731 5015 5
756 4959 1165 5031 Albrici__mater
1188 4999 1202 5023 ,
1233 4958 1479 5031 Gregorii
1505 4961 1627 5015 avia
1652 4961 1837 5031 appel-

228 5034 413 5088 latur.
462 5031 633 5086 Porro
677 5030 816 5100 apud
863 5028 1193 5083 Willelmum
1258 5028 1460 5084 Hedam
1508 5032 1561 5085 in
1602 5028 1840 5087 Historia

233 5100 591 5170 Trajectensi
621 5101 917 5171 Gregorius
945 5109 1173 5171 matrem
1204 5100 1458 5156 habuisse
1501 5100 1674 5156 fertur
1718 5118 1841 5157 san-

231 5183 393 5230 ctam
433 5170 773 5227 Wastradem
797 5211 813 5236 ,
869 5171 922 5225 in
963 5170 1190 5225 ecclesia
1234 5171 1541 5227 Susterensi
1592 5173 1843 5229 ditecesis

231 5244 601 5300 Leodicensis
631 5246 908 5297 humatam
934 5281 950 5306 ,
994 5240 1147 5310 cujus
1194 5241 1389 5297 festum
1428 5242 1735 5298 celebratur
1763 5260 1841 5299 xu

232 5314 478 5370 Kalend.
525 5314 774 5386 Augusti.
822 5313 897 5367 De
941 5310 1188 5382 Gregorii
1230 5311 1490 5368 fratribus
1516 5313 1657 5368 infra
1688 5330 1837 5370 num.

311 5454 494 5537 ιξ-Νἰεί
524 5456 825 5537 hos-annos
863 5463 1142 5537 computes
1172 5470 1202 5537 a
1228 5454 1407 5537 prima
1459 5454 1631 5510 sancti
1676 5454 1840 5537 Boni-

233 5526 376 5583 facii
418 5525 752 5598 profectione
798 5526 860 5598 in;
891 5525 1144 5598 Frisiam,
1186 5525 1559 5598 hicinumerus
1580 5534 1841 5598 constare

234 5614 358 5654 non
390 5595 631 5678 poterit_;
686 5596 953 5666 siquidem
1005 5596 1057 5649 in
1089 5595 1697 5678 secundanprofe-ctione
1738 5613 1842 5678 per

238 5679 363 5725 tres
385 5665 560 5723 annos
582 5665 847 5723 duntaxat
868 5675 1113 5721 moratus
1134 5675 1217 5720 est
1237 5666 1289 5720 in
1314 5665 1485 5720 Frisia
1509 5665 1839 5732 Bonifacius,

239 5738 632 5823 antequamjn
659 5738 977 5809 Turingiam
1013 5752 1070 5792 se
1101 5736 1377 5794 conferret
1402 5777 1418 5803 ,
1450 5746 1511 5792 ut
1537 5746 1749 5794 constat
1775 5754 1843 5794 ex

238 5812 424 5883 ipsius
452 5811 622 5867 Actis.

328 5893 351 5919 ι
384 5882 496 5953 Hoc
526 5890 629 5951 est,
659 5876 812 5938 sinus
835 5874 1007 5936 maria
1028 5868 1337 5934 Germanici
1366 5873 1508 5933 inter
1531 5878 1763 5938 Batavos
1788 5888 1846 5937 et

1945 3375 2084 3429 dixit
2113 3392 2125 3426 :
2158 3373 2275 3427 Non
2305 3374 2398 3438 ita,
2432 3373 2528 3439 ﬁli,
2554 3390 2739 3443 quaero
2778 3383 2837 3428 ut
2885 3376 3035 3429 dicas
3074 3375 3206 3430 mihi
3258 3375 3546 3431 lectionem

1945 3475 2116 3532 tuam,
2150 3467 2245 3520 sed
2275 3466 2573 3519 secundum
2625 3467 3013 3535 proprietatem
3071 3466 3266 3537 lingua:
3307 3475 3412 3521 tum
3438 3506 3454 3532 ,
3490 3474 3549 3522 et

1945 3556 2242 3612 secundum
2292 3555 2595 3610 naturalem
2649 3565 2936 3626 parentum
2996 3565 3213 3611 tuorum
3267 3556 3541 3625 loquelam

1946 3650 2185 3705 edissere
2212 3648 2345 3702 mihi
2373 3664 2491 3716 quae
2522 3647 2675 3718 legis.
2724 3647 2837 3703 Hac
2878 3647 2967 3703 ille
2998 3648 3205 3703 ratione
3234 3648 3538 3716 convictus,

1946 3742 2227 3797 confessus
2247 3741 2481 3809 estquia
2517 3756 2624 3794 non
2670 3748 2851 3811 posset
2902 3740 3103 3795 facere.
3149 3738 3383 3796 Sanctus
3410 3756 3540 3798 vero

1946 3832 2023 3885 ait
2050 3829 2359 3885 Bonifacius
2392 3848 2404 3883 :
2440 3829 2556 3895 Vis,
2586 3828 2662 3883 ﬁli
2689 3870 2704 3894 ,
2736 3838 2797 3884 ut
2824 3844 2925 3901 ego
2955 3830 3051 3884 tibi
3095 3830 3314 3885 dicam?
3365 3830 3499 3885 Volo
3524 3870 3543 3898 ,

1946 3924 2139 3994 inquit.
2191 3924 2342 3978 Tunc
2394 3922 2587 3977 beatus
2640 3920 2950 3977 Bonifacius
2994 3922 3285 3993 :Repete,
3316 3924 3428 3989 ait,
3473 3924 3545 3981 ab

1946 4017 2170 4073 exordio
2195 4015 2484 4070 lectionem
2512 4022 2681 4079 tuam,
2715 4022 2771 4069 et
2795 4014 3029 4069 discrete
3055 4014 3192 4086 lege.
3231 4013 3383 4082 Quod
3414 4014 3541 4069 dum

1946 4105 2171 4175 faceret,
2198 4122 2427 4162 exorsus
2453 4118 2538 4161 est
2565 4114 2787 4162 sanctus
2816 4107 3075 4178 magister
3098 4148 3111 4172 ,
3146 4116 3202 4163 et
3227 4107 3375 4163 clara
3411 4121 3545 4162 voce

1946 4200 2110 4270 coepit
2138 4198 2435 4268 praedicare
2464 4207 2519 4251 et
2548 4197 2709 4251 matri
2738 4205 2792 4251 et
2821 4197 2968 4252 omni
2995 4195 3234 4251 familiae.

2016 4290 2069 4344 4.
2103 4288 2233 4356 Qua:
2259 4288 2572 4358 praedicatio
2598 4302 2664 4342 ex
2686 4303 2792 4357 quo
2812 4287 2958 4341 fonte
2977 4287 3334 4358 processerit,
3366 4285 3544 4343 claret

1947 4381 2002 4436 in
2031 4379 2387 4435 conversione
2421 4376 2669 4449 Gregorii
2714 4378 2975 4448 ingeniosi
3010 4376 3166 4448 pueri
3190 4384 3247 4431 et
3289 4377 3499 4447 sagacis
3524 4417 3540 4443 ,

1946 4531 2151 4587 Frisios
2184 4531 2513 4595 hodiernos,
2546 4532 2601 4586 in
2627 4546 2789 4602 quem
2816 4529 2991 4585 Rheni
3038 4528 3224 4602 alveus
3260 4528 3543 4602 orientalis

1947 4619 2071 4659 cum
2116 4603 2250 4657 [Sala
2294 4602 2435 4674 apud
2474 4599 2803 4674 Gampenam
2829 4602 3018 4674 urbem
3053 4599 3247 4667 inﬂuit,
3279 4614 3439 4670 quem
3469 4601 3544 4655 la-

1948 4690 2071 4730 cum
2102 4674 2301 4729 accola:
2328 4671 2482 4728 inare
2510 4671 2759 4727 Australe
2795 4671 3085 4742 appellant.

2016 4745 2045 4785 ἀ
2073 4744 2584 4827 Werdapppidum,
2610 4759 2752 4827 nunc
2779 4740 3009 4827 Caesaris
3038 4740 3268 4827 insula;
3286 4740 3542 4827 aanhe-

1946 4832 2076 4873 num
2096 4857 2110 4881 ,
2159 4810 2361 4870 medio_
2380 4810 2581 4868 itinere
2625 4814 2767 4868 inter
2804 4810 3083 4867 Coloniam
3113 4820 3168 4867 et
3197 4811 3492 4867 Wasaliam
3520 4855 3536 4880 ,

1947 4887 2191 4957 reliquiis
2217 4886 2391 4957 sancti
2427 4884 2961 4957 Spidbertiepjscopi
2979 4882 3321 4957 decoratum:
3339 4884 3539 4957 distin-

1946 4953 2222 5042 guendum‘
2260 4973 2290 5010 a
2341 4955 2520 5011 Vorda
2556 4953 3100 5025 oppido’Batavorum
3161 4956 3231 5010 ad
3288 4953 3538 5012 Rhenum

1948 5029 2135 5084 itidem
2158 5029 2342 5083 situm.

2021 5112 2043 5177 ς
2078 5097 2631 5177 ΔΕιςιιιεενειιιιηίεγ»μοι)
2698 5096 3287 5177 υτοοᾳΙ-νρῌθηὴοῇρ
3336 5096 3536 5177 oppido

1944 5170 2121 5225 inﬂuit
2150 5169 2204 5223 in
2248 5168 2471 5225 Flevum
2506 5169 2683 5223 lacum
2711 5210 2725 5234 ,
2763 5169 2857 5239 qui
2893 5168 3100 5224 Frisios
3133 5183 3165 5222 a
3194 5168 3412 5222 Batavis
3458 5168 3539 5223 di-

1946 5241 2113 5296 rimit.

2023 5312 2043 5349 ί
2074 5311 2133 5365 1n
2169 5310 2503 5380 praelaudato
2554 5319 2877 5367 testamento
2931 5310 3099 5367 Adela
3148 5309 3351 5368 dicitur
3382 5324 3541 5368 acce-

1946 5383 2091 5455 pisse
2112 5381 2630 5455 l_ocum_Palatiolu‘m
2659 5399 2688 5436 a
2717 5382 2943 5455 Pippino
2972 5383 3175 5454 majore
3204 5383 3397 5439 domus
3415 5396 3540 5455 per-

1948 5452 2245 5509 mutatione
2290 5452 2434 5507 facta
2462 5493 2476 5517 ,
2510 5453 2690 5522 ibique
2720 5452 3023 5507 condidisse
3059 5452 3453 5510 monasterium
3478 5452 3536 5508 in

1944 5526 2207 5595 honorem
2238 5532 2436 5578 sancta:
2461 5523 2643 5577 Maria:
2662 5523 2890 5592 virginis
2918 5534 2972 5579 et
3001 5525 3369 5595 apostolorum
3390 5522 3539 5578 Petri

1944 5604 2001 5652 et
2024 5594 2197 5658 Pauli,
2232 5595 2283 5647 in
2322 5611 2429 5663 quo
2469 5614 2487 5645 ε
2524 5595 2910 5649 monacharum
2930 5594 3133 5651 emtum
3167 5595 3452 5664 disciplina
3476 5599 3536 5648 et

1945 5665 2131 5745 regula
2168 5662 2351 5745 sancti
2374 5664 2650 5745 Benedicti
2679 5662 3336 5745 viventium_aggregavit.
3377 5684 3395 5715 ι
3422 5662 3533 5745 iste

1944 5732 2096 5815 locus
2137 5735 2202 5790 ab
2232 5735 2366 5815 urbe
2405 5737 2613 5792 distans
2657 5751 2915 5815 passuum
2952 5732 3197 5791 circi—ten
3218 5735 3321 5789 tria
3361 5732 3532 5815 millia

1947 5810 2003 5865 in
2035 5808 2477 5879 septentrionem,
2537 5823 2681 5863 nunc
2732 5808 3004 5866 moenibus
3046 5815 3259 5871 auctus,
3310 5808 3535 5861 canoni-

1950 5876 2137 5936 corum
2164 5876 2390 5947 collegio
2415 5879 2601 5933 cessit.
2656 5902 2659 5905 -
