4012 6364
534 401 635 461 753

1296 411 1352 466 s.
1390 380 1763 467 LUDGERUS
1806 379 2576 473 llill‘uGARDlEli‘ORDEIVSIS
2613 399 3008 479 Episcopus.

3692 439 3780 494 756

531 512 662 593 quia
693 537 800 610 non
842 523 910 576 ab
942 523 1176 610 humana
1232 514 1483 580 facundia
1515 537 1529 591 ‘,
1562 542 1682 596 qua:
1709 524 2022 596 frequenter
2050 515 2117 582 ad
2143 507 2198 590 λ
2221 529 2354 583 nihil
2384 540 2503 586 erat
2530 533 2582 587 in
2611 525 2772 590 causa
2801 555 2812 590 :
2846 536 2940 592 sed
2967 539 3068 594 hoc
3099 539 3228 596 fecit
3272 544 3468 600 artifex
3516 563 3777 623 summuS,

531 604 746 686 tempus
783 601 1017 680 deludit,
1047 617 1140 672 Sed
1169 618 1237 672 ex
1279 617 1517 688 Spiritus
1564 619 1738 673 sancti
1793 619 1996 688 gratia,
2031 634 2115 673 se-

530 698 766 761 cundum
809 703 1136 777 promissum
1175 707 1487 779 Evangelii,
1535 709 1589 763 in
1631 705 1848 764 modum
1876 708 2113 764 ﬂuminis

529 807 685 869 aqua:
711 799 847 853 vi‘vaa
877 799 942 854 de
979 803 1166 855 ventre
1202 785 1355 853 ﬂuxit
1384 797 1620 856 doctoris
1666 800 1845 872 (Joan.
1893 802 1990 871 vn)
2018 818 2032 856 :
2058 810 2113 856 et

525 896 628 947 cur
649 891 887 962 prudens
916 906 980 946 ac
1005 891 1176 947 docile
1201 891 1355 963 pueri
1381 892 1627 964 Gregorii
1657 900 1807 949 tanta
1833 895 2032 948 virtute
2058 902 2113 947 et

523 982 813 1038 velocitate
848 984 1186 1052 penetravit,
1217 982 1277 1039 ut
1307 985 1375 1039 ad
1403 999 1568 1038 unam
1605 985 1861 1054 incogniti
1889 993 2111 1039 eatenus

527 1076 774 1146 magistri
802 1075 1231 1130 exhortationem
1275 1086 1329 1131 et
1355 1073 1791 1146 praedicationem
1831 1075 2109 1130 oblivisce-

520 1171 678 1224 ret‘ur
714 1180 768 1225 et
795 1179 1081 1241 parentum
1112 1165 1166 1226 et
1192 1169 1382 1240 patria:
1436 1189 1447 1225 :
1494 1163 1718 1241 ipsaque
1757 1169 1887 1224 liora
1918 1211 1933 1236 ,
1983 1171 2108 1224 dum

521 1261 844 1331 complesset
890 1261 1148 1334 magister
1197 1272 1418 1317 sanctus
1456 1263 1890 1333 praedicationem
1932 1277 2105 1328 suam,

519 1357 710 1411 nolens
741 1356 808 1410 ab
836 1371 899 1411 eo
920 1351 1063 1411 ultra
1087 1353 1346 1428 ‘di‘sjungi,
1379 1358 1474 1411 ivit
1500 1358 1566 1412 ad
1590 1358 1762 1411 a‘viam
1791 1359 1941 1411 Suam
1973 1371 2110 1426 prae-

521 1449 723 1505 dictam
765 1443 1092 1507 abbatissam
1141 1449 1506 1506 venerabilem
1551 1450 1845 1517 Addulam,
1882 1451 2066 1506 dicens
2091 1493 2104 1517 ,

514 1547 575 1600 'se
601 1543 738 1599 velle
765 1538 889 1600 cum
909 1543 1128 1599 homine
1149 1541 1401 1616 pergere,
1418 1553 1475 1599 et
1495 1541 1562 1598 ad
1589 1529 1871 1599 discendus
1900 1544 2107 1600 divinos

511 1633 683 1692 libros
725 1631 1108 1706 ‘discipitlatum
1139 1631 1256 1707 ejus
1287 1637 1486 1691 subire.
1516 1629 1585 1689 At
1612 1633 1748 1705 ipsa,
1780 1636 1983 1690 carnali
2022 1635 2104 1688 af—

514 1722 658 1785 fectu
699 1727 1001 1784 constricta
1025 1770 1038 1794 ,
1085 1728 1228 1783 illico
1279 1727 1473 1797 rep‘ulit
1514 1729 1668 1793 eum,
1701 1738 1755 1781 et
1783 1721 2106 1782 omnimodis

2215 636 2352 676 unus
2375 631 2535 694 atque
2562 625 2703 680 idem
2741 627 2961 697 spiritus
3001 627 3116 699 Dei,
3145 635 3234 704 qui
3262 639 3445 693 omnia
3470 653 3714 712 operatur
3733 649 3780 705 iu

2207 716 2484 781 omnibus,
2515 717 2755 775 dividens
2782 721 3003 804 singulis
3024 737 3185 794 prout
3202 730 3333 786 vult.

2387 811 2535 902 Tunc
2578 814 2732 870 electi
2925 809 3029 900 iter
3076 803 3439 883 desideratum
3481 845 3784 902 peragentes

2213 891 2477 955 venerunt
2535 891 2906 976 Thuringiam.
2956 891 3126 966 l’orro
3178 915 3245 968 ad
3291 891 3640 988 augmentum
3667 891 3785 985 boni

2213 987 2321 1060 Sui,
2353 1005 2406 1050 et
2435 998 2498 1051 ad
2523 1000 2974 1069 comprobandam
3001 1007 3198 1063 mentis
3223 1026 3412 1066 eorum
3439 1023 3785 1079 constantiam

2205 1096 2266 1172 ~et
2312 1089 2793 1159 longanimitatem,
2841 1095 2893 1150 in
2942 1085 3091 1174 tanta
3131 1115 3452 1174 paupertate
3481 1111 3788 1174 invenerunt

2211 1183 2464 1252 populum
2493 1185 2662 1252 illum,
2689 1197 2746 1240 ut
2775 1190 2863 1243 vix
2895 1191 2966 1246 ibi
2994 1194 3133 1251 ullus
3159 1198 3386 1256 haberet
3407 1205 3552 1261 unde
3572 1209 3783 1276 viveret,

2215 1273 2313 1327 nisi
2343 1273 2406 1329 de
2433 1271 2720 1348 longinquo
2746 1298 2938 1351 parum
2968 1287 3097 1356 quid
3125 1291 3442 1364 colligeret,
3479 1306 3542 1353 ut
3569 1302 3636 1357 ad
3680 1271 3786 1358 mo;

2213 1367 2391 1423 dicunt
2439 1363 2655 1448 tempus
2707 1383 3038 1433 sustentaret
3105 1386 3390 1452 penuriam
3437 1406 3610 1446 suam.
3663 1394 3784 1452 Nam

2215 1470 2322 1536 tota
2350 1464 2437 1544 illa
2467 1465 2632 1535 regio,
2666 1466 2719 1521 in
2750 1469 2983 1546 confinio
3027 1491 3361 1545 paganorum
3391 1485 3672 1542 rebellium
3696 1503 3782 1559 po-

2212 1554 2338 1646 sita,
2375 1555 2464 1647 illo
2497 1551 2737 1627 tempore
2766 1560 2983 1644 incensa
3011 1578 3131 1622 erat
3159 1578 3215 1624 et
3243 1572 3425 1629 hostili
3472 1593 3633 1634 manu
3674 1551 3782 1638 vas-

2211 1641 2344 1729 tata.
2377 1641 2508 1714 Qua}
2561 1662 2737 1706 tamen
2787 1641 3014 1734 penuria
3055 1676 3397 1736 nequaquam
3449 1678 3656 1727 terrere
3697 1690 3782 1744 po-

2213 1748 2354 1795 terat
2384 1743 2663 1798 ministros
2701 1745 2925 1814 Christi,
2983 1759 3044 1805 ut
3095 1755 3163 1808 ob
3217 1756 3270 1811 id
3322 1743 3781 1833 subterfugereut,

511 1813 618 1876 hoc
644 1815 762 1875 ﬁeri
783 1813 947 1890 Ῥοεδὸ
975 1819 1174 1885 rem“,
1205 1820 1331 1889 quia
1361 1821 1546 1889 umlue
1588 1836 1693 1874 "0"
1721 1829 1904 1875 0085οῑ
1932 1820 2105 1874 Ῐιοῐῐιί·
2135 1883 2173 1914 Δ
2208 1831 2317 1902 quo
2363 1835 2542 1889 minus
2597 1813 2985 1896 annuntiarent
3020 1845 3099 1899 eis
3127 1861 3287 1904 omne
3325 1813 3752 1914 consilitI—mnDei‘

511 1927 660 1978 nem,
693 1927 866 1982 neque
896 1928 1002 1982 quo
1027 1913 1150 1967 iret.
1183 1909 1290 1965 Sed
1323 1913 1463 1966 sicut
1491 1912 1753 1981 scriptum
1783 1920 1865 1967 est
1899 1931 1909 1964 :
1940 1913 2099 1982 Aqua:

2209 1913 2300 1979 sed
2323 1923 2479 2020 juxta
2511 1930 2818 2000 exemplum
2860 1937 3212 2004 apostolicum
3261 1939 3332 2012 (Ι
3361 1941 3484 1998 Cor.
3511 1947 3598 2018 tv)
3624 1901 3783 2020 ctepr

511 1999 695 2058 ‘muil‘tm
720 1999 830 2059 non
860 2013 1140 2074 patuerunt
1184 2006 1511 2074 exstinguere
1560 2003 1863 2057 clzarilatem
1923 2001 2096 2075 (Cant.

511 2095 634 2168 vni)
663 2113 677 2162 ;
705 2097 843 2167 'puer
861 2095 1162 2166 Gregorius
1193 2098 1246 2150 in
1275 2096 1550 2167 proposito
1573 2095 1672 2148 suo
1699 2096 2015 2165 permansit,
2048 2101 2103 2148 et

505 2187 650 2244 "dim
679 2189 745 2245 ad
771 2177 1038 2244 Addulam
1071 2185 1245 2243 aviam
1278 2203 1429 2263 suam
1464 2205 1476 2241 :
1512 2185 1566 2241 Si
1586 2202 1690 2241 non
1717 2187 1797 2240 vis
1819 2187 1947 2240 mihi
1971 2186 2099 2239 dare

504 2284 711 2354 ’equ’um
739 2279 801 2339 ut
827 2285 1072 2354 equitare
1099 2283 1304 2354 possim
1334 2295 1456 2336 cum
1487 2296 1550 2336 eo
1576 2322 1589 2347 ,
1639 2280 1866 2351 pedibus
1915 2275 2101 2332 ambu-

503 2369 670 2433 lando
717 2379 919 2447 abstine
955 2376 1115 2432 dubio
1142 2376 1335 2430 vadam
1365 2389 1488 2430 cum
1517 2371 1629 2428 illo.
1665 2373 1754 2428 Sic
1787 2389 1915 2443 ergo
1938 2372 2100 2426 alter-

509 2471 682 2526 'cando
707 2461 773 2525 'd‘e
800 2469 981 2541 ignoto
1004 2470 1198 2524 itinere
1225 2461 1432 2522 ‘diutius
1457 2457 1828 2538 disceptabant
1855 2467 1922 2520 ad
1966 2467 2100 2520 invi-

511 2558 674 2616 cem:
719 2549 813 2616 sed
858 2555 1076 2614 tandem
1117 2558 1399 2630 prmvaluit
1445 2553 1685 2613 Charitas
1730 2557 1888 2612 electi
1945 2555 2099 2628 pueri

503 2647 781 2726 ’Gregcirii,
811 2661 885 2720 et,
906 2646 967 2709 ut
993 2651 1212 2736 dignum
1236 2657 1374 2719 erat,
1403 2652 1678 2709 carnalem
1705 2667 1946 2707 amorem
1971 2651 2100 2736 vicit

513 2740 727 2802 dilectio
771 2746 1046 2817 Spiritalis.
1090 2731 1292 2801 Videas
1320 2762 1447 2818 ergo
1476 2745 1675 2800 famula
1706 2741 1801 2799 Dei
1845 2731 2049 2797 A-ddula
2082 2785 2095 2808 ,

502 2839 635 2909 quia
661 2839 901 2910 prudens
921 2846 1042 2892 erat
1057 2838 1280 2904 femina,
1299 2839 1538 2893 animum
1561 2837 1904 2892 inﬂexibilem
1923 2836 2095 2906 pueri,

503 2923 656 2986 tlcdit
689 2917 768 2986 illi
803 2943 1002 3001 pueros
1039 2939 1095 2986 et
1121 2939 1309 3000 equos,
1343 2939 1398 2986 et
1426 2931 1629 2986 dimisit
1659 2947 1782 2985 eum
1821 2925 1897 2984 ire
1927 2941 1948 2967 ο
1973 2943 2099 2984 eum

503 3029 697 3078 saneto
735 3023 997 3093 magistro
1038 3024 1091 3078 in
1119 3031 1255 3093 opus
1302 3025 1444 3094 quod
1492 3025 1896 3094 compleverunt
1941 3019 2098 3075 simul

507 3127 678 3187 usque
713 3113 781 3171 ad
820 3115 1067 3172 sanctum
1096 3119 1419 3189 martyrium
1447 3116 1580 3187 ejus.
1621 3116 1900 3186 intelligis,
1926 3113 2099 3170 lector

505 3213 629 3282 pius
650 3198 982 3282 et'p'r'udens,
1013 3203 1173 3282 quem
1206 3215 1423 3266 secutus
1466 3212 1535 3265 sit
1577 3211 1779 3264 electus
1806 3211 1940 3280 puer
1965 3209 2098 3264 Gre-

507 3302 690 3370 gorius
729 3302 782 3355 iu
812 3301 916 3356 hoc
939 3301 1102 3367 facto,
1129 3309 1188 3356 ut
1221 3302 1542 3357 inconsultis
1568 3302 1884 3371 parentibus
1925 3301 2098 3354 omni-

504 3388 717 3460 busque
758 3393 1095 3462 propinquis,
1133 3402 1187 3446 et
1219 3393 1336 3462 ipsa
1371 3408 1487 3461 quzc
1517 3407 1754 3462 praesens
1780 3399 1898 3446 erat
1939 3375 2100 3445 resis-

499 3487 653 3536 tente
677 3477 818 3547 avia,
841 3487 953 3537 tam
976 3481 1154 3538 subito
1187 3491 1507 3538 mutaretur.
1541 3484 1686 3539 Idem
1712 3485 1855 3537 enim
1880 3483 2100 3554 spiritus

504 3567 718 3630 videtur
754 3565 887 3630 mihi
917 3576 971 3629 in
1013 3561 1118 3630 hoc
1138 3577 1270 3631 tunc
1299 3575 1516 3646 ep‘erari
1541 3589 1729 3646 puero,
1765 3576 1856 3644 qui
1885 3583 2100 3645 aposto-

504 3665 586 3720 los
613 3665 814 3721 Christi
845 3669 900 3721 et
921 3666 1328 3737 dispensatores
1355 3667 1737 3737 mysteriorum
1763 3667 1855 3720 Dei
1881 3667 1947 3719 ad
1967 3663 2098 3721 illud

509 3749 867 3812 inﬂammavit
896 3765 954 3814 ut
985 3757 1049 3813 ad
1078 3771 1244 3812 unam
1274 3761 1462 3812 vocem
1491 3745 1702 3812 Domini
1736 3800 1749 3824 ,
1783 3759 1984 3813 relictis
2014 3774 2098 3813 re-

504 3851 651 3905 tibus
663 3859 718 3904 et
739 3849 911 3919 patre,
929 3855 1288 3919 sequerentur
1308 3838 1744 3921 Redemptorem.
1763 3851 2098 3919 Cox‘itemptis
2147 3883 2150 3886 ~

506 3943 672 4014 igitur
698 3941 1012 4011 parentibus
1037 3951 1093 3997 ct
1121 3943 1314 4013 patria,
1332 3943 1691 4012 Omnibusque
1723 3945 1868 3996 retro
1897 3929 2098 3996 relictis

509 4049 630 4103 quae
657 4031 950 4087 carnaliter
977 4033 1210 4088 blandiri
1244 4041 1496 4104 poterant
1519 4035 1686 4088 'mcuti
1721 4033 2093 4098 adolescentis,

506 4125 803 4179 secundum
830 4123 1132 4182 Psalmi'stte
1164 4113 1336 4198 (Psal.
1382 4127 1492 4197 xvi)
1523 4121 1722 4182 dictum
1751 4126 1942 4181 beatus
1964 4143 2096 4196 puer

507 4218 801 4290 Gregorius
834 4221 1055 4290 propter
1105 4220 1270 4274 verba
1325 4218 1585 4272 labier-um
1627 4217 1720 4273 Dei
1767 4214 1982 4273 secutus
2015 4227 2097 4274 est

504 4313 622 4366 'vias
651 4303 831 4368 duras.
862 4299 1069 4366 Durum
1113 4325 1344 4380 namque
1381 4320 1497 4365 erat
1527 4320 1581 4367 et
1610 4310 1761 4365 valde
1792 4323 2042 4382 asperum
2079 4352 2093 4376 ,

506 4411 567 4458 nt
599 4405 690 4474 qui
715 4403 769 4458 in
798 4405 970 4474 patris
997 4403 1157 4459 domo
1180 4400 1403 4456 multum
1432 4401 1610 4459 divitis
1647 4405 1700 4458 in
1730 4403 1868 4474 jocis
1908 4409 1958 4458 el
1997 4404 2091 4458 de-

505 4497 643 4553 liciis
669 4507 789 4553 erat
814 4497 1051 4554 nutritus
1072 4536 1086 4561 ,
1133 4501 1300 4551 unum
1348 4498 1688 4566 peregrinum
1719 4507 1774 4551 et
1805 4512 2093 4567 pauperem

505 4593 780 4648 hominem
809 4591 1414 4661 sequereturmescieus
1436 4605 1542 4660 quo
1567 4591 1697 4654 iret;
1724 4598 1776 4643 et
1800 4590 1852 4642 in
1885 4598 2091 4643 tantum

506 4685 558 4741 ei
591 4685 836 4740 obediret
857 4725 870 4749 ,
901 4691 959 4737 ut
987 4687 1177 4737 omnes
1209 4681 1345 4737 alios
1365 4677 1611 4737 homines
1637 4690 1692 4735 et
1725 4689 1970 4751 potentes
1999 4695 2091 4736 sa)-

504 4776 613 4832 culi
643 4785 699 4830 et
725 4775 972 4847 proprios
1013 4785 1264 4846 parentes
1295 4785 1552 4846 tanquam
1578 4771 1774 4829 surdus
1808 4791 1912 4828 non
1942 4776 2090 4828 audi-

506 4873 610 4931 ret,
634 4868 930 4924 dummodo
952 4868 1096 4923 illius
1115 4869 1400 4938 praeceptis
1419 4869 1884 4924 obsecundaretur
1908 4868 1961 4922 in
1982 4883 2090 4922 om—

503 4956 683 5012 nibus.
725 4957 942 5025 Quanta
970 4959 1114 5013 enim
1141 4959 1436 5014 auctoritas
1476 4959 1691 5013 lucebat
1726 4960 1835 5029 jam
1872 4969 1999 5013 tunc.
2035 4960 2090 5014 in

503 5048 688 5103 futuro
719 5060 958 5120 martyre
995 5050 1312 5116 Bonifaeio,
1368 5052 1637 5105 aestimare
1687 5051 1807 5120 quis
1858 5053 2086 5122 poterit,

503 5153 624 5212 qua:
651 5155 747 5196 cor
767 5143 924 5212 pueri
951 5151 1060 5198 tam
1089 5144 1266 5198 subita
1292 5144 1666 5197 immutatione
1688 5145 1971 5199 incitavit?
1997 5154 2096 5201 aut

503 5235 624 5302 quis
649 5234 810 5289 ardor
836 5235 1119 5288 cbaritatis
1146 5235 1213 5288 ad
1243 5234 1601 5289 obediendum
1627 5236 1808 5305 ignoto
1832 5238 2090 5307 magistro

503 5329 738 5380 mentem
780 5327 993 5397 juvenis
1037 5325 1409 5393 inflammavit,
1441 5335 1498 5381 ut
1525 5327 1699 5384 subito
1735 5323 1933 5386 oblitus
1967 5331 2087 5397 sui,

500 5425 718 5473 secutus
743 5418 814 5474 sit
836 5416 1036 5473 Christi
1066 5425 1359 5488 pauperem
1384 5461 1399 5485 ,
1433 5422 1609 5476 clunis
1638 5424 1922 5479 mundanae
1957 5427 2086 5482 sub-

501 5511 714 5566 stantia:
740 5513 999 5584 inepem?
1027 5511 1143 5567 Non
1175 5514 1279 5569 hoc
1299 5512 1429 5570 fecit
1450 5527 1604 5571 amur
1629 5519 1747 5572 auri
1777 5527 1831 5574 et
1854 5521 2085 5590 argenti,

499 5617 608 5659 non
633 5599 827 5677 cupido
849 5605 1175 5677 praediorum
1200 5616 1252 5661 et
1277 5609 1506 5680 superba
1528 5609 1812 5679 jactantia,
1859 5629 2088 5684 quorum

572 5765 597 5793 α
627 5749 684 5809 Id
711 5756 936 5824 contigit
964 5766 1104 5824 anno
1131 5753 1335 5813 Christi
1363 5761 1467 5815 7'2'2
1495 5803 1510 5824 ,
1560 5780 1680 5819 cum
1733 5765 2046 5824 Bonifacius

572 5771 597 5793 υ
628 5771 684 5809 ια
711 5771 855 5811 conti
897 5771 936 5810 ιι
964 5771 1104 5811 anno
1131 5771 1335 5813 Ulll‘lSll
1364 5771 1467 5815 722
1560 5780 1680 5819 cum
1733 5771 2046 5824 Bonifacius

501 5821 723 5880 dimisso
761 5829 814 5880 in
846 5771 1019 5883 l§risia
1055 5820 1424 5897 Willibrordo,
1454 5803 1517 5888 ad
1548 5834 1744 5891 llassos
1775 5847 1829 5892 et
1859 5811 2088 5895 Thurin1

503 5911 600 5969 gos
622 5910 681 5952 se
707 5902 970 5955 convertit
995 5943 1008 5968 ,
1036 5902 1298 5974 Gregorio
1324 5903 1438 5973 jam
1470 5922 1670 5962 annum
1701 5921 1952 5980 quartum
1997 5914 2084 5969 de-

2213 2026 2338 2072 runt
2362 2017 2615 2076 laborare
2646 2023 2894 2080 manibus
2924 2029 3036 2082 suis
3062 2045 3180 2098 qua:
3208 2048 3342 2102 opus
3386 2046 3550 2092 erant
3581 2017 3717 2094 rsibi‘
3738 2051 3783 2097 et

2211 2109 2290 2165 eis
2320 2112 2408 2181 qui
2442 2130 2563 2168 cum
2595 2116 2698 2171 illis
2722 2129 2896 2185 erant,
2929 2130 3091 2192 atque
3118 2141 3241 2180 cum
3266 2127 3353 2182 illo
3378 2132 3654 2204 populoin
3683 2145 3781 2191 teu-

2214 2205 2506 2262 tatiouilms
2534 2209 2645 2263 suis
2673 2208 2901 2266 firmiter
2927 2230 3263 2284 permanere,
3293 2227 3346 2273 et
3374 2221 3782 2296 circumquaque

2209 2299 2552 2368 prmdicando
2581 2301 2811 2358 invitare
2841 2307 2907 2360 ad
2942 2308 3184 2363 coelestia
3239 2327 3425 2383 regna.
3465 2315 3524 2370 lu
3561 2317 3647 2373 bis
3671 2334 3782 2392 ergo

2212 2389 2403 2445 studiis
2431 2405 2846 2462 perseverantes
2872 2439 2886 2463 ,
2925 2403 3220 2456 secundum
3253 2404 3480 2461 formam
3509 2389 3782 2478 primitivis

2209 2477 2467 2574 Ecclesiae
2499 2493 2617 2538 erat
2643 2486 2722 2539 eis
2751 2502 2847 2542 cor
2876 2505 3041 2542 unum
3072 2499 3125 2544 et
3153 2493 3332 2546 anima
3367 2511 3474 2550 una
3506 2477 3646 2568 (Act.
3678 2505 3777 2572 iv);

2212 2573 2266 2626 et
2283 2575 2515 2644 augebat
2543 2573 2684 2632 Deus
2713 2579 2952 2648 quotidie
2976 2582 3258 2654 multiplici
3279 2602 3528 2656 numero,
3555 2593 3647 2660 qui
3665 2594 3780 2650 salvi

2212 2662 2405 2719 fierem
2436 2668 2487 2720 iu
2519 2669 2773 2737 idipsum.

2283 2745 2333 2809 (ἶ.
2371 2759 2519 2815 Tunc
2558 2751 2699 2816 fama
2737 2767 2910 2820 sancti
2943 2769 3189 2839 magistri
3235 2779 3290 2825 et
3335 2772 3506 2829 futuri
3545 2781 3780 2849 martyris

2209 2841 2470 2932 Bonifacii
2521 2854 2685 2923 (πρὶν.
2723 2855 2938 2911 dilatari
2982 2875 3080 2929 per
3106 2858 3287 2916 omnia
3322 2865 3609 2921 orientalia
3636 2841 3779 2941 regna

2209 2938 2566 2995 Francorum.
2634 2943 2808 3014 Cmpit
2864 2963 3079 3018 quoque
3125 2961 3178 3005 et
3225 2953 3430 3009 electus
3483 2938 3779 3016 adolescens

2209 3029 2504 3101 Gregorius
2553 3034 2607 3087 in
2655 3021 2976 3106 discipulam
3028 3038 3145 3108 ejus
3189 3044 3459 3112 proﬁcere
3530 3057 3687 3105 nitate
3733 3061 3780 3106 et

2211 3124 2492 3194 sapientia,
2524 3135 2577 3180 et
2614 3127 2667 3181 in
2699 3136 2906 3184 tantum
2948 3135 3198 3190 amabilis
3227 3135 3346 3191 fieri
3374 3141 3642 3211 magistro
3666 3182 3682 3208 ,
3729 3151 3778 3198 ut

2207 3219 2362 3302 quasi
2414 3221 2631 3274 unicum
2682 3222 2850 3276 filium
2876 3240 2999 3278 eum
3040 3226 3322 3298 diligeret,
3354 3228 3465 3298 iam
3494 3233 3774 3301 adjutorem

2204 3305 2416 3364 fidelem
2444 3310 2590 3366 illum
2614 3313 2823 3370 habens
2850 3316 2901 3370 in
2931 3320 3074 3372 omni
3100 3335 3262 3390 apere
3289 3323 3452 3377 bono.
3489 3325 3588 3380 Hic
3611 3335 3770 3381 autem

2205 3399 2672 3473 tantus'profectus
2710 3406 3005 3494 electorum
3037 3411 3130 3464 Dei
3162 3428 3267 3468 non
3302 3424 3387 3470 est
3418 3416 3647 3471 initiatus
3672 3432 3759 3488 per

2200 3495 2531 3564 Opulentiam
2562 3504 2617 3551 et
2644 3499 2946 3554 mundanas
2976 3499 3221 3570 delicias,
3252 3521 3429 3575 neque
3456 3523 3554 3577 per
3581 3510 3765 3562 securi-

2201 3597 2368 3643 tatem
2416 3598 2470 3643 et
2504 3592 2924 3660 prosperitatem
2955 3593 3079 3647 vitm
3108 3595 3373 3662 mortalis,
3407 3595 3499 3652 sed
3529 3601 3584 3653 in
3611 3599 3737 3654 fame
3757 3639 3771 3665 ,

2200 3690 2254 3736 et
2278 3683 2541 3749 nuditate,
2570 3693 2624 3738 et
2647 3673 2925 3741 laboribus
2966 3687 3175 3742 multis.
3214 3689 3273 3743 ln
3311 3691 3510 3760 quibus
3540 3694 3776 3748 omnibus

2199 3784 2253 3830 et
2277 3791 2440 3846 opere
2468 3795 2727 3832 manuum
2756 3779 2936 3833 vivere
2964 3781 3314 3852 cogebantur,
3332 3793 3775 3856 etnonnunquam

2199 3866 2434 3921 vicinam
2462 3885 2794 3939 paganorum
2817 3873 3248 3940 persecutionem
3275 3875 3343 3930 ob
3367 3885 3576 3932 metum
3602 3881 3780 3934 mortis

2199 3974 2318 4013 cum
2350 3960 2545 4030 popqu
2573 3961 2731 4017 simul
2753 3962 2808 4018 in
2828 3963 3105 4020 civitatem
3135 3965 3342 4039 fugere,
3373 3970 3562 4040 ibique
3592 3973 3647 4028 in
3671 3981 3779 4027 arto

2199 4065 2336 4120 pane
2368 4058 2422 4102 et
2449 4052 2711 4120 angustiis
2758 4069 2856 4123 per
2905 4055 3019 4110 dies
3061 4055 3246 4126 plures
3277 4059 3573 4128 habitare,
3624 4064 3778 4119 donec

2198 4133 2421 4195 collecta
2476 4143 2819 4199 multitudine
2865 4162 2991 4202 suas
3026 4149 3171 4204 cives
3203 4167 3363 4206 manu
3403 4153 3673 4211 validiore
3699 4172 3780 4211 eos

2197 4233 2394 4287 iterum
2424 4233 2742 4306 etl‘ugarent.
2783 4236 2898 4293 lloc
2935 4255 3066 4311 ergo
3091 4251 3368 4298 certamen
3401 4249 3670 4316 quoniam
3694 4265 3780 4320 per

2199 4323 2509 4381 innumeros
2561 4328 2707 4411 vicos
2747 4329 2887 4384 inter
2911 4347 3153 4403 paganos
3182 4343 3236 4389 et
3260 4334 3610 4396 Christianos
3635 4357 3779 4410 gere-

2196 4417 2375 4483 batur,
2409 4418 2610 4472 idcirco
2638 4419 2762 4474 hinc
2791 4429 2845 4475 et
2877 4423 3000 4477 inde
3024 4440 3217 4494 magna
3249 4443 3379 4496 pars
3407 4431 3696 4499 regionum
3723 4431 3779 4484 il-

2197 4505 2371 4560 larum
2420 4509 2638 4563 redacta
2675 4518 2794 4565 erat
2846 4512 2901 4566 in
2953 4514 3316 4570 solitudinem.
3373 4519 3431 4572 in
3486 4530 3608 4577 tam
3661 4521 3778 4576 forti

2125 4618 2173 4681 ο
2198 4605 2379 4651 autem
2409 4606 2462 4652 et
2486 4601 2785 4669 periculosa
2815 4602 2870 4656 in
2903 4603 3089 4661 diebus
3127 4606 3230 4662 illis
3261 4601 3636 4670 deccrtalione
3667 4657 3680 4679 ,
3732 4615 3779 4669 iu

2201 4696 2346 4743 tanta
2393 4696 2568 4761 pugna
2596 4691 2649 4746 et
2678 4693 3084 4763 perturbatione
3131 4699 3510 4758 dimicantium
3557 4707 3778 4778 populo-

2195 4801 2344 4851 rum,
2399 4787 2602 4843 electus
2647 4799 2834 4860 pastor
2882 4791 3193 4850 Bonifacius
3247 4812 3528 4867 nunquam
3572 4802 3781 4857 cessare

2192 4880 2367 4949 potuit
2405 4890 2435 4933 a
2465 4881 2706 4936 custodia
2737 4893 2792 4938 et
2821 4885 3175 4941 instructione
3222 4890 3400 4960 gregis
3431 4893 3515 4945 sui
3552 4910 3566 4946 :
3599 4905 3777 4948 verum

2195 4977 2345 5025 tanto
2393 4971 2492 5026 fuit
2533 4975 2869 5029 constantior
2918 4985 2972 5032 et
3013 4979 3254 5048 paratior
3295 4997 3393 5052 pro
3439 4983 3639 5040 ovibus
3677 4985 3779 5040 suis

2193 5063 2430 5116 animam
2462 5079 2615 5119 suam
2643 5081 2846 5134 ponere
2875 5109 2890 5133 ,
2938 5079 3139 5138 quanto
3164 5073 3369 5128 rabiem
3395 5073 3653 5146 luporum
3681 5077 3780 5131 fre-

2192 5159 2444 5227 quentius
2472 5160 2607 5215 vidit
2635 5170 2692 5216 et
2735 5165 2973 5220 atrocius
3013 5166 3315 5222 imminere.
3351 5166 3623 5225 Similiter
3646 5179 3698 5226 et
3724 5170 3779 5223 fi-

2192 5245 2324 5306 delis
2351 5251 2644 5322 discipulus
2692 5255 2809 5326 ejus
2854 5256 3146 5328 Gregorius
3187 5255 3400 5328 adjutor
3428 5257 3779 5332 infatigabilis

2190 5343 2246 5397 in
2275 5359 2437 5412 opere
2466 5339 2562 5399 Dei
2591 5362 2714 5401 cum
2742 5348 3001 5419 magistro
3044 5352 3344 5418 permansit
3368 5352 3421 5406 in
3450 5355 3705 5408 custodia
3731 5363 3782 5407 et

2189 5433 2506 5489 educatione
2533 5437 2711 5506 gregis
2747 5437 2966 5504 Christi,
2999 5438 3174 5494 factus
3204 5440 3470 5496 secundus
3495 5451 3710 5511 pastOr.

2261 5523 2311 5577 7.
2347 5525 2422 5579 Eo
2448 5541 2619 5596 usque
2650 5536 2831 5583 autem
2862 5530 2978 5584 haec
3007 5531 3081 5585 ita
3107 5529 3454 5602 gerebantur,
3485 5536 3660 5588 donec
3684 5545 3776 5603 per

2189 5619 2419 5690 gratiam
2445 5618 2647 5676 Christi
2679 5621 3043 5694 triumpharet
3078 5621 3386 5679 Christiana
3427 5639 3630 5680 manus
3661 5665 3674 5690 ,
3724 5633 3777 5680 et

2188 5782 2383 5836 ciumm
2414 5791 2805 5852 prtetervecto,
2854 5785 2942 5854 qui
2998 5783 3223 5855 proinde
3267 5798 3407 5839 anno
3435 5782 3645 5840 Christi
3678 5781 3774 5838 708

2188 5863 2344 5910 natus
2368 5863 2470 5911 est.
