4012 6364
502 331 610 387 759

1281 328 1340 384 s.
1379 306 1756 385 LUDGERUS
1793 325 2574 384 mmoannnronnnusrs
2611 326 3009 385 EPISCOPUS.
3332 359 3339 361 μ.
3679 329 3780 392 ’ῖεο

501 415 652 500 mum
705 442 950 514 gradum,
987 450 1044 498 et
1074 440 1347 513 Maguntia
1395 440 1806 512 metropolitana
1843 439 2085 496 Ecclesia
2113 446 2164 503 Α
2189 450 2245 497 et
2269 449 2514 496 sanctum
2544 456 2742 512 corpus
2771 441 2888 512 ejus
2915 443 3324 514 martyrizatum
3344 444 3404 501 in
3441 446 3636 502 eodem
3664 462 3779 503 sus-

501 539 551 594 ei
579 539 802 594 daretur
826 552 858 592 a
893 538 1110 608 regibus
1138 535 1466 606 providenda
1491 543 1545 589 et
1570 533 1804 605 regenda
1831 546 1880 588 ει.
1915 533 1995 588 Ex
2026 549 2092 589 eo

501 630 591 686 die
638 637 898 700 quantum
939 629 1198 685 claruerit
1226 627 1486 698 sapientia
1529 626 1697 695 ipsius
1737 625 1884 680 omni
1926 640 2092 697 regno

500 723 860 787 Francorum,
908 729 1245 793 quantasque
1290 718 1524 790 synodos
1561 733 1682 771 cum
1712 717 1976 788 religiosis
2003 730 2090 770 re-

503 815 750 886 gibusad
774 815 1165 870 correctionem
1192 810 1373 881 populi
1394 819 1580 880 postea
1611 809 1950 871 instituisset,
1984 823 2092 862 non

504 905 558 958 in
581 889 689 962 isto
715 905 973 976 opusculo
1004 903 1161 958 modo
1186 902 1472 957 dicendum
1501 909 1605 965 est,
1638 902 1762 956 dum
1791 901 1844 954 in
1874 899 2092 954 modum

504 995 636 1052 solis
657 996 918 1051 effulserit
948 995 1000 1048 in
1029 993 1231 1062 templo
1265 992 1378 1057 Dei,
1414 1007 1476 1047 ac
1502 991 1886 1062 praedicatione
1913 1006 2009 1045 sua
2036 998 2091 1044 et

502 1089 762 1159 exemplis
788 1102 975 1142 omnes
1005 1085 1230 1141 nebulas
1257 1083 1508 1156 ell‘ugarit
1539 1083 1870 1138 infidelitatis
1903 1090 1956 1136 et
1981 1081 2088 1136 ha)-

504 1180 683 1235 reticze
719 1179 1034 1250 pravitatis:
1066 1177 1319 1247 quoniam
1364 1185 1420 1232 et
1461 1176 1563 1230 ista
1611 1175 1786 1228 omnia
1822 1173 1873 1226 in
1905 1171 2084 1227 libello

503 1273 569 1327 de
611 1273 861 1341 passione
909 1271 1081 1342 ipsius
1124 1270 1327 1340 scripto
1369 1267 1526 1338 plene
1553 1274 1607 1322 et
1633 1265 1807 1320 lucide
1852 1263 2083 1319 manife-

500 1372 732 1419 stantur.
1877 1379 1880 1382 ~

573 1455 659 1508 10.
699 1455 780 1509 Ad
808 1455 924 1511 hzec
959 1463 1140 1510 autem
1177 1453 1430 1507 universa
1467 1465 1575 1505 non
1619 1449 1828 1503 modice
1872 1446 2089 1516 adjutus

497 1559 585 1606 est
617 1552 684 1605 ab
714 1549 899 1605 electis
933 1548 1210 1620 discipulis
1238 1547 1370 1609 suis,
1402 1552 1523 1614 post
1557 1543 1871 1613 magistrum
1901 1540 2089 1595 claris-

500 1642 654 1698 simis
678 1641 1122 1711 pnedicatoribus
1145 1647 1198 1693 et
1223 1638 1487 1692 columnis
1517 1635 1768 1689 Ecclesia:
1795 1634 1888 1688 Dei
1918 1652 1929 1686 :
1961 1649 2089 1702 quo-

499 1750 620 1788 rum
658 1733 1028 1802 unusquisque
1065 1731 1337 1784 civitatem
1365 1735 1418 1783 ct
1443 1727 1718 1797 regionem
1744 1741 1916 1789 suam,
1949 1725 2090 1778 sicut

2192 535 2372 603 cipere
2397 552 2410 586 :
2435 543 2490 590 et
2527 535 2581 588 in
2618 542 2825 607 tantum
2860 537 3158 606 provehere
3187 543 3243 592 et
3288 537 3598 608 gloriﬁcare
3633 555 3779 594 eum-

2193 627 2316 681 dem
2361 626 2557 691 locum,
2591 635 2652 680 ut
2687 635 2813 682 ante
2845 629 3052 683 obitum
3096 644 3253 683 suum
3297 629 3364 684 de
3407 629 3512 684 hoc
3558 631 3772 694 mundo,

2195 717 2714 789 quadringentorum
2771 719 2992 773 circiter
3051 719 3438 774 monachorum
3463 761 3479 785 ,
3544 720 3780 790 execptis

2193 811 2578 881 pulsantibusd
2614 821 2668 866 et
2713 814 2833 868 aliis
2877 815 3178 869 minoribus
3225 816 3502 885 personis,
3553 831 3777 884 quorum

2195 920 2453 959 numerus
2498 905 2777 975 multiplex
2819 915 2938 962 erat
2979 909 3132 962 valde
3175 908 3229 963 in
3267 909 3384 979 ipso
3425 920 3774 975 monasteno,

2194 997 2370 1066 posito
2386 995 2540 1065 juxta
2571 997 2786 1054 fluvium
2836 999 3024 1065 Fulda,
3060 999 3222 1056 Pater
3249 1003 3522 1056 exstiterit
3559 1012 3615 1056 et
3647 1018 3780 1072 prte-

2195 1101 2399 1160 ceptor.
2432 1091 2546 1146 Duo
2568 1102 2746 1147 autem
2785 1109 2853 1148 ex
2886 1094 2991 1150 illis
3015 1084 3203 1151 electis
3229 1096 3340 1160 Dei,
3381 1095 3696 1168 Wighertus
3729 1106 3780 1154 et

2195 1180 2565 1251 Burghardus,
2589 1193 2714 1239 ante
2738 1185 3055 1255 magistrum
3078 1189 3425 1258 migrarunta
3443 1191 3659 1245 saeculo.
3678 1191 3781 1246 Sed

2194 1288 2300 1327 non
2327 1282 2451 1328 sunt
2479 1274 2550 1328 illi
2597 1276 2801 1345 absque
2841 1276 3019 1346 palma
3050 1278 3330 1334 electionis
3373 1295 3504 1345 suae,
3551 1281 3679 1335 dum
3717 1283 3779 1337 ad

2198 1380 2360 1432 regna
2389 1367 2629 1423 caelestia
2666 1370 2982 1440 magistrum
3021 1370 3329 1439 praecedere
3366 1381 3705 1436 meruerunt,
3733 1384 3782 1427 et

2199 1460 2250 1514 in
2289 1459 2598 1530 regionibus
2622 1461 2734 1516 suis
2753 1477 2852 1531 pro
2881 1472 3079 1518 sanct1s
3106 1464 3200 1517 Dei
3227 1464 3498 1519 habentur
3523 1474 3579 1519 et
3601 1466 3782 1520 colun-

2201 1557 2288 1604 tur
2313 1553 2379 1605 ab
2408 1553 2658 1607 omnibus
2700 1554 2791 1623 qui
2836 1554 3002 1608 vitam
3042 1554 3254 1609 illorum
3285 1564 3342 1611 et
3364 1557 3621 1612 virtutem
3665 1573 3782 1612 cum

2199 1642 2310 1697 Deo
2350 1659 2507 1699 nosse
2533 1652 2845 1712 potuerunt.
2875 1644 3084 1708 Cernis,
3125 1663 3159 1701 ο
3195 1645 3365 1701 lector
3392 1647 3703 1715 intelligens
3738 1659 3783 1704 et

2193 1737 2438 1808 diligens,
2473 1746 2674 1808 quanta
2702 1739 3032 1794 charismata
3063 1739 3114 1792 in
3147 1754 3254 1793 uno
3297 1739 3520 1794 homine
3556 1737 3781 1794 fuerint;

498 1823 717 1878 Lucifer
761 1838 917 1877 mane
959 1823 1140 1877 oriens
1165 1862 1178 1883 ,
1231 1820 1556 1874 illuminavit
1593 1818 1872 1886 exemplis.
1904 1817 1969 1870 Et
1995 1817 2090 1870 do-
2125 1823 2168 1882 B
2194 1840 2250 1886 ει
2290 1832 2417 1901 quid
2464 1847 2668 1902 pauper
2706 1832 2814 1896 me,
2857 1833 2946 1900 qui
2977 1832 3252 1886 solitarius
3280 1831 3480 1887 dudum
3507 1832 3563 1886 in
3595 1831 3783 1887 Freso.

499 1918 673 1972 ctrina
724 1933 818 1972 sua
865 1919 1055 1972 beatus
1104 1915 1398 1985 Gregorius
1449 1913 1756 1983 Trajectum
1807 1908 2088 1982 [Utrecht],

498 2011 778 2079 antiquam
800 2009 1094 2071 civitatem,
1120 2015 1174 2061 et
1198 2006 1372 2060 vicum
1397 1988 1662 2058 famosum
1687 2000 1954 2056 Dorstadb
1971 2014 2094 2053 cum

499 2101 593 2155 illa
649 2101 928 2155 irradiavit
969 2107 1124 2169 parte
1165 2098 1458 2161 Fresonite,
1507 2110 1627 2166 qua:
1664 2103 1791 2148 tunc
1835 2092 2095 2160 temporis

497 2195 924 2252 Christianitatis
968 2197 1186 2252 nomine
1231 2194 1573 2249 censebatur.
1626 2191 1771 2244 [dem
1824 2201 1997 2257 usque
2040 2185 2095 2238 in

497 2289 673 2357 ripam
717 2289 1108 2344 occidentalem
1147 2287 1384 2342 fluminis
1412 2285 1555 2354 quod
1595 2283 1794 2337 dicitur
1833 2278 2092 2350 Lagbeki,

495 2380 587 2435 ubi
635 2380 929 2436 confinium
958 2389 1077 2435 erat
1105 2380 1538 2434 Christianorum
1583 2375 1881 2431 Fresonum
1912 2389 1976 2426 ac
2002 2387 2096 2441 pa-

497 2489 784 2545 ganorum,
814 2475 1028 2530 cunctis
1066 2474 1256 2529 diebus
1287 2472 1498 2542 Pippini
1539 2469 1704 2540 regis.
1747 2466 1934 2522 Lullus
1978 2464 2094 2520 Ma-

499 2569 743 2639 guntiam
796 2568 1270 2640 metropolitanam
1337 2567 1616 2621 civitatem
1679 2580 1803 2621 cum
1858 2566 2096 2619 maxima

495 2670 652 2732 parte
679 2661 1114 2717 Christianorum
1156 2660 1478 2724 Fresonum,
1517 2658 1608 2729 qui
1643 2659 1695 2712 in
1724 2659 1981 2728 parochia
2005 2675 2098 2712 nr-

496 2753 584 2808 bis
609 2753 754 2808 illius
788 2754 1168 2816 constiterunt,
1195 2752 1441 2806 incoluit.
1470 2750 1838 2821 Megingodus,
1872 2765 2096 2804 venera-

497 2843 624 2898 bilis
657 2854 812 2914 pater
838 2853 893 2899 et
927 2853 1115 2915 pastor
1153 2845 1332 2915 gregis
1357 2843 1458 2897 sibi
1491 2841 1786 2905 commissi,
1818 2841 2097 2896 civitatem

498 2937 800 3008 Virzeburg
845 2954 968 2993 cum
1014 2938 1129 2993 suis
1174 2937 1495 3006 adjacentiis
1540 2938 1595 2990 in
1641 2951 1738 2990 sua
1789 2943 1934 2989 sorte
1986 2935 2097 2989 sale

499 3029 782 3100 sapientiae
829 3039 884 3084 et
931 3029 1190 3086 doctrina:
1247 3045 1359 3085 suze
1404 3028 1643 3084 condivit
1687 3035 1742 3081 et
1783 3027 2093 3081 custodivit.

499 3119 862 3184 Wiltibaldus,
903 3119 1108 3174 electus
1140 3119 1234 3174 Dei
1267 3119 1514 3181 antistes,
1549 3116 1918 3187 episcopatum
1950 3117 2093 3186 quod

423 3239 432 3245 -
499 3220 844 3280 nuncupatur
887 3211 943 3264 in
989 3210 1247 3265 Hebstedi
1298 3221 1345 3275 ο,
1378 3210 1434 3262 in
1469 3215 1621 3278 parte
1657 3207 1904 3276 proxima
1938 3208 2094 3262 nobis

499 3307 920 3380 Baguariorum;
949 3307 1092 3362 idem
1123 3307 1175 3360 in
1212 3305 1459 3376 Nordgoe
1485 3303 1646 3357 simili
1676 3303 1858 3368 modo,
1892 3309 1953 3356 ut
1975 3302 2095 3371 pius

499 3400 666 3456 Pater
687 3416 715 3454 a
745 3398 1108 3454 fundamentis
1130 3397 1258 3452 illud
1281 3397 1495 3467 erigens
1517 3394 1821 3450 melioravit
1843 3401 1898 3448 et
1920 3401 2096 3448 custo-

501 3495 652 3550 divit.
684 3493 898 3548 Necnon
929 3501 984 3549 ct
1028 3507 1317 3564 germanus
1354 3490 1600 3561 praedicti
1647 3487 1965 3552 Willibaldi,
2000 3502 2097 3541 no-

500 3585 646 3640 mine
667 3584 1066 3646 Winnibaltlus,
1114 3585 1416 3654 presbyter,
1465 3582 1728 3653 magistro
1774 3596 1895 3636 meo
1937 3579 2097 3634 beato

502 3675 764 3748 Gregorio
805 3676 959 3731 valde
999 3677 1218 3738 charos,
1267 3683 1321 3728 et
1365 3674 1479 3744 ipse
1528 3675 1704 3728 locum
1733 3680 1787 3726 et
1824 3671 2097 3742 regionem

503 3786 659 3827 suam
703 3779 892 3825 sancte
925 3776 982 3824 et
1007 3767 1239 3823 feliciter
1269 3766 1596 3821 illustravit:
1627 3766 1718 3834 qui
1739 3772 1862 3834 post
1890 3764 2097 3818 obitum

505 3879 664 3920 suum
707 3864 838 3933 quid
873 3863 1064 3918 vivens
1096 3862 1308 3926 fecerit,
1340 3863 1511 3933 magis
1538 3861 1816 3916 miraculis
1841 3859 2095 3914 ostendit.

507 3954 717 4012 Sturmi
747 3969 877 4010 vero
901 3954 1228 4010 venerabilis
1258 3955 1446 4018 abbas,
1485 3969 1627 4007 unus
1656 3969 1724 4007 ex
1755 3967 1980 4007 numero
2007 3950 2100 4006 illo

511 4047 814 4103 electorum
858 4047 976 4112 Dei,
1026 4055 1288 4117 quantum
1329 4044 1621 4116 profecerit
1665 4045 1721 4098 in
1771 4059 1953 4098 eremo
2001 4059 2100 4098 sua

504 4147 630 4209 post
676 4139 998 4212 martyrium
1044 4139 1220 4194 sancti
1269 4137 1534 4207 magistri,
1583 4137 1831 4192 Bocauna
1874 4134 2008 4190 silva
2044 4136 2100 4189 in

507 4236 818 4290 testimonio
846 4242 931 4290 est
960 4251 972 4287 :
1003 4249 1123 4303 qua:
1161 4232 1315 4302 prius
1362 4231 1691 4287 omnimodis
1739 4227 1941 4286 inculta
1982 4236 2102 4284 erat

507 4341 572 4381 ac
599 4326 892 4392 desertum,
924 4341 1069 4380 nunc
1107 4331 1286 4379 autem
1314 4323 1382 4378 ab
1423 4323 1633 4378 oriente
1668 4337 1839 4392 usque
1865 4323 1932 4377 ad
1958 4309 2103 4378 ccci-

509 4419 748 4485 dentem,
797 4419 1165 4490 septentrione
1205 4431 1376 4486 usque
1411 4417 1481 4471 ad
1516 4417 1820 4482 meridiem,
1857 4415 2103 4472 ecclesiis

2200 1929 2304 1984 nias
2347 1930 2590 1998 partibus
2631 1928 2828 1994 fuerat,
2857 1945 2955 1999 per
2981 1938 3191 1998 tempus
3216 1931 3548 1986 ostensionis
3575 1946 3689 1985 suae
3716 1929 3784 1984 fe-

2200 2021 2336 2076 cerit
2373 2021 2439 2075 ad
2468 2019 2700 2076 fructum
2729 2021 2985 2076 Ecclesize
3013 2021 3128 2076 Dei.
3167 2020 3281 2076 Non
3313 2033 3494 2076 autem
3525 2022 3645 2092 ipse
3679 2023 3783 2077 haec

2197 2125 2296 2180 per
2324 2126 2382 2165 se
2407 2111 2602 2181 potuit,
2652 2112 2745 2166 sed
2783 2112 3079 2166 secundum
3115 2111 3455 2182 Apostolum,
3480 2115 3660 2183 gratia
3698 2112 3784 2166 Dei

2199 2222 2316 2260 cum
2351 2222 2410 2259 eo
2455 2205 2576 2275 fecit
2613 2205 2724 2258 ha’c
2762 2205 3002 2258 universa
3051 2213 3101 2258 et
3150 2204 3398 2258 stabiliri!
3447 2204 3502 2276 (Ι
3526 2202 3653 2258 Cor.
3677 2204 3781 2276 xv).

2196 2298 2364 2369 Igitur
2420 2298 2544 2367 quia
2598 2295 2871 2366 paululum
2919 2303 3141 2366 propter
3191 2310 3532 2351 communem
3581 2295 3782 2350 tandem

2200 2389 2583 2460 discipulorum
2629 2388 2803 2444 sancti
2845 2388 3091 2458 magistri
3134 2387 3395 2442 Bonifacii
3437 2403 3468 2442 a
3513 2387 3784 2458 proposito

2199 2483 2394 2538 itinere
2436 2480 2770 2535 narrationis
2815 2479 3030 2551 elapsus
3071 2495 3214 2545 sum,
3241 2494 3385 2534 nunc
3418 2479 3622 2534 iterum
3651 2480 3716 2535 ad
3739 2479 3784 2534 id

2201 2575 2424 2630 redeam
2450 2574 2593 2628 unde
2622 2573 2899 2644 digressus
2926 2589 3065 2628 sum.

2195 2715 2200 2720 .
2273 2662 2360 2720 Η.
2403 2665 2555 2720 Tunc
2590 2665 2782 2720 beatus
2819 2663 3132 2720 Bonifacius
3174 2671 3383 2734 martyr
3426 2663 3667 2730 futurus,
3709 2661 3784 2717 lu-

2199 2758 2450 2816 bentibus
2497 2758 2764 2830 religiosis
2814 2759 3034 2828 regibus
3057 2798 3072 2822 ,
3127 2771 3251 2812 cum
3299 2771 3571 2811 consensu
3619 2754 3786 2811 omnis

2201 2858 2421 2907 senatus
2452 2850 2633 2920 populi
2667 2849 3022 2914 Francorum,
3062 2848 3260 2903 missus
3281 2857 3365 2903 est
3392 2847 3626 2903 Romam
3651 2844 3785 2902 ordi-

2201 2943 2414 2998 nandus
2444 2942 2498 2996 in
2529 2943 2872 3012 episcopatus
2902 2941 3127 3011 gradum
3156 2940 3222 2994 ad
3246 2938 3569 3010 Gregorium
3605 2952 3784 3007 papam

2203 3033 2423 3088 tertium
2454 3044 2476 3071 ο
2497 3047 2526 3086 a
2554 3033 2730 3101 primo
2754 3048 2768 3085 :
2802 3032 2985 3101 ibique
3006 3032 3056 3085 ei
3085 3047 3281 3086 nomen
3307 3047 3462 3085 suum
3492 3031 3656 3085 modo
3681 3045 3786 3084 om-

2203 3127 2364 3182 nibus
2395 3133 2581 3179 notum
2607 3133 2661 3180 et
2690 3123 3040 3194 divulgatum,
3077 3123 3235 3178 simul
3267 3140 3389 3179 cum
3420 3125 3784 3180 benedictione

2198 3229 2253 3275 et
2301 3218 2471 3290 gradu
2514 3217 2875 3287 episcopatus,
2909 3217 2980 3271 ob
3023 3215 3328 3271 facundiam
3373 3216 3570 3287 linguae
3593 3226 3646 3270 et
3668 3232 3783 3286 gra-

2199 3313 2331 3367 tiam
2363 3309 2630 3365 labiorum
2669 3325 2701 3363 a
2743 3308 2853 3363 Deo
2879 3309 2979 3362 sibi
3024 3307 3302 3372 donatam,
3351 3307 3575 3360 inditum
3604 3316 3682 3360 est
3712 3306 3777 3360 ab

2199 3402 2494 3476 apostolico
2539 3399 2795 3470 pontifice
2842 3398 3170 3463 Bonifacius,
3209 3397 3302 3467 qui
3340 3407 3499 3452 antea
3534 3393 3773 3451 Winfridi

2199 3495 2463 3550 vocabulo
2489 3496 2834 3550 censebatur.
2883 3494 3080 3564 Sicque
3117 3502 3338 3549 sanctus
3383 3494 3488 3558 vir,
3531 3504 3583 3549 et
3623 3493 3782 3562 gradu

2200 3587 2490 3658 decoratus
2529 3594 2582 3640 et
2620 3585 2860 3649 neruine,
2902 3599 3085 3639 coram
3124 3586 3271 3639 omni
3313 3584 3460 3640 clero
3497 3595 3552 3638 et
3594 3581 3788 3638 familia

2199 3679 2345 3734 beati
2375 3679 2520 3732 Petri
2557 3677 2817 3748 principis
2842 3676 3207 3746 apostolorum
3233 3682 3288 3730 et
3313 3691 3501 3730 coram
3529 3676 3648 3746 ipso
3666 3673 3792 3744 Gre-

2201 3772 2353 3842 gorio
2375 3786 2512 3842 papa
2538 3770 2836 3840 prostravit
2861 3785 2940 3831 se,
2968 3777 3023 3825 et
3051 3769 3248 3833 oravit,
3286 3776 3345 3821 ut
3371 3775 3598 3837 propter
3631 3766 3792 3821 Deum

2201 3873 2256 3918 et
2283 3878 2524 3918 amorem
2549 3861 2722 3918 sancti
2756 3859 2899 3915 Petri
2938 3860 3137 3916 ibidem
3171 3859 3314 3914 illico
3339 3858 3392 3912 in
3423 3858 3542 3928 ipsa
3570 3855 3792 3912 ecclesia

2202 3971 2327 4011 cum
2364 3955 2592 4026 supplici
2622 3953 2906 4010 devotione
2938 3967 3037 4024 pro
3067 3967 3124 4007 se
3153 3951 3394 4007 flecteret
3419 3965 3597 4021 genua
3627 3948 3794 4004 omnis

2204 4047 2381 4126 clerus
2403 4047 2492 4116 qui
2519 4061 2758 4117 pnesens
2793 4045 3002 4109 aderat,
3031 4053 3085 4100 et
3113 4044 3444 4099 unanimiter
3462 4058 3660 4099 omnes
3685 4056 3795 4096 ora-

2203 4149 2325 4195 rent
2369 4141 2689 4202 Dominum,
2743 4137 3072 4208 beatumque
3110 4136 3331 4192 Petrum
3381 4137 3794 4191 intercessorem

2205 4233 2461 4288 invitaret
2487 4241 2541 4287 et
2571 4230 2947 4287 auxiliatorem
2979 4231 3242 4286 orationis
3268 4245 3398 4292 sure,
3432 4235 3492 4282 ut
3519 4228 3668 4281 bono
3698 4225 3794 4279 ﬁne

2206 4331 2260 4380 et
2300 4323 2410 4378 Deo
2451 4322 2700 4392 placabili
2745 4321 3040 4376 terminare
3063 4328 3366 4375 mereretur
3393 4326 3449 4374 et
3476 4316 3796 4373 concludere

2206 4415 2322 4471 dies
2350 4428 2494 4469 suos.
2524 4411 2622 4479 Qui
2648 4412 2812 4466 etiam
2843 4426 3049 4476 omnes,
3099 4411 3395 4480 inspirante
3430 4409 3561 4472 Deo,
3607 4406 3795 4462 unani-

506 4511 604 4567 Dei
634 4520 689 4565 et
721 4511 910 4567 electis
951 4509 1266 4581 palmitibus
1310 4508 1698 4564 monachorum
1746 4506 1952 4576 repleta
1995 4515 2098 4562 est.
2129 4507 2369 4610 Dmiter
2409 4520 2532 4560 cum
2577 4519 2789 4559 summa
2831 4503 3118 4557 devotione
3157 4500 3482 4556 inclinantes
3527 4515 3587 4554 se
3615 4512 3795 4554 coram

509 4603 612 4672 Qui
656 4604 820 4658 etiam
868 4601 1075 4658 Sturmi
1111 4601 1279 4656 abbas
1315 4601 1419 4656 hoc
1462 4601 1661 4656 meruit
1693 4599 2034 4670 privilegium
2071 4615 2100 4654 a

507 4697 623 4751 Deo
663 4704 719 4751 et
766 4703 959 4750 sancto
1006 4693 1268 4765 magistro
1311 4707 1424 4764 pra:
1460 4692 1843 4763 condiscipulis
1871 4692 2002 4756 suis,
2045 4699 2108 4747 ut

510 4791 688 4860 ipsum
718 4789 894 4843 locum
925 4801 1086 4858 quem
1120 4787 1379 4857 magister
1406 4792 1628 4841 sanctus
1649 4783 1810 4854 elegit
1839 4783 1907 4837 ad
1931 4782 2108 4852 sepul-

515 4891 692 4936 turam
736 4879 951 4952 corpori
991 4894 1111 4946 suo,
1147 4878 1424 4951 possidere
1454 4884 1759 4933 mereretur
1785 4883 1841 4930 et
1870 4875 2102 4940 initiare,

585 5067 612 5096 ιι
645 5053 705 5109 ld
750 5052 956 5110 factum
1000 5067 1119 5109 esse
1163 5067 1304 5107 anno
1341 5049 1446 5104 745
1483 5058 1579 5104 aut
1617 5049 1940 5119 insequenti,
1975 5065 2108 5174 Pro-

586 5125 761 5174 vimus
798 5126 853 5174 in
891 5125 1026 5174 Vita‘
1054 5124 1228 5174 sancti
1261 5119 1547 5174 Bonifacii.
1579 5122 1648 5174 ad
1675 5120 1768 5174 lib.
1802 5136 1840 5173 11
1869 5119 2107 5174 Othoni.

512 5125 761 5182 bavimus
797 5126 854 5180 in
891 5125 1026 5181 Vita'
1054 5124 1228 5178 sancti
1261 5119 1547 5187 Bonifacii,
1579 5122 1648 5176 ad
1675 5120 1768 5175 lib.
1802 5136 1840 5173 11
1869 5119 2107 5189 0thloni,

516 5211 637 5252 can.
666 5195 717 5250 7.

583 5211 810 5322 gilium
854 5265 1112 5336 oppidum
1163 5263 1328 5319 situm
1360 5265 1445 5336 Aad
1491 5261 1669 5336 Βὴθηὶ
1708 5262 1900 5336 ripam,
1947 5279 2013 5318 eo
2051 5264 2108 5336 in

517 5339 636 5394 loco
659 5336 750 5391 ubi
775 5352 806 5392 e
827 5333 998 5392 vetéri
1029 5336 1219 5390 Rheno
1248 5333 1467 5406 profluit
1490 5333 1686 5406 Lecca,
1740 5335 1828 5389 hic
1871 5334 2108 5406 Lagbeki

519 5409 714 5466 dictus.
761 5407 939 5463 Beech
988 5407 1134 5461 enim
1186 5407 1271 5461 vel
1316 5405 1484 5470 Bach,
1524 5405 1836 5460 Teutonicis
1884 5405 2106 5471 ﬂumen,

516 5493 827 5607 granomen
872 5477 1100 5533 Leccam
1138 5476 1224 5532 vel
1265 5476 1505 5549 Leggam
1543 5476 1812 5543 admittit,
1861 5485 1920 5532 ut
1962 5485 2110 5532 recte

566 5565 808 5606 rowerus
836 5560 1038 5604 monet.

566 5565 808 5606 POWQI'US
836 5560 1038 5604 monet.

595 5633 616 5660 ο
659 5621 766 5676 Alii
815 5622 1022 5676 Eicstat
1063 5619 1350 5690 appellant.
1389 5621 1530 5689 Lege
1564 5618 1700 5673 Acta
1733 5619 1904 5674 sancti
1935 5618 2111 5676 Willi-

519 5692 666 5750 baldi
689 5701 744 5747 et
769 5694 996 5748 aliorum
1022 5693 1112 5748 hic
1131 5692 1533 5747 nominatorum
1562 5691 1675 5744 suis
1703 5690 1855 5746 locis.

593 5763 620 5804 ἀ
669 5763 729 5822 ld
773 5773 857 5821 est
900 5763 1138 5819 novitiis.
1195 5762 1337 5834 Lege
1384 5761 1708 5834 ﬂaeftenum
1765 5762 1820 5816 in
1875 5761 1975 5834 lib:
2022 5777 2110 5828 1v,

526 5841 690 5893 tract.
743 5835 817 5903 3,
869 5833 1138 5905 disquisin
1189 5828 1360 5901 li'in
1407 5830 1670 5902 Regulam
1726 5830 1894 5888 sancti
1941 5828 2115 5889 Bene-l

2209 4598 2455 4668 reliquiis
2482 4597 2626 4652 beati
2657 4597 2802 4651 Petri
2831 4595 3092 4666 principis
3132 4593 3520 4664 apostolorum,
3559 4592 3770 4664 comple

2207 4699 2405 4747 verunt
2436 4691 2755 4762 petitionem
2782 4688 2916 4758 ejus,
2947 4703 3100 4743 sacra
3124 4687 3369 4742 oratione
3395 4694 3451 4740 et
3482 4686 3725 4756 pastoris
3749 4690 3799 4740 et

2212 4788 2391 4860 gregis
2415 4786 2539 4842 fusa
2573 4786 2640 4841 ad
2679 4786 2870 4841 Deum.
2903 4789 3033 4851 Qua:
3060 4783 3236 4838 oratio
3262 4799 3384 4838 cum
3411 4781 3620 4837 sanctis
3643 4778 3799 4836 meri-

2211 4879 2282 4936 tis
2321 4880 2492 4950 ipsius
2529 4879 2854 4935 conveniens
2889 4884 3151 4947 quantum
3191 4874 3421 4930 valuerit
3454 4874 3602 4945 apud
3630 4872 3798 4930 Deum

2210 5059 2361 5115 dicti.
2388 5057 2708 5128 Quanquam
2741 5059 3045 5115 Adelardus
3082 5059 3249 5115 abbas
3277 5057 3625 5114 Gorbeiensis
3647 5056 3798 5112 cleri-

2210 5146 2298 5184 cos
2329 5131 2606 5253 cinltonicos
2641 5132 2944 5254 mgnasterii
2969 5129 3238 5202 pulsantes
3268 5138 3427 5186 vocat
3465 5129 3522 5183 in
3555 5130 3796 5185 Statum-

2211 5216 2333 5254 rum
2380 5217 2452 5254 ι).
2483 5217 2524 5254 1.
2551 5217 2670 5254 can.
2731 5242 2744 5254 .

2211 5216 2333 5255 rum
2361 5216 2452 5255 nn.
2483 5217 2524 5265 1,
2551 5217 2670 5265 cap.
2691 5216 2744 5255 ο.

2288 5218 2333 5255 ιιι
2361 5217 2499 5255 no.1
2551 5217 2612 5256 ca
2658 5217 2744 5255 .o.

2288 5283 2311 5311 ο
2351 5270 2452 5325 Hie
2499 5217 2693 5341 dupng
2738 5274 2949 5327 menda.
2989 5272 3173 5342 Neque
3217 5273 3363 5328 enim
3408 5271 3724 5327 Bonifacius
3770 5284 3798 5323 a

2211 5341 2473 5415 Gregorio
2525 5344 2706 5408 tertio,
2754 5343 2846 5398 sed
2891 5344 2959 5398 ab
2996 5341 3112 5412 ejus
3160 5344 3444 5398 decessore
3486 5343 3800 5415 cognomine

2212 5413 2494 5485 ordinatus
2519 5422 2604 5468 est
2629 5415 2941 5483 episcopus;
2992 5429 3168 5485 neque
3208 5416 3444 5485 primum
3492 5413 3802 5485 in'episcoj

2210 5483 2318 5554 pali
2374 5485 2716 5540 ordinatione
2769 5500 2964 5539 nomen
3015 5483 3222 5555 accepit
3276 5483 3589 5539 Bonifacius
3614 5483 3800 5555 {quod

2213 5553 2506 5625 utrumque
2546 5574 2607 5610 ex
2656 5556 2825 5610 sancti
2867 5553 3320 5612 BonifaciiiActis
3365 5563 3597 5610 constat.
3643 5553 3800 5625 Certo

2215 5627 2320 5681 alia
2343 5622 2586 5696 quiedam
2611 5625 2755 5681 facta
2779 5636 3107 5698 prmpostere
3129 5634 3317 5681 narrat
3341 5634 3548 5691 auctor,
3574 5633 3632 5680 ut
3648 5622 3801 5698 refu-

2215 5643 2320 5681 ana
2343 5643 2586 5696 quamam
2611 5643 2755 5681 tacta
2773 5643 3107 5752 grmposwre
3129 5643 3317 5681 narrat
3341 5643 3548 5691 anetor,
3574 5643 3632 5680 ut
3664 5643 3801 5680 rem-

2212 5699 2347 5752 tatio
2385 5700 2770 5768 pseudo-sacer
2807 5708 2982 5763 otum,
3021 5713 3184 5768 supra
3215 5712 3363 5751 num.
3404 5697 3461 5766 9,
3501 5712 3621 5768 qua
3646 5695 3801 5767 longe

2213 5778 2338 5838 post
2364 5768 2625 5826 Bonifacii
2645 5769 3046 5827 ordinationem
3078 5768 3221 5825 facta
3246 5776 3347 5824 est.
3508 5777 3514 5782 ‘
