4012 6364
166 373 250 434 761
1283 378 1442 438 VITA
1482 378 1541 435 S.
1583 378 1721 434 GRE

1826 381 1911 437 RH
1949 382 2261 442 ABBATIS.

3288 394 3397 453 702

158 495 567 564 omnipotentem
591 533 607 559 ,
658 499 889 550 testatur
930 504 1177 551 sanctum
1233 496 1556 568 martyrium
1605 499 1801 569 ejusA
1825 514 1989 570 opere
2007 503 2181 570 bono;
2217 505 2472 583 docentes
2508 516 2564 564 et
2602 509 2929 567 instruentes
2952 512 3006 567 in
3032 513 3121 569 via
3147 513 3266 581 Dei,
3292 531 3399 587 qua

156 600 415 662 peractum
441 590 497 643 in
522 588 709 644 diebus
734 590 1044 655 senectutis,
1073 591 1237 644 etiam
1272 600 1399 644 tunc
1424 590 1603 644 nimizc
1632 591 1725 645 im-

156 681 448 737 becillitatis
492 681 734 749 corporis
762 680 861 745 sui,
898 682 1024 736 dum
1051 682 1104 734 in
1132 682 1402 751 decrepita
1445 690 1601 736 mtate
1630 697 1725 751 po-

158 778 297 839 situs,
330 775 511 828 vivere
534 774 587 826 in
612 774 721 828 hoc
742 773 943 828 mundo
967 789 1073 828 non
1104 774 1310 827 valeret
1333 774 1550 827 diutius.
1584 773 1723 828 Ecce

156 865 411 937 quomodo
437 866 653 935 sapiens
682 866 1012 920 architectus
1041 874 1095 920 et
1129 866 1332 921 electus
1361 865 1453 920 Dei
1483 866 1722 935 pontifex

154 956 467 1022 Bonifacius,
497 973 605 1012 non
638 973 799 1028 super
820 957 1037 1013 ﬂuidam
1068 974 1287 1012 arenam
1333 958 1551 1012 humani
1590 974 1722 1013 con-

154 1049 246 1104 silii
276 1058 330 1103 et
366 1049 612 1117 superba:
642 1051 1013 1116 contumaciae,
1053 1052 1147 1106 sed
1186 1066 1349 1121 super
1396 1052 1722 1106 tutissimam

151 1150 344 1211 petram
386 1141 551 1195 divini
594 1141 802 1196 consilii
839 1151 894 1196 et
919 1142 1225 1211 apostolicze
1251 1142 1566 1197 humilitatis
1590 1145 1722 1198 aedi-

153 1232 315 1287 ﬁcavit
342 1233 563 1287 domum
590 1248 761 1286 suam.
806 1233 873 1287 Et
914 1233 1135 1300 idcirco,
1180 1234 1305 1288 dum
1336 1234 1581 1289 venirent
1620 1233 1721 1288 ﬁu—

151 1324 277 1378 mina
306 1323 560 1385 humanze
588 1323 930 1378 adversitatis
953 1339 1016 1378 ac
1036 1326 1479 1396 perturbationis,
1510 1326 1725 1381 ﬂarent-

152 1432 239 1486 que
285 1416 437 1469 venti
493 1416 770 1471 diabolicae
829 1418 1144 1473 tentationis
1180 1428 1235 1473 et
1274 1419 1615 1487 calliditatis,
1670 1430 1725 1477 et

151 1510 496 1579 impingerent
543 1509 597 1562 in
643 1509 860 1563 domum
910 1510 1046 1579 ejus,
1104 1527 1210 1566 non
1262 1521 1553 1583 potuerunt
1603 1530 1722 1568 eam

151 1616 393 1655 movere:
430 1602 556 1670 quia
609 1603 903 1657 secundum
954 1604 1165 1658 Domini
1212 1604 1445 1671 dictum,
1501 1606 1722 1661 fundata

149 1700 247 1745 erat
274 1708 445 1762 super
474 1694 685 1747 ﬁrmam
714 1702 945 1763 petram,
978 1711 1098 1764 quae
1125 1706 1277 1765 petra
1308 1706 1425 1752 erat
1450 1697 1718 1753 Christus.

149 1784 321 1839 Noster
386 1786 547 1842 modo
599 1786 925 1841 intercessor
965 1795 1018 1842 et
1067 1790 1405 1845 certissimus
1459 1801 1722 1860 patronus

148 1878 263 1945 apud
293 1878 469 1931 Deum
497 1877 858 1932 consideravit
886 1879 1242 1948 perpendens,
1276 1881 1329 1933 in
1354 1890 1554 1949 quanto
1581 1883 1723 1950 peri-
1754 1864 1799 1925 Β

148 1968 249 2023 culo
282 1977 339 2021 et
382 1968 622 2031 miseria,
673 1968 907 2023 humana
956 1970 1250 2024 constituta
1299 1972 1370 2025 sit
1415 1972 1719 2029 infirmitas.

146 2059 243 2114 Non
282 2060 339 2114 in
379 2061 673 2129 semetipso
708 2062 888 2130 posuit
928 2062 1177 2117 ﬁduciam
1216 2079 1387 2127 suam,
1423 2065 1577 2134 juxta
1611 2081 1725 2120 mo-

146 2168 244 2206 rem
276 2154 639 2221 superborum
684 2154 857 2222 partis
897 2154 1138 2209 adversa:
1166 2169 1180 2207 :
1218 2157 1311 2209 sed
1343 2156 1411 2209 ad
1441 2156 1721 2211 humilita-

148 2258 235 2301 tem
259 2247 617 2316 apostolicam
646 2255 701 2301 et
732 2246 965 2301 ﬁliorum
996 2247 1091 2301 Dei
1118 2249 1370 2313 recurrit,
1416 2249 1468 2302 in
1506 2248 1724 2319 largita-

147 2348 235 2393 tem
260 2338 461 2392 divina:
495 2338 885 2393 misericordia:
914 2346 968 2393 et
996 2339 1245 2393 devotam
1274 2339 1723 2409 supplicationem

148 2430 383 2485 Ecclesiae
413 2430 509 2483 Dei
543 2429 795 2484 solidavit
828 2446 978 2501 spem
1014 2447 1188 2485 suam.
1224 2431 1315 2485 Sic
1345 2431 1487 2485 enim
1516 2441 1570 2486 et
1597 2448 1725 2501 apo-

146 2522 248 2576 stoli
272 2522 506 2588 Christi,
537 2538 833 2592 eorumque
859 2538 1203 2577 successores
1233 2531 1286 2577 et
1320 2524 1629 2579 colizeredes
1670 2525 1723 2579 in

146 2633 287 2685 regno
333 2616 455 2681 Dei,
500 2617 552 2670 in
584 2616 729 2670 omni
778 2616 961 2671 labore
989 2625 1041 2670 et
1070 2615 1421 2671 tribulatione
1453 2632 1572 2681 sua,
1602 2632 1724 2671 ora-

147 2711 269 2764 tione
294 2710 563 2765 Ecclesiaa
592 2710 687 2764 Dei
715 2709 833 2764 sine
874 2710 1282 2765 intermissione
1319 2709 1511 2779 adjuti,
1541 2710 1724 2765 omnia

146 2811 425 2870 potuerunt
468 2801 697 2871 implere
743 2818 862 2870 qum
911 2802 990 2855 eis
1038 2810 1306 2872 praecepta
1341 2811 1499 2857 erant
1539 2819 1569 2857 a
1619 2803 1724 2857 Do-

147 2897 287 2950 mino.
338 2895 436 2949 Eia
465 2894 726 2965 prmsules
763 2903 817 2948 et
858 2896 1244 2965 praedicatOres
1273 2895 1454 2964 populi
1487 2895 1601 2959 Dei,
1634 2910 1725 2951 eo-

146 2989 244 3040 dem
285 2989 497 3041 honore
538 2994 593 3040 et
635 2985 753 3055 pari
797 2987 963 3055 gradu
1004 2986 1059 3039 in
1096 2986 1200 3039 hoc
1235 2984 1432 3039 saeculo
1462 2985 1720 3050 decorati,

145 3082 347 3150 aspicite
392 3088 449 3135 et
501 3080 817 3149 intelligite,
866 3087 919 3133 et
967 3079 1229 3134 assumite
1258 3079 1563 3149 exemplum
1587 3077 1722 3146 justi

146 3171 359 3227 hominis
390 3191 403 3225 :
438 3180 496 3225 ut
534 3186 655 3226 cum
704 3171 881 3225 vocati
913 3185 942 3223 a
974 3170 1084 3224 Deo
1119 3179 1173 3223 et
1199 3170 1355 3225 electi
1385 3172 1452 3223 ab
1481 3169 1722 3223 Ecclesia

146 3264 246 3329 Dei,
277 3281 383 3318 non
416 3264 736 3318 muneribus
776 3262 1054 3323 obcaecati,
1095 3262 1159 3315 ad
1190 3261 1417 3331 gradum
1442 3261 1719 3331 episcopa-

145 3367 218 3413 tus
237 3369 285 3413 et
307 3361 374 3415 ad
399 3359 641 3429 regimen
664 3366 909 3412 sanctum
932 3356 1291 3417 accesseritis,
1307 3354 1460 3424 juxta
1488 3354 1719 3408 formam

142 3449 247 3519 ejus
272 3466 369 3506 vos
400 3451 710 3513 instituere,
735 3447 1079 3517 fructumque
1129 3446 1322 3501 aﬁ‘erre
1352 3445 1575 3500 valeatis
1601 3462 1721 3516 per—

142 3558 449 3597 mansurum
474 3543 528 3596 in
548 3543 715 3596 vitam
749 3548 1009 3596 aeternam

212 3636 293 3690 l2.
336 3627 402 3690 Et
433 3637 484 3690 in
511 3636 601 3691 illo
638 3651 853 3706 quoque
890 3636 1104 3699 itinere,
1158 3634 1287 3688 dum
1326 3640 1544 3688 sanctus
1576 3648 1721 3687 mar-

145 3736 223 3797 tyr
247 3727 560 3784 Bonifacius
612 3728 830 3794 Romae,
881 3728 1019 3783 sicut
1065 3728 1312 3798 superius
1356 3727 1559 3785 dictum
1603 3734 1719 3793 est,

143 3836 285 3877 sacro
311 3823 483 3893 gradu
517 3822 839 3877 sublimatus
879 3829 994 3887 est,
1031 3822 1223 3875 beatus
1261 3820 1554 3890 Gregorius
1582 3833 1722 3890 prae-

144 3924 313 3984 ceptor
365 3931 537 3978 meus,
594 3915 764 3969 electo
816 3915 1076 3985 magistro
1134 3912 1484 3983 infatigabilis
1540 3926 1722 3967 comes

144 4008 454 4076 permansit;
490 4008 724 4072 intrans,
754 4014 810 4061 et
838 4006 1139 4076 egrediens,
1168 4014 1223 4059 et
1250 4020 1479 4075 pergens
1515 4005 1580 4058 ad
1618 4003 1720 4057 im-

144 4104 331 4170 perium
381 4101 523 4170 ejus,
574 4102 713 4155 sicut
754 4116 967 4170 semper
1020 4100 1225 4155 solebat
1268 4100 1319 4153 in
1368 4099 1513 4153 omni
1562 4111 1724 4167 opere

144 4194 286 4250 bono.
318 4196 385 4250 Et
413 4211 523 4249 non
556 4194 729 4249 solum
764 4194 816 4247 in
844 4195 943 4247 hoc
982 4193 1169 4247 eodem
1209 4191 1421 4256 itinere,
1471 4191 1722 4244 meriturt

144 4288 457 4343 humilitatis
504 4296 561 4341 et
613 4286 933 4341 obedientiae
972 4300 1082 4339 suae
1122 4284 1349 4354 peregit,
1398 4291 1457 4336 ut
1502 4282 1721 4351 dignum

144 4388 216 4433 est
241 4378 492 4448 jnniores
533 4378 690 4431 subdi
739 4377 1044 4431 senioribus
1090 4382 1144 4429 et
1186 4374 1483 4443 majoribus
1524 4373 1637 4426 suis
1668 4372 1724 4425 in

143 4472 410 4537 omnibus;
450 4471 545 4525 sed
569 4469 731 4523 etiam
764 4469 917 4539 plura
943 4467 1213 4521 volumina
1246 4474 1553 4521 sanctarum
1578 4463 1725 4519 Scri-

1828 596 1929 664 ipsi
1961 596 2129 662 ibant,
2176 614 2283 653 non
2324 600 2494 655 solum
2532 603 2788 671 populum
2813 611 2868 658 et
2894 620 3145 675 proceres
3167 606 3404 662 Franco-

1826 703 1947 741 rum
1974 706 1985 741 :
2018 688 2111 742 sed
2134 690 2295 744 etiam
2327 692 2471 761 ipsos
2506 710 2662 764 reges
2684 696 2965 766 religiosos
2988 697 3099 753 sale
3128 700 3404 769 sapientia:

1827 780 2020 834 divina:
2062 796 2169 835 non
2210 784 2554 839 mediocriter
2595 788 2929 843 condierunt.
2968 790 3035 843 Et
3074 790 3151 846 sic
3185 791 3239 845 in
3272 807 3401 846 con-

1825 886 1984 926 sensu
2026 882 2080 927 et
2124 876 2479 931 unanimitate
2510 895 2718 949 regum,
2770 888 2823 933 et
2868 882 3047 936 cuncti
3093 883 3275 967 populi
3311 898 3407 953 per

1825 978 1983 1019 omne
2021 982 2246 1036 regnum
2280 968 2610 1024 Francorum
2639 981 2917 1040 eruperunt
2945 974 3185 1042 quotidie
3232 974 3405 1043 magis

1826 1058 2105 1128 magisque
2140 1062 2477 1137 [detrimenta
2515 1064 2629 1117 ﬁeri
2666 1065 2909 1131 diabolo,
2963 1074 3016 1119 et
3070 1066 3403 1121 incrementa

1824 1146 2080 1204 Ecclesiae
2112 1152 2236 1216 Dei;
2276 1153 2544 1208 hmreticre
2573 1158 2867 1225 pravitates
2899 1173 3002 1213 non
3037 1172 3314 1227 apparere,
3353 1163 3406 1210 et

1826 1244 2091 1297 catholica
2123 1244 2256 1299 ﬁdes
2278 1245 2330 1298 in
2356 1246 2604 1301 omnibus
2630 1248 2873 1313 rutilare,
2900 1264 2963 1303 ac
2993 1248 3179 1321 religio
3205 1249 3406 1304 munda

1824 1344 1880 1390 et
1910 1338 2251 1393 immaculata
2283 1340 2437 1409 longe
2468 1341 2680 1410 lateque
2707 1343 3025 1397 clarescere.

1896 1430 1981 1485 l5.
2025 1430 2129 1485 Sed
2156 1433 2280 1501 quia
2307 1434 2483 1489 adhuc
2509 1420 2679 1504 usque
2708 1437 3065 1490 communiter
3090 1443 3144 1490 et
3169 1436 3404 1502 mixtim,

1823 1518 1970 1575 nunc
1994 1520 2060 1576 de
2086 1532 2272 1578 saneto
2308 1526 2565 1596 magistro
2590 1534 2644 1581 et
2671 1535 2909 1597 martyre
2941 1526 3234 1589 Bonifacio,
3264 1542 3407 1581 nime

1825 1614 1891 1668 de
1916 1616 2074 1669 beato
2102 1614 2362 1685 Gregorio
2396 1618 2567 1672 electo
2596 1619 2859 1688 discipulo
2887 1618 3021 1687 ejus,
3051 1620 3257 1675 modica
3288 1635 3408 1688 qua:

1824 1710 1971 1779 potui
2012 1726 2079 1764 ex
2115 1712 2341 1781 magnis,
2380 1712 2447 1766 de
2475 1721 2658 1767 sancta
2691 1729 2876 1767 eorum
2903 1715 3311 1769 conversatione
3336 1714 3406 1769 ob

1826 1803 2115 1856 utilitatem
2148 1805 2479 1858 audientium
2516 1815 2568 1860 et
2599 1808 2900 1876 exemplum
2930 1808 3230 1862 futurorum
3261 1808 3407 1861 litte-

1826 1894 1901 1947 ris
1939 1897 2319 1949 commendare
2366 1898 2579 1963 curavi;
2628 1898 2878 1968 deinceps
2921 1900 3223 1969 specialiter
3264 1899 3408 1953 beati

1826 1984 2072 2056 Gregorii
2102 1986 2239 2041 facta
2268 1996 2321 2041 ct
2344 1978 2593 2054 virtutes,
2618 1998 2672 2044 et
2697 1991 2984 2046 salutiferae
3008 1991 3409 2061 prmdicationis

1826 2077 2167 2141 documenta,
2222 2080 2418 2148 quibus
2465 2081 2667 2134 erudiri
2702 2082 2825 2136 licet
2853 2082 3121 2153 indiguus,
3159 2092 3213 2135 et
3244 2082 3409 2135 inter-

1825 2185 1944 2225 esse
1971 2171 2145 2224 merui
2171 2172 2237 2225 ab
2270 2172 2513 2236 infantia,
2538 2174 2724 2242 paucis
2747 2174 2956 2243 aperire
2982 2190 3088 2229 non
3114 2174 3405 2244 negligam.

1824 2260 1892 2314 Et
1920 2260 2115 2329 primo,
2158 2261 2377 2332 dignum
2423 2271 2477 2317 et
2522 2263 2871 2321 memorabile
2900 2279 3034 2333 opus
3062 2263 3129 2316 ah
3154 2279 3219 2318 eo
3248 2278 3409 2317 evan-

1824 2354 1992 2424 gelice
2024 2362 2319 2422 peractum,
2361 2355 2716 2409 intimandum
2746 2356 3017 2418 existimo,
3057 2356 3199 2425 quod
3231 2356 3295 2409 de
3324 2370 3410 2409 re-

1825 2445 2081 2500 missione
2107 2455 2161 2501 et
2192 2447 2522 2518 indulgentia
2566 2449 2907 2503 inimicorum
2951 2449 3185 2504 mirabili
3230 2448 3408 2503 chari-

1826 2548 1935 2594 tate
1956 2548 2010 2593 et
2036 2541 2268 2609 posteris
2297 2539 2581 2610 profuturo
2611 2542 2858 2612 exemplo
2881 2542 3141 2612 implevit.
3169 2540 3410 2595 Fuerunt

1825 2631 1873 2684 ei
1900 2630 2097 2685 fratres
2124 2632 2331 2686 nobiles
2362 2640 2417 2686 et
2445 2634 2630 2687 eximii
2673 2634 2739 2687 de
2778 2642 2931 2703 patre
2967 2632 3227 2703 generati,
3254 2640 3307 2686 et
3343 2632 3410 2686 de

1825 2736 1999 2779 matre
2046 2725 2159 2793 ejus
2186 2727 2296 2779 nati
2343 2726 2433 2780 alii
2478 2726 2693 2790 fratres,
2740 2735 2793 2781 et
2844 2735 3084 2796 tempore
3122 2733 3177 2780 et
3207 2725 3411 2778 viribus

1824 2816 2117 2872 secundum
2162 2817 2343 2872 saeculi
2385 2819 2701 2889 dignitatem
2750 2820 3037 2873 minores:
3080 2817 3286 2887 quibus
3318 2829 3412 2869 ne-

1824 2926 1975 2965 cesse
2020 2920 2137 2965 erat
2174 2912 2225 2964 in
2263 2912 2522 2983 obsequio
2560 2928 2680 2967 esse
2723 2911 3008 2979 majorum.
3061 2908 3285 2965 Factum
3328 2914 3412 2963 est

1826 3010 2027 3066 autem,
2062 3010 2121 3056 ut
2155 3002 2321 3071 aliqui
2362 3018 2425 3057 ex
2472 3001 2766 3071 majoribus
2804 3000 3065 3056 fratribus
3097 2998 3344 3054 honorati
3377 3015 3408 3053 a

1825 3112 1976 3167 rege,
2021 3098 2369 3167 mitterentur
2394 3097 2447 3151 in
2476 3097 2854 3168 longinquiora
2886 3112 3050 3166 regna
3078 3094 3408 3157 Galliarum;

1749 3227 1795 3291 ο
1828 3186 1957 3241 illuc
1980 3195 2035 3241 et
2064 3187 2342 3256 subsequi,
2383 3196 2437 3241 et
2467 3188 2731 3242 inhaerere
2778 3202 2998 3243 necesse
3034 3194 3153 3241 erat
3182 3184 3413 3254 juniori-

1824 3282 1942 3335 bus.
1990 3282 2123 3335 Dum
2156 3297 2284 3335 vero
2337 3288 2458 3349 post
2506 3283 2739 3349 spatium
2787 3281 3046 3350 temporis
3091 3279 3315 3350 peracti,
3358 3286 3414 3333 et

1822 3382 2079 3443 parentes
2105 3372 2329 3427 visitare
2354 3373 2592 3441 placeret
2625 3382 2679 3425 et
2705 3372 2967 3441 patriam;
2997 3380 3217 3440 accepta
3246 3370 3412 3424 licen-

1824 3467 1896 3520 tia
1921 3482 1949 3517 a
1978 3465 2280 3520 senioribus
2314 3465 2443 3525 suis,
2487 3466 2591 3519 duo
2615 3465 2812 3518 uterini
2845 3464 3041 3518 fratres
3065 3462 3413 3532 pneceptoris

1821 3555 1928 3612 mei
1981 3554 2228 3625 Gregorii
2286 3562 2567 3623 cmperunt
2614 3554 2727 3619 ire,
2796 3562 2849 3607 et
2907 3552 3238 3622 propositam
3289 3566 3383 3605 car

1821 3662 1951 3719 pere
1980 3647 2147 3711 viam,
2186 3655 2243 3700 ut
2272 3647 2340 3699 ad
2372 3646 2679 3711 Franciam,
2722 3646 2775 3700 id
2816 3654 2897 3699 est
2942 3644 3186 3698 naturale
3212 3642 3403 3711 solum,

1823 3741 2110 3813 pervenire
2147 3742 2468 3810 potuissent.
2499 3741 2599 3807 Qui
2631 3741 2759 3795 dum
2794 3742 2935 3795 irent
2971 3740 3024 3793 in
3052 3740 3158 3804 via,
3184 3736 3410 3807 juvenili

1825 3831 2050 3886 audacia
2087 3831 2316 3899 amplius
2354 3831 2528 3884 securi
2559 3846 2721 3900 quam
2761 3837 3055 3899 oporteret,
3085 3831 3138 3883 in
3176 3827 3410 3899 quadam

1826 3924 1961 3977 silva
2010 3923 2281 3976 latronum
2330 3922 2536 3977 crudeli
2592 3938 2752 3976 manu
2795 3921 3113 3977 circumdati
3156 3930 3211 3976 et
3248 3920 3413 3976 occisi

1825 4024 1968 4071 sunt.
2031 4015 2182 4082 Quod
2230 4016 2413 4070 statim
2463 4024 2573 4069 tam
2621 4015 2847 4084 lugubre
2882 4014 3130 4068 nuntium
3170 4013 3415 4069 dominos

1827 4125 2013 4165 eorum
2039 4108 2202 4163 celari
2232 4124 2336 4163 non
2366 4108 2559 4178 potuit,
2593 4108 2686 4176 qui
2718 4108 2771 4162 in
2798 4106 2904 4161 illis
2926 4106 3115 4161 diebus
3143 4106 3416 4177 principa-

1826 4210 1941 4257 tum
1978 4215 2082 4254 non
2111 4200 2383 4254 modicum
2420 4199 2550 4269 ipsis
2575 4198 2629 4253 in
2658 4198 2791 4254 locis
2819 4199 3144 4253 habuerunt.
3180 4196 3331 4262 Quod
3357 4205 3416 4250 ut

1826 4292 2135 4352 audierunt,
2183 4290 2449 4344 miserunt
2493 4290 2914 4359 circumquaque
2963 4287 3218 4343 satellites
3264 4302 3413 4353 suos,

1826 4384 1916 4455 qui
1939 4384 2159 4437 eosdem
2183 4382 2416 4437 latrones
2439 4390 2492 4436 et
2516 4382 2800 4438 carniﬁces
2825 4382 3172 4452 exquirerent
3192 4389 3245 4435 et
3267 4380 3414 4433 eoin-

1825 4476 2246 4548 prehenderent.
2274 4474 2374 4541 Qui
2403 4484 2457 4530 et
2484 4476 2687 4529 inventi
2731 4483 2785 4530 et
2828 4473 3223 4544 comprehensi,
3263 4480 3318 4527 et
3346 4472 3413 4531 li-

143 4573 441 4634 pturarum,
484 4563 748 4634 largiente
796 4562 1043 4625 Domino,
1088 4561 1196 4615 illic
1225 4560 1535 4630 acquisivit,
1564 4566 1618 4613 et
1643 4574 1723 4614 se—
1752 4588 1799 4650 D
1828 4568 1938 4639 εειιὶ
1982 4567 2167 4623 statim
2212 4566 2427 4621 adducti
2458 4574 2601 4621 sunt.
2634 4567 2701 4621 Et
2737 4565 2865 4621 licet
2900 4566 3046 4637 digni
3088 4565 3416 4622 haberentur

143 4671 250 4709 cum
291 4655 422 4711 inde
460 4656 529 4710 ad
560 4655 860 4725 profectum
902 4656 1181 4725 proprium
1227 4654 1720 4724 diseipulorumque

144 4763 349 4803 suorum
382 4763 494 4802 non
523 4747 733 4801 modico
765 4746 950 4801 labore
992 4747 1209 4802 advexit
1256 4748 1493 4803 domum.
1537 4749 1641 4802 Sed
1669 4755 1723 4803 et

141 4854 328 4909 pueros
355 4842 498 4895 duos
528 4855 649 4894 cum
687 4854 953 4894 consensu
991 4840 1234 4911 magistri
1263 4840 1315 4894 in
1345 4840 1723 4910 diseipulatum

143 4948 306 4997 suum,
359 4929 753 4985 Marchelmum
795 4942 819 4970 α
857 4930 1108 4985 videlicet
1153 4939 1207 4986 et
1247 4931 1615 4986 Marcuvinum
1658 4933 1723 4987 de

142 5032 288 5091 gente
318 5014 652 5092 'Anglorum,
685 5035 865 5076 secum
914 5021 1036 5076 inde
1084 5021 1324 5075 adduxit.
1374 5022 1449 5076 De
1494 5037 1725 5092 quorum

143 5115 346 5167 seniore
404 5112 733 5167 Marchelmo
775 5112 1177 5182 religiosissime
1230 5120 1285 5166 et
1336 5123 1523 5169 sancto
1572 5114 1724 5179 viro,

142 5212 196 5255 ut
218 5204 442 5274 dignum
472 5210 575 5266 est,
609 5202 839 5258 donante
868 5202 996 5267 Deo,
1026 5218 1125 5256 suo
1150 5201 1269 5258 loco
1293 5202 1492 5273 aliquid
1516 5203 1728 5273 plenius

145 5295 333 5349 dicam.
402 5294 555 5349 Tunc
619 5292 744 5347 felix
794 5294 1120 5361 comitatus,
1171 5294 1430 5365 magister
1480 5295 1741 5351 videlicet

143 5398 362 5443 sanctus
396 5396 450 5442 et
489 5386 735 5456 discipuli
774 5402 889 5454 ejus
932 5386 1108 5449 electi,
1158 5395 1213 5441 et
1250 5388 1483 5458 propriis
1522 5388 1731 5444 meritis

143 5488 193 5532 et
221 5480 613 5535 intercessione
638 5479 813 5533 omnis
843 5478 975 5533 cleri
1016 5493 1079 5533 ac
1119 5478 1336 5533 familiae
1378 5480 1549 5534 sancti
1581 5480 1729 5535 Petri

143 5573 506 5627 commendati
545 5573 657 5627 Deo
685 5580 740 5626 et
779 5574 981 5628 sanctis
1017 5571 1163 5641 ejus,
1208 5572 1415 5627 reversi
1460 5583 1583 5627 sunt
1628 5574 1727 5628 do-

142 5678 313 5730 mum,
348 5673 657 5720 erescentes
697 5671 751 5718 et
788 5664 1131 5734 proﬁcientes
1167 5680 1233 5719 ex
1263 5663 1354 5718 illo
1384 5664 1471 5718 die
1495 5662 1554 5721 in
1581 5664 1730 5720 omni

1827 4659 1971 4714 omni
2023 4674 2201 4729 paena,
2236 4667 2292 4712 et
2316 4658 2691 4713 crudelissima
2728 4666 2904 4712 morte
2943 4656 3203 4722 interﬁci;
3237 4666 3413 4714 tamen

1828 4751 1895 4805 ob
1922 4750 2279 4805 reverentiam
2311 4758 2363 4804 et
2392 4764 2633 4804 amorem
2656 4746 2842 4802 fratris
2867 4762 3055 4802 eorum
3083 4747 3262 4802 domui
3284 4746 3418 4802 Gre-

1829 4843 1988 4914 gorii,
2019 4842 2349 4913 cogitabant,
2378 4850 2438 4894 ut
2473 4857 2595 4895 eum
2626 4840 2826 4912 aliquid
2856 4841 2907 4894 in
2934 4840 3037 4895 hoc
3066 4838 3413 4895 consolaren-

1832 4943 1919 4989 tur
1942 4942 2064 5004 post
2088 4941 2317 4987 mortem
2350 4933 2662 4997 charorum,
2685 4931 2729 4986 si
2759 4932 2905 5002 ipsos
2932 4931 3230 4987 homicidas
3252 4938 3307 4986 et
3336 4931 3417 4985 in-

1830 5024 2147 5079 terfectores
2192 5037 2379 5077 eorum
2408 5022 2475 5076 ad
2501 5021 2618 5090 ejus
2651 5022 2946 5077 dominium
2986 5032 3041 5078 et
3074 5028 3417 5095 praesentiam

1828 5115 2115 5186 pervenire
2146 5114 2405 5180 facerent,
2450 5122 2510 5167 ut
2553 5115 2620 5169 ad
2664 5113 3090 5171 satisfactionem
3118 5126 3172 5172 et
3205 5120 3418 5191 mitiga—

1831 5208 2032 5262 tionem
2069 5206 2269 5260 doloris
2302 5206 2407 5271 sui,
2438 5206 2582 5277 quali
2614 5206 2771 5262 vellet
2799 5216 2973 5263 morte
3002 5209 3112 5279 ipse
3137 5226 3232 5265 eos
3252 5212 3420 5267 inter~

1832 5300 1920 5355 ﬁci
1948 5299 2180 5370 juberet.
2214 5299 2368 5367 Quod
2398 5308 2451 5355 et
2481 5300 2752 5367 fecerunt;
2806 5301 2939 5357 duos
2966 5318 3032 5357 ex
3057 5303 3163 5359 illis
3185 5320 3419 5375 pensen-

1834 5391 1937 5445 tari
1960 5388 2235 5459 iubentes.
2264 5392 2555 5447 carnaliter
2598 5393 2860 5447 duntaxat
2898 5396 3197 5466 cogitantes
3226 5413 3419 5454 secun-

1837 5484 1962 5538 dum
2004 5482 2222 5537 stultam
2263 5484 2585 5554 sapientiam
2626 5486 2804 5540 szeculi
2834 5486 3011 5557 hujus,
3038 5504 3157 5558 qua:
3186 5490 3421 5546 inimicis

1836 5575 1922 5647 pie
1947 5590 2170 5645 parcere
2201 5591 2304 5630 non
2336 5576 2501 5631 novit.
2536 5576 2652 5647 ipse
2680 5593 2830 5644 vero,
2864 5587 2922 5633 ut
2947 5588 3066 5635 erat
3090 5581 3175 5635 vir
3198 5579 3415 5651 spirita-

1838 5666 1926 5733 lis,
1960 5667 2149 5723 doctus
2174 5684 2204 5723 a
2229 5669 2456 5724 Domino
2480 5667 2608 5726 Jesu
2634 5669 2851 5726 Christo
2882 5678 2938 5727 et
2964 5679 3151 5727 sancto
3176 5671 3419 5743 Evange-

213 5813 238 5840 α
280 5800 388 5855 Hie
428 5808 513 5856 est
545 5799 910 5874 Marchelmus
960 5798 1131 5874 sancti
1175 5797 1733 5874 S_uidbe_rti_episcopl
1768 5811 1951 5856 comes
1987 5814 2049 5856 ac
2084 5799 2400 5871 discipulus,
2437 5801 2522 5859 cui
2553 5804 2735 5874 spuria
2788 5804 2856 5861 de
2913 5811 3101 5861 sancto
3132 5801 3421 5861 Suidberte

141 5882 456 5929 commenta
484 5873 795 5944 tribuuntur
824 5872 923 5928 sub
949 5868 1164 5926 nomine
1191 5868 1503 5924 Marcellini.
