4012 6364
609 368 714 428 ⁸1σό

1389 366 1447 424 S.
1488 360 1868 424 LUDGERUS
1906 348 2684 421 MIMIGARDEFURDENSIS
2720 364 3119 430 EPISCOPUS.

3784 345 3880 446 iit

602 489 681 545 lie
698 484 838 557 ejus,
867 486 924 541 in
948 500 1056 556 quo
1078 486 1345 542 didicerat
1367 486 1631 557 scriptum
1657 500 1672 540 :
1700 484 1916 555 Diligite
1948 482 2187 538 inimicos
2212 480 2269 545 λ
2291 479 2402 537 Deo
2425 479 2476 536 ei
2503 470 2688 537 datum
2734 482 2921 553 fuisse,
2958 487 3053 558 qui
3092 480 3333 558 ejusdem
3360 486 3521 553 electi
3548 492 3658 555 viri
3687 506 3744 556 et
3766 501 3877 565 vita

604 584 836 646 uestros:
879 579 1165 650 benefacite
1201 579 1283 633 lu's
1312 579 1401 650 qui
1435 576 1658 632 oderunt
1691 593 1799 637 vos,
1842 584 1901 630 ut
1940 571 2058 630 sitis
2088 572 2189 645 ﬁlii

604 670 789 728 Patris
814 673 969 727 vestri
1006 673 1097 744 qui
1138 673 1197 725 in
1232 670 1371 725 caelis
1412 678 1487 725 est
1526 668 1742 741 (Matth.
1770 667 1850 742 v)’,
1877 660 2189 753 spiritaliter

602 777 701 820 eos
733 772 790 819 et
816 764 1094 835 gratanter
1132 761 1399 830 suscepit;
1439 759 1685 831 cogitans
1726 759 2003 829 utrinque,
2038 753 2189 813 etde

600 869 702 910 sua
729 855 908 941 Salute
935 853 1283 924 sempiterna,
1315 860 1370 907 et
1403 852 1469 906 de
1510 850 1751 941 fratrum
1780 849 2186 941 interfectorum

599 946 943 1005 absolutione
966 964 979 1000 :
1005 944 1359 1014 exemploque
1378 943 1612 1013 posteris
1630 940 1936 1013 profuturo,
1959 940 2191 1010 etjussit

600 1054 698 1096 eos
735 1038 960 1104 absolvi,
1000 1044 1057 1093 et
1087 1036 1351 1101 balneari,
1386 1035 1628 1090 vestibus
1653 1035 1801 1090 indui
1832 1034 2190 1100 mundis,-at-

597 1147 705 1203 que
731 1131 865 1187 cibis
894 1129 1061 1189 reﬁci.
1094 1129 1245 1185 Tunc
1280 1129 1350 1184 ad
1389 1143 1448 1184 se
1473 1128 1649 1184 ductis
1674 1124 1934 1198 praecepit
1958 1128 2145 1189 dicens
2170 1146 2184 1183 :

594 1224 675 1281 ite
720 1225 775 1278 in
812 1237 980 1294 pace;
1012 1229 1068 1279 et
1094 1224 1302 1288 cavete,
1331 1229 1392 1276 ut
1430 1222 1538 1277 non
1574 1221 1799 1277 ulterius
1842 1221 1948 1275 tale
1983 1218 2187 1276 malum

484 1352 503 1369 .
594 1317 943 1389 perpetretis,
981 1331 1050 1371 ne
1078 1316 1318 1372 deterius
1343 1315 1499 1371 vobis
1535 1314 1741 1385 aliquid
1779 1314 2077 1385 contingat.
2120 1312 2188 1368 Et

587 1410 755 1482 jussit
794 1411 849 1466 in
882 1422 1018 1480 pace
1055 1410 1268 1474 deduci,
1318 1410 1616 1464 admonens
1644 1416 1869 1479 paterna
1895 1406 2184 1473 charitate,

592 1511 657 1558 ut
691 1517 722 1557 a
752 1502 965 1559 caeteris
998 1502 1320 1573 propinquis
1366 1502 1479 1556 suis
1522 1508 1683 1557 caute
1722 1510 1779 1556 se
1824 1494 2181 1555 custodirent.

593 1593 732 1662 Quid
747 1610 859 1651 nos
890 1592 1088 1650 modici
1107 1601 1163 1650 et
1183 1593 1387 1649 inﬁrmi
1407 1594 1474 1649 ad
1502 1594 1620 1649 haec
1637 1592 1834 1648 dicturi
1859 1596 2067 1659 sunius,
2091 1586 2185 1663 qui

591 1688 694 1742 nec
720 1687 929 1742 minimi
951 1688 1103 1742 verbi
1127 1687 1404 1743 iussionem
1445 1688 1647 1756 absque
1684 1685 1912 1752 ultione,
1960 1686 2053 1740 ubi
2103 1685 2183 1740 fa-

591 1779 768 1835 cultas
806 1780 1061 1851 suppetit,
1106 1778 1252 1834 ferre
1301 1778 1588 1834 valemus?
1614 1777 1752 1833 Dum
1804 1779 1870 1833 de
1919 1778 2178 1849 perfectis

592 1873 724 1928 talia
756 1872 1151 1944 cognoScimus,
1190 1885 1499 1942 pensemus,
1539 1871 1634 1925 ubi
1672 1877 1856 1925 nostra
1898 1868 2185 1925 infirmitas

590 1974 862 2038 prostrata
906 1964 1086 2034 jaceat
1112 2006 1128 2033 ,
1182 1980 1302 2035 quae
1352 1978 1629 2035 nunquam
1685 1964 1793 2019 tale
1840 1962 2046 2033 aliquid
2093 1960 2186 2028 vel

594 2064 776 2114 mente
800 2059 1085 2129 concepit:
1111 2065 1170 2113 ut
1204 2056 1335 2113 ﬁere
1367 2058 1542 2129 magis
1569 2058 1758 2123 libeat,
1790 2072 1955 2129 quam
1982 2058 2187 2129 aliquid

593 2149 793 2207 dicere.
830 2150 1083 2207 Forsitan
1121 2147 1442 2205 obtinebunt
1485 2149 1641 2204 nobis
1684 2150 1898 2205 veniam
1934 2150 2186 2221 lacrymaa

592 2243 736 2312 apud
774 2238 925 2313 piurh
967 2242 1209 2314 judicem
1245 2242 1436 2309 Deum,
1477 2241 1570 2313 qui
1600 2241 1655 2297 in
1685 2242 1897 2301 meritis
1930 2243 2185 2301 ﬁduciam

589 2330 794 2389 habere
819 2346 928 2390 non
956 2348 1263 2405 possumus.

660 2424 747 2478 14.
774 2425 881 2480 S’ed
908 2433 962 2480 et
990 2425 1094 2481 hoc
1116 2424 1329 2481 silentio
1350 2426 1575 2481 minime
1598 2424 1889 2498 tegendum
1912 2435 2015 2493 est;
2041 2429 2187 2498 quod

589 2516 918 2574 Marchclmo
966 2519 1264 2574 venerabili
1312 2518 1433 2574 viro
1480 2527 1739 2574 narrante
1785 2520 1981 2585 didici,
2031 2520 2186 2591 cujus

585 2610 839 2680 superius
878 2611 1199 2666 memoriam
1241 2610 1381 2665 feci:
1414 2610 1540 2679 quia
1567 2618 1690 2681 post
1714 2612 2032 2683 martyrium
2062 2622 2186 2666 san-

585 2700 659 2756 cti
688 2701 955 2771 magistri,
994 2716 1027 2755 a
1051 2712 1158 2771 quo
1183 2715 1281 2770 per
1321 2700 1552 2772 gratiam
1583 2700 1785 2758 Christi
1832 2710 1887 2758 et
1927 2702 2185 2759 meritum

586 2792 890 2847 sanctitatis
935 2791 1052 2860 ejus
1084 2797 1273 2847 omnes
1313 2792 1553 2848 conﬁnes
1583 2792 1829 2850 nationes
1869 2794 2186 2850 iiiuminataa

586 2890 732 2949 sunt,
764 2884 879 2953 ipse
903 2882 1122 2954 quoque
1148 2883 1212 2939 B.
1244 2883 1540 2957 Gregorius
1580 2901 1612 2941 a
1652 2885 1926 2957 Stephano
1965 2894 2183 2958 aposto-s

587 2976 705 3032 lica:
748 2979 893 3033 sedis
930 2979 1167 3048 praesule
1217 2991 1273 3035 et
1321 2980 1389 3035 ab
1436 2980 1634 3036 illustri
1680 2990 1735 3035 et
1774 2982 2026 3054 religioso
2055 2996 2185 3055 rege

590 3072 817 3145 Pippan
881 3076 1118 3147 SUScepit
1168 3074 1553 3135 auctoritatem
1606 3080 1905 3137 s‘e'minandi
1956 3083 2183 3138 verbum

587 3158 686 3222 Dei
711 3167 768 3221 in
788 3161 1047 3225 Fresonia
1066 3184 1082 3224 :
1103 3170 1277 3241 inqua
1304 3172 1513 3244 primus
1536 3182 1754 3231 sanctus
1777 3172 2177 3247 Willibi‘ordus,

588 3264 948 3331 cognomento
986 3264 1459 3335 archiepiscopus,
1510 3267 1566 3321 in
1607 3268 1956 3325 conversione
2003 3272 2180 3342 gentis

586 3351 732 3409 illius
759 3352 991 3410 initiavit
1018 3356 1324 3411 rudimenta
1363 3356 1685 3414 Christiana:
1713 3358 1834 3414 ﬁdei
1864 3362 1987 3415 'cum
2018 3362 2182 3420 disci-’-

590 3444 732 3516 pulis
760 3445 890 3501 suis.
941 3440 1144 3503 Deinde
1190 3452 1506 3505 senetcente
1539 3464 1605 3505 eo
1650 3450 1704 3505 in
1750 3442 1914 3520 opere
1959 3452 2074 3519 Dei,
2124 3454 2182 3511 et

591 3538 828 3593 stabilito
871 3539 1181 3610 e‘plScUpatu
1215 3540 1268 3594 in
1307 3540 1425 3596 loco
1468 3542 1561 3612 qui
1608 3546 1950 3614 nuncupatur
1995 3542 2181 3617 Trajel

585 3634 739 3687 ctum,
758 3642 813 3687 et
838 3633 943 3689 alio
968 3634 1184 3689 nomine
1227 3622 1551 3707 Wiltahurg,
1602 3640 1656 3692 ‘et
1684 3638 1953 3708 migrante
1982 3640 2051 3696 ad
2076 3639 2182 3696 Do-

585 3722 794 3778 minum
841 3724 909 3779 de
944 3725 1048 3780 hac
1093 3724 1232 3792 luce,
1288 3728 1553 3783 successit
1599 3736 1821 3786 sanctus
1869 3731 2180 3790 Bonifacius

584 3811 731 3870 idem
780 3816 1217 3888 archiepiscopus
1261 3823 1318 3875 et
1345 3829 1585 3893 martyr,
1634 3836 1796 3891 quem
1825 3825 2000 3881 oculis
2044 3827 2180 3884 meis

585 3905 703 3977 ipse
746 3908 857 3962 vidi
897 3910 1184 3966 candidum
1214 3912 1411 3967 canitie
1435 3920 1491 3968 et
1515 3913 1849 3983 decrepitum
1881 3920 2176 3989 senectute,

582 3997 804 4067 plenum
837 4000 1125 4058 virtutibus
1165 4011 1220 4059 et
1253 4004 1378 4060 vitai
1419 4006 1651 4060 meritis.
1693 4005 1811 4073 Quo
1843 4015 2083 4080 tempore
2123 4010 2181 4069 in

584 4086 701 4157 ejus
728 4088 1068 4161 discipulatu,
1099 4092 1243 4149 sicut
1265 4096 1514 4167 Superius
1540 4098 1855 4164 memoravi,
1885 4097 1947 4153 B.
1977 4099 2180 4174 Grego-

584 4181 700 4237 rius
723 4191 1024 4254 praeceptor
1049 4200 1202 4241 meus
1230 4186 1300 4241 ab
1330 4187 1551 4245 ineunte
1583 4195 1743 4245 aetate
1771 4189 1950 4247 fuerat
1971 4193 2178 4249 enutri-

581 4282 693 4341 tus,
733 4276 821 4332 cui
864 4282 918 4333 et
957 4280 1223 4335 successit
1258 4290 1285 4320 α
1318 4280 1439 4350 pilis
1487 4280 1664 4340 haeres
1709 4282 1952 4355 ejusdem
2001 4286 2179 4359 gentis

584 4365 882 4423 Fresonum
908 4378 1098 4438 pastor
1128 4376 1184 4424 et
1219 4371 1546 4441 praedicator
1571 4374 1852 4432 ordinatus
1881 4393 1913 4432 a
1948 4378 2178 4436 Domino

580 4469 637 4514 et
663 4474 691 4513 a
718 4460 1051 4532 principibus
1075 4462 1402 4534 stipuidictis
1430 4464 1686 4524 Ecclesia:
1717 4469 1834 4527 Dei.
1866 4468 2179 4543 Eademque

581 4551 844 4609 charitate
866 4594 879 4621 ,
912 4554 1053 4611 sicut
1080 4565 1133 4611 et
1158 4554 1283 4613 fidei
1313 4556 1587 4627 ﬁrmitate,
1622 4574 1726 4633 qua
1751 4564 2176 4634 praedecessores
2208 4596 2215 4634 ;

580 4646 695 4713 sui,
737 4654 956 4705 sanctus
1011 4638 1261 4707 videlicet
1313 4648 2173 4733 Willibrordus.archiepiscopus

579 4746 633 4794 et
670 4739 945 4797 confessor
990 4750 1045 4797 et
1095 4742 1405 4801 Bonifacius
1438 4755 1647 4820 martyr
1703 4758 1867 4821 atque
1905 4751 2175 4826 archiepi-

579 4845 793 4901 scopus,
839 4832 987 4903 larga
1018 4840 1071 4890 et
1109 4836 1363 4894 melliﬁua
1412 4840 1715 4897 eruditione
1743 4844 2002 4914 populum
2029 4846 2170 4903 irra-

580 4923 747 4980 diavit
785 4924 946 4981 simul
974 4942 1095 4982 cum
1128 4929 1515 5003 chorepiscopo
1557 4940 1611 4988 et
1643 4935 1885 5005 adjutore
1919 4942 2016 4993 suo
2042 4937 2173 4994 Alu-

578 5017 734 5073 berto
762 5017 816 5085 δ,
846 5019 938 5090 qui
967 5018 1033 5076 de
1059 5020 1339 5078 Britannia
1368 5033 1422 5079 et
1464 5034 1623 5096 gente
1648 5025 1945 5100 Anglorum
1984 5034 2167 5090 venie-

578 5108 694 5175 bat,
738 5111 949 5182 magnis
977 5112 1101 5169 vita:
1130 5114 1340 5170 meritis
1370 5112 1618 5186 pollens:
1668 5126 1722 5173 et
1769 5121 1961 5176 eadem
2001 5123 2169 5181 bene-

578 5202 813 5258 volentia
832 5202 987 5273 justa
1026 5208 1171 5264 vires
1200 5209 1428 5267 Domino
1452 5213 1659 5269 studuit
1683 5216 1987 5274 animarum
2018 5220 2168 5278 lucra

581 5297 885 5367 acquirere.

651 5389 739 5475 i5.
771 5389 924 5459 Quod
949 5394 1113 5450 etiam
1155 5403 1209 5451 et
1247 5396 1300 5451 in
1336 5396 1723 5470 discipulorum
1756 5402 2037 5477 multiplici
2067 5407 2165 5463 bc-

581 5482 886 5542 ‘n‘edictidne
913 5482 1113 5544 ditatus
1147 5495 1230 5545 est
1256 5484 1316 5545 B.
1346 5489 1660 5565 Gregorius,
1709 5511 1869 5554 nemo
1899 5497 2108 5557 dubitat
2135 5517 2167 5556 a

650 5662 822 5747 {Non
844 5668 1029 5747 tamen
1058 5667 1337 5747 ordinatus
1363 5671 1667 5747 episcopus,
1698 5676 1761 5731 ut
1779 5652 1933 5747 patet
1960 5678 2072 5733 tum
2101 5684 2170 5735 ex

581 5729 731 5821 ﬁliis
757 5735 815 5791 S.
844 5736 1106 5821 ἐξῳκειΟῆ
1128 5781 1143 5808 ,
1186 5748 1300 5797 tum
1327 5729 1410 5798 ex.
1439 5729 1930 5806 Observationibus

582 5802 652 5859 ad
675 5806 815 5863 hanc
848 5802 1043 5865 Vitam.

654 5873 685 5917 ιι
718 5875 797 5937 De
824 5880 1083 5945 Aiuberto
1110 5882 1358 5966 Gregorii
1385 5887 1772 5969 chorepiscopo
1797 5892 1855 5953 in
1878 5895 2169 5957 commissa

2291 576 2548 632 meritum
2572 574 2803 646 pensare
2824 578 3078 668 voluerit,
3114 577 3170 638 et
3196 580 3655 655 pretiosissimum
3682 580 3879 668 sapien-

2288 668 2383 724 tia:
2410 666 2529 737 ejus
2576 656 2890 727 thesaurum
2935 656 3286 757 investigare.
3340 678 3642 753 Propterea
3693 656 3759 743 et.
3785 689 3876 749 hoc

2292 760 2512 845 dignum
2548 764 2681 847 estse
2726 761 2991 821 memoria
3018 764 3269 851 videtur,
3320 764 3560 842 qualiter
3597 776 3875 851 discipulos

2289 840 2417 908 Suos
2443 838 2605 909 siiniil
2634 856 2758 910 cum
2782 854 2863 913 eis
2905 848 3181 939 commixti;
3221 853 3336 919 vita
3378 856 3776 939 conversandm
3825 856 3876 932 in

2284 950 2445 1031 pater
2490 943 2629 1002 ﬁlios
2674 946 2920 1005 educarit
2963 948 3019 1007 et
3047 932 3316 1022 dileiei’it',
3367 948 3706 1031 singulisoue
3743 932 3875 1027 tanto

2289 1024 2572 1092 charitatis
2619 1038 2827 1109 glutino
2867 1039 3190 1115 ju‘nge'retu'r
3212 1087 3227 1115 ,
3273 1042 3334 1103 ut
3362 1024 3726 1120 apo—stoiicum
3763 1024 3875 1115 illud

2286 1132 2536 1209 sanetum
2577 1137 2633 1185 et
2660 1131 2981 1204 praclarum
3023 1132 3396 1209 testimonium
3426 1134 3535 1198 non
3582 1124 3796 1204 iantum
3820 1165 3876 1209 ex

2286 1206 2384 1274 ore
2412 1220 2684 1305 proferret
2704 1222 2771 1278 ad
2798 1207 3210 1285 (ediﬁcationeiii
3230 1222 3589 1302 audientium,
3614 1222 3710 1293 sed
3734 1222 3875 1312 opere

2286 1317 2343 1366 et
2379 1311 2611 1370 veritate
2655 1302 2724 1371 ad
2750 1308 3073 1374 iiiiitaridum
3099 1312 3311 1377 cunctis
3357 1318 3695 1407 ostenderet,
3752 1302 3875 1401 quod

2284 1405 2353 1460 ‘de
2380 1396 2663 1463 vocatione
2689 1417 2745 1464 et
2760 1406 3025 1468 electione
3052 1404 3294 1469 omnium
3322 1405 3565 1487 gentium
3590 1398 3705 1475 iiii.
3731 1421 3872 1481 Petro

2288 1500 2529 1568 apostolo
2545 1500 2749 1557 dictum
2777 1502 3028 1586 conStatt
3055 1500 3333 1572 Quomodo
3358 1510 3417 1564 in
3439 1502 3583 1566 omni
3609 1497 3779 1584 :qente,
3799 1516 3872 1586 qui

2283 1590 2431 1644 timet
2468 1590 2655 1657 Deum,
2706 1596 2755 1648 et
2785 1582 3035 1666 operatur
3057 1592 3360 1668 justitiam,
3410 1582 3659 1676 acceptus
3699 1600 3776 1662 est
3806 1582 3874 1663 illi

2284 1680 2425 1755 (Act.
2456 1685 2533 1755 ι).
2585 1684 2702 1742 Non
2726 1684 2871 1742 enini
2901 1688 2967 1743 ex
2991 1686 3098 1745 una
3128 1680 3372 1761 qualibet
3398 1672 3560 1767 genie
3592 1681 3713 1770 ejus
3740 1710 3874 1760 erant

2283 1773 2534 1843 discipuli
2568 1776 2914 1861 cengregati,
2957 1770 3054 1836 sed
3080 1776 3151 1838 ξι
3186 1785 3429 1842 omnium
3456 1787 3764 1855 vicinarum
3785 1782 3869 1849 na-

2215 1836 2261 1922 it
2288 1864 2497 1922 tionuni
2546 1836 3073 1939 ﬂoriluiiisvadun‘ati:
3120 1864 3175 1930 et
3223 1868 3373 1932 tanta
3426 1851 3796 1941 familiaiitate
3824 1892 3870 1943 et

2288 1952 2702 2018 mansuetudine
2745 1961 3043 2034 lwtitiaque
3073 1958 3304 2037 spiritali
3330 1958 3625 2029 illuinihati
3656 1955 3794 2041 simi,
3820 1985 3871 2037 ut

2286 2053 2407 2110 luce
2432 2052 2630 2110 clarius
2658 2052 2882 2112 daretur
2910 2042 3147 2129 agnosci,
3184 2050 3309 2131 qiii'a
3336 2058 3403 2119 de
3430 2054 3541 2121 inin
3559 2054 3718 2136 patre
3736 2054 3871 2143 spiri-

2285 2142 2381 2201 tali
2411 2145 2555 2203 etde
2588 2156 2766 2203 matre
2794 2144 3038 2205 summa
3078 2152 3344 2209 charitate
3388 2158 3638 2227 generati
3669 2146 3789 2217 sunt
3824 2156 3869 2219 et

2287 2234 2594 2293 co'aduriati.
2627 2232 2855 2307 Quidam
2882 2240 3027 2298 enim
3050 2238 3238 2299 eurum
3264 2242 3420 2303 erant
3441 2238 3508 2305 de
3533 2244 3707 2309 nobili
3728 2255 3869 2327 stirpe

2285 2328 2642 2399 Francorum,
2677 2331 2897 2403 quidam
2927 2342 2982 2390 et
3008 2335 3075 2391 de
3102 2332 3356 2409 religiosa
3386 2342 3863 2416 genteAngloru'm;

2287 2420 2505 2492 quidam
2548 2438 2677 2480 vero
2723 2432 2779 2479 et
2808 2425 2875 2480 de
2916 2424 3129 2484 novella
3176 2429 3272 2485 Dei
3312 2431 3655 2501 plantatione
3704 2437 3863 2495 diebus

2285 2516 2489 2571 nostris
2537 2512 2790 2573 inchoata
2835 2516 3137 2575 Fresonum
3184 2520 3241 2577 et
3293 2522 3619 2593 Saxonum;
3670 2530 3865 2600 quidam

2286 2610 2469 2664 autem
2490 2616 2544 2665 et
2569 2610 2637 2666 de
2660 2610 2964 2684 Baguariis,
3010 2622 3065 2669 et
3104 2610 3315 2684 Suevis,
3346 2618 3433 2673 vel
3462 2619 3530 2675 de
3570 2626 3867 2694 quacunque

2287 2701 2509 2759 natione
2522 2712 2577 2760 et
2601 2706 2761 2776 gente
2778 2702 3020 2762 misisset
3038 2706 3133 2763 eos
3160 2704 3304 2765 Deus
3328 2726 3341 2763 :
3369 2716 3605 2781 quorum
3634 2714 3865 2773 minimus

2288 2794 2390 2867 ego
2414 2810 2553 2861 sum,
2569 2792 2814 2853 modicus
2835 2794 2889 2852 et
2910 2794 3158 2855 inﬁrmus
3182 2800 3452 2859 alumnus.
3480 2798 3692 2872 Quibus
3715 2809 3864 2865 omni-

2286 2886 2391 2942 bus
2412 2888 2788 2958 undecunque,
2836 2890 2990 2960 quasi
3014 2888 3082 2948 ad
3107 2892 3277 2950 unum
3306 2894 3448 2953 ovile
3473 2890 3738 2969 collectis,
3764 2904 3865 2975 pius

2284 2978 2449 3035 Pater
2470 2988 2523 3037 et
2544 2990 2731 3053 pastor
2749 2974 3044 3055 Gregorius
3066 2995 3122 3043 et
3151 2989 3413 3060 spiritalia
3435 2974 3771 3054 nutrimenta
3789 2998 3868 3054 d0-

2288 3065 2585 3159 ctrinarum
2614 3082 2669 3129 et
2687 3068 3025 3146 eloquiorum
3053 3062 3170 3149 Dei,
3217 3088 3273 3139 et
3296 3089 3605 3159 corporalia
3635 3088 3869 3150 alimcnta

2238 3214 2256 3257 ἦ
2288 3158 2478 3219 eadem
2506 3164 2793 3223 devotione
2814 3166 3130 3238 procuravit
3154 3182 3210 3230 et
3240 3158 3463 3235 donavit
3488 3197 3504 3236 :
3541 3192 3598 3239 et
3622 3186 3698 3241 ita
3720 3185 3870 3259 inspi-

2210 3229 2258 3299 ο
2288 3262 2438 3313 ratus
2464 3252 2495 3313 εἰ
2518 3252 2629 3314 Deo
2654 3261 2860 3319 exarsit
2900 3264 2957 3320 in
2994 3258 3182 3323 amore
3206 3278 3261 3325 et
3288 3270 3625 3334 institutione
3653 3229 3872 3351 discipu—

2284 3348 2491 3418 lorum,
2545 3360 2605 3409 ut
2649 3355 2831 3413 nullus
2883 3374 3023 3431 pene
3070 3360 3379 3433 praeteriret
3424 3368 3565 3436 dies,
3619 3388 3721 3442 quo
3761 3348 3870 3430 non

2274 3438 2462 3519 primo
2504 3462 2663 3506 mane
2698 3459 2926 3522 paterna
2953 3448 3314 3516 Sollicitudihe
3345 3438 3658 3532 oo’nsedens,
3687 3465 3868 3538 singu-

2284 3541 2352 3598 lis
2388 3543 2693 3615 quibusque
2730 3548 3091 3619 venientibus,
3141 3542 3305 3623 prout
3344 3554 3577 3628 Quisque
3610 3556 3867 3630 quaesivit,

2280 3628 2535 3703 'piie'ulum
2569 3634 2695 3694 vitm
2718 3641 3050 3711 propinaret,
3087 3653 3142 3701 et
3172 3644 3425 3720 irrigaret
3449 3628 3665 3722 eloquio
3694 3651 3803 3709 Dei.

2283 3744 2289 3750 ’
2356 3724 2442 3814 i6.
2467 3728 2708 3799 ipsorum
2735 3746 2951 3805 quoque
2980 3734 3366 3808 discipulorum
3394 3739 3512 3810 ejus
3531 3741 3747 3814 plurimi
3771 3755 3870 3801 tam

2282 3808 2492 3875 nobiles
2521 3822 2693 3888 erant,
2743 3830 3000 3895 tantoque
3026 3827 3238 3897 praediti
3283 3808 3500 3904 ingenio
3531 3808 3598 3890 et
3641 3822 3871 3893 doctrina

2281 3908 2402 3980 Dc'i,
2447 3922 2508 3969 ut
2535 3917 2603 3971 ad
2642 3926 2825 3972 arcem
2860 3921 3201 3992 episcopatus
3237 3934 3259 3964 ο
3295 3932 3351 3981 et
3380 3926 3582 3985 merito
3620 3947 3867 3988 vocaren-

2282 4010 2389 4069 tur,
2416 4014 2470 4061 et
2492 4006 2739 4064 venirent
2764 4027 2778 4076 ;
2805 4011 3024 4082 plurimi
3053 4031 3181 4071 vero
3205 4030 3417 4087 eorum,
3445 4022 3730 4093 aequaliter
3756 4025 3869 4082 edo.

2281 4098 2356 4154 cti
2394 4108 2449 4156 et
2476 4100 2833 4174 disciplinati,
2886 4109 2987 4163 etsi
3036 4126 3140 4165 non
3188 4111 3340 4168 tanto
3386 4116 3562 4187 gradu
3606 4114 3870 4176 sublimaii

2282 4203 2426 4260 sunt,
2454 4196 2663 4252 meritis
2690 4204 2869 4254 tamen
2897 4218 3003 4257 non
3031 4212 3187 4260 erant
3213 4208 3414 4279 exigui,
3450 4211 3547 4268 sed
3569 4214 3798 4271 scientia
3823 4225 3873 4271 et

2281 4285 2549 4345 cliaritate
2575 4289 2670 4347 Dei
2700 4293 2904 4350 eximii.
2957 4295 3147 4369 Opera:
3173 4303 3408 4370 pretium
3432 4314 3489 4361 et
3512 4306 3738 4380 dignum
3765 4326 3871 4367 esse

2278 4380 2513 4450 videtur,
2543 4393 2604 4439 ut
2632 4402 2846 4457 quoquo
2890 4389 3051 4447 modo
3090 4392 3320 4463 valeam,
3353 4398 3695 4470 singulorum
3735 4405 3874 4460 testi-

2280 4474 2482 4541 monia,
2512 4476 2624 4532 suis
2654 4477 2708 4532 in
2736 4476 2889 4548 locis,
2934 4490 2988 4537 et
3012 4483 3166 4553 signa
3193 4487 3484 4547 charitatis
3508 4508 3619 4549 non
3653 4496 3872 4553 abscon-

2281 4567 2424 4623 dam.
2455 4569 2676 4627 interim
2706 4580 2887 4629 tamen
2915 4576 2981 4631 de
3004 4576 3064 4631 B.
3100 4569 3384 4651 Gregorio,
3432 4600 3554 4654 quae
3581 4603 3869 4660 coeperam,

2278 4675 2453 4732 pauca
2477 4660 2543 4717 de
2573 4663 2788 4732 multis,
2838 4667 2904 4723 ad
2925 4667 3228 4738 profectum
3254 4666 3590 4733 audientium
3635 4681 3871 4751 proferre

2279 4755 2558 4811 ‘conabor:
2600 4759 2856 4828 quoniam
2900 4763 3108 4831 peccati
3152 4781 3278 4845 reus
3306 4781 3426 4824 esse
3451 4772 3803 4841 pertimesco,
3828 4775 3869 4831 si

2278 4846 2344 4903 de
2385 4849 2650 4919 cognitis,
2701 4858 2757 4907 et
2798 4858 2908 4906 tam
2948 4852 3244 4927 profuturis
3271 4857 3462 4930 bonis,
3515 4861 3600 4920 vel
3632 4875 3871 4924 extrema

2277 4939 2523 5010 quaedam
2551 4957 2776 4998 narrare
2798 4960 2907 5000 non
2934 4945 3212 5017 incipiam.

2350 5031 2435 5086 i7.
2466 5032 2597 5087 Erat
2623 5035 2767 5090 enim
2805 5036 2890 5090 vir
2915 5036 3004 5093 ille
3031 5041 3388 5110 venerabilis,
3435 5047 3737 5107 secundum
3776 5046 3871 5107 Sa-

2275 5126 2493 5197 pientiae
2523 5128 2749 5198 dictum,
2791 5130 2886 5201 qui
2915 5139 3036 5200 post
3065 5150 3261 5190 aurum
3290 5153 3396 5193 non
3428 5140 3588 5207 abiit,
3626 5158 3727 5199 nec
3756 5158 3873 5215 spe-

2260 5220 2415 5307 ravit
2437 5221 2491 5276 in
2525 5220 2796 5279 thesauris
2822 5224 3066 5294 pecuniae
3099 5241 3113 5279 :
3147 5227 3269 5283 ideo
3294 5230 3533 5287 stabilita
3558 5245 3687 5289 sunt
3733 5236 3868 5291 bona

2273 5309 2418 5367 illius
2449 5313 2501 5368 in
2532 5313 2644 5370 Deo
2665 5356 2681 5384 ,
2722 5323 2778 5369 et
2806 5315 3178 5389 eleemosynas
3205 5317 3323 5388 ejus
3351 5321 3596 5395 divulgat
3631 5325 3870 5381 Ecclesia

2274 5417 2602 5463 sanctorum.
2632 5407 2869 5465 Noverat
2894 5411 3082 5482 utique
3109 5414 3370 5485 scriptum
3396 5432 3412 5483 ;
3443 5425 3499 5471 et
3526 5434 3688 5488 opere
3707 5435 3871 5476 nove—
3896 5438 3909 5477 ξ

2273 5508 2357 5556 rat
2392 5510 2447 5558 et
2470 5499 2715 5571 veritate,
2763 5518 2873 5559 non
2901 5519 3150 5565 sermone
3188 5522 3383 5566 casso:
3426 5512 3556 5585 quia
3602 5515 3758 5571 rudia:
3796 5523 3869 5571 est

2272 5664 2701 5781 Trajectepsium
2727 5701 2879 5757 cura,
2910 5689 3067 5762 plura
3092 5691 3237 5764 leges
3265 5693 3320 5749 in
3348 5692 3502 5752 Actis
3526 5695 3696 5781 sancti
3727 5680 3870 5753 Ludo

2272 5756 2823 5915 scilidgil‘imiestatui‘
2865 5832 3133 5893 Alti‘ridus
3156 5796 3866 5915 ingemuistis-ipa."
3676 5800 3705 5821 τ’
3826 5840 3841 5854 ’

2270 5912 2421 5959 num.
2449 5900 2504 5972 8,
2535 5917 2671 5975 quos
2704 5903 2847 5964 inter
2873 5910 3239 5972 numerandus
3271 5900 3388 5993 ipse
3414 5911 3714 5989 Ludgerus.
