4012 6364
129 440 231 502 765

1264 414 1423 493 vrri
1454 412 1514 492 ‘s.
1554 406 1884 493 essepeti
1920 406 2232 498 nostris.

3292 424 3393 507 isi;

125 560 381 649 omnium,
406 544 668 648 mulorum
712 546 971 649 cupiditas
1000 556 1055 641 (ζ
1086 540 1333 633 Tim._v1)
1361 573 1375 623 ;
1416 564 1473 611 et
1502 528 1701 610 idcirco
1727 559 1779 620 Α
1804 556 1988 611 sedulo
2015 559 2077 647 in
2100 557 2305 615 caelesti
2342 542 2723 631 praedicatione
2749 560 2845 618 sua
2870 552 2975 619 hoc
3014 558 3142 620 usus
3164 550 3249 624 cst
3268 554 3398 626 lira-

123 673 242 716 eam
266 646 425 728 quasi
456 642 689 710 immane
716 642 1070 725 przecipitium
1096 657 1149 706 et
1173 644 1368 706 inferni
1390 644 1600 705 foveam
1625 664 1716 703 ex-

122 752 354 833 horruit,
395 734 819 833 et‘prtecavebat
848 735 903 802 in
949 736 1220 803 omnibus.
1270 726 1421 798 Sicut
1446 738 1590 798 enim
1621 758 1714 797 cu-

122 828 231 918 pidi
259 828 637 925 pecuniarum,
680 849 736 897 et
764 839 912 895 avari
952 839 1044 909 qui
1092 838 1328 893 animam
1356 828 1508 891 suam
1549 850 1721 903 vena-p

123 916 225 993 lem
255 936 480 1001 habent,
508 918 717 1007 timent.
740 918 806 988 ne
822 920 1064 1009 prodant
1090 938 1145 986 et
1169 929 1398 1001 perdant
1425 916 1573 983 lucra
1600 935 1709 982 ter-

122 1045 291 1109 rena;
339 1029 421 1083 sic
443 1027 635 1082 metuit
662 1025 760 1107 ‘vir
784 1024 871 1079 ille
901 1012 1154 1090 sanctus,
1198 1037 1266 1076 ne
1308 1020 1445 1075 forte
1486 1018 1709 1073 abscon-

122 1104 293 1176 dendo
318 1135 384 1175 ea
407 1128 461 1175 et
488 1102 837 1175 custodiendo
857 1115 1108 1191 perderet
1128 1102 1388 1170 ccclesiis.
1418 1112 1483 1166 Et
1507 1110 1708 1166 idcirco

122 1204 549 1284 quotiescunque
583 1210 699 1265 auri
724 1217 778 1264 et
804 1208 1012 1280 argenti
1036 1207 1089 1261 in
1112 1212 1434 1276 potestatem
1478 1203 1593 1274 ejus
1618 1200 1710 1257 ali—

121 1306 241 1376 quid
267 1304 598 1385 devenerat,
640 1303 827 1358 statim
852 1301 1155 1381 expendere
1184 1298 1391 1377 curavit
1430 1306 1484 1352 et
1507 1312 1709 1368 paupe-

123 1400 264 1455 ribus
317 1390 645 1483 distribuere
671 1438 687 1463 ,
747 1404 809 1452 ut
871 1396 956 1450 vir
1009 1393 1350 1466 evangelicus
1386 1393 1708 1473 secundum

121 1491 393 1563 Evangelii
450 1492 762 1546 mandatum
812 1489 1015 1545 faceret
1068 1496 1123 1544 et
1166 1487 1568 1543 thesaurizaret
1604 1483 1708 1540 sibi

122 1589 402 1644 thesauros
426 1585 482 1641 in
512 1586 670 1652 coelo,
701 1586 793 1640 ubi
819 1600 920 1640 nec
957 1599 1140 1657 :erugo
1166 1597 1267 1637 nec
1304 1581 1449 1635 tinea
1485 1578 1707 1635 demoli-

121 1688 217 1742 tur,
248 1686 308 1733 et
331 1676 485 1733 fures
518 1692 627 1732 non
649 1676 911 1731 eﬁ'odiunt
946 1689 1047 1730 nec
1086 1672 1343 1747 furantur.
1362 1669 1575 1743 (Matth.
1603 1668 1702 1740 γι).

121 1770 177 1823 Et
202 1768 465 1840 quoniam
492 1774 662 1842 totam
692 1781 1025 1841 spemsuam
1070 1772 1183 1819 tam
1211 1763 1441 1818 ﬁrmiter
1468 1769 1522 1817 et
1544 1775 1706 1831 expe-

118 1866 217 1919 dite
242 1863 535 1919 collocavit
562 1862 617 1916 iu
645 1860 978 1924 coelestibus,
1005 1858 1138 1913 nihil
1164 1872 1289 1912 eum
1318 1870 1512 1910 nocere
1531 1852 1707 1924 potuit

1815 647 1936 703 culo
1969 640 2025 704 et
2052 636 2393 706 hortamento
2418 638 2695 708 virtutum.

1846 820 1861 835 ἢ
2002 734 2071 798 Et
2115 732 2367 829 quoniam
2400 738 2645 833 superius
2674 732 2799 811 ,ὶίηό
2844 731 3023 821 operis
3066 734 3398 825 testimonio,

1996 844 2108 919 tam
2148 826 2395 908 religiose
2420 826 2504 891 vir
2526 826 2619 892 D'éi
2651 828 2940 911 Gregorius
2966 828 3258 899 semiudum
3293 842 3401 901 Do-

1808 916 2064 1017 minicam
2087 920 2387 1017 orationem
2412 922 2476 983 de
2497 918 2812 986 remissione
2834 916 3092 1002 implevit,
3117 920 3282 989 multa
3304 926 3401 990 bo-

1810 1012 2001 1107 norum
2024 1008 2246 1093 operum
2274 1022 2503 1095 insignia
2530 1010 2968 1080 demonstrantur
2991 1044 3004 1095 ;
3038 1006 3170 1083 libet
3194 1010 3248 1083 et
3272 1014 3400 1085 illud

1809 1106 2035 1179 referre,
2083 1112 2316 1185 qualiter
2361 1114 2487 1170 fecit
2520 1116 2576 1170 in
2620 1114 2931 1195 quotidiana
2985 1106 3399 1177 conversatione

1808 1221 1905 1261 sua
1929 1206 1993 1260 de
2014 1205 2264 1260 omnibus
2284 1194 2735 1279 obtrectatoribus
2756 1204 2888 1273 suis,
2917 1208 3007 1279 qui
3035 1208 3085 1265 ei
3108 1194 3407 1281 aliquandd'

1808 1284 2140 1369 derogahant
2165 1290 2397 1369 prOpriis
2421 1298 2567 1354 vitiis
2586 1286 2857 1372 instigati:
2910 1302 3144 1372 qualiter
3167 1296 3260 1359 eos
3285 1320 3392 1359 non

1808 1380 1962 1461 quasi
2010 1405 2110 1460 pro
2172 1378 2566 1445 detractoribus
2618 1382 2899 1447 eirhorriiit
2946 1402 3002 1449 et
3046 1384 3253 1462 odivit,
3304 1395 3401 1452 sed

1808 1483 1963 1555 quasi
1990 1483 2194 1539 amicos
2213 1492 2268 1539 et
2294 1480 2566 1555 adjutores
2592 1478 2808 1556 semper
2835 1480 3039 1543 amavit
3064 1496 3119 1543 et
3139 1488 3308 1555 adiit;
3347 1490 3403 1544 et

1808 1574 2102 1629 secundum
2142 1572 2442 1632 Psalmistse
2491 1576 2692 1633 dictum
2736 1577 2928 1651 (Paul.
2969 1580 3188 1653 xxxv“)
3215 1622 3230 1648 ,
3282 1590 3397 1636 tan-
3484 1582 3491 1587 ’

1808 1682 1969 1737 quam
1999 1666 2193 1723 surdus
2221 1683 2314 1723 eos
2356 1685 2464 1723 non
2494 1671 2750 1738 audiens,
2787 1680 2843 1727 et
2887 1673 3043 1745 quasi
3080 1666 3261 1729 mutus
3288 1666 3398 1729 non

1809 1760 2058 1832 aperiens
2082 1775 2144 1816 os
2165 1776 2319 1816 suum
2337 1800 2354 1828 ,
2397 1762 2627 1835 benigne
2654 1758 2777 1818 eum
2805 1764 3011 1820 eisdem
3050 1772 3404 1821 conversatus

1808 1860 1911 1918 est,
1949 1852 2192 1922 nihilque
2220 1852 2299 1907 eis
2329 1844 2564 1925 negavit,
2596 1869 2715 1923 qua:
2756 1854 2946 1910 amicis
2975 1853 3288 1925 impendere
3310 1856 3403 1910 de-

118 1975 207 2015 nec
231 1959 477 2023 irretire,
526 1956 671 2029 quod
700 1956 768 2010 de
804 1953 1036 2009 terrenis
1060 1958 1116 2007 et
1142 1949 1359 2006 caducis
1387 1946 1705 2003 delectabile
1736 1931 1784 1994 Β
1810 1945 1945 2001 buit.
1978 1944 2129 2001 Unde
2155 1946 2257 2000 hoc
2283 1946 2355 2012 ei,
2383 1946 2486 2001 nisi
2516 1945 2687 2018 gratia
2718 1962 2949 2017 superna
2978 1944 3261 2019 largiente,
3290 1962 3404 2019 pra:

116 2064 224 2106 esse
263 2050 559 2105 videbatur
602 2049 656 2102 in
699 2046 918 2103 mundo.
961 2043 1006 2100 0
1041 2043 1222 2101 virum
1248 2040 1613 2098 venerabilem
1653 2046 1708 2095 et

118 2142 360 2208 electum,
408 2147 751 2196 mansuetum
774 2146 828 2194 et
851 2138 1020 2209 pium,
1052 2135 1362 2192 coelestibus
1385 2149 1600 2205 semper
1624 2132 1707 2187 in-

120 2242 338 2301 tentum,
364 2241 449 2312 .et
473 2232 540 2288 de
566 2232 785 2288 caducis
820 2240 877 2286 et
902 2229 1133 2285 terrenis
1170 2229 1350 2284 minus
1377 2234 1659 2283 curantem
1690 2244 1704 2279 :

119 2326 246 2398 quod
278 2334 333 2381 et
360 2324 553 2379 habitu
574 2324 911 2380 monstrabat
933 2330 988 2379 et
1017 2331 1143 2378 actu
1167 2324 1179 2376 ε
1213 2320 1430 2376 Nullum
1456 2321 1511 2374 in
1541 2333 1606 2375 eo
1630 2319 1708 2373 lo~

117 2431 225 2471 cum
276 2415 487 2495 invenit
531 2415 843 2487 superstitio
893 2414 1128 2470 vestium
1174 2420 1230 2468 et
1276 2411 1553 2476 ciborum,
1598 2426 1707 2465 non

118 2511 391 2579 iactantia,
431 2519 488 2566 et
534 2510 836 2565 detractio:
884 2508 978 2564 sed
1026 2523 1134 2563 uno
1176 2504 1474 2576 eodemque
1511 2502 1707 2573 aequali

119 2622 227 2662 cum
273 2603 494 2659 caeteris
535 2596 859 2658 vestimento
887 2608 943 2658 et
987 2600 1133 2656 victu
1163 2612 1375 2668 semper
1423 2602 1708 2652 contentus

120 2706 258 2755 erat:
311 2705 373 2751 et
399 2712 467 2751 ex
512 2697 617 2751 hac
642 2694 839 2766 linguai
869 2699 924 2750 et
947 2692 1073 2747 vita:
1102 2690 1364 2746 munditia
1393 2688 1525 2743 foris
1552 2687 1709 2742 inno-

121 2793 231 2859 tuit,
280 2799 507 2863 quantae
553 2788 805 2861 puritatis
846 2787 1133 2843 dilectione
1182 2800 1277 2841 cor
1317 2784 1434 2855 ejus
1480 2782 1707 2837 interius

121 2887 327 2957 plenum
371 2892 514 2941 erat.
560 2883 641 2939 Ex
686 2881 916 2952 simplici
943 2895 1075 2936 vero
1111 2878 1557 2935 vestimentorum
1606 2890 1709 2929 usu

122 2986 270 3049 atque
297 2977 575 3042 ciborum,
603 2971 926 3030 monstravit
947 2969 1194 3040 exemplo
1208 2967 1544 3023 auditoribus
1572 2965 1705 3031 suis,

121 3072 248 3143 quod
270 3084 532 3127 sermone
573 3066 757 3123 docuit
781 3081 847 3121 ex
873 3062 1160 3135 prmceptis
1186 3060 1282 3116 Dei
1308 3067 1363 3115 et
1397 3065 1707 3114 sanctorum

122 3165 247 3236 eius.
273 3162 419 3218 Nam
446 3161 656 3232 legerat
680 3156 941 3227 scriptum
978 3153 1139 3210 beato
1163 3151 1325 3206 Petro
1345 3147 1587 3219 apostolo
1617 3146 1707 3201 ad-

1804 2039 2069 2094 munditia
2116 2039 2315 2094 mentis
2358 2039 2590 2111 egregiae
2625 2039 2819 2109 venire,
2860 2039 3057 2109 potuit,
3098 2039 3242 2110 quod
3287 2047 3407 2094 tan-

1805 2145 1967 2203 quam
1991 2129 2249 2201 parvulus
2269 2137 2380 2185 tam
2409 2122 2701 2186 obliviosos
2729 2129 3069 2202 injuriarum,
3103 2140 3212 2185 tam
3242 2139 3406 2186 tenax

1804 2221 2067 2276 virtutum
2094 2220 2213 2278 ﬁeri
2241 2221 2449 2276 valuit?
2479 2221 2684 2292 Sagitta
2716 2221 2862 2276 enim
2893 2210 3161 2277 sermonis
3188 2218 3403 2276 Demini

1805 2331 1913 2371 non
1960 2323 2168 2370 tantum
2218 2315 2335 2387 ejus
2384 2315 2629 2386 corporis
2658 2330 2817 2369 aures
2867 2312 3074 2385 tetigit,
3111 2312 3207 2369 sed
3238 2314 3405 2369 etiam

1807 2410 1987 2465 cordis
2029 2425 2191 2466 aures
2236 2410 2505 2464 veraciter
2548 2406 2892 2479 penetravit,
2943 2414 2999 2462 et
3036 2400 3397 2461 illuminavit:

1805 2503 1899 2560 ubi
1928 2503 1982 2558 in
2008 2490 2321 2574 Evangelio,
2352 2501 2577 2573 parvulo
2600 2501 2667 2565 ad
2693 2515 2756 2579 se
2780 2506 2973 2554 vocato
2992 2539 3006 2564 ,
3039 2494 3214 2553 adhuc
3238 2494 3402 2551 rudes

1807 2596 2079 2669 apostolos
2106 2611 2255 2662 suos,
2300 2603 2355 2650 et
2392 2610 2513 2650 cum
2560 2594 2692 2665 ipsis
2722 2592 2880 2648 simul
2923 2606 3083 2647 omne
3124 2588 3402 2669 hominum

1806 2705 1975 2763 genus
2000 2689 2145 2744 viam
2190 2688 2342 2759 regni
2369 2686 2630 2747 caelorum
2675 2684 2909 2757 qualiter
2938 2683 3146 2737 intrare
3171 2658 3406 2735 debeant

1807 2780 2103 2844 admonuit,
2136 2779 2321 2835 dicens
2346 2793 2361 2833 :
2387 2778 2552 2833 Amen
2578 2777 2694 2831 dico
2722 2775 2886 2840 vobis,
2911 2773 3011 2851 nisi
3036 2772 3267 2827 conversi
3289 2769 3404 2840 fue-

1808 2871 1922 2926 ritis
1963 2879 2011 2924 et
2046 2870 2340 2941 efﬁciamini
2369 2870 2501 2922 sicut
2525 2865 2751 2937 parvuli,
2786 2882 2889 2920 non
2914 2852 3177 2918 intrabitis
3208 2860 3265 2914 in
3291 2875 3405 2929 reg-

1809 2977 1935 3016 num
1960 2959 2208 3015 caelorum
2239 2958 2456 3032 (Matth.
2486 2956 2666 3029 xvut).
2718 2956 2830 3011 Hoc
2856 2971 2986 3027 ergo
3014 2963 3216 3009 etcum
3245 2946 3402 3009 fami-

1807 3054 2034 3110 liaribus
2073 3064 2129 3108 et
2164 3068 2288 3108 cum
2326 3051 2606 3107 extraneis
2644 3064 2752 3104 non
2782 3047 2949 3104 semel
2990 3044 3269 3121 exercuit,
3309 3040 3402 3097 sed

1811 3148 2046 3215 assidue,
2092 3147 2195 3202 nisi
2219 3145 2311 3200 ubi
2347 3144 2611 3201 districtio
2649 3140 2942 3223 disciplinae
2969 3145 3024 3223 et
3051 3126 3402 3193 correctioni-

122 3226 372 3315 nionente
398 3274 412 3309 ε
457 3226 583 3309 N'on
602 3253 662 3306 in
695 3226 830 3305 veste
856 3247 1084 3319 pretiosa
1114 3242 1167 3315 (Ι
1190 3243 1336 3297 Petr.
1368 3239 1453 3312 ut)
1481 3254 1495 3294 :
1536 3246 1590 3294 et
1617 3253 1709 3293 eo-
1739 3311 1776 3319 _
1810 3243 1896 3297 nis
1925 3243 2067 3296 inter
2094 3238 2365 3309 subjectos
2393 3236 2535 3292 aliud
2571 3234 2839 3307 exigebat.
2892 3231 2998 3287 Sed
3024 3230 3154 3285 dum
3180 3229 3264 3283 vir
3296 3226 3399 3283 iste

119 3348 358 3420 apostolo
384 3345 504 3417 eius
547 3343 716 3400 Paulo
740 3311 1061 3397 adhortante
1106 3311 1370 3392 didicerat
1394 3372 1409 3401 ,
1436 3311 1706 3404 quoniam
1731 3311 1777 3373 (ἶ
1811 3343 1924 3390 tam
1965 3330 2183 3387 humilis
2210 3338 2265 3385 et
2288 3329 2534 3400 patiens,
2576 3341 2677 3398 pro
2714 3339 2899 3380 amore
2924 3321 3106 3377 divino
3136 3329 3246 3375 tam
3275 3332 3403 3420 cpu-

119 3456 227 3497 esca
251 3449 302 3495 et
330 3448 484 3510 potus
513 3453 619 3491 non
652 3443 726 3490 est
763 3448 980 3504 regnum
1008 3430 1105 3485 Dei
1128 3446 1147 3496 ;
1193 3427 1283 3484 sed
1319 3426 1549 3498 justitia,
1578 3441 1705 3497 pax,

114 3533 473 3607 gaudiumque
512 3530 566 3584 in
594 3527 807 3600 Spiritu
851 3532 1032 3579 sancto
1079 3522 1257 3596 (Rom.
1305 3518 1438 3591 XIV).
1477 3519 1553 3574 De
1578 3524 1708 3589 potu

115 3642 253 3685 vero
276 3626 402 3698 ejus
424 3624 549 3695 quid
570 3621 792 3678 dicam?
830 3621 884 3675 in
911 3633 1018 3689 quo
1040 3616 1089 3672 ei
1121 3623 1332 3671 tantum
1355 3620 1473 3668 erat
1502 3619 1707 3698 tempe-

119 3688 457 3782 ramentum;
491 3725 551 3772 ut
590 3718 683 3772 vix
724 3728 995 3784 unquam,
1043 3708 1336 3767 secundum
1363 3688 1603 3777 Aposto‘
1632 3705 1712 3760 di-

116 3822 282 3878 ctum,
312 3809 530 3866 modico
554 3808 683 3862 vino
717 3812 902 3860 utetur
930 3802 980 3875 (1
1006 3800 1139 3856 Tim.
1167 3800 1245 3872 γ),
1272 3797 1413 3869 quod
1436 3812 1543 3851 non
1569 3802 1713 3850 esset

119 3921 253 3977 aqua
307 3902 564 3958 mixtum.
619 3898 689 3956 Et
732 3913 843 3955 non
898 3902 1111 3952 tantum
1161 3892 1217 3947 in
1268 3890 1558 3959 semetipso
1608 3887 1713 3943 hoc

122 3994 428 4067 adimphevit
471 3990 828 4062 apostolicum
872 3987 1110 4051 dictum;
1154 3983 1247 4040 sed
1284 3990 1341 4038 et
1378 3995 1567 4037 omnes
1608 3978 1711 4034 sibi

122 4090 387 4159 subjectos
412 4085 767 4140 vehementer
794 4092 1010 4150 semper
1027 4076 1322 4140 admonuit,
1355 4081 1413 4128 ut
1437 4086 1711 4142 nunquam

123 4176 396 4236 ebrietatis
434 4174 638 4230 malum
682 4173 1046 4234 incurrerent,
1098 4167 1191 4223 sed
1216 4165 1363 4222 velut
1406 4162 1601 4218 inferni
1632 4161 1715 4217 fo-

121 4286 267 4327 veam
311 4272 694 4341 praecaverent
726 4271 889 4332 atque
930 4260 1189 4316 vitarent.
1241 4257 1311 4312 Et
1354 4256 1420 4311 de
1458 4255 1715 4310 vitiorum

122 4362 369 4417 omnium
385 4355 754 4414 destructione
773 4353 1142 4420 virtutumque
1161 4344 1513 4402 aediﬁcatione
1541 4344 1595 4399 in
1616 4358 1713 4396 sua

122 4453 502 4527 pradicatione
544 4445 922 4522 propheticum
972 4441 1102 4497 illud
1128 4439 1440 4508 frequenter
1472 4433 1715 4506 proferre

122 4524 320 4600 solebat
349 4560 373 4597 ι
399 4540 565 4595 Posui
587 4548 636 4592 te
666 4548 720 4591 ut
746 4533 934 4590 evellas
973 4542 1020 4587 et
1045 4531 1306 4595 destruas,
1355 4536 1403 4582 et
1443 4524 1715 4597 disperdas

122 4644 165 4688 et
201 4633 452 4703 dissipes,
501 4635 550 4683 et
581 4626 809 4696 wdiﬁces
850 4633 899 4679 et
926 4620 1129 4693 plantes
1160 4618 1375 4693 (Jerem.
1407 4616 1448 4688 ι)
1477 4633 1492 4682 ;
1530 4612 1715 4671 volens

1808 3422 2128 3494 temptibilia
2154 3430 2209 3476 et
2247 3394 2358 3476 suae
2399 3394 2647 3490 persona:
2686 3417 2904 3487 indigna
2946 3422 3002 3469 et
3046 3412 3189 3468 ferre
3236 3394 3406 3465 voluit

1810 3515 2216 3587 mquanimiter,
2247 3521 2303 3567 et
2324 3513 2499 3584 potuit
2526 3528 2542 3577 ;
2581 3510 2765 3573 evenit
2784 3510 2907 3574 hoc,
2937 3507 3081 3577 quod
3113 3506 3177 3587 in
3214 3503 3402 3557 diebus

1810 3608 1925 3679 ejus
1968 3623 2111 3679 pene
2148 3605 2400 3661 omnibus
2445 3604 2538 3675 qui
2583 3617 2711 3658 eum
2757 3607 3023 3656 noverant
3070 3586 3402 3667 incOgnitum

1811 3717 1918 3756 non
1946 3708 2064 3755 erat
2102 3717 2115 3752 :
2161 3698 2286 3768 quia
2318 3711 2454 3767 pene
2481 3709 2669 3749 omnes
2692 3693 2747 3747 hi
2779 3691 2873 3763 qui
2911 3698 3061 3745 tanto
3088 3688 3206 3744 viro
3235 3687 3403 3740 hono-

1812 3808 1928 3848 rem
1956 3791 2197 3846 debitum
2244 3787 2554 3860 impendere
2596 3784 2883 3839 noluerunt
2908 3820 2925 3849 ,
2973 3780 3176 3861 ultione
3221 3777 3402 3833 divina

1810 3882 2055 3954 percussi
2083 3889 2229 3946 sunt,
2268 3888 2324 3935 et
2363 3878 2433 3934 ad
2461 3876 2825 3948 cognitionem
2853 3873 2956 3938 sui,
3000 3871 3126 3927 licet
3148 3868 3321 3925 coac'i
3348 3874 3406 3924 et

1812 3977 1986 4043 inviti,
2014 3973 2225 4031 reducti
2259 3980 2319 4027 ut
2346 3971 2523 4043 palam
2552 3969 2776 4024 daretur
2803 3963 3025 4035 intelligi
3054 3963 3195 4018 scire
3222 3959 3404 4016 volen—

1812 4068 1978 4133 tibus,
2018 4067 2145 4139 quia
2171 4065 2270 4121 sub
2311 4064 2491 4120 diviua
2516 4060 2762 4117 custodia
2793 4057 3007 4113 fortiter
3041 4056 3188 4110 intus
3223 4061 3405 4124 prote-

1813 4160 2061 4231 gebatur,
2109 4156 2354 4227 quamvis
2402 4153 2670 4208 interdum
2719 4158 2843 4204 ante
2889 4145 3074 4202 oculos
3122 4143 3403 4200 hominum

1813 4253 2166 4321 superborum
2198 4248 2341 4302 ferre
2377 4246 2655 4301 videretur
2698 4242 2915 4314 indigna
2940 4238 3247 4310 opprobria.
3294 4234 3403 4291 Sed

1815 4344 1908 4415 qui
1937 4345 2039 4399 hoc
2066 4342 2342 4397 attendere
2359 4338 2588 4393 voluerit
2612 4335 2905 4399 etimitari,
2936 4348 3040 4387 non
3060 4328 3403 4386 mediocriter

1816 4436 1867 4493 ei
1892 4434 2139 4506 proﬁciet
2156 4433 2225 4488 ad
2248 4430 2530 4486 introitum
2550 4429 2705 4501 regni
2731 4426 3002 4484 caelestis:
3032 4424 3156 4478 dum
3188 4436 3402 4488 omnes,

1816 4529 1908 4599 qui
1947 4527 2195 4583 eamdem
2244 4524 2390 4578 viam
2424 4527 2838 4593 prmeesserunt,
2890 4516 3017 4570 talia
3063 4519 3401 4585 paterentur,

1817 4598 2112 4674 secundum
2136 4615 2338 4671 dictum
2367 4620 2424 4668 et
2458 4611 2689 4667 formam
2724 4604 3107 4678 apostolorum,
3140 4601 3229 4672 qui
3254 4598 3405 4653 ibant

124 4685 398 4780 auditores
434 4685 566 4776 suos
607 4685 797 4773 οιιίιιθε
837 4685 1041 4770 (licium
1087 4685 1192 4768 Ῐιοέδ
1220 4685 1537 4779 intelligible.
1590 4706 1716 4778 (illia
1747 4685 1795 4745 θ
1816 4712 2068 4784 ﬁagellati
2093 4726 2125 4765 a
2154 4715 2443 4779 conspectu
2476 4704 2687 4761 consilii
2726 4698 3021 4772 gaudentes
3058 4704 3115 4751 et
3140 4694 3401 4759 dicentes,

123 4830 401 4889 nunquam
448 4814 710 4869 virtutum
758 4808 922 4864 decor
957 4814 1015 4863 et
1048 4806 1313 4861 bonorum
1341 4816 1567 4871 operum
1593 4799 1721 4853 aedi-

122 4909 300 4965 ﬁcium
331 4907 533 4976 surgit,
558 4903 665 4960 nisi
705 4901 964 4958 vitiorum
992 4897 1144 4953 labes
1179 4904 1235 4952 et
1263 4893 1602 4950 immunditia
1627 4892 1721 4947 de-

124 5012 388 5060 struatur.
424 4999 533 5057 Sed
561 5005 617 5053 et
635 4994 990 5067 apostolicum
1016 4988 1146 5046 illud
1171 4988 1464 5060 gloriosum
1494 4992 1551 5041 et
1571 4985 1720 5040 omni

124 5096 276 5153 laude
309 5095 536 5166 dignum
586 5088 951 5146 testimonium
975 5124 993 5152 ,
1044 5090 1266 5155 propter
1308 5080 1716 5135 incitamentum

122 5188 412 5244 charitatis
431 5184 529 5241 Dei
560 5190 616 5239 et
638 5179 872 5252 proximi
891 5186 1052 5249 atque
1076 5173 1404 5230 desiderium
1434 5172 1582 5243 regni
1608 5185 1720 5225 cae-

123 5278 273 5336 lestis
298 5318 315 5346 ,
363 5274 800 5347 frequentissime
839 5273 895 5326 in
935 5267 1278 5325 conclusione
1320 5261 1721 5336 praedicationis

123 5387 233 5428 sua
257 5371 475 5427 solebat
499 5374 686 5439 aptare
709 5382 722 5418 :
762 5361 915 5428 Quod
941 5358 1122 5414 oculus
1147 5374 1252 5412 non
1276 5356 1421 5433 uidit,
1457 5370 1547 5409 nec
1571 5353 1719 5408 auris

125 5466 352 5530 audiuit,
382 5476 548 5534 neque
575 5461 631 5516 in
665 5472 755 5514 cor
798 5455 1022 5511 hominis
1062 5451 1293 5507 ascendit
1311 5465 1427 5522 qua:
1450 5463 1721 5520 prwpara-

126 5559 191 5613 sit
223 5557 373 5612 Deus
392 5552 728 5626 diligentibus
745 5566 800 5604 se
830 5547 883 5619 (Ι
910 5546 1031 5603 Cor.
1061 5544 1147 5617 ιι).
1176 5543 1368 5599 Sciens
1394 5542 1559 5610 igitur
1586 5555 1724 5610 prte-

125 5648 344 5704 dicator
363 5648 486 5718 pius
506 5645 593 5700 his
616 5642 826 5698 duobus
855 5637 1196 5703 testimoniis,
1234 5634 1548 5707 prophetico
1577 5631 1716 5687 scili-

124 5740 213 5797 cet
240 5749 304 5796 et
334 5733 652 5811 apostolico,
698 5734 919 5790 intentis
963 5728 1301 5786 auditoribus
1332 5724 1559 5781 multum
1585 5730 1721 5779 eon-

1814 4807 1944 4877 quia
1975 4820 2071 4876 per
2098 4802 2297 4858 multas
2334 4798 2706 4854 tribulationes
2743 4797 2957 4863 oportet
2980 4804 3078 4845 nos
3116 4787 3322 4843 intrare
3350 4784 3405 4840 in

1817 4912 2043 4968 regnum
2071 4893 2332 4950 caelorum
2354 4890 2490 4960 (Act.
2520 4886 2596 4959 v).

1889 4964 1977 5042 i9.
2008 4985 2208 5041 Verum
2233 4980 2359 5051 quia
2388 4979 2530 5033 inter
2553 4977 2780 5030 virtutes
2807 4973 3074 5027 maximas
3100 4984 3233 5042 opus
3261 4964 3401 5023 elee-

1816 5091 2163 5149 mosynarum
2209 5072 2278 5127 ab
2322 5072 2441 5142 ipso
2484 5068 2709 5123 Domino
2737 5072 2793 5121 et
2819 5065 3180 5134 Redemptore
3221 5067 3406 5115 nostro

1815 5181 1900 5228 est
1939 5170 2283 5231 ordinatum,
2346 5172 2402 5220 et
2445 5176 2633 5218 omnes
2686 5158 2978 5229 Scriptura:
3026 5162 3226 5210 sanctae
3270 5150 3405 5205 Novi

1821 5262 2153 5321 Testamenti
2190 5268 2247 5315 et
2271 5256 2485 5315 Veteris
2511 5255 2616 5310 hoc
2642 5268 2777 5324 Opus
2820 5246 3158 5307 salutiferum
3185 5242 3408 5327 laudant

1819 5366 1877 5414 et
1914 5353 2254 5427 gloriﬁcent;
2307 5352 2374 5406 de
2399 5347 2643 5420 largiﬁua
2687 5346 3149 5415 eleemosynarum
3192 5339 3411 5396 datione

1820 5451 1883 5507 Β.
1914 5445 2163 5518 Gregorii
2188 5444 2257 5498 ad
2301 5441 2621 5498 memoriam
2644 5435 2979 5509 posteritatis
3007 5441 3064 5489 et
3090 5427 3408 5487 imitationis

1820 5538 2130 5609 exemplum
2173 5548 2347 5607 pauca
2382 5539 2507 5589 sunt
2528 5529 2870 5602 proferenda.
2918 5525 3125 5580 Floruit
3150 5522 3296 5578 enim
3328 5518 3411 5572 vir

1825 5633 1914 5688 ille
1962 5628 2251 5684 virtutibus
2298 5626 2417 5681 aliis
2446 5624 2651 5689 multis,
2697 5621 2792 5677 sed
2837 5619 3070 5674 maxime
3097 5617 3149 5670 in
3178 5612 3410 5668 eleemo-

1827 5734 2083 5795 synarum
2108 5726 2263 5773 sacra
2292 5715 2665 5787 puriﬁcatione
2686 5712 2791 5767 fuit
2817 5709 3030 5780 semper
3060 5708 3316 5767 intentus,
3354 5700 3409 5755 in

126 5832 267 5890 ferri
290 5788 402 5904 perf
421 5788 691 5890 charisma
716 5826 1087 5885 absconditum
1105 5822 1340 5896 Spiritus
1365 5820 1559 5886 sancti,
1582 5810 1726 5890 quod
1832 5788 2042 5870 tantum
2082 5818 2143 5866 ut
2168 5808 2301 5881 nihil
2328 5806 2429 5864 sibi
2466 5805 2606 5873 auri,
2656 5798 2791 5860 nihil
2820 5799 3027 5874 argenti
3072 5798 3267 5870 praeter
3310 5788 3414 5848 Ec-

125 5934 186 5985 et
220 5898 550 6005 prophetam
586 5924 828 5999 implevit
848 5930 905 5983 et
927 5918 1261 5998 apostolum;
1293 5925 1350 5978 et
1376 5916 1578 5977 idcirco
1616 5922 1726 5975 tam
1814 5907 2010 5998 ‘clesiae
2054 5902 2360 5967 necessaria
2406 5898 2707 5963 ministeria
2746 5909 2985 5972 unquam
3012 5902 3293 5950 reservare
3316 5899 3412 5944 vo-
