4012 6364
614 399 725 456 76"

616 515 827 571 luisset.
857 507 966 567 Sed
988 517 1045 566 et
1065 508 1132 565 de
1153 506 1259 562 alia
1283 503 1584 561 substantia
1608 515 1728 565 sua,
1744 498 1933 554 eadem
1953 494 2198 564 benigni-
2226 480 2274 534 Α

619 615 733 664 tate
773 605 954 676 largus
989 602 1290 657 habebatur
1333 605 1386 652 et
1429 594 1680 652 dilatatus
1702 633 1718 659 ,
1769 586 2200 662 pauperibusque

620 698 824 757 Christi
875 709 1089 764 semper
1124 690 1394 763 proﬁcuus
1436 696 1492 742 et
1532 687 1692 756 pius:
1737 683 1976 751 nihilque
2005 678 2105 735 sibi
2133 693 2202 732 ex

563 835 568 842 .
620 795 961 858 ea,‘excepto
988 786 1130 840 victu
1158 781 1469 852 quotidiano
1497 785 1554 832 et
1591 777 1786 831 vestitu
1815 771 2064 843 simplici,
2109 784 2204 824 vo-

620 879 722 934 luit
751 890 1048 937 reservare,
1095 886 1300 944 ponens
1344 883 1495 939 spem
1539 881 1693 922 suam
1735 872 1902 918 totam
1943 861 2114 931 magis
2149 860 2204 914 in

621 969 887 1026 tremendi
929 963 1326 1021 examinatione
1352 958 1561 1030 judicii,
1589 971 1752 1027 quam
1781 955 1832 1008 in
1858 951 2110 1025 praesenti
2129 949 2207 1005 lo—

623 1061 983 1132 cupletatione
1011 1057 1384 1111 thesaurorum
1407 1059 1463 1107 et
1487 1049 1796 1106 divitiarum
1823 1045 2028 1101 mundi.
2058 1043 2209 1098 Ideo-

624 1167 730 1224 que
770 1160 880 1205 tam
910 1147 1067 1203 facile
1095 1161 1194 1216 pro
1233 1158 1418 1198 amore
1445 1139 1647 1196 Christi
1674 1137 1856 1192 omnia
1886 1134 2074 1205 largiri
2112 1146 2209 1204 po-

623 1243 728 1298 tuit
749 1256 869 1310 qua:
913 1237 1186 1299 habebat,
1230 1250 1298 1289 ex
1326 1233 1479 1303 cujus
1521 1245 1614 1284 ore
1657 1235 1714 1283 et
1750 1225 1995 1296 exemplo
2021 1225 2208 1278 eadem

625 1334 888 1388 didicerat
941 1344 1060 1400 qua:
1111 1327 1380 1382 faciebat:
1434 1321 1587 1388 Quod
1628 1327 1859 1390 superest
1905 1317 2045 1371 vobis
2088 1315 2210 1368 date

625 1426 1001 1494 eleemosynam
1027 1439 1044 1486 ;
1073 1429 1120 1475 et
1145 1435 1259 1473 ecce
1286 1418 1460 1472 omnia
1507 1413 1701 1468 munda
1724 1420 1845 1465 sunt
1887 1408 2025 1462 vobis
2056 1405 2206 1479 (Luc.

625 1517 724 1585 iu).
767 1511 1140 1570 Consideravit
1165 1510 1352 1564 eadem
1381 1506 1483 1560 fide
1507 1513 1562 1560 et
1585 1503 1848 1558 charitate
1874 1507 2090 1554 sanctos
2110 1497 2211 1551 Pa-

628 1616 740 1663 tres
767 1607 820 1659 in
850 1603 1032 1659 Veteri
1063 1602 1408 1656 Testamento
1436 1614 1465 1651 a
1494 1597 1604 1651 Deo
1628 1594 1877 1657 donatos,
1909 1591 2095 1646 eadem
2118 1604 2213 1658 spe

629 1694 1082 1753 remunerationis
1125 1692 1463 1761 sempiternae
1503 1689 1569 1742 de
1597 1685 2056 1753 eleemosynaruin
2085 1694 2214 1748 ope-

629 1792 779 1851 ribus
805 1783 1093 1843 fructuosis
1135 1796 1349 1852 semper
1389 1777 1555 1833 fuisse
1581 1775 1855 1831 sollicitos.
1908 1771 2057 1826 Unde
2081 1778 2136 1823 et
2159 1770 2213 1823 in

629 1880 838 1952 psalmo
865 1885 1084 1933 sanctus
1107 1871 1375 1940 Propheta
1401 1881 1500 1938 pro
1535 1863 1880 1920 beatitudinis
1908 1858 2214 1914 testimonio

630 1973 792 2042 hujus
819 1971 997 2040 operis
1027 1966 1362 2022 devotionem
1388 1959 1567 2031 posuit
1596 1957 1780 2012 dicens
1823 1973 1835 2008 :
1883 1954 2076 2008 Beatus
2125 1952 2216 2022 qui

629 2061 870 2131 intelligit
899 2075 1054 2130 super
1081 2071 1296 2128 egenum
1324 2062 1370 2106 et
1394 2066 1704 2123 pauperem:
1735 2050 1792 2102 in
1816 2048 1899 2100 die
1923 2044 2065 2100 mala
2092 2043 2218 2099 libe-

633 2151 770 2206 rabit
791 2167 908 2204 eum
935 2148 1187 2202 Dominus
1219 2142 1388 2210 (Psal.
1431 2140 1540 2214 XL).
1573 2139 1681 2194 Sed
1710 2147 1764 2192 et
1789 2138 1928 2192 alius
1954 2137 2218 2206 propheta

633 2245 700 2298 de
748 2242 935 2297 eodem
973 2253 1138 2309 opere
1182 2243 1369 2293 sancto
1396 2229 1738 2286 laudabiliter
1781 2228 1929 2282 canit
1954 2235 2009 2281 et
2048 2225 2215 2281 dicit:

634 2334 785 2392 Sicut
814 2351 952 2404 aqua
973 2331 1254 2401 exstinguit
1279 2329 1472 2399 ignem,
1498 2326 1574 2378 ita
1588 2322 1914 2392 eleemosyna
1939 2321 2220 2391 exstinguit

631 2437 900 2499 peccatum
929 2422 1126 2496 (Eccle.
1175 2420 1282 2493 Ill).
1315 2419 1574 2474 Dominus
1604 2430 1818 2486 quoque
1845 2415 1961 2484 ipso
1988 2429 2088 2484 pro
2115 2414 2221 2470 hoc

632 2531 797 2588 opere
826 2517 880 2569 in
901 2514 988 2569 die
1014 2511 1293 2568 tremendo
1328 2517 1543 2564 sanctos
1567 2521 1694 2562 suos
1722 2505 1896 2577 gratia
1923 2519 2019 2558 sua
2046 2511 2101 2559 et
2126 2503 2223 2559 be-

633 2609 936 2664 nedictione
974 2605 1300 2676 sempiterna
1340 2601 1496 2657 effert
1523 2610 1577 2656 et
1605 2599 1814 2655 extollit
1861 2597 2076 2653 dicens:
2118 2595 2221 2652 Ve-

635 2703 762 2767 nite,
786 2700 1036 2756 benedicti
1066 2698 1244 2753 Patris
1267 2696 1393 2762 mei,
1415 2694 1657 2766 percipite
1681 2708 1894 2762 regnum
1923 2690 2061 2761 quod
2082 2690 2223 2744 vobis

633 2801 876 2864 paratum
903 2798 976 2844 est
1009 2788 1073 2843 ab
1104 2789 1303 2857 origine
1328 2784 1510 2839 mundi
1551 2799 1569 2838 :
1597 2784 1722 2854 quia
1748 2783 1960 2845 esurivi,
2004 2790 2050 2835 et
2076 2781 2225 2835 dedi-

635 2883 730 2938 stis
754 2881 881 2936 mihi
918 2878 1279 2941 manducare;
1322 2874 1480 2940 sitivi,
1510 2881 1559 2927 et
1601 2871 1815 2926 dedistis
1843 2871 1969 2924 mihi
2010 2869 2178 2923 bibere
2202 2885 2222 2934 ;

640 2973 814 3028 nudus
838 2970 936 3039 fui,
967 2979 1012 3023 et
1037 2968 1312 3038 operuistis
1334 2981 1438 3031 me,
1479 2971 1586 3019 etc.
1629 2961 1840 3034 (Matth.
1873 2959 2022 3032 xxv).
2075 2959 2224 3014 Talia

638 3066 700 3121 B.
732 3063 1025 3134 Gregorius
1050 3062 1112 3118 de
1151 3068 1382 3130 utroque
1407 3057 1774 3120 Testamento,
1815 3055 1871 3109 in
1909 3054 2105 3124 quibus
2131 3053 2226 3108 do-

640 3156 914 3213 ctissimus
937 3160 1076 3217 erat,
1124 3149 1467 3232 intelligendo
1493 3155 1549 3202 et
1575 3145 1910 3242 penetrando
1953 3154 2222 3215 praecepta
2251 3180 2298 3242 C

640 3254 698 3302 et
725 3245 959 3300 divinam
1003 3240 1359 3311 Scripturam,
1411 3237 1579 3308 legem
1619 3236 1781 3289 vertit
1826 3235 1879 3288 in
1920 3248 2124 3304 opera:
2170 3243 2226 3289 et

641 3352 750 3393 non
787 3336 1001 3390 auditor
1026 3331 1314 3388 obliviosus
1357 3329 1552 3394 factus,
1604 3328 1696 3383 sed
1727 3327 1901 3382 factor
1927 3328 2135 3397 operis,
2168 3327 2224 3382 in

639 3431 758 3502 lege
776 3429 875 3484 Dei
917 3442 1128 3498 semper
1151 3432 1288 3480 erat.
1335 3424 1434 3479 Eia
1475 3423 1672 3478 milites
1709 3422 1932 3488 Christi,
1965 3422 2144 3477 audite
2169 3429 2226 3478 et

641 3522 940 3593 intelligite,
973 3528 1028 3575 et
1056 3519 1313 3575 assumite
1347 3517 1590 3588 exempla
1618 3516 1797 3573 Patris
1837 3515 1997 3586 hujus
2036 3516 2225 3571 rectis-

641 3615 778 3670 sima
818 3621 873 3668 et
895 3611 1175 3684 praeclara,
1211 3619 1274 3665 ut
1312 3609 1467 3664 vobis
1503 3609 1666 3663 etiam
1699 3609 1871 3664 adhuc
1899 3608 1953 3662 in
1997 3622 2224 3678 corpore

639 3704 962 3768 viventibus,
1013 3710 1070 3758 et
1096 3701 1427 3756 intuentibus
1469 3716 1532 3756 ac
1579 3699 1922 3771 diligentibus
1964 3713 2050 3764 ea,
2101 3698 2224 3752 inde

640 3802 855 3852 crescat
876 3793 1046 3866 gratia
1073 3792 1169 3848 Dei
1193 3831 1209 3857 ,
1239 3790 1473 3862 largiens
1494 3789 1779 3846 vulnerum
1809 3798 2115 3845 nostrorum
2138 3802 2224 3843 re-

643 3887 846 3952 media,
877 3886 1019 3940 unde
1044 3883 1118 3938 illi
1149 3889 1437 3938 creverunt
1461 3889 1734 3937 tantarum
1761 3881 2020 3936 virtutum
2064 3893 2224 3934 oma-

639 3985 844 4032 menta.

711 4065 799 4122 20.
834 4064 1049 4120 Talibus
1082 4064 1422 4121 successibus
1449 4069 1504 4118 et
1527 4063 1654 4118 vita:
1678 4062 1887 4116 meritis
1913 4061 2102 4116 beatus
2129 4059 2224 4116 ab-

639 4160 739 4215 bas
786 4173 936 4213 meus
972 4164 1026 4211 et
1050 4166 1351 4228 praeceptor
1396 4153 1718 4223 Gregorius,
1771 4153 1895 4207 dum
1927 4168 2140 4222 semper
2167 4152 2222 4208 in

641 4251 835 4307 melius
863 4247 1160 4305 crescendo
1183 4245 1487 4317 proﬁceret,
1513 4252 1568 4300 et
1594 4258 1759 4315 prope
1779 4242 1889 4314 jam
1921 4244 1987 4298 ad
2015 4251 2225 4313 septua-

641 4343 787 4414 ginta
815 4356 1077 4396 annorum
1099 4348 1313 4395 aetatem
1330 4346 1438 4393 tam
1463 4339 1661 4394 charus
1685 4338 1795 4393 Deo
1823 4354 1986 4409 quam
2007 4337 2221 4394 cunctis

640 4436 948 4492 hominibus
986 4432 1330 4504 perveniret;
1378 4429 1549 4485 adfuit
1593 4432 1705 4487 dies
1730 4472 1744 4496 ,
1784 4431 1836 4485 in
1866 4445 1968 4501 qua
1997 4431 2221 4485 militem

640 4543 796 4584 suum
819 4526 1078 4581 Dominus
1101 4524 1275 4579 adhuc
1299 4521 1627 4578 meliorando
1653 4522 1952 4577 subvehere
1974 4521 2134 4576 vellet
2155 4523 2222 4578 ad

641 4624 976 4686 sublimiora,
1008 4628 1063 4675 et
1091 4617 1540 4674 remunerationis
1561 4618 1607 4672 ei
1632 4616 1850 4686 przemia
1872 4616 2079 4687 largiri,
2108 4631 2228 4685 qute

640 4715 849 4771 meritis
876 4711 992 4782 ejus
1031 4710 1364 4766 debebantur
1391 4715 1446 4763 et
1474 4708 1726 4776 operibus
1767 4704 2073 4760 fructuosis.
2124 4705 2229 4759 Ta-

641 4816 761 4863 ctus
784 4808 965 4876 itaque
1004 4811 1089 4859 est
1131 4819 1193 4858 ea
1233 4801 1479 4857 molestia
1522 4797 1788 4870 corporali
1819 4799 1870 4852 in
1900 4798 2118 4853 sinistro
2150 4797 2227 4852 la-

645 4906 779 4964 tere,
821 4911 981 4967 quam
1020 4892 1290 4965 paralysin
1336 4890 1528 4947 medici
1570 4897 1803 4945 vocant:
1843 4896 1899 4943 et
1945 4899 2226 4944 crescente

643 4988 829 5044 eadem
847 4986 1092 5042 molestia
1107 4991 1161 5038 et
1185 4985 1592 5054 ingravescente
1606 4995 1705 5050 per
1726 4978 1838 5034 dies
1860 4977 2117 5050 singulos,
2141 4993 2226 5034 se-

644 5073 873 5132 cundum
926 5074 1221 5145 Scriptura:
1288 5071 1653 5126 testimonium
1680 5111 1696 5136 ,
1755 5069 2039 5140 ﬂagellavit
2080 5071 2223 5126 Deus

645 5165 811 5222 ﬁlium
842 5181 994 5220 suum
1020 5165 1073 5218 in
1101 5165 1204 5219 hac
1230 5162 1662 5233 peregrinatione
1691 5159 1873 5231 (Hebr.
1909 5160 2033 5231 χιι),
2063 5175 2221 5230 quem

643 5271 674 5312 e
693 5256 870 5311 vicino
897 5264 1016 5310 erat
1051 5263 1364 5324 recepturus
1391 5252 1458 5307 ad
1487 5252 1712 5322 patriam
1744 5250 2042 5307 caelestium
2070 5267 2222 5307 man-

642 5348 888 5413 sionum;
924 5345 1096 5401 tribus
1129 5345 1271 5399 enim
1301 5343 1456 5398 annis
1477 5351 1600 5398 ante
1622 5342 1825 5398 obitum
1852 5357 2030 5407 suum,
2067 5357 2220 5396 arre-

641 5446 766 5512 ptus
786 5445 868 5492 est
890 5435 979 5490 illa
1000 5432 1464 5490 infirmitate.Sed
1495 5441 1614 5488 erat
1638 5432 1862 5503 languor
1893 5432 2033 5496 talis,
2075 5440 2134 5486 ut
2164 5433 2220 5487 in

641 5528 831 5603 primis
857 5527 949 5583 vix
970 5525 1245 5581 ambulare
1267 5531 1470 5596 posset,
1494 5522 1577 5579 vel
1602 5538 1762 5578 manu
1785 5523 1977 5578 deduci
2003 5523 2070 5578 ad
2095 5538 2219 5593 pro—

711 5685 964 5756 aNempe
1014 5684 1196 5755 stirpis
1235 5683 1553 5756 acggeneris
1593 5682 1673 5756 sui
1699 5723 1713 5747 ,
1761 5696 1828 5735 ex
1873 5697 1978 5752 quo
2020 5681 2217 5756 prodiit

640 5751 966 5814 Albricus'in
995 5751 1280 5811 commissa
1305 5751 1722 5822 Trajectensium
1767 5767 1898 5822 cura
1924 5761 2043 5822 post
2077 5751 2213 5822 Gre:

641 5828 852 5900 gorium
902 5839 1199 5894 successor,
1238 5830 1291 5881 at
1328 5817 1640 5894 episcopus,
1680 5832 1740 5877 ut
1764 5832 1830 5907 est
1864 5817 2013 5878 Actis
2041 5817 2211 5878 sancti

1525 387 1582 444 S.
1623 380 2016 444 LUDGERUS.
2053 376 2216 435 VITA
2252 373 2312 432 S.
2347 367 2676 429 GREGORII
2707 364 3019 424 ABBATIS.

3764 367 3858 428 768

2299 487 2498 542 fectum
2544 482 2821 554 proprium
2861 489 2917 535 et
2960 477 3294 535 subditorum
3335 488 3556 535 suorum
3579 519 3595 545 ,
3636 486 3696 534 et
3726 479 3860 551 loqui

2299 595 2418 651 quae
2441 579 2510 634 ad
2522 576 2928 633 aedificationem
2945 573 3306 646 pertinebant.
3335 573 3487 641 Quod
3507 575 3693 644 utique
3718 591 3864 647 agere

2300 687 2407 727 non
2430 679 2512 725 est
2552 669 2787 734 oblitus;
2834 667 2927 723 sed
2955 667 3097 722 sicut
3139 682 3353 738 semper
3392 665 3620 731 solebat,
3665 669 3865 725 tradere

2300 777 2409 817 non
2447 761 2652 816 destitit
2691 759 3027 814 auditoribus
3056 758 3170 814 suis
3217 759 3388 814 libros
3425 759 3622 814 divinat
3666 761 3790 830 legis
3817 771 3864 818 et

2303 855 2506 910 monita
2549 853 2740 909 salutis
2765 860 3000 907 aeternae.
3048 850 3185 906 Nam
3211 860 3268 906 et
3292 851 3674 922 condiscipulis
3699 854 3864 908 melio-

2304 947 2561 1015 ribusque
2604 945 2741 998 meis
2803 944 2856 998 in
2907 943 3092 998 eadem
3145 942 3390 997 molestia
3439 927 3622 1014 plures
3669 947 3866 1002 tradidit

2305 1035 2472 1091 libros
2496 1053 2510 1100 ;
2540 1045 2594 1090 et
2622 1036 2753 1090 mihi
2774 1036 2985 1090 modico
3013 1033 3258 1105 Ludgero
3280 1034 3474 1089 librum
3505 1035 3680 1090 sancti
3707 1035 3861 1106 Augu-

2306 1128 2432 1182 stini
2453 1127 2693 1192 tradidit,
2715 1141 2875 1196 quem
2901 1125 3270 1184 Enchiridion.
3297 1125 3352 1180 id
3374 1135 3458 1181 est
3477 1125 3746 1190 Manuale,
3771 1129 3864 1197 ipse

2307 1218 2639 1288 nuncupavit

2377 1310 2467 1364 21.
2500 1309 2625 1364 Haec
2646 1309 2722 1363 ita
2741 1308 2949 1380 agendo
2969 1308 3162 1366 beatus
3185 1310 3348 1366 homo
3367 1309 3683 1382 Gregorius,
3708 1327 3736 1365 a
3758 1328 3864 1382 pro-

2309 1399 2452 1455 fectu
2496 1399 2854 1469 spiritualium
2896 1401 3298 1457 successionum
3322 1402 3376 1455 in
3419 1403 3532 1471 ipsa
3574 1399 3865 1472 aegritudine

2310 1508 2408 1548 sua
2460 1507 2736 1561 nunquam
2785 1492 3114 1558 desinendo,
3165 1493 3315 1547 auxit
3355 1509 3452 1563 per
3497 1495 3737 1565 singulos
3775 1497 3866 1551 dies

2312 1599 2457 1638 sanae
2482 1584 2678 1637 mentis
2698 1584 2980 1653 sapientia,
3004 1583 3131 1638 licet
3158 1583 3410 1640 imbecilli
3451 1601 3704 1654 COI‘pnre,
3747 1589 3864 1657 quod

2313 1675 2414 1729 sibi
2442 1675 2661 1743 suisque
2685 1676 2752 1728 ad
2787 1676 3086 1744 ingressum
3113 1676 3262 1746 regni
3291 1677 3529 1732 caelestis
3556 1687 3612 1733 et
3643 1680 3864 1749 gaudium

2313 1767 2601 1837 proficeret
2657 1768 3060 1838 sempiternum.
3118 1767 3300 1823 Tertio
3355 1755 3570 1823 tandem
3623 1785 3759 1824 anno
3800 1771 3864 1824 in-

2317 1863 2524 1917 choatae
2549 1862 2900 1933 aegritudinis,
2931 1863 3082 1932 quasi
3111 1863 3227 1917 auri
3258 1878 3407 1920 more
3431 1864 3575 1934 quod
3598 1879 3698 1933 per
3724 1865 3863 1935 ignem

2319 1954 2548 2016 transiit,
2573 1955 2816 2024 corporis
2839 1954 3150 2026 fatigatione
3175 1967 3433 2027 purgatus
3462 1958 3529 2010 ad
3556 1957 3612 2010 id
3635 1960 3863 2026 pervenit,

2319 2054 2380 2100 ut
2418 2047 2724 2118 ubicunque
2761 2062 2895 2118 Opus
2929 2057 3075 2113 erat,
3126 2049 3268 2104 inter
3295 2050 3684 2120 discipulorum
3713 2067 3867 2106 manu:

2319 2144 2538 2207 portare
2557 2152 2777 2192 necesse
2802 2146 2964 2194 esset.
3012 2139 3080 2194 Et
3104 2155 3204 2196 nec
3232 2149 3360 2196 tunc
3381 2143 3598 2211 quidem
3633 2144 3718 2197 vir
3735 2159 3866 2199 vene-

2321 2228 2506 2284 rabilis
2533 2229 2600 2284 ab
2620 2245 2781 2300 opere
2815 2231 2909 2286 Dei
2936 2248 3173 2304 unquam
3199 2236 3470 2290 cessavit:
3504 2236 3603 2291 sed
3643 2246 3734 2291 aut
3760 2235 3866 2290 divi-

2320 2337 2422 2376 nos
2449 2321 2615 2377 libros
2658 2322 2834 2394 legere
2861 2339 3046 2381 coram
3087 2341 3163 2391 se,
3211 2336 3303 2382 aut
3344 2344 3440 2398 pro
3481 2329 3674 2384 eadem
3713 2331 3868 2385 mentis

2324 2427 2435 2468 suae
2469 2413 2854 2470 exercitatione
2881 2416 2947 2470 ad
2973 2416 3215 2473 ccelestia
3247 2419 3484 2488 psalmos
3513 2432 3737 2478 cantare
3762 2425 3866 2478 assi-

2325 2503 2427 2558 due
2481 2502 2644 2558 fecit:
2699 2505 2884 2576 sicque
2931 2507 2999 2561 ad
3040 2515 3283 2564 extrema
3331 2513 3591 2581 perducto
3644 2516 3868 2571 imbecilla

2324 2592 2566 2649 membra
2589 2595 2850 2665 corporis,
2872 2613 2992 2668 qua:
3007 2598 3121 2677 jam
3146 2609 3271 2657 tunc
3298 2601 3437 2659 lecto
3465 2621 3682 2677 semper
3703 2619 3872 2664 susten-

2325 2690 2441 2738 tare
2469 2699 2692 2740 necesse
2717 2694 2872 2752 erat,
2919 2688 3148 2744 candida
3189 2689 3330 2746 facta
3377 2703 3502 2748 sunt
3529 2711 3596 2750 ac
3636 2699 3790 2752 nitida
3820 2699 3871 2752 ad

2324 2777 2496 2832 instar
2518 2777 2676 2834 lactis
2702 2780 2786 2834 vel
2823 2779 2960 2835 lana:
2986 2781 3120 2837 albae
3143 2823 3159 2850 ,
3203 2792 3264 2838 ut
3291 2785 3658 2844 innotesceret
3681 2790 3872 2846 videmi-

2323 2870 2425 2925 bus
2450 2871 2504 2924 in
2527 2879 2727 2940 quanta
2755 2873 3014 2927 munditia
3058 2873 3280 2944 spiritus
3317 2877 3466 2933 intus
3489 2879 3780 2935 haberetur
3799 2895 3871 2935 co-

2324 2977 2440 3016 ram
2468 2962 2638 3018 oculis
2666 2963 2781 3018 Dei.
2828 2963 2978 3022 Tunc
3003 2977 3282 3037 cmperunt
3326 2972 3588 3042 conqueri
3629 2982 3684 3029 et
3705 2973 3871 3030 contri-

2324 3054 2458 3107 stari
2479 3054 2570 3123 qui
2597 3055 2792 3110 ibidem
2815 3056 3102 3114 adfuerunt
3122 3061 3402 3132 utriusque
3429 3080 3593 3121 sexus
3619 3065 3870 3122 necessarii

2325 3145 2506 3208 amici,
2540 3153 2648 3200 tam
2687 3146 2750 3201 de
2778 3146 2896 3216 ejus
2935 3150 3160 3205 transitu
3192 3152 3354 3208 citius
3381 3155 3710 3220 imminente,
3741 3170 3873 3226 quam

2327 3236 2392 3290 de
2421 3237 2722 3292 tardatione
2766 3238 2924 3295 electi
2969 3240 3061 3296 ﬁlii
3097 3240 3214 3311 ejus
3238 3245 3440 3301 Albrici
3465 3289 3480 3312 ,
3532 3249 3584 3302 in
3610 3265 3711 3319 quo
3738 3250 3875 3305 totius

2323 3327 2512 3383 domus
2535 3341 2559 3368 α
2589 3344 2712 3398 spes
2742 3347 2932 3402 magna
2961 3332 3232 3390 incubuit:
3275 3339 3365 3406 qui
3414 3347 3540 3394 tunc
3571 3343 3805 3410 temporis
3828 3342 3874 3395 in

2321 3416 2474 3473 Italia
2503 3428 2621 3474 erat
2659 3417 2824 3490 regali
2865 3425 3083 3481 servitio
3123 3438 3456 3498 occupatus;
3486 3441 3538 3486 et
3565 3432 3746 3486 nemini
3783 3449 3874 3488 no-

2324 3517 2436 3563 tum
2471 3510 2687 3580 quando
2724 3523 2869 3568 esset
2890 3524 3176 3573 venturus.
3214 3517 3338 3575 Haec
3362 3521 3588 3577 audiens
3607 3512 3755 3577 Pater
3774 3523 3877 3578 Deo

2321 3598 2549 3677 dilectus
2572 3601 2886 3675 Gregorius,
2925 3608 3090 3677 coepit
3113 3610 3400 3666 condolere
3438 3613 3796 3677 maerentibus,
3821 3613 3876 3666 de

2322 3667 2496 3760 «δθίρῷ
2523 3667 2765 3760 securus,
2813 3667 2882 3750 eti
2909 3697 2974 3751 de
2999 3667 3110 3753 tilio
3154 3699 3457 3756 sollicitus:
3502 3667 3560 3757 et
3594 3667 3876 3758 consolatus

2321 3796 2414 3838 eos
2440 3785 2624 3852 coepit,
2664 3786 2805 3842 sicut
2830 3785 3142 3858 frequenter
3166 3806 3328 3847 sanus
3368 3809 3600 3864 corpore
3626 3805 3746 3850 ante
3763 3794 3875 3850 sole-

2320 3877 2414 3932 bat
2440 3877 2579 3932 inter
2597 3881 2902 3934 communia
2923 3881 3204 3954 colloquia,
3235 3887 3611 3957 propheticum
3629 3889 3752 3945 illud
3774 3904 3876 3960 pro-

2321 3966 2463 4024 ferre
2493 3985 2557 4024 ac
2583 3970 2762 4026 dicere
2790 3989 2803 4025 :
2833 3971 3008 4028 Nolite
3037 3975 3244 4041 timere,
3281 3992 3386 4032 non
3409 3979 3678 4045 transibo,
3708 3981 3870 4050 inquit,

2322 4065 2608 4127 antequam
2645 4059 2759 4130 ipse
2788 4061 2988 4116 veniat.
3035 4061 3186 4130 Quod
3213 4080 3376 4134 quam
3408 4069 3677 4125 veraciter
3712 4069 3876 4140 spiritu

2321 4162 2723 4219 praenosceret,
2756 4153 2830 4208 rei
2859 4153 3106 4225 probavit
3143 4165 3386 4213 eventus.
3433 4157 3572 4215 Nam
3615 4161 3787 4216 triduo
3811 4159 3877 4214 vel

2321 4243 2610 4312 quatriduo
2639 4252 2763 4298 ante
2795 4245 3076 4300 transitum
3111 4247 3248 4319 ejus,
3295 4250 3445 4305 venit
3478 4251 3572 4306 diu
3607 4263 3814 4322 optatus
3834 4259 3876 4305 et

2323 4335 2525 4392 electus
2549 4336 2691 4392 filius
2713 4337 2828 4408 ejus
2843 4337 3090 4394 Albricus
3112 4340 3408 4411 inopinate,
3437 4345 3649 4398 cunctis
3665 4345 3879 4400 nescien-

2323 4431 2468 4486 tibus
2494 4471 2510 4497 ,
2556 4441 2786 4503 excepto
2820 4431 2980 4488 Patre
3014 4433 3262 4504 spiritali,
3320 4435 3412 4505 qui
3457 4435 3576 4506 ejus
3616 4440 3876 4494 adventum

2253 4542 2306 4604 ι)
2327 4523 2483 4596 longe
2520 4533 2644 4580 ante
2673 4525 2938 4597 praedixit.

2397 4616 2485 4670 22.
2519 4617 2669 4671 Tunc
2711 4618 2995 4673 continuos
3023 4617 3144 4674 illos
3188 4628 3300 4676 tres
3329 4621 3445 4677 dies
3471 4631 3565 4678 aut
3585 4630 3810 4694 quatuor
3832 4621 3875 4676 in

2326 4707 2596 4761 communi
2625 4706 2859 4762 utilitate
2899 4717 2954 4763 et
2989 4709 3155 4765 totius
3196 4708 3413 4766 familia:
3453 4711 3658 4768 salubri
3688 4711 3876 4784 negotio

2324 4795 2449 4850 dum
2480 4797 2766 4863 ducerent,
2813 4813 2945 4853 sano
2973 4815 3134 4856 sensu
3162 4816 3495 4872 quaecunque
3520 4802 3875 4859 desiderabant

2324 4889 2553 4944 invicem
2577 4889 2951 4958 conferentes;
2996 4893 3142 4948 venit
3179 4895 3229 4948 ei
3258 4895 3374 4951 dies
3395 4903 3674 4951 extremus
3700 4903 3876 4951 morta-

2323 4978 2491 5036 litatis
2517 4979 2694 5050 hujus,
2745 4981 2811 5036 ad
2852 4983 3150 5052 ingressum
3177 4987 3329 5058 regni
3355 4995 3410 5041 et
3444 4997 3719 5058 perpetua:
3739 4983 3876 5042 saluti

2321 5073 2750 5145 praedestinatus.
2792 5074 3278 5133 Circumsteterunt
3322 5093 3446 5133 eum
3473 5079 3720 5152 discipuli
3759 5078 3874 5146 ejus,

2323 5166 2687 5223 desiderantes
2718 5169 2894 5224 adhuc
2934 5171 3179 5240 quamvis
3216 5171 3488 5227 infirmum
3535 5162 3747 5229 Palmm
3777 5172 3876 5227 din-

2321 5261 2427 5314 tius
2453 5276 2634 5315 secum
2665 5261 2885 5327 habere,
2916 5270 2973 5317 et
2999 5263 3065 5318 de
3096 5277 3162 5318 eo
3187 5264 3419 5332 optando
3447 5265 3628 5321 dicere
3661 5268 3726 5322 ad
3751 5264 3874 5321 invi-

2321 5364 2476 5405 cem:
2509 5349 2625 5405 Non
2664 5351 2892 5405 moritur
2927 5352 3106 5419 hodie,
3149 5369 3256 5408 non
3294 5355 3527 5409 moritur
3547 5355 3722 5411 hodie.
3775 5352 3877 5423 Ipse

2319 5458 2469 5507 vero,
2502 5443 2705 5498 viribus
2727 5444 3034 5513 assumptis,
3051 5444 3245 5514 quibus
3269 5444 3462 5499 valuit:
3490 5445 3680 5511 Hodie,
3696 5443 3870 5515 inquit,

2317 5532 2438 5587 volo
2466 5533 2737 5589 licentiam
2764 5534 2981 5590 habere.
3029 5534 3099 5588 Et
3138 5535 3223 5590 his
3263 5536 3443 5603 dictis,
3483 5537 3645 5608 jussit
3679 5553 3736 5593 se
3763 5541 3872 5591 ante

2316 5685 2548 5812 {adgeri
2585 5695 2835 5757 constat,
2883 5687 2976 5745 ubi
2998 5686 3248 5746 Albricus
3286 5688 3530 5762 Gregorii
3559 5705 3710 5762 nepos
3751 5683 3870 5744 dicitl
