4012 6364
134 387 243 443 769

740 384 836 440 AD
872 384 929 441 S.
971 383 1275 443 LUDGERI
1313 382 1603 443 SCRIPTA
1639 382 2003 443 APPENDIX.
2037 413 2110 426 —-
2152 381 2335 442 ACTA
2375 382 2434 440 S.
2474 382 2801 443 LUDGERI.

3296 381 3405 442 770

131 497 435 554 oratorium
468 496 638 553 sancti
672 495 969 553 Salvatoris
1012 515 1043 553 a
1087 500 1363 569 discipulis
1392 499 1616 570 portari,
1664 507 1720 555 et
1747 518 1793 573 Α
1822 499 2106 554 Dominum
2150 498 2392 568 perrexit
2443 510 2469 539 ι
2495 538 2511 564 ,
2558 497 2645 554 cui
2703 504 2854 552 tanto
2908 504 3148 567 tempore
3196 496 3408 553 sincera

130 592 329 648 ostium
373 589 611 661 aperiri:
673 590 852 659 ibique
896 592 1141 645 oratione
1188 589 1330 645 facta
1379 598 1435 646 et
1481 605 1719 646 commu-

130 682 292 737 nione
333 681 477 736 sacri
524 680 770 750 corporis
799 688 853 735 et
899 681 1175 751 sanguinis
1222 680 1431 735 Domini
1478 690 1718 750 accepta,

1822 599 2003 645 mente
2024 590 2266 655 servivit,
2298 598 2590 661 praestante
2609 592 2796 644 eodem
2824 588 3051 644 Domino
3072 598 3257 645 nostro
3280 587 3410 644 Iesu

1822 680 2069 747 Christo,
2119 683 2363 752 quicum
2409 681 2569 738 Patre
2615 690 2671 737 et
2715 681 2917 753 Spiritu
2960 692 3147 739 sancto
3192 681 3327 738 vivit
3356 686 3416 737 et

130 773 404 843 aspiciens
443 772 511 827 ad
554 771 748 836 altare,
801 779 980 826 mente
1007 771 1319 827 coelestibus
1346 771 1615 836 intentus,
1651 772 1721 827 ad
1822 782 2013 844 regnat
2035 774 2178 829 Deus
2206 790 2304 847 per
2324 775 2505 831 omnia
2534 774 2727 830 saacula
2755 775 3093 831 saaculorum.
3123 774 3319 830 Amen.

198 924 223 998 ξι
260 912 425 992 Anno
450 910 855 998 sci‘licetfetatis
890 914 1133 995 73.(nam
1164 917 1609 998 septuagenarius
1632 933 1727 987 pa-

130 983 311 1057 ralysi_
321 990 630 1057 correptus,
659 983 1010 1057 tribusannis‘
1030 983 1303 1057 superstes
1329 983 1461 1041 vixit
1482 1004 1545 1041 ex
1574 983 1720 1043 num.

128 1054 237 1128 ill),
272 1053 481 1108 Christi
513 1068 638 1128 vel?
670 1053 789 1128 78}.
816 1053 1112 1128 Siquidem
1136 1075 1334 1112 annum
1358 1060 1604 1128 quintum
1634 1060 1727 1113 de-

130 1126 327 1199 cimum
372 1139 567 1199 agens,
588 1124 862 1199 Benifacio
884 1124 1158 1183 adhazrere
1180 1131 1343 1199 cmpit
1374 1124 1515 1184 anno
1544 1130 1645 1183 722
1658 1147 1727 1186 ex

132 1195 331 1267 notatis
360 1212 509 1248 nutn.
539 1194 593 1247 4.
623 1195 771 1267 Diem
808 1198 986 1267 signat
1011 1194 1336 1253 Molanus'in
1349 1201 1725 1257 Additionibns

132 1266 194 1340 ad
236 1265 546 1340 Usuardum
594 1265 958 1340 v_t_t_t___lialend.
1011 1268 1284 1340 Septemb.
1334 1272 1390 1326 ln
1430 1272 1725 1327 Annalibus

133 1334 557 1411 [fodicensibus
573 1352 603 1389 a
620 1336 886 1392 Willelmo
903 1339 1047 1394 Heda
1073 1334 1251 1396 citatis
1272 1344 1511 1411 sepultus
1526 1344 1723 1397 dicitur

134 1404 429 1471 Gregorius
451 1422 575 1462 cum
608 1417 783 1463 matre
802 1419 988 1465 sancta
1017 1411 1299 1467 Wastrade
1335 1404 1390 1468 in
1418 1414 1727 1469 Susterensi
1758 1409 1805 1467 Β

1829 922 2085 997 coenobio
2103 924 2364 997 nobilium
2400 922 2672 997 virginum
2717 917 3188 997 Benetlictinarum
3215 914 3414 997 dia-ece-

1829 993 1905 1047 sis
1927 993 2293 1050 Leodicensis.
2338 984 2620 1064 Repugnat
2644 991 2879 1064 Joannes
2909 988 2974 1064 de
2997 987 3143 1064 .Beka
3172 987 3224 1039 in
3253 984 3416 1064 Albe-

1828 1064 1961 1140 rico,
1987 1082 2147 1135 quem
2180 1066 2232 1140 i_n
2261 1067 2374 1140 αςόο
2400 1056 2554 1140 sacra
2671 1058 2966 1140 Salvatoris
2988 1056 3133 1140 (qum
3161 1066 3269 1110 tum
3298 1057 3415 1140 pri-

1828 1127 2147 1191 maria'erat
2179 1135 2410 1205 Trajecti
2437 1134 2662 1190 ecclesia
2705 1127 3049 1205 exidictisin
3074 1127 3419 1205 Observatio-

1828 1205 1985 1261 nibus
2006 1208 2070 1260 ad
2100 1196 2355 1261 Vitam-S.
2387 1204 2739 1274 Willihrordi)
2761 1200 3022 1274 Gregorio
3042 1196 3415 1274 consepultum

1828 1275 1993 1331 fuisse
2021 1277 2272 1331 alﬁrmat.
2314 1277 2456 1331 Sane
2486 1277 2537 1329 in
2562 1270 2799 1330 oratorio
2829 1270 2892 1326 SI
2919 1270 3215 1325 Salvatoris
3238 1280 3419 1323 extre-

1830 1364 1976 1402 mutn
2002 1348 2252 1419 spiritum
2278 1347 2578 1403 reddidisse
2598 1346 2909 1417 perhibetur
2935 1356 3117 1412 supra.

1362 1699 2232 1806 APPENDIX.

391 2008 810 2142 ACTA
876 2012 1175 2142 SEU
1268 2007 1664 2143 VITA
1788 1936 2362 2140 SANCTI
2458 2006 3160 2139 LUDGERI

802 2227 1179 2291 AUCTORE
1220 2226 1631 2289 ALTFRIDO
1667 2226 2052 2290 EPISCOPO
2095 2223 2767 2289 MONASTEBIENSI.

1196 2434 1365 2499 (Apud
1386 2434 1631 2497 Leibnitz,
1656 2436 1843 2498 Script.
1866 2448 2037 2487 rerum
2060 2432 2365 2495 Brunswic.)

573 2664 829 2726 INDEX
884 2663 1265 2729 CAPITUM.

193 2805 266 2869 De
292 2806 933 2869 persecutioneVurslngi.

192 2866 265 2918 De
294 2866 596 2930 expulsione
623 2868 747 2924 eius.

192 2934 445 2989 Quomodo
476 2930 668 2979 Badbod
694 2932 899 2981 tentavit
921 2942 1157 2983 revocare
1180 2931 1334 2983 illum.

192 2993 264 3041 De
288 2997 433 3041 olnm
464 2993 669 3053 Pippml.

190 3054 263 3104 De
287 3056 427 3103 obitu
462 3056 704 3115 \‘ucsingi.

192 3116 263 3166 De
288 3119 547 3166 natititate
575 3116 857 3175 l.ial‘nnrge.

192 3179 448 3246 Quomodo
473 3177 752 3246 Lialtnurge
767 3182 831 3227 de
858 3181 1079 3246 periculo
1098 3183 1269 3233 mortis
1288 3186 1462 3246 erepta
1485 3188 1570 3233 δη.

192 3194 448 3238 υυυωοαο
474 3194 739 3239 Luatnurge
767 3194 831 3227 ae

189 3240 262 3289 De
285 3241 547 3290 nativitate
575 3242 624 3291 S.
653 3194 888 3302 LudgerK

191 3302 262 3351 De
288 3303 531 3351 industria
558 3302 681 3361 ejus.

191 3367 265 3415 De
295 3366 511 3413 adventu
539 3365 802 3427 Aluberti,
848 3369 901 3417 et
946 3367 1157 3430 qualiter
1186 3382 1282 3418 una
1330 3381 1442 3418 cum
1488 3366 1725 3429 Ludgero

132 3435 264 3479 trans
297 3440 439 3475 mare
468 3430 631 3476 rediit.

190 3490 453 3555 Quomodo
478 3490 653 3555 iterum
680 3491 731 3540 ς.
757 3488 1017 3552 Ludgerus
1055 3494 1374 3555 transmarina
1400 3495 1565 3555 petiit.

191 3552 457 3617 Quomodo
478 3551 529 3599 S.
548 3554 814 3617 iLudgtjrus
836 3551 896 3601 ad
925 3556 1130 3617 patriam
1155 3554 1316 3605 rediit.

192 3614 275 3663 De
298 3613 511 3661 adventu
535 3616 583 3664 8.
614 3613 874 3665 Liafnvini.

189 3675 272 3726 De
307 3676 446 3722 obitu
473 3676 519 3724 S.
549 3677 802 3726 Lial'nvini.
1562 3692 1597 3736 ο

193 3738 452 3798 Quomodo
474 3737 524 3785 S.
553 3738 810 3795 Ludgerns
834 3742 879 3787 in
908 3740 1076 3789 Fresia
1100 3739 1226 3789 idola
1247 3739 1511 3790 destruxit.

188 3800 267 3850 De
290 3800 609 3863 ordinatione
630 3802 811 3849 Albrict
833 3810 883 3850 et
904 3804 965 3853 S.‘
983 3801 1219 3863 Ludgeri.

130 3860 417 3977 “Qualiter
474 3860 527 3911 S.
577 3862 807 3926 Ludgero
852 3860 1188 3925 gubernacula
1248 3863 1465 3926 plebium
1502 3862 1725 3913 revelata

175 3940 203 3975 n
229 3963 243 3975 .

175 3934 243 3975 ut.

190 3987 417 4047 Qualiter
428 3987 491 4051 _S.
514 3986 769 4051 Ludgerus
784 3990 832 4036 in
848 3986 1061 4051 ,Ell‘resia
1086 3987 1355 4051 docuisset.

189 4051 382 4099 Versus
420 4046 711 4112 Joseph'ad
747 4051 801 4101 S.
842 4049 1028 4101 Lud....
1078 4050 1294 4113 (Cretera
1342 4046 1502 4113 ,ltuius
1547 4046 1727 4101 indicis

135 4111 343 4176 dm.)

539 4326 910 4386 PROLOGUS
945 4326 1316 4385 AUCTORIS.

198 4460 250 4514 l.
282 4456 555 4515 Altfridus
583 4459 679 4514 Dei
707 4458 881 4530 gratia
923 4458 1209 4529 episcopus
1231 4456 1443 4513 dilectis
1465 4455 1728 4511 fratribus

1830 2666 2031 2721 torium
2058 2666 2115 2719 in
2144 2663 2408 2734 exemplis
2435 2662 2676 2716 Patrum.
2695 2634 2956 2728 Exempla
2978 2656 3145 2713 etiam
3182 2664 3239 2712 et
3268 2664 3423 2712 actus

1828 2757 2002 2813 sancti
2044 2756 2279 2827 Ludgeri
2337 2755 2458 2809 ideo
2502 2753 2658 2824 plene
2697 2750 3163 2820 comprehendere
3193 2764 3422 2817 nequeo,

1828 2851 1953 2920 quia
1986 2866 2092 2903 non
2119 2866 2180 2902 ea
2204 2850 2340 2913 visu,
2369 2846 2460 2901 sed
2486 2846 2671 2899 auditu
2693 2844 2877 2908 didici,
2904 2843 3012 2897 illis
3036 2840 3425 2907 attestantibus,

1828 2942 1919 3011 qui
1947 2940 2011 2993 ab
2042 2940 2270 3009 infantia
2316 2937 2466 2992 illum
2522 2945 2815 2990 noverant.
2857 2933 3178 3005 Hildigrimo
3232 2930 3428 2987 scilicet

1829 3032 2070 3102 episcopo
2114 3031 2279 3101 fratre
2306 3031 2441 3101 ejus,
2466 3038 2512 3083 et
2542 3026 2786 3098 Gerfrido
2813 3028 3051 3099 episcopo
3083 3035 3264 3097 nepote
3289 3025 3427 3097 ejus,

1752 3130 1799 3195 ο
1828 3123 1919 3177 sed
1948 3132 1995 3176 et
2030 3120 2422 3176 sanctimoniali
2464 3120 2661 3189 femina
2700 3118 2980 3189 Herburga
3011 3133 3264 3188 germana
3289 3115 3427 3186 ejus,

1830 3232 1932 3272 nec
1961 3232 2071 3271 non
2098 3225 2153 3271 et
2177 3215 2578 3270 venerabilibus
2613 3212 2730 3283 ejus
2768 3212 3101 3284 presbyteris
3125 3210 3386 3265 Aluberto
3412 3248 3428 3274 ,

1829 3311 2032 3380 Atingo
2063 3318 2118 3365 et
2148 3308 2490 3364 Thiatbaldo.
2519 3306 2827 3363 Virtutibus
2858 3306 3031 3375 igitur
3058 3303 3242 3358 multis
3267 3311 3430 3370 atque

1830 3406 2025 3474 signis,
2056 3420 2178 3473 qua:
2202 3419 2299 3473 per
2320 3402 2467 3456 illum
2496 3401 2769 3455 Dominus
2786 3407 3044 3468 operatus
3074 3406 3177 3451 est.
3207 3410 3304 3466 per
3332 3407 3430 3447 ne—

1829 3498 2141 3570 gligentiam
2170 3495 2571 3567 prmtermissis,
2603 3509 2666 3548 ea
2704 3492 2816 3547 sola
2843 3492 2968 3546 huic
2990 3490 3170 3545 libello
3198 3484 3422 3542 inscribi

1829 3590 1933 3645 feci
1959 3631 1974 3656 ,
2022 3605 2143 3659 quae
2171 3603 2277 3643 una
2305 3587 2585 3641 vobiscum
2628 3592 2722 3640 aut
2749 3584 2871 3639 visu
2901 3581 3232 3654 deprehendi
3260 3618 3278 3648 ,
3329 3586 3428 3634 aut

1828 3682 1971 3739 facta
2004 3690 2153 3738 certe
2181 3680 2430 3751 cognovi.

2250 3827 2650 3907 INCIPIT
2707 3824 2985 3904 VITA.

1898 3985 1951 4039 2.
1990 3985 2170 4041 Vitam
2209 3984 2383 4039 sancti
2425 3983 2662 4053 Ludgeri
2694 3982 3015 4051 scripturus,
3066 3986 3245 4034 ratum
3295 3975 3425 4033 duxi

1827 4076 1991 4131 altius
2019 4075 2364 4145 repetendam
2384 4114 2399 4141 ,
2436 4082 2496 4128 ut
2524 4074 2721 4143 quibus
2771 4073 2825 4126 in
2870 4072 2973 4126 hoc
3002 4069 3198 4125 saaculo
3223 4069 3294 4123 sit
3319 4084 3421 4138 pa—

1827 4170 2077 4224 rentibus
2126 4168 2335 4233 editus,
2372 4168 2635 4223 evolvam.
2688 4165 2813 4220 Fuit
2862 4165 2915 4219 in
2946 4164 3135 4219 diebus
3179 4161 3424 4217 Radbodi

1827 4261 1975 4330 regis
1996 4258 2330 4313 Fredsonum
2354 4259 2438 4311 vir
2461 4258 2681 4327 quidam
2710 4256 2906 4311 nobilis
2938 4255 2988 4308 in
3017 4270 3080 4310 ea
3102 4261 3260 4323 gente
3288 4246 3427 4306 νητ-

1828 4352 2018 4422 singus
2062 4350 2280 4404 nomine
2302 4389 2319 4415 ,
2371 4357 2731 4419 cognomento
2761 4346 2910 4411 Ado;
2945 4345 3038 4414 qui
3078 4342 3326 4413 quamvis
3358 4341 3423 4394 li-

1829 4441 1955 4497 dem
2004 4450 2206 4497 sanctas
2234 4440 2520 4495 Trinitatis
2550 4440 2786 4495 nondum
2817 4438 3021 4501 sciret,
3074 4441 3194 4489 erat
3246 4442 3425 4487 tamen

132 4558 183 4603 et
228 4551 519 4606 monachis
562 4550 618 4605 in
667 4525 916 4606 emnobio
1045 4525 1345 4605 Sa—lvatoris
1374 4557 1430 4605 et
1458 4548 1516 4604 S.
1549 4549 1728 4603 Patris
1761 4526 1809 4585 Ῑ)
1833 4533 2050 4604 adiutor
2074 4548 2393 4604 Paupemm’
2425 4533 2681 4589 defensor
2700 4544 3109 4601 oppressorum.
3138 4528 3190 4581 in
3215 4525 3425 4595 iu‘nCiO

130 4642 365 4715 Ludgeri
395 4645 627 4700 Domino
655 4644 1014 4699 servientibus
1042 4644 1094 4698 in
1117 4643 1351 4699 Christo.

200 4732 460 4788 Petitioni
486 4732 906 4788 veslrzeidcirco
946 4748 1274 4788 consensum
1312 4733 1519 4804 praebui
1547 4774 1562 4798 ,
1602 4733 1729 4802 quia

130 4826 387 4880 charitati
412 4835 609 4881 vestra:
624 4826 755 4881 nihil
771 4827 1037 4897 denegare
1048 4826 1219 4896 potui.
1233 4825 1553 4881 Postulastis
1568 4826 1732 4895 igitur

131 4918 344 4971 crebris
390 4917 677 4987 precibus,
726 4926 788 4972 ut
833 4918 899 4973 de
927 4918 1050 4973 Vita
1080 4918 1138 4972 S.
1168 4917 1347 4972 Patris
1377 4917 1609 4987 Ludgeri
1634 4916 1731 4971 ali-

130 5010 255 5077 quid
298 5010 545 5065 scribere
573 5011 846 5065 studerem
874 5052 890 5077 ,
938 5018 1207 5081 quatenus
1259 5019 1373 5065 tam
1420 5010 1727 5065 veneranda

130 5097 276 5154 illius
314 5100 566 5179 exempla
609 5101 791 5156 multis
834 5102 903 5157 ad
932 5101 1345 5156 aedificationem
1378 5101 1725 5170 proficerent.

128 5190 209 5246 Ad
234 5194 387 5262 quod
410 5194 710 5249 studiosum
739 5210 874 5265 opus
918 5196 1282 5265 peragendum
1309 5236 1324 5261 ,
1352 5195 1601 5264 quamvis
1626 5196 1729 5249 im-

128 5298 323 5353 parem
354 5302 440 5341 me
477 5302 621 5354 esse,
648 5296 703 5343 et
727 5289 953 5344 scientia
982 5297 1038 5344 et
1062 5290 1307 5345 doctrina
1346 5289 1577 5345 debilem
1616 5290 1728 5344 sci-

128 5392 245 5432 rem
274 5420 291 5442 ,
342 5390 523 5433 tamen
575 5380 841 5436 charitate
869 5389 1093 5453 cogente
1126 5391 1192 5437 ad
1223 5382 1354 5437 illud
1383 5381 1729 5437 scribendum

130 5470 379 5525 animum
410 5472 614 5543 appuli,
641 5474 767 5543 quia
800 5472 954 5529 nefas
981 5475 1237 5544 putabam
1270 5472 1403 5528 tanti
1430 5473 1533 5527 viri
1560 5472 1730 5527 latere

129 5561 387 5617 virtutes.
420 5562 558 5618 Cum
590 5565 737 5620 beati
764 5564 1010 5636 Gregorii
1048 5568 1114 5621 ad
1146 5566 1545 5637 indagationem
1586 5563 1729 5619 sacri

131 5652 294 5707 verbi
342 5668 509 5708 sonus
550 5654 694 5710 dicat
724 5673 737 5709 :
779 5654 917 5711 Sunt
942 5656 1201 5721 nonnulli,
1232 5672 1367 5728 quos
1390 5657 1456 5711 ad
1486 5670 1729 5710 amorem

128 5743 378 5801 cmlestis
404 5745 593 5817 patria:
622 5746 749 5817 plus
798 5747 1045 5819 exempla
1090 5764 1251 5819 quam
1310 5748 1729 5819 praedicamenta

130 5838 454 5894 incendunt.
490 5837 579 5897 Fit
612 5855 742 5898 vero
783 5839 1101 5915 plerumque
1134 5840 1317 5900 animo
1354 5840 1551 5912 duwex
1577 5838 1731 5911 adju~

1708 5996 1809 6029 δ-

1832 4643 2048 4700 quoque
2072 4627 2270 4696 justus.
2301 4628 2368 4682 Et
2397 4628 2524 4698 quia
2549 4642 2680 4697 gens
2710 4624 2799 4679 illa
2836 4638 2901 4677 eo
2950 4631 3191 4690 tempore
3239 4618 3292 4672 in
3334 4630 3426 4671 er-

1830 4738 1957 4778 rore
1988 4720 2325 4776 inﬁdelitatis
2353 4727 2472 4775 erat
2497 4727 2787 4783 excaecata,
2832 4713 2988 4769 multi
3024 4711 3195 4767 multa
3227 4706 3424 4777 injusta

1832 4830 1864 4868 a
1888 4828 2016 4884 rege
2038 4820 2093 4867 et
2114 4812 2183 4866 ab
2205 4808 2321 4879 ejus
2359 4808 2623 4865 ministris
2660 4814 2784 4861 sunt
2806 4803 3069 4876 perpessi.
3098 4800 3249 4855 Alios
3278 4799 3425 4853 enim

1832 4921 1929 4961 rex
1958 4905 2099 4960 idem
2124 4902 2429 4957 insidiando
2453 4905 2837 4963 necaverat,et
2860 4893 3209 4951 hzereditates
3233 4904 3425 4947 eorum

1830 4998 2189 5070 possidebat,
2240 5002 2295 5049 et
2338 4993 2691 5049 nihilominus
2717 4990 2821 5046 sibi
2864 4986 3210 5044 baereditates
3237 4998 3426 5040 eorum

1830 5090 2162 5145 vindicabat.
2205 5086 2311 5141 Sed
2336 5086 2421 5140 vir
2440 5083 2695 5157 praefatus
2716 5098 2775 5139 se
2802 5081 3024 5136 minime
3058 5077 3384 5134 subtrahens
3406 5114 3424 5141 ,

1832 5184 2123 5254 quominus
2150 5181 2434 5235 veritatem
2464 5193 2646 5234 coram
2687 5190 2814 5244 rege
2842 5183 2898 5230 et
2937 5173 3054 5244 ejus
3088 5168 3426 5242 principibus

1832 5276 2169 5341 defenderet,
2195 5273 2395 5329 nullius
2428 5286 2717 5344 personam
2744 5270 2799 5325 in
2820 5263 3114 5337 judicando
3150 5261 3297 5332 juste
3322 5300 3337 5327 ,
3369 5265 3426 5315 et

1834 5370 2210 5440 amplectendo
2254 5369 2541 5424 veritatem
2578 5364 2924 5436 respiciebat.
2954 5360 3069 5427 Qua
3100 5358 3167 5413 de
3202 5372 3263 5411 re
3296 5370 3428 5411 con-

1833 5464 1977 5536 tigit,
2000 5473 2059 5518 ut
2082 5479 2308 5534 magnas
2334 5478 2364 5517 a
2394 5476 2521 5533 rege
2543 5458 2747 5515 crudeli
2775 5455 3000 5512 insidias
3022 5458 3323 5523 pateretur,
3348 5448 3423 5503 ita

1832 5567 1895 5615 ut
1938 5558 2156 5629 jnberet
2204 5558 2357 5613 illum
2406 5556 2599 5612 callide
2626 5552 2882 5618 interﬁci,
2904 5558 2961 5606 et
2987 5546 3271 5603 facultates
3297 5557 3427 5598 suas

1833 5655 1968 5711 tolli.
2003 5654 2156 5721 Quod
2199 5652 2397 5708 lethale
2424 5650 2710 5707 consilium
2757 5648 2832 5703 illi
2868 5645 3125 5703 continuo
3170 5650 3313 5695 unus
3357 5649 3423 5689 ex

1833 5746 2159 5804 consiliariis
2200 5744 2345 5816 regis
2379 5744 2633 5801 nuntiare
2674 5740 2919 5807 Curavit,
2960 5753 3027 5797 eo
3068 5732 3213 5809 quod
3236 5745 3271 5788 a
3306 5726 3428 5804 plu-

1830 5842 1987 5899 ribus
2013 5840 2351 5912 diligeretur.
