4012 6364
580 362 684 435 ιη

1582 354 1669 421 ω
1702 356 1763 419 s.
1802 350 2107 418 LUDGERI
2140 347 2429 417 SCRIPTA
2466 324 2831 411 unum.

3720 346 3811 404 τις

647 475 703 549 ᾗ.
736 468 1199 559 TuncYursiugus
1218 482 1324 537 una
1346 481 1468 541 cum
1488 465 1711 539 conjuge
1729 482 1828 531 sua
1850 464 2154 535 Adalgarda
2178 477 2236 549 Α
2256 461 2386 521 mini
2415 459 2666 539 coniugio
2709 456 2972 530 copulata:
3006 462 3152 559 sunt,
3178 454 3396 559 vivente
3426 461 3602 525 patre,
3625 454 3812 515 habuit-

576 573 633 641 ᾳ
679 564 789 643 ﬁlio
832 558 967 628 uno,
988 578 1148 637 quem
1196 562 1447 627 habebat,
1477 558 1794 629 Notbgrimo
1841 558 2077 621 nomine,
2104 563 2161 617 et

579 675 703 714 cum
730 657 917 729 paucis
943 654 1249 729 domesticis
1277 654 1388 709 suis
1409 653 1618 709 occulte
1646 652 1857 733 fugiens
1878 652 1945 709 ad
1966 652 2159 714 ducem

579 751 933 825 Francorum,
963 747 1181 821 nomine
1204 744 1540 817 Grimoldum
1568 758 1594 787 α
1618 745 1882 823 pervenit.
1926 742 2031 811 Qui
2066 743 2161 801 be-

578 843 741 913 nigne
770 842 837 895 ab
867 841 1053 894 eodem
1083 839 1215 892 duce
1234 845 1538 906 susceptus,
1564 836 1827 891 habitavit
1854 835 1906 888 in
1939 832 2158 903 regione

579 931 915 986 Francorum
949 937 1001 983 et
1027 924 1265 982 imbutus
1301 927 1401 982 ﬁde
1443 927 1707 981 catholica
1749 925 1999 996 baptismi
2033 939 2160 979 con-

581 1002 799 1077 secuius
827 1004 909 1075 est
934 1006 1183 1101 gratiam,
1213 998 1471 1104 tina’cum
1497 1014 1721 1088 conjuge
1752 1008 1847 1101 sua
1877 998 1931 1071 et
1962 1015 2071 1070 ﬁlio
2097 1030 2162 1070 ac

580 1114 742 1171 domo
763 1112 989 1183 reliqua.
1012 1092 1145 1167 Post
1160 1092 1371 1182 praelati
1399 1092 1529 1167 vero
1553 1111 1706 1166 ducis
1728 1092 1936 1165 obitum
1966 1108 2163 1179 singuli

581 1208 748 1264 duces
788 1205 1121 1281 Francorum
1158 1204 1523 1260 venerabilem
1556 1202 1883 1274 Vursingum
1926 1194 2161 1256 honora-

579 1302 694 1352 tum
732 1282 1013 1369 beneﬁciis.
1035 1286 1377 1369 retinuerunt
1406 1288 1608 1359 secum,
1640 1286 1778 1350 uxor
1803 1309 1932 1349 vero
1962 1292 2078 1363 ejus
2108 1293 2163 1348 in

578 1362 1393 1459 peregrinaticneejus‘alterum
1420 1386 1523 1443 sibi
1542 1388 1726 1458 genuit
1754 1378 1921 1441 ﬁlium
1946 1386 2165 1442 nomine

580 1479 992 1563 Thiatgrirnum,
1024 1488 1079 1559 et
1122 1480 1260 1559 ﬁlias
1302 1494 1518 1555 novem,
1561 1487 1616 1555 et
1664 1479 1915 1551 defuncta
1947 1478 2082 1533 obiit
2110 1477 2165 1531 in

578 1587 742 1644 pace,
771 1590 871 1629 nec
901 1590 1007 1629 non
1035 1581 1087 1629 et
1117 1590 1211 1629 sex
1238 1574 1361 1629 ﬁliae
1391 1574 1506 1643 ejus
1534 1574 1589 1627 in
1616 1572 1927 1643 virginitate
1955 1571 2166 1625 subtra-

580 1673 681 1720 ctae
707 1672 851 1720 sunt.
877 1664 1041 1720 Pater
1070 1665 1233 1736 igitur
1253 1663 1392 1719 ﬁlios
1413 1664 1549 1719 ducs
1575 1678 1700 1717 cum
1728 1662 1940 1736 ﬁliabus
1969 1662 2164 1736 tribus,

2259 572 2363 626 que
2387 555 2673 627 progenies
2702 553 2793 611 illa
2821 567 3072 625 magnam
3118 550 3545 611 familiaritatem
3572 565 3690 606 cum
3711 567 3813 609 san-

2258 660 2346 711 cto
2373 652 2742 715 Willibrordo,
2774 666 2875 706 nec
2920 666 3026 707 non
3070 656 3278 705 etcum
3325 657 3517 705 sancto
3543 648 3810 718 Bonifacio,

2259 744 2351 813 qui
2375 750 2497 814 post
2525 758 2650 798 eum
2690 742 2935 813 partibus
2984 741 3091 797 illis
3132 741 3323 797 doctor
3367 738 3595 796 serenus
3640 740 3807 809 illuxit,

2259 835 2605 904 quoadusque
2628 848 2729 913 pro
2756 832 2862 913 ﬁde
2884 832 3090 913 Christi
3114 832 3375 904 martyrio
3395 838 3699 911 coronatus,
3721 836 3807 906 spi-

2260 926 2425 982 ritum
2450 925 2681 981 reddidit
2706 910 2776 980 Iiu
2802 910 2962 997 pago,
2991 910 3299 982 cui‘no'men
3327 910 3593 993 Astraclie
3611 964 3626 989 ,
3651 912 3702 978 in
3723 924 3817 981 loco

2261 1020 2354 1090 qui
2376 1021 2643 1093 Doccinga
2667 1028 2912 1087 vocatur,
2943 1020 3086 1077 sicut
3108 1029 3166 1076 et
3198 1020 3265 1075 de
3282 1018 3375 1075 illo
3404 1000 3610 1088 scripta
3632 1024 3813 1074 testan-

2263 1121 2376 1169 tur.

2272 1273 2289 1291 .
2332 1206 2464 1263 Post
2490 1208 2696 1265 obitum
2719 1221 2851 1265 vero
2891 1207 3063 1279 patris
3104 1206 3475 1280 Thlatgrimus
3503 1204 3648 1265 ﬁlius
3672 1202 3821 1275 iunior

2263 1301 2545 1355 memorati
2574 1301 2825 1373 Yursingi
2848 1300 3003 1358 duxit
3029 1316 3274 1364 uxorem,
3303 1298 3526 1355 nomine
3560 1296 3821 1352 Liafburcb

2267 1391 2606 1463 (llafburch),
2634 1392 2801 1448 ﬁliam
2822 1392 3100 1463 cujusdam
3134 1390 3398 1448 Nothradi
3424 1399 3479 1446 et
3502 1388 3819 1460 Adelburgze;

2267 1500 2386 1554 quae
2411 1485 2660 1542 videlicet
2683 1484 2992 1542 Adelburch
3016 1484 3225 1556 pridem
3252 1486 3388 1540 duos
3412 1498 3542 1540 suos
3568 1496 3823 1554 germanos

2268 1581 2465 1636 fratres
2496 1588 2683 1637 sancto
2726 1581 3200 1637 commendaverat
3237 1577 3630 1643 Willibrordo,
3659 1576 3718 1630 de
3738 1589 3822 1644 quo

2270 1672 2518 1755 superius
2547 1673 2800 1751 diximus,
2827 1670 3056 1728 Domino
3085 1670 3432 1735 nutriendos;
3466 1682 3698 1739 quorum
3734 1681 3826 1720 ma-

580 1773 702 1829 quae
732 1728 1131 1820 remanserant,
1156 1772 1279 1813 cum
1303 1756 1494 1811 timore
1516 1755 1728 1811 Domini
1756 1728 2170 1820 ῆὺῑιίξέηὲξεὲτὶ
2263 1728 2354 1833 ίόιῖ
2397 1728 2707 1828 Ὅνυῖιῖίίιῑλι,
2740 1728 2920 1818 minor
2962 1770 3142 1817 autem
3183 1728 3502 1831 Thyatbrat.
3524 1757 3822 1813 vocabatur:

581 1850 726 1905 vavit
754 1849 1057 1905 castitatem
1090 1863 1244 1904 suam
1278 1848 1545 1917 reliquum
1573 1856 1785 1917 tempus
1808 1847 1935 1902 vita:
1960 1861 2092 1902 suae.

650 1942 704 1996 4.
746 1941 841 1997 His
882 1942 959 1996 ita
1006 1941 1195 2039 gestis,
1228 1955 1322 1995 rex
1370 1938 1662 2039 Radbcdus
1709 1937 2171 2039 iniﬁ‘rmari‘cm'pitr

587 2034 922 2100 inﬁrmitate,
946 2004 1061 2127 qlia
1084 2014 1145 2089 ret
1169 2036 1417 2113 mertuus
1445 2016 1555 2117 esti,
1585 2039 1640 2086 et
1666 2014 1772 2118 se)?
1796 2008 1951 2115 annis
1972 2004 2173 2111 £coniti.r

584 2127 705 2183 nuis
736 2108 1041 2181 antc‘idie’m
1095 2112 1286 2182 inertis
1336 2108 1445 2181 stite
1472 2108 1763 2194 paulatim
1802 2108 1968 2178 traxit
2006 2108 2174 2177 'dclo-

585 2233 743 2282 rem,
804 2217 1075 2287 cmpitque
1147 2232 1372 2287 regnum
1428 2216 1555 2286 “ejus
1600 2212 1919 2279 'ileﬁc'ercL'
1947 2212 2170 2285 regnum

590 2327 806 2382 quoque
874 2310 1209 2367 Francorum
1280 2308 1676 2380 augmentando
1728 2307 2012 2378 proﬁcere.
2091 2306 2178 2362 ln-

586 2404 834 2458 ﬁrmatus
878 2411 1061 2458 autem
1108 2401 1256 2456 misit
1304 2401 1372 2455 ad
1415 2401 1590 2455 virum
1633 2407 1991 2477 memoratum
2041 2399 2179 2459 Yor-

586 2494 821 2565 singum,
846 2493 1126 2563 postulans
1154 2500 1214 2547 ut
1240 2492 1307 2547 ad
1338 2508 1398 2548 se
1426 2492 1626 2547 rediret
1662 2500 1980 2562 recepturus
2001 2492 2176 2547 haere-

585 2582 809 2639 ditatem
857 2599 1029 2647 suam,
1061 2584 1282 2654 insuper
1309 2590 1364 2636 et
1392 2583 1495 2637 alia
1541 2582 1706 2637 multa
1746 2597 1803 2637 se
1849 2581 2102 2637 daturum
2127 2582 2177 2635 ei

587 2660 977 2745 spopondit,“si
1002 2674 1190 2746 p‘acem'
1223 2691 1406 2731 secum
1436 2664 1620 2731 tenere
1650 2668 1928 2732 voluisset.
1961 2670 2068 2731 Sed
2096 2668 2181 2728 vir

588 2766 886 2822 catholicus
906 2753 1156 2849 precibiis
1178 2767 1293 2837 ejus
1313 2770 1419 2823 ncn
1446 2760 1735 2838 acquievit.
1768 2766 1968 2824 lterum
1997 2756 2177 2822 autem

589 2856 879 2913 Radb'odus
922 2859 1073 2912 misit
1099 2859 1165 2912 ad
1191 2874 1314 2913 eum
1340 2859 1619 2928 poStulans
1643 2899 1659 2923 ,
1689 2862 1750 2912 ut
1780 2854 1824 2913 si
1854 2857 1969 2927 ipse
1992 2857 2180 2911 Venire

590 2936 870 3009 nclili'sSet,
919 2936 1313 3001 saltcm'ﬁliu'm
1358 2960 1515 3002 suum
1545 2948 1695 3003 a‘d‘se
1722 2946 1985 3013 mitteret,
2016 2954 2071 3001 et
2095 2946 2180 3015 ju-

591 3035 735 3091 ravit
755 3050 813 3091 se
838 3037 887 3091 ei
916 3037 1167 3092 daturum
1210 3024 1483 3108 quidquid
1498 3038 1598 3094 sibi
1626 3036 1967 3110 promiserat.
2014 3034 2181 3107 igitur

598 3128 893 3199 Vursingus
920 3129 1171 3197 precibus
1202 3130 1379 3185 victus
1406 3127 1553 3185 misit
1577 3130 1643 3184 ad
1671 3128 1803 3184 cum‘
1826 3127 1995 3183 ﬁlium
2022 3134 2178 3185 suum

591 3218 883 3289 iuniorem,
912 3220 1192 3290 quem'ille
1217 3222 1447 3291 benigne
1476 3220 1776 3293 suscipiens
1794 3218 1932 3276 fecit
1964 3218 2185 3277 honori-
2207 3210 2256 3278 Ο

596 3312 698 3369 ﬁce
742 3312 986 3367 habitare
1017 3318 1223 3379 sectim,
1254 3320 1309 3368 et
1334 3306 1573 3369 restituit
1605 3313 1656 3368 ei
1684 3312 2055 3369 haereditatem
2081 3326 2183 3382 pa-

595 3405 718 3460 tris.
746 3404 864 3473 lpse
905 3411 1086 3460 tamen
1116 3411 1273 3475 pater
1313 3412 1447 3460 cum‘
1481 3405 1692 3460 seniore
1734 3403 1844 3459 ﬁlio
1874 3411 1928 3460 et
1972 3404 2185 3460 ﬁliabus

596 3496 861 3553 habitavit
896 3497 951 3553 in
979 3498 1216 3568 regione
1260 3488 1599 3554 Francorum
1641 3512 1813 3568 usque
1863 3497 1929 3554 ad
1976 3498 2183 3554 obitum

597 3588 915 3659 regisb...’
1596 3598 1601 3607 '
1912 3596 1919 3605 ‘

667 3680 905 3753 Contigit
951 3682 1465 3753 autemPippinum
1509 3682 1703 3739 ducem
1744 3682 2079 3738 Francorum
2120 3682 2187 3737 de

598 3774 704 3829 hac
732 3773 852 3830 luce
879 3774 1171 3846 migrasse,
1198 3783 1253 3830 et
1281 3775 1452 3830 ﬁlium
1479 3774 1595 3846 ejus
1624 3775 1878 3832 Carolum
1903 3791 2069 3847 regno
2092 3790 2188 3845 po-

598 3866 688 3921 tiri
714 3867 905 3937 patris,
938 3869 1027 3939 qui
1073 3858 1271 3923 multas
1298 3862 1483 3940 gentes
1510 3858 1745 3939 sceptris
1787 3870 1984 3941 adjecit
2013 3870 2189 3925 Fran-

602 3974 810 4024 corum,
837 3960 978 4013 iuter
1005 3975 1138 4029 quas
1176 3961 1341 4015 etiam
1386 3978 1509 4016 cum
1553 3962 1812 4030 triumphi
1843 3962 2189 4034 gloria'Fre-

604 4049 761 4116 siam,
792 4049 1062 4107 exstincto
1098 4052 1380 4117 Radbodo,
1410 4060 1636 4120 paterni,
1677 4052 1825 4106 addit
1854 4051 2103 4122 imperio,
2135 4053 2191 4106 in

603 4156 708 4212 qua
731 4148 860 4197 tunc
879 4149 1037 4212 gente
1061 4151 1281 4199 sanctus
1302 4141 1683 4198 Willibrordus
1704 4143 1919 4213 positus
1946 4152 2030 4199 est
2053 4156 2192 4213 prte-

603 4233 833 4302 dicator,
857 4234 1120 4305 sedesque
1146 4233 1467 4304 episcopalis
1492 4234 1547 4288 in
1578 4233 1825 4303 Trajecto
1850 4235 2073 4292 castello
2102 4236 2192 4291 de-

602 4324 779 4398 legata
818 4334 922 4392 est,
951 4327 1092 4382 sicut
1121 4326 1176 4380 in
1202 4325 1384 4381 libello
1406 4325 1476 4381 de
1504 4327 1623 4383 Vita
1654 4327 1824 4397 ipsius
1850 4327 2190 4385 Willibrcrdi

604 4416 865 4492 scriptum
918 4420 1134 4492 legitur.
1207 4421 1365 4476 Dedit
1409 4420 1573 4493 igitur
1619 4421 1843 4479 Carolus
1894 4424 2197 4481 memorato

605 4512 875 4585 Vursiugo
893 4511 1215 4567 beneﬁcium
1238 4512 1295 4569 in
1317 4512 1552 4569 conﬁnio
1577 4514 1895 4582 Fresonum,
1917 4523 1974 4572 et
1995 4516 2193 4571 direxit

608 4617 732 4658 eum
773 4604 841 4658 ad
880 4603 1112 4674 patriam
1152 4619 1305 4659 suam
1348 4618 1510 4659 causa
1557 4604 1681 4679 ﬁdei
1720 4607 2059 4663 roboranda.
2090 4606 2194 4675 Qui

608 4694 853 4760 veniens,
881 4702 1101 4765 accepta
1123 4694 1438 4761 haereditate
1455 4697 1695 4766 propria,
1708 4697 1974 4754 habitavit
1990 4698 2197 4754 inloco

608 4786 703 4857 qui
730 4787 928 4842 dicitur
950 4785 1197 4843 Suabsua
1224 4799 1245 4829 ε
1274 4786 1428 4859 juxta
1453 4787 1782 4859 Trajectum,
1804 4799 1859 4845 et
1888 4790 2051 4859 erepit
2077 4804 2199 4847 esse

611 4877 825 4947 adjutor
868 4880 1041 4935 sancti
1091 4864 1427 4936 Willibrordi
1469 4896 1595 4937 cum
1638 4881 1763 4938 ﬁliis
1803 4890 1858 4938 et
1882 4883 2201 4953 propinquis

612 4972 742 5035 suis,
772 4972 829 5027 in
857 4972 1267 5042 quibuscuuque
1293 4979 1565 5042 potuerat.
1620 4973 1885 5045 Diligebat
1915 4988 2040 5029 eum
2069 4989 2198 5029 san-

613 5073 734 5120 ctus
760 5063 1145 5121 Willibrordus
1176 5064 1353 5131 valde,
1382 5080 1449 5121 eo
1479 5064 1623 5136 quod
1652 5075 1795 5122 esset
1828 5068 1919 5122 ‘vir
1940 5069 2118 5123 bonus
2144 5074 2201 5121 et

614 5155 807 5227 plenus
836 5154 944 5212 ﬁde
963 5163 1023 5213 et
1052 5156 1397 5233 acceptabilis
1421 5157 1686 5214 universae
1724 5159 1871 5229 plebi
1895 5169 1950 5215 et
1985 5160 2204 5216 castita-

620 5256 729 5304 tem
764 5262 1010 5305 servans.

687 5341 742 5397 5.
777 5340 1129 5414 Nothgrimus
1175 5341 1338 5413 igitur
1365 5341 1507 5399 ﬁlius
1542 5341 1660 5414 ejus
1683 5344 1866 5402 senior
1892 5345 2047 5409 duxit
2070 5361 2202 5401 uxo-

619 5449 735 5491 rem
773 5434 991 5490 ﬁdelem
1033 5435 1302 5503 similiter,
1324 5443 1389 5492 'et
1415 5436 1539 5493 ﬁlia:
1564 5446 1676 5494 tres
1714 5455 1836 5495 cum
1869 5439 2062 5497 timore
2090 5437 2200 5494 Do—

692 5582 719 5647 9
756 5568 857 5627 llic
884 5570 1195 5647 Grimoldus
1216 5548 1337 5647 dqu
1369 5581 1486 5631 erat
1525 5574 1755 5647 Pippini,
1788 5542 2205 5645 majorisdcmus

624 5640 872 5709 ﬁliuspet
893 5643 1030 5698 obiit
1052 5658 1197 5698 anno
1221 5644 1343 5699 7M.
1383 5664 1389 5675 ι
1458 5666 1467 5691 ι
1546 5684 1551 5691 .
1584 5640 1603 5677 ι’
1627 5640 1643 5647 ’
1742 5640 1746 5641 ί
1804 5676 1807 5685 ι

646 5764 651 5769 .
696 5714 1109 5785 thuiccntigit
1140 5732 1284 5771 anno
1312 5717 1432 5772 7H).

700 5796 718 5823 ο
763 5783 822 5840 lu
846 5783 1147 5857 rhythniica
1164 5787 1285 5843 Vita
1311 5786 1556 5844 Sualisua
1579 5789 1802 5857 dicitur;
1830 5790 2000 5847 intus.
2018 5790 2204 5847 Budic.

2194 1859 2243 1921 Β
2270 1855 2362 1926 qui
2392 1854 2558 1909 etiam
2585 1854 2747 1924 primi
2772 1853 3014 1909 omnium
3038 1851 3215 1923 gentis
3243 1851 3545 1906 Fresonum
3576 1848 3826 1903 clericatus

2274 1946 2509 2025 cilicium
2545 1954 2887 2016 acceperunt.
2927 1945 3134 2025 Horum
3155 1944 3303 2025 prior
3412 1942 3697 2025 levitarum
3722 1938 3828 1995 obiit

2274 2018 2464 2113 gradu,
2492 2004 2808 2107 iunior-non
2834 2004 3173 2107 pervcnit'ad
3195 2004 3442 2106 graduin,
3471 2008 3581 2093 sed:
3596 2028 3673 2089 ita
3693 2030 3742 2085 in
3758 2027 3827 2097 ju-

2274 2140 2496 2211 ventute
2526 2131 2591 2185 de
2618 2131 2720 2185 hac
2750 2130 2869 2183 luce
2898 2128 3189 2211 migrabat.

2346 2204 2738 2281 GI‘Memorata
2761 2197 3238 2285 Liafhiﬁeiife‘um
3282 2226 3411 2272 nata
3436 2222 3610 2282 esset,
3640 2213 3831 2269 habebat

2276 2316 2454 2371 aviam
2500 2314 2776 2387 gentilem,
2806 2320 3035 2368 matrem
3064 2310 3317 2365 videlicet
3360 2307 3533 2379 patris
3581 2306 3667 2362 sui
3708 2305 3833 2361 abre-

2276 2409 2616 2464 nuntiantem
2642 2405 2866 2465 omnino
2891 2403 3015 2459 ﬁdei
3049 2403 3328 2458 catholica.-
3353 2418 3367 2455 :
3394 2416 3518 2471 quae
3559 2415 3673 2455 non
3690 2398 3831 2453 nomi-

2276 2502 2457 2557 nanda
2480 2515 2604 2556 cum
2634 2497 2819 2555 furore
2845 2497 2873 2538 ά
2904 2511 3185 2562 conversa,
3211 2509 3278 2550 eo
3306 2494 3447 2565 quod
3479 2492 3834 2565 praenominata

2280 2592 2473 2661 conqu
2514 2592 2654 2647 ﬁlias
2700 2598 2909 2679 tantum
2952 2590 3344 2679 genuissetret
3377 2585 3552 2665 ﬁlium
3601 2584 3835 2638 viventem

2280 2703 2387 2744 non
2434 2688 2676 2752 haberet,
2705 2683 2851 2740 misit
2888 2664 3139 2746 lictores,
3178 2664 3271 2750 qui
3296 2664 3582 2748 "reparent
3629 2674 3837 2730 eamdem

2282 2781 2448 2836 ﬁliam
2476 2787 2605 2835 tunc
2626 2785 2814 2833 natam
2844 2776 2910 2831 de
2936 2776 3058 2831 sinu
3084 2772 3293 2837 matris,
3320 2770 3374 2824 et
3398 2775 3675 2843 necarent
3695 2766 3837 2837 prius-

2282 2888 2444 2945 quam
2474 2871 2559 2926 lac
2586 2875 2802 2940 sugeret
2825 2867 3045 2947 matris,
3077 2866 3204 2941 quia
3238 2863 3317 2939 sic
3350 2876 3467 2935 mos
3498 2865 3620 2915 erat
3643 2846 3842 2930 pagano-

2282 2980 2424 3028 rum,
2448 2970 2511 3016 ut
2537 2963 2583 3017 si
2613 2962 2782 3015 illium
2804 2966 2897 3013 aut
2918 2958 3085 3012 ﬁliam
3110 2970 3308 3011 necare
3326 2949 3842 3016 voluissent,'absque

2284 3057 2405 3112 cibo
2432 3063 2649 3110 terreno
2692 3058 3037 3108 necarentur.
3083 3048 3327 3104 Lictores
3346 3032 3556 3110 autem,
3589 3028 3724 3099 sicut
3760 3032 3846 3094 illis

2284 3147 2463 3203 fuerat
2482 3147 2828 3216 imperatum,
2852 3150 3151 3215 rapuerunt
3170 3157 3292 3198 eam
3313 3149 3369 3197 et
3392 3138 3846 3205 dedux'erunteam

2286 3249 2342 3298 et
2369 3240 2604 3311 portavit
2650 3239 2795 3294 illam
2825 3253 2995 3293 unum
3024 3232 3453 3305 mancipium‘ad
3477 3218 3687 3301 situlam
3726 3224 3850 3298 aqua

2284 3335 2519 3407 plenam,
2548 3332 2770 3402 cupiens
2808 3345 2931 3386 eam
2966 3329 3024 3384 in
3062 3328 3239 3399 ipsam
3279 3328 3480 3397 aquam
3521 3334 3766 3411 mergere,
3796 3325 3851 3411 ut

2284 3400 2468 3481 ﬁniret
2509 3400 2698 3479 vitam.
2749 3421 2857 3478 Sed
2910 3421 3049 3477 miro
3097 3416 3492 3491 Omnipotentis
3518 3400 3845 3471 d‘onc'I'a‘ctum'

2287 3527 2389 3585 est,
2416 3526 2477 3572 ut
2505 3515 2713 3586 puella,
2745 3530 2868 3585 quae
2913 3496 3144 3570 necdum
3192 3517 3415 3583 suxerat
3457 3510 3621 3563 ubera
3652 3499 3850 3565 matris,

2286 3610 2529 3675 extensis
2558 3606 2796 3665 brachiis
2836 3605 2949 3661 suis
2979 3612 3209 3673 utraque
3250 3600 3417 3657 ma'n'u'
3450 3588 3857 3675 apprehenderet

2289 3670 2589 3771 marginem
2616 3696 2811 3762 situlaa,
2839 3696 3082 3752 renitens
3102 3670 3173 3750 ne
3194 3670 3554 3764 mergeretur.
3580 3670 3727 3745 Hanc
3745 3700 3859 3756 ergo

2290 3790 2665 3845 fortitudinem
2706 3786 3011 3842 tenerrima:
3035 3782 3338 3855 puellaa'"ex
3381 3780 3565 3863 divina
3613 3777 3860 3834 credimus

2292 3890 2469 3938 actam
2512 3870 3019 3951 praedestinatione,
3039 3891 3105 3933 eo
3134 3878 3279 3947 quod
3310 3868 3379 3931 ex
3404 3890 3470 3930 ea
3496 3874 3604 3927 duo
3646 3864 3863 3939 episcopi

2291 3974 2519 4029 fuissent
2559 3971 2791 4033 oriundi,
2829 3977 3051 4027 sanctus
3093 3964 3346 4047 videlicet
3368 3964 3671 4036 "Ludgei'us'
3691 3956 3862 4047 ciiiil-

2293 4054 2581 4136 digrimus.’
2620 4062 2680 4118 In
2721 4050 2825 4118 hac
2867 4077 2997 4133 ergo
3036 4042 3420 4117 colluctatione
3466 4055 3702 4111 mirabili
3722 4042 3865 4125 juxta

2292 4154 2662 4210 misericordis
2713 4152 2811 4207 Dei
2882 4152 3289 4222 dispositionem
3348 4147 3659 4220 supervenit
3709 4145 3866 4200 vicina

2294 4248 2508 4313 mulier,
2525 4256 2579 4302 et
2600 4246 2971 4302 misericordia
2994 4253 3140 4301 mota
3158 4244 3360 4314 eripuit
3376 4241 3610 4313 puellam
3633 4241 3701 4296 de
3723 4252 3868 4293 manu

2294 4339 2505 4410 praefati
2553 4336 2832 4407 mancipii,
2873 4324 3219 4405 cucurritqué
3262 4320 3390 4389 curii
3428 4334 3502 4387 'ea
3553 4330 3624 4386 ad
3668 4331 3869 4386 domum

2296 4443 2473 4494 suam,
2503 4436 2559 4483 et
2586 4428 2844 4483 claudens
2864 4435 2988 4498 post
3011 4441 3070 4483 se
3109 4427 3331 4491 ostium,
3359 4425 3608 4497 pervenit
3634 4424 3703 4481 ad
3732 4423 3871 4480 cubi-

2298 4521 2476 4576 culum
2502 4520 2556 4575 in
2585 4534 2692 4589 quo
2723 4524 2844 4574 erat
2867 4518 3004 4584 mel,
3038 4524 3095 4573 et
3129 4518 3277 4573 misit
3301 4532 3370 4575 ex
3394 4512 3552 4573 melle
3588 4512 3682 4572 illo
3728 4518 3783 4572 in
3821 4530 3875 4569 os

2293 4611 2617 4685 juvenculae,
2654 4625 2776 4682 qua:
2803 4611 2987 4667 statim
3024 4611 3233 4667 sorbuit
3280 4611 3435 4666 illud.
3483 4611 3759 4667 Venerunt
3797 4610 3875 4665 in-

2300 4713 2450 4761 terea
2488 4703 2736 4775 praadicti
2764 4701 3051 4759 carniﬁces
3068 4701 3221 4772 jussa
3268 4702 3499 4758 domina:
3546 4710 3660 4757 suatl
3705 4698 3877 4773 capie—

2304 4802 2447 4858 turi:
2473 4802 2853 4856 dominabatur
2877 4799 3022 4856 enim
3065 4798 3155 4853 illa
3188 4797 3474 4853 furibunda
3503 4797 3559 4852 in
3584 4798 3697 4853 tota
3727 4796 3879 4851 demo

2302 4894 2537 4950 ﬁlii‘sui.
2583 4893 2775 4949 Mulier
2817 4890 2995 4947 autem
3022 4900 3143 4961 quae
3169 4890 3433 4945 infantem
3464 4889 3669 4959 rapuit,
3698 4900 3881 4945 occur—

2303 5001 2433 5043 rens
2463 4988 2744 5043 lictoribus
2785 4984 3076 5049 dixit,'mel
3122 4985 3423 5040 comedisse
3448 4983 3704 5055 puellam,
3732 4990 3788 5036 et
3811 4979 3881 5037 ἐῖ-

2306 5081 2418 5135 mul
2446 5080 2681 5136 ostendit
2712 5080 2825 5134 illis“
2838 5091 2959 5135 eam
2988 5076 3164 5135 adhuc
3187 5078 3330 5134 labia
3364 5080 3470 5133 'Sua
3495 5077 3805 5151 ﬁngentem“,
3832 5080 3883 5128 et

2304 5181 2524 5243 propter
2568 5171 2971 5228 hoc‘illicitum‘
3002 5176 3138 5227 erat'
3162 5171 3317 5241 juxta
3356 5154 3564 5226 morem
3590 5163 3883 5241 “gentilium

2304 5278 2502 5319 necare
2527 5264 2696 5318 illam.
2728 5263 2879 5318 Tunc
2900 5262 3125 5318 lictores
3151 5262 3475 5317 dimiserunt
3490 5261 3667 5327 illam,
3696 5264 3749 5315 et
3760 5258 3893 5314 'iitu-'

2303 5354 2407 5410 lier
2425 5370 2547 5426 quae
2563 5369 2685 5410 eam
2711 5364 2983 5425 rapuerat,
3006 5354 3466 5410 occulte'tiutrivit
3487 5354 3608 5411 eam
3628 5350 3889 5410 mittendo

2303 5446 2390 5503 lac
2416 5460 2514 5517 per
2538 5461 2710 5503 cornu
2732 5447 2795 5501 in
2815 5461 2878 5502 os
2903 5443 3041 5517 ejus.
3060 5445 3244 5500 Mater
3266 5438 3481 5517 quoque
3500 5446 3712 5503 occulte
3741 5442 3888 5499 misit

2309 5582 2599 5665 Sttnhsna,
2649 5583 3034 5641 adnotantibus
3084 5583 3189 5641 hoc
3247 5542 3891 5665 Aniwérpiensibus'ra-

2204 5672 2209 5679 ‘
2308 5656 2503 5711 tribus.

2380 5727 2409 5769 ἀ
2438 5728 2722 5798 Ἀηῑψθιιι).
2756 5737 2811 5783 et
2842 5727 3138 5795 Benedict.,
3168 5728 3225 5783 in
3261 5728 3514 5801 furorem.
