4012 6364
142 352 248 411 7⁸15

1455 339 1634 395 ACTA
1675 339 1733 396 S.
1770 337 2090 397 LUDGEBI.

3295 347 3394 406 174

143 470 207 529 ad
231 482 351 532 eam
392 464 659 550 nutricem
688 459 878 532 puellre
910 458 1220 515 offerentem
1259 473 1378 530 qum
1414 459 1715 514 necessaria
1744 461 1794 521 Α
1891 461 1942 514 9.
1982 459 2142 516 Venit
2182 460 2387 516 interea
2430 461 2516 517 vir
2554 462 2772 533 quidam
2815 463 2881 519 de
2920 469 3066 519 terra
3097 463 3388 537 Anglorum

142 545 372 622 fuci-ani,
404 543 753 626 quoadusque
780 549 1004 624 praefata
1034 551 1122 606 illa
1159 550 1308 605 ferox
1334 552 1528 605 mulier
1553 552 1718 604 vitam

142 640 314 707 finiret
339 668 351 702 :
378 656 436 703 et
461 657 588 702 tunc
610 639 848 700 'detnum
871 641 1120 713 accepit"
1146 653 1318 700 mater
1355 635 1517 697 filiani
1565 659 1717 699 suam

141 731 636 798 nutrien'dain.'Sed
661 738 724 792 de
749 737 834 791 his
866 737 968 790 ista
995 734 1280 790 sullicia'nt.
1365 740 1368 742 ’
1426 735 1430 742 ’

187 825 254 886 ’7ζ
293 817 448 885 Nunc
477 825 641 884 etiam
667 829 792 898 quia
830 828 896 882 de
937 835 1124 882 sancto
1163 827 1413 897 Ludgero
1452 826 1599 896 loqui
1637 826 1718 880 in-

140 914 469 989 choaviiiius,
487 920 651 978 libuit
670 923 735 977 de
756 917 820 976 eo
843 937 1031 976 verum
1061 933 1086 961 α
1107 920 1370 990 replicare
1391 935 1712 976 sermonem.

139 1011 260 1075 Cum
289 991 531 1072 venisset
551 1009 728 1070 autem
756 1011 1144 1085 Tbiatgrimus,
1163 1013 1318 1083 pater
1337 1012 1473 1082 ejus,
1496 1014 1562 1067 de
1587 1025 1718 1081 quo-

139 1115 249 1168 dam
278 1112 496 1174 itinere,
524 1117 580 1162 et
603 1116 776 1162 mater
795 1108 912 1177 ejus
931 1122 1216 1177 przegnans
1243 1114 1406 1170 esset,
1434 1105 1718 1174 vicinaque

138 1190 301 1274 partui
333 1191 554 1272 gestabs
579 1198 632 1252 in
654 1207 810 1252 utero
831 1189 1077 1251 eumdem
1106 1183 1343 1250 futurum
1375 1195 1710 1264 episcopum,

138 1295 308 1348 audito
354 1293 497 1362 quod
538 1291 621 1344 vir
667 1287 782 1357 eju's
826 1289 1054 1354 veniret,
1088 1288 1440 1342 immoderate
1477 1287 1716 1356 gaudens

136 1368 435 1455 properai‘it
458 1375 530 1436 'ad
563 1397 707 1445 eum,
735 1387 790 1435 et
817 1379 1022 1436 oll'enso
1048 1379 1184 1450 pede
1212 1379 1438 1444 corruit,
1466 1367 1716 1446 intravite

138 1459 438 1547 quc"palus"‘
466 1463 563 1543 per
605 1460 748 1527 lal'us
779 1469 924 1540 'ejus,
953 1478 1007 1526 et
1039 1471 1217 1525 ablata
1260 1480 1344 1526 est
1374 1456 1604 1536 mortua,
1639 1473 1714 1526 ita

139 1549 420 1621 ut'null'ti‘s‘
455 1555 678 1635 putaret
697 1569 837 1616 “eam
869 1563 955 1617 vel
984 1563 1108 1616 vita:
1132 1563 1715 1632 prmsentiiestitrien-

137 1647 400 1720 dam1“vél'
436 1645 604 1711 ﬁiiuin
655 1671 816 1725 quem
846 1655 1078 1726 gestavit
1109 1655 1164 1711 in
1208 1665 1394 1723 utero;
1430 1657 1525 1711 sed
1554 1657 1716 1710 mise-

140 1758 275 1804 mute
307 1747 489 1804 divina
523 1741 817 1802 clementia
837 1747 1034 1802 revixit
1061 1747 1285 1817 spiritus
1314 1749 1460 1818 ejus,
1491 1755 1546 1802 et
1577 1749 1712 1802 bene

1818 546 2042 607 Alubret
2072 551 2344 608 c‘nomine
2390 555 2457 609 ad
2496 557 2744 611 abbatem
2790 556 3128 627 Gregorium,
3171 560 3396 628 cupiens

1819 644 2046 698 Domino
2092 653 2411 714 cooperante
2456 647 2600 717 plebi
2647 649 2819 719 partis
2866 649 3008 705 illius
3051 651 3107 705 in
3149 651 3394 707 doctrina

1817 737 2072 806 prodesse
2117 736 2295 808 (erant
2339 740 2480 794 enim
2524 742 2686 796 rudes
2726 743 2780 796 in
2829 742 2953 813 fide)
2979 783 2992 809 ,
3025 759 3184 814 quem
3229 745 3396 800 abbas

1817 827 2110 899 Gregorius
2143 829 2375 886 libenter
2403 832 2668 902 suscepit,
2699 840 2753 887 et
2783 842 3059 902 comperto
3086 836 3230 905 quod
3255 843 3397 890 esset

1817 920 1902 974 vir
1933 921 2105 976 bonus
2135 930 2188 976 et
2218 923 2426 988 doctus,
2459 927 2629 979 suasit
2653 933 2712 979 ut
2755 925 2859 980 sibi
2888 927 3171 996 episcopus
3199 927 3354 984 fieret
3379 946 3391 982 :

1817 1027 1925 1066 non
1955 1013 2096 1067 enim
2131 1011 2307 1068 fuerat
2344 1014 2486 1070 idem
2515 1016 2808 1086 Gregorius
2843 1019 2913 1073 ad
2936 1018 3161 1091 gradum
3185 1019 3394 1088 episco—

1817 1103 1990 1173 palem
2051 1105 2328 1160 ordinatus
2353 1147 2367 1172 ,
2416 1108 2509 1162 sed
2553 1109 2878 1178 presbyterii
2924 1110 3290 1178 perseveravit
3344 1110 3396 1164 in

1817 1193 2007 1262 gradu.
2041 1193 2137 1248 Vir
2164 1194 2329 1263 igitur
2357 1196 2614 1266 prudens,
2642 1198 2710 1252 ad
2737 1198 2852 1253 haec
2877 1216 2890 1252 :
2916 1197 2988 1256 Ut
3012 1200 3172 1264 scias,
3202 1200 3395 1270 inquit,

1816 1300 1904 1340 me
1934 1302 2054 1340 cum
2085 1286 2300 1341 licentia
2335 1297 2388 1341 ct
2417 1290 2642 1345 consilio
2687 1291 2928 1362 episcopi
2954 1293 3060 1349 ‘mei
3086 1293 3193 1350 huc
3219 1300 3398 1347 trans-

1817 1391 2020 1442 meare,
2043 1378 2197 1433 mitte
2227 1394 2436 1435 mecum
2458 1380 2656 1436 fratres
2679 1381 2864 1438 fideles
2889 1384 2958 1438 ad
2983 1365 3183 1440 terram
3202 1386 3266 1440 de
3289 1400 3396 1454 qua

1817 1485 2068 1541 egressus
2096 1489 2234 1538 sum,
2259 1475 2327 1529 ad
2351 1475 2660 1546 episcopum
2687 1493 2884 1546 meum,
2913 1487 2973 1534 ut
3000 1481 3067 1536 ab
3089 1495 3154 1536 eo
3180 1479 3400 1536 ordincr

1817 1579 1915 1634 ego
1943 1574 1996 1619 et
2021 1566 2117 1631 illi,
2150 1567 2241 1621 tali
2269 1570 2428 1624 modo
2452 1585 2775 1625 consensum
2796 1573 3027 1641 praebeo.
3053 1571 3205 1639 Quod
3233 1573 3400 1630 abbas

1817 1658 2108 1730 Gregorius
2142 1660 2374 1717 libenter
2414 1663 2656 1728 audiens,
2687 1665 2882 1720 direxit
2926 1681 3048 1720 eum
3077 1674 3132 1720 et
3168 1681 3289 1721 cum
3332 1680 3400 1720 eo

1818 1749 2121 1820 Ludgcrum
2162 1752 2432 1822 aliumque
2474 1754 2696 1808 fratrem
2746 1755 3024 1810 fortiorem
3053 1763 3230 1820 tetate,
3256 1754 3399 1825 Sigi-

138 1845 292 1897 fuerat
316 1833 542 1908 curata;
573 1841 628 1895 in’
651 1857 818 1912 puero
838 1835 1052 1910 quoque
1073 1816 1194 1911 post
1209 1816 1411 1910 paucos
1437 1841 1550 1896 dies
1571 1816 1790 1896 editoB
1821 1816 2021 1898 bodum
2060 1845 2277 1900 nomine
2301 1885 2316 1911 ,
2345 1816 2419 1901 ad
2469 1848 2798 1916 episcopum,
2841 1847 2908 1906 de
2964 1863 3070 1918 quo
3110 1816 3401 1902 Aluberttis

137 1936 262 1991 nulla
313 1935 558 1990 lmsionis
602 1931 811 1989 macula
863 1934 1129 2003 apparuit.
1175 1922 1712 2001 Baptizatt.1's"'autem

137 2022 332 2096 accepit
365 2015 692 2080 'vOcAbblt‘i'm
736 2017 1036 2092 Ludgerus.
1076 2022 1192 2090 Qui
1224 2025 1406 2077 statim
1435 2031 1495 2077 ut
1523 2023 1713 2076 ambu-

137 2119 233 2172 lare
273 2123 337 2170 et
381 2114 532 2187 loqui
571 2121 815 2186 poterat,
842 2116 1007 2184 C(Bpit
1056 2116 1306 2185 colligere
1346 2114 1626 2184 pelliculas
1662 2122 1716 2167 et

137 2208 359 2264 cortices
399 2206 656 2262 arborum
679 2211 715 2246 'b
739 2247 754 2272 ,
795 2208 992 2276 quibus
1034 2207 1101 2260 ad
1145 2207 1431 2261 luminaria
1470 2207 1544 2260 uti
1573 2207 1716 2260 sole-

138 2315 254 2364 mus,
275 2309 338 2355 et
366 2300 627 2370 quidquid
653 2300 760 2354 tale
784 2297 1026 2354 invenire
1045 2299 1716 2370 poterat,ludentibusque

138 2387 479 2538 pueﬁialiis,
508 2372 622 2464 ipse
665 2396 878 2450 censuit
905 2395 1007 2450 sibi
1038 2395 1104 2450 de
1129 2395 1262 2465 ipsis
1307 2395 1716 2452 collectionibus

139 2487 270 2538 quasi
327 2480 548 2538 ibéllos.‘
569 2486 809 2538 Cumano
829 2485 1131 2538 'inV'énisset
1157 2487 1258 2538 sibi
1296 2488 1559 2538 limi'drem
1589 2477 1714 2538 inii-

139 2477 548 2556 quasi‘libéllos.‘
569 2486 809 2556 Cumque
829 2485 1131 2541 'invéniss‘et
1157 2487 1259 2542 sibi
1296 2488 1559 2558 liqubrem
1589 2477 1714 2543 imi-

139 2577 346 2634 labatur
386 2575 698 2648 scriptores,
750 2587 805 2634 et
855 2579 1115 2633 alferebat
1157 2581 1354 2635 nutrici
1404 2595 1514 2635 sua:
1559 2581 1714 2651 quasi

139 2673 275 2731 utiles
303 2677 481 2730 librbs
510 2659 1020 2730 custodiendos‘fEt
1065 2689 1185 2727 cum
1232 2674 1281 2728 ei
1325 2675 1448 2742 quis
1487 2673 1713 2738 diceret,

139 2765 256 2832 Quid
280 2765 464 2821 fecisti
493 2765 931 2821 bodie?‘tlixit'se
951 2780 1049 2834 per
1076 2770 1246 2820 letum
1270 2766 1413 2819 diem
1445 2774 1538 2820 aut
1567 2780 1716 2820 com-

137 2871 320 2926 ponere
344 2853 516 2912 libros
547 2865 638 2910 aut
665 2857 922 2921 scribere,
941 2866 1031 2911 aut
1057 2857 1220 2911 etiam
1246 2857 1442 2926 legere.
1471 2856 1716 2926 Cumque

137 2949 315 3004 iterum
359 2937 826 3018 :lnte'rrogarcttIr‘,
854 2947 987 3015 Quis
1034 2951 1106 3002 te'
1128 2949 1348 3004 docuit?
1379 2949 1712 3017 Respondit:

137 3043 259 3098 Deus
296 3060 388 3098 me
412 3042 616 3096 docuit.
661 3041 1022 3097 Meditabatur
1052 3048 1234 3096 autem
1265 3042 1318 3095 in
1350 3049 1535 3096 tenera
1557 3047 1715 3095 aetate

136 3137 258 3204 quod
281 3125 476 3206 pbstea
506 3133 729 3190 devotus
761 3121 1022 3203 iniplem'.
1141 3139 1165 3150 -.
1195 3137 1200 3144 -
1419 3141 1422 3144 ,

191 3229 242 3284 8.
279 3229 414 3283 Post
459 3229 577 3282 haec
617 3223 1026 3281 'e'tiairi'iauctus'
1056 3224 1248 3296 majori
1280 3216 1473 3298 gratia,
1503 3225 1714 3297 rogavit

133 3322 384 3392 parentes"
424 3321 562 3377 suo's'
587 3329 647 3374 ut
695 3317 754 3374 se
794 3319 953 3374 alicui
1001 3320 1120 3373 viro
1161 3317 1260 3373 ‘Dei
1310 3319 1714 3373 committerent

135 3406 498 3468 erudiendum.
528 3411 597 3465 At
622 3410 718 3475 illi,
753 3426 874 3467 cum
901 3405 1349 3480 essent'benigtii,
1369 3405 1716 3480 glorificave-

133 3503 481 3568 mnt‘lk'um,
502 3503 747 3557 videntes
789 3503 1150 3557 intentionem
1179 3501 1413 3570 juvenis,
1443 3515 1716 3557 commen-

133 3589 500 3662 daveru'r'itque
525 3597 648 3649 eum
671 3594 789 3648 viro
814 3595 1112 3649 venerabili
1142 3593 1408 3664 Gregorio
1451 3593 1716 3664 discipulo

132 3697 181 3743 et
221 3688 520 3744 successori
549 3687 724 3743 s‘a‘ncti
768 3687 1036 3743 Bonifacii‘
1061 3679 1343 3758 martyris:
1367 3687 1716 3742 Dominonu—

135 3779 416 3846 triendur’n,
454 3782 543 3851 qui
589 3781 820 3838 libenter
865 3785 986 3836 eum
1033 3781 1302 3851 seseepit‘,
1337 3789 1391 3835 et
1440 3791 1714 3850 comperta

135 3873 418 3940 sagacitate
458 3872 632 3941 pueri,
687 3865 934 3927 studiose
966 3872 1123 3926 illum
1175 3872 1476 3927 erudiebat.
1533 3872 1717 3926 Crevit

137 3965 302 4034 itaque
328 3964 608 4031 Ludgerus
635 3964 925 4035 proficiens
950 3966 1009 4019 in
1033 3966 1229 4020 timore
1254 3965 1370 4031 Dei,
1399 3975 1453 4021 ct
1473 3965 1717 4035 deposito

138 4058 585 4113 szecul'ari'habitu
617 4059 671 4111 in
713 4058 933 4113 'l‘rie'cto
973 4058 1268 4128 (Trajecto)
1295 4058 1629 4114 monasterio
1659 4073 1717 4113 se

139 4152 352 4205 contulit
381 4153 449 4206 ad
476 4150 718 4205 stu‘dium
743 4151 878 4229 artis
901 4150 1221 4221 spiritualis;
1256 4151 1426 4204 Erant
1453 4160 1635 4205 autem
1663 4151 1718 4204 in

138 4242 214 4295 illa
258 4243 444 4298 schoia
479 4241 726 4312 Gregorii
757 4251 832 4298 "et
877 4242 966 4296 alii
1013 4241 1369 4311 condiscipuli
1415 4242 1622 4297 nobiles
1665 4249 1720 4297 et

137 4335 439 4400 prudentes,
464 4349 496 4388 e
522 4333 721 4403 quibus
767 4332 857 4387 alii
895 4332 1131 4402 episcopi
1161 4339 1347 4401 postea
1371 4332 1718 4398 exstiterunt,

137 4425 214 4478 alii
255 4425 314 4481 in
353 4423 671 4481 minoribus
721 4426 984 4496 gradibus
1024 4426 1274 4480 doctores
1333 4424 1716 4500 ecclesiarum;

137 4519 263 4586 apud
298 4534 444 4587 quos
469 4517 613 4571 idem
641 4516 922 4588 Ludgerus
955 4518 1011 4570 in
1040 4515 1234 4586 magno
1263 4516 1566 4570 habebatur
1592 4513 1720 4568 affe-
1746 4541 1799 4603 υ

137 4619 234 4673 ctu,
276 4624 352 4664 eo
401 4609 548 4679 quod
594 4617 738 4664 esset
780 4609 866 4662 vir
889 4608 1040 4663 mirm
1088 4607 1537 4670 mansuetudinis,
1566 4606 1719 4660 vultu
1761 4613 1768 4618 “

139 4700 303 4767 hilari,
327 4701 455 4755 ‘non
483 4707 663 4755 tamen
684 4699 859 4756 facilis
890 4701 945 4754 in
971 4700 1101 4761 risu,
1135 4707 1190 4752 et
1230 4699 1285 4753 in
1309 4699 1560 4754 omnibus
1588 4699 1721 4754 acti-

136 4789 226 4845 bus
253 4792 609 4862 prudentiam
652 4806 776 4846 cum
806 4790 1159 4859 temperantia
1203 4791 1555 4859 amplectens.
1590 4790 1721 4844 Erat

137 4887 271 4942 enim
322 4886 580 4942 assiduus
613 4885 902 4940 meditator
927 4883 1131 4938 divinae
1166 4881 1478 4952 Scriptura},
1502 4892 1558 4938 et
1606 4883 1722 4951 ejus

137 4981 400 5050 praecipue
432 4994 556 5049 quae
583 4978 651 5032 ad
678 4978 891 5032 laudem
920 4977 1053 5041 Dei,
1084 4983 1139 5031 et
1165 4977 1232 5031 ad
1270 4976 1573 5031 doctrinam
1601 4991 1724 5046 per-

139 5071 338 5127 tinebat
365 5069 710 5136 catholicam,
726 5084 825 5139 pro
845 5069 1040 5138 quibus
1059 5083 1091 5124 a
1113 5068 1409 5124 venerabili
1436 5068 1716 5140 magistro,

135 5165 274 5220 velut
303 5167 504 5221 unicus
533 5164 695 5229 ﬁlius,
723 5162 1067 5234 diligebatur.

200 5336 226 5364 ει
261 5324 550 5393 Antwerp.
583 5329 638 5378 et
665 5319 888 5393 Bened.,
922 5319 1132 5373 iterum.

199 5395 227 5433 δ
262 5387 540 5466 Ριψγινυιή
571 5391 918 5466 appellabant
937 5397 1166 5466 veteres.
1200 5387 1430 5466 Manna”

199 5475 222 5502 ο
264 5457 499 5531 Bened,
545 5457 815 5517 Al'zt'berlft'.
845 5460 968 5514 Ms.
1006 5459 1393 5528 Budic.,-quod
1440 5457 1718 5525 Antwerp.

133 5532 802 5601 laudabant,.Adelbertus.
919 5569 922 5572 -
1047 5555 1070 5574 ;-
1156 5559 1160 5564 -
1264 5555 1304 5568 .ι

199 5605 226 5644 τι
267 5596 549 5677 Antwerp.
580 5615 634 5660 et
663 5601 884 5667 Bened.,
910 5601 1087 5677 Caroli
1117 5602 1360 5677 junioris
1401 5601 1454 5677 in
1502 5596 1724 5677 Tareni-

134 5675 247 5746 lgus.
303 5677 408 5732 Per
443 5668 716 5746 ju'niorem
747 5681 930 5728 autem
975 5668 1230 5746 Carol'ugn
1275 5672 1366 5746 hic
1386 5668 1725 5746 intelligitur

131 5745 364 5875 Simius
393 5738 637 5821 magnus,
674 5746 860 5803 habita
903 5743 1117 5800 ratione
1157 5742 1336 5798 Caroli
1385 5738 1608 5795 Martelli
1638 5738 1720 5794 avi

198 5834 308 5875 tus.
840 5871 846 5875 _
1231 5837 1234 5854 ί

198 5834 308 5875 IIIS.
840 5871 846 5878 .
1231 5837 1234 5854 ⁵

1741 3175 1788 3240 C

1824 1935 2034 1991 dixerat
2060 1951 2074 1988 :
2099 1953 2190 2006 qui
2229 1937 2476 1992 eumdem
2515 1938 2838 1993 'Alubertum
2881 1940 3151 1996 ordinavit
3195 1939 3403 2008 episco-

1821 2031 1969 2098 pum,
2003 2028 2314 2098 Sigibddum
2344 2030 2736 2100 presbyterum,
2759 2029 3065 2098 Ludgerum
3094 2030 3399 2094 diaconum,

1820 2131 1875 2178 et
1902 2131 2213 2178 manserunt
2253 2123 2360 2178 illic
2403 2138 2544 2178 anno
2571 2139 2697 2178 uno.
2740 2121 2998 2178 Alcuinus
3035 2123 3196 2178 etiam
3226 2121 3318 2176 illo
3345 2121 3403 2176 in

1819 2214 1938 2268 loco
1971 2219 2098 2268 tunc
2129 2215 2384 2284 magister
2423 2223 2560 2278 erat,
2589 2215 2679 2284 qui
2713 2222 2899 2284 postea
2943 2215 3274 2284 temporibus
3301 2210 3406 2270 Ca-

1821 2307 1918 2362 roli
1954 2306 2184 2361 Turonis
2211 2305 2238 2346 ά
2267 2313 2321 2359 et
2348 2305 2403 2359 in
2448 2305 2678 2362 Francia
2723 2307 3092 2375 magisterium
3137 2304 3400 2362 exercuit.

1819 2396 1915 2453 Cui
1944 2397 2126 2450 statim
2156 2395 2431 2465 Ludgerus
2456 2397 2714 2451 hauriens
2738 2396 2998 2464 spiritalia
3027 2396 3277 2463 dogmata
3306 2405 3399 2447 ε...

1819 2495 1940 2558 post
1968 2489 2092 2542 anni
2118 2502 2246 2542 vero
2277 2486 2535 2542 circulum
2563 2493 2914 2551 revertentes,
2937 2486 3028 2556 qui
3052 2485 3203 2546 missi
3221 2491 3398 2549 erant,

1819 2578 2044 2635 Domino
2094 2581 2443 2649 gubernante,
2484 2585 2748 2634 venerunt
2792 2579 2860 2632 ad
2906 2578 3152 2632 abbatem
3197 2574 3401 2648 Grego—

1819 2672 1980 2734 rium,
2006 2672 2096 2740 qui
2143 2671 2375 2740 benigne
2405 2670 2704 2739 suscipiens
2741 2684 2864 2733 eos,
2895 2669 3112 2739 gavisus
3137 2676 3219 2723 est
3246 2657 3403 2724 valde

1817 2757 1872 2811 in
1903 2758 2136 2811 adventu
2162 2771 2373 2820 eorum,
2405 2765 2458 2810 et
2488 2750 2686 2810 mansit
2713 2770 2835 2810 cum
2859 2770 2924 2810 eo
2951 2753 3260 2820 Alubertus,
3288 2752 3399 2809 col-

1817 2850 2070 2904 laborans
2095 2849 2150 2902 in
2178 2863 2341 2918 opere
2369 2847 2600 2902 Domini.
3397 2896 3400 2898 .

1888 2939 1976 2994 10.
2019 2939 2076 2994 S.
2109 2939 2386 3008 Ludgerus
2434 2939 2600 3009 igitur
2628 2937 2852 3008 cupiens
2883 2950 2941 2992 se
2967 2939 3212 2991 saturare
3258 2949 3401 3010 prte-

1817 3033 1966 3088 libati
1995 3032 2274 3086 dulcedine
2300 3031 2409 3086 favi
2438 3029 2484 3096 ῐ,
2521 3031 2674 3100 petiit
2715 3031 2783 3086 ab
2827 3030 3019 3086 abbate
3047 3027 3306 3099 Gregorio
3343 3028 3406 3082 li-

1820 3125 2054 3180 centiam
2083 3123 2342 3184 redeundi
2373 3123 2438 3177 ad
2466 3125 2786 3193 magistrum
2811 3122 3118 3200 Alcuinum,
3151 3122 3294 3191 quod
3318 3121 3407 3200 ille

1818 3215 2043 3272 moleste
2086 3215 2285 3281 ferens,
2329 3214 2446 3270 fieri
2476 3216 2726 3280 retinuit;
2765 3197 2937 3270 noluit
2978 3197 3160 3268 tamen
3204 3197 3408 3269 contri-i

1815 3308 1948 3364 stari
1977 3314 2246 3378 petentem
2265 3347 2281 3374 ,
2312 3306 2409 3361 sed
2443 3305 2652 3362 blandis
2683 3305 3022 3360 sermonibus
3063 3307 3228 3374 coepit
3257 3321 3403 3360 com-

1812 3411 2036 3466 pescere
2061 3412 2205 3450 eum.
2253 3397 2496 3465 Cumque
2541 3402 2787 3450 cerneret
2816 3410 2875 3450 se
2901 3395 3062 3449 nullis
3087 3394 3405 3462 objectioni-

1814 3488 1914 3541 bus
1957 3471 2109 3541 illum
2133 3501 2164 3540 a
2187 3502 2284 3542 sua
2314 3487 2612 3541 intentione
2637 3499 2892 3539 revocare
2925 3500 3103 3555 posse,
3135 3485 3400 3538 accersito

1812 3589 1964 3649 patre
1994 3579 2138 3635 illius
2166 3579 2493 3649 postulavit,
2524 3586 2581 3632 ut
2610 3585 2899 3632 conaretur
2933 3591 3190 3631 revocare
3216 3591 3340 3654 cum
3359 3561 3399 3628 'a

1815 3681 1990 3742 coepto
2023 3673 2233 3739 itinere,
2281 3672 2375 3727 sed
2420 3671 2692 3740 studiosus
2719 3670 2877 3734 levita
2915 3670 3179 3740 instanter
3208 3668 3263 3721 in
3305 3681 3404 3722 suo

1813 3774 1939 3820 voto
1967 3765 2285 3835 permansit.
2327 3763 2476 3818 Tunc
2505 3769 2761 3832 parentes
2803 3759 3044 3829 ejusdem
3083 3757 3317 3829 Ludgeri
3345 3766 3403 3812 et

1816 3857 2130 3929 Gregorius,
2153 3858 2435 3927 quandove
2456 3856 2708 3927 precibus
2736 3852 2920 3917 evicti,
2948 3852 3258 3907 direxerunt
3279 3865 3402 3905 eum

1817 3953 1884 4007 ad
1913 3950 2197 4020 pmfatum
2240 3950 2560 4020 magistrum
2611 3947 2893 4002 Eboraica:
2927 3945 3161 4012 civitatis
3203 3943 3406 4015 Anglo-

1818 4056 1958 4104 rum,
2005 4041 2306 4109 praebentes
2345 4053 2464 4108 quae
2513 4036 2590 4091 illi
2630 4051 2763 4106 opus
2797 4043 2954 4091 erant
2998 4036 3054 4090 in
3099 4021 3406 4103 viarquem

1818 4134 2076 4204 magister
2102 4131 2327 4186 illustris
2357 4128 2616 4183 Alcuinus
2645 4143 2767 4183 cum
2796 4142 2993 4198 magno
3019 4126 3256 4195 suscepit
3278 4141 3408 4194 gau-

1819 4226 1928 4280 dio.
1956 4225 2252 4293 Susceptus
2283 4224 2464 4291 itaque
2494 4222 2796 4289 Ludgerus,
2826 4227 2942 4275 erat
2972 4228 3228 4274 consueto
3258 4232 3408 4271 more

1819 4317 2070 4372 omnibus
2097 4316 2314 4378 charus,
2345 4329 2410 4368 eo
2437 4315 2580 4382 quod
2620 4320 2767 4368 esset
2789 4321 3011 4366 ornatus
3037 4301 3278 4363 moribus
3301 4307 3397 4360 bo-

1821 4411 1924 4473 nis,
1955 4416 2010 4463 et
2039 4406 2231 4463 studiis
2257 4406 2490 4470 sanctis,
2519 4413 2573 4461 et
2600 4404 2800 4460 mansit
2834 4403 2910 4457 ibi
2949 4402 3104 4455 annis
3146 4400 3318 4453 tribus
3354 4405 3410 4451 et

1822 4501 2101 4558 mensibus
2149 4514 2264 4565 sex,
2291 4497 2581 4567 proﬁciens
2610 4497 2665 4552 in
2693 4495 2951 4551 doctrina:
2982 4493 3179 4572 studio.
3213 4489 3407 4558 Cupie-

1773 4575 1914 4648 Ibat
1960 4593 2106 4648 enim
2145 4592 2345 4647 ibidem
2376 4592 2576 4646 diutius
2605 4591 2661 4645 in
2701 4596 2885 4644 sancto
2929 4575 3148 4642 manere
3187 4583 3404 4648 studio;

1819 4688 1914 4743 sed
1940 4703 2047 4742 non
2076 4686 2178 4742 fuit
2213 4701 2472 4742 concessa
2511 4683 2740 4739 facultas
2767 4697 2782 4736 :
2808 4696 2931 4736 nam
2977 4677 3404 4750 ingredientibus

1819 4783 2030 4838 civibus
2059 4780 2164 4836 illis
2194 4781 2261 4834 ad
2288 4779 2485 4834 bellum
2508 4784 2694 4832 contra
2735 4773 2982 4828 inimicos
3011 4785 3156 4833 suos,
3185 4766 3411 4835 contigit

1820 4884 1880 4930 ut
1912 4889 2009 4943 per
2048 4874 2222 4927 rixam
2262 4871 2660 4925 interficeretur
2687 4865 2830 4920 filius
2873 4862 3150 4931 cujusdam
3194 4859 3409 4914 comitis

1820 4971 1990 5040 ipsius
2041 4967 2334 5039 provincia:
2359 4981 2390 5020 a
2416 4964 2654 5019 Fresone
2686 4961 2920 5031 quodam
2971 4956 3326 5026 negotiatore,
3355 4963 3408 5010 et

1821 5063 2022 5117 idcirco
2070 5061 2335 5115 Fresones
2387 5056 2780 5114 festinaverunt
2831 5051 3013 5124 egredi
3060 5050 3126 5106 de
3187 5048 3410 5117 regione

1817 5152 2133 5220 Anglorum,
2184 5150 2435 5204 timentes
2485 5147 2622 5201 iram
2664 5144 3089 5216 propinquorum
3136 5137 3408 5196 interfecti

1897 5322 1920 5351 θ
1963 5307 2162 5379 Supple
2208 5322 2275 5362 ex
2327 5305 2600 5374 Antwerp.
2645 5310 2702 5358 et
2743 5301 2967 5379 Bened.,
2998 5297 3178 5354 sedulo
3220 5297 3410 5366 junge-

1824 5382 1998 5436 balur.
2669 5385 2698 5403 ’·
2761 5378 2808 5412 ³³·
2857 5385 2881 5409 ι’
2939 5412 2941 5416 -
3067 5403 3071 5410 ι

1901 5453 1918 5492 ί
1961 5452 2018 5505 ln
2043 5449 2272 5504 Suriana
2285 5446 2520 5518 Ludgeri
2537 5446 2656 5501 Vita
2680 5443 2783 5498 alia
2804 5443 2944 5499 ratio
2959 5441 3201 5518 affertur,
3216 5451 3408 5517 nempe

1823 5523 1967 5594 quod
1993 5523 2289 5594 Ludgerqs,
2324 5510 2438 5574 tum
2458 5519 2746 5594 diaconus,
2777 5510 3408 5594 cumcoramMGtegorio

1824 5581 2172 5662 Evangeliuin
2229 5581 2412 5662 legens
2440 5590 2510 5662 in
2565 5588 2798 5662 quodam
2845 5584 3012 5662 verbo
3057 5581 3405 5662 oli‘end‘iss‘et,

1823 5647 2199 5720 emendaturis
2229 5647 2490 5732 Gregorio
2513 5698 2528 5726 ,
2572 5647 3007 5732 statuitsreverti
3056 5652 3122 5732 ad
3153 5647 3406 5732 scholam

1822 5736 2059 5801 Alcuini,
2089 5724 2369 5801 indignum
2395 5746 2454 5784 se
2484 5724 2680 5800 putans
2698 5726 2930 5784 diaconii
2956 5724 3149 5796 gradu,
3179 5724 3271 5792 qui
3300 5731 3410 5775 non

1823 5815 2007 5878 posset
2032 5802 2314 5861 emendate
2340 5802 2538 5872 legere.
