4012 6364
645 298 754 356 ’175

1641 297 1737 353 ΑΙ)
1773 298 1833 356 s.
1874 275 2504 360 LUDGERI-SCRIPTA
2536 297 2897 356 APPENDIX.

3792 305 3876 363 776

637 413 874 486 juvenis.
906 412 1057 468 Tunc
1076 410 1335 467 Aleuinus
1357 412 1676 467 necessitate
1702 415 2012 484 compulsus
2033 415 2230 470 direxit
2258 417 2306 478 Α
2333 412 2713 468 dicenszNunc
2742 413 2868 483 quia
2897 410 3066 466 frater
3095 424 3249 466 meus
3278 408 3658 469 dilectissimus
3683 428 3758 482 es,
3775 431 3874 489 peto

644 510 974 581 Ludgerum,
997 517 1053 562 et
1077 523 1199 562 cum
1227 522 1291 562 eo
1321 505 1595 562 diaconem
1626 522 1781 561 suum
1806 508 2020 564 nomine
2041 508 2221 573 Putul,

643 619 768 660 cum
813 600 1053 672 praefatis
1105 601 1526 672 negotiatoribus
1572 613 1630 666 ι,
1676 601 1872 657 timens
1918 617 1986 656 ne
2042 618 2228 658 amore

643 697 884 754 discendi
908 695 1067 749 aliam
1098 693 1330 765 regionis
1358 693 1499 748 illius
1521 694 1798 748 civitatem
1827 695 2018 760 adiret,
2050 705 2104 750 et
2127 712 2225 767 pro

640 790 846 848 ultione
883 786 1124 859 przedicti
1151 784 1366 854 juvenis
1409 786 1618 857 aliquas
1660 794 1936 857 pateretur
1980 788 2222 844 insidias.

642 881 865 936 Dicebat
887 880 1031 934 enim
1051 893 1106 932 se
1130 877 1310 947 potius
1335 877 1471 932 velle
1497 878 1632 932 muri
1660 893 1819 946 quam
1847 887 1907 932 ut
1933 879 2076 935 ﬁlius
2097 896 2226 937 suus

644 974 874 1029 dilectus
901 972 1192 1042 quidquam
1221 977 1499 1040 pateretur
1540 969 1753 1024 lethalis
1799 964 1945 1024 mali.
1980 971 2226 1028 Directus

640 1068 824 1138 itaque
844 1044 1145 1136 Ludgerus.
1168 1079 1428 1134 prospero
1450 1079 1611 1118 cursu
1633 1065 1879 1133 pervenit
1904 1066 1971 1119 ad
1992 1067 2225 1134 patriam

641 1173 790 1213 suam
834 1157 969 1210 bene
1025 1156 1367 1219 instructus,
1419 1154 1628 1208 habens
1675 1155 1885 1223 capiam
1939 1155 2220 1220 librorum,

636 1259 860 1320 eratque
887 1250 1029 1321 patri
1057 1247 1320 1319 Gregorio
1362 1254 1417 1301 et
1449 1246 1660 1301 caeteris
1683 1255 1834 1301 tanto
1862 1255 1987 1302 tunc
2011 1247 2224 1319 dignior

634 1352 689 1398 et
718 1343 1010 1415 acceptior,
1043 1349 1244 1412 quanto
1276 1341 1380 1395 fuit
1401 1350 1457 1396 et
1484 1341 1538 1394 in
1562 1341 1876 1396 monasticis
1901 1342 2221 1396 eruditioni-

636 1437 738 1493 bus
782 1437 1061 1492 illustrior.
1111 1436 1378 1490 Diaconus
1403 1449 1555 1500 vero,
1584 1435 1676 1503 qui
1717 1443 1940 1489 venerat
1980 1450 2104 1489 cum
2133 1450 2216 1502 eo,

626 1526 784 1600 juxta
806 1527 1209 1598 dispositionem
1238 1525 1451 1580 Aleuini
1485 1525 1726 1594 perrexit
1751 1523 2000 1590 Romam,
2025 1525 2221 1580 iterum

631 1636 970 1685 reversurus,
998 1621 1090 1690 qui
1138 1620 1304 1676 etiam
1350 1627 1536 1690 postea
1566 1635 1690 1675 cum
1733 1618 1963 1676 Alcuino
1989 1620 2137 1675 venit
2163 1621 2220 1675 in

630 1711 860 1769 Galliam
889 1714 944 1767 in
971 1713 1162 1768 ordine
1186 1712 1530 1782 presbyterii.

2326 516 2386 560 ut
2429 506 2752 560 desiderium
2799 522 2979 562 meum
3027 505 3286 574 impleas;
3324 506 3477 561 locus
3511 508 3656 563 enim
3699 509 3746 565 in
3790 529 3874 583 quo

2325 605 2544 653 sanctus
2571 597 2805 663 Domini,
2835 597 3154 652 Liafuvinus
3179 599 3465 669 presbyter
3486 641 3502 666 ,
3536 617 3694 670 quem
3741 608 3871 672 nosti,

2324 690 2380 744 in
2407 707 2567 760 opere
2591 691 2801 746 Domini
2839 707 3009 761 usque
3039 691 3107 746 ad
3137 700 3365 746 mortem
3394 693 3729 762 persistendo
3751 696 3872 754 labo-

2325 783 2484 845 ravit,
2523 784 2613 838 ubi
2643 799 2858 838 sacrum
2888 781 3005 851 ejus
3047 799 3245 853 corpus
3293 785 3569 854 sepultura
3610 788 3808 858 tegitur,
3833 791 3873 846 in

2324 872 2667 928 solitudinem
2699 883 2781 929 est
2811 875 3090 940 redactus;
3141 877 3494 945 quamobrem
3541 888 3668 948 peto
3694 888 3746 934 ut
3780 898 3872 938 eum

2325 970 2632 1020 restaurare
2667 966 2905 1026 studeas.
2938 974 2992 1022 et
3025 980 3188 1036 super
3215 983 3410 1038 corpus
3434 971 3605 1025 sancti
3629 969 3872 1027 ecclesiam

2326 1055 2642 1111 retediﬂces.

2396 1145 2482 1199 M.
2522 1147 2616 1200 Dei
2654 1147 2819 1219 igitur
2865 1147 3096 1204 famulus
3135 1149 3414 1221 Ludgerus
3461 1155 3706 1225 magistri
3741 1156 3872 1227 jussis

2323 1236 2705 1306 obtemperans
2751 1241 3000 1309 qumsivit
3036 1241 3089 1295 in
3124 1242 3241 1298 loco
3281 1247 3680 1312 pramominato
3720 1262 3872 1317 corpus
3932 1297 3936 1301 .

2324 1331 2497 1385 sancti
2533 1338 2587 1386 et
2630 1347 2737 1385 non
2770 1331 2992 1397 invenit,
3025 1333 3118 1387 sed
3155 1342 3336 1389 tamen
3364 1336 3507 1389 intra
3535 1337 3761 1406 spatium
3793 1339 3870 1393 loci

2323 1421 2415 1475 ubi
2457 1421 2587 1477 illud
2613 1437 2733 1476 esse
2759 1423 2998 1493 putabat,
3029 1425 3193 1493 coepit
3242 1434 3562 1482 construere
3606 1428 3868 1482 ecclesiam.

2323 1511 2564 1583 Cumque
2611 1516 2878 1583 posuisset
2907 1515 3067 1570 bases
3087 1557 3100 1580 ,
3131 1524 3186 1570 et
3212 1517 3450 1586 parietes
3478 1530 3760 1574 conaretur
3783 1521 3864 1574 eri-

2323 1620 2472 1675 gere,
2525 1607 2774 1676 apparuit
2819 1607 2868 1661 ei
2925 1609 3174 1663 sacerdos
3223 1608 3438 1665 Domini
3485 1609 3789 1667 Liafuvinns
3830 1612 3868 1665 in

2322 1690 2562 1760 somniis,
2592 1699 2815 1754 dicens:
2841 1699 3034 1754 Frater
3081 1700 3432 1758 dilectissime
3476 1702 3737 1775 Ludgere,
3767 1704 3868 1758 bene

703 1808 789 1861 Η.
831 1806 967 1861 Cum
994 1806 1121 1860 talia
1147 1774 1494 1878 gémbahmr’
1524 1805 1672 1860 venit
1692 1805 1912 1875 quidam
1937 1806 2219 1876 presbyter
2247 1774 2296 1835 Β
2322 1789 2497 1845 fecisti
2533 1792 2886 1846 restaurando
2911 1791 3004 1846 Dei
3053 1793 3311 1862 templum
3339 1774 3656 1862 iamdudum
3681 1794 3865 1849 deletum

630 1906 850 1956 sanctus
880 1906 936 1953 et
955 1897 1166 1962 doetus,
1193 1899 1258 1953 de
1285 1913 1482 1967 genere
1507 1897 1824 1968 Anglorum,
1849 1898 2067 1952 nomine
2097 1897 2219 1950 Lia—

629 1989 866 2052 fuvinus,
883 1990 950 2044 ad
969 1991 1220 2044 abbatem
1245 1989 1588 2060 Gregorium,
1608 1989 1790 2044 dicens
1813 1990 1914 2045 sibi
1935 2006 1965 2042 a
1991 1989 2216 2045 Domino

629 2084 950 2139 terribiliter
992 2084 1135 2138 trina
1175 2084 1542 2138 admonitione
1571 2084 1739 2138 fuisse
1779 2095 2127 2154 praeceptum,
2158 2090 2218 2138 ut

629 2176 684 2231 in
713 2176 945 2231 conﬁnio
973 2177 1302 2230 Francorum
1334 2183 1496 2245 atque
1520 2175 1792 2230 Saxonum
1819 2190 1973 2229 secus
1995 2174 2215 2228 fluvium

625 2267 728 2323 Isla
755 2269 897 2338 plebi
929 2268 984 2322 in
1026 2267 1270 2322 doctrina
1311 2269 1567 2338 prodesse
1612 2267 1849 2331 deberet,
1902 2267 2217 2335 rogavitque

625 2368 685 2414 ut
719 2359 787 2414 ad
813 2359 990 2415 locum
1019 2359 1168 2414 illum
1213 2375 1271 2414 se
1311 2359 1529 2429 perduci
1566 2357 1784 2428 juberet
1810 2366 1864 2413 et
1897 2359 1965 2412 ad
1992 2357 2215 2412 ﬂuvium

623 2449 728 2506 sibi
758 2465 790 2503 a
821 2449 1048 2507 Domino
1086 2451 1556 2522 prtenominatum.
1602 2451 1753 2505 Tunc
1796 2449 2120 2521 Gregorius,
2149 2464 2214 2514 eo

622 2542 766 2613 quod
795 2541 944 2596 locus
973 2541 1116 2596 idem
1141 2542 1208 2596 ad
1233 2541 1542 2612 parochiam
1570 2556 1723 2595 suam
1767 2541 2084 2609 pertineret,
2115 2539 2213 2594 be-

620 2634 785 2705 nigne
809 2648 932 2688 eum
963 2633 1071 2688 illic
1099 2634 1334 2704 dirigere
1361 2633 1570 2697 statuit,
1592 2645 1758 2702 agens
1779 2633 1982 2702 gratias
2005 2630 2212 2702 pastori

622 2739 857 2791 summo,
889 2741 953 2781 eo
983 2726 1126 2795 quod
1153 2726 1399 2780 visitaret
1425 2725 1636 2797 plebem
1667 2741 1840 2780 suam.
1876 2725 2019 2780 Misit
2047 2726 2212 2780 etiam

620 2831 746 2874 cum
790 2832 856 2872 eo
881 2826 936 2872 et
965 2817 1350 2872 Marchelmum
1381 2833 1596 2872 servum
1629 2818 1724 2872 Dei
1755 2817 1821 2872 de
1862 2832 2060 2887 genere
2102 2817 2213 2870 An-

621 2909 830 2980 glorum
851 2950 865 2975 ,
899 2917 955 2964 et
995 2891 1023 2963 a
1055 2918 1244 2965 sancto
1271 2909 1621 2965 Willibrordo
1646 2911 1897 2979 episeopo
1926 2926 1954 2963 a
1979 2911 2212 2979 pueritia

622 3002 823 3056 sanctis
866 3001 1191 3056 instructum
1232 3003 1493 3065 moribus,
1517 3009 1575 3054 ut
1604 3017 1725 3056 eum
1757 3011 2095 3072 praeponeret
2119 3017 2213 3072 po-

616 3092 766 3163 pulo.
795 3092 1090 3162 Susceptus
1113 3109 1242 3164 ergo
1262 3094 1545 3164 presbyter
1566 3093 1880 3149 Liafuvinus
1906 3111 1936 3147 a
1963 3103 2209 3150 matrona

618 3187 852 3256 quadam
898 3188 1114 3243 nomine
1159 3187 1467 3249 Averbilda,
1500 3189 1817 3258 caeterisque
1847 3188 2096 3249 ﬁdelibus
2125 3205 2211 3244 se-

616 3279 861 3333 minabat
876 3281 1194 3348 documenta
1212 3281 1420 3348 salutis,
1437 3291 1492 3337 et
1513 3282 1724 3352 rigabat
1745 3290 1898 3352 prata
1923 3284 2205 3339 mentium.

613 3367 884 3426 Fecerunt
933 3381 1113 3428 autem
1143 3373 1191 3428 ei
1234 3373 1532 3429 oratorium
1583 3375 1637 3429 in
1680 3373 2010 3430 Oceidentali
2051 3383 2207 3446 parte

610 3461 822 3534 praefati
851 3462 1110 3530 ﬂuminis,
1149 3465 1203 3519 in
1230 3465 1351 3520 loco
1380 3466 1471 3536 qui
1504 3465 1674 3536 Hulpa
1710 3477 1953 3522 vocatur.

689 3554 774 3608 12.
815 3554 944 3611 Post
983 3556 1096 3612 [nec
1139 3557 1300 3613 etiam
1329 3557 1733 3614 cediﬁcaverunt
1761 3561 1810 3615 ei
1841 3561 2125 3615 ecclesiam
2150 3561 2204 3615 in

612 3643 794 3700 littore
817 3646 1069 3702 orientali
1096 3645 1334 3716 ejusdem
1359 3648 1618 3715 ﬂuminis,
1648 3650 1701 3704 in
1725 3649 1841 3705 loco
1865 3648 2020 3718 cujus
2045 3667 2204 3706 voca-

610 3738 796 3793 bulum
822 3746 907 3794 est
936 3739 1222 3806 D‘aventre,
1248 3757 1481 3812 cumque
1509 3742 1576 3797 ad
1601 3757 1722 3797 eam
1750 3742 1976 3812 populus
2005 3742 2075 3797 ob
2099 3742 2199 3798 viri

609 3830 784 3884 sancti
807 3831 1110 3887 doctrinam
1138 3834 1452 3898 conﬂueret,
1479 3833 1724 3890 Saxones
1750 3836 1841 3904 qui
1869 3851 1936 3891 eo
1957 3844 2202 3904 tempore

607 3923 834 3993 paganis
881 3923 1236 3982 fuscabantur
1297 3928 1528 3994 ritibus,
1564 3929 1618 3983 in
1672 3927 1906 3983 furorem
1952 3929 2199 3984 conversi

610 4012 836 4069 collecto
879 4017 1123 4072 exercitu
1176 4017 1548 4088 eﬂ‘ugaverunt
1596 4017 1932 4074 Christianos
1981 4020 2048 4074 ab
2092 4021 2198 4076 illis

607 4104 759 4171 locis,
797 4116 852 4162 et
879 4109 1163 4164 ecclesiam
1191 4112 1608 4166 combusserunt
1637 4111 1766 4181 igni.
1815 4111 1964 4167 Tunc
1995 4112 2078 4165 vir
2101 4112 2196 4168 Dei

606 4197 924 4258 Liafuvinus
974 4219 1226 4259 reversus
1255 4203 1321 4258 ad
1349 4205 1595 4258 abbatem
1621 4202 1939 4276 Gregorium
1973 4213 2196 4276 praesto-

605 4291 819 4348 labatur
847 4295 1270 4351 consolationem
1300 4312 1328 4349 a
1361 4294 1605 4351 Domino.
1655 4295 1854 4352 Sedulo
1901 4297 2069 4369 igitur
2117 4307 2195 4353 tu-

607 4384 779 4439 multu
802 4387 1139 4456 reversisque
1169 4389 1514 4458 praedonibus
1543 4391 1594 4444 in
1624 4406 1740 4457 sua,
1774 4392 1857 4446 vir
1882 4393 1972 4447 Dei
2006 4395 2193 4449 resedi-

602 4475 783 4533 ﬁcavit
809 4481 1093 4536 ecclesiam
1125 4499 1246 4554 qua:
1287 4482 1464 4538 fuerat
1492 4487 1802 4553 combusta;
1840 4497 1893 4543 et
1923 4505 2070 4544 more
2100 4507 2189 4545 so-

600 4571 696 4627 lito
723 4589 829 4628 non
856 4576 1105 4630 cessabat
1135 4575 1455 4632 documenta
1475 4577 1664 4634 salutis
1687 4579 1995 4648 impendere
2013 4583 2186 4653 gregi,

599 4664 951 4736 quoadusque
989 4667 1196 4736 pastori
1246 4684 1457 4724 summo
1495 4669 1747 4724 dilectam
1799 4671 2047 4726 redderet
2075 4675 2189 4728 ani-

599 4771 764 4823 mam,
795 4767 850 4813 et
899 4757 1184 4816 defunctus
1235 4760 1290 4816 in
1339 4762 1531 4817 eadem
1587 4761 1817 4818 ecclesia
1870 4774 1952 4820 est
2003 4766 2185 4837 sepul-

600 4851 708 4902 tus.

670 4941 756 4997 15.
800 4941 929 5000 Post
958 4941 1014 5000 S.
1047 4945 1320 5002 Liafuvini
1350 4933 1785 5003 obitum-iterum
1816 4949 1966 5019 impii
2015 4951 2184 5008 Saxo-

600 5045 696 5087 nes
728 5043 1077 5091 vastaverunt
1104 5038 1280 5093 locum
1306 5038 1476 5104 illum,
1509 5047 1564 5095 et
1590 5042 1985 5098 succenderunt
2012 5045 2184 5101 eccle-

599 5123 756 5190 siam,
788 5141 1089 5198 corpusque
1115 5127 1232 5197 ejus
1258 5145 1357 5198 per
1391 5139 1504 5186 tres
1527 5131 1642 5187 dies
1671 5134 2048 5203 quaesiverunt,
2083 5152 2184 5195 nec

597 5213 844 5270 invenire
868 5226 1177 5286 potuerunt.
1208 5218 1313 5275 Sed
1339 5230 1393 5275 et
1421 5223 1589 5278 abbas
1612 5223 1918 5294 Gregorius
1931 5229 2184 5299 migravit

596 5306 666 5361 ad
696 5308 981 5365 Dominum
1010 5312 1039 5352 ιι
1058 5353 1072 5378 ,
1099 5321 1150 5368 et
1183 5315 1418 5385 suscepit
1443 5331 1629 5370 curam
1657 5320 1978 5386 pastoralem
2005 5321 2183 5376 Albri-

596 5412 695 5452 cus
719 5413 886 5468 nepos
909 5399 1045 5470 ejus,
1075 5405 1167 5474 qui
1190 5405 1550 5461 venerabilem
1577 5406 1880 5478 Ludgerum
1912 5426 2034 5466 cum
2065 5428 2180 5467 ma—

595 5504 703 5561 gno
749 5489 1005 5562 diligebat
1047 5496 1257 5560 affectu,
1290 5506 1451 5567 atque
1492 5512 1616 5554 eum
1659 5498 1733 5554 ita
1768 5500 2033 5560 allocutus
2071 5513 2175 5574 est,

665 5638 693 5667 ι
713 5626 1022 5709 ,Αῃιννθι-ρη
1055 5621 1369 5688 et'Benezl.:
1402 5650 1434 5709 ‹⁸
1456 5633 1655 5709 direxit
1700 5635 2006 5709 Ludgerum
2052 5655 2177 5698 cum

591 5695 833 5768 praefatis
877 5695 1328 5770 negotiatoribus,
1365 5704 1510 5759 misit
1544 5707 1709 5762 etiam
1729 5695 1863 5770 cum
1889 5725 1955 5766 eo
1979 5720 2034 5768 et
2061 5695 2179 5770 dia:

595 5777 792 5828 conum
817 5769 998 5839 suum,
1033 5769 1252 5829 nomine
1278 5771 1460 5845 Putnl,
1490 5775 1708 5845 timens,
1729 5799 1748 5833 ι
1781 5789 1886 5838 etc.

534 5947 546 5956 ⁵
606 5961 637 5983 ο

2237 3140 2285 3206 α

2320 1900 2350 1939 a
2371 1885 2688 1968 gentilibus,
2718 1886 2813 1941 sed
2839 1894 2896 1941 et
2937 1903 3134 1958 corpus
3165 1905 3342 1944 meum
3375 1891 3520 1960 quod
3561 1891 3784 1960 quaesisti
3809 1890 3866 1944 in-

2318 1978 2505 2032 venies
2535 1979 2633 2033 sub
2657 1978 2906 2044 australi,
2924 1994 3083 2049 quem
3111 1981 3355 2046 erexisti,
3374 1983 3580 2050 pariete
3609 1983 3861 2038 humatum.

2317 2070 2597 2144 Ludgerus
2628 2072 2791 2141 igitur
2813 2089 2970 2126 mane
2994 2073 3205 2128 Domini
3238 2073 3485 2131 laudibus
3507 2077 3733 2146 expletis
3757 2079 3864 2130 inve-

2315 2163 2396 2218 nit
2426 2179 2622 2234 corpus
2649 2165 2823 2220 sancti
2856 2165 2911 2218 in
2941 2165 3058 2220 loco
3084 2166 3186 2220 sibi
3214 2167 3269 2221 in
3299 2167 3508 2224 visione
3548 2170 3802 2239 praedicto,
3825 2177 3864 2222 et

2317 2255 2538 2311 collecta
2584 2257 2925 2312 multitudine
2969 2257 3096 2312 fecit
3145 2259 3420 2320 transvehi
3462 2260 3626 2315 bases
3673 2260 3861 2331 ejusdem

2315 2348 2528 2404 :ediﬂcii
2560 2349 2613 2416 in
2644 2358 2853 2418 partem
2887 2350 3200 2417 australem,
3238 2359 3292 2405 et
3321 2351 3393 2404 ita
3433 2351 3575 2406 infra
3624 2352 3859 2406 ecclesiam

2316 2442 2533 2513 collegit
2557 2444 2864 2511 sepulcrum
2898 2441 3001 2496 viri
3047 2442 3162 2498 Dei.
3193 2441 3437 2498 Perfecta
3468 2443 3654 2514 itaque
3681 2431 3755 2498 εει
3777 2444 3858 2512 ipsa

2315 2537 2544 2593 ecclesia
2592 2545 3026 2602 etvconsecrata,
3079 2552 3199 2606 qua:
3244 2553 3521 2607 nunquam
3577 2538 3806 2607 deinceps
3837 2552 3859 2589 a

2313 2629 2602 2700 gentilibus
2630 2627 2804 2682 fuerat
2832 2629 3216 2684 contaminata.
3267 2629 3372 2684 Sed
3409 2630 3464 2684 in
3511 2629 3632 2685 loco
3679 2629 3760 2684 illo
3787 2643 3860 2698 per

2313 2737 2528 2776 servum
2559 2737 2711 2777 suum
2753 2722 3096 2777 Liafuvinum
3132 2723 3388 2778 Dominus
3427 2723 3630 2780 multas
3675 2725 3859 2778 virtutes

2313 2821 2569 2882 operatur
2615 2828 2786 2882 usque
2827 2815 2881 2867 in
2921 2814 3242 2869 hodiernum
3290 2815 3453 2878 diem,
3487 2816 3578 2870 ubi
3615 2825 3696 2870 est
3733 2815 3856 2870 etiam

2312 2920 2455 2960 nunc
2527 2905 2834 2960 emnobium
2904 2906 3289 2961 canonieorum
3341 2905 3573 2961 Domino
3639 2905 3859 2961 famulan-

2315 2995 2472 3051 tium.

2388 3088 2474 3142 15.
2511 3088 2640 3144 Post
2677 3090 2793 3144 haec
2822 3089 2970 3144 misit
2997 3089 3246 3145 Albricus
3274 3090 3586 3162 Ludgerum
3611 3099 3787 3146 etcum
3809 3105 3860 3144 eo

2315 3185 2449 3240 alios
2492 3201 2678 3240 servos
2697 3185 2802 3239 .Dei
2834 3193 2892 3238 ut
2923 3184 3263 3239 destruerent
3293 3184 3417 3240 fana
3455 3187 3692 3249 deorum,
3717 3193 3762 3239 et
3788 3198 3854 3236 va-

2312 3276 2421 3330 rias
2464 3272 3016 3330 culturas'idolorum
3051 3276 3106 3330 in
3155 3286 3312 3347 gente
3353 3277 3668 3334 Fresonum.
3698 3278 3761 3331 At
3799 3273 3863 3330 illi

2303 3366 2454 3437 jussa
2475 3367 2806 3436 complentes
2817 3366 3112 3422 attulerunt
3131 3383 3383 3439 magnum
3405 3371 3699 3425 thesaurum
3715 3377 3858 3422 eumc

2308 3475 2470 3530 quem
2508 3462 2563 3516 in
2598 3461 2837 3515 delubris
2874 3461 3220 3528 invenerant,
3249 3478 3314 3517 ex
3345 3479 3454 3533 quo
3477 3463 3683 3519 Carolus
3707 3463 3861 3533 impe-

2309 3563 2480 3613 rator,
2501 3556 2634 3610 duas
2680 3563 2864 3624 partes
2908 3555 3136 3625 accepit,
3166 3556 3380 3611 tertiam
3411 3572 3542 3612 vero
3584 3564 3776 3626 partem
3806 3551 3862 3606 ad

2307 3664 2438 3704 usus
2469 3663 2596 3703 suos
2625 3646 2906 3702 Albrieum
2939 3648 3180 3717 recipere
3206 3650 3483 3720 praecepit.

2376 3744 2628 3799 Albrieus
2653 3749 2835 3797 autem
2861 3756 2986 3796 cum
3018 3744 3071 3797 in
3096 3743 3315 3799 Colonia
3344 3743 3571 3816 gradum
3600 3741 3861 3810 accepisset

2305 3837 2685 3909 episcopalem,
2719 3835 2845 3892 fecit
2885 3847 2940 3892 et
2984 3835 3291 3906 Ludgerum
3345 3850 3532 3891 secum
3575 3828 3863 3903 presbyterii

2302 3931 2580 4002 percipere
2607 3930 2850 3999 gradum,
2878 3939 2935 3984 et
2959 3929 3239 3983 constituit
3262 3943 3384 3982 eum
3416 3927 3694 3981 doctorem
3715 3921 3859 3978 eccle-

2302 4023 2396 4077 siae
2424 4023 2476 4076 in
2520 4038 2680 4093 pago,
2711 4024 2797 4078 cui
2824 4040 3018 4080 nomen
3050 4025 3313 4080 OStrache
3346 4023 3421 4096 (id
3444 4033 3556 4087 est,
3584 4018 3858 4091 Ostergau).

2300 4113 2353 4168 in
2385 4115 2504 4170 loco
2529 4117 2617 4170 ubi
2645 4126 2863 4174 sanctus
2904 4118 3213 4174 Bonifacius
3245 4119 3508 4189 martyrio
3538 4127 3622 4173 est
3661 4127 3860 4171 corona-

2300 4218 2405 4264 tus.
2440 4210 2736 4281 Divisitque
2764 4211 2905 4265 idem
2945 4212 3197 4266 Albricus
3238 4227 3436 4265 annum
3468 4210 3524 4264 in
3546 4207 3861 4264 distributio-

2297 4317 2394 4356 nes
2438 4311 2692 4372 quatuor,
2723 4305 2796 4359 ita
2826 4315 2885 4360 ut
2917 4305 2970 4360 in
3001 4304 3250 4374 Trajecto
3289 4307 3618 4362 monasterio
3643 4321 3750 4377 pra:
3776 4318 3859 4358 ae-

2297 4393 2427 4448 teris
2451 4395 2754 4465 praepositis
2795 4397 2911 4467 ipse
2943 4397 2995 4452 in
3025 4407 3267 4468 tempore
3307 4399 3514 4454 vemali
3543 4400 3596 4453 in
3627 4397 3860 4454 doctrinae

2296 4486 2471 4542 studio
2512 4496 2567 4542 et
2619 4502 2821 4545 sancta:
2867 4493 3292 4547 conversationis
3323 4502 3576 4563 praeesset
3624 4491 3858 4546 fratribus

2296 4591 2508 4632 menses
2563 4589 2696 4646 tres,
2727 4582 2919 4638 deinde
2962 4593 3083 4654 post.
3131 4599 3253 4640 eum
3309 4584 3363 4640 in
3413 4595 3601 4642 aestate
3646 4585 3858 4654 Adalger

2294 4671 2575 4741 presbyter
2597 4674 2648 4727 in
2676 4675 2794 4730 vice
2821 4691 2916 4730 sua
2943 4692 3158 4733 menses
3189 4686 3321 4745 tres,
3352 4689 3476 4750 post
3503 4680 3643 4734 hunc
3664 4676 3854 4746 Ludge-

2296 4775 2389 4816 rus
2433 4765 2716 4835 presbyter
2746 4782 2959 4824 menses
2991 4779 3102 4824 tres
3122 4811 3136 4836 ,
3169 4769 3364 4826 deinde
3391 4771 3445 4826 in
3475 4770 3652 4827 hieme
3686 4771 3854 4826 Thiat-

2289 4853 2415 4910 brat
2441 4859 2722 4929 presbyter
2746 4876 2958 4918 menses
2985 4871 3114 4919 tres.

2363 4946 2449 5000 16.
2489 4947 2767 5020 Ludgerus
2792 4951 2958 5022 igitur
2991 4955 3042 5008 in
3071 4956 3262 5011 ordine
3282 4957 3418 5013 vicis
3447 4973 3559 5013 suae
3597 4953 3853 5012 nocturnis

2287 5042 2624 5110 temporibus
2647 5054 2768 5114 post
2793 5047 3146 5115 psalmodiam
3174 5058 3230 5106 et
3255 5052 3552 5118 orationes,
3581 5066 3711 5122 quas
3731 5063 3840 5104 sem

2284 5145 2382 5200 per
2406 5145 2714 5202 amaverat,
2742 5137 2795 5191 in
2828 5139 3026 5195 solario
3056 5142 3301 5196 ecclesia:
3334 5143 3508 5198 sancti
3553 5138 3852 5202 Salvatoris.

2285 5237 2446 5292 quam
2497 5237 2717 5283 sanctus
2764 5228 3147 5289 Willibrordus
3199 5233 3577 5302 conﬂuxerat,
3631 5233 3852 5290 membra

2283 5316 2453 5384 quieti
2479 5318 2606 5374 dare
2653 5330 3027 5390 consueverat,
3061 5326 3150 5380 ubi
3179 5326 3225 5380 ti
3255 5335 3416 5383 nocte
3445 5328 3673 5398 quadam
3700 5337 3850 5378 vene-

2285 5407 2472 5462 rabilis
2488 5411 2657 5466 abbas
2677 5411 2967 5484 Gregorius
2989 5433 3086 5487 per
3111 5419 3368 5474 visionem
3390 5421 3638 5491 apparuit
3657 5418 3851 5474 dicens:

2282 5499 2474 5556 Frater
2493 5503 2761 5576 Ludgere,
2777 5522 3005 5577 sequere
3029 5525 3151 5578 me;
3190 5527 3352 5582 quem
3379 5512 3509 5568 dum
3538 5513 3649 5582 ipse
3670 5521 3851 5578 sequi"

2351 5641 2382 5682 δ
2419 5641 2740 5714 Gregorium
2763 5646 3011 5703 abbatem
3040 5665 3183 5706 anno
3201 5650 3303 5706 776
3325 5652 3621 5710 decessisse
3645 5649 3852 5706 demon-

2281 5721 2523 5790 strarunt
2556 5715 2744 5771 Patres
2769 5718 3229 5790 Aptwerpienses.

2355 5797 2377 5825 ο
2413 5784 2693 5890 An'twerp.
2725 5796 2782 5846 et
2803 5784 3030 5862 Bened.)
3053 5794 3122 5847 ei.
