4012 6364
146 400 259 469 -νη

148 630 341 673 coram
386 627 454 668 eo
496 611 861 682 particulatim
909 611 1061 681 quasi
1109 612 1452 666 membranas
1480 617 1535 665 et
1571 610 1739 667 vesti-

148 715 460 763 mentorum
507 713 707 775 partes,
736 714 791 760 et
822 702 1218 775 dixit:Collige
1260 719 1327 759 ex
1367 705 1447 759 eis
1491 718 1733 759 acervos.

148 802 398 871 Cumque
423 805 807 870 congregasset
834 813 902 853 ex
938 797 1016 852 eis
1040 804 1152 851 tres
1181 796 1435 861 tumulos,
1469 796 1604 851 dixit
1645 796 1694 851 ei
1720 813 1733 851 :

148 892 427 947 Distribue
452 891 555 946 ista
582 892 721 947 bene
758 892 812 946 in
842 906 1004 962 opere
1030 890 1243 945 Domini
1275 898 1330 945 et
1355 907 1455 962 ego
1482 891 1579 946 tibi
1608 892 1740 947 satis

149 983 323 1049 dabo;
353 990 408 1037 et
434 984 666 1055 signavit
691 998 815 1038 eum
845 984 1119 1055 signaculo
1146 984 1324 1039 crucis
1362 992 1418 1039 et
1457 983 1737 1040 abscessit.

148 1075 396 1146 Cumque
448 1093 609 1132 mane
650 1076 793 1133 facto
837 1079 1111 1135 retulisset
1143 1077 1411 1134 somnium
1453 1078 1742 1148 praeposito

149 1168 469 1223 monasterii
512 1167 738 1224 Haldoni
775 1170 993 1225 nomine
1028 1179 1082 1225 et
1110 1168 1320 1225 custodi
1349 1169 1590 1224 ecclesia:
1620 1186 1744 1225 san-

150 1260 339 1316 ctitate
364 1262 588 1332 pratdito
606 1262 949 1331 Marchelmo,
975 1263 1129 1334 cujus
1152 1264 1398 1333 superius
1420 1265 1741 1319 memoriam

150 1352 254 1409 feci
283 1372 295 1407 :
325 1353 611 1409 confestim
635 1353 997 1413 Marchelmus
1023 1356 1089 1411 ad
1115 1357 1231 1410 hazc
1262 1370 1326 1409 ea
1350 1369 1469 1425 qua:
1494 1355 1744 1425 probavit

153 1447 230 1501 rei
263 1455 509 1513 eventus,
544 1462 769 1504 exorsus
797 1457 902 1515 est,
951 1449 1134 1504 dicens
1164 1467 1174 1501 :
1204 1447 1341 1503 Tres
1370 1448 1581 1514 tumuli,
1609 1464 1745 1519 quos

152 1540 517 1610 congregasti,
540 1540 702 1595 trium
733 1549 858 1595 sunt
877 1541 1241 1611 gubernacula
1267 1541 1527 1611 plebium,
1551 1542 1747 1611 quibus

155 1631 331 1686 adhuc
354 1631 616 1701 pastorali
646 1633 906 1703 regimine
950 1642 1001 1689 te
1026 1626 1245 1704 Oportet
1269 1650 1521 1705 prteesse.
1560 1634 1630 1689 At
1660 1635 1748 1691 ille

156 1721 291 1775 dixit
315 1736 330 1775 :
354 1722 576 1778 Utinam
612 1723 667 1777 in
698 1723 817 1779 loco
842 1724 974 1779 mihi
1009 1725 1216 1781 credito
1254 1726 1488 1796 aliquem
1520 1726 1748 1783 Domino

156 1810 391 1866 fructum
434 1813 731 1883 perficiam.
767 1814 866 1870 llic
896 1815 1063 1869 etiam
1092 1816 1401 1887 Ludgerus,
1431 1818 1664 1888 qualiter
1694 1818 1747 1873 in

1468 394 1653 463 ACTA
1688 401 1746 460 S.
1786 400 2110 462 LUDGEBI.

144 526 325 586 retur,
364 515 607 574 ascendit
634 516 691 573 in
737 507 1149 575 eminentiorem
1176 497 1376 584 locum,
1399 514 1736 588 iactavitque
1762 520 1816 580 Α

3309 406 3415 470 7'18

1913 516 2115 572 Ultima
2145 505 2441 587 cespitibus
2471 515 2590 571 istis
2617 505 2844 589 vestigia
2872 506 3141 589 linquens.

1912 608 2126 664 Suadeo
2148 625 2267 679 quae
2293 618 2511 680 propter
2541 618 2765 664 curvato
2793 609 2995 680 poplite
3022 610 3268 682 supplex,

1912 699 1990 753 Tu
2018 700 2345 771 quicumque
2373 701 2525 772 legis,
2560 702 2719 756 terris
2748 702 2832 757 his
2861 704 3045 758 oscula
3086 703 3207 776 fige.

1913 790 2048 863 Spes
2082 794 2180 850 tibi
2206 809 2401 867 magna
2429 794 2525 849 ﬂat
2555 792 2757 867 [Forte,
2792 794 2906 867 fiet]
2938 795 3209 869 lacrymas
3234 814 3427 855 ascen-

2668 936 2673 941 .
2978 889 3129 963 [dere
3153 892 3357 950 malum

1915 977 2053 1035 Hinc
2078 981 2315 1051 potuisse
2352 990 2474 1038 tuas
2501 982 2663 1038 fultas
2691 984 3009 1055 patronibus
3034 997 3053 1025 ε
3088 986 3226 1042 istis.

1916 1071 2008 1127 Sic
2034 1074 2254 1129 manett1
2284 1074 2372 1129 ille
2403 1091 2564 1130 cruor
2598 1087 2793 1132 cuncto
2818 1077 3104 1147 pretiosior
3132 1096 3289 1147 auro,

1918 1165 2267 1238 Membraque
2293 1170 2501 1225 cmlesti
2530 1188 2654 1227 rore
2678 1173 2767 1227 hic
2793 1172 3008 1243 perfusa
3040 1174 3343 1243 quiescunt.

1914 1257 2144 1326 Adjuvat
2166 1259 2291 1314 hinc
2315 1260 2511 1315 Paulus
2537 1262 2746 1327 doctor,
2770 1263 3077 1320 Bonifacius
3107 1265 3250 1332 inde,

1916 1348 2043 1405 Htec
2075 1350 2177 1406 illis
2200 1352 2414 1421 quando
2441 1362 2655 1409 constat
2680 1354 2839 1409 simul
2869 1355 2989 1409 aula
3017 1356 3215 1411 dicata.

1923 1443 2007 1498 18.
2038 1442 2281 1514 Cumque
2323 1446 2408 1500 vir
2433 1446 2528 1501 Dei
2556 1448 2837 1519 Ludgerus
2882 1450 2935 1503 in
2981 1452 3171 1505 eadem
3220 1451 3440 1523 regione

1850 1533 2007 1589 annis
2050 1534 2165 1591 fere
2211 1545 2418 1606 septem
2466 1538 2521 1592 in
2567 1538 2827 1593 doctrinae
2858 1539 3037 1595 studio
3084 1541 3438 1610 persisteret,

1850 1627 2190 1682 consurrexit
2226 1630 2378 1683 radix
2424 1628 2646 1686 sceleris
2671 1630 2959 1686 Wutukint
2999 1632 3106 1686 (lux
3156 1632 3433 1689 Saxonum

1850 1724 2075 1772 eatenus
2098 1718 2403 1789 gentilium,
2421 1721 2617 1775 evertit
2630 1720 2897 1777 Fresones
2919 1737 2950 1775 a
2965 1721 3051 1776 via
3066 1722 3161 1776 Dei
3184 1723 3434 1779 combus-

1852 1812 2029 1883 sitquc
2058 1814 2315 1869 ecclesias
2350 1823 2407 1870 et
2429 1816 2636 1887 expulit
2658 1815 2754 1870 Dei
2794 1815 3026 1871 famulos
3068 1826 3121 1870 ct
3157 1832 3326 1885 usque
3374 1817 3445 1872 ad

156 1914 316 1976 gente
348 1905 649 1963 Fresonum
689 1915 933 1978 optatum
958 1910 1366 1981 evangelizandi
1410 1912 1747 1967 exercuisset
1774 1891 1825 1955 Β
1850 1904 1979 1960 F'eo
2001 1904 2222 1961 ﬂuvium
2243 1904 2373 1962 fecit
2396 1906 2664 1963 Fresones
2683 1908 2886 1963 Christi
2926 1909 3088 1964 fidem
3117 1910 3443 1978 relinquere,

157 1997 418 2066 ofﬁcium,
445 2009 501 2055 et
544 2000 752 2055 semina
799 2002 922 2057 vitm
967 2017 1213 2073 supernae
1242 2004 1430 2075 gratiae
1458 2020 1582 2061 rore
1618 1994 1751 2061 irri-

158 2101 351 2164 gante,
382 2093 439 2149 in
477 2094 623 2166 agris
650 2093 942 2150 multorum
973 2096 1214 2151 cordium
1245 2097 1313 2152 ad
1342 2096 1458 2167 ejus
1486 2099 1749 2169 praedica-

159 2187 362 2242 tionem
390 2186 665 2243 uberrime
688 2188 1062 2258 pullulassent,
1095 2199 1261 2247 testes
1290 2201 1419 2247 sunt
1457 2209 1625 2263 usque
1657 2194 1753 2249 ho-

162 2278 248 2333 die
291 2277 478 2349 pOpuli
508 2279 743 2359 regionis
788 2280 951 2359 illius,
981 2282 1123 2351 quod
1153 2284 1221 2338 ad
1250 2284 1492 2339 veritatis
1521 2286 1755 2357 agnitio-

159 2386 280 2425 nem
298 2386 330 2424 a
344 2371 526 2440 prisco
555 2356 827 2427 revocavit
840 2356 1025 2429 errore
1041 2392 1054 2441 ;
1080 2383 1247 2432 testes
1262 2368 1475 2448 quoque
1490 2356 1751 2446 ecclesiae,

162 2477 297 2531 quas
322 2477 423 2532 per
448 2463 565 2518 loca
596 2463 804 2535 singula
826 2467 1157 2534 construxit;
1187 2476 1353 2525 testes
1395 2478 1448 2525 et
1486 2471 1753 2527 famulan-

166 2556 299 2610 tium
346 2556 459 2613 Deo
484 2558 948 2631 congregationes,
974 2576 1109 2633 quas
1134 2562 1404 2634 aliquibus
1433 2566 1757 2621 coadunavit

167 2652 221 2707 in
252 2653 409 2709 locis.

232 2772 320 2826 l7.
355 2771 453 2828 Cui
483 2772 645 2829 etiam
687 2773 1057 2831 testimonium
1085 2775 1362 2849 perhibuit
1402 2778 1625 2849 quidam
1666 2775 1758 2830 Al-

166 2865 310 2920 cuini
343 2866 641 2936 discipulus
690 2881 716 2909 ιι
750 2869 999 2925 versibus
1029 2870 1263 2926 heroicis
1293 2871 1422 2926 talia
1452 2869 1715 2927 mandans
1742 2886 1756 2901 ·

232 2955 430 3013 Frater
457 2974 643 3015 amore
670 2957 766 3015 Dei
794 2970 1025 3033 cognato
1054 2962 1263 3017 dulcior
1286 2962 1435 3018 omni

234 3047 305 3105 Et
326 3052 748 3123 consanguineis
774 3055 971 3109 merito
998 3055 1286 3125 pretiosior
1313 3056 1462 3126 ipsis.

233 3136 451 3210 Ludger
475 3149 653 3197 amate
684 3142 838 3210 mihi,
862 3143 1066 3199 Christi
1098 3152 1148 3199 te
1177 3145 1351 3216 gratia
1381 3144 1584 3201 salvet:

234 3229 373 3286 Vive
403 3239 513 3287 tua:
538 3234 714 3304 gentis
736 3234 1038 3291 Fresonum
1069 3237 1217 3291 clara
1241 3236 1513 3303 columna,

235 3321 537 3397 Presbyter
563 3326 804 3383 occiduis
842 3328 1128 3385 laudabilis
1156 3330 1306 3386 orbis
1337 3331 1390 3385 in
1415 3331 1548 3396 oris,

236 3415 467 3485 Doctus,
499 3418 556 3474 in
576 3418 791 3490 eloquio
815 3421 1073 3490 prudens,
1108 3430 1162 3477 ct
1188 3430 1369 3478 mente
1396 3421 1727 3493 profundus;

236 3509 360 3581 Ipse
390 3511 618 3581 gradum
645 3513 856 3568 meritis
883 3529 1068 3579 ornas,
1098 3523 1153 3571 ct
1174 3514 1416 3570 moribus
1445 3515 1622 3571 almis.

242 3601 320 3657 Et
344 3619 499 3673 puer,
525 3619 614 3671 en,
640 3606 861 3661 senibus
887 3606 1077 3661 humili
1104 3608 1170 3662 de
1199 3607 1362 3665 corde
1384 3607 1693 3664 ministras:

246 3694 316 3750 Et
338 3711 627 3767 germanus
669 3699 786 3769 agis
820 3700 1030 3755 cunctis
1054 3700 1355 3770 aequalibus
1383 3716 1531 3757 tevo:

237 3786 424 3857 Atque
445 3804 643 3859 parens
668 3790 853 3861 pueris
878 3791 1003 3846 vitae
1032 3792 1355 3848 documenta
1386 3791 1657 3864 rependis.

238 3880 298 3935 In
331 3880 529 3937 melius
553 3870 865 3949 cres'cendo,
896 3885 1003 3940 mei
1028 3900 1238 3941 memor
1267 3894 1405 3953 esto,
1436 3886 1713 3953 sacerdos,

240 3970 297 4025 ln
329 3971 697 4043 precibusque
727 3976 835 4031 tuis
860 3977 1205 4033 commendes
1232 3973 1415 4048 quaeso
1440 3977 1674 4033 Tonanti

241 4061 338 4117 llis
366 4063 629 4120 brevibus
650 4075 851 4134 vatem,
880 4069 971 4139 qui
1005 4077 1056 4125 te
1087 4070 1409 4137 laudavitin
1438 4072 1587 4140 odis;

242 4152 343 4209 Cui
371 4155 564 4211 teretis
586 4157 763 4213 baculi
790 4175 891 4229 pro
932 4161 1025 4216 tali
1056 4163 1298 4218 carmine
1321 4164 1524 4219 donum

242 4246 535 4303 Muniﬂcus
559 4249 789 4306 tribuas.
818 4250 954 4307 Fors
978 4254 1093 4310 haec
1118 4254 1428 4309 mercedula
1457 4255 1568 4310 vati

242 4338 560 4396 Concordat
588 4343 820 4398 modico.
848 4344 998 4399 Felix
1028 4346 1145 4402 sine
1172 4346 1280 4403 fine
1308 4346 1505 4403 valeto.

243 4432 343 4489 Hic
369 4433 397 4472 δ
419 4433 587 4489 Pater
617 4436 865 4507 egregius
899 4438 1109 4493 meritis
1136 4438 1447 4494 Bonifacius
1469 4438 1626 4497 almis

242 4520 384 4577 Cum
411 4526 578 4577 sociis
600 4529 805 4592 pariter
828 4529 1087 4587 fundebat
1115 4532 1394 4602 sanguinis
1417 4533 1636 4601 undam,

242 4612 454 4685 Inclyta
484 4614 731 4686 martyrii
766 4627 1044 4673 sumentes
1074 4628 1361 4676 stemmata
1393 4623 1554 4677 sacri.
1656 4666 1659 4667 ν

243 4705 422 4761 Terra
451 4706 610 4761 beata
636 4708 796 4789 nimis
825 4704 1137 4766 sanctorum
1166 4713 1426 4783 sanguine
1456 4714 1626 4780 dives,

246 4797 579 4856 Transvolat
606 4802 733 4859 hinc
758 4803 929 4859 victor
957 4804 1112 4860 miles
1139 4804 1205 4860 ad
1232 4807 1454 4876 praemia
1485 4807 1626 4873 coeli,

246 4944 271 4972 ε
303 4933 392 4988 Ex
435 4934 630 5009 indice
671 4938 909 5007 capitum
952 4945 1100 5009 patet
1148 4937 1441 5009 Josephum
1486 4940 1775 5008 quemdam

184 5016 295 5080 esse
312 5006 809 5080 auctoremghorum
832 5006 1106 5080 versuum.
1138 5010 1204 5064 Et
1227 5006 1417 5065 Sdrius
1442 5006 1655 5080 quoque
1680 5027 1776 5066 no-

186 5081 257 5151 tat
284 5076 336 5130 in
358 5092 499 5151 _ms._
518 5077 836 5151 codicelegi
861 5098 873 5133 :
920 5076 1111 5133 Versus
1134 5080 1346 5151 Joseph.
1384 5076 1543 5135 Certe
1570 5076 1774 5151 Ioseph

185 5147 317 5199 inter
340 5147 565 5202 Alcuini
589 5147 887 5222 discipulos
922 5147 1293 5221 computatur,
1333 5160 1393 5205 ut
1419 5160 1566 5222 patet
1598 5168 1665 5206 ex
1702 5147 1775 5206 iis

184 5229 296 5282 qua:
479 5234 552 5293 _iv
584 5219 951 5293 Benedictino,
986 5219 1141 5291 parte
1173 5239 1211 5288 ι,
1241 5222 1296 5277 in
1324 5219 1511 5293 Elogio
1534 5222 1772 5291 Alcuini,

183 5299 299 5357 pag.
322 5288 445 5354 180,
477 5290 534 5344 in
558 5292 795 5346 medium
818 5288 1134 5348 afferuntur.

253 5397 282 5437 ιδ
332 5398 398 5453 In
446 5400 785 5476 editionihus
815 5404 952 5459 Vitae
981 5402 1039 5459 S.
1066 5403 1321 5476 Ludgeri,
1366 5419 1501 5475 quas
1528 5405 1778 5460 Antvver-

184 5468 402 5538 pienses
430 5478 489 5546 et
514 5469 851 5546 Benedictini
892 5468 1276 5540 procurarunt,
1307 5468 1496 5531 versus
1544 5492 1777 5546 sequen-

186 5546 266 5593 tes
305 5556 337 5593 a
361 5541 643 5611 prioribus
673 5540 1095 5611 distinguuntur,
1126 5553 1180 5596 et
1201 5554 1326 5595 ante
1354 5563 1571 5600 versum
1612 5540 1639 5600 ε’
1673 5546 1777 5599 llic

184 5618 331 5682 pater
357 5611 618 5682 egregius,
642 5620 771 5677 etc.,
804 5613 964 5666 talem
994 5611 1205 5665 titulum
1233 5613 1466 5680 positum
1496 5614 1776 5667 invenere:

202 5676 627 5753 Versus-Alcuini
653 5682 717 5736 de
746 5676 961 5737 ecclesia
984 5676 1251 5753 Luitgert':
1271 5683 1372 5748 Qui
1403 5685 1566 5739 etiam
1596 5684 1782 5739 titulus

186 5753 430 5824 praeponi
461 5751 661 5824 debere
681 5754 915 5824 videtur.
967 5751 1282 5824 Namfprius
1307 5770 1528 5809 carmen
1562 5753 1781 5824 Iosephi

188 5818 379 5892 ﬁnitur
407 5822 463 5877 in
487 5823 668 5879 verbis
693 5841 705 5875 :
731 5822 888 5878 Felix
910 5825 1021 5878 sine
1046 5818 1150 5892 ﬁne
1175 5823 1361 5879 valeto.
1392 5825 1460 5882 Et
1480 5818 1785 5883 novum-in-

186 5890 325 5965 cipit
350 5892 412 5949 in
431 5894 611 5952 verbis
634 5912 648 5949 :
675 5893 777 5949 llic
802 5904 951 5967 pater
976 5890 1235 5965 egregius,
1260 5904 1365 5952 etc.

610 6032 887 6133 Partica.
914 6031 1141 6117 .XCIX

1854 2008 1910 2055 et
1953 1998 2233 2054 immolare
2278 2000 2434 2055 idolis
2490 1998 2647 2069 juxta
2711 2017 2918 2056 morem
2965 2002 3167 2055 erroris
3209 2000 3442 2070 pristini.

1856 2090 1962 2148 Sed
1985 2101 2039 2147 et
2062 2092 2313 2148 Albricus
2344 2092 2628 2163 episcopus
2680 2093 2734 2147 in
2764 2093 2878 2163 ipsa
2905 2108 3159 2163 perversa
3203 2106 3448 2146 commo-

1856 2184 2002 2242 tione
2031 2182 2284 2257 migravit
2326 2186 2393 2241 ad
2418 2186 2727 2241 Dominum.
2776 2186 2926 2241 Tunc
2950 2186 3230 2256 Ludgcrus
3256 2200 3448 2241 neces-

1854 2280 2017 2335 sitate
2065 2277 2373 2349 compulsus
2411 2279 2648 2334 deseruit
2692 2287 2877 2349 partes
2922 2278 3061 2343 illas,
3089 2286 3144 2333 et
3188 2278 3449 2347 disposita

1856 2373 2013 2426 turba
2061 2371 2466 2441 discipulorum,
2493 2371 2626 2427 duos
2675 2386 2741 2425 cx
2788 2371 2869 2425 eis
2914 2386 3096 2425 secum
3134 2385 3445 2434 assumens,

1854 2463 2233 2534 llildigrimum
2274 2463 2478 2519 scilicet
2507 2479 2826 2535 germanum
2851 2460 2986 2531 ejus,
3016 2472 3065 2517 et
3096 2461 3447 2526 Gerbertum,

1855 2556 1949 2626 qui
1996 2556 2481 2625 cognominabatur
2510 2555 2722 2621 Castus,
2758 2555 2998 2625 perrexit
3028 2555 3257 2609 Romam
3303 2565 3349 2619 ε,
3393 2560 3451 2607 et

1858 2648 1984 2704 inde
2006 2646 2357 2719 progrediens
2384 2647 2632 2717 pervenit
2677 2646 2746 2701 ad
2772 2646 3163 2701 monasterium
3194 2644 3251 2698 S.
3280 2643 3453 2698 Bene-

1859 2741 1991 2797 dicti
2020 2740 2076 2797 in
2106 2756 2272 2812 regno
2294 2740 2683 2807 Beneventino,
2712 2748 2768 2795 et
2797 2740 2906 2794 illic
2936 2740 2989 2794 in
3016 2747 3203 2794 sancta
3228 2753 3454 2793 conver-

1861 2834 2072 2889 satione
2122 2832 2424 2888 consistens
2470 2832 2659 2888 didicit
2702 2832 2944 2901 regulam
2991 2830 3232 2900 ejusdem
3280 2829 3455 2885 sancti

1860 2924 2040 2981 Patris
2067 2924 2367 2979 Benedicti.
2400 2923 2532 2977 Erat
2559 2923 2704 2978 enim
2752 2922 2977 2991 cupiens
3017 2920 3331 2975 hmreditate
3358 2935 3455 2974 sua

1862 3016 2173 3073 coenobium
2198 3024 2515 3071 construere
2558 3014 2968 3077 monachorum,
2992 3014 3137 3082 quod
3162 3012 3237 3066 ita
3263 3020 3455 3081 postea

1866 3110 2097 3166 Domino
2124 3109 2423 3181 Opitulante
2452 3124 2773 3165 concessum
2803 3115 2887 3164 est
2928 3107 2985 3162 in
3011 3106 3130 3162 loco
3168 3106 3261 3176 qui
3295 3122 3458 3162 voca-

1868 3212 1959 3259 tur
1986 3204 2304 3261 Vuerthina.
3087 3204 3094 3211 '

1942 3320 2029 3397 lg
2054 3317 2186 3374 Post
2210 3318 2345 3373 duos
2371 3316 2533 3388 igitur
2558 3331 2729 3371 annos
2754 3323 2809 3370 et
2833 3329 3046 3371 menses
3081 3328 3176 3369 sex
3209 3329 3461 3369 reversus

1869 3419 1953 3466 est
1983 3412 2051 3466 ad
2075 3410 2304 3481 patriam
2331 3423 2506 3474 suam,
2534 3416 2590 3463 et
2618 3407 2865 3478 pervenit
2890 3407 3005 3474 ejus
3033 3406 3174 3459 fama
3204 3406 3279 3473 ad.
3300 3420 3461 3459 aures

1870 3502 2087 3573 gloriosi
2135 3500 2397 3571 principis
2428 3498 2625 3564 Caroli,
2654 3498 2744 3568 qui
2775 3497 3055 3552 constituit
3102 3512 3224 3550 cum
3274 3495 3463 3549 docto-

1868 3609 1985 3650 rem
2034 3593 2088 3646 in
2119 3600 2279 3662 gente
2305 3590 2602 3646 Fresonum
2634 3590 2702 3643 ab
2730 3588 2981 3643 orientali
3026 3595 3181 3657 parte
3225 3585 3464 3641 ﬂuminis

1868 3683 2070 3741 Labeki
2105 3683 2123 3722 τ
2168 3698 2330 3752 super
2355 3696 2523 3752 pagos
2545 3679 2784 3749 quinque
2806 3692 3037 3749 quorum
3073 3677 3186 3731 haec
3213 3686 3337 3730 sunt
3366 3691 3462 3730 vo-

1870 3775 2061 3833 cabula
2088 3777 2152 3827 κε
2185 3772 2547 3845 llugmerchi,
2599 3770 2887 3841 Hunusga,
2931 3768 3169 3839 Fuulga,
3222 3766 3461 3837 Emisga,

1868 3870 2095 3941 Fedirga
2120 3877 2175 3924 et
2202 3884 2362 3923 unam
2388 3865 2636 3931 insulam,
2663 3881 2782 3935 qua:
2806 3864 3004 3918 dicitur
3016 3862 3174 3916 Bant.
3189 3861 3308 3931 Ipse
3330 3875 3460 3915 vero

1870 3977 1999 4017 cura
2016 3959 2223 4025 solerti,
2238 3958 2495 4014 doctrina:
2510 3943 2718 4012 Domini
2737 3954 2885 4026 gregi
2914 3954 3016 4009 sibi
3040 3952 3239 4008 tradito
3257 3951 3459 4006 ﬂuenta

1868 4053 2179 4109 ministrare
2208 4051 2443 4117 studuit,
2475 4050 2601 4105 fana
2627 4050 2929 4114 destruere,
2960 4056 3015 4103 et
3042 4063 3228 4103 omnes
3257 4046 3461 4102 erroris

1868 4148 2083 4220 pristini
2137 4146 2357 4201 abluere
2410 4145 2615 4201 sordes.
2666 4142 2891 4198 Curavit
2949 4157 3164 4212 quoque
3231 4141 3461 4196 ulterius

1870 4240 2129 4295 doctrina:
2151 4239 2401 4293 derivare
2430 4235 2669 4299 ﬂumina,
2694 4243 2749 4289 et
2778 4234 2999 4289 consilio
3030 4234 3098 4287 ab
3129 4233 3459 4302 imperatore

1872 4341 2092 4403 accepto
2136 4329 2509 4387 transfretavit
2556 4329 2611 4383 in
2663 4328 2896 4384 confinio
2936 4327 3232 4382 Fresonum
3296 4333 3459 4394 atque

1872 4424 2146 4479 Danorum
2185 4424 2252 4478 ad
2281 4424 2567 4493 quamdam
2616 4421 2845 4476 insulam
2897 4436 3016 4489 qum
3056 4435 3086 4472 a
3117 4416 3333 4473 nomine
3360 4417 3457 4471 Dei

1873 4516 1956 4568 sui
2002 4513 2120 4568 falsi
2166 4514 2380 4580 Fosete,
2428 4512 2766 4569 Foscteslant
2810 4513 2837 4551 ιι
2877 4520 2961 4565 est
3011 4509 3297 4581 appellata.
3357 4508 3457 4563 Cui

1798 4624 1853 4687 ι)
1877 4622 1997 4662 cum
2021 4605 2321 4677 navigando
2340 4607 2877 4678 appropinquassent,
2896 4611 3085 4658 tenens
3111 4603 3163 4655 in
3179 4618 3339 4655 manu
3362 4618 3461 4657 sua

1878 4713 2119 4764 crucem,
2146 4707 2200 4753 et
2235 4699 2303 4752 ad
2326 4698 2611 4753 Dominum
2650 4710 2839 4767 preces
2884 4710 3007 4749 cum
3050 4693 3300 4747 laudibus
3340 4694 3462 4747 fun-

1877 4791 2030 4857 dens,
2060 4790 2330 4857 viderunt,
2372 4790 2463 4859 qui
2501 4789 2555 4843 in
2601 4803 2667 4842 ea
2710 4786 2833 4842 navi
2856 4793 3034 4852 erant,
3056 4784 3339 4855 caliginem
3383 4793 3463 4839 te-

1932 4938 1974 4967 «c
2006 4927 2303 4982 lnclinante
2331 4925 2622 4981 Latinitate
2658 4924 2822 4980 etiam
2865 4938 3006 4994 saepe
3033 4921 3340 4977 diaconibus
3383 4921 3471 4977 di-

1880 5005 2031 5065 cunt,
2062 5014 2161 5068 pro
2191 4998 2448 5051 diaconus.
2536 5008 2539 5011 '

1952 5068 1980 5109 ἀ
2009 5065 2096 5122 Al.
2133 5070 2222 5124 hic
2247 5082 2345 5138 pro
2368 5076 2538 5122 manet
2569 5065 2707 5122 forte
2731 5076 2931 5138 manat.

1958 5152 1981 5179 ο
2012 5136 2371 5193 Ὲαοιυιηίιιοο
2398 5145 2481 5193 est
2506 5139 2651 5193 circa
2680 5154 2879 5192 annum
2910 5136 3031 5192 783.

1960 5210 1984 5280 ξ
2018 5210 2211 5280 Vulgo,
2243 5217 2301 5263 ut
2324 5208 2486 5264 Corn.
2512 5208 2768 5277 Kempius
2787 5209 2844 5280 in
2877 5207 3130 5280 descript.
3150 5207 3339 5266 Frisia:
3362 5210 3397 5265 l.
3420 5211 3469 5278 l,

1884 5296 1935 5337 c.
1962 5279 2013 5343 6,
2047 5279 2223 5335 dictus
2250 5281 2315 5335 de
2340 5280 2602 5343 Lauwers,
2628 5280 2748 5333 aliis
2776 5279 2987 5332 Lavica.

1960 5355 1984 5392 Β
2019 5351 2075 5405 ln
2116 5351 2240 5424 edd.
2269 5350 2561 5424 ⁵ᾼιιιάκῖριπι).
2590 5358 2668 5424 _e_t
2691 5350 2909 5424 __Bcnet_i.
2942 5358 3205 5424 vocantur
3249 5353 3472 5424 hipagi

1888 5420 2225 5494 Hugmerthi,
2259 5418 2543 5494 Hunulgaw,
2570 5418 2810 5494 AFiviIga,
2840 5419 3072 5494 Emilga,
3106 5418 3397 5494 Fedin'lga.

1958 5490 2513 5563 ll'Antwerpiensibus
2568 5492 2684 5563 haec
2726 5490 2902 5545 insula
2944 5492 3157 5563 videtur
3195 5494 3283 5546 illa
3309 5490 3474 5548 fuisse

1924 5579 2047 5619 nam
2096 5560 2315 5617 Tacitus
2355 5560 2570 5615 Castam
2604 5560 2801 5616 Nemus
2838 5562 3069 5628 vocavit,
3102 5563 3227 5617 licet
3265 5564 3337 5617 ibi
3366 5582 3473 5619 non

1940 5633 2069 5685 oseti
2097 5632 2206 5697 dei,
2252 5633 2346 5686 sed
2373 5631 2554 5685 Herm:
2581 5632 2694 5687 dea:
2726 5633 3049 5697 meminerit,
3084 5644 3138 5687 et
3163 5634 3474 5690 credibilius

1889 5704 1961 5774 sit
1987 5702 2212 5774 Rugiam
2264 5704 2333 5774 ab
2371 5718 2436 5757 eo
2465 5703 2706 5774 intelligi.
2733 5702 2970 5758 Adamus
2998 5703 3324 5769 Bremensis,
3356 5705 3372 5757 1
3420 5720 3476 5759 ιν

1890 5719 1961 5757 su
1987 5719 2067 5756 nu
2108 5719 2212 5756 tam
2264 5719 2333 5757 an
2371 5719 2436 5757 eo
2465 5719 2706 5774 intelligi.
2733 5719 2970 5758 nuamus
2998 5719 3324 5769 uremensrs,
3356 5719 3372 5757 ι
3420 5720 3476 5759 ιν

1890 5773 2029 5828 Hist.
2072 5719 2418 5828 {ii‘oseteslant
2465 5774 2707 5827 eamdem
2762 5790 2881 5829 esse
2935 5774 3063 5829 dicit
3108 5789 3229 5828 cum
3275 5774 3478 5829 Farria

1888 5842 2083 5909 insula,
2132 5863 2150 5895 ι
2184 5859 2301 5912 qua:
2340 5844 2392 5897 in
2428 5845 2567 5899 ostio
2594 5844 2830 5899 ﬂuminis
2854 5844 3021 5899 Albia:
3068 5846 3226 5914 longo
3257 5861 3478 5904 recessu

1889 5914 2043 5977 latet.
2069 5915 2203 5978 alias
2228 5914 2548 5989 Hetligelant
2576 5915 2854 5987 appellata,
2882 5915 2937 5971 id
2958 5923 3063 5982 est,
3090 5924 3238 5974 terra
3264 5925 3481 5977 sancta.

2960 6025 3039 6090 25
