4012 6364
564 395 674 491 ἰτὰ

1556 428 1650 495 AD
1687 434 1746 494 s;
1786 428 2092 495 tunsam
2131 412 2423 498 samera
2458 428 2824 501 APPENDIX.

3706 436 3809 509 730.

562 550 857 607 nebrosam
900 544 969 605 de
1009 542 1198 605 eadem
1237 550 1360 607 navi
1406 549 1789 621 egredientem,
1832 565 1939 622 qua
1986 566 2134 607 rece-
2156 554 2210 616 A
2235 554 2409 620 desse,
2449 552 2725 622 erutisque
2761 546 3079 607 idololatria:
3106 542 3279 620 spinis
3313 547 3545 606 verbum
3573 548 3667 607 Dei
3690 552 3809 609 (illis

564 643 749 709 dente,
778 655 970 712 magna
1000 640 1055 695 in
1078 656 1142 696 ea
1173 643 1437 699 serenitas
1464 641 1717 712 perstitit.
1749 641 1901 699 Tunc
1937 642 2022 697 vir
2045 642 2141 697 Dei

564 735 641 790 ait
667 753 681 787 :
706 732 936 799 Videtis,
960 732 1192 803 qualiter
1216 748 1314 805 per
1355 733 1780 789 misericordiam
1812 734 1905 793 Dei
1933 732 2139 803 eﬁ'ugaé

563 836 651 884 tus
680 834 764 883 est
790 826 1057 893 inimicus,
1085 826 1177 897 qui
1204 826 1355 897 prius
1394 826 1625 897 caligine
1662 833 2021 898 occupaverat
2058 826 2141 880 in-

502 934 513 941 ‘
564 921 738 978 sulam
767 921 926 976 hanc.
976 918 1358 975 Pervenientes
1401 927 1581 975 autem
1617 919 1685 977 ad
1715 920 1959 975 eamdem
1990 919 2139 976 insu-

563 1013 692 1077 lam,
726 1014 1119 1069 dextruxerunt
1147 1013 1326 1067 omnia
1354 1011 1593 1082 ejusdem
1614 1013 1824 1069 Fosetis
1843 1013 1991 1079 lana,
2018 1029 2138 1083 qua:

560 1105 671 1159 illic
692 1103 845 1173 fuere
863 1111 1195 1170 constructa,
1214 1113 1268 1159 et
1281 1119 1379 1174 pro
1409 1103 1489 1160 eis
1509 1103 1710 1160 Christi
1736 1103 2140 1159 fabricaverunt

559 1194 837 1251 ecclesias.
869 1184 1111 1266 Cumque
1136 1195 1467 1252 habitatores
1504 1205 1663 1255 terra:
1690 1196 1836 1253 illius
1858 1195 1962 1251 ﬁde
1981 1195 2139 1253 Chri-

558 1288 629 1342 sti
659 1287 945 1353 imbueret,
972 1287 1266 1358 baptizavit
1289 1302 1382 1343 eos
1407 1303 1528 1343 cum
1573 1287 1911 1345 invocatione
1936 1297 2137 1345 sanctae

555 1379 861 1445 Trinitatis,
886 1379 940 1433 in
961 1377 1131 1445 fonte,
1154 1379 1245 1449 qui
1275 1378 1349 1434 ibi
1370 1380 1679 1447 ebulliebat,
1709 1381 1764 1436 in
1793 1396 1899 1451 quo
1922 1378 1977 1436 S.
2001 1380 2137 1436 Wil-

554 1472 827 1528 librordus
860 1472 1013 1543 prius
1052 1472 1299 1527 homines
1342 1471 1729 1543 baptizaverat,
1773 1488 1805 1527 a
1834 1488 1941 1543 quo
1967 1471 2136 1529 etiam

553 1564 704 1619 fonte
733 1578 894 1619 nemo
914 1563 1063 1634 prius
1083 1563 1303 1618 haurire
1335 1578 1530 1633 aquam
1559 1564 1662 1621 nisi
1705 1571 1889 1620 tacens
1922 1579 2134 1634 praesu-

552 1657 753 1711 mebat.
787 1651 1075 1722 Cuiusdam
1105 1654 1269 1708 etiam
1294 1668 1481 1709 eorum
1507 1654 1770 1726 principis
1798 1654 1968 1709 ﬁlium
1993 1654 2136 1709 Lan-

552 1746 760 1802 dricum
789 1744 1005 1799 nomine
1031 1744 1239 1815 accepit
1282 1760 1311 1799 a
1340 1743 1510 1811 fonte,
1540 1760 1700 1816 quem
1744 1745 1912 1803 sacris
1940 1744 2134 1801 litteris

550 1840 818 1895 imbutum
847 1837 1119 1893 ordinavit
1160 1837 1557 1909 presbyterum,
1606 1838 1699 1908 qui
1744 1837 1927 1893 multis
1976 1837 2133 1892 annis

550 1933 698 2004 genti
736 1931 1037 1987 Fresonum
1084 1930 1138 1983 in
1185 1929 1443 1984 doctrinae
1484 1929 1697 2001 praefuit
1738 1930 1933 1986 studio.
1981 1930 2155 1987 TunC'

550 2026 751 2080 iterum
784 2029 1042 2094 aperante
1069 2022 1302 2092 maligno
1329 2020 1399 2076 ab
1424 2021 1775 2077 orientalibus
1804 2020 2134 2081 Fresonibus

552 2132 662 2170 nox
689 2114 1018 2169 inﬁdelitatis
1040 2127 1246 2184 magna:
1270 2111 1443 2167 fuerat
1456 2120 1664 2180 exorta,
1690 2111 1842 2184 cujus
1862 2113 2133 2169 Maluinno

557 2204 872 2278 (Malumno)
896 2212 951 2261 et
972 2204 1144 2259 Eilrat
1167 2215 1193 2243 ι
1219 2202 1372 2259 fuere
1410 2203 1699 2275 principes,
1741 2214 1794 2261 et
1836 2205 2132 2261 combusta:

549 2307 677 2353 sunt
717 2297 960 2352 ecclesia:
1008 2294 1256 2364 servique
1300 2294 1396 2349 Dei
1444 2294 1682 2367 repulsi;
1734 2295 1832 2351 sed
1887 2295 2132 2351 radiante

550 2389 663 2446 sole
679 2388 902 2458 justitize
932 2386 1173 2457 effugata:
1206 2396 1332 2442 sunt
1356 2386 1592 2443 tenebrat
1620 2387 1881 2443 radiantis
1904 2388 2129 2455 erroris,

549 2483 624 2539 ita
650 2490 709 2537 ut
732 2488 852 2552 post
877 2478 1003 2534 anni
1030 2477 1288 2533 circulum
1333 2475 1389 2532 S.
1414 2477 1697 2558 Ludgerus
1723 2494 1847 2533 cum
1873 2478 1986 2533 suis
2012 2478 2128 2548 pri-

547 2589 640 2631 sca
681 2570 1068 2629 consuetudine
1115 2568 1436 2626 ﬁducialiter
1481 2569 1625 2640 plebi
1672 2568 1749 2625 illi
1781 2570 1973 2641 pabula
2004 2568 2131 2625 ﬁdei

547 2664 863 2721 ministrare
904 2675 1013 2717 non
1059 2660 1367 2727 desisteret,
1395 2666 1450 2714 et
1479 2657 1706 2715 Domino
1747 2659 2043 2731 opitulante
2073 2659 2130 2715 in

546 2772 633 2823 ea,
658 2770 821 2826 quam
849 2761 980 2808 tunc
1005 2758 1342 2822 receperant,
1369 2750 1790 2823 perseverabant
1814 2749 1938 2806 ﬁde.

617 2847 708 2903 20.
757 2846 967 2901 [nterea
1014 2858 1113 2913 per
1155 2842 1563 2913 dispositionem
1610 2840 1982 2896 misericordis
2028 2840 2130 2898 Dei

551 2941 798 2998 Saxones
843 2935 1088 2993 conversi
1121 2942 1248 2990 sunt
1283 2934 1352 3009 ad
1373 2934 1680 3001 Dominum,
1706 2940 1761 2989 et
1785 2949 1881 2988 rex
1906 2931 2132 2992 Carolus

548 3030 800 3089 eumdem
824 3027 1001 3081 virum
1025 3024 1121 3080 Dei
1148 3023 1751 3097 Ludgerumpastorem
1794 3023 1850 3079 in
1880 3025 2132 3081 orientali

546 3130 706 3194 parte
733 3119 1008 3174 Saxonum
1039 3113 1341 3182 constituit,
1371 3113 1523 3183 cujus
1553 3114 1821 3186 parochias
1855 3114 2011 3171 sedes
2048 3122 2131 3171 est

550 3210 866 3284 principalis
894 3209 924 3249 ιι
954 3209 1009 3264 in
1058 3207 1177 3263 loco
1215 3205 1616 3277 Mimigernet‘or
1642 3204 1860 3276 (Infra:
1885 3206 2132 3279 Miniger-

547 3274 789 3373 neford),
814 3299 909 3355 ubi
930 3297 1161 3355 Domino
1203 3298 1320 3368 ipse
1348 3274 1634 3353 honestum
1652 3274 1967 3353 construxit
2007 3274 2125 3355 mo-
2156 3274 2205 3340 α

547 3393 849 3449 matorium
868 3390 968 3446 sub
989 3387 1175 3459 regula
1196 3388 1454 3445 canonica
1478 3388 1706 3444 Domino
1725 3387 2122 3446 famulantium.

544 3483 736 3557 Itaque
754 3498 906 3541 more
924 3481 1083 3540 solito
1101 3496 1225 3537 cum
1246 3481 1392 3536 omni
1417 3480 1676 3536 aviditate
1694 3488 1751 3537 et
1769 3481 2129 3539 sollicitudine

544 3580 772 3642 rudibus
795 3578 1072 3634 Saxonum
1104 3575 1317 3650 populis
1357 3575 1609 3632 studebat
1653 3576 1710 3631 in
1737 3576 1982 3632 doctrina
2004 3592 2131 3650 pro-

620 3721 1067 3806 tentwerpiens.
1098 3728 1157 3777 et
1195 3717 1532 3776 Benedictini
1574 3735 1590 3774 :
1631 3717 1785 3790 cujus
1813 3684 1942 3775 mali
1966 3718 2126 3776 Hunc

550 3803 599 3851 et
621 3792 840 3857 Cilrac.,
865 3800 969 3847 etc.

622 3865 652 3904 δ
689 3862 1081 3931 Antwerpiens.
1104 3869 1162 3932 et
1185 3860 1518 3917 Benedictini
1553 3876 1567 3914 :
1609 3878 1629 3912 ι
1658 3859 1826 3915 Sedes
1853 3868 1936 3916 est
1982 3860 2133 3932 prin-

551 3934 743 4004 cipalis
790 3934 847 3989 in
891 3946 1031 4004 pago
1092 3931 1385 4004 Sudergoe,
1445 3933 1504 3989 in
1556 3932 1676 3987 loco
1733 3932 1887 4002 cujus
1926 3931 2136 3988 vocabo

2239 654 2428 719 genter
2453 660 2550 716 per
2580 644 2700 700 loca
2724 641 2935 713 singula
2960 654 3159 706 serere,
3191 641 3458 699 ecclesias
3474 650 3800 713 construere,

2239 750 2294 796 et
2320 755 2417 812 per
2442 755 2535 795 eas
2559 737 2798 809 singulos
2820 736 3075 792 ordinare
3110 737 3480 808 presbyteros,
3508 752 3646 808 quos
3667 741 3802 797 verbi

2240 832 2335 889 Dei
2368 841 2745 903 cooperatores
2771 829 2877 886 sibi
2910 830 3012 901 ipsi
3050 830 3374 886 nutriveret.
3409 829 3676 901 Cupiebat
3716 832 3806 903 igi-

2239 932 2330 979 tur
2368 923 2426 978 in
2452 931 2630 994 empto
2670 921 3075 996 evangelizandi
3108 937 3273 992 opere
3303 921 3491 979 multis
3531 924 3805 978 subvenire

2239 1018 2514 1087 gentibus;
2550 1016 2646 1072 sed
2683 1023 2864 1071 tamen
2889 1014 3252 1085 pontiﬁcalem
3280 1013 3510 1084 gradum
3538 1013 3805 1069 humiliter

2239 1110 2550 1167 declinare:
2578 1109 2783 1165 idcirco
2824 1123 2952 1165 suos
2994 1106 3306 1178 frequenter
3344 1106 3501 1178 petiit
3551 1105 3803 1169 alumnos,

2240 1208 2299 1256 ut
2324 1200 2519 1272 aliquis
2543 1214 2613 1256 ex
2641 1200 2722 1257 eis
2745 1214 2844 1270 pro
2870 1214 2935 1255 eo
2960 1198 3316 1270 episeOpalem
3344 1199 3651 1267 susciperet
3674 1197 3804 1252 ordio

2236 1308 2381 1349 nem.
2423 1291 2520 1348 Cui
2546 1307 2670 1349 cum
2695 1291 3034 1347 Hildibaldus
3055 1291 3339 1361 episcopus
3361 1289 3732 1360 persuaderet,
3754 1298 3803 1343 ut

2237 1383 2525 1456 episcopus
2563 1381 2806 1439 ordinari
2853 1382 3159 1448 debuisset;
3207 1380 3336 1439 illud
3364 1379 3724 1451 apostolicum
3758 1380 3803 1434 ei
3904 1445 3913 1449 _

2237 1474 2533 1544 respondit,
2580 1474 2805 1530 dicens:
2845 1471 3057 1545 Oportet
3102 1473 3399 1544 episcopum
3436 1471 3801 1543 iri-spreueri-

2236 1566 2391 1623 bilem
2413 1583 2542 1621 esse.
2564 1565 2765 1631 Atille,
2790 1572 2850 1620 ut
2870 1572 2989 1623 erat
3029 1563 3265 1627 humilis,
3308 1570 3367 1623 et
3394 1562 3516 1617 viro
3542 1561 3646 1617 Dei
3687 1562 3804 1617 ami-

2236 1660 2518 1725 cissimus,
2566 1673 2691 1713 cum
2738 1656 2939 1729 gemitu
2990 1656 3125 1712 dixit
3165 1672 3179 1711 :
3217 1654 3333 1711 Hoc
3378 1654 3438 1711 in
3483 1668 3543 1710 se
3598 1653 3805 1709 minime

2235 1748 2402 1807 fuisse
2427 1749 2772 1820 completum.
2812 1747 3051 1803 Tandem
3087 1760 3357 1804 consensu
3380 1744 3631 1802 omnium
3660 1759 3800 1815 supe-

2237 1848 2410 1906 ratus,
2438 1849 2492 1896 et
2523 1840 2697 1909 magis
2720 1838 2817 1911 Dei
2853 1837 3206 1909 dispositione
3238 1846 3478 1903 coactus,
3518 1837 3798 1907 acquievit,

2236 1948 2305 1987 ne
2341 1933 2697 2004 plurimorum
2754 1931 3016 1999 consilio,
3069 1931 3179 1988 imo
3226 1930 3325 1987 Dei
3376 1930 3652 1987 voluntati
3692 1946 3791 1986 oon

2234 2026 2435 2083 trarius
2466 2040 2587 2082 esse
2613 2025 2904 2081 videretur.
3285 2027 3305 2039 '

2303 2117 2393 2173 2i.
2421 2116 2659 2188 Accepto
2708 2117 2890 2187 itaque
2935 2130 3091 2171 sacro
3117 2115 3308 2173 ordine
3348 2113 3653 2186 pontiﬁcali
3695 2128 3797 2170 cum

2233 2209 2380 2264 omni
2406 2209 2700 2280 sagacitate
2725 2216 2780 2263 et
2806 2207 3067 2263 modestia
3095 2206 3246 2279 gregi
3274 2207 3547 2265 Saxonico
3566 2206 3677 2263 sibi
3701 2221 3803 2262 cre-

2234 2299 2347 2368 dito
2393 2299 2712 2354 documenta
2760 2297 2951 2355 salutis
2996 2296 3270 2353 uberrime
3308 2297 3662 2361 ministravit,
3686 2311 3786 2365 quo

2235 2389 2476 2460 adusque
2506 2389 2732 2474 Domino
2756 2388 3020 2461 largiente
3046 2389 3113 2443 ad
3141 2386 3435 2459 perfectam
3466 2383 3798 2458 illos'perdu-

2233 2490 2386 2538 ceret
2432 2480 2614 2537 ﬁdem.
2664 2481 2773 2537 Illis
2822 2482 2986 2537 etiam
3028 2481 3266 2551 quinque
3291 2479 3539 2551 pagellis,
3580 2480 3786 2549 quosit

2232 2574 2420 2630 Fresia
2464 2574 2533 2629 ad
2576 2574 2907 2645 agnitionem
2948 2587 3091 2628 verte
3122 2581 3176 2626 et
3221 2571 3509 2626 individuae
3537 2569 3802 2626 Trinitatis

2232 2666 2300 2719 de
2351 2664 2651 2735 gentilitate
2696 2664 3022 2734 perduxerat
3067 2661 3155 2733 (eo
3174 2661 3316 2732 quod
3337 2661 3490 2732 prius
3521 2676 3632 2715 non
3656 2662 3799 2717 babe-

2233 2762 2355 2809 rent
2395 2752 2726 2824 episcopum)
2758 2752 2917 2809 simili
2962 2753 3121 2807 modo
3143 2751 3440 2823 pontiﬁcali
3474 2760 3705 2823 praeerat
3728 2768 3798 2807 re—

2231 2832 2452 2916 gimine.
2477 2845 2585 2900 Sed
2605 2853 2662 2900 et
2681 2860 3021 2902 successores
3042 2842 3160 2914 ejus
3187 2851 3413 2915 utraque
3437 2842 3557 2899 loca
3587 2859 3685 2914 pro
3711 2858 3797 2897 una

2232 2937 2539 2993 habuerunt
2586 2938 2861 3009 parochia,
2924 2937 3184 3007 deditque
3229 2936 3280 2991 ei
3330 2949 3425 2990 rex
3474 2934 3703 2990 Karolus
3750 2942 3800 2988 ut

2231 3027 2289 3084 in
2326 3044 2491 3101 regno
2513 3028 2843 3085 Francorum
2877 3028 2932 3083 in
2953 3043 3086 3100 pago
3108 3025 3411 3082 Brachante
3449 3020 3797 3097 (Bracbaute),

2232 3120 2289 3175 in
2317 3120 2437 3176 loco
2467 3122 2559 3191 qui
2587 3120 2764 3177 Locus
2787 3132 2810 3160 ο
2850 3130 3077 3177 vocatur
3101 3118 3493 3181 monasterium
3521 3117 3689 3173 sancti
3716 3113 3799 3169 Pe-

2230 3214 2303 3269 tri
2354 3215 2762 3286 gubernandum
2804 3230 2930 3272 cum
2976 3215 3225 3271 omnibus
3267 3211 3637 3283 adjacentibus
3677 3209 3796 3273 suis,

2232 3307 2476 3363 ecclesiis
2502 3316 2557 3364 et
2592 3307 2810 3365 villulis.
2856 3304 3009 3365 Tunc
3047 3307 3396 3381 adimpletum
3426 3314 3510 3361 est
3550 3303 3797 3368 somnium

2232 3399 2377 3470 quod
2400 3400 2451 3454 ei
2472 3401 2556 3455 vir
2584 3401 2678 3456 Dei
2708 3401 3064 3457 Marchelmus
3094 3401 3246 3472 prius
3284 3397 3465 3454 fuerat
3489 3398 3789 3469 interpreta-

2232 3499 2324 3546 tus
2348 3493 2413 3547 de
2441 3491 2756 3549 collectione
2800 3492 2964 3548 trium
3000 3492 3352 3559 tumulorum,
3396 3484 3788 3563 signiﬁcantium

2236 3586 2401 3641 trium
2427 3588 2791 3660 gubernacula
2818 3587 3158 3662 populorum.

2231 3725 2342 3782 lum
2368 3729 2929 3803 estMimigerneford,
2976 3746 2996 3784 ι
3035 3728 3233 3803 etc_._ld
3255 3727 3420 3803 hodie
3441 3723 3796 3803 est__lunster.

2305 3810 2327 3838 ο
2343 3799 2462 3872 ΔΑιἱὶ
2486 3797 2650 3857 codd:
2670 3800 2853 3869 Lotus,
2875 3800 3091 3872 Lotuse.
3113 3800 3285 3872 Vulgo
3305 3798 3493 3868 leues,
3520 3797 3800 3854 Hannonis:

2233 3869 2488 3940 oppidum
2528 3872 2672 3928 inter
2693 3873 2895 3929 Athum
2932 3880 2989 3929 et
3013 3869 3339 3928 Tornacum.

564 4071 3788 4101 W

1719 4186 2021 4267 LIBER
2073 4186 2635 4269 SECUNDUS.

622 4434 677 4491 1.
711 4430 966 4503 Quamvis
1000 4426 1419 4503 praeponendum
1460 4425 1533 4483 sit
1573 4426 1929 4484 ministerium
1967 4443 2130 4485 evan-

2232 4444 2384 4501 pere,
2408 4438 2738 4503 acceptaque
2758 4428 2827 4488 ab
2852 4448 2917 4490 eo
2939 4426 3099 4505 hujus
3124 4432 3203 4490 rei
3227 4430 3538 4506 sponsione,
3556 4428 3724 4509 jussit
3749 4437 3806 4485 ut

553 4530 736 4606 gelicae
773 4525 1194 4601 praedicationis,
1231 4531 1289 4579 et
1324 4521 1616 4577 multorum
1649 4521 1971 4576 illuminatio
2009 4536 2128 4576 cor-
2151 4548 2205 4610 ι)
2232 4520 2320 4575 die
2348 4520 2585 4576 crastina
2612 4522 2821 4576 veniret
2855 4523 2923 4575 ad
2950 4539 3028 4576 se.
3075 4522 3323 4576 Crastina
3367 4534 3498 4575 vero
3547 4518 3803 4591 equitanti

551 4626 699 4680 dium
745 4616 1151 4693 operationibus
1190 4613 1596 4679 miraculorum,
1627 4612 2128 4682 ostensionibusque

550 4717 849 4787 signorum,
879 4711 945 4766 ad
967 4711 1228 4765 honorem
1252 4717 1433 4763 tamen
1455 4704 1735 4776 largientis
1755 4704 1964 4759 Domini
1991 4704 2130 4774 stylo

550 4805 761 4876 alligari
802 4802 1048 4867 fecimus,
1094 4814 1214 4870 quae
1259 4797 1328 4853 ab
1370 4796 1559 4853 eodem
1606 4802 1794 4851 sancto
1828 4796 1947 4851 viro
1985 4793 2129 4850 facta

554 4897 865 4956 recolimus.
1956 4896 1959 4897 ⁷

626 4987 760 5043 Cum
796 4983 1197 5057 evangelizandi
1226 4980 1402 5054 gratia
1434 4980 1487 5035 in
1515 4979 1703 5035 Fresia
1742 4979 1811 5034 ad
1838 4979 2131 5051 quamdam

552 5079 734 5137 villam
750 5077 965 5133 nomine
981 5076 1234 5131 llelewirt
1248 5072 1602 5145 pervenisset,
1619 5080 1868 5126 matrona
1885 5070 2132 5141 quaedam

554 5174 788 5232 Mensuit
833 5171 1047 5226 nomine
1091 5167 1302 5238 excepit
1339 5165 1488 5221 illum
1520 5166 1572 5220 in
1623 5165 1840 5220 domum
1876 5178 2050 5228 suam,
2077 5170 2134 5218 et

553 5281 681 5322 ecce
719 5264 807 5318 illo
837 5258 1204 5315 discumbente
1226 5273 1349 5313 cum
1375 5256 1651 5326 discipulis
1677 5256 1788 5311 suis
1811 5253 2025 5310 oblatus
2051 5261 2132 5309 est

555 5369 751 5420 caecus,
771 5349 1031 5407 vocabulo
1054 5345 1289 5412 Bernlel‘,
1312 5348 1402 5418 qui
1429 5364 1458 5401 a
1485 5346 1677 5401 vicinis
1698 5346 1808 5401 suis
1835 5344 1987 5400 valde
2014 5345 2133 5399 dili-

553 5446 801 5522 gebatur,
828 5457 893 5498 eo
920 5442 1061 5527 quod
1084 5447 1227 5495 esset
1253 5438 1501 5507 affabilis,
1525 5446 1583 5494 et
1608 5438 1952 5510 antiquorum
1979 5447 2133 5494 actus

554 5551 614 5599 et
663 5555 849 5612 regum
893 5537 1189 5593 certamina
1237 5535 1375 5592 bene
1419 5543 1646 5590 noverat
1688 5535 1966 5605 psallendo
2008 5549 2135 5604 pro-

554 5648 738 5698 mere;
777 5630 871 5686 sed
908 5644 1006 5699 per
1032 5627 1321 5682 triennium
1355 5628 1611 5682 continua
1645 5627 1888 5682 czecitate
1913 5638 2133 5695 percus-

557 5740 652 5780 sus
706 5730 808 5787 est,
840 5722 914 5775 ita
953 5728 1013 5775 ut
1045 5718 1249 5773 nullum
1291 5718 1394 5774 sibi
1428 5718 1609 5773 lumen
1637 5716 1723 5772 vel
1772 5724 2026 5772 extremae
2052 5714 2133 5768 vi-

558 5813 727 5869 sionis
763 5820 1090 5869 remaneret.
1121 5809 1288 5877 Quem
1317 5810 1443 5865 dum
1477 5810 1628 5864 vultu
1668 5808 1831 5864 hilari
1869 5814 2015 5862 esset
2051 5805 2134 5861 in-

547 5905 751 5973 tuitus,
784 5903 1133 5974 interrogavit
1157 5903 1205 5959 si
1231 5903 1602 5975 paenitentiam
1642 5917 1673 5957 a
1707 5916 1765 5957 se
1799 5899 1958 5957 vellet
1985 5896 2132 5952 accl-

2226 4611 2347 4666 viro
2369 4612 2465 4667 Dei
2494 4611 2684 4668 obvius
2711 4610 2888 4667 factus
2913 4620 2994 4668 est
3023 4612 3165 4668 idem
3190 4627 3403 4668 caecus:
3432 4621 3655 4684 accepto
3682 4626 3806 4683 ergo

2228 4701 2324 4757 Dei
2366 4702 2599 4758 famulus
2633 4717 2730 4775 per
2770 4701 2984 4759 frenum
3013 4702 3128 4773 ejus
3154 4702 3383 4771 caballo,
3414 4711 3469 4760 et
3496 4704 3651 4761 duxit
3685 4718 3802 4758 eum

2228 4809 2260 4847 a
2292 4792 2448 4847 turba
2494 4809 2737 4851 seorsum
2768 4803 2822 4850 et
2845 4794 3121 4851 conﬁtenti
3154 4804 3378 4866 peccata
3421 4811 3519 4851 sua
3546 4796 3806 4866 pmniten-

2229 4884 2362 4940 tiam
2404 4884 2616 4941 indixit.
2675 4885 2877 4943 Deinde
2921 4887 3132 4957 signum
3175 4896 3379 4942 sanctae
3420 4886 3603 4941 crucis
3640 4881 3807 4941 oculis

2228 4972 2346 5044 ejus
2392 4975 2667 5046 imposuit,
2713 4983 2769 5031 et
2809 4983 3000 5033 tenens
3039 4992 3258 5032 manum
3308 4990 3459 5032 suam
3496 4990 3680 5032 coram
3723 4987 3802 5037 eo,

2229 5067 2584 5138 interrogavit
2630 5067 2677 5124 si
2713 5068 2918 5139 aliquid
2942 5068 3187 5125 videret?
3221 5067 3341 5140 Ipse
3369 5083 3502 5123 vero
3530 5081 3655 5124 cum
3689 5077 3808 5120 ma-

2230 5175 2335 5231 gno
2357 5159 2553 5231 gaudio
2578 5160 2736 5228 dixit,
2764 5177 2823 5218 se
2861 5177 3081 5218 manum
3126 5160 3272 5217 illius
3309 5161 3495 5216 videre
3538 5173 3726 5230 posse;
3756 5160 3812 5209 at

2231 5251 2340 5317 ille,
2357 5253 2492 5322 Age,
2522 5252 2716 5323 inquit,
2747 5254 3102 5324 omnipotenti
3129 5254 3242 5308 Deo
3270 5254 3495 5325 gratias.
3538 5246 3807 5308 Sermoci-

2230 5347 2485 5402 nantibus
2508 5361 2721 5417 quoque
2744 5348 2824 5407 eis
2849 5348 2917 5405 de
2940 5348 3046 5404 ﬁde
3064 5347 3334 5403 catholica
3358 5351 3722 5418 pervenerunt
3744 5339 3809 5395 ad

2194 5493 2197 5496 _
2229 5439 2410 5493 villam
2439 5440 2657 5494 nomine
2681 5440 2956 5495 Vuerthen
2998 5437 3131 5507 [Αι.,
3155 5433 3457 5502 Werfhem,
3481 5432 3807 5496 Wersheim,

2230 5530 2563 5600 lmerﬂlcm],
2613 5539 2670 5582 et
2712 5527 3066 5599 interrogavit
3112 5544 3125 5582 :
3176 5526 3219 5584 si
3269 5527 3444 5598 ipsam
3485 5526 3664 5583 videre
3712 5537 3810 5595 po-

2231 5620 2463 5676 tuisset?
2500 5619 2594 5675 Ille
2633 5634 2765 5679 vero
2813 5619 2997 5674 statim
3042 5618 3160 5689 ipso
3200 5618 3465 5675 vocabulo
3515 5611 3813 5673 nominavit

2228 5728 2352 5768 eam
2376 5724 2431 5768 et
2454 5712 2677 5767 arbores
2694 5719 2750 5765 et
2773 5725 3000 5781 qumque
3025 5708 3141 5779 ejus
3162 5709 3388 5773 aediﬁcia
3410 5722 3471 5764 se
3490 5707 3624 5764 bene
3647 5717 3811 5775 posse

2230 5806 2541 5876 conspicere
2573 5803 2848 5875 professus
2884 5811 2988 5859 est.
3038 5802 3128 5858 Ait
3174 5809 3357 5858 autem
3402 5796 3496 5861 ille
3520 5817 3535 5855 :
3866 5858 3872 5863 ,

2232 5897 2365 5953 tenti
2408 5896 2520 5953 Deo
2548 5910 2647 5968 age
2686 5895 2908 5968 gratias,
2939 5895 3033 5966 qui
3078 5902 3133 5951 te
3179 5892 3525 5950 illuminavit.
3569 5887 3813 5973 Cumque
