4012 6364
219 362 327 433 πει

1529 350 1711 414 acra
1750 354 1808 411 s.
1846 336 2150 413 iuncea]

3365 358 3470 434 788

217 478 494 539 venissent
526 474 595 537 ad
634 473 814 531 villam
840 470 1138 539 Wiscuuirt
1185 468 1323 546 [Al.,
1349 462 1623 549 Uscjuurd,
1654 471 1793 527 Vus-
1816 473 1869 532 Δ
1895 471 2105 526 videbo.
2149 436 2319 541 Hujus
2360 452 2491 545 ergo
2512 468 2753 535 vaticinii
2780 470 2980 541 veritas
3005 476 3248 549 ejusdem
3268 483 3475 543 sororis

216 569 475 637 cuurdis,
498 568 776 639 Vosgurd,
806 565 1163 641 Wuscurdus]
1209 567 1448 632 nomine,
1480 564 1573 621 ubi
1614 572 1798 620 orato-

218 668 361 739 rium
404 672 525 720 erat
570 670 959 727 constructum,
991 661 1120 719 fecit
1169 676 1292 717 eum
1320 674 1502 715 secum
1537 673 1694 715 orare
1743 663 1799 711 et

218 761 331 816 Deo
358 756 565 829 gratias
596 770 776 828 agere,
806 754 1235 825 constrinxitque
1257 767 1383 807 eum
1431 758 1794 814 sacramento,

218 861 278 907 ut
310 858 440 905 ante
477 848 620 904 diem
647 846 837 903 .obitus
878 846 962 901 sui
1005 844 1156 909 nulli,
1197 842 1429 913 qualiter
1468 840 1799 897 illuminatus

216 942 402 1007 fuerit,
431 940 713 997 indicaret.
745 935 1045 1009 Complevit
1082 935 1172 991 ille
1194 934 1299 990 viri
1321 933 1417 989 Dei
1445 940 1796 1005 prteceptum,

217 1040 271 1087 et
318 1046 417 1102 per
464 1029 580 1085 dies
633 1029 841 1098 aliquos
894 1027 1193 1083 caecitatem
1247 1021 1551 1080 simulando
1600 1021 1798 1076 ducatu

216 1125 398 1179 alieno
432 1123 713 1185 utebatur;
746 1118 841 1173 sed
868 1126 991 1188 post
1015 1116 1221 1172 obitum
1249 1112 1386 1184 ejus,
1415 1111 1649 1186 qualiter
1673 1110 1796 1165 illu-

217 1215 461 1273 minatus
490 1210 672 1275 fuerit,
701 1209 950 1265 asseruit.

285 1305 343 1360 2.
392 1302 452 1359 In
498 1302 732 1357 secunda
767 1301 932 1372 igitur
968 1296 1284 1371 expulsione
1318 1310 1600 1352 servorum
1640 1293 1736 1349 Dei
1766 1308 1798 1349 a

215 1396 428 1465 Fresia,
457 1395 521 1449 de
549 1410 656 1467 qua
693 1393 942 1464 superius
962 1390 1074 1461 jam
1106 1391 1361 1455 diximus,
1389 1389 1551 1461 jussit
1580 1394 1798 1443 sanctus

216 1491 301 1545 vir
326 1474 609 1558 Ludgerus
637 1486 884 1542 eumdem
912 1484 1233 1545 Bernlevum
1264 1483 1350 1556 (eo
1381 1483 1522 1555 quod
1549 1481 1798 1553 diligere-

217 1589 305 1635 tur
342 1594 376 1633 a
406 1576 611 1653 multis)
643 1594 739 1653 per
769 1576 1101 1648 singulorum
1140 1576 1329 1631 domos
1365 1574 1703 1641 discurrere,
1745 1578 1800 1627 et

214 1656 495 1745 persuasis
548 1670 845 1737 matronis,
898 1669 1192 1725 morituros
1240 1666 1451 1723 illorum
1508 1663 1799 1720 infantulos

215 1760 517 1835 baptizare,
550 1761 831 1819 benedicta
860 1760 1175 1833 Simpliciter
1207 1774 1345 1830 aqua
1375 1759 1429 1812 in
1455 1756 1670 1813 nomine
1698 1755 1799 1811 Do-

1899 577 2009 618 sute
2037 564 2343 635 nostrisque
2371 574 2453 621 est
2480 567 2707 637 probata
2731 569 3080 639 temporibus.

1967 654 2105 738 Nam
2132 656 2381 712 omnibus
2407 657 2594 713 diebus
2624 658 2822 730 quibus
2849 660 2990 719 idem
3012 660 3108 717 Dei
3152 661 3390 723 famulus
3419 666 3477 725 in

1897 748 2003 804 hoc
2030 748 2211 805 seculo
2240 749 2473 817 vixerat,
2500 765 2606 822 pax
2652 749 2753 806 fuit
2780 753 3017 823 undique
3043 754 3191 823 laeta,
3214 764 3277 812 ut
3303 758 3481 818 nullus

1896 848 2113 912 putaret
2156 841 2242 897 his
2295 841 2606 914 regionibus
2656 842 2891 914 aliquam
2940 846 3408 916 perturbationem
3448 868 3481 907 a

1898 930 2286 991 Northmannis
2328 934 2546 991 evenire
2587 950 2776 1006 posse;
2830 936 2925 992 sed
2964 946 3086 1008 post
3130 940 3335 999 obitum
3366 941 3483 1011 ejus

1898 1042 1929 1089 a
1958 1033 2117 1098 gente
2157 1026 2497 1083 severissima
2527 1027 2809 1102 [Antwerp.
2836 1038 2885 1085 et
2908 1030 3129 1099 Bentt,
3157 1035 3478 1108 saevissima]
3577 1059 3580 1063 ν

1897 1116 2391 1181 Northmannorum
2426 1119 2838 1181 innumerabilia
2876 1138 3015 1192 pene
3060 1126 3217 1183 annis
3257 1126 3483 1199 singulis

1897 1209 2139 1282 perpessi
2165 1225 2350 1265 sumus
2378 1211 2542 1269 mala.
2584 1211 2720 1269 Nam
2760 1223 3117 1273 concremata:
3148 1224 3274 1274 sunt
3307 1219 3480 1276 eccle-

1900 1300 2027 1366 sia};
2059 1301 2386 1359 monasteria
2415 1302 2721 1369 destructa;
2758 1304 2969 1363 deserta
2993 1305 3061 1362 ab
3087 1306 3483 1367 habitatoribus

1898 1392 2122 1463 praedia.
2151 1392 2206 1449 in
2234 1400 2440 1453 tantum
2461 1434 2477 1461 ,
2514 1402 2575 1449 ut
2601 1396 2838 1466 peccatis
2865 1397 3206 1469 exigentibus
3233 1401 3484 1471 regiones

1902 1482 2210 1549 maritimm,
2235 1499 2369 1553 quas
2409 1485 2561 1561 prius
2608 1486 2898 1547 multitudo
2937 1489 3156 1546 tenebat
3181 1491 3481 1558 hominum,

1898 1588 2036 1645 pene
2071 1577 2180 1631 sint
2221 1576 2277 1633 in
2306 1577 2645 1635 solitudinem
2693 1581 2945 1639 redactae.
2976 1581 3085 1647 Sed
3115 1585 3283 1645 solem
3324 1586 3481 1656 justi-

1900 1664 2010 1732 tiae,
2040 1666 2130 1737 qui
2160 1682 2258 1738 pro
2288 1667 2489 1724 nostris
2513 1669 2752 1739 peccatis
2780 1669 3059 1742 elongatus
3085 1671 3370 1740 abscessit,
3401 1688 3487 1731 re-

1901 1770 2188 1813 versurum
2218 1773 2517 1831 speramus,
2547 1767 2602 1814 et
2618 1757 2774 1831 juxta
2797 1763 3122 1837 praesagium
3144 1765 3246 1821 viri
3270 1765 3368 1823 Dei
3390 1780 3486 1837 pa-

216 1854 351 1913 mini
376 1852 632 1908 intinctos
652 1852 734 1907 vel
754 1850 1065 1923 superfusos
1091 1866 1213 1906 cum
1244 1849 1583 1904 invocatione
1607 1854 1806 1902 sancta:
1834 1839 1885 1902 Β
1913 1862 2033 1903 cem
2057 1848 2299 1907 ecclesiae
2336 1850 2654 1908 redituram.

216 1943 524 2001 Trinitatis.
565 1942 636 1998 At
670 1943 756 1998 ille
786 1942 954 2012 jussis
990 1940 1106 2011 ejus
1148 1941 1378 1996 libenter
1412 1937 1669 1995 obediens
1702 1937 1802 1994 ba-

214 2037 444 2109 ptizavit
485 2036 540 2090 in
587 2036 702 2107 ipsa
747 2033 1150 2106 perturbatione
1220 2030 1454 2091 infantes
1512 2033 1697 2086 decem
1750 2035 1806 2084 et

213 2138 362 2194 octo,
387 2128 479 2198 qui
503 2142 692 2183 omnes
717 2112 905 2197 nuper,
931 2135 990 2181 ut
1013 2125 1273 2195 baptizati
1302 2123 1536 2189 fuerant,
1565 2120 1803 2179 defuncti

213 2228 368 2285 sunt,
418 2220 658 2291 exceptis
706 2219 915 2274 duobus
959 2233 1096 2289 quos
1140 2216 1330 2273 beatus
1378 2217 1679 2289 Ludgerus,
1716 2229 1803 2272 re-

215 2313 416 2369 deunte
444 2326 596 2387 pace,
625 2326 747 2367 cum
778 2318 962 2366 sancta
991 2310 1297 2365 chrismatis
1324 2308 1578 2365 unctione
1607 2306 1806 2364 confir—

214 2405 404 2460 mavit.
432 2398 552 2476 Ipse
586 2418 714 2458 vero
738 2402 959 2461 Bernlef
979 2404 1284 2474 ubicunque
1322 2402 1497 2458 virum
1529 2401 1623 2455 Dei
1651 2415 1806 2472 repe-

215 2496 399 2562 tisset,
434 2494 621 2551 didicit
651 2496 718 2551 ab
738 2509 804 2550 eo
826 2494 1087 2562 Psalmos,
1115 2503 1170 2551 et
1202 2495 1254 2550 in
1284 2511 1369 2562 ea,
1395 2512 1558 2566 quam
1587 2508 1805 2566 recepe—

214 2593 303 2641 rat
334 2585 728 2641 illuminatione
763 2588 1089 2658 permansit,
1131 2588 1481 2659 quoadusque
1530 2602 1717 2653 senex,
1749 2592 1806 2641 et

212 2679 407 2755 plenus
433 2679 642 2734 dierum
671 2678 846 2734 obiret
872 2680 925 2734 in
952 2686 1109 2750 pace:
1129 2679 1298 2747 Quem
1328 2679 1454 2734 dum
1484 2678 1804 2735 morientem

214 2789 355 2829 uxor
382 2788 483 2829 sua
512 2770 688 2827 flendo
733 2772 1112 2843 interrogaret,
1152 2771 1384 2842 qualiter
1413 2778 1534 2847 post
1574 2786 1698 2826 eum
1726 2772 1805 2826 vi-

213 2879 343 2923 vere
370 2864 655 2935 potuisset,
687 2864 964 2936 respondit
1004 2863 1227 2920 dicens:
1272 2862 1329 2918 Si
1364 2879 1464 2936 ego
1515 2880 1545 2919 a
1574 2862 1804 2918 Domino

216 2957 424 3029 aliquid
474 2958 761 3029 impetrare
810 2964 1020 3029 potero,
1050 2964 1174 3029 post
1217 2973 1395 3012 meum
1443 2955 1648 3013 obitum
1696 2972 1805 3012 non

212 3048 378 3122 longo
419 3059 662 3121 tempore
703 3050 755 3103 in
782 3050 887 3104 hoc
924 3028 1263 3105 szeculo’eris
1290 3049 1519 3105 victura.
1560 3049 1805 3120 Dumque

215 3160 349 3199 sana
377 3152 433 3199 et
489 3144 772 3200 incolumis
800 3142 940 3198 hanc
966 3143 1081 3215 ejus
1104 3144 1513 3216 responsionem
1541 3143 1799 3211 audisset,

216 3234 302 3291 die
334 3234 531 3305 quinto
556 3234 765 3290 decimo
790 3235 1067 3290 moriendo
1097 3236 1385 3292 subsecuta
1416 3243 1518 3291 est.

287 3325 344 3380 3.
373 3325 499 3381 Alio
535 3340 749 3397 quoque
782 3334 1020 3398 tempore
1051 3325 1176 3381 dum
1206 3334 1351 3381 esset
1382 3326 1572 3381 beatus
1596 3324 1804 3397 Ludge-

217 3432 315 3473 rus
348 3432 510 3473 secus
557 3433 724 3485 mare,
774 3419 828 3473 in
874 3418 992 3474 loco
1018 3418 1112 3489 qui
1152 3426 1377 3474 vocatur
1403 3417 1684 3485 Werdina,
1714 3419 1807 3475 ubi

217 3509 344 3582 ipse
385 3511 491 3567 sibi
540 3511 594 3566 in
639 3512 953 3571 haereditate
990 3519 1232 3584 paterna.
1278 3512 1581 3567 construxit
1628 3510 1805 3567 eccle-

217 3602 403 3670 siam,
439 3602 674 3660 terribile
708 3605 842 3661 vidit
885 3605 1185 3671 somnium,
1226 3605 1368 3675 quod
1416 3618 1645 3659 narrans
1673 3602 1808 3659 Her«

216 3695 412 3767 hurgze
454 3698 629 3752 sorori
665 3713 776 3754 sum
815 3697 950 3753 dixit
985 3716 997 3752 :
1038 3697 1160 3754 Vidi
1194 3712 1292 3769 per
1343 3696 1609 3752 somnium
1654 3694 1810 3767 quasi

217 3790 392 3846 solem
438 3789 734 3862 fugientem
773 3805 937 3862 supra
978 3805 1128 3845 mare
1174 3808 1205 3845 a
1235 3790 1477 3863 partibus
1504 3789 1806 3861 Aquilonis,

215 3891 273 3937 et
300 3882 480 3938 nubes
506 3884 813 3938 teterrimas
867 3890 1172 3954 sequentes,
1204 3883 1295 3954 qui
1341 3881 1551 3956 fugiens
1580 3899 1644 3938 ac
1673 3880 1809 3937 defi-

217 3978 375 4037 Ciens
399 3977 755 4050 pertransivit
781 3993 898 4049 nos,
916 3979 988 4033 ita
1016 3985 1075 4033 ut
1103 3977 1383 4047 elongatus
1413 3993 1443 4031 a
1465 3977 1619 4033 nobis
1639 3976 1812 4033 videri

216 4084 328 4125 non
357 4077 564 4142 posset,
600 4077 657 4126 et
682 4069 939 4141 caligines
982 4087 1100 4142 qute
1131 4078 1289 4125 erant
1316 4079 1534 4138 secuto,
1565 4070 1814 4127 obtinue-

215 4172 350 4220 runt
407 4162 589 4218 omnia
626 4162 748 4221 loca
777 4164 894 4219 haec
936 4163 1228 4219 maritima.
1277 4162 1404 4219 Post
1434 4162 1660 4218 multum
1683 4178 1814 4219 vero

217 4254 507 4329 temporis,
535 4270 788 4315 reversus
824 4264 908 4315 est
937 4255 1224 4312 sol‘minor
1258 4264 1312 4311 et
1341 4255 1610 4327 pallidior,
1651 4270 1814 4326 quam

217 4342 420 4403 fuisset
445 4348 621 4420 prius,
667 4348 1028 4420 efl‘ugavitque
1057 4348 1315 4421 caligines
1347 4360 1496 4403 trans
1536 4364 1707 4404 mare.
1748 4349 1816 4405 Et

214 4435 341 4492 haec
366 4438 575 4502 dicens,
604 4439 837 4494 ubertim
865 4438 1056 4495 faciem
1083 4455 1236 4495 suam
1270 4439 1517 4511 irrigavit
1539 4439 1811 4511 lacrynnis.

214 4524 401 4594 Quem
442 4526 570 4580 dum
605 4526 823 4583 flentem
862 4543 1016 4584 soror
1052 4546 1148 4584 sua
1188 4532 1542 4601 conspiceret,
1584 4528 1734 4587 ﬂevit
1760 4542 1815 4588 et

210 4619 359 4690 ipsa,
395 4620 583 4677 dicens
612 4638 624 4673 :
652 4619 792 4687 Quid
825 4621 928 4677 sibi
954 4620 1070 4676 vult
1094 4612 1199 4677 hoc
1225 4624 1565 4693 sompnium?
1598 4623 1697 4679 Cui
1728 4625 1814 4697 [le

210 4711 508 4782 respondit
533 4729 547 4766 :
576 4711 829 4767 Ventura:
854 4719 980 4768 sunt
1006 4729 1039 4766 a
1070 4711 1460 4768 Northmannis
1485 4716 1815 4783 persecutio:-

208 4820 320 4861 nes
374 4819 609 4879 magnae,
636 4814 692 4860 et
728 4792 986 4879 instantia
1027 4805 1189 4875 bella,
1240 4807 1675 4877 vastationesque
1715 4808 1816 4864 im-

207 4915 452 4966 mensae,
474 4900 550 4954 ita
580 4909 641 4967 ut
668 4901 785 4956 bene
818 4900 1156 4956 delectabilia
1186 4900 1305 4958 loca
1325 4902 1599 4958 maritima
1622 4919 1816 4974 peccaa

206 4993 285 5049 tis
315 4992 668 5063 exigentibus
689 5008 827 5064 pene
856 4992 1227 5049 inhabitabilia
1257 5001 1588 5050 remaneant.
1613 4994 1817 5054 Deinde

202 5084 487 5154 posthaec,
537 5083 754 5141 favente
774 5084 908 5156 Deo,
937 5085 1149 5142 reddita
1180 5086 1285 5144 erit
1328 5103 1436 5158 pax
1463 5086 1725 5154 ecclesiae,
1760 5094 1817 5144 et

201 5176 576 5261 severissima
623 5177 783 5251 plaga
833 5196 954 5253 qua:
1004 5181 1316 5252 regionibus
1354 5182 1440 5239 his
1476 5182 1815 5250 incubuerat,

200 5266 370 5323 infra
403 5268 549 5337 ipsos
578 5268 981 5329 Northmannos
1026 5275 1450 5346 retorquebitur.
1473 5273 1543 5329 At
1574 5274 1665 5329 illa
1693 5290 1817 5331 cum

200 5359 433 5432 gemitu
483 5360 661 5415 dixit:
688 5363 733 5417 0
766 5366 971 5422 utinam
1016 5366 1267 5438 dignetur
1313 5382 1399 5423 me
1436 5367 1695 5427 Dominus
1725 5382 1821 5422 au-

200 5451 373 5510 ferre
414 5453 483 5515 de
516 5454 623 5511 hoc
659 5454 874 5523 saeculo,
919 5460 1236 5527 priusquam
1273 5460 1672 5527 superveniant.
1722 5457 1819 5515 Cui

1828 3213 1878 3279 (Ξ

1974 1938 2029 1995 4.
2062 1941 2221 1998 Venit
2249 1956 2465 2014 quoque
2490 1943 2631 1998 idem
2659 1943 2744 1999 vir
2767 1942 2863 2000 Dei
2896 1945 2950 2001 in
2978 1945 3120 2014 loco,
3146 1946 3240 2017 qui
3265 1953 3491 2005 vocatur

1904 2030 2180 2089 Bilurbike
2218 2032 2363 2105 [Ant.
2396 2044 2445 2091 et
2465 2033 2688 2101 Bened.,
2715 2035 3030 2111 Billurhelti]
3073 2040 3142 2095 ad
3179 2038 3488 2108 ecclesiam,

1904 2128 1960 2181 et
1987 2140 2112 2182 ecce
2152 2127 2349 2183 mulier
2379 2128 2644 2201 quaedam,
2674 2146 2795 2201 quae
2823 2132 3010 2189 illicito
3057 2143 3177 2191 erat
3220 2136 3491 2193 connubio

1906 2232 2006 2274 suo
2049 2219 2295 2291 copulata
2345 2221 2483 2287 viro,
2516 2221 2634 2290 ejus
2661 2223 2846 2281 volens
2896 2226 3147 2297 mitigare
3198 2239 3486 2297 terrorem,

1904 2311 2056 2369 misit
2099 2312 2175 2368 illi
2220 2313 2328 2369 mel
2357 2314 2512 2385 quasi
2554 2331 2653 2386 pro
2695 2317 3098 2386 benedictione;
3154 2328 3214 2375 at
3253 2318 3341 2379 ille
3379 2321 3488 2377 tale

1905 2421 2102 2462 munus
2128 2404 2375 2476 accipere
2404 2406 2747 2477 deSpiciendo
2773 2410 2970 2466 renuit.
3040 2408 3272 2478 Quidam
3305 2420 3489 2470 tamen

1898 2497 2129 2570 juvenes
2169 2512 2239 2553 ex
2276 2498 2555 2569 discipulis
2594 2498 2714 2569 ejus
2755 2501 2885 2557 illud
2913 2501 3019 2559 mel
3043 2504 3490 2575 concupiscentes

1908 2598 2256 2665 acceperunt,
2299 2590 2439 2646 etin
2487 2591 2718 2648 ecclesia
2768 2602 2911 2649 retro
2940 2594 3110 2650 altare
3155 2595 3368 2652 occulte
3392 2610 3490 2665 po-

1908 2691 2154 2751 suerunt,
2178 2698 2408 2754 cumque
2430 2682 2515 2739 vir
2537 2682 2633 2738 Dei
2662 2683 2731 2739 ad
2775 2685 2917 2740 idem
2946 2685 3116 2741 altare
3152 2687 3375 2743 missam
3403 2701 3493 2742 ce-

1908 2776 2235 2842 lebraturus,
2285 2776 2585 2845 accederet,
2631 2784 2686 2834 et
2725 2794 2787 2834 os
2833 2777 2902 2835 ad
2939 2794 3132 2849 preces
3162 2779 3484 2850 aperuisset,

1908 2868 2193 2929 confestim
2243 2884 2340 2925 vas
2390 2876 2643 2937 testeum,
2689 2870 2745 2926 in
2789 2886 2897 2941 quo
2932 2871 3062 2929 illud
3110 2871 3489 2927 inobedientizn

1906 2958 2015 3033 mel
2045 2960 2367 3026 habebatur,
2397 2961 2705 3017 minutatim
2735 2964 2964 3032 crepuit,
2992 2970 3049 3019 et
3074 2962 3375 3034 dispersum
3404 2971 3491 3019 est

1907 3049 2016 3105 uel
2036 3051 2180 3122 quod
2205 3051 2519 3123 colligentes
2541 3052 2887 3124 projecerunt
2914 3052 3081 3111 foras.
3113 3052 3231 3110 Non
3256 3055 3492 3111 cessavit

1909 3148 2091 3197 autem
2132 3142 2287 3197 miles
2353 3142 2556 3207 Christi
2600 3144 2887 3214 quominus
2930 3144 3058 3199 illud
3121 3144 3367 3201 illicitum
3398 3146 3493 3202 de-

1907 3240 2143 3289 strueret
2187 3232 2514 3305 conjugium,
2548 3236 2645 3290 sed
2673 3245 2728 3290 et
2767 3237 2943 3291 virum
2991 3237 3188 3306 ipsum,
3218 3238 3311 3307 qui
3356 3237 3493 3295 illud

1908 3333 2223 3397 perpetrare
2255 3341 2419 3381 ausus
2453 3333 2555 3393 est,
2584 3327 2965 3382 exterminavit
2989 3343 3020 3382 a
3045 3337 3243 3397 patrna.

1980 3416 2033 3471 5.
2074 3415 2210 3472 Cum
2237 3417 2403 3489 igitur
2442 3418 2497 3472 in
2523 3416 2712 3474 Fresia
2749 3417 2975 3475 docendi
3004 3418 3177 3489 gratia
3220 3420 3288 3475 ad
3324 3419 3499 3477 eccle-

1909 3509 2044 3575 siam
2078 3524 2232 3567 suam
2256 3510 2510 3576 venisset,
2531 3509 2686 3580 juxta
2714 3509 2939 3565 ﬂuvium
2965 3510 3110 3566 Lade
3148 3512 3306 3580 petiit
3347 3512 3493 3570 illius

1908 3599 2015 3657 loci
2044 3602 2365 3674 piscatores,
2390 3603 2483 3674 qui
2512 3603 2562 3661 ei
2594 3603 2770 3675 pisces
2795 3601 2988 3659 aﬂ'erre
3011 3603 3277 3671 solebant,
3304 3614 3364 3660 ut
3392 3606 3493 3661 ali-

1909 3712 2072 3773 quem
2099 3698 2395 3759 sturionem
2424 3697 2874 3769 comprehensum
2899 3695 3175 3753 aﬂ'errent.
3194 3697 3269 3753 At
3302 3697 3376 3754 illi
3413 3698 3495 3754 di-

1909 3780 2109 3861 xerunt
2156 3790 2313 3863 longe
2340 3806 2460 3847 esse
2486 3790 2822 3865 praeteritum
2852 3798 3083 3861 tempus,
3116 3805 3223 3861 quo
3251 3789 3388 3849 tales
3414 3790 3498 3861 pi-

1911 3899 2033 3941 sces
2072 3884 2454 3955 comprehendi
2500 3892 2753 3955 poterant
2790 3883 2932 3956 (erat
2957 3883 3102 3949 enim
3147 3883 3203 3939 in
3242 3883 3492 3955 proximo

1910 3985 2124 4049 tempus
2174 3976 2412 4049 hiemis).
2471 3976 2678 4047 Quibus
2732 3975 2823 4032 ille
2872 3975 2994 4031 lzeto
3040 3974 3194 4032 vultu
3241 3977 3357 4033 ait:
3390 3977 3493 4044 Ite,

1911 4068 2029 4137 ﬁlii,
2058 4067 2221 4125 facite
2256 4084 2377 4140 qua:
2402 4068 2543 4135 dixi;
2573 4078 2768 4141 potens
2795 4076 2880 4125 est
2913 4068 3058 4125 Deus
3083 4068 3230 4124 omni
3259 4076 3504 4139 tempore

1914 4161 2087 4217 servis
2118 4163 2231 4218 suis
2276 4163 2582 4219 desiderata
2625 4170 2907 4233 praestare.
2956 4161 3063 4233 Ipsi
3093 4176 3222 4218 vero
3248 4161 3502 4231 precibus

1912 4253 2018 4310 viri
2046 4253 2140 4308 Dei
2174 4255 2350 4310 coacti
2378 4262 2660 4325 coeperunt
2688 4270 2839 4311 more
2866 4254 3026 4312 solito
3067 4261 3185 4311 rete
3209 4268 3308 4324 per
3334 4268 3503 4325 aquas

1912 4346 2151 4413 trahere,
2200 4356 2273 4412 et,
2325 4362 2481 4415 ecce,
2536 4348 2714 4404 subito
2759 4347 2984 4404 elevatis
3010 4346 3202 4411 oculis,
3246 4345 3502 4401 viderunt

1915 4453 2070 4494 avem
2115 4454 2367 4513 magnam
2417 4441 2829 4497 descendentem
2861 4440 2928 4497 de
2957 4438 3095 4499 coelo
3120 4454 3306 4495 coram
3334 4454 3413 4505 se,
3445 4444 3504 4497 et

1917 4531 2044 4586 dum
2087 4532 2292 4587 intente
2334 4532 2389 4608 in
2415 4532 2559 4587 illam
2590 4532 2866 4589 oculorum
2890 4530 3119 4602 figerent
3146 4531 3341 4597 aciem,
3366 4530 3506 4586 dixit

1919 4640 2061 4680 unus
2084 4627 2154 4681 ad
2177 4625 2409 4682 alterum
2438 4645 2451 4680 :
2478 4627 2619 4683 Vere
2660 4625 3065 4682 similitudinem
3105 4625 3270 4681 habet
3314 4624 3499 4696 piscis.

1919 4718 2241 4776 Mirantibus
2286 4719 2469 4791 itaque
2507 4719 2587 4774 eis
2629 4734 2694 4774 ac
2734 4732 2931 4789 pavore
2966 4719 3271 4789 perterritis
3308 4704 3506 4774 cecidit

1921 4812 2036 4891 ipsa
2064 4813 2230 4885 piscis
2258 4810 2462 4884 eﬂigies
2503 4811 2616 4866 sive
2660 4810 2776 4867 avis
2803 4825 2987 4867 coram
3032 4811 3166 4882 ipsis
3194 4811 3251 4866 in
3276 4824 3500 4882 aquam,

1921 4920 2156 4977 cumque
2197 4904 2266 4959 ad
2310 4904 2485 4975 ipsum
2531 4901 2711 4957 locum
2743 4903 3136 4973 pervenissent,
3183 4902 3407 4959 intravit
3442 4903 3501 4959 in

1921 4998 2139 5054 illorum
2163 5003 2279 5053 rete
2302 4993 2467 5067 piscis
2492 4993 2645 5049 miras
2673 4994 3084 5065 magnitudinis,
3115 5009 3276 5065 quem
3306 4994 3509 5051 sturio—

1919 5104 2045 5145 nem
2090 5100 2118 5130 ι
2166 5093 2379 5151 vocant,
2433 5101 2593 5157 quem
2640 5085 2725 5140 vir
2750 5085 2848 5141 Dei
2897 5085 3260 5143 desiderabat.
3316 5088 3389 5142 At
3428 5086 3509 5143 illi

1920 5180 2372 5250 comprehensum
2416 5176 2567 5232 illum
2595 5177 2898 5255 attulerunt
2924 5178 3043 5235 viro
3065 5177 3183 5245 Dei,
3219 5188 3509 5236 narrantes

1922 5256 2204 5345 miracula,
2235 5282 2358 5339 qua:
2401 5266 2621 5324 fuerunt
2664 5276 2836 5341 gesta.
2862 5267 3070 5337 Quibus
3099 5268 3211 5337 ille,
3241 5268 3508 5343 Agamus,

1922 5364 2120 5445 inquit,
2150 5361 2505 5432 omnipotenti
2534 5360 2646 5417 Deo
2669 5362 2893 5434 gratias,
2922 5363 3013 5433 qui
3038 5363 3131 5419 dat
3153 5379 3332 5421 escam
3360 5366 3509 5420 omni

1925 5457 2099 5513 carni.
2134 5454 2480 5512 Commonuit
2527 5454 2691 5511 etiam
2723 5471 2837 5521 eos,
2870 5471 2940 5513 ne
2966 5457 3072 5512 hoc
3115 5458 3259 5514 idem
3288 5472 3389 5528 pro
3414 5473 3509 5512 cu-

196 5550 308 5608 ine
344 5570 360 5605 :
393 5550 514 5608 Non
555 5552 630 5608 ita
676 5553 800 5622 erit,
847 5553 1044 5627 inquit,
1092 5551 1189 5627 sed
1231 5551 1287 5609 in
1334 5550 1523 5609 diebus
1570 5555 1677 5608 tuis
1703 5554 1821 5609 haec
1911 5548 2171 5620 jusquam
2211 5548 2502 5605 Sanctitate
2526 5547 2614 5606 vel
2652 5549 2866 5607 meritis
2892 5556 3076 5608 actum
3107 5563 3335 5607 narrare
3369 5563 3509 5621 prai-

197 5652 425 5713 erunt;
456 5658 557 5717 ego
598 5661 728 5703 vero
764 5654 977 5721 peStem
1022 5645 1172 5715 illam
1218 5644 1276 5702 in
1303 5645 1407 5701 hoc
1432 5659 1662 5717 corpore
1707 5659 1816 5700 non
1918 5647 2219 5699 sumerent.

196 5782 691 5917 ὠῩὲξοήἷων.
709 5783 963 5858 Antiquis
984 5782 1311 5849 Saxonibus,
1338 5789 1396 5837 ut
1415 5780 1577 5839 hodie
1600 5776 2152 5852 Septentrionalibus,
2177 5786 2289 5834 star
2310 5782 2568 5851 magnum
2600 5766 2889 5859 signiﬁcat,
2930 5782 2988 5834 et
3033 5774 3222 5853 Anglis
3257 5781 3398 5837 stare
3424 5780 3519 5841 est

341 5870 382 5913 υ
3042 5894 3047 5899 .

341 5870 601 5913 unauna.
3042 5894 3047 5899 -

743 5986 829 6014 Χ

3348 6020 3374 6028 α-
