4012 6364
499 443 610 507 785

1479 429 1572 486 AD
1611 427 1670 486 s.
1709 421 2015 484 LquEiu
2057 379 2351 479 scalpra
2385 410 2753 475 APPENDIX.

3671 405 3777 474 784

566 559 621 616 6.
659 556 793 613 Erat
818 551 879 609 S.
910 551 1191 622 Ludgerus
1213 549 1270 604 in
1290 544 1585 616 Scripturis
1613 543 1784 600 sacris
1826 557 1933 597 non
1965 555 2076 594 me-
2104 542 2156 602 Α
2179 541 2488 604 nuncupato
2528 528 2839 595 Billurbike,
2867 525 2960 583 ubi
3006 522 3312 582 inﬁrmatus
3361 524 3480 596 ipse
3525 537 3773 594 corpore,

501 649 759 708 diocriter
785 646 1047 708 eruditus,
1081 643 1219 698 sicut
1243 641 1296 693 in
1318 637 1456 691 libro
1502 637 1569 691 ab
1595 650 1660 690 eo
1693 633 1994 703 composito
2021 631 2088 685 de

506 745 628 800 Vita
657 737 1047 796 venerabilium
1076 734 1191 804 ejus
1220 732 1499 786 doctorum
1531 726 1777 797 Gregorii
1806 725 2011 779 scilicet
2037 730 2090 777 et

500 835 704 891 Albrici
757 839 940 902 aperte
978 829 1265 899 probatur;
1300 823 1395 878 sed
1443 831 1498 878 et
1525 819 1820 892 primordia
1850 818 1907 873 S.
1934 817 2093 873 Boni-

503 927 632 983 facii
684 926 944 981 adventus
997 927 1157 989 atque
1197 915 1568 980 ordinationis,
1625 930 1746 983 qua:
1797 912 2010 965 fuerant
2038 909 2093 963 in

503 1018 611 1072 alio
655 1015 914 1086 opusculo
970 1008 1367 1082 praetermissa,
1415 1006 1640 1078 pulchro
1678 1019 1925 1061 sermone
1982 1002 2096 1071 ipse

505 1107 847 1178 conscripsit.
874 1103 1163 1173 Discipulis
1181 1102 1344 1156 etiam
1371 1100 1484 1156 suis
1510 1113 1668 1154 mane
1691 1097 1882 1152 diebus
1907 1094 2095 1164 singu-

506 1201 575 1255 lis
598 1199 810 1255 tradere
831 1213 928 1268 per
955 1211 1012 1252 se
1041 1195 1300 1250 lectiones
1340 1208 1450 1247 non
1476 1189 1735 1262 neglexit,
1763 1196 1818 1244 et
1839 1185 2100 1258 quicquid

513 1293 573 1347 in
604 1292 775 1347 sacris
801 1289 1090 1346 Codicibus
1119 1287 1423 1343 faciendum
1467 1284 1688 1347 invenit,
1723 1282 1854 1337 illud
1890 1281 2100 1336 instan-

510 1383 718 1439 tissime
737 1381 944 1437 studuit
968 1381 1258 1436 observare
1287 1387 1342 1432 et
1369 1379 1583 1432 docere.
1607 1374 1837 1431 Caverat
1858 1387 2010 1442 ergo,
2032 1385 2101 1426 ne

508 1475 615 1531 sibi
638 1473 928 1543 aliquando
953 1487 1150 1528 nomen
1177 1470 1383 1525 faceret
1402 1468 1584 1533 inane,
1609 1474 1666 1521 et
1693 1466 1897 1520 idcirco
1913 1476 2104 1518 secun-

510 1568 640 1622 dum
667 1565 987 1636 Apostolum
1007 1565 1190 1620 omnia
1211 1569 1521 1618 mensurate
1560 1559 1740 1615 facere
1772 1556 2101 1626 concupivit.

511 1656 814 1721 Cucullam,
838 1671 904 1712 eo
947 1656 1090 1726 quod
1117 1653 1532 1725 promissionem
1565 1649 1961 1707 observationis
1991 1662 2108 1701 mo-

512 1751 815 1806 nachorum
837 1764 944 1804 non
976 1747 1202 1813 fecerat,
1234 1754 1452 1816 portare
1487 1743 1699 1807 desivit,
1735 1742 1893 1798 cilicii
1927 1749 2106 1795 tamen

513 1841 912 1906 indumentum,
931 1841 1075 1910 quod
1095 1839 1268 1910 magis
1287 1837 1545 1893 abscondi
1577 1835 1772 1905 potuit,
1795 1834 1863 1889 ad
1884 1846 2106 1888 carnem

512 1948 686 2004 usque
715 1934 782 1988 ad
805 1934 968 1988 ﬁnem
991 1933 1114 1987 vitae
1142 1948 1254 1988 suae
1277 1931 1483 1986 habuit.
1514 1928 1707 1984 Carnis
1746 1943 1897 1983 esum
1941 1923 2106 1980 certis
2135 1919 2182 1982 B

516 2025 850 2095 temporibus
877 2039 985 2078 non
1047 2023 1256 2102 renuit;
1292 2022 1544 2076 satiatum
1591 2027 1773 2074 tamen
1803 2017 1956 2072 illum
1984 2016 2106 2070 cibo

512 2115 600 2170 vel
621 2122 770 2184 potu,
799 2115 1187 2184 discipulorum
1212 2111 1327 2181 ejus
1348 2128 1508 2168 nemo
1545 2126 1784 2180 unquam
1811 2109 1974 2174 vidit;
2012 2105 2108 2178 sed

515 2223 639 2263 cum
671 2209 738 2264 ad
761 2225 818 2264 se
845 2224 994 2263 more
1027 2208 1185 2264 solito
1205 2223 1472 2278 pauperes
1504 2222 1568 2261 ac
1593 2205 1789 2259 divites
1810 2217 2108 2273 pransuros

517 2302 819 2368 invitasset,
854 2301 1028 2356 dulcia
1082 2308 1300 2356 :eterna:
1330 2301 1453 2355 vitae
1484 2299 1699 2354 illorum
1740 2297 1992 2352 cordibus
2021 2295 2109 2350 in-

520 2393 751 2449 fundere
783 2395 1104 2449 documenta
1131 2409 1238 2448 non
1268 2392 1520 2458 cessavit,
1546 2392 1617 2446 ita
1641 2399 1700 2445 ut
1722 2389 1842 2461 plus
1859 2387 2112 2457 spiritua-

522 2486 684 2552 libus,
736 2502 896 2556 quam
946 2486 1252 2542 carnalibus
1305 2485 1512 2540 deliciis
1560 2482 1739 2538 satiati
1784 2485 2107 2536 remearent.

519 2576 649 2630 Erat
675 2577 854 2646 itaque
877 2584 1028 2646 pater
1053 2592 1344 2647 egenorum
1370 2583 1425 2629 ct
1455 2576 1737 2644 despector
1781 2571 1863 2651 sui
1896 2586 1910 2623 :
1939 2578 1993 2625 et
2021 2583 2108 2624 se-

520 2669 756 2723 cundum
792 2667 1129 2738 Apostolum,
1171 2668 1251 2722 sic
1298 2684 1356 2722 se
1389 2667 1640 2721 omnibus
1669 2671 1920 2734 coaptare
1948 2677 2112 2717 cura-

518 2761 622 2825 vit,
649 2768 709 2815 ut
755 2761 1006 2816 omnibus
1030 2761 1287 2830 prodesse
1328 2760 1612 2830 potuisset.
1644 2758 1772 2812 Fuit
1810 2766 1989 2811 autem
2017 2771 2113 2810 cu-

521 2851 676 2920 piens
697 2852 875 2916 anxie,
905 2853 1080 2922 gratia
1108 2853 1358 2918 docendi,
1383 2851 1784 2906 Northmannos
1817 2850 1986 2918 adire,
2019 2850 2113 2906 sed

521 2954 622 2994 rex
644 2939 871 2994 Carolus
895 2941 1202 2996 nullatenus
1224 2934 1776 3011 assensum’przebuit.

596 3033 650 3086 7.
698 3031 942 3102 Cumque
989 3034 1330 3104 omnipotens
1377 3035 1517 3089 Deus
1563 3049 1854 3104 perennem
1911 3049 2117 3092 merce-

527 3123 652 3179 dem
668 3124 894 3179 reddere
923 3124 1034 3178 suis
1055 3124 1156 3194 piis
1184 3126 1374 3180 studiis
1396 3126 1738 3191 decrevisset,
1767 3131 1890 3182 ante
1911 3127 2116 3181 obitum

526 3231 683 3270 suum
703 3216 977 3285 aliquanto
1005 3225 1243 3287 tempore
1267 3220 1510 3288 corporis
1557 3220 1801 3274 molestia
1828 3220 2116 3290 depressus

2190 637 2250 684 ut
2275 644 2436 698 supra
2463 625 2765 690 retulimus,
2791 622 2885 678 sed
2911 620 3123 678 fervore
3149 619 3432 675 charitatis
3452 618 3666 673 validus
3689 621 3780 674 de-

2192 734 2318 781 vote
2335 724 2621 778 missarum
2642 721 2830 775 ultima
2861 717 3155 774 celebravit
3179 715 3467 782 solemnia;
3494 714 3587 769 ubi
3617 715 3777 773 etiam

2193 817 2308 886 ipsa
2361 813 2708 884 subsequenti
2739 819 2897 867 nocte
2942 809 3321 865 assistentibus
3352 805 3632 877 discipulis
3655 805 3781 861 dile—

2195 919 2336 965 ctam
2365 909 2593 964 Domino
2623 907 2857 963 reddidit
2883 905 3139 960 animam.
3185 903 3244 957 In
3272 902 3386 973 ipsa
3415 900 3584 972 igitur
3609 899 3782 954 exitus

2197 1005 2278 1060 sui
2306 1004 2440 1058 hora
2467 1001 2767 1058 clementia:
2797 1015 2907 1055 sum
2934 997 3194 1054 Dominus
3221 995 3472 1066 dignatus
3493 1000 3575 1048 est
3606 1002 3783 1048 osten-

2200 1099 2329 1154 dere
2351 1097 2585 1169 signum.
2614 1094 2750 1150 Nam
2775 1092 3056 1150 Gerfridus
3083 1092 3364 1164 presbyter
3392 1103 3560 1160 nepos
3589 1084 3708 1156 ejus
3735 1093 3784 1140 et

2200 1179 2481 1248 successor
2505 1207 2627 1247 cum
2653 1196 2813 1244 nocte
2842 1187 3033 1243 eadem
3058 1201 3164 1240 una
3191 1199 3313 1239 cum
3347 1172 3634 1243 fratribus,
3663 1191 3785 1248 gra-

2199 1286 2276 1342 tia
2299 1283 2574 1349 visitandi,
2600 1282 2666 1336 ad
2690 1281 2843 1335 illum
2874 1277 3102 1332 festinus
3126 1281 3494 1347 properasset,
3526 1278 3585 1326 et
3605 1267 3788 1340 paulu-

2201 1378 2312 1433 lum
2337 1377 2511 1433 adhuc
2531 1375 2743 1431 itineris
2762 1380 3086 1434 remaneret,
3112 1369 3365 1424 viderunt
3385 1374 3511 1421 ante
3533 1377 3595 1419 se
3617 1361 3788 1416 lumen

2203 1486 2478 1543 magnum,
2512 1468 2666 1540 quasi
2693 1467 2870 1538 ignem
2900 1464 2954 1520 in
2981 1461 3209 1518 sublime
3232 1459 3545 1521 ascendere,
3578 1469 3647 1510 ac
3671 1467 3791 1509 cun-

2204 1575 2320 1622 etas
2337 1573 2493 1618 tetras
2521 1561 2696 1616 noctis
2725 1559 2868 1613 illius
2897 1555 3159 1627 ell‘ugasse
3184 1553 3455 1609 tenebras.
3480 1549 3551 1605 Et
3571 1547 3787 1618 perhoc

2205 1656 2388 1712 statim
2425 1654 2683 1710 indicium
2730 1651 3089 1722 intelligentes
3139 1646 3312 1704 sancti
3362 1661 3427 1701 ac
3471 1637 3792 1699 venerabilis

2205 1751 2309 1807 viri
2342 1751 2569 1817 obitum,
2620 1746 2763 1819 quod
2801 1745 3070 1816 reliquum
3109 1750 3229 1798 erat
3259 1741 3385 1807 viae,
3437 1752 3562 1794 cum
3609 1748 3793 1805 magna

2206 1842 2492 1898 velocitate
2521 1843 2864 1910 peregerunt,
2889 1833 3109 1904 jamque
3148 1847 3274 1888 eum
3316 1828 3634 1887 defunctum
3661 1826 3796 1880 inve-

2209 1941 2426 2000 nerunt,
2459 1942 2514 1988 et
2567 1931 2837 1987 subtiliter
2876 1928 3235 1997 requirentes,
3277 1926 3619 1995 agnoverunt
3667 1915 3796 1987 quod

2193 2010 2401 2084 'eodem
2426 2032 2702 2080 momento
2720 2021 2835 2076 veri
2875 2018 3096 2074 luminis
3133 2016 3380 2072 assiduus
3410 2011 3721 2083 Speculator
3743 2014 3791 2064 et

2213 2109 2422 2174 amator
2451 2117 2706 2189 migravit
2726 2116 2794 2172 ad
2817 2115 3128 2183 Dominum,
3145 2129 3254 2184 quo
3270 2112 3350 2169 eis
3369 2109 3474 2166 fuit
3493 2124 3597 2181 per
3625 2105 3794 2160 lumen

2213 2222 2510 2268 ostensum.

2285 2302 2338 2357 8.
2359 2301 2542 2372 °lgitur
2562 2299 2808 2372 discipuli
2834 2315 2944 2356 non
2986 2299 3356 2363 immemores,
3387 2292 3629 2366 qualiter
3649 2292 3659 2346 Τ
3674 2288 3795 2346 idem

2216 2394 2472 2454 sacerdos
2498 2393 2710 2450 Domini
2738 2393 3075 2463 disposuerat
3103 2391 3280 2447 adhuc
3301 2386 3508 2454 vivens,
3529 2393 3596 2440 ut
3621 2384 3679 2440 in
3696 2381 3799 2437 loco

2215 2495 2524 2556 nuncupata
2553 2484 2861 2550 Werthina,
2891 2483 2982 2538 ubi
3013 2483 3070 2538 in
3108 2481 3424 2537 haereditate
3470 2475 3697 2549 propria
3742 2471 3799 2527 ob

2217 2579 2585 2637 habitaculum
2615 2579 3004 2634 monachorum
3032 2576 3087 2631 in
3135 2575 3341 2630 honore
3386 2572 3443 2628 S.
3491 2567 3799 2629 Salvatoris,

2217 2681 2419 2728 sanctae
2440 2672 2537 2726 Dei
2568 2669 2870 2742 genitricis,
2903 2670 3183 2738 sanctique
3220 2665 3588 2737 apostolorum
3620 2658 3798 2732 princi-

2215 2763 2301 2834 pis
2328 2761 2478 2817 Petri
2506 2764 2622 2833 ipse
2649 2761 2955 2817 construxit
3005 2760 3312 2824 ecclesiam,
3351 2757 3470 2829 ejus
3499 2753 3803 2824 scpeliretur

2219 2874 2436 2928 corpus.
2473 2857 2577 2913 Sed
2608 2873 2731 2913 cum
2782 2857 2852 2912 ad
2904 2858 3009 2913 hoc
3055 2856 3343 2928 agendum,
3394 2850 3629 2923 populus
3678 2847 3804 2904 illius

2220 2959 2406 3006 sancta
2437 2950 2684 3006 recolens
2711 2950 2925 3016 merita,
2976 2951 3324 3004 vehementer
3353 2945 3656 3007 resisteret,
3687 2940 3803 2994 inito

2221 3042 2447 3098 consilio
2477 3044 2546 3097 ad
2571 3042 2962 3097 monasterium
2991 3041 3058 3096 ab
3078 3055 3144 3095 eo
3157 3046 3531 3095 constructum
3559 3029 3804 3090 vocabulo

2222 3133 2686 3204 Mimigerneford,
2718 3135 2786 3189 de
2832 3149 2940 3205 quo
2987 3134 3099 3205 jam
3143 3131 3391 3202 superius
3413 3129 3666 3190 diximus,
3698 3139 3805 3197 per-

2221 3227 2494 3281 duxerunt
2525 3225 2684 3290 illud;
2719 3232 2881 3295 atque
2917 3224 2970 3278 in
2998 3223 3228 3280 ecclesia
3275 3229 3478 3277 sanctae
3528 3218 3705 3274 Marize
3732 3216 3806 3269 in-

525 3315 629 3363 est.
658 3306 717 3362 In
745 3308 1057 3364 infirmitate
1088 3317 1267 3364 tamen
1294 3311 1501 3380 positus
1529 3320 1786 3367 consueto
1815 3327 1964 3366 more
1991 3326 2116 3366 san—
2143 3291 2190 3354 ο
2220 3316 2504 3371 humatum
2535 3291 2886 3385 reliquerunt,
2931 3315 3107 3370 donec
3157 3297 3482 3368 venerabilis
3537 3309 3806 3380 episcopus

528 3398 632 3452 ctis
660 3414 874 3469 seraper
902 3399 1112 3455 actibus
1143 3401 1504 3457 intentissime
1530 3411 1767 3459 mentem
1812 3403 2117 3475 occupavit,

528 3497 622 3544 aut
649 3490 703 3544 in
725 3491 1047 3548 lectionibus
1072 3494 1240 3548 sacris
1269 3493 1555 3562 audiendo,
1579 3505 1670 3551 aut
1692 3496 1746 3550 in
1766 3495 1996 3551 Psalmis
2023 3511 2117 3551 ca-

530 3585 727 3651 nendo,
756 3582 841 3640 vel
871 3584 1034 3640 etiam
1062 3583 1116 3639 in
1145 3585 1266 3640 aliis
1291 3586 1623 3655 quibuslibet
1665 3588 1829 3642 rebus
1866 3587 2122 3656 spiritua-

528 3679 674 3734 libus
704 3679 946 3750 agendo;
980 3696 1051 3735 ne
1081 3695 1320 3749 unquam
1347 3696 1376 3734 a
1407 3696 1640 3751 superna
1665 3680 2122 3751 contemplatione

531 3771 789 3826 dissoluta
834 3788 988 3828 mens
1033 3781 1352 3842 tepesceret,
1402 3782 1456 3830 et
1488 3790 1624 3844 pene
1654 3775 1842 3829 diebus
1893 3774 2124 3845 singulis

530 3865 822 3920 missarum
852 3875 1188 3921 sacramenta
1209 3867 1459 3937 quamvis
1483 3875 1719 3938 :egrotus
1763 3883 2007 3937 corpore,
2042 3867 2124 3920 in-

533 3954 788 4027 fatigatus
814 3967 994 4013 tamen
1017 3959 1196 4014 animo
1227 3959 1536 4014 celebravit.
1579 3959 1702 4029 Ipso
1741 3975 1870 4014 vero
1897 3960 1983 4014 die
2013 3961 2123 4016 Do-

536 4047 756 4114 minico,
777 4066 897 4104 cum
915 4049 970 4104 in
993 4052 1341 4121 subsequenti
1364 4059 1520 4106 nocte
1544 4052 1608 4106 de
1629 4053 1733 4107 hoc
1754 4052 1952 4107 mundo
1978 4061 2126 4108 esset

536 4139 711 4196 iturus
755 4142 821 4197 ad
861 4142 1166 4207 Dominum,
1197 4144 1348 4214 quasi
1387 4141 1710 4198 valefaciens
1755 4144 1976 4199 creditis
2019 4144 2123 4200 sibi

536 4233 786 4288 omnibus
812 4234 866 4288 in
895 4236 1105 4291 duabus
1129 4236 1240 4290 suis
1267 4235 1513 4290 ecclesiis
1535 4235 1745 4306 publice
1784 4236 2120 4306 praedicavit,

540 4340 696 4379 mane
741 4325 943 4381 scilicet
986 4327 1040 4380 in
1083 4327 1220 4391 loco,
1274 4327 1366 4394 qui
1391 4326 1586 4382 dicitur
1611 4327 1861 4394 Coasfelt,
1894 4337 2123 4384 canente

539 4418 852 4490 presbytero
877 4420 1116 4486 missam,
1151 4427 1206 4474 et
1243 4420 1388 4476 circa
1435 4421 1624 4477 horam
1672 4426 1889 4481 tertiam
1919 4427 1975 4481 in
2002 4427 2121 4483 loco

557 4548 2615 4576 Mm

2220 3407 2464 3464 ecclesiae
2495 3406 2904 3472 Cadolonensis,
2937 3406 3290 3478 Hildigrimus
3329 3405 3562 3467 nomine,
3602 3411 3802 3469 germa—

2229 3514 2334 3554 nus
2365 3497 2608 3568 ejusdem
2636 3497 2739 3551 viri
2770 3495 2866 3552 Dei
2895 3504 3056 3566 atque
3103 3495 3347 3552 eruditus
3395 3492 3465 3548 ab
3500 3506 3582 3557 eo,
3629 3492 3802 3559 ageret

2225 3608 2346 3648 cum
2370 3591 2606 3662 glorioso
2634 3605 2761 3661 rege
2787 3590 3002 3657 Carolo,
3031 3599 3091 3644 ut
3129 3589 3245 3660 ejus
3295 3587 3547 3659 imperio,
3578 3584 3681 3638 imo
3714 3577 3808 3633 Dei

2227 3685 2472 3753 consilio,
2502 3686 2556 3739 in
2584 3684 2724 3751 loco,
2757 3685 2847 3740 ubi
2879 3685 2992 3754 ipse
3018 3684 3175 3739 vivus
3211 3683 3552 3745 decreverat,
3578 3681 3812 3733 sanctum

2227 3779 2373 3836 illius
2421 3781 2749 3836 conderetur
2801 3793 3016 3849 corpus,
3069 3786 3224 3833 extra
3268 3774 3557 3831 ecclesiam
3594 3771 3648 3825 in
3672 3773 3814 3838 parte

2228 3874 2477 3939 orientis,
2507 3882 2568 3928 ut
2600 3871 2840 3942 iusserat
2877 3873 2990 3943 ipse
3022 3890 3035 3926 :
3074 3888 3183 3928 non
3231 3869 3375 3926 enim
3419 3875 3544 3922 erat
3589 3875 3816 3931 unquam

2230 3967 2595 4032 consentiens,
2619 3975 2681 4020 ut
2707 3965 2760 4020 in
2780 3965 3012 4021 ecclesia
3038 3981 3134 4019 sua
3157 3968 3475 4019 consecrata
3505 3956 3816 4028 sepeliretur

2231 4074 2427 4130 corpus
2452 4060 2769 4115 humanum.
2817 4059 3115 4114 Defunctus
3143 4066 3228 4114 est
3268 4057 3454 4125 itaque
3482 4066 3630 4106 anno
3656 4043 3819 4102 domi-

2231 4153 2368 4207 nicae
2425 4153 2815 4208 incarnationis
2867 4150 3314 4222 octingentesimo
3368 4161 3544 4210 nono,
3603 4139 3819 4210 septima

2229 4244 2504 4300 Kalendas
2524 4243 2744 4316 Aprilis,
2776 4252 2831 4299 et
2858 4243 3135 4309 tricesimo
3164 4237 3402 4296 secundo
3427 4237 3516 4292 die
3545 4234 3627 4290 sui
3652 4224 3820 4286 sancti

2225 4338 2426 4406 obitus,
2453 4339 2556 4395 hoc
2582 4347 2684 4406 est,
2715 4347 2867 4394 sexto
2893 4337 3164 4393 Kalendas
3177 4334 3304 4390 Maii
3326 4330 3560 4389 mirifice
3577 4327 3820 4397 fragrans

2225 4430 2281 4486 in
2309 4431 2499 4488 eodem
2527 4434 2647 4490 loco
2670 4433 2910 4504 sepultus
2931 4440 3030 4489 est.

2619 4531 3816 4576 ...ᾔ-..Μ

1749 4659 2054 4739 LIBER
2115 4663 2597 4745 TERTIUS.

2001 4805 2353 4825 *η

615 4877 667 4934 1.
703 4880 894 4935 Divina
921 4880 1086 4951 igitur
1110 4879 1344 4936 donante
1391 4879 1699 4947 clementia,
1731 4888 1793 4936 ut
1820 4880 1978 4937 vivus
2005 4887 2131 4938 ante
2156 4885 2210 4946 D
2238 4878 2456 4954 proprio
2479 4881 2711 4946 vocavit,
2742 4879 2926 4936 dicens
2955 4891 2967 4932 :
2999 4872 3548 4948 Irmenger,'vigilas?
3573 4868 3670 4940 Qui
3703 4879 3823 4926 cum

544 4973 869 5029 desideravit
897 4973 1165 5044 profuisse
1194 4973 1397 5039 multis,
1427 4974 1504 5028 sic
1531 4974 1692 5028 etiam
1733 4982 1855 5043 post
1882 4973 1998 5045 ejus
2018 4972 2132 5029 obi-

546 5075 659 5120 tum
691 5075 875 5120 sancta
901 5065 1045 5119 illius
1089 5067 1282 5118 merita
1309 5064 1590 5136 suffragari
1620 5083 1725 5120 non
1751 5075 1986 5134 cessant,
2016 5068 2136 5137 qui-

545 5157 770 5212 busdam
797 5156 954 5226 longe
978 5155 1337 5221 manentibus,
1371 5156 1688 5225 quibusdam
1711 5158 1874 5211 etiam
1903 5157 1968 5211 ad
1992 5157 2136 5213 illius

545 5247 851 5317 sepulcrum
900 5247 1203 5302 meantibus
1227 5287 1241 5312 ,
1295 5247 1412 5302 aliis
1451 5264 1578 5303 vero
1618 5248 1726 5303 illic
1770 5249 2132 5318 manentibus,

545 5337 631 5391 vel
661 5337 783 5391 inde
809 5338 1026 5391 domum
1052 5338 1433 5405 redeuntibus;
1461 5355 1528 5394 ex
1556 5338 1751 5409 quibus
1774 5353 1858 5406 ea,
1905 5355 2024 5408 quae
2067 5339 2136 5396 ad

547 5429 866 5483 memoriam
896 5429 1140 5494 veniunt,
1163 5428 1492 5484 intimamus.

619 5519 748 5574 Fuit
773 5520 990 5590 quidam
1021 5519 1074 5574 in
1101 5534 1238 5589 pago
1286 5518 1486 5591 North
1528 5521 1852 5594 lrmingerus
1895 5523 2136 5590 nomine,

551 5615 644 5684 qui
673 5613 848 5668 eidem
866 5620 1054 5667 sancto
1079 5613 1324 5684 Ludgero
1354 5613 1408 5666 in
1423 5611 1706 5681 juventute
1730 5615 2019 5680 serviebat,
2051 5613 2140 5669 cui

551 5705 794 5775 contigit,
822 5711 883 5759 ut
909 5704 1091 5760 lumen
1117 5703 1393 5760 oculorum
1445 5705 1737 5773 amitteret,
1777 5714 1834 5762 et
1879 5704 2140 5760 tredecim

553 5799 712 5855 annis
735 5799 1008 5854 continuis
1028 5799 1084 5854 in
1105 5799 1348 5855 caecitate
1378 5801 1696 5871 permansit.
1711 5799 1808 5855 Cui
1829 5808 1988 5855 nocte
2008 5813 2142 5868 qua-

555 5889 680 5952 dam
695 5899 914 5956 sanctus
932 5891 1018 5955 Vir
1028 5881 1128 5967 per
1139 5892 1404 5958 visionem
1419 5894 1688 5966 apparuit,
1705 5900 1760 5951 et
1780 5907 1903 5951 cum
1924 5890 2145 5949 nomine
2178 5968 2200 5986 ν

2238 4989 2296 5029 se
2319 4968 2544 5042 vigilare
2569 4971 2802 5035 diceret;
2838 4965 3012 5039 tetigit
3040 4963 3236 5022 faciem
3263 4963 3380 5036 ejus
3401 4963 3620 5019 dicens:
3654 4955 3824 5015 Sicuti

2239 5065 2460 5136 reliqua:
2490 5067 2594 5120 hoc
2621 5066 2675 5120 in
2699 5063 2818 5118 loco
2869 5061 3018 5117 color
3056 5057 3333 5115 dissimilis
3379 5053 3712 5128 apparuerit,
3744 5051 3826 5105 dic

2240 5159 2470 5214 Dindoni
2499 5158 2716 5212 domino
2749 5165 2862 5222 tuo,
2893 5163 2955 5211 ut
2982 5161 3036 5210 te
3067 5153 3228 5208 faciat
3248 5151 3432 5207 venire
3457 5149 3527 5205 ad
3547 5145 3826 5203 ecclesiam

2241 5264 2420 5306 meam
2446 5249 2502 5304 in
2525 5250 2829 5314 Werthina,
2858 5263 3023 5319 quam
3067 5246 3265 5302 ibidem
3300 5242 3530 5298 Domino
3554 5235 3826 5296 fabricavi,

2240 5343 2334 5399 ubi
2360 5343 2525 5398 etiam
2551 5356 2748 5412 corpus
2774 5355 2955 5395 meum
2981 5337 3257 5409 sepultura
3285 5333 3504 5406 tegitur,
3551 5340 3608 5384 et
3633 5328 3702 5382 ibi
3727 5325 3832 5380 Do-

2243 5435 2392 5488 mino
2417 5433 2678 5504 largiente
2729 5431 2912 5488 lumen
2965 5430 3245 5486 oculorum
3289 5422 3542 5494 recipies.
3581 5419 3679 5488 Qui
3707 5430 3832 5472 cum

2241 5526 2423 5580 taliter
2450 5524 2643 5580 fuisset
2669 5523 2997 5584 admonitus,
3026 5515 3270 5571 narravit
3297 5514 3522 5570 domino
3542 5526 3639 5568 suo
3670 5506 3831 5580 quale

2242 5629 2274 5668 a
2304 5619 2492 5667 sancto
2520 5609 2638 5665 viro
2663 5609 2976 5665 mandatum
3015 5615 3320 5677 acceperat,
3359 5612 3417 5678 et
3458 5601 3640 5668 simul,
3686 5597 3833 5670 quod

2242 5702 2401 5758 faciei
2447 5699 2565 5769 ejus
2607 5701 2938 5772 imposuerat
2981 5691 3214 5770 signum,
3244 5679 3501 5761 ostendit,
3540 5692 3677 5766 quod
3713 5693 3835 5742 erat

2235 5795 2392 5866 juxta
2420 5794 2647 5850 verbum
2670 5793 2766 5850 Dei
2787 5792 2891 5847 viri
2912 5789 3174 5848 dissimile
3205 5789 3315 5844 cuti
3344 5787 3568 5858 reliquae
3585 5779 3834 5839 omnibus

2247 5886 2434 5950 diebus
2461 5887 2585 5946 vitae
2606 5901 2736 5958 suae.
2786 5883 2943 5946 Tunc
2974 5881 3224 5944 dominus
3251 5895 3385 5944 suus
3411 5892 3520 5941 una
3536 5887 3675 5944 cum
3699 5883 3844 5930 00m
