4012 6364
252 471 358 531 785

1569 467 1752 526 acra
1791 428 1849 525 εξ.
1889 467 2210 527 LUDGERI.

3422 480 3526 537 786

232 589 366 661 juge
394 604 493 646 sua
520 585 587 643 ad
617 584 865 641 eumdem
909 566 1086 641 locum
1129 583 1548 657 gratulabundus
1573 599 1824 655 pergens,
1854 584 1910 643 Α
1931 581 2107 638 baculi
2144 598 2242 655 per
2267 583 2382 642 dies
2404 584 2681 657 plurimos.
2723 588 2965 661 Cumque
3009 596 3165 664 pater
3201 591 3346 649 illius
3385 592 3525 665 Sigi-

236 700 428 743 secum
459 684 635 754 ipsum
664 678 1019 749 lrmingerum
1048 678 1217 733 duxit.
1268 677 1503 748 Contigit
1544 676 1731 741 etiam,
1771 683 1831 730 ut

237 779 557 836 Gerfridum
576 777 887 847 episcopum
916 775 974 831 S.
996 776 1226 844 Ludgeri
1258 784 1506 846 nepotem
1538 783 1593 828 et
1610 790 1827 830 succes-

235 892 420 932 sorem
448 888 556 929 una
576 888 699 928 cum
721 871 981 926 fratribus
1000 877 1056 925 et
1080 870 1361 925 monachis
1405 869 1710 926 invenirent
1730 868 1825 934 ibi,

232 970 436 1039 quibus
467 982 590 1022 cum
605 973 757 1036 gesta
777 971 1082 1028 narrarent,
1106 961 1351 1017 fecerunt
1370 961 1617 1017 eumdem
1638 958 1831 1015 Irmin-

231 1074 428 1131 gerum
479 1059 535 1113 in
588 1057 810 1128 prtefata
857 1055 1172 1111 ecclesiaea
1198 1062 1357 1109 nocte
1392 1052 1596 1123 jacere,
1638 1053 1691 1106 in
1720 1068 1827 1123 qua

167 1180 185 1249 λ
233 1169 360 1208 cum
392 1159 604 1207 orasset
633 1157 687 1205 et
726 1149 1024 1221 vigilasset,
1049 1147 1302 1203 continuo
1343 1162 1441 1215 per
1466 1146 1561 1200 Dei
1594 1145 1827 1249 gratiam

230 1244 419 1299 lumen
442 1242 723 1299 oculorum
746 1240 950 1310 recepit
973 1240 1266 1295 secundum
1294 1240 1458 1293 verba
1483 1237 1587 1291 viri
1614 1236 1728 1291 Dei.
1767 1236 1826 1290 ln

228 1338 427 1393 eadem
454 1344 613 1391 nocte
628 1336 771 1391 circa
795 1334 1059 1404 gallorum
1076 1341 1318 1397 cantum,
1340 1338 1465 1386 ante
1516 1331 1823 1400 sepulcrum

228 1430 334 1484 viri
371 1428 470 1483 Dei
517 1427 713 1483 mulier
735 1426 982 1497 quzedam
1014 1423 1315 1496 paralytica
1354 1432 1574 1494 repente
1602 1423 1822 1478 sanitati

226 1523 481 1593 corporis
501 1523 751 1578 restituta
778 1529 882 1585 est,
912 1530 967 1575 et
996 1519 1129 1575 abiit
1149 1518 1824 1591 incolumis,magnificans

226 1618 427 1683 Deum,
454 1618 547 1687 qui
575 1632 675 1687 per
699 1630 916 1672 servum
945 1630 1103 1670 suum
1123 1622 1235 1669 tam
1267 1613 1445 1669 subito
1468 1628 1589 1668 eam
1631 1627 1823 1667 curare

224 1710 486 1781 dignatus
508 1718 612 1765 est.

294 1801 353 1854 2.
391 1799 451 1855 ln
477 1815 613 1871 pago
636 1798 877 1870 Suderge
902 1798 1036 1873 [Αι.,
1070 1798 1367 1872 Sudergoe]
1400 1807 1645 1853 matrona
1677 1814 1821 1868 quaa-

221 1894 353 1949 dam
406 1891 624 1946 nomine
672 1890 960 1964 Sigibureh
989 1892 1237 1947 colonum
1270 1892 1457 1947 habuit
1500 1892 1820 1946 Reinoldum

1933 674 2121 731 bertus
2142 678 2377 745 nomine,
2395 678 2509 749 jam
2532 689 2659 737 tunc
2678 684 2975 740 monachus
2991 692 3225 743 tractare
3245 689 3521 759 cmpisset,

1934 765 1981 820 si
2010 768 2189 837 aliqua
2215 771 2547 827 medicorum
2588 776 2869 832 curatione
2898 780 3197 834 contractio
3232 797 3524 837 nervorum

1933 859 2051 929 ejus
2079 861 2309 917 relaxari
2335 866 2631 934 potuisset;
2661 884 2787 923 ecce
2810 871 3064 926 sacerdos
3081 872 3293 928 Domini
3316 873 3527 945 Ludge-

1933 965 2027 1006 rus
2053 953 2228 1008 eidem
2253 956 2576 1013 scholastico
2604 959 2657 1013 in
2683 970 2833 1017 veste
2868 965 3186 1019 sacerdotali
3212 966 3439 1021 cidarim
3468 968 3527 1021 in

1931 1045 2108 1115 capite
2133 1057 2373 1118 gestans,
2394 1066 2491 1121 per
2518 1053 2779 1108 visionem
2810 1058 3077 1126 apparuit,
3109 1058 3294 1114 dicens
3324 1080 3335 1113 :
3367 1060 3523 1124 Vide,

1930 1153 2000 1192 ne
2024 1154 2122 1207 pro
2156 1156 2243 1207 eo,
2273 1144 2414 1211 quod
2436 1147 2657 1213 pateris,
2676 1150 2949 1203 carnalem
2975 1150 3168 1206 alicubi
3200 1154 3527 1209 medicinam

1930 1244 2174 1298 quaerere
2196 1238 2661 1305 przesumas;quia
2687 1240 2732 1293 si
2759 1240 2862 1295 hoc
2891 1240 3104 1307 feceris,
3125 1244 3327 1298 nullam
3354 1246 3527 1315 ipsius

1930 1322 2302 1379 medicaminis
2345 1328 2679 1383 curationem
2734 1332 2985 1401 recipies,
3033 1342 3088 1388 et
3138 1335 3388 1390 similiter
3425 1351 3526 1406 pro

1928 1412 2148 1470 levitate
2162 1432 2226 1471 ac
2239 1420 2429 1487 puerili
2457 1422 2754 1477 mobilitate
2770 1424 3203 1495 increpavitenm
3228 1436 3282 1481 et
3307 1429 3525 1484 absces.

1926 1505 2016 1560 sit.
2045 1506 2199 1563 Mane
2219 1520 2400 1565 autem
2430 1512 2594 1578 facto,
2627 1517 2868 1570 narravit
2895 1534 3015 1587 quae
3041 1518 3250 1572 viderat
3275 1538 3286 1572 :
3319 1529 3374 1575 et
3398 1536 3523 1575 cum

1927 1598 2018 1652 die
2044 1602 2231 1656 eodem
2259 1605 2494 1674 peractis
2511 1608 2834 1675 vespertinis
2860 1609 3105 1665 laudibus
3127 1611 3347 1666 domum
3374 1614 3525 1668 infir-

1928 1708 2163 1760 morum,
2197 1696 2251 1749 in
2279 1712 2381 1765 qua
2409 1698 2457 1751 ci
2485 1699 2664 1768 priore
2695 1708 2851 1755 nocte
2877 1702 2961 1756 vir
2989 1712 3206 1757 sanctus
3234 1720 3332 1773 per
3358 1705 3524 1760 visio-

1928 1803 2051 1842 nem
2084 1791 2349 1860 apparuit,
2383 1792 2655 1856 intrasset,
2708 1796 3053 1850 cernentibus
3098 1795 3376 1863 fratribus,
3427 1799 3523 1866 qui

1928 1880 2040 1935 illic
2066 1883 2292 1937 aderant
2320 1899 2386 1937 ex
2418 1884 2616 1953 templo
2663 1887 2730 1939 ad
2778 1896 2978 1942 terram
3011 1891 3232 1955 corruit,
3262 1899 3317 1945 et
3340 1900 3523 1946 erecta

221 1986 467 2049 nomine,
501 1983 655 2053 cujus
681 2002 817 2042 uxor
848 1986 1004 2057 longa
1047 1987 1364 2058 aegritudine
1391 1987 1643 2056 depressa
1670 1986 1820 2055 jace-
1852 1975 1900 2036 B
1925 1981 2010 2027 est
2036 1972 2151 2040 ejus
2180 1973 2310 2027 tibia
2340 1975 2456 2029 sine
2485 1976 2687 2041 dolore,
2720 1979 3144 2050 audiebaturque
3165 1982 3373 2037 sonitus
3398 1999 3522 2037 ner-

220 2080 340 2143 bat,
368 2094 433 2133 ac
465 2094 602 2148 pene
628 2079 963 2147 corporalem
986 2080 1269 2148 desperata
1294 2080 1541 2133 salutem.
1570 2076 1702 2132 Cum
1726 2078 1823 2148 igi-

219 2179 310 2225 tur
359 2178 520 2225 noctc
584 2171 817 2241 quadam
864 2172 1006 2226 inter
1063 2188 1206 2241 mgra
1256 2170 1487 2241 suspiria
1545 2168 1822 2239 paululum

216 2261 470 2316 membra
524 2260 734 2316 defessa
768 2261 1081 2317 laberentur
1116 2262 1169 2316 in
1228 2278 1494 2327 somnum,
1549 2261 1683 2315 vidit
1724 2276 1822 2329 per

217 2354 496 2409 somnium
542 2355 829 2424 quemdam
874 2356 1216 2411 assistentem
1260 2362 1314 2409 et
1361 2354 1631 2409 dicentem
1673 2354 1819 2410 sibi:

218 2445 475 2516 Loquere
520 2462 645 2502 cum
672 2446 921 2519 Ludgero
951 2449 1221 2519 episcopo.
1270 2447 1341 2502 At
1386 2447 1495 2511 illa,
1526 2455 1587 2500 ut
1630 2454 1817 2515 postea

217 2553 452 2593 narrare
473 2538 698 2605 solebat,
735 2555 835 2593 nec
864 2540 1102 2610 graviter
1134 2540 1426 2605 dormiens,
1460 2555 1559 2594 nec
1583 2539 1820 2609 perfecte

217 2629 473 2698 vigilans,
502 2629 638 2684 vidit
655 2630 803 2685 illum
826 2639 1059 2686 stantem
1082 2632 1149 2685 ad
1169 2631 1432 2686 orientem
1453 2646 1773 2687 conversum
1802 2649 1814 2685 :

218 2738 460 2792 cumque
474 2738 599 2777 eum
626 2723 827 2794 alloqui
851 2740 958 2778 non
976 2732 1345 2795 praesumeret,
1377 2724 1463 2779 ille
1486 2740 1646 2779 verso
1668 2724 1819 2778 vultu

216 2814 283 2868 ad
306 2829 434 2869 eam
464 2814 639 2883 inquit
666 2827 681 2868 :
704 2814 930 2871 Probavi
956 2817 1271 2887 patientiam
1308 2826 1475 2881 tuam,
1500 2816 1818 2886 patientiam

219 2906 421 2961 habeto
448 2914 502 2961 et
528 2905 787 2961 Dominus
815 2909 1029 2964 curabit
1058 2918 1129 2962 te.
1158 2908 1431 2979 Completa
1456 2924 1584 2979 ergo
1609 2909 1817 2964 visione

216 3004 435 3052 tantum
462 2999 707 3068 vigorem
727 3002 936 3070 accepit
964 3017 1160 3072 corpus
1186 3002 1323 3071 ejus,
1370 3010 1431 3054 ut
1457 3017 1592 3071 pene
1639 3002 1706 3055 ab
1753 3017 1817 3056 ea

217 3090 507 3144 tolleretur
532 3092 789 3146 memoria
813 3093 1011 3163 prioris
1062 3093 1351 3159 molestiae;
1388 3102 1442 3147 et
1478 3092 1621 3147 facto
1658 3108 1817 3147 mane

215 3178 340 3236 laeta
370 3183 631 3247 surrexit,
682 3199 912 3238 narrans
959 3185 1202 3240 ordinem
1245 3200 1355 3240 sua:
1384 3184 1813 3239 restaurationis.

215 3275 316 3329 Vir
341 3283 527 3329 autem
553 3275 669 3344 ejus
696 3284 750 3331 et
775 3275 870 3331 filii
895 3292 1018 3331 cum
1056 3275 1259 3331 familia
1305 3279 1700 3348 congaudentes
1724 3277 1815 3330 he—

1922 2083 2113 2122 vorum
2140 2070 2193 2122 in
2220 2070 2439 2140 paplite,
2489 2087 2551 2126 ac
2596 2073 2639 2125 si
2689 2073 2799 2128 illic
2829 2085 3102 2130 sarmenta
3135 2078 3277 2131 sicca
3309 2076 3523 2148 frange-

1925 2172 2133 2227 rentur,
2165 2169 2219 2218 et
2249 2165 2487 2219 surrexit
2509 2167 2764 2222 continuo
2791 2185 2977 2234 sanus,
3006 2169 3138 2223 nihil
3169 2170 3408 2225 sentiens
3430 2171 3522 2225 dc-

1922 2254 2147 2309 bilitatis
2197 2255 2458 2323 pristinae,
2510 2258 2603 2312 sed
2652 2260 2899 2314 exultans
2948 2277 3054 2314 una
3093 2278 3215 2315 cum
3260 2262 3521 2317 fratribus

1924 2340 2197 2403 referebat
2225 2350 2334 2404 Deo
2362 2350 2568 2405 laudes.
2600 2352 2716 2421 Ipse
2746 2368 2875 2407 vero
2906 2354 3159 2424 deinceps
3199 2352 3353 2421 juxta
3398 2369 3519 2408 ver-

1922 2444 2051 2499 bum
2100 2444 2203 2499 viri
2252 2444 2347 2499 Dei
2392 2445 2561 2500 vitam
2620 2462 2773 2501 suam
2819 2448 3033 2503 cautius
3080 2448 3355 2520 corrigere
3406 2458 3521 2504 stu-

1926 2538 2064 2593 duit.

1992 2629 2045 2684 5.
2086 2630 2271 2686 Puella
2301 2612 2546 2701 qumdam
2576 2633 2794 2689 nomine
2839 2634 3127 2690 Modswith
3175 2636 3356 2690 lumen
3384 2635 3519 2691 ami-

1922 2730 2067 2779 serat
2091 2723 2393 2790 oculorum,
2417 2733 2473 2779 et
2502 2725 2617 2779 sine
2642 2725 2843 2781 lumine
2868 2728 3141 2782 duodenos
3162 2744 3375 2782 menses
3393 2744 3519 2798 per-

1920 2815 2139 2880 mansit,
2167 2824 2226 2869 ut
2251 2831 2353 2871 nec
2382 2824 2640 2872 extrema:
2670 2816 2774 2871 frui
2802 2818 3009 2873 valeret
3058 2818 3300 2873 visionis.
3357 2820 3520 2874 Pater

1919 2922 2050 2961 vero
2066 2916 2118 2961 et
2133 2916 2307 2961 mater
2332 2909 2611 2964 audientes
2628 2908 2826 2964 famam
2852 2912 3025 2965 sancti
3041 2912 3296 2983 Ludgeri,
3314 2922 3517 2982 quanta

1917 3018 2015 3074 per
2034 3018 2158 3058 eum
2183 3004 2385 3059 faceret
2409 3006 2669 3061 Dominus
2695 3007 2760 3061 ad
2784 3008 3207 3063 consolationem
3236 3010 3517 3065 infirman—

1920 3095 2075 3161 tium,
2091 3105 2310 3165 peracto
2326 3097 2521 3153 itinere
2536 3101 2906 3167 perduxerunt
2926 3115 3045 3154 eam
3064 3102 3128 3155 ad
3153 3102 3517 3172 supradictam

1919 3188 2222 3251 ecclesiam,
2255 3188 2309 3241 in
2340 3205 2445 3258 qua
2473 3200 2691 3260 accepta
2719 3193 2934 3248 licentia
2962 3210 3067 3248 una
3090 3210 3211 3249 cum
3243 3212 3385 3251 caeca
3406 3196 3517 3251 filia

1922 3291 2046 3335 ante
2068 3282 2370 3351 sepulcrum
2387 3286 2587 3355 egregii
2603 3286 2927 3343 confessoris
2952 3289 3005 3342 in
3032 3289 3278 3345 oratione
3328 3298 3511 3345 trans-

217 3369 550 3423 nedixerunt
588 3368 777 3423 Deum.
806 3368 876 3422 At
898 3369 987 3423 illa
1028 3370 1279 3440 deinceps
1310 3369 1367 3424 S.
1402 3369 1634 3440 Ludgcri
1682 3384 1813 3425 c0n-
1843 3339 1890 3405 ο
1919 3391 2079 3447 egere
2103 3387 2313 3433 noctem
2340 3397 2352 3432 :
2386 3394 2545 3434 mane
2570 3390 2747 3435 autem
2777 3382 2921 3437 facto
2966 3384 3099 3437 dixit
3126 3400 3184 3438 se
3205 3385 3379 3453 puella
3398 3385 3515 3453 jam

217 3471 474 3518 sueverat
496 3478 617 3518 cum
648 3463 945 3533 gratiarum
992 3464 1204 3518 actione
1232 3463 1452 3517 visitare
1483 3462 1809 3533 sepulcrum,

219 3556 316 3610 cui
365 3556 525 3609 etiam
571 3556 808 3625 posthaec
860 3556 1153 3611 revelatum
1197 3563 1281 3610 est
1325 3554 1469 3625 quod
1502 3569 1657 3609 sacro
1705 3569 1812 3607 non

180 3652 191 3661 '
220 3658 375 3703 esset
398 3648 571 3703 abluta
594 3650 939 3719 baptismate,
965 3658 1018 3703 et
1046 3647 1285 3718 ejusdem
1308 3648 1652 3704 rcvelationis
1672 3647 1815 3703 veri-

218 3750 333 3795 tate
354 3752 627 3811 comperta
656 3743 909 3812 baptismi
935 3744 1171 3812 suscepit
1199 3744 1449 3814 gratiam.

287 3835 345 3888 5.
386 3833 540 3888 Alius
567 3835 784 3903 quidam
812 3834 1123 3890 Berthricus
1148 3836 1363 3890 nomine
1384 3836 1440 3890 in
1468 3835 1656 3891 eodem
1672 3851 1812 3907 pago

214 3927 445 3981 colonus
472 3925 648 3997 lgonis
686 3928 857 3981 nostri
885 3929 1208 3999 presbyteri,
1260 3936 1314 3983 et
1338 3929 1540 3983 alumni
1583 3928 1641 3984 S.
1670 3930 1813 3984 Lud-

213 4019 357 4091 geri,
388 4018 556 4072 filiam
608 4020 797 4074 habuit
844 4021 1296 4076 adolescentulam
1326 4021 1561 4094 paralysi
1615 4022 1811 4077 dolori-

213 4114 429 4184 busque
453 4114 785 4168 destitutam.
812 4114 914 4181 Qui
957 4130 1077 4170 cum
1113 4114 1311 4169 famam
1341 4117 1514 4171 sancti
1548 4116 1807 4182 audisset,

212 4223 310 4278 spe
340 4206 535 4277 puellm
556 4208 803 4262 sanitatis
850 4224 1110 4263 accensus
1156 4220 1371 4279 arrepto
1400 4210 1595 4264 itinere
1619 4211 1685 4265 ad
1718 4227 1806 4265 sa-

213 4317 373 4357 crum
397 4299 541 4355 illius
569 4300 872 4370 sepulcrum
898 4304 1194 4371 perducere
1222 4317 1339 4355 eam
1365 4300 1655 4356 festinavit.
1680 4302 1808 4369 Qui-

212 4392 319 4447 bus
348 4392 478 4447 illuc
530 4392 896 4462 pergentibus,
934 4393 1072 4446 dixit
1116 4392 1203 4445 illa
1234 4391 1388 4446 fratri
1423 4407 1539 4457 suo,
1572 4393 1661 4462 qui
1687 4408 1806 4446 eam

216 4492 347 4539 ante
372 4499 432 4538 se
451 4485 740 4554 equitando
774 4485 825 4538 in
853 4500 980 4554 sago
1011 4483 1235 4549 ferebat,
1270 4484 1472 4537 nullum
1503 4500 1561 4539 se
1592 4484 1645 4537 in
1690 4500 1808 4539 cor-

212 4592 351 4648 pore
373 4578 607 4632 sensisse
631 4576 893 4633 dolorem.
916 4577 993 4632 Ac
1008 4577 1201 4631 deinde
1223 4577 1499 4648 subjunxit
1515 4593 1528 4630 :
1546 4577 1806 4646 Deponite

1917 3472 2164 3541 proprias
2182 3472 2367 3526 videre
2396 3487 2555 3542 posse
2579 3490 2771 3529 manus
2803 3492 2816 3527 :
2847 3484 2903 3530 et
2944 3476 3023 3531 sic
3049 3477 3307 3547 largiente
3331 3479 3515 3533 Domi-

1918 3578 1988 3617 no
2016 3562 2195 3617 lumen
2216 3564 2477 3633 paulatim
2507 3582 2754 3621 crescere
2781 3568 2964 3637 coepit,
2993 3575 3054 3621 ut
3107 3578 3394 3637 antequam
3422 3574 3517 3623 do-

1916 3669 2062 3707 mum
2102 3655 2370 3721 rediisset,
2415 3655 2559 3711 clare
2592 3658 2775 3713 videre
2804 3660 3088 3729 potuisset,
3139 3669 3302 3731 atque
3346 3662 3400 3715 in
3451 3676 3514 3715 ca

1917 3745 2137 3811 donum,
2165 3746 2306 3816 quod
2338 3756 2488 3802 caret
2515 3748 2790 3817 figmento,
2825 3759 2935 3804 tota
2952 3752 3249 3821 permansit
3274 3760 3453 3805 :etatc.

1986 3837 2039 3892 6.
2074 3840 2193 3892 Alia
2249 3856 2461 3909 quoque
2513 3840 2688 3910 puella
2741 3857 2771 3895 a
2826 3842 3092 3897 darmonio
3145 3850 3295 3897 muto
3321 3850 3514 3896 vexata

1914 3931 2171 4001 perducta
2200 3940 2281 3986 est
2310 3933 2377 3987 ad
2408 3942 2761 3988 memoratam
2784 3935 3092 3999 ecclesiam,
3121 3950 3283 4004 quam
3309 3950 3430 3989 mox
3457 3942 3516 3988 ut

1916 4026 2157 4096 ingressa
2187 4024 2307 4089 fuit,
2326 4026 2509 4079 statim
2538 4027 2606 4080 ab
2628 4042 2691 4081 ea
2713 4028 2935 4097 spiritus
2964 4028 3274 4082 immundus
3294 4027 3511 4082 absces—

1918 4115 2008 4180 sit,
2041 4124 2094 4169 et
2122 4117 2301 4171 locuta
2329 4126 2428 4179 est,
2459 4132 2578 4186 qum
2609 4118 2787 4172 fuerat
2824 4126 3000 4184 muta;
3056 4120 3515 4189 interrogavitque

1916 4216 2142 4262 matrem
2172 4224 2355 4273 suam;
2387 4211 2655 4277 quomodo
2686 4210 2811 4266 illuc
2835 4212 3150 4267 adveniret?
3178 4212 3245 4265 Et
3274 4212 3410 4264 dixit
3453 4226 3513 4264 se

1915 4296 2111 4352 famem
2138 4300 2269 4367 pati.
2303 4299 2400 4353 Cui
2432 4316 2553 4354 cum
2588 4308 2764 4354 mater
2814 4302 3177 4356 miserabilem
3201 4301 3509 4370 passionem

1914 4406 2067 4445 suam
2097 4406 2161 4445 ex
2189 4390 2377 4445 ordine
2400 4392 2697 4457 retulisset,
2724 4393 3017 4462 prostravit
3048 4406 3105 4445 se
3158 4399 3283 4445 ante
3333 4390 3511 4460 sepul—

1910 4499 2060 4538 crum
2088 4482 2301 4537 athleta:
2329 4484 2444 4549 Dei,
2476 4485 2677 4555 gratias
2724 4500 2887 4554 agens
2936 4484 3163 4537 Domino
3212 4482 3505 4549 Salvatori,

1908 4575 2001 4647 qui
2031 4587 2128 4644 per
2157 4590 2373 4629 servum
2405 4592 2557 4630 suum
2594 4576 2658 4631 de
2684 4585 2794 4629 tam
2849 4576 3050 4630 crudeli
3083 4592 3202 4630 eam
3235 4576 3503 4629 contami—

213 4686 303 4725 me
332 4677 388 4724 et
411 4670 572 4723 sinite
590 4668 768 4735 abire;
800 4670 1081 4737 quodcum
1105 4669 1377 4735 fecissent,
1398 4670 1646 4724 stetitilla
1673 4686 1804 4725 sano
1834 4701 1887 4761 Ι)
1913 4668 2131 4723 natione
2162 4668 2393 4724 liberare
2414 4670 2663 4741 dignatus
2699 4678 2813 4736 est;
2843 4678 2896 4725 et
2940 4677 3160 4743 accepta
3188 4656 3508 4741 poenitentia

214 4776 447 4833 corpore
473 4770 529 4816 et
553 4761 891 4827 ambulabat;
925 4768 979 4816 et
1026 4762 1251 4817 exiliens
1294 4764 1553 4828 cucurrit,
1607 4763 1811 4834 gaude-

211 4856 420 4927 batque
441 4857 791 4911 vehementer
812 4856 864 4910 in
881 4855 1224 4910 ambulando.
1241 4855 1319 4909 llli
1341 4870 1471 4911 vero
1492 4857 1607 4911 hzec
1627 4857 1814 4912 viden-

215 4960 301 5005 tes
326 4949 766 5020 glorificaverunt
797 4950 985 5014 Deum,
1032 4949 1516 5021 pervenientesque
1543 4951 1611 5005 ad
1636 4950 1813 5005 locum

214 5042 528 5117 praefatum,
560 5050 916 5096 narraverunt
940 5042 1195 5095 miracula
1248 5057 1365 5111 qum
1396 5052 1546 5112 gesta
1575 5049 1729 5096 erant
1759 5041 1813 5097 in

214 5139 331 5202 via,
363 5136 524 5191 simul
571 5136 918 5191 ostendentes
950 5135 1093 5188 illam
1126 5135 1324 5189 nullam
1350 5135 1586 5190 lzesionis
1612 5136 1815 5189 haben-

216 5238 331 5284 tem
360 5228 648 5283 maculam.
678 5226 1062 5297 Completaquc
1103 5226 1348 5281 oratione
1402 5242 1465 5281 ac
1518 5226 1813 5295 gratiarum

217 5321 437 5376 actione
459 5336 582 5374 cum
615 5320 809 5391 gaudio
837 5320 1113 5374 redierunt
1138 5320 1204 5373 ad
1226 5319 1465 5389 propria.

294 5412 350 5467 4.
392 5411 618 5467 Cuidam
648 5424 834 5468 nostro
855 5414 1081 5468 diacono
1122 5415 1386 5468 monacho
1416 5412 1613 5468 accidit
1648 5411 1815 5467 Ilildi-

222 5504 359 5560 rado
387 5504 627 5569 nomine,
658 5504 785 5559 dum
815 5502 992 5562 adhuc
1023 5505 1075 5559 in
1119 5506 1309 5561 eodem
1354 5503 1682 5559 monasterio
1712 5503 1816 5559 viri

219 5598 322 5654 Dei
369 5598 728 5655 scholasticus
770 5606 935 5664 esset,
969 5604 1028 5653 ut
1051 5598 1107 5652 in
1147 5599 1302 5669 longa
1330 5597 1649 5668 aegritudine
1688 5612 1815 5652 con-

224 5691 422 5745 tractis
446 5691 629 5745 nervis
654 5692 963 5762 popliteque
990 5699 1233 5757 curvato,
1268 5690 1383 5759 ejus
1405 5690 1534 5744 tibia
1556 5690 1813 5762 jungere-

225 5790 322 5835 tur
345 5780 559 5849 femori,
588 5792 642 5838 et
671 5791 792 5852 post
832 5783 1048 5855 longam
1076 5783 1447 5854 fatigationem
1486 5792 1676 5838 sanato
1698 5798 1815 5839 cor-

224 5887 366 5942 pore
413 5872 621 5944 reliquo
646 5875 759 5945 ipsa
790 5875 942 5941 tibia,
968 5882 1029 5930 ut
1061 5875 1252 5937 fuerat,
1284 5885 1503 5929 curvata
1533 5874 1807 5929 remansit.

231 5962 503 6021 Utebatur
546 5967 690 6024 enim
736 5982 836 6038 pro
876 5983 941 6025 ea
970 5970 1024 6025 in
1067 5968 1388 6025 ambulando
1424 5968 1809 6025 sustentatione

1915 4777 2015 4832 pro
2039 4762 2174 4816 actis
2203 4762 2313 4817 suis
2343 4762 2476 4816 abiit
2506 4762 2810 4816 incolumis.

1986 4857 2037 4910 7.
2075 4856 2311 4927 Contigit
2360 4857 2523 4926 igitur
2567 4855 2821 4924 juvenem
2874 4860 3182 4928 quemdam,
3222 4859 3506 4916 lleliduvin

1912 4949 2152 5013 nomine,
2171 4949 2438 5020 paralysin
2468 4948 2764 5013 incurrere,
2795 4956 2850 5003 et
2876 4950 3065 5005 diebus
3112 4951 3315 5016 multis,
3344 4954 3507 5007 desti-

1918 5048 2035 5095 tuto
2063 5040 2303 5095 omnium
2334 5040 2699 5094 membrorum
2736 5039 2929 5105 ollicio,
2983 5041 3121 5095 lecto
3170 5042 3507 5102 incumbere.

1916 5133 2069 5202 cujus
2091 5132 2222 5186 tibia
2248 5130 2469 5185 sinistra
2497 5139 2772 5185 contracta
2798 5131 3022 5187 adhmsit
3050 5133 3266 5201 femori,
3304 5144 3358 5190 et
3383 5138 3482 5191 bra

1914 5228 2096 5282 chium
2124 5226 2371 5280 dextrum
2395 5225 2646 5279 similiter
2669 5233 3003 5281 contractum
3030 5227 3281 5299 abrignit.
3302 5226 3508 5284 Caetera

1913 5332 2043 5372 vero
2069 5318 2332 5382 membra,
2367 5326 2427 5371 ut
2471 5317 2838 5388 praediximus,
2888 5318 2987 5372 sibi
3018 5318 3229 5373 inutilia
3258 5335 3507 5375 remane-

1914 5406 2063 5473 bant,
2088 5409 2179 5463 sed
2204 5416 2257 5461 ct
2280 5424 2399 5463 cum
2438 5407 2726 5462 emissione
2767 5407 3093 5463 miserabilis
3139 5410 3279 5474 soni,
3317 5410 3509 5464 indicis

1906 5487 2134 5565 'doloris,
2160 5499 2305 5554 foras
2330 5498 2509 5555 ell‘erri
2538 5498 2760 5554 solebat.
2791 5498 3033 5569 Cumque
3073 5500 3161 5555 diu
3217 5501 3333 5555 haec
3359 5508 3510 5569 pate-

1914 5602 2081 5659 retur,
2112 5594 2198 5647 die
2231 5595 2461 5662 quadam
2489 5608 2728 5648 sororem
2752 5608 2928 5659 suam,
2989 5609 3107 5662 qnze
3154 5608 3265 5663 pra:
3295 5593 3508 5649 caeteris

1914 5684 2031 5753 ejus
2089 5686 2497 5755 conpatiebatur
2547 5685 2839 5749 doloribus,
2888 5684 3080 5738 affatus
3129 5692 3212 5738 est
3268 5684 3502 5738 dicens:

1912 5775 2107 5830 Audivi
2138 5777 2203 5831 de
2226 5785 2413 5832 sancto
2436 5778 2705 5849 Ludgero,
2748 5776 2981 5847 qualiter
3014 5791 3111 5845 per
3164 5775 3313 5829 illum
3363 5775 3506 5830 Deus

1912 5865 2310 5922 infirmantibus
2366 5868 2627 5923 sanitates
2672 5876 2932 5937 praestare
2988 5867 3239 5937 dignatus
3289 5872 3393 5930 est,
3447 5864 3505 5918 in

1912 5961 2051 6029 loco,
2081 5960 2173 6018 ubi
2201 5967 2387 6017 sancta
2414 5958 2530 6030 ejus
2579 5959 2823 6016 membra
2866 5957 3127 6013 tumulata
3172 5956 3501 6028 quiescunt:
