4012 6364
588 457 695 519 787

1555 464 1647 521 Αι)
1688 464 1747 523 s.
1783 465 2086 525 LUDGERI
2122 429 2413 527 scalpra
2449 470 2816 531 APPENDIX.

3739 486 3829 549 788

578 574 667 629 fac
693 571 856 630 etiam
878 584 966 633 me
984 569 1137 628 foras
1156 571 1314 639 feni,
1344 581 1401 628 et
1429 581 1618 629 eontra
1654 576 1797 629 viam
1849 593 1971 646 quae
2014 577 2160 632 ducit
2187 582 2238 641 Α
2265 587 2393 634 runt
2432 589 2623 636 contra
2648 582 2792 638 viam
2824 596 2944 654 quae
2979 585 3128 643 ducit
3169 590 3239 645 ad
3281 592 3599 663 ecclesiam,
3642 597 3700 653 in
3736 615 3829 672 qua

574 667 725 733 illuc,
771 667 919 737 poni.
974 675 1034 721 ut
1080 683 1170 722 me
1199 682 1418 724 voveam
1459 668 1538 722 illi
1568 668 1916 737 servitum,
1956 672 2003 727 si
2042 669 2159 749 ejus

572 756 788 812 meritis
829 757 1118 812 sanitatem
1161 757 1292 812 mihi
1344 758 1606 815 Dominus
1658 761 1861 817 donare
1906 763 2157 835 dignatus

571 848 757 905 fuerit.
775 848 929 917 Quod
952 865 1076 906 cum
1100 849 1304 907 factum
1330 849 1540 918 fuisset,
1565 855 1749 911 statim
1774 856 1827 911 in
1857 858 1971 929 ipsa
1998 866 2157 917 nocte

568 951 861 1014 praestante
889 943 1069 998 divina
1090 943 1284 1015 gratia,
1315 945 1518 1014 quievit
1542 946 1694 1001 dolor
1740 946 1876 1016 ejus,
1909 951 2157 1007 restituta

568 1043 698 1091 sunt
725 1036 774 1090 ei
801 1036 979 1091 omnia
1002 1037 1246 1107 corporis
1288 1036 1493 1103 cilicia,
1532 1047 1731 1109 praeter
1755 1056 1918 1096 unam
1943 1044 2151 1110 tibiam,

566 1141 692 1197 quae
716 1127 789 1181 ita
825 1126 1145 1197 permansit,
1194 1135 1255 1182 ut
1277 1137 1397 1183 erat
1419 1138 1715 1186 contracta.
1744 1131 1967 1189 Peracta
1991 1134 2157 1205 igitur

564 1219 872 1291 gratiarum
914 1218 1127 1274 actione
1166 1220 1379 1290 rogavit
1425 1219 1703 1276 dominum
1752 1237 1930 1289 suum,
1983 1231 2044 1278 ut
2087 1226 2155 1281 ad

524 1352 527 1359 .
568 1317 925 1366 memoratum
963 1326 1022 1366 se
1049 1310 1225 1387 locum
1246 1313 1469 1383 perduci
1490 1311 1723 1382 juberet.
1766 1315 2154 1372 Dissimulante

567 1409 747 1457 autem
769 1401 884 1467 illo,
908 1402 957 1457 is
978 1418 1137 1472 quem
1154 1405 1448 1461 necessitas
1469 1406 1710 1478 regebat,
1727 1406 1918 1464 baculo
1933 1417 2155 1480 regente

566 1490 744 1547 debile
769 1492 913 1551 latus
933 1496 1198 1565 corporis,
1221 1498 1468 1567 pervenit
1494 1499 1563 1554 ad
1604 1500 1908 1571 sepulcrum
1938 1517 2151 1572 praeno-

567 1584 847 1641 minatum.
881 1586 1122 1644 Peractis
1145 1605 1274 1661 ergo
1318 1590 1393 1645 ibi
1434 1592 1683 1648 noctibus
1708 1594 1945 1665 quinque
1966 1609 2155 1665 super-

569 1676 716 1733 venit
740 1676 1053 1735 solemnitas
1096 1680 1334 1750 ejusdem
1365 1680 1422 1736 S.
1451 1682 1704 1754 Ludgeri.
1736 1683 1978 1755 Cumque
2004 1686 2058 1741 in
2086 1701 2151 1742 ea

565 1768 802 1837 porticu,
831 1782 951 1839 quae
980 1778 1066 1826 est
1102 1780 1227 1827 ante
1256 1772 1492 1827 basilicae
1532 1772 1777 1842 ianuam,
1826 1775 1967 1830 infra
1990 1791 2152 1846 quam

564 1860 742 1915 sancti
760 1862 1057 1918 sacerdotis
1079 1864 1387 1935 sepulcrum
1409 1876 1713 1937 susceptum
1736 1875 1841 1934 est,
1858 1869 1972 1939 ipsa
1995 1879 2152 1925 nocte

524 1996 529 1999 .
564 1953 810 2009 membra
858 1956 1039 2025 superi
1077 1956 1328 2023 dedisset,
1351 1958 1403 2013 ei
1436 1975 1536 2029 per
1570 1960 1744 2015 visum
1772 1961 1915 2018 idem
1941 1963 2025 2016 vir
2053 1961 2149 2019 Dei
2177 1948 2227 2015 Β

561 2045 854 2102 comitatus
877 2063 1072 2119 magno
1102 2049 1303 2106 lumine
1328 2058 1490 2122 atque
1518 2053 1841 2109 clericorum
1868 2057 2146 2127 obsequio,

524 2183 529 2188 .
562 2140 831 2208 apparuit,
859 2141 1141 2212 tetigitque
1159 2143 1402 2199 membra
1428 2144 1589 2212 illius,
1615 2156 1670 2201 et
1693 2146 1971 2213 abscessit,
2002 2164 2067 2203 eo
2094 2150 2150 2205 in

566 2243 761 2301 sopore
798 2232 1006 2287 relicto.
1043 2232 1166 2301 Qui,
1195 2236 1322 2291 dum
1344 2237 1497 2308 signa
1528 2239 1595 2292 ad
1620 2247 1915 2295 nocturnas
1935 2241 2150 2313 vigilias

561 2324 970 2395 expergefactus
1009 2329 1276 2395 audisset,
1330 2332 1569 2386 surrexit
1618 2347 1805 2399 sanus,
1859 2343 1915 2389 et
1950 2335 2148 2391 oblitus

556 2416 755 2482 baculi,
784 2418 1088 2489 priorisque
1137 2420 1445 2488 debilitatis,
1507 2423 1731 2479 intravit
1775 2440 1900 2480 cum
1950 2426 2065 2482 aliis
2090 2427 2171 2507 in.

557 2508 814 2578 templum
842 2509 995 2565 laetus
1022 2519 1076 2567 et
1108 2512 1680 2571 incolumis.0ratione
1707 2525 1886 2571 autem
1912 2516 2053 2574 facta
2076 2518 2144 2574 ad

559 2612 654 2653 cor
704 2599 918 2655 rediens
962 2603 1207 2657 narravit
1251 2605 1432 2659 omnia
1475 2621 1593 2674 quae
1642 2606 1788 2662 circa
1830 2622 1889 2662 se
1931 2606 2146 2667 fuerant

548 2701 727 2764 gesta,
755 2704 812 2750 et
836 2704 1054 2766 peracta
1072 2698 1435 2754 celebratione
1457 2702 1636 2769 operis
1660 2700 1870 2756 Domini
1894 2715 2143 2771 egressus

551 2793 656 2851 est,
680 2786 1041 2858 baculumque
1086 2805 1242 2845 suum
1272 2790 1329 2844 in
1358 2791 1602 2861 ingressu
1628 2791 1867 2861 ejusdem
1905 2791 2141 2847 basilica:

552 2876 610 2932 in
635 2875 776 2943 loco,
799 2879 891 2933 ubi
916 2878 1096 2937 fuerat
1124 2890 1364 2946 sanatus,
1396 2882 1572 2941 infixit
1603 2898 1703 2953 pro
1729 2883 1881 2954 signo
1905 2884 2140 2941 curatio-

548 2970 658 3037 nis,
680 2986 780 3026 nec
805 2971 1091 3030 immemor
1114 2976 1225 3031 voti
1252 2977 1449 3046 prioris
1471 2976 1699 3032 redemit
1720 2991 1777 3033 se
1801 2992 1833 3033 ιι
1855 2977 2136 3049 temporali

548 3062 771 3118 domino
792 3079 911 3129 suo,
938 3074 993 3120 et
1019 3073 1204 3121 votum
1230 3068 1504 3124 servitutis
1532 3068 1793 3139 implevit.

621 3156 675 3209 8.
714 3154 969 3223 Qutedam
995 3166 1175 3214 autem
1208 3159 1408 3215 femina
1447 3160 1515 3216 ad
1567 3162 1814 3216 eumdem
1846 3160 2023 3217 locum
2069 3162 2136 3218 de

2259 670 2403 726 idem
2430 668 2641 729 Domini
2671 676 2923 733 sacerdos
2958 690 3187 751 θοι-νοτε
3221 694 3446 752 pausat,
3486 668 3827 749 devoverant-

2257 779 2364 835 que
2392 780 2451 821 se
2478 766 2627 822 illum
2662 768 2730 827 ad
2765 769 2894 825 illud
2922 786 3140 829 sacrum
3186 778 3493 849 sepulcrum
3533 798 3658 839 cum
3697 786 3827 842 obla-

2224 858 2496 917 .tionibus
2555 862 2898 920 adducturus.
2966 865 3080 923 Hac
3120 869 3307 941 itaque
3352 876 3641 944 sponsione
3697 854 3829 935 facta

2254 951 2487 1022 ingressi
2525 962 2652 1008 sunt
2684 954 2934 1023 domum,
2974 965 3029 1013 et
3058 974 3184 1016 ecce
3219 964 3399 1019 subito
3429 980 3566 1036 puer
3601 968 3690 1023 ille
3733 979 3826 1025 ter-

2228 1042 2328 1096 .sit
2355 1043 2566 1098 oculum
2603 1046 2876 1113 dextrum,
2905 1059 2960 1103 et
2996 1061 3185 1122 aperto
3217 1069 3282 1109 eo
3313 1056 3496 1113 statim
3521 1059 3711 1115 videre
3745 1076 3824 1132 pe-

2258 1133 2380 1198 tuit;
2423 1138 2577 1191 tersit
2605 1138 2835 1194 alterum
2853 1179 2869 1206 ,
2906 1149 2962 1196 et
2992 1143 3241 1199 similiter
3266 1160 3332 1201 eo
3358 1157 3601 1205 reserato
3626 1155 3823 1223 accepit

2252 1223 2462 1291 visum,
2521 1228 2937 1300 exclamansque
2982 1247 3107 1288 cum
3148 1236 3349 1307 gaudio
3402 1239 3539 1295 dixit
3582 1256 3645 1296 se
3686 1243 3821 1299 clare

2250 1331 2410 1387 posse
2436 1319 2638 1375 videre.
2677 1321 2794 1389 Quo
2822 1326 3005 1395 agnito
3040 1336 3298 1396 parentes
3330 1329 3449 1400 ejus
3476 1345 3600 1386 cum
3628 1332 3821 1390 familia

2250 1409 2517 1467 immenso
2542 1414 2730 1484 repleti
2757 1424 2884 1481 sunt
2900 1419 3122 1490 gaudio,
3149 1428 3203 1475 et
3225 1421 3622 1479 benedixerunt
3641 1425 3817 1493 Deum,

2252 1502 2345 1571 qui
2370 1518 2708 1573 perservum
2749 1522 2905 1563 suum
2950 1518 3059 1565 tam
3108 1511 3289 1567 subito
3334 1515 3621 1569 sanitatem
3665 1532 3819 1587 puero

2250 1604 2511 1665 praestare
2553 1598 2803 1667 dignatus
2842 1608 2946 1656 est.
2984 1599 3094 1656 Sed
3117 1611 3175 1656 et
3194 1604 3464 1672 promissa
3501 1606 3820 1676 complentes

2250 1687 2319 1741 ad
2349 1698 2703 1743 memoratam
2729 1690 3012 1745 ecclesiam
3041 1693 3409 1763 perduxerunt
3432 1710 3583 1759 eum,
3624 1706 3680 1753 et
3714 1714 3817 1756 cum

2250 1786 2377 1835 vnto
2418 1780 2795 1849 gratulationis
2833 1783 3253 1854 designaverunt
3296 1785 3449 1843 illum
3489 1787 3639 1845 nulla
3682 1793 3817 1861 signa

2246 1869 2485 1927 lasionis
2512 1871 2566 1927 in
2594 1872 2766 1928 oculis
2792 1874 3099 1931 habentem.

2321 1961 2407 2015 11.
2441 1961 2783 2023 Oll'erehatur
2801 1974 2980 2022 autem
3003 1969 3177 2037 puella
3198 1971 3460 2040 quaedam,
3483 1989 3652 2043 quam
3676 1973 3815 2045 longa

2247 2053 2508 2125 aegritudo
2532 2054 2930 2126 continuusque
2969 2057 3121 2112 dolor
3157 2060 3510 2133 paralyticam
3548 2062 3810 2131 fecerant,

2195 2160 2204 2175 '
2245 2160 2366 2215 quae
2390 2146 2555 2201 etiam
2580 2148 2819 2205 brachiis
2845 2151 3101 2207 continue
3125 2161 3287 2221 caput
3309 2155 3685 2226 Constringere
3708 2172 3813 2211 coa-

2246 2244 2526 2301 sueverat,
2563 2238 2649 2293 cui
2678 2240 2948 2294 maximus
2975 2230 3296 2299 incubuerat
3322 2244 3494 2309 dolor,
3543 2246 3619 2299 ita
3666 2254 3726 2300 ut
3758 2246 3812 2302 de

2202 2369 2213 2393 ,μ
2243 2326 2468 2383 cerebro
2492 2343 2659 2384 sonus
2681 2330 2836 2399 quasi
2864 2330 3051 2385 sibilus
3074 2333 3337 2402 potuisset
3360 2335 3557 2390 audiri.
3586 2335 3810 2407 Cumque

2242 2414 2296 2470 in
2322 2425 2511 2488 crypta
2554 2434 2690 2473 nova
2730 2419 2961 2477 necdum
2986 2419 3208 2491 peracta
3247 2425 3312 2478 ad
3351 2426 3663 2496 sepulcrum
3689 2426 3809 2484 Lud-

2240 2508 2356 2579 geri
2384 2509 2552 2564 Deum
2580 2520 2832 2583 rogatura
2863 2514 3243 2583 deponeretur,
3275 2518 3413 2575 mira
3440 2519 3810 2589 omnipotentis

2228 2597 2335 2667 Dei
2363 2601 2558 2672 gratia,
2592 2605 2830 2659 surrexit
2854 2605 3111 2661 continuo
3138 2616 3327 2663 curata
3356 2610 3425 2664 ab
3451 2610 3603 2664 omni
3633 2610 3807 2665 debii-

2241 2702 2352 2749 tate
2379 2697 2640 2765 corporis,
2672 2704 2727 2752 et
2750 2697 3077 2753 benedicens
3101 2699 3270 2754 Deum
3296 2700 3427 2755 abiit
3450 2700 3751 2757 incolumis.

2310 2785 2395 2841 12.
2436 2786 2675 2859 Contigit
2713 2789 2924 2845 cuidam
2960 2791 3076 2845 viro
3114 2791 3181 2846 de
3210 2790 3443 2857 Saxonis
3483 2793 3539 2848 in
3574 2793 3696 2851 loco
3726 2795 3804 2863 qui

2236 2878 2435 2935 dicitur
2470 2879 2766 2937 Vnerthina
2796 2880 2944 2953 [Αιιι.
2992 2890 3041 2937 et
3082 2882 3238 2949 Ben.,
3276 2883 3525 2957 Werina]
3552 2926 3569 2949 ,
3620 2895 3682 2941 ut
3723 2902 3806 2957 per

2238 2970 2587 3026 tentationem
2616 2970 2770 3027 ﬁeret
2793 2973 3016 3036 surdus,
3060 2973 3134 3029 ita
3163 2983 3223 3029 ut
3249 2974 3451 3029 nullum
3478 2977 3704 3032 omnino
3729 2993 3803 3033 se-

2236 3074 2364 3114 num
2404 3060 2626 3115 auribus
2652 3068 2890 3132 caperet.
2939 3060 3042 3129 Qui
3079 3077 3201 3117 eum
3238 3061 3328 3118 diu
3365 3063 3612 3120 funditus
3646 3064 3803 3120 ollicio

2237 3158 2447 3206 careret
2477 3151 2720 3216 aurium,
2763 3152 2980 3207 tandem
3012 3169 3107 3224 spe
3136 3154 3565 3225 rccuperationis
3592 3155 3799 3222 ductus,

551 3245 787 3303 Saxonia
815 3263 957 3304 caeca
979 3251 1237 3321 perducta
1258 3260 1361 3308 est.
1390 3252 1629 3323 Cumque
1678 3269 1861 3311 coram
1888 3254 2134 3326 sepulcro

2235 3241 2482 3312 pervenit
2511 3241 2579 3296 ad
2606 3241 2911 3312 sepulcrum
2937 3242 3031 3297 Dei
3066 3241 3252 3298 famuli
3282 3242 3545 3315 Ludgeri;
3587 3260 3800 3317 cumque

550 3337 646 3393 Dei
676 3338 884 3405 famuli,
925 3340 1210 3399 missarum
1267 3343 1523 3399 solemnia
1575 3352 1881 3415 agerentur,
1912 3345 1965 3400 in
1995 3346 2127 3401 hora

2235 3308 2385 3401 signa
2423 3331 2491 3385 ad
2525 3308 2816 3388 nocturnas
2840 3333 3048 3407 vigilias
3076 3342 3364 3400 sonarent,
3400 3308 3579 3391 subito
3611 3308 3798 3407 apertas

547 3428 871 3503 evangelica:
895 3429 1144 3488 lectionis
1159 3442 1379 3505 repente
1395 3433 1575 3490 lumen
1600 3436 1827 3507 accepit,
1844 3443 1898 3491 et
1911 3444 2129 3507 peracta

543 3522 842 3595 gratiarum
866 3523 1078 3580 actione
1100 3524 1383 3580 incolumis
1402 3525 1469 3580 ad
1491 3527 1709 3597 propria
1738 3528 1914 3583 rediit.

613 3616 666 3671 9.
707 3614 935 3683 Quidam
973 3616 1189 3688 juvenis
1231 3616 1287 3671 in
1330 3616 1517 3689 Eresia
1559 3618 1777 3673 nomine
1816 3617 2050 3683 Osbrat,
2097 3632 2130 3673 a

541 3707 808 3765 daemonio
842 3716 993 3766 muto
1021 3716 1269 3776 vexatus,
1298 3724 1397 3780 per
1436 3708 1673 3780 singulas
1697 3708 1954 3764 ecclesias
1979 3725 2011 3764 a
2034 3723 2131 3779 pa-

543 3806 627 3853 tre
653 3814 750 3854 suo
779 3799 1040 3855 deductus
1064 3806 1174 3864 est,
1221 3806 1280 3853 ut
1319 3798 1498 3853 curari
1538 3799 1818 3868 potuisset.
1870 3798 1976 3853 Sed
2005 3813 2128 3854 cum

541 3888 598 3943 in
629 3887 775 3943 nulla
801 3903 989 3944 earum
1016 3888 1197 3943 curari
1228 3889 1525 3959 potuisset,
1574 3888 1789 3942 tandem
1829 3896 1983 3959 pater
2010 3890 2126 3961 ejus

540 3975 753 4032 ccelitus
804 3977 1099 4048 inspiratus
1147 3987 1368 4049 peracto
1416 3978 1577 4049 longo
1630 3978 1824 4033 itinere
1875 3980 2128 4049 perduxit

540 4081 667 4123 eum
694 4068 759 4122 ad
788 4076 1141 4125 memoratam
1171 4069 1491 4134 ecclesiam,
1521 4076 1575 4123 et
1601 4076 1819 4140 accepta
1847 4069 2061 4125 licentia
2095 4086 2126 4125 a

541 4159 857 4217 custodibus
899 4169 1023 4216 ante
1066 4162 1372 4233 sepulcrum
1402 4161 1702 4217 sacerdotis
1754 4160 1955 4217 Christi
1982 4161 2125 4216 Lud-

540 4252 656 4324 geri
679 4262 941 4309 nocturno
963 4263 1203 4325 tempore
1226 4254 1281 4308 in
1302 4253 1543 4309 oratione
1564 4253 1874 4323 persistens,
1892 4254 2125 4318 habebat

539 4358 724 4401 secum
751 4346 998 4403 eumdem
1041 4344 1208 4399 tilium
1249 4360 1408 4400 sensu
1444 4352 1499 4400 et
1525 4360 1655 4400 voce
1681 4353 1974 4401 carentem.
2023 4343 2120 4399 Cui

536 4447 636 4504 per
662 4434 1090 4490 misericordiam
1117 4435 1214 4490 Dei
1243 4436 1483 4492 daemone
1523 4437 1745 4508 expulso
1786 4437 1995 4507 integra
2035 4452 2123 4492 sa-

535 4524 682 4581 nitas
702 4524 881 4581 fuerat
901 4541 1156 4583 concessa
1174 4526 1400 4596 loquelae
1424 4535 1479 4582 et
1500 4543 1709 4585 sensus.
1744 4526 1850 4583 Sed
1872 4535 1927 4582 ct
1948 4527 2119 4584 vicina

537 4613 778 4683 ejusdem
807 4615 1025 4671 Osbcrti
1053 4657 1065 4683 ,
1113 4633 1233 4688 qua:
1278 4626 1396 4674 erat
1432 4618 1750 4689 paralytica,
1779 4618 1847 4671 ad
1873 4617 2118 4671 eamdem

535 4704 822 4761 ecclesiam
863 4706 1122 4777 perducta
1159 4715 1279 4775 est,
1327 4717 1383 4764 et
1418 4716 1637 4779 accepta
1674 4708 1927 4764 continuo
1964 4708 2118 4781 plena

534 4797 936 4855 restauratione
985 4800 1218 4872 prepriis
1269 4801 1543 4875 gressibus
1596 4800 1860 4855 remeavit
1910 4800 1979 4856 ad
2022 4816 2123 4871 pa-

537 4888 735 4955 triam,
778 4891 983 4963 gratias
1020 4907 1183 4964 agens
1220 4892 1451 4947 salvanti
1478 4891 1728 4956 Domino,
1759 4891 1847 4962 qui
1878 4907 1977 4961 per
2005 4908 2122 4948 ser-

524 4969 665 5035 vum
697 4997 853 5037 suum
885 4983 1001 5053 ejus
1038 4999 1235 5054 corpus
1278 4990 1597 5037 cunctorum
1640 4984 2007 5038 membrorum
2040 4982 2124 5039 of-

532 5071 659 5129 ficio
679 5074 993 5130 destitutum
1016 5083 1125 5130 tam
1142 5074 1727 5130 velociter‘restaurarc
1748 5072 2000 5143 dignatus
2019 5080 2121 5128 est-

604 5166 693 5222 lO.
732 5166 905 5240 Igitur
932 5168 983 5221 in
1014 5184 1151 5238 pago
1169 5154 1441 5221 'Borathra
1469 5166 1689 5221 colonus
1713 5167 1929 5237 quidam
1957 5166 2120 5222 Follit

526 5255 555 5330 λ(
575 5258 697 5313 Ant.
750 5267 798 5312 et
847 5257 1003 5321 Ben.,
1058 5255 1334 5329 Folcbad)
1390 5255 1646 5322 nomine,
1706 5255 1874 5310 filium
1929 5255 2119 5310 habuit

532 5361 737 5404 caecum
799 5347 1016 5402 nomine
1067 5346 1428 5412 Gcrbaldum,
1484 5348 1576 5418 qui
1625 5346 1751 5401 dum
1799 5362 1899 5418 per
1946 5346 2117 5401 multa

524 5434 689 5494 ‘sacra
728 5438 849 5493 loca
888 5438 1182 5506 deductus,
1226 5438 1426 5494 nullam
1473 5439 1735 5495 medelam
1782 5439 2114 5510 susciperet,

522 5516 623 5601 pio
666 5528 886 5584 domino
934 5530 1224 5601 instigante
1286 5531 1499 5586 demum
1554 5530 1611 5587 S.
1669 5531 1903 5602 Ludgeri
1970 5530 2115 5584 fama

533 5620 603 5676 ad
637 5622 950 5677 memoriam
976 5623 1151 5687 venit;
1194 5624 1448 5679 continuo
1475 5633 1728 5695 parentes
1776 5624 1917 5679 illius
1960 5623 2114 5695 pueri

532 5725 629 5784 spe
676 5713 1010 5785 gaudentes,
1070 5713 1340 5769 duxerunt
1382 5731 1506 5771 eum
1556 5714 1737 5783 foras,
1804 5723 1861 5770 et
1908 5722 2111 5770 statue-

2229 3431 2356 3479 sunt
2382 3439 2543 3479 aures
2566 3424 2703 3496 ejus,
2729 3435 2785 3480 et
2808 3426 2943 3481 dixit
2983 3443 3042 3484 se
3077 3436 3260 3499 aperte
3288 3444 3484 3485 sonum
3504 3429 3788 3485 cleccarum

2228 3515 2418 3571 audire
2443 3531 2619 3587 posse,
2652 3518 3052 3590 monachosque
3084 3519 3395 3597 psallentes.
3442 3521 3511 3576 Et
3534 3522 3607 3577 ita
3631 3522 3792 3577 couti-

2228 3623 2336 3663 nuo
2383 3618 2637 3679 percepta
2680 3612 3074 3667 restauratioue
3103 3612 3352 3680 auditus,
3404 3613 3565 3669 rediit
3595 3612 3800 3668 domum

2228 3698 2583 3769 magniﬁcans
2613 3700 2801 3756 Deum.

2298 3796 2383 3851 15.
2422 3794 2726 3867 Aliquando
2753 3798 2917 3853 etiam
2946 3798 3119 3869 ipsam
3151 3799 3457 3866 ecclesiam,
3485 3798 3627 3855 infra
3650 3812 3801 3869 quam

2225 3885 2532 3954 sepulcrum
2555 3887 2792 3958 ejusdem
2817 3888 2910 3942 Dei
2932 3887 3115 3943 famuli
3137 3899 3410 3961 receptum
3430 3898 3535 3956 est,
3549 3899 3801 3947 nocturno

2229 3981 2469 4044 tempore
2491 3975 2739 4031 columna
2765 3976 2899 4032 lucis
2918 3977 3206 4034 obtinendo
3230 3982 3490 4050 protexit,
3531 3988 3590 4036 et
3619 3981 3685 4035 ad
3703 3994 3803 4034 caa-

2225 4065 2335 4120 lum
2384 4081 2555 4137 usque
2601 4077 2853 4138 porrecta
2905 4067 3037 4124 foris
3078 4071 3473 4125 excubantibus
3521 4069 3802 4141 conspicua

2225 4157 2431 4223 stabat;
2468 4156 2561 4214 sed
2591 4168 2645 4214 et
2672 4158 2974 4215 cloccarum
3001 4160 3108 4218 illic
3139 4162 3349 4218 sonitus
3372 4161 3691 4233 frequenter
3718 4174 3804 4212 au-

2225 4246 2490 4312 diebatur,
2535 4247 2768 4301 humana
2810 4265 2914 4303 non
2960 4257 3209 4322 tangente
3251 4268 3435 4320 manu,
3484 4253 3580 4309 sed
3622 4258 3804 4323 agente

2220 4335 2400 4407 potius
2427 4337 2732 4408 cognitione
2757 4338 2987 4397 Deitatis
3014 4357 3262 4397 arccana.

2293 4429 2379 4484 14.
2422 4430 2609 4486 Caicus
2630 4432 2849 4502 quidam
2872 4445 2897 4472 α
2915 4433 2984 4488 ad
3008 4434 3311 4506 sepulcrum
3336 4435 3434 4491 Dei
3461 4433 3647 4491 famuli
3669 4431 3805 4488 Lud-

2220 4519 2336 4591 geri
2364 4520 2660 4591 perductus
2688 4531 2799 4589 est,
2839 4525 2927 4578 ubi
2956 4525 3083 4579 dum
3107 4534 3414 4596 prostratus
3440 4533 3687 4591 orasset,
3718 4539 3802 4581 re-

2218 4621 2380 4683 pente
2413 4629 2443 4667 a
2470 4612 2699 4669 Domino
2728 4613 2911 4669 lumen
2936 4616 3161 4688 recepit.

2296 4701 2381 4755 15.
2422 4701 2574 4758 Alius
2602 4703 2819 4774 quidam
2851 4720 3027 4761 czecus
3069 4706 3295 4773 nomine
3325 4704 3695 4772 Bichbertus,
3740 4704 3804 4759 ad

2224 4791 2365 4849 idem
2394 4803 2640 4850 sanctum
2665 4797 2965 4866 sepulcrum
2993 4799 3254 4855 adductus
3281 4809 3382 4865 est,
3412 4801 3507 4855 sed
3532 4800 3643 4855 illic
3668 4799 3805 4855 cele-

2223 4890 2358 4945 riter
2385 4890 2613 4947 Domino
2643 4893 2933 4948 miserante
2961 4893 3323 4961 illuminatus,
3368 4901 3425 4948 et
3470 4894 3580 4949 Deo
3605 4893 3802 4965 gratias

2225 5000 2409 5057 agens,
2439 5001 2602 5040 sanus
2628 4986 2693 5041 ad
2720 4988 2937 5056 propria
2965 4985 3143 5041 rediit.

2300 5074 2384 5129 16.
2427 5075 2716 5130 Monachus
2740 5085 2923 5132 noster
2947 5077 3163 5131 nomine
3181 5074 3518 5131 Adalvardus
3538 5073 3803 5129 aliirmare

2218 5167 2355 5224 solet
2378 5183 2521 5233 rem,
2567 5184 2686 5238 quae
2719 5184 2783 5223 eo
2810 5177 3051 5239 tempore
3076 5176 3225 5240 gesta
3251 5179 3365 5234 est,
3412 5185 3520 5240 quo
3558 5165 3801 5224 custodia

2218 5257 2457 5327 ejusdem
2505 5259 2749 5314 ecclesite
2803 5257 2860 5314 S.
2911 5259 3143 5330 Ludgeri
3194 5260 3297 5315 sibi
3346 5260 3552 5314 credita
3597 5256 3794 5312 fuerat.

2213 5349 2409 5405 Narrat
2437 5349 2578 5421 quod
2605 5349 2838 5420 quodam
2874 5358 3135 5422 tempore,
3167 5351 3253 5406 die
3287 5351 3795 5421 advesperascente,

2218 5459 2338 5499 cum
2373 5442 2439 5497 ad
2465 5445 2708 5499 eamdem
2740 5444 3023 5500 ecclesiam
3055 5444 3254 5507 lumen,
3279 5443 3423 5513 quod
3454 5442 3562 5496 illic
3587 5454 3801 5510 semper

2218 5534 2407 5587 ardere
2434 5534 2656 5599 solebat,
2686 5541 3088 5597 restauraturus
3117 5533 3419 5598 accederet,
3444 5531 3597 5601 juxta
3622 5531 3797 5600 ipsius

2219 5625 2456 5681 ecclesiae
2484 5624 2769 5696 angulum,
2810 5625 2901 5679 ubi
2939 5625 3167 5679 interius
3192 5624 3419 5680 lectulus
3446 5622 3562 5693 ejus
3587 5624 3798 5692 positus

2217 5712 2409 5781 fuerat,
2435 5715 2714 5785 antiquum
2741 5716 2948 5781 hostem
2974 5712 3206 5770 stantem
3231 5715 3457 5778 aspexit,
3483 5713 3628 5782 cujus
3654 5710 3799 5766 visio

603 5859 631 5888 ι
653 5847 933 5920 Antwerp.
993 5856 1047 5904 et
1107 5850 1298 5916 nene,
1361 5850 1543 5905 Gnaeus
1562 5918 1567 5920 Α
1587 5849 1799 5920 quidam
1816 5848 2052 5920 “nomine
2096 5846 2317 5910 Εἰιιροιά
2339 5847 2404 5905 de
2430 5847 2541 5904 loco
2566 5848 2655 5919 qui
2681 5856 2892 5905 vocatur
2914 5846 3156 5903 Ληιαιοιι.
3217 5847 3505 5909 Brewerus
3527 5850 3711 5903 autem
3736 5840 3795 5897 in

530 5919 780 5990 margine
803 5918 957 5985 notat
981 5920 1128 5992 hunc
1149 5921 1329 5979 locum
1354 5922 1512 5989 vulgo
1537 5918 1771 5988 Almeluy
1798 5918 1922 5977 dici.
