4012 6364
252 342 372 412 '789

1583 337 1761 398 ACTA
1805 336 1862 394 S.
1902 336 2223 394 LUDGERI.

3418 330 3525 389 790

263 463 566 539 nigerrima
601 475 667 517 ac
698 459 975 514 teterrima
1005 455 1124 510 fuit.
1170 454 1287 522 Quo
1311 455 1427 510 viso
1451 453 1708 524 praefatus
1733 466 1850 506 mo-
1878 453 1928 512 Α
1952 451 2047 520 qui
2071 450 2318 506 eumdem
2346 456 2589 505 sanctum
2606 447 2910 520 Ludgerum
2940 445 3236 517 incorpore
3254 444 3530 514 viderant,

262 563 475 619 nachus
509 558 721 629 signum
757 561 955 608 sancue
990 551 1165 604 crucis
1203 549 1305 604 sibi
1342 547 1629 617 imposuit,
1666 552 1751 607 et,
1790 551 1850 597 ut

264 655 503 717 asserit,
551 649 833 706 interritus
874 652 1065 700 contra
1106 644 1355 697 eumdem
1385 642 1680 694 drcmonem
1710 636 1851 706 aspi-

242 748 243 751 “
265 752 418 807 ciens
439 747 531 801 diu
555 747 722 799 stetit.
752 740 884 796 Cum
907 748 1085 793 autem
1108 743 1312 790 tantam
1340 733 1589 789 fiduciam
1613 731 1851 802 ejusdem

267 836 521 894 monachi
552 831 794 892 diabolus
824 826 1297 890 cerneret,vtalem
1328 839 1391 879 ac
1420 831 1627 876 tantum
1662 834 1851 875 sonum

266 927 557 989 excitavit,
604 932 664 979 ut
706 922 886 993 paries
932 920 1176 976 ecclesiae
1214 926 1268 972 et
1305 917 1532 973 lectulus
1568 915 1716 983 ejus,
1759 912 1851 982 qui

266 1022 498 1078 interius
532 1018 738 1073 locatus
770 1016 973 1079 fuerat,
1012 1012 1316 1067 minutatim
1347 1009 1612 1080 confringi
1639 1008 1849 1063 videre-

190 1100 203 1123 “
269 1123 376 1167 tur.
435 1110 554 1178 Quo
601 1108 742 1163 facto
788 1107 927 1161 idem
974 1104 1272 1158 monachus
1320 1100 1572 1155 clamavit
1621 1098 1849 1152 dicens:

270 1202 469 1257 Sancte
496 1199 775 1267 Ludgere,
811 1194 1034 1263 adiuva.
1088 1192 1330 1261 Cumque
1373 1204 1566 1245 nomen
1609 1188 1711 1243 viri
1758 1186 1853 1242 Dei

268 1294 571 1350 invocando
604 1290 962 1351 nominasset,
1003 1283 1535 1343 annnenteDomino
1564 1282 1704 1337 idem
1736 1281 1854 1335 dia-

268 1386 427 1443 bolus
452 1392 674 1453 repente
699 1381 1045 1441 constrictus,
1075 1374 1207 1431 etin
1238 1385 1445 1446 partem
1469 1373 1856 1428 occidentalem

239 1488 245 1493 ‘
272 1479 578 1532 abstractus
608 1481 717 1534 est,
766 1480 926 1539 atque
955 1485 1077 1523 cum
1104 1482 1212 1537 qua
1237 1466 1490 1521 violentia
1528 1465 1853 1529 traheretur,

238 1576 247 1581 ’
273 1586 334 1639 ga
343 1569 573 1627 rriendo,
595 1572 648 1619 et
670 1563 1006 1619 miserabiles
1020 1575 1179 1616 voces
1200 1558 1494 1613 emittendo
1513 1554 1853 1612 monstravit.

242 1658 571 1715 'Monachus
606 1670 736 1709 vero
782 1654 869 1708 ille
915 1653 1131 1715 lumen,
1183 1650 1327 1721 quod
1371 1648 1483 1703 illic
1525 1647 1686 1717 paulo
1732 1653 1857 1700 ante

240 1760 245 1763 '
274 1751 514 1822 reliquit,
546 1749 767 1811 invenit,
804 1755 859 1803 et
890 1747 1088 1801 lectum
1120 1760 1274 1800 suum
1305 1750 1359 1797 et
1386 1756 1545 1797 omne
1571 1740 1702 1794 illud
1729 1738 1857 1794 tedi-

275 1846 454 1902 ficium
485 1859 676 1899 sanum
705 1842 998 1895 consistere
1022 1838 1155 1894 vidit
1177 1877 1191 1902 ,
1210 1836 1214 1840 ’
1236 1845 1292 1890 et
1320 1835 1495 1890 adhuc
1522 1846 1709 1889 vocem
1747 1832 1855 1887 dae-
1882 1816 1931 1877 B

240 1958 243 1961 ·
275 1936 451 1991 monis
476 1934 530 1987 in
555 1940 711 2002 parte
734 1929 1053 1985 occidentali
1081 1925 1369 1998 garrientis
1395 1923 1616 1979 audivit.

348 2025 433 2079 17.
474 2024 667 2078 Mulier
692 2023 937 2092 quaedam
966 2036 1089 2074 cum
1116 2019 1285 2073 multo
1314 2025 1555 2088 tempore
1585 2015 1859 2070 membro-

275 2129 393 2168 rum
421 2112 596 2167 otlicio
624 2112 904 2174 destituta,
944 2109 1440 2176 miserabiliumque
1466 2121 1657 2161 vocum
1686 2105 1861 2174 suspi-

272 2208 353 2261 ria
382 2206 636 2260 eminens
664 2203 803 2257 lecto
831 2203 1187 2264 incumberet,
1212 2198 1534 2269 quandque
1564 2198 1628 2251 ad
1654 2211 1861 2251 memo-

275 2305 456 2350 ratum
477 2294 779 2365 sepulcrum
800 2295 903 2350 viri
929 2295 1020 2349 Dei
1044 2293 1276 2364 Ludgeri
1302 2308 1423 2347 cum
1445 2306 1641 2360 magno
1664 2289 1859 2360 gaudio

275 2395 330 2439 et
362 2387 552 2441 labore
585 2386 746 2441 allata
783 2393 885 2442 est.
924 2384 1026 2441 Ubi
1063 2386 1190 2439 dum
1226 2384 1335 2438 Deo
1364 2382 1576 2436 favente
1610 2381 1860 2435 celeriter

275 2479 563 2547 pristinam
594 2480 958 2535 membrorum
987 2478 1269 2542 sanitatem
1300 2477 1593 2545 reciperet,
1627 2460 1862 2546 gratula-

209 2621 212 2624 .
276 2571 458 2626 bunda
486 2580 541 2626 et
566 2572 817 2626 exultans
842 2572 1118 2641 Deumque
1151 2570 1402 2635 laudans,
1446 2569 1680 2640 propriis
1705 2583 1857 2639 gres-

277 2665 430 2719 sibus
457 2664 526 2718 ad
551 2679 647 2718 sua
677 2679 890 2719 reversa
916 2673 1019 2719 est.

348 2755 440 2809 18.
479 2756 649 2826 Igitur
672 2757 959 2826 instigante
985 2754 1469 2824 maligno,juvenis
1495 2749 1731 2825 quidam,
1762 2770 1860 2809 no-

283 2848 427 2903 mine
471 2846 684 2915 Adam,
735 2848 1023 2905 llenricum
1072 2844 1296 2901 fratrem
1345 2862 1501 2901 suum
1545 2862 1644 2916 per
1686 2847 1861 2901 rixam

282 2940 577 3004 interfedit,
594 2948 649 2995 et
663 2954 761 3009 pro
777 2942 879 2995 hac
910 2954 1095 3003 causa,
1116 2938 1391 3005 judicante
1419 2936 1554 2993 Jona
1581 2937 1856 3007 episcopo,

279 3029 584 3098 ﬂagellatus
603 3040 766 3102 atque
792 3048 844 3086 in
865 3044 1137 3085 carcerem
1166 3038 1346 3084 trusus
1365 3037 1465 3092 est,
1490 3029 1545 3083 in
1570 3043 1676 3098 quo
1700 3028 1861 3082 etiam

230 3156 235 3159 ς
281 3137 389 3176 uno
417 3138 561 3177 anno
588 3121 758 3189 jacuit
782 3162 797 3186 ,
842 3120 1034 3175 deinde
1066 3120 1413 3174 circumdatis
1448 3118 1685 3173 brachiis
1715 3117 1858 3171 ferro

281 3224 338 3269 et
362 3230 595 3285 corpore
618 3215 825 3281 medio,
873 3215 1074 3269 indicto
1098 3212 1395 3269 fortissimo
1429 3211 1634 3281 jejunio
1673 3210 1867 3266 discal-

280 3305 489 3373 cea'tus,
531 3315 587 3361 et
622 3307 741 3363 sine
777 3306 920 3361 lineo
953 3306 1266 3361 indumento
1302 3305 1357 3358 in
1392 3304 1642 3358 exsilium
1670 3303 1867 3358 missus

230 3432 234 3437 ο
282 3408 386 3453 est.

359 3489 561 3556 Quarto
591 3506 723 3547 vero
750 3490 925 3546 exsilii
956 3490 1039 3546 sui
1079 3505 1220 3545 anno
1256 3498 1380 3545 ante
1407 3489 1709 3560 sepulcrum
1735 3488 1868 3544 Ger—

286 3581 501 3637 thrudis
547 3581 749 3637 ferrum
802 3583 868 3635 de
919 3582 1137 3636 sinistro
1188 3580 1305 3650 ejus
1352 3580 1575 3635 brachio
1624 3580 1862 3645 cecidit;

283 3674 479 3727 deinde
526 3680 646 3742 post
692 3672 818 3727 anni
845 3672 1108 3727 circulum
1143 3672 1199 3726 in
1231 3672 1403 3726 Roma
1441 3672 1495 3725 in
1532 3671 1643 3740 ipsa
1676 3679 1863 3740 crypta

283 3765 341 3819 Β.
372 3765 522 3819 Petri
553 3765 757 3819 ferrum
778 3807 793 3829 ,
837 3780 944 3836 quo
972 3766 1296 3835 praecinctus
1328 3772 1475 3829 erat,
1516 3763 1867 3817 nihilominus

280 3855 498 3909 cecidit.
534 3854 666 3909 Cum
690 3862 868 3910 autem
893 3856 1089 3911 iterum
1113 3854 1337 3909 Romam
1363 3864 1591 3925 peteret,
1620 3853 1865 3923 contigit,

278 3955 337 4000 ut
374 3947 689 4001 infirmitate
711 3948 886 4001 valida
932 3948 1041 4003 illic
1081 3947 1493 4018 deprimeretur,
1539 3961 1769 4014 cumque
1812 3946 1867 3999 in

279 4035 398 4105 ipsa
433 4037 755 4104 aegritudine
778 4037 889 4091 vita
918 4038 1035 4107 ejus
1067 4038 1347 4107 desperata
1378 4037 1603 4103 fuisset,
1650 4037 1869 4106 quidam

279 4126 333 4180 in
364 4126 552 4194 specie
580 4127 901 4182 sacerdotali
931 4143 1029 4197 per
1055 4127 1229 4182 visum
1260 4128 1506 4198 apparuit
1531 4128 1581 4182 ei
1600 4169 1613 4191 ,
1645 4128 1863 4182 dicens:

278 4214 482 4287 Surge,
510 4217 646 4271 vade
674 4223 730 4271 et
781 4217 1084 4287 sepulcrum
1118 4216 1174 4271 S.
1203 4216 1435 4288 Ludgeri
1462 4216 1731 4286 quondam
1759 4216 1871 4285 epi-

276 4308 435 4375 scopi
484 4306 761 4362 Saxonum
801 4307 1207 4379 Fresonumque
1248 4309 1522 4379 perquire,
1555 4316 1609 4364 et
1634 4308 1743 4363 illic
1770 4310 1867 4363 do-

276 4397 434 4453 mino
464 4398 758 4453 miserante
784 4414 882 4468 pro
912 4400 1120 4454 meritis
1157 4400 1269 4456 suis
1303 4400 1587 4456 sanitatem
1618 4400 1865 4470 recipies.

277 4487 403 4555 Qua
433 4488 641 4543 visione
683 4489 895 4558 expleta
938 4488 1223 4544 confestim
1255 4490 1321 4545 de
1363 4489 1710 4554 infirmitate,
1762 4505 1867 4559 qua

278 4579 713 4650 deprimebatur,
755 4583 1030 4638 absolutus
1072 4590 1186 4648 est,
1231 4585 1406 4639 adhuc
1446 4592 1625 4638 tamen
1664 4582 1870 4639 ferrum

276 4674 573 4729 brachium
600 4674 716 4744 ejus
744 4677 989 4731 dextrum
1019 4686 1077 4731 ut
1104 4678 1253 4747 prius
1288 4677 1501 4732 fortiter
1529 4677 1778 4743 strinxit,
1817 4687 1872 4733 et

278 4766 359 4820 ita
381 4777 703 4839 consumpta
723 4785 884 4825 carne
907 4771 1194 4841 nervisque
1215 4772 1390 4841 ipsum
1413 4772 1574 4826 etiam
1598 4788 1658 4826 os
1679 4773 1869 4827 eodem

276 4860 434 4916 ferro
466 4868 578 4915 tam
605 4862 780 4917 valide
820 4864 1167 4934 praecinctum
1195 4873 1298 4929 est,
1329 4873 1387 4919 ut
1415 4881 1602 4920 omnes
1629 4862 1869 4932 ejusdem

278 4958 529 5012 dextera:
555 4958 706 5029 digiti
737 4967 935 5029 praeter
964 4960 1207 5029 pollicem
1232 4968 1288 5015 et
1314 4960 1545 5015 indicem
1573 4959 1774 5015 debiles
1805 4976 1869 5016 ac

280 5051 452 5120 rigidi
478 5062 878 5120 permanerent.
907 5054 1037 5107 Erat
1057 5054 1202 5108 enim
1235 5062 1563 5109 memoratus
1590 5054 1756 5109 miser
1780 5052 1867 5123 ju-

279 5142 466 5207 venis,
488 5149 545 5197 et
563 5143 684 5198 ideo
699 5145 767 5198 ad
788 5152 1133 5215 augmentum
1150 5145 1347 5200 doloris
1372 5145 1455 5200 sui
1471 5160 1662 5201 carnes
1678 5143 1793 5213 ejus
1813 5154 1867 5198 et

280 5251 413 5291 ossa
441 5236 499 5289 in
522 5244 759 5306 tempore
775 5238 1111 5292 vinculorum
1139 5252 1361 5292 suorum
1387 5244 1689 5292 creverunt.
1708 5236 1867 5293 Cum-

284 5342 399 5399 que
426 5343 589 5383 mane
614 5330 881 5384 somnium
912 5329 1203 5393 retulisset,
1236 5329 1435 5383 ibidem
1463 5329 1645 5382 statim
1688 5329 1863 5394 multi,

361 5471 390 5499 ι
415 5458 900 5530 Αηῒπθφίθηδχθῐ
928 5458 1257 5530 Benedictini
1285 5477 1296 5511 :
1335 5457 1401 5511 In
1430 5457 1692 5530 Ripuariis
1712 5460 1873 5528 juxta

1889 3174 1940 3241 Ο

1899 4537 1949 4598 D

285 5531 586 5612 ingressum
611 5527 752 5611 silva:
782 5529 1104 5612 Homerithi,
1136 5528 1257 5612 vilia
1287 5527 1498 5582 nomine
1520 5527 1723 5583 Budicu
1751 5548 1903 5592 con-_

288 5600 480 5655 stituta
507 5608 605 5663 est,
634 5601 690 5654 in
713 5618 817 5671 qua
844 5600 1035 5655 mulier
1061 5601 1322 5671 quwdam,
1353 5607 1457 5654 etc.

367 5673 396 5711 ιν
418 5671 815 5741 Antwerpiens.
838 5680 894 5727 et
910 5672 1185 5726 Benedict.
1208 5689 1220 5723 :
1250 5687 1507 5743 sanusque
1528 5671 1700 5743 rediit,
1723 5681 1875 5743 atque

293 5761 348 5795 tn
380 5758 470 5803 ea,
524 5740 680 5813 quant
711 5754 1007 5813 acceperat,
1055 5742 1295 5813 sanitate,
1338 5740 1873 5813 rDo‘minoitargierite,

296 5812 602 5874 γιεγηιηηεὶε.
652 5810 838 5881 Atque
872 5813 927 5866 in
972 5813 1058 5867 his
1096 5812 1276 5866 verbis
1317 5810 1512 5866 desinit
1540 5812 1662 5867 Vita
1703 5812 1873 5866 sancti

1949 552 2008 598 et
2032 552 2217 599 sancta
2246 544 2362 614 ejus
2391 543 2567 598 studia
2596 544 2733 596 bene
2763 548 3064 607 noverant,
3111 538 3299 595 Romae
3326 539 3533 595 inventi

1948 642 2110 698 sunt;
2143 635 2231 703 qui
2262 650 2382 689 cum
2411 634 2549 688 viam
2582 633 2707 687 illuc
2735 633 2917 697 eundi,
2948 642 3003 687 et
3030 632 3209 687 locum
3237 631 3533 688 venerandi

1950 725 2183 795 sepulcri
2226 726 2327 794 ipsi
2364 723 2545 793 juveni
2588 724 2958 789 intimassent;
2991 730 3213 793 peracto
3243 721 3437 776 itinere
3467 721 3535 774 ad

1953 824 2310 871 memoratum
2338 816 2642 884 sepulcrum
2689 815 2745 869 S.
2777 814 3010 884 Ludgeri
3039 831 3104 870 eo
3131 824 3389 885 tempore,
3428 829 3535 883 quo

1940 909 2065 964 illic
2094 909 2339 964 monachi
2370 910 2661 963 matutinas
2689 907 2872 962 laudes
2900 906 3128 960 Domino
3157 904 3501 960 celebrabant
3520 943 3535 967 ,

1952 1000 2156 1056 ferrum
2203 1000 2344 1070 quod
2400 1001 2648 1055 dextrum
2678 998 2961 1053 brachium
2999 998 3273 1063 cinxerat,
3314 1002 3537 1065 repente

1957 1092 2245 1156 dissiliens,
2273 1091 2481 1162 longius
2506 1090 2717 1146 Domini
2744 1090 2941 1144 virtute
2965 1088 3263 1159 projectum
3293 1098 3395 1143 est.

2029 1186 2114 1241 19.
2158 1198 2181 1225 δ
2209 1185 2396 1239 Mulier
2424 1185 2667 1253 quamam
2696 1182 2886 1237 debilis
2913 1190 3046 1243 erat,
3079 1180 3228 1248 cujus
3254 1181 3539 1236 brachium

1958 1280 2209 1337 dextrum
2254 1278 2571 1334 inﬁrmitate
2618 1282 2808 1347 agente
2852 1274 3142 1329 inﬂexibile
3187 1274 3324 1338 fuit;
3376 1288 3539 1328 manu

1958 1390 2085 1429 vero
2109 1381 2332 1429 curvata
2361 1372 2684 1441 persistente
2711 1384 2916 1439 ungues
2941 1368 3131 1438 palmae
3150 1367 3300 1421 illius
3326 1366 3541 1421 fortiter

1957 1466 2426 1537 imprimebautur.
2460 1462 2589 1529 Quae
2615 1463 2741 1517 dum
2765 1461 2855 1514 diu
2880 1460 2996 1514 haec
3016 1468 3313 1530 pateretur,
3336 1474 3540 1512 memo—

1957 1558 2059 1612 rati
2088 1557 2188 1611 viri
2218 1556 2311 1610 Dei
2345 1555 2485 1609 fama
2515 1555 2580 1609 ad
2610 1562 2842 1608 mentem
2872 1552 2991 1623 ejus
3017 1553 3281 1622 pervenit,
3310 1564 3542 1621 cumque

1957 1666 2050 1721 Spe
2078 1650 2326 1703 sanitatis
2351 1649 2509 1704 ducta
2552 1648 2617 1702 ad
2660 1647 2967 1716 sepulcrum
3008 1645 3125 1715 ejus
3162 1654 3538 1717 properasset,

1956 1743 2269 1813 priusquam
2311 1756 2375 1796 eo
2416 1741 2787 1809 pervenisset,
2839 1740 2893 1793 in
2935 1739 3050 1809 ipso
3092 1739 3285 1793 itinere
3324 1737 3541 1806 plenam

1961 1836 2202 1905 corporis
2231 1834 2516 1889 sanitatem
2543 1833 2593 1887 ei
2624 1831 2882 1886 Dominus
2910 1845 3010 1900 pro
3038 1830 3211 1885 sancti
3237 1829 3341 1883 viri
3380 1828 3545 1883 meri-

1962 1927 2034 1982 tis
2074 1935 2291 1996 repente
2319 1924 2528 1979 tribuit.
2582 1922 2711 1989 Quze
2755 1932 2934 1977 tamen
2979 1930 3199 1991 peracto
3244 1920 3437 1974 itinere
3480 1919 3548 1973 ad

1963 2019 2105 2075 idem
2132 2019 2439 2089 sepulcrum
2472 2031 2595 2071 cum
2623 2014 2984 2070 oblationibus
3012 2029 3142 2068 sana
3172 2012 3454 2077 exultans,
3492 2017 3551 2065 et

1963 2110 2283 2166 salvatorem
2310 2109 2537 2163 laudans
2556 2108 2822 2179 pervenit,
2847 2114 2901 2162 et
2922 2107 2997 2161 ita
3018 2105 3307 2162 incolumis
3331 2105 3400 2160 ad
3424 2118 3551 2178 pro-

1964 2204 2081 2274 pria
2110 2202 2287 2258 rediit.

2035 2296 2122 2349 20.
2161 2294 2431 2350 Cobbonis
2458 2292 2784 2348 venerabilis
2810 2293 3025 2348 comitis
3063 2292 3289 2347 colonus
3328 2290 3548 2362 quidam

1965 2389 2359 2443 adolescentem
2409 2387 2574 2442 tilium
2618 2385 3010 2442 Warmundum
3058 2386 3275 2440 nomine
3320 2384 3546 2449 habuit,

1964 2498 2122 2554 quem
2155 2483 2419 2553 malignus
2448 2483 2670 2553 spiritus
2697 2482 2926 2547 invasit,
2973 2489 3029 2535 et
3060 2489 3171 2535 tam
3200 2480 3549 2534 vehementer

1964 2593 2165 2634 vexare
2207 2578 2409 2648 erepit,
2464 2584 2522 2630 ut
2566 2576 2634 2630 ad
2683 2576 3113 2645 desperationem
3141 2574 3251 2628 vita
3279 2571 3396 2640 ejus
3423 2586 3547 2641 per-

1965 2673 2124 2727 ducta
2151 2680 2313 2726 esset.
2364 2668 2527 2738 Cujus
2555 2676 2730 2723 mater
2759 2669 2875 2723 htec
2904 2667 3135 2723 dominre
3161 2682 3271 2721 suae
3299 2665 3553 2721 videlicet

1965 2763 2122 2817 uxori
2150 2761 2419 2817 Cobbonis
2446 2760 2670 2816 sollicite
2716 2776 2811 2829 per
2856 2760 3103 2812 nuntium
3149 2756 3389 2811 indicare
3435 2763 3551 2810 stu-

1966 2854 2099 2909 duit.
2154 2851 2248 2906 llla
2291 2867 2422 2906 vero
2470 2851 2754 2907 confestim
2801 2848 3076 2904 mandavit
3121 2848 3171 2901 ei
3218 2847 3401 2901 dicens
3440 2864 3452 2899 :
3491 2843 3553 2900 Si

1965 2945 2141 3000 adhuc
2168 2944 2309 2999 filius
2334 2943 2485 3006 vivit,
2522 2943 2606 2999 fac
2632 2958 2759 2998 eum
2787 2942 3037 2996 celeriter
3065 2939 3264 3006 etl‘erri,
3296 2948 3349 2993 et
3375 2946 3554 2993 statue

1959 3035 2115 3091 illum
2144 3043 2329 3091 contra
2356 3035 2499 3094 viam
2527 3051 2647 3104 quae
2696 3033 2842 3089 ducit
2877 3033 2943 3087 ad
2987 3033 3292 3103 sepulcrum
3322 3031 3379 3085 S.
3409 3030 3553 3085 Lud—

1969 3128 2115 3198 geri,
2143 3135 2199 3182 et
2244 3127 2407 3182 credo
2436 3126 2579 3197 quod
2604 3141 2705 3196 pro
2734 3124 2973 3193 ejusdem
3004 3124 3191 3180 famuli
3222 3124 3315 3179 Dei
3344 3122 3555 3178 meritis

1971 3220 2241 3275 sanandus
2265 3218 2353 3273 sit.
2401 3216 2536 3273 Cum
2566 3233 2695 3287 ergo
2720 3226 2897 3272 mater
2925 3232 3024 3287 pro
3054 3217 3241 3271 eodem
3293 3216 3556 3271 semivivo

1967 3325 2135 3381 puero
2154 3308 2308 3377 juxta
2336 3316 2662 3379 praeceptum
2695 3307 2928 3362 dominae
2952 3324 3063 3362 sum
3085 3316 3208 3363 vota
3234 3316 3551 3379 perageret;

1969 3400 2220 3453 continuo
2248 3399 2304 3452 in
2330 3398 2517 3452 eodem
2545 3396 2681 3463 loco,
2715 3406 2769 3451 et
2798 3396 2851 3449 in
2884 3396 3073 3451 eodem
3110 3404 3402 3461 momento,
3446 3396 3555 3451 dte-

1967 3505 2127 3546 mone
2143 3489 2385 3560 expulso,
2404 3489 2620 3559 plenam
2651 3488 2941 3543 sanitatem
2974 3488 3201 3557 accepit.
3239 3487 3443 3541 Deinde
3470 3503 3556 3542 se-

1969 3586 2201 3639 cundum
2231 3584 2535 3655 sponsionis
2558 3591 2743 3638 votum
2763 3624 2778 3649 ,
2816 3583 2885 3636 ad
2914 3590 3275 3637 memoratum
3311 3581 3415 3635 viri
3459 3582 3557 3636 Dei

1970 3676 2275 3746 sepulcrum
2304 3690 2466 3729 sanus
2507 3690 2538 3729 a
2580 3686 2755 3729 matre
2794 3674 3086 3745 perductus
3124 3681 3239 3740 est,
3286 3688 3557 3743 sanusque

1970 3768 2130 3822 rediit
2152 3768 2201 3820 ι).

2040 3859 2129 3912 21.
2168 3858 2369 3913 Verum
2407 3857 2685 3928 Ludgerus
2721 3857 2969 3927 quamvis
3010 3866 3205 3914 cuncta
3247 3854 3558 3926 hujusmodi

1969 3964 2134 4019 opera
2160 3948 2432 4002 occultare
2459 3948 2645 4013 vellet,
2675 3964 2780 4002 non
2813 3956 2995 4002 tamen
3028 3948 3109 4003 hae
3140 3948 3250 4002 Deo
3284 3947 3559 4002 revelante

1971 4054 2355 4111 usquequaque
2391 4039 2588 4095 effecit.
2643 4039 2778 4094 Villa
2822 4047 2906 4095 est
2952 4040 3005 4093 in
3055 4039 3289 4096 Saxonia
3328 4039 3383 4093 in
3421 4051 3559 4108 pago

1974 4130 2234 4203 Sudergc,
2259 4131 2395 4185 Alna
2417 4143 2437 4169 ε
2461 4139 2790 4201 nuncupata.
2817 4130 2898 4185 Ad
2924 4132 3066 4185 hanc
3115 4131 3240 4185 dum
3268 4130 3559 4201 parochias

1973 4238 2097 4289 suas
2132 4223 2399 4277 circuiens
2427 4223 2668 4285 veniret,
2714 4222 2800 4276 die
2835 4221 3070 4291 quadam
3113 4222 3337 4275 sedente
3377 4235 3443 4275 eo
3487 4219 3559 4275 ad

1973 4331 2248 4381 mensam,
2296 4316 2615 4369 audiebatur
2661 4314 2793 4369 foris
2837 4314 3071 4369 clamare
3116 4328 3343 4383 pauper,
3392 4314 3560 4367 anxie

1972 4409 2295 4469 obsecrans,
2337 4414 2399 4460 ut
2437 4406 2721 4477 episcopus
2750 4420 2951 4459 ctecum
2982 4404 3254 4458 hominem
3284 4405 3559 4474 respicere

1974 4499 2305 4569 dignaretur.
2339 4496 2639 4552 Festinavit
2663 4496 2940 4558 diaconus,
2972 4493 3121 4564 cujus
3149 4495 3200 4548 id
3226 4504 3343 4550 erat
3369 4495 3554 4562 ofﬁcii,

1972 4601 2167 4662 putans
2189 4607 2353 4645 unum
2379 4605 2498 4646 esse
2517 4592 2582 4645 de
2603 4589 2947 4661 pauperibus,
2978 4588 3069 4657 qui
3099 4589 3291 4657 stipem
3315 4588 3554 4658 petierit,

1972 4695 2297 4751 sumensque
2332 4698 2520 4752 panem
2550 4691 2604 4735 et
2630 4682 2808 4735 cibum
2835 4679 3081 4750 porrexit
3108 4680 3203 4734 illi.
3236 4680 3437 4735 Renuit
3466 4680 3559 4741 ille

1974 4776 2235 4845 accipere,
2271 4774 2411 4829 aliud
2441 4775 2542 4829 sibi
2598 4774 2783 4827 dicens
2827 4788 2948 4827 esse
2975 4774 3364 4828 necessarium.
3398 4771 3555 4828 Defe-

1972 4868 2191 4921 rebatur
2216 4872 2392 4934 potus.
2437 4864 2546 4927 ille,
2579 4879 2677 4918 nec
2709 4865 2811 4918 hoc
2848 4878 2906 4918 se
2947 4864 3082 4919 velle
3110 4866 3406 4935 respondit,
3452 4880 3554 4922 nec

1974 4968 2193 5031 propter
2223 4958 2414 5027 stipem
2454 4956 2741 5027 petendam
2782 4970 2841 5011 se
2878 4957 3127 5022 venisse,
3179 4957 3273 5013 sed
3318 4966 3379 5013 ut
3428 4965 3555 5014 ante
3634 5026 3637 5029 _

1973 5053 2284 5120 episcopum
2332 5049 2822 5116 intromitteretur,
2870 5057 2933 5104 nt
2981 5064 3124 5105 cazco
3166 5050 3369 5107 homini
3420 5052 3554 5108 subr
3632 5036 3635 5037 ν

1972 5143 2199 5197 veniret.

2042 5234 2113 5287 At
2139 5234 2413 5297 diaconus,
2446 5247 2553 5286 non
2579 5231 2851 5287 intellecto
2880 5231 3025 5302 quod
3048 5233 3435 5302 postulaverit,
3471 5232 3551 5288 di-

1974 5326 2138 5380 misso
2161 5325 2251 5378 illo
2272 5326 2325 5378 in
2346 5326 2561 5379 domum
2584 5339 2860 5395 regressus
2881 5332 2982 5379 est.
3017 5323 3187 5379 Porro
3208 5325 3295 5379 ille
3315 5324 3447 5379 foris
3469 5338 3552 5378 re-

1973 5457 2225 5528 Ludgcri,
2247 5471 2407 5526 quam
2428 5455 2644 5510 edidere
2662 5455 3099 5528 Antwerpienses
3119 5462 3174 5510 et
3192 5456 3547 5512 Benedictini.

1974 5525 2305 5595 Quze'autem
2336 5527 2390 5579 in
2419 5533 2605 5597 nostro
2635 5525 2926 5597 exemplari
2958 5535 3274 5597 sequuntur,
3304 5534 3397 5580 aut
3422 5541 3552 5581 con-

1974 5600 2259 5654 tinuatoris
2282 5639 2296 5662 ,
2344 5604 2436 5650 aut
2474 5596 2640 5666 ipsius
2675 5596 2891 5650 Altfridi
2917 5638 2930 5662 ,
2982 5596 3049 5651 ea
3092 5598 3358 5666 habentur
3384 5598 3549 5651 etiam

1975 5671 2165 5724 iisdem
2206 5668 2374 5724 ferme
2402 5665 2582 5737 verbis
2622 5667 2675 5720 in
2718 5668 2970 5737 anonymi
3014 5667 3270 5722 conatanei
3304 5665 3550 5722 Frisonis

1976 5741 2125 5797 Actis
2156 5757 2184 5793 a
2212 5740 2465 5793 Browero
2493 5736 2652 5790 editis
2681 5753 2745 5791 ex
2776 5736 2876 5791 ms.
2906 5737 3180 5791 Fuldensi.

2049 5822 2070 5849 ο
2100 5810 2411 5866 Cincinnius
2440 5808 2493 5862 in
2519 5806 2646 5869 Tit.,
2681 5823 2729 5862 c.
2754 5808 2844 5871 Ἡ,
2879 5806 3005 5861 Αιεη
3032 5813 3206 5863 vocat.
