4012 6364
525 377 626 434 791

1503 369 1595 424 ΑΙ)
1633 368 1692 425 S.
1733 367 2041 427 LUDGERI
2080 365 2372 425 SCRIPTA
2408 365 2776 426 APPENDIX.

3702 376 3800 438 792

522 490 685 545 licius
713 499 839 542 cum
867 482 1064 540 iterato
1085 482 1176 539 diu
1197 480 1611 548 vociferaretur,
1635 481 1854 538 tandem
1876 482 2112 537 circum-
2139 482 2189 542 Δ
2216 481 2614 551 permitterent.
2638 481 2867 536 Factum
2894 478 3123 536 esthoc.
3165 479 3430 538 Discessit
3451 483 3682 556 antistes
3701 529 3715 552 ,
3750 501 3802 547 et

522 578 756 652 spiciens
785 579 1067 650 Ludgerus
1093 597 1104 631 :
1131 577 1328 645 Quare,
1362 576 1539 647 inquit
1566 577 1634 632 ad
1662 577 1970 643 diaconum,
2003 585 2112 632 tam

520 666 612 729 diu
643 671 983 728 dissimulare
1003 671 1104 735 vis,
1131 670 1273 739 quod
1299 669 1486 724 audis?
1514 678 1570 724 et
1595 671 1901 741 respondit:
1933 668 2112 742 Detuli

519 764 598 824 illi
633 767 816 822 cibum
850 773 1177 836 potumque;
1230 762 1325 817 sed
1371 761 1459 817 ille
1506 762 1642 816 nihil
1692 763 1886 818 borum
1934 769 2109 818 curat.

517 857 812 914 Nummum
831 897 846 924 ,
887 856 992 922 ait,
1035 855 1102 909 da
1130 854 1212 918 ei;
1247 854 1390 925 quod
1418 869 1542 910 cum
1572 853 1807 922 fecisset,
1837 862 1893 910 et
1918 854 2114 910 nihilo-

516 951 702 1008 minus
728 955 1074 1020 sperneretur
1090 987 1105 1012 ,
1131 943 1294 1014 jussit
1318 961 1443 1000 eum
1468 945 1752 1016 episcopus
1774 945 1842 1000 ad
1866 959 1924 1000 se
1949 945 2116 1000 intro-

519 1043 666 1100 duci.
691 1042 828 1097 Dum
853 1041 1192 1097 introductus
1217 1048 1380 1105 esset,
1406 1039 1484 1094 ait
1508 1039 1604 1106 illi,
1631 1039 1770 1106 Quid
1793 1047 1898 1105 est,
1920 1037 2111 1103 frater,

516 1139 664 1208 quod
695 1139 895 1201 habes;
929 1135 1061 1207 quid
1086 1142 1169 1192 est
1198 1135 1343 1205 quod
1369 1133 1620 1204 expetis?
1663 1133 1754 1188 Ille
1790 1131 2109 1202 respondit:

515 1229 628 1284 Fac
657 1237 715 1284 ut
744 1229 980 1295 videam,
1013 1243 1165 1299 rogo,
1193 1234 1416 1299 propter
1443 1242 1685 1282 amorem
1716 1225 1834 1280 Dei.
1882 1224 2110 1289 Videas,

515 1317 693 1392 inquit
721 1320 1024 1392 Ludgerus,
1055 1327 1278 1392 propter
1303 1334 1546 1374 amorem
1573 1319 1700 1374 Dei.“
1731 1318 1801 1372 Et
1832 1318 2031 1373 mirum
2057 1317 2112 1373 in

515 1412 758 1477 modum,
783 1427 906 1467 cum
929 1412 1032 1467 hoc
1061 1427 1167 1466 non
1196 1409 1512 1480 imperando
1532 1409 1748 1476 dixerit,
1779 1410 1873 1465 sed
1903 1417 2112 1464 tantum

513 1504 746 1559 miratus
765 1503 1100 1574 petitionem,
1121 1503 1319 1560 similia
1338 1503 1505 1558 verba
1529 1502 1900 1574 responderit;
1927 1501 2114 1557 statim

513 1593 604 1648 ille
629 1594 800 1660 vidit,
836 1593 1131 1665 jussusquc
1159 1593 1420 1649 accedere
1450 1593 1520 1648 ad
1547 1606 1789 1648 mensam
1820 1591 1998 1648 laetior
2021 1607 2114 1648 co-

511 1686 684 1740 medit
710 1694 763 1741 et
787 1686 924 1741 bibit
951 1687 1192 1757 abiitque
1220 1687 1276 1741 in
1303 1687 1447 1741 viam
1476 1701 1651 1741 suam.

584 1777 674 1832 22.
713 1778 986 1834 Ferebant
1020 1788 1200 1834 autem
1231 1778 1567 1834 veracissimi
1594 1778 1699 1833 viri
1734 1779 1802 1835 de
1836 1777 2113 1849 discipulis

2215 573 2379 628 homo
2401 574 2455 628 in
2476 573 2716 644 patibulo
2743 580 2828 628 est
2855 587 3168 644 suspensus.
3217 573 3290 630 At
3315 590 3446 630 vero
3473 592 3701 648 vespere
3739 581 3797 637 ει..

2214 666 2322 721 lius
2346 666 2476 732 diei,
2504 681 2627 722 cum
2652 665 2938 736 episcopus
2965 663 3179 719 itineris
3205 679 3300 720 sex
3329 665 3397 719 ab
3423 679 3490 720 eo
3519 667 3641 723 loco
3686 670 3798 726 mil-

2213 759 2368 815 liaria
2383 759 2699 832 peregisset,
2723 770 2950 814 manens
2971 757 3026 812 in
3040 756 3164 812 villa
3190 772 3313 828 qua:
3325 767 3554 814 vocatur
3568 760 3800 817 Aschan—

2215 853 2349 924 dorp
2371 894 2388 919 ,
2417 866 2487 909 en
2521 852 2746 908 veniens
2781 853 2945 908 homo
2985 849 3093 915 ille,
3141 865 3304 922 quem
3337 851 3500 923 paulo
3541 861 3671 907 ante
3698 870 3800 913 sus-

2212 945 2528 1018 penderant,
2564 944 2632 1001 ad
2657 943 2824 1016 pedes
2851 942 3090 1015 episcopi
3119 944 3347 1000 corruit.
3393 943 3719 1001 Mirantibus
3746 963 3800 1003 ac

2213 1039 2616 1096 sciscitantibus
2637 1037 2875 1105 cunctis,
2899 1035 3170 1119 quomodo
3189 1037 3255 1093 de
3282 1053 3346 1092 eo
3363 1045 3672 1108 gereretur,
3701 1054 3800 1094 rem

2209 1132 2397 1188 taliter
2419 1132 2607 1204 pandit
2637 1150 2650 1186 :
2682 1131 2819 1188 Cum
2857 1146 2960 1203 ego
2983 1171 3001 1198 ,
3049 1130 3338 1201 inquiens,
3392 1133 3654 1204 episcOpo
3695 1131 3834 1188 inde.

2215 1225 2462 1296 digresso
2485 1265 2502 1292 ,
2548 1239 2764 1281 sursum
2791 1223 2846 1279 in
2875 1223 3178 1294 patibulum
3226 1223 3478 1279 traherer
3500 1263 3516 1289 ,
3560 1222 3801 1278 videbam

2214 1320 2351 1376 duos
2385 1320 2534 1376 viros
2560 1336 2592 1376 a
2635 1316 2805 1374 latere
2847 1317 3087 1388 episcopi
3139 1317 3448 1389 equitantes
3495 1315 3794 1387 aliquandiu

2214 1425 2337 1468 cum
2363 1427 2430 1467 eo
2453 1427 2552 1484 per
2586 1409 2693 1468 iter
2719 1410 2867 1482 loqui
2895 1450 2911 1477 ,
2952 1409 3151 1466 dehinc
3195 1417 3319 1479 post
3349 1408 3632 1479 paululum
3681 1407 3802 1464 alter

2213 1503 2408 1561 festiue
2431 1503 2762 1576 regrediens,
2797 1500 2984 1558 nescio
3005 1500 3138 1572 quid
3163 1499 3300 1556 mihi
3324 1500 3584 1571 pendenti
3615 1515 3800 1571 suppo-

2215 1598 2344 1663 suit,
2376 1611 2540 1668 super
2567 1594 2712 1666 quod
2741 1593 2974 1649 ﬁrmiter
3005 1599 3155 1648 stans
3180 1607 3290 1648 non
3337 1591 3649 1647 sentiebam
3694 1606 3802 1645 cru-

2213 1689 2453 1754 ciatum;
2491 1688 2664 1745 donec
2704 1686 2965 1757 dispersis
3004 1684 3112 1740 hiis
3148 1683 3242 1754 qui
3279 1698 3367 1738 me
3395 1683 3797 1754 suspenderant,

2213 1789 2272 1836 et
2297 1781 2366 1837 ad
2390 1794 2645 1836 occasum
2673 1785 2931 1850 vergente
2953 1775 3066 1832 sole
3085 1816 3102 1842 ,
3150 1789 3240 1831 me
3278 1774 3421 1831 idem
3447 1773 3551 1846 ipsi
3581 1775 3800 1846 depone-

512 1867 665 1939 ejus,
713 1870 859 1940 quod
903 1870 1138 1940 quodam
1180 1877 1424 1939 tempore
1446 1910 1462 1935 ,
1511 1870 1640 1924 dum
1683 1869 1749 1925 ad
1792 1869 2109 1926 comitatum
2137 1851 2188 1913 Β
2214 1882 2316 1930 ret.
2350 1873 2663 1945 Depositum
2701 1869 2866 1941 jussit
2904 1869 3012 1925 iter
3036 1876 3280 1924 vestrum
3307 1867 3636 1938 quantocius
3664 1865 3799 1938 sequi

509 1976 764 2033 pergens,
807 1975 906 2029 per
944 1960 1335 2032 provinciales,
1378 1960 1471 2030 qui
1501 1959 1661 2016 Hassi
1696 1961 1968 2025 dicuntur,
2007 1961 2112 2018 iter

512 2062 731 2125 ageret,
777 2070 876 2125 per
900 2056 1178 2110 orationes
1205 2054 1324 2124 ejus
1351 2055 1514 2110 homo
1551 2065 1798 2110 mortuus
1825 2056 2107 2111 revixerit.

511 2145 614 2214 Qui
666 2145 872 2202 scilicet
915 2155 1140 2218 propter
1185 2144 1391 2201 furtum
1437 2146 1770 2204 caballorum
1800 2145 2112 2202 Widekindi

512 2239 669 2298 ducis
698 2239 976 2295 Saxonum
999 2252 1025 2280 ει
1049 2239 1178 2294 huic
1220 2236 1384 2294 morti
1423 2234 1767 2308 adjudicatu's
1795 2238 1927 2305 fuit,
1964 2246 2026 2294 ut
2055 2239 2111 2294 in

511 2345 707 2401 campo
732 2331 798 2386 ad
831 2331 1069 2401 stipitem
1115 2331 1334 2402 ligatus,
1380 2330 1600 2402 iactatis
1642 2331 1698 2386 in
1737 2328 1862 2387 etim
1889 2331 2113 2388 sudibus

515 2424 695 2479 acutis
743 2431 798 2480 et
844 2423 1116 2495 lapidibus
1154 2436 1466 2480 necaretur.
1523 2422 1677 2491 Quod
1724 2424 1852 2479 dum
1909 2423 2113 2480 factum

508 2516 727 2585 fuisset,
749 2533 949 2588 corpus
972 2517 1224 2574 exanime
1251 2518 1305 2572 in
1329 2532 1523 2588 campo
1549 2517 1798 2573 relictum
1823 2525 1926 2574 est.
1953 2517 2114 2574 Venit

512 2619 696 2666 autem
740 2610 1022 2681 Ludgerus
1067 2626 1226 2666 secus
1269 2610 1448 2666 locum
1473 2651 1489 2676 ,
1539 2619 1595 2665 et
1641 2615 1919 2682 comperto
1966 2610 2111 2680 quod

509 2704 855 2762 Christianus
884 2705 1068 2771 fuerit,
1101 2705 1328 2760 mittens
1353 2705 1422 2760 ad
1441 2702 1823 2770 Witikindum,
1851 2713 2109 2774 penetra-

507 2793 592 2849 vit
631 2795 700 2849 ad
738 2796 1072 2850 humandum
1108 2809 1327 2864 corpus.
1381 2793 1588 2849 Dehinc
1628 2794 2111 2865 discerpta'totius

509 2885 759 2954 corporis
787 2885 1031 2939 membra
1070 2883 1233 2954 pallio
1264 2883 1444 2954 colligi
1487 2883 1690 2952 jussit,
1737 2894 1794 2940 et
1823 2878 2012 2940 inferri
2054 2885 2110 2943 in

508 2978 806 3033 tentorium
831 2992 1012 3041 suum,
1045 2976 1218 3032 donec
1247 2975 1526 3031 humando
1553 2975 1769 3047 corpori
1801 2975 2108 3047 sepulcrum

507 3079 820 3144 pararetur.
874 3071 1011 3124 Dum
1042 3070 1110 3124 ad
1137 3070 1243 3127 hoc
1270 3079 1493 3126 ventum
1527 3079 1689 3136 esset,
1720 3078 1781 3125 ut
1808 3071 2009 3126 elatum
2043 3073 2108 3128 de

508 3163 784 3228 tentorio,
837 3163 892 3216 in
940 3161 1143 3218 fossam
1191 3172 1495 3234 ponerent,
1550 3172 1761 3220 astante
1811 3165 2103 3236 episcopo;

2213 1975 2269 2022 et
2292 1981 2393 2038 pro
2420 1979 2682 2021 concessa
2723 1963 2834 2018 vita
2863 1970 3054 2018 sancto
3092 1959 3338 2016 Antistiti
3381 1959 3589 2030 gratias
3635 1973 3796 2028 agere,

2213 2074 2376 2131 quam
2407 2058 2542 2114 mihi
2587 2059 2704 2128 ipse
2729 2055 2859 2111 dum
2898 2069 2930 2110 a
2959 2049 3124 2109 fatuis
3154 2059 3623 2119 contemneretur,
3655 2067 3686 2106 a
3712 2051 3798 2106 Do-

2211 2149 2362 2204 mino
2389 2146 2719 2220 impetravit,
2767 2142 3080 2214 addiditque
3126 2157 3186 2200 se
3227 2142 3375 2198 nullo
3423 2150 3588 2213 pacto
3635 2143 3794 2207 scire;

2213 2241 2449 2312 qualiter
2477 2240 2592 2312 ipse
2631 2247 2756 2310 post
2774 2237 2952 2293 virum
2983 2234 3081 2292 Dei
3105 2243 3313 2291 tantum
3352 2235 3455 2291 vite
3483 2237 3721 2306 spatium
3749 2235 3795 2290 in

2212 2342 2489 2389 momento
2509 2331 2863 2403 percurrerit.
2893 2328 3102 2385 Ferunt
3128 2337 3187 2386 et
3227 2327 3334 2383 alia
3362 2327 3538 2384 multa
3566 2326 3797 2383 miranda

2211 2423 2551 2482 venerabiles
2602 2422 2705 2477 viri
2759 2421 2828 2477 de
2863 2419 3144 2491 discipulis
3168 2417 3288 2490 ejus
3315 2435 3347 2474 a
3373 2420 3538 2475 beato
3564 2418 3797 2492 Ludgero

2181 2527 2359 2590 gesta
2384 2517 2469 2572 vel
2494 2518 2667 2583 dicta,
2695 2530 2816 2587 quae
2859 2522 3055 2584 cuncta
3103 2527 3304 2585 ponere
3352 2511 3797 2570 immoderatioris

2211 2608 2442 2665 fortasse
2474 2606 2801 2680 prolixitatis
2824 2605 3121 2664 videretur.

2282 2699 2372 2756 24.
2402 2699 2672 2755 Praeterea
2694 2698 3086 2754 monaSterium
3107 2696 3251 2768 quod
3278 2697 3334 2753 in
3360 2695 3573 2754 honore
3599 2703 3796 2754 sancta-

2210 2808 2332 2848 rum
2354 2791 2731 2862 reliquiarum,
2771 2804 2908 2860 quas
2933 2789 3001 2845 ab
3023 2787 3321 2860 apostolico
3344 2796 3656 2860 acceperat,
3684 2787 3794 2844 olim

2211 2893 2530 2942 construere
2595 2883 2876 2950 decrevit,
2939 2881 3032 2938 ubi
3079 2888 3266 2953 posset
3302 2881 3592 2947 construi,
3633 2881 3795 2952 agnita

2211 2979 2608 3035 maritimarum
2649 2977 2932 3049 regionum
2959 2974 3328 3040 desolatione,
3357 2974 3591 3030 sollicite
3631 2974 3794 3045 requi-

2210 3073 2383 3128 rebat.
2416 3072 2533 3128 Duo
2556 3079 2738 3126 autem
2764 3069 2882 3125 loca
2911 3068 3288 3124 construendis
3307 3064 3657 3124 monasteriis
3683 3075 3793 3138 apta

2209 3161 2550 3226 videbantur,
2584 3175 2726 3215 unus
2749 3158 2805 3214 in
2829 3158 3132 3215 Witmundi
3161 3159 3190 3199 δ
3229 3158 3387 3229 juxta
3433 3157 3656 3213 fluvium
3679 3157 3790 3222 lsla,

409 3244 418 3247 ”
511 3252 737 3319 Eti‘erte,
764 3254 956 3324 inquit,
980 3270 1104 3310 eum
1121 3231 1439 3322 ex'tumulo,
1457 3272 1580 3311 nam
1598 3257 1674 3311 illi
1700 3231 1924 3328 spiritus
1945 3231 2104 3315 inest.
2137 3231 2184 3296 ο
2214 3252 2352 3309 alter
2373 3253 2466 3324 qui
2494 3253 2580 3307 Ad
2608 3251 2811 3308 Cruces
2831 3251 3032 3307 dicitur
3051 3266 3208 3307 secus
3235 3249 3457 3305 ﬂuvium
3487 3251 3700 3321 Arnapa
3727 3259 3784 3315 c;

511 3343 616 3411 Qui
647 3346 775 3399 dum
804 3345 1046 3403 elevatus
1072 3355 1238 3415 esset,
1287 3349 1557 3420 respirare
1594 3351 1789 3420 cmpit,
1819 3360 1875 3406 et
1911 3352 2110 3409 iterum

507 3433 692 3495 illatus
737 3440 793 3495 in
839 3443 1136 3497 tentorium
1182 3442 1365 3500 oblato
1407 3452 1538 3514 potu
1583 3444 2006 3513 refocillabatur,
2056 3455 2112 3506 et

504 3531 664 3603 ligari
695 3531 860 3602 jussit
892 3537 1122 3590 antistes
1147 3536 1372 3591 vulnera
1400 3535 1518 3604 ejus
1539 3577 1554 3602 ,
1603 3546 1658 3592 et
1705 3538 1760 3592 in
1789 3539 1940 3594 brevi
1968 3547 2108 3594 tem-

505 3637 640 3692 pore
666 3624 962 3679 convaluit.
1019 3623 1138 3680 Stat
1168 3626 1346 3680 adhuc
1378 3625 1430 3680 in
1467 3641 1533 3681 eo
1560 3625 1680 3681 loco
1719 3625 1929 3697 lapidea
1974 3643 2109 3683 crux

506 3714 562 3769 in
601 3726 1012 3773 monumentum
1051 3717 1297 3774 miraculi
1332 3715 1492 3787 hujus
1538 3719 1604 3774 ab
1651 3718 1844 3775 incolis
1883 3730 2104 3776 erecta:

504 3817 564 3864 et
587 3821 654 3861 ex
684 3809 906 3864 nomine
931 3807 1049 3877 ejus
1078 3809 1202 3864 dein
1227 3809 1364 3875 viri,
1409 3810 1537 3880 quia
1569 3809 1759 3866 Buddo
1787 3811 2106 3880 vocabatur,

505 3917 734 3974 campus
762 3903 851 3957 ille
875 3902 1215 3958 Buddonuelt
1238 3919 1412 3972 usque
1439 3903 1599 3958 hodie
1625 3903 1958 3959 nominatur.

505 4012 512 4019 '
578 3997 670 4051 23.
713 3996 980 4068 Oppidum
1008 4005 1092 4052 est
1118 3996 1173 4051 in
1201 3995 1438 4052 Saxonia
1467 4004 1654 4050 notum
1682 3996 1932 4065 plurimis
1961 3995 2106 4067 Mep-

505 4104 607 4162 pea
635 4091 995 4157 nominatum,
1040 4090 1096 4144 in
1123 4089 1278 4160 cujus
1303 4087 1504 4143 vicinia
1523 4127 1537 4152 ,
1569 4087 1697 4141 dum
1727 4087 1958 4143 antistes
1983 4103 2108 4142 san-

507 4192 628 4238 ctus
657 4181 902 4238 Fresiam
923 4196 1156 4253 pergens
1181 4181 1398 4236 veniret
1424 4219 1440 4245 ,
1495 4178 1705 4248 aspexit
1750 4194 1858 4234 non
1886 4179 2045 4251 longe
2073 4195 2101 4235 a

505 4274 593 4328 via
619 4317 634 4341 ,
674 4275 817 4346 vulgi
841 4274 1130 4330 concilium
1156 4273 1243 4328 die
1270 4271 1540 4327 dominica
1568 4279 1973 4343 congregatum.
2019 4273 2104 4327 Di-

503 4366 670 4421 vertit
699 4367 828 4422 illuc
855 4366 1042 4421 volens
1071 4379 1399 4436 cognoscere
1439 4378 1558 4433 qum
1596 4378 1760 4418 causa
1796 4362 2100 4432 hujusmodi

504 4460 863 4515 conventiculi
887 4460 1151 4515 existeret
1174 4457 1266 4510 tali
1290 4456 1653 4526 die,'viditque
1674 4455 1728 4509 in
1756 4455 2098 4526 colle,'quem

504 4551 1044 4606 circumvallaverant
1070 4549 1148 4603 rei
1167 4548 1379 4604 cuidam
1395 4547 1745 4616 suspendium
1768 4547 2093 4617 praeparari;

503 4644 877 4713 accedensque
900 4641 1124 4712 propius
1145 4639 1338 4694 ail‘atus
1360 4645 1444 4693 est
1464 4653 1559 4693 eos
1575 4637 1794 4702 blande,
1823 4637 2102 4707 postulans

503 4736 608 4790 sibi
639 4736 868 4791 concedi
896 4733 1172 4789 hominem
1194 4772 1208 4796 ,
1243 4738 1337 4786 aut
1358 4730 1404 4785 si
1435 4743 1659 4784 necesse
1694 4719 1858 4783 ossa
1864 4743 1986 4783 eum
2016 4729 2098 4784 iu-

502 4829 704 4894 terfici,
731 4829 837 4882 hoc
882 4841 947 4881 eo
991 4826 1077 4881 die
1119 4837 1464 4894 nequaquam
1492 4819 1762 4886 facerent,
1796 4821 1967 4892 magis
1995 4821 2096 4893 ipsi

505 4923 573 4978 ad
600 4920 885 4976 ecclesiam
913 4919 1110 4974 missas
1132 4917 1319 4970 audire
1339 4913 1710 4970 convenirent.
1744 4911 1985 4981 Cumque
2015 4913 2097 4967 ni-

502 5015 580 5067 hil
602 5015 792 5068 horum
816 5028 844 5064 a
869 5009 1089 5064 rusticis
1114 5009 1408 5077 impetrare
1435 5011 1638 5076 posset,
1690 5004 2096 5061 contumeliosis

503 5107 726 5176 insuper
752 5102 933 5156 verbis
960 5100 1158 5156 clerico
1180 5098 1526 5163 insultantes,
1549 5097 1674 5167 quia
1703 5097 1769 5152 ad
1792 5097 1908 5168 ejus
1934 5113 2097 5168 paro-

504 5196 685 5252 chiam
717 5195 867 5249 locus
889 5193 977 5248 ille
1000 5208 1103 5247 non
1132 5192 1455 5261 pertinebat,
1481 5191 1570 5244 vix
1614 5190 1861 5245 obtine’re
1879 5191 2056 5259 potuit
2079 5232 2094 5258 ,

502 5295 564 5342 ut
592 5300 884 5357 parumper
931 5301 1052 5339 cum
1104 5283 1321 5338 homine
1370 5282 1436 5337 de
1481 5280 1802 5352 poenitentia
1853 5295 1911 5334 se
1947 5279 2095 5351 loqui

577 5455 600 5482 ιι
628 5441 770 5512 Ergo
795 5442 849 5496 in
873 5442 1066 5498 finibus
1085 5442 1381 5497 Hassorum
1407 5438 1602 5512 inloco
1627 5433 1862 5506 quodam
1883 5434 2094 5494 Buden-

500 5510 607 5568 feld
634 5509 990 5569 Widekindus
1013 5515 1385 5585 possessiones
1409 5509 1616 5585 habuit.

575 5585 600 5624 δ
638 5586 811 5642 Locus
838 5579 1102 5656 hodieque
1134 5594 1295 5656 notus
1315 5582 1371 5656 in
1389 5580 1602 5645 tabulis,
1629 5579 1914 5635 intervallo
1930 5579 2089 5635 unius

503 5653 670 5712 leuem
698 5658 766 5711 ab
795 5659 927 5712 urbe
966 5651 1374 5723 Sﬁtphanicnsi.

576 5739 597 5766 ο
641 5728 809 5799 Vulgo
838 5729 930 5781 hic
951 5721 1148 5799 fluvius
1173 5724 1314 5799 ξςτπε
1335 5732 1390 5775 et
1412 5721 1550 5799 Erpe
1577 5721 2088 5799 dicitur',_va_riaque

503 5796 658 5852 Julizc
696 5793 889 5867 oppida
917 5796 1072 5850 alluit
1097 5803 1152 5849 et
1180 5795 1369 5849 llheno
1422 5793 1762 5867 immergitur
1805 5793 2086 5849 Coloniam

505 5870 648 5926 inter
679 5878 732 5923 ct
763 5867 1150 5938 Docsburgum.
1628 5873 1635 5879 '

2212 3342 2308 3400 sed
2331 3344 2527 3400 divinae
2551 3341 3249 3416 pmscientirevoluntatem
3274 3357 3440 3412 super
3452 3343 3554 3398 hiis
3574 3343 3788 3397 demou-

2212 3435 2376 3491 strari
2407 3436 2510 3491 sibi
2533 3436 2740 3492 devotis
2765 3433 2987 3507 jejuniis
3011 3441 3067 3489 et
3093 3434 3434 3490 orationibus
3455 3433 3776 3504 deposcebat.

2211 3523 2367 3580 Unde
2395 3539 2519 3580 cum
2561 3525 2629 3581 ad
2663 3524 2870 3588 locum,
2923 3539 3084 3594 quem
3108 3521 3267 3593 juxta
3320 3539 3537 3578 amnem
3584 3521 3787 3593 Arnapa

2209 3629 2334 3670 eum
2364 3616 2593 3688 elegisse
2617 3616 2870 3681 diximus,
2897 3616 3093 3672 hiemis
3131 3625 3376 3685 tempore
3414 3615 3642 3681 veniret,
3671 3630 3790 3670 cru-

2210 3723 2328 3764 cem
2355 3707 2590 3778 ligneam
2625 3706 2679 3761 in
2725 3720 2790 3760 eo
2823 3705 2942 3761 loco
2982 3704 3148 3774 jussit
3196 3706 3354 3778 erigi,
3387 3713 3443 3761 et
3499 3706 3616 3776 ipse
3654 3704 3793 3760 solus

2208 3815 2393 3856 coram
2424 3813 2585 3854 cruce
2626 3797 2682 3852 in
2708 3797 2832 3852 nive
2874 3797 3112 3851 maxima
3141 3797 3260 3853 duri
3303 3796 3522 3867 frigoris
3559 3806 3615 3852 et
3633 3795 3792 3866 longa:

2209 3893 2385 3949 noctis
2411 3891 2653 3963 prolixus
2687 3905 2861 3961 usque
2891 3889 2959 3945 ad
2979 3889 3154 3946 lucem
3184 3889 3239 3945 in
3259 3890 3508 3946 oratione
3535 3891 3794 3962 protraxit

2205 3984 2437 4055 vigilias.
2468 3983 2700 4039 Proinde
2725 3983 2907 4038 divina
2943 3982 3276 4038 revelatione
3305 3983 3697 4039 monasterium
3726 3982 3794 4038 ibi

2207 4093 2328 4133 esse
2374 4091 2480 4131 non
2509 4091 2690 4147 posse,
2747 4074 3037 4147 cognovit;
3096 4075 3191 4130 sed
3237 4075 3416 4131 locum
3468 4074 3526 4130 in
3567 4075 3794 4145 quodam

2206 4170 2344 4227 saltu
2359 4169 2515 4240 juxta
2544 4169 2765 4224 ﬂuvium
2793 4183 2922 4223 rura
2949 4168 3224 4224 fundanda
3263 4169 3598 4224 monasterio
3625 4185 3658 4224 a
3690 4168 3793 4224 Deo

2203 4260 2322 4318 fore
2341 4260 2669 4332 praescitum.
2703 4259 3046 4330 Quapropter
3065 4259 3194 4313 dum
3223 4273 3334 4313 sum
3383 4260 3486 4314 viae
3511 4258 3795 4314 comitibus

2203 4369 2324 4424 quae
2351 4352 2606 4408 divinitus
2632 4359 2982 4422 cognoverat,
3009 4350 3261 4415 referret,
3302 4351 3371 4404 ad
3397 4351 3728 4421 promissum
3765 4366 3794 4405 a

2203 4445 2316 4500 Deo
2339 4445 2518 4502 locum
2544 4446 2878 4517 properavit,
2896 4453 3093 4501 etcum
3115 4458 3428 4515 possessore
3440 4442 3564 4513 ejus
3587 4444 3796 4500 locutus

2200 4534 2380 4591 locum
2402 4535 2555 4591 illum
2581 4537 2707 4591 data
2736 4544 2882 4592 terra
2904 4535 3008 4591 alia
3024 4535 3378 4604 comparavit.
3407 4534 3538 4590 Post
3553 4535 3672 4590 haec
3699 4549 3790 4588 au-

2130 4619 2185 4681 D
2206 4637 2338 4697 tem,
2378 4645 2501 4685 cum
2535 4629 2980 4699 occupationibus
3018 4628 3188 4683 variis
3210 4626 3432 4682 liberior
3456 4625 3637 4681 factus
3661 4634 3796 4680 tem-

2200 4737 2304 4794 pus
2339 4721 2467 4777 huic
2492 4722 2762 4777 vacationi
2802 4729 2986 4793 aptum
3011 4720 3255 4776 invenire
3282 4719 3475 4789 potuit,
3501 4719 3794 4790 assumptis

2201 4832 2406 4885 secum,
2431 4833 2568 4889 quos
2609 4819 2740 4875 huic
2767 4819 2916 4889 operi
2944 4817 3280 4875 necessarios
3309 4816 3486 4884 scivit,
3517 4817 3588 4872 ad
3616 4813 3792 4891 ipsum

2202 4909 2377 4965 denuo
2403 4909 2580 4965 locum
2605 4910 2880 4981 profectus
2908 4919 3008 4967 est.

2269 5001 2360 5056 25.
2377 5003 2507 5058 Erat
2521 5004 2591 5059 ibi
2613 5003 2886 5060 sarculum
2896 5003 2923 5044 ἀ
2941 5003 3211 5074 quoddam
3223 5003 3482 5061 arborum
3497 5003 3790 5075 opacitate,

2200 5103 2258 5152 et
2299 5096 2556 5151 silvarum
2585 5097 2854 5152 densitate
2881 5098 3119 5168 undique
3157 5098 3512 5164 conclusum,
3556 5099 3632 5154 ibi
3671 5098 3791 5153 lixis

2201 5189 2449 5244 tentoriis
2475 5203 2633 5244 mane
2659 5189 2838 5260 primo
2865 5190 3089 5246 arbores
3126 5189 3345 5246 diruere
3385 5199 3442 5245 et
3465 5191 3646 5247 locum
3671 5204 3792 5245 mo-

2200 5281 2390 5336 nendis
2411 5280 2655 5336 aedificiis
2684 5297 2986 5354 expurgare
3007 5323 3021 5348 ,
3064 5282 3109 5338 si
3139 5298 3245 5354 qua
3281 5281 3515 5341 facultas
3541 5285 3787 5350 daretur,

2269 5434 2296 5476 τι
2339 5433 2533 5522 Surius
2561 5435 2725 5491 vertit
2758 5453 2770 5491 :
2805 5453 3006 5522 nemus.
3033 5434 3478 5522 Antvverpienses
3505 5438 3790 5522 suspican-

2200 5513 2290 5563 tur
2311 5509 2570 5562 sartulum
2592 5522 2710 5562 esse
2736 5509 3102 5575 scribendum,
3144 5517 3204 5565 ut
3231 5509 3304 5565 sit
3347 5509 3727 5566 diminutivum
3754 5524 3789 5564 ει

2195 5589 2305 5634 sar!
2329 5579 2622 5662 :l'cutonica
2647 5595 2820 5664 voce,”
2829 5578 3113 5637 Germanis
3129 5581 3501 5664 superioribus
3523 5583 3638 5664 Item
3655 5596 3789 5664 pro:

2189 5651 2470 5723 nuntiata;
2494 5666 2609 5723 qua
2645 5650 2980 5721 signiﬁcetur
3015 5667 3124 5707 non
3159 5650 3480 5723 simpliciter
3503 5650 3786 5723 silva—sed

2188 5721 2321 5799 silva
2343 5737 2455 5798 prae
2486 5720 2738 5799 frutieum
2775 5723 3044 5780 densitate
3085 5739 3224 5795 pene
3251 5720 3566 5799 ,impervia;
3603 5721 3788 5799 qualis

2189 5792 2280 5848 hic
2301 5792 2450 5850 locus
2476 5793 2822 5852 describitur.
