4012 6364
134 434 229 491 793

1436 420 1619 479 ACTA
1657 417 1717 476 S.
1757 416 2081 477 LUDGEBl.

3290 418 3393 474 794

137 549 499 625 disponebant.
523 546 680 617 Quod
708 551 890 603 tamen
918 542 1026 601 illis
1054 542 1173 599 ﬁeri
1201 541 1422 599 omnino
1458 538 1709 612 impossi-
1736 537 1789 599 Δ
1813 539 2050 625 cundum
2088 535 2421 593 voluntatem
2470 549 2651 591 meam
2694 533 2907 592 locutus
2941 536 3395 609 benevolentiam,

135 646 229 702 bile
253 642 538 697 videbatur
561 658 576 698 :
599 639 742 696 unde
795 648 849 695 et
874 639 1095 695 beatum
1138 637 1315 691 virum
1355 652 1386 690 a
1412 651 1508 691 sua
1533 635 1706 689 inten-

136 736 267 790 tione
319 732 537 803 penitus
565 745 823 786 revocare
868 729 1167 797 studentes,
1219 728 1472 782 dixerunt
1522 726 1701 781 incre-

135 827 283 885 dibile
312 841 539 898 prorsus
562 824 736 880 videri
775 824 925 879 illum
972 819 1152 878 locum
1210 837 1450 892 unquam
1485 818 1703 875 habita-

135 922 282 978 bilem
335 919 679 990 ﬁeriposse,
731 918 987 989 quoniam
1037 918 1293 972 arborum
1338 916 1604 971 densitate
1650 922 1707 971 et

134 1027 395 1070 ramorum
430 1011 757 1067 obductione
793 1010 989 1066 coelum
1019 1024 1235 1080 quoque
1270 1008 1446 1079 ipsum
1474 1009 1704 1077 abscon-

135 1110 356 1162 deretur.
387 1104 457 1158 At
480 1104 570 1159 ille
605 1120 754 1174 spem
780 1120 933 1159 suam
965 1104 1020 1157 in
1051 1103 1280 1158 Domino
1303 1118 1510 1173 ponens
1537 1118 1551 1167 ;
1584 1118 1705 1172 qua:

132 1198 429 1255 hominibus
448 1239 463 1264 ,
495 1199 699 1270 inquit,
744 1198 1097 1269 impossibilia
1122 1206 1265 1261 sunt,
1296 1197 1407 1252 Deo
1427 1196 1703 1267 possibilia

134 1299 259 1347 sunt.
282 1290 471 1361 Itaque
499 1298 658 1347 nocte
700 1290 984 1362 ingruente
1008 1306 1131 1347 cum
1163 1290 1460 1360 temperius
1482 1289 1547 1344 ad
1576 1289 1707 1359 vigi-

134 1384 218 1438 Iias
236 1382 585 1439 nocturnales
602 1383 987 1449 surrexissent,
1018 1392 1140 1454 post
1157 1390 1441 1452 peractum
1470 1381 1701 1436 oﬂicium

134 1494 183 1535 se
205 1478 447 1532 cubitum
474 1478 653 1533 denuo
680 1485 1040 1547 receperunt;
1091 1491 1322 1546 cumque
1360 1474 1470 1545 jam
1517 1490 1703 1535 omnes

133 1572 352 1627 dormire
380 1579 625 1643 putaret,
669 1571 832 1626 tacite
860 1572 1098 1626 surrexit
1125 1579 1180 1625 et
1211 1570 1501 1626 tentorium
1525 1586 1679 1641 egres

134 1682 212 1722 sus
250 1666 531 1738 paululum
587 1665 849 1721 orationis
900 1666 1073 1738 gratia
1125 1664 1353 1720 secessit
1389 1682 1402 1719 :
1436 1664 1531 1719 sed
1579 1664 1704 1735 quia

134 1759 329 1829 quidam
358 1774 426 1814 ex
454 1758 574 1829 ejus
600 1759 957 1814 contubernio
986 1758 1216 1813 clericus
1265 1758 1481 1813 nomine
1512 1758 1703 1812 Thiat-

132 1849 209 1903 bat
253 1848 446 1904 eadem
508 1850 643 1904 hora
705 1850 983 1919 vigilavit,
1036 1848 1212 1920 ipsum
1243 1848 1529 1904 confestim
1558 1848 1703 1905 foras

132 1948 395 1995 exeuntem
418 1948 637 1995 secutus
664 1947 767 2005 est,
792 1941 936 2011 quod
958 1954 1082 1995 mox
1112 1940 1195 1993 vir
1222 1942 1316 1997 Dei
1346 1942 1617 2012 cognovit,
1649 1951 1703 1998 et

133 2034 383 2105 paulisper
398 2034 553 2104 quasi
583 2050 684 2105 pro
704 2036 853 2091 hora:
872 2032 1205 2105 inspectione
1227 2036 1486 2101 substitit,
1509 2036 1702 2091 deinde

134 2128 525 2183 tabernaculum
555 2128 833 2199 ingressus
880 2144 1070 2183 rursus
1108 2128 1262 2183 exiit.
1320 2127 1425 2183 Sed
1455 2129 1700 2183 eumdem

133 2219 364 2287 clericus,
420 2236 582 2289 quem
628 2220 865 2276 diximus
891 2260 906 2286 ,
944 2228 1160 2276 secutus
1198 2226 1301 2275 est.
1348 2220 1427 2275 Ita
1466 2221 1701 2277 secunda

132 2330 325 2386 quoque
354 2314 477 2369 vice
502 2314 747 2369 oratione
772 2312 888 2383 ejus
930 2313 1233 2384 intercepta
1260 2313 1517 2370 clericum
1564 2321 1704 2369 stra-

134 2418 230 2464 tum
249 2426 406 2466 suum
433 2416 700 2480 repetere,
726 2424 827 2465 nec
848 2406 1157 2463 antelucem
1176 2424 1400 2479 surgere
1421 2409 1698 2479 prazcepit.

130 2500 231 2573 Ipse
248 2517 465 2573 quoque
483 2542 498 2566 ,
523 2510 583 2555 ut
611 2499 729 2569 ejus
753 2500 1126 2556 curiositatem
1167 2499 1437 2563 eluderet,
1468 2515 1526 2555 se
1554 2497 1704 2553 cubi-

132 2605 229 2651 tum
254 2594 480 2665 recepit.
527 2593 770 2664 Cumque
810 2582 1122 2665 aliquandiu
1145 2600 1508 2664 exspectaret,
1533 2599 1589 2647 ct
1610 2608 1704 2648 ne-

132 2687 309 2742 minem
340 2685 572 2756 vigilare
620 2685 1029 2757 suspicaretur,
1082 2686 1245 2741 tertio
1312 2685 1592 2751 surrexit,
1649 2694 1707 2740 ot

130 2795 361 2850 egressus
389 2780 493 2835 sub
518 2779 751 2850 quadam
780 2780 976 2835 arbore
1002 2792 1061 2834 se
1090 2778 1144 2833 in
1185 2778 1485 2833 orationem
1516 2776 1699 2842 dedit;

129 2887 302 2928 verum
324 2888 446 2928 cum
477 2880 813 2926 memoratus
844 2871 1075 2927 clericus
1119 2879 1310 2927 contra
1358 2869 1700 2925 auctoritatis

129 2976 460 3039 prreceptum,
488 2966 643 3037 sequi
682 2981 790 3021 non
810 2965 1032 3020 auderet
1056 2973 1109 3021 et
1132 2964 1371 3029 omnino,
1398 2962 1527 3034 quid
1544 2978 1704 3034 agere

131 3058 298 3125 vellet,
325 3058 616 3129 explorare
638 3057 959 3120 intenderet,
1001 3055 1273 3126 papilione
1310 3053 1464 3123 juxta
1506 3053 1703 3108 lectum

130 3164 267 3204 suum
308 3150 513 3215 levata,
559 3149 615 3203 in
652 3148 900 3204 oratione
930 3148 1165 3217 positum
1200 3147 1337 3201 vidit
1370 3161 1383 3200 :
1418 3154 1536 3201 erat
1557 3145 1704 3201 enim

129 3258 220 3296 nox
240 3241 362 3297 luna
385 3252 444 3297 et
471 3241 643 3297 stellis
668 3240 957 3295 admodum
980 3240 1149 3295 clara.
1174 3239 1378 3295 Etcum
1402 3239 1704 3295 diutissime

128 3341 340 3398 orasset,
371 3340 429 3388 et
468 3347 527 3387 se
573 3347 670 3402 per
715 3330 968 3401 spiritum
1004 3346 1035 3384 a
1066 3330 1175 3385 Deo
1220 3330 1463 3385 auditum
1502 3344 1702 3399 cogno-

128 3422 301 3489 visset,
333 3422 648 3483 tentorium,
682 3420 916 3487 cunctis,
947 3426 1008 3475 ut
1027 3421 1270 3492 putabat,
1310 3419 1706 3490 ignorantibus,

127 3516 393 3585 repetivit.
420 3513 620 3568 Mutata
646 3512 792 3568 illico
825 3527 944 3583 qua:
968 3520 1095 3567 tunc
1124 3520 1241 3567 erat
1264 3510 1387 3565 coeli
1418 3509 1705 3574 serenitas,

126 3608 410 3663 obscurata
462 3614 605 3661 astra
633 3646 649 3672 ,
689 3613 743 3660 et
792 3604 969 3659 ventis
1022 3604 1151 3658 hinc
1191 3603 1314 3656 inde
1363 3601 1710 3671 surgentibus

127 3707 415 3769 tempestas
439 3697 605 3752 nimia
630 3697 918 3751 subsecuta
940 3703 1043 3749 est.
1076 3693 1354 3748 Cadebant
1378 3706 1581 3745 annosa
1605 3690 1711 3744 cir-

127 3807 456 3862 cumquaque
478 3790 701 3845 arbusta
718 3830 732 3853 ,
757 3797 958 3843 etcum
981 3801 1176 3856 magno
1200 3784 1328 3839 licet
1370 3784 1613 3839 omnium
1645 3782 1712 3835 ti-

127 3902 265 3941 more
294 3886 411 3957 ipsa
439 3884 707 3940 elementa
732 3880 933 3937 famulo
954 3880 1050 3935 Dei
1075 3878 1401 3933 militabant.
1428 3877 1561 3931 Nam
1582 3892 1709 3931 cum

129 3977 350 4033 diluculo
386 3976 849 4042 exsurrexissent,
903 3973 1159 4028 videbant
1204 3972 1394 4027 silvam
1421 3972 1551 4026 hinc
1588 3970 1713 4026 inde

129 4083 326 4128 erutam
358 4070 640 4127 fundanda
689 4067 1023 4124 monasterio
1066 4067 1244 4122 locum
1290 4066 1426 4121 satis
1474 4065 1712 4135 amplum

131 4165 366 4231 dedisse;
410 4172 468 4219 et
520 4164 745 4218 arbores
803 4161 1003 4233 passim
1062 4158 1309 4228 jacentes
1359 4157 1713 4213 sullicientem

129 4254 388 4324 lignorum
413 4255 482 4309 ad
515 4252 929 4308 aediﬁcationem
970 4252 1179 4320 copiam
1208 4249 1527 4320 praebuisse.
1562 4249 1714 4305 Unde

133 4346 183 4400 S.
216 4330 501 4419 Ludgerus
535 4362 660 4401 cum
698 4346 786 4401 die
818 4342 931 4413 jam
971 4344 1118 4398 clara
1149 4359 1276 4399 suos
1325 4342 1534 4411 reliquo
1563 4342 1714 4411 operi

128 4444 320 4501 instare
356 4445 708 4508 hortaretur,
755 4456 849 4496 eos
886 4439 1233 4510 percunctari
1291 4436 1717 4509 gratulabundus

130 4537 282 4607 cepit
310 4554 324 4592 :
369 4550 517 4591 anne
542 4534 721 4590 adhuc
748 4531 944 4590 cmlum
975 4545 1034 4590 se
1070 4545 1139 4586 ex
1168 4530 1258 4586 illo
1285 4530 1404 4585 loco
1430 4528 1716 4585 crederent

129 4636 416 4699 conspectu
424 4642 517 4681 ros
529 4626 553 4681 ?

189 4720 275 4775 26.
320 4720 485 4775 Mane
512 4734 580 4775 ex
602 4718 917 4783 arboribus,
947 4732 1082 4787 quas
1120 4715 1233 4772 illic
1261 4715 1533 4772 corruisse
1574 4713 1716 4769 dixi-

128 4829 261 4881 mus,
282 4831 397 4870 una
432 4812 608 4869 solum
628 4828 736 4867 non
761 4812 939 4867 diruta
973 4810 1255 4876 remansit,
1280 4811 1379 4865 sub
1403 4824 1507 4879 qua
1528 4808 1717 4863 eadem

129 4916 280 4963 nocte
312 4908 407 4963 vir
426 4906 523 4962 Dei
546 4905 745 4971 oravit,
771 4906 871 4960 sub
898 4904 998 4960 hac
1026 4904 1235 4969 sellula,
1262 4902 1373 4972 jam
1397 4903 1517 4958 luce
1546 4902 1713 4967 clara,

128 5003 317 5071 posita,
360 5018 495 5058 suos
533 5000 601 5056 ad
628 4999 961 5070 operandam
1008 4999 1350 5053 hortabatur.
1386 4997 1465 5053 lbi
1495 4997 1717 5067 quidam

130 5094 192 5148 ad
207 5111 333 5150 eum
351 5111 423 5150 ex
452 5092 571 5162 ejus
591 5091 806 5147 clericis
828 5091 1044 5146 nomine
1056 5090 1387 5161 0dilgrimus
1406 5105 1472 5145 ex
1500 5090 1714 5155 itinere,

126 5204 230 5258 quo
258 5190 507 5243 directus
533 5185 740 5251 fuerat,
786 5185 969 5251 venit;
998 5200 1158 5254 quem
1206 5184 1346 5239 inter
1378 5192 1565 5239 mutua
1598 5199 1718 5255 qua:

127 5279 441 5334 habuerunt
495 5276 805 5345 colloquia,
846 5276 960 5346 ipse
1017 5274 1367 5346 interrogavit
1426 5275 1555 5344 quid
1616 5274 1719 5329 sibi

123 5370 188 5425 de
242 5372 341 5427 illo
401 5370 522 5426 loco
564 5366 879 5424 videretur?
918 5375 1230 5421 utrumnam
1263 5379 1399 5436 eum.
1424 5367 1719 5421 monacho-

127 5477 244 5515 rum
277 5461 514 5532 collegio
567 5474 868 5530 congruum
910 5457 1308 5513 arbitraretur?
1362 5457 1432 5510 At
1478 5458 1565 5513 ille
1608 5458 1722 5512 vul-

126 5562 237 5608 tum
265 5553 393 5624 ejus
419 5552 707 5608 clariorem
735 5549 896 5605 solito
919 5550 1111 5604 videns
1138 5567 1150 5603 :
1195 5548 1254 5603 In
1278 5556 1483 5615 vestra,
1515 5550 1719 5619 inquit,

126 5643 264 5701 facie
296 5646 483 5711 video,
535 5646 639 5700 hoc
661 5659 796 5715 opus
823 5644 940 5699 sine
970 5642 1066 5696 Dei
1108 5642 1384 5697 voluntate
1413 5642 1723 5698 inchoatum

124 5754 234 5793 non
258 5753 415 5803 esse,
440 5739 617 5799 locum
636 5737 751 5808 jam
778 5736 905 5791 olim
932 5734 1162 5790 electum
1185 5750 1215 5788 a
1245 5735 1355 5789 Deo
1376 5736 1720 5804 opportunis-

126 5830 337 5884 simum
391 5829 569 5884 divino
615 5828 836 5884 servitio
896 5825 1157 5881 futurum.
1212 5822 1328 5892 Qua
1378 5826 1724 5894 responsione

128 5920 249 5996 ipse
280 5920 604 5989 delectatus,
632 5919 879 5987 Gratias,
922 5916 1117 5990 inquit,
1149 5918 1309 5983 habe,
1349 5917 1601 5988 quoniam
1648 5933 1727 5975 sc-

1808 649 1969 703 quam
1999 632 2170 687 solum
2200 633 2361 687 homo
2398 639 2604 702 potest,
2650 639 2798 687 tuam
2822 633 3096 702 ostendis;
3134 644 3396 694 caeterum

1807 724 2032 781 etl'ectus
2058 725 2114 779 in
2153 725 2247 781 Dei
2287 732 2559 795 potestate
2583 734 2665 782 est
2690 728 3036 784 constitutus.
3090 728 3222 785 Illud
3268 747 3401 787 sane

1806 824 1862 873 te
1890 833 2051 874 nosse
2076 818 2217 884 volo,
2246 820 2389 888 quod
2416 826 2597 875 tamen
2623 820 2749 875 vivo
2776 836 2862 877 me
2890 822 3011 878 aliis
3040 830 3093 879 te
3116 824 3399 895 publicare

1806 910 1950 976 nolo,
1981 910 2035 965 in
2064 912 2166 966 hoc
2192 910 2310 965 loco
2338 926 2425 966 me
2464 913 2608 967 diem
2650 913 2842 984 judicii
2868 924 3278 985 expectaturum
3302 958 3317 984 ,
3344 927 3399 975 et

1805 1019 1893 1059 me
1923 1004 2033 1069 hic,
2072 1005 2164 1060 ubi
2190 1022 2335 1060 nunc
2370 1004 2551 1072 sedeo,
2588 1018 3000 1065 monumentum
3056 1012 3394 1069 habiturum.

1804 1095 1881 1151 Ita
1928 1097 2157 1152 clericus
2201 1099 2453 1153 arborem
2505 1101 2742 1168 quandiu
2794 1102 2868 1156 ibi
2923 1104 3071 1158 stetit
3112 1106 3399 1177 diligenter

1804 1192 2146 1257 observavit;
2196 1193 2291 1248 sed
2320 1208 2444 1247 cum
2482 1200 2668 1262 postea
2701 1194 2756 1248 in
2803 1212 2961 1251 usum
3000 1198 3243 1254 ecclesia:
3288 1216 3398 1272 quo

1806 1286 1874 1339 ad
1905 1284 2297 1340 occidentalem
2327 1285 2443 1355 ejus
2468 1294 2680 1355 partem
2702 1290 3143 1356 eonstruebatur,
3168 1292 3396 1360 praecisa

1815 1386 1966 1441 esset,
2008 1377 2240 1447 lapidem
2261 1379 2315 1432 in
2343 1395 2407 1434 eo
2430 1378 2549 1434 loco
2577 1380 2725 1435 nullo
2748 1381 2856 1437 alio
2878 1384 3086 1439 sciente
3112 1401 3213 1455 pro
3241 1386 3395 1457 signo

1827 1470 2020 1537 nfodit,
2041 1472 2132 1542 qui
2153 1472 2351 1526 ibidem
2368 1488 2491 1527 cum
2509 1482 2694 1543 postea
2714 1475 3022 1547 sepulcrum
3043 1486 3231 1533 sancto
3246 1478 3398 1537 fode-

1812 1571 1976 1628 retur,
2007 1562 2235 1619 eil‘ossus
2260 1574 2364 1621 est.

1874 1658 1965 1713 27.
1998 1660 2054 1714 ln
2081 1662 2346 1731 angustiis
2376 1662 2584 1733 positus
2618 1663 2704 1719 vel
2727 1664 2991 1722 sollicitus
3020 1668 3073 1723 in
3099 1668 3398 1739 majoribus

1806 1752 1967 1807 rebus
2001 1754 2297 1809 tractandis
2332 1756 2434 1809 hoc
2469 1757 2653 1810 statim
2680 1758 2964 1814 exordium
2992 1777 3207 1817 sumere
3229 1764 3399 1819 moris

1806 1843 1999 1899 habuit
2024 1886 2037 1910 ,
2079 1846 2332 1901 sacerdos
2355 1848 2548 1903 missas
2573 1849 2849 1906 celebrare
2875 1855 3103 1921 monuit,
3133 1856 3400 1927 religiosis

1805 1938 1939 1993 viris
1968 1938 2051 1993 vel
2096 1939 2314 1995 feminis
2334 1940 2539 2010 jejunia
2584 1946 2877 2010 mandavit,
2918 1946 3167 2007 invitavit
3197 1964 3401 2020 paupe-

1802 2046 1891 2086 res
1937 2040 1989 2085 et
2021 2047 2243 2102 egenos,
2276 2041 2331 2088 et
2360 2034 2439 2089 sic
2485 2034 2539 2088 in
2573 2036 2825 2092 omnibus
2859 2040 3134 2108 gressibus
3179 2040 3294 2109 ejus
3340 2056 3401 2098 se

1803 2124 2032 2180 Domino
2056 2128 2472 2182 commendavit.
2497 2130 2723 2185 Omnem
2757 2148 3001 2199 censum,
3034 2136 3124 2204 qui
3156 2134 3211 2191 in
3235 2137 3404 2194 haere-

1808 2218 1975 2273 ditate
2007 2220 2226 2290 propria
2249 2221 2332 2274 vel
2368 2223 2421 2275 in
2445 2223 2720 2293 episcopio
2743 2226 3114 2296 colligebatur,
3141 2246 3266 2285 mox
3295 2232 3403 2286 dis-

1803 2310 2044 2365 tribuere
2069 2312 2295 2376 studuit,
2325 2313 2457 2366 nihil
2480 2315 2701 2370 omnino
2722 2327 2923 2386 prccter
2945 2320 3117 2375 solum
3144 2338 3398 2378 necessa-

1803 2404 1945 2459 rium
1972 2420 2127 2458 usum
2158 2420 2319 2475 super
2347 2408 2750 2477 angustioribus
2804 2409 2930 2483 [F.,
2964 2414 3389 2490 augustioribus]

1803 2500 2046 2557 mdiﬁciis
2059 2501 2141 2555 vel
2163 2502 2465 2557 ambitiosis
2478 2503 2794 2560 ministeriis
2815 2522 3033 2563 curans.
3057 2508 3397 2581 Quapropter

1804 2608 1925 2646 cum
1956 2608 1986 2646 a
2016 2592 2337 2662 quibusdam
2371 2594 2513 2663 regis
2554 2595 2891 2666 principibus
2941 2601 3096 2670 quasi
3135 2602 3398 2671 stirpator

1804 2685 2062 2755 episcopii
2092 2686 2495 2752 criminaretur,
2523 2697 2578 2743 et
2604 2690 2695 2757 qui
2724 2690 2897 2745 nullas
2922 2692 3275 2749 aediﬁciorum
3303 2697 3401 2751 bo-

1804 2786 2044 2834 nestatcs
2074 2794 2174 2833 nec
2200 2779 2331 2849 ipsis
2358 2780 2605 2835 ecclesiis
2637 2797 2905 2852 congruos
2932 2785 3274 2840 metallorum
3310 2803 3404 2842 or-

1804 2878 1966 2925 natus
1995 2869 2293 2939 praevidere
2324 2871 2531 2937 scierit,
2564 2872 2985 2942 gloriosissimus
3015 2875 3311 2946 imperator
3337 2878 3406 2933 ad

1806 2961 1922 3032 ejus
1953 2963 2281 3018 audientiam
2307 2964 2574 3018 invitavit.
2592 2964 2744 3019 Unde
2766 2964 2895 3019 dum
2922 2966 3146 3022 veniens
3169 2967 3407 3023 mansio-

1806 3072 1931 3112 nem
1966 3055 2107 3127 apud
2133 3056 2395 3126 palatium
2425 3056 2746 3125 accepisset,
2778 3072 2938 3111 mane
2966 3058 3144 3130 primo
3170 3059 3239 3113 ad
3276 3074 3402 3115 eum

1808 3146 2103 3216 imperator
2133 3146 2466 3201 cubiculario
2507 3146 2693 3212 misso,
2750 3148 2817 3202 ad
2848 3163 3001 3202 suum
3026 3147 3190 3218 jussit
3218 3151 3406 3208 venire

1810 3237 2157 3307 colloquium.
2185 3236 2349 3291 Forte
2370 3244 2497 3291 tunc
2529 3237 2777 3302 antistes,
2818 3238 2945 3293 dum
2976 3241 3399 3297 consuetudina-

1812 3328 1908 3383 riis
1932 3344 1999 3382 ex
2038 3342 2187 3383 more
2214 3328 2435 3397 psalmis
2481 3335 2535 3382 et
2569 3328 2908 3383 orationibus
2941 3330 3211 3396 instaret,
3266 3332 3405 3388 dixit

1808 3420 2162 3482 cubiculario,
2198 3428 2257 3474 ut
2300 3420 2654 3490 praecederet,
2710 3434 2767 3473 se
2795 3434 2922 3473 mox
2968 3421 3152 3476 divino
3184 3430 3407 3491 peracto

1807 3510 1984 3567 ollicio
2009 3518 2343 3564 secuturum.
2375 3509 2513 3563 Dum
2545 3508 2786 3563 secundo
2808 3516 2865 3563 et
2894 3509 3056 3565 tertio
3083 3511 3288 3565 nuntiis
3315 3527 3406 3566 ve—

1810 3604 2085 3659 nientibus
2116 3602 2203 3656 ille
2235 3601 2303 3655 ab
2330 3602 2567 3671 incmpto
2600 3617 2709 3656 non
2734 3611 3051 3657 moveretur
3098 3618 3280 3672 opere,
3314 3621 3406 3661 oc-

1810 3699 2086 3753 casionem
2118 3712 2175 3752 se
2201 3703 2544 3751 accusatores
2573 3694 2688 3763 ejus
2717 3696 2986 3751 invenisse.
3011 3697 3174 3751 laetati
3204 3714 3269 3753 ex
3298 3699 3404 3754 hoc

1810 3790 1981 3861 ipsius
2002 3790 2146 3845 facto
2172 3789 2605 3844 criminationem
2642 3788 3011 3844 cumulabant.
3044 3788 3244 3847 Verum
3270 3792 3399 3846 dum

1810 3883 2095 3953 completis
2148 3876 2463 3953 psalmodiis
2527 3888 2652 3935 ante
2700 3880 3083 3950 imperatorem
3138 3883 3402 3950 venisset,

1812 3976 1949 4033 dixit
1978 3977 2276 4044 imperator
2302 3989 2317 4028 :
2344 3974 2523 4041 Quare
2552 3983 2797 4029 nostrum
2824 3975 3139 4031 mandatum
3165 3977 3245 4033 sic
3268 3977 3406 4032 dim-

1813 4067 1915 4123 cile
1967 4066 2262 4137 accepisti,
2304 4066 2583 4135 episcope,
2625 4073 2684 4119 ut
2722 4072 2802 4121 tot
2853 4066 3153 4122 accersitus
3202 4068 3407 4125 nuntiis

1814 4161 1997 4216 statim
2038 4161 2224 4215 venire
2272 4160 2624 4229 despiceres?
2665 4160 2799 4227 Quia
2826 4200 2840 4223 ,
2883 4160 3058 4229 inquit
3101 4160 3400 4231 Ludgerus,

1814 4261 1871 4309 et
1894 4254 1991 4308 tibi
2016 4294 2030 4319 ,
2072 4270 2105 4309 o
2132 4269 2261 4317 rex,
2304 4262 2359 4308 et
2393 4254 2605 4309 cunctis
2655 4255 2965 4310 hominibus
3001 4254 3169 4309 Deum
3197 4269 3405 4324 praepo-

1815 4346 2052 4401 nendum
2076 4346 2384 4401 arbitrabar
2416 4364 2427 4400 :
2465 4347 2569 4403 hoc
2599 4348 2743 4403 enim
2791 4348 2922 4403 mihi
2955 4347 3279 4417 praecepisti,
3312 4363 3407 4402 cu-

1816 4452 1935 4491 ram
1972 4437 2332 4507 episcopalem
2380 4440 2756 4504 committens;
2814 4438 3016 4493 idcirco
3064 4454 3095 4493 a
3128 4440 3238 4494 tuis
3279 4439 3408 4495 licet

1817 4538 2042 4584 vocatus
2075 4529 2283 4583 nuntiis
2304 4531 2691 4600 omnipotentis
2729 4529 3006 4583 servitium
3047 4529 3407 4586 intermittere

1741 4647 1795 4708 ι)
1820 4622 2205 4678 inconveniens
2221 4620 2461 4694 judicavi
2492 4638 2505 4677 :
2533 4633 2590 4678 at
2619 4639 2743 4677 mox
2773 4623 2952 4677 divino
2981 4633 3206 4693 peracto
3239 4627 3406 4681 servi-

1818 4716 1893 4771 tio
1918 4716 2160 4785 paratior
2209 4718 2276 4772 ad
2326 4717 2469 4787 regis
2511 4717 2793 4785 imperium
2824 4716 2967 4771 veni.
2996 4718 3149 4783 Quod
3186 4734 3408 4789 respon-

1815 4820 1938 4862 sum
1992 4805 2108 4875 ejus
2167 4807 2463 4877 imperator
2508 4808 2745 4876 Optimus
2806 4816 3116 4874 veneratus,
3157 4808 3405 4879 Gratias,

1816 4900 1912 4966 ait,
1952 4902 2149 4957 habeto
2173 4940 2190 4967 ,
2229 4900 2500 4971 episcope,
2541 4902 2666 4969 quia
2690 4900 2849 4955 talem
2872 4908 2926 4955 te
2965 4903 3125 4957 modo
3153 4902 3405 4971 invenio,

1816 4993 2031 5063 qualem
2063 5002 2221 5047 antea
2250 4992 2605 5047 aestimabam.
2638 4990 2879 5047 Fuerunt
2904 5002 3084 5048 autem
3117 4994 3283 5065 aliqui
3311 4996 3408 5066 qui

1816 5089 1957 5145 facta
2008 5084 2265 5139 bonitatis
2308 5092 2412 5138 tua:
2455 5084 2705 5139 malivole
2750 5086 2891 5154 apud
2937 5102 3023 5141 me
3072 5087 3409 5158 interpretati

1818 5188 1966 5243 sunt,
2003 5178 2097 5233 sed
2118 5179 2218 5231 hos
2243 5177 2499 5247 deinceps
2527 5178 2707 5233 minus
2728 5187 2914 5249 gratos
2946 5180 3187 5245 habebo,
3214 5190 3267 5235 et
3290 5181 3408 5235 nul-

1817 5272 1921 5327 lius
1937 5271 2099 5324 verba
2127 5285 2288 5341 super
2309 5277 2401 5323 tua
2421 5269 2794 5326 criminatione
2820 5286 2906 5325 me
2924 5271 3152 5329 ulterius
3172 5275 3409 5345 spondeo

1819 5371 2189 5433 accepturum.

1891 5457 1981 5511 28.
2023 5455 2194 5509 Porro
2220 5453 2347 5524 quia
2370 5462 2684 5510 sanctorum
2723 5454 3023 5512 ciliciorum
3048 5457 3238 5513 incidit
3258 5474 3409 5514 men-

1821 5548 1919 5613 tio,
1950 5552 2172 5601 narrant
2202 5545 2369 5615 quod,
2398 5546 2522 5600 dum
2575 5547 2641 5599 ad
2677 5563 2811 5616 opus
2842 5547 3093 5603 diurnum
3123 5549 3407 5622 (divinum)

1824 5647 1994 5697 staret
2020 5639 2103 5692 vir
2126 5638 2244 5703 Dei,
2277 5637 2620 5694 ineﬂ‘abiliter
2645 5641 2897 5697 timorala
2950 5644 3247 5698 intentione
3275 5646 3408 5700 lixa-

1824 5747 1930 5801 que
1961 5739 2141 5785 mente
2166 5731 2447 5785 manserit.
2476 5732 2780 5800 Aliquando
2798 5736 2923 5788 dum
2950 5735 3000 5787 in
3020 5735 3215 5790 itinere
3240 5744 3405 5805 esset,

1826 5826 1966 5880 lectu
2026 5825 2099 5879 illi
2130 5826 2196 5879 ad
2231 5825 2467 5879 vicinum
2526 5825 2704 5881 focum
2759 5830 3082 5894 struebatur,
3110 5830 3254 5886 unde
3275 5831 3405 5888 dum

1827 5930 1988 5976 noctu
2019 5929 2168 5976 stans
2190 5918 2343 5990 juxta
2390 5920 2587 5977 lectum
2619 5923 2910 5979 matutinas
2939 5924 3125 5983 laudes
3154 5942 3278 5983 cum
3299 5925 3404 5985 cle-
