4012 6364
634 422 739 483 795
1010 443 1020 451 ο
1620 424 1714 480 AD
1733 408 1806 479 's.
1847 422 2149 481 LUDGERI
2190 420 2483 480 summa
2524 420 2891 480 APPENDIX.
3800 424 3895 484 τω

634 538 765 597 ricis
797 545 1069 604 cantaret,
1100 546 1155 594 et
1182 540 1340 594 tectis
1368 539 1551 595 cinere
1582 538 1774 609 prunis
1816 537 1997 593 fumus
2021 554 2216 609 evapo-
2240 541 2295 602 Α
2320 538 2531 603 dorum,
2591 538 2785 608 quibus
2814 536 2869 591 in
2902 535 3068 592 variis
3125 534 3536 593 necessitatibus
3596 538 3891 593 succunit.

634 646 764 687 rans
786 630 861 684 illi
891 629 947 684 in
974 630 1168 684 faciem
1192 631 1495 695 exhalavit;
1526 630 1617 684 ille
1641 630 1793 700 quasi
1824 629 1959 684 nihil
1981 631 2222 687 sentiens
2319 628 2552 684 Proinde
2580 642 2687 682 non
2708 633 2770 681 ut
2792 635 3059 683 mortuum
3090 625 3394 700 plangimus
3418 664 3435 695 ,
3484 626 3584 682 sed
3614 634 3681 681 ut
3721 626 3893 683 viven-

634 722 875 778 inmotus
895 727 1074 775 mente
1099 728 1155 775 et
1171 735 1401 792 corpore
1418 722 1600 776 stabat
1625 737 1638 775 :
1684 730 1740 775 at
1761 734 1899 775 unus
1921 735 1982 774 er
2008 721 2222 777 clericis
2321 728 2430 775 tem
2456 719 2696 775 subsidio
2707 733 2927 775 suarum
2950 733 3169 787 precum
3183 717 3337 773 nobis
3349 716 3638 773 subvenire
3659 732 3891 775 oram.

635 812 853 870 auferre
877 813 985 870 hoc
1025 813 1209 869 volens
1232 814 1633 869 incommodum
1662 822 1890 869 curvato
1930 828 2069 883 genu
2095 828 2218 869 car-

636 906 807 963 bones
850 904 1055 976 detegit
1089 911 1146 959 et
1199 904 1477 960 insuillans
1517 904 1722 974 sopitos
1761 903 1989 958 suscitat
2044 902 2218 972 ignes.

637 997 795 1054 Mane
823 1005 1002 1053 autem
1022 1011 1224 1053 vocans
1245 996 1502 1052 clericum
1530 997 1784 1051 distincte
1810 994 2016 1067 (Forte,
2039 995 2225 1050 distri-

636 1088 746 1156 cte)
774 1087 1083 1145 sciscitatus
1112 1095 1234 1153 est;
1290 1101 1462 1157 quare
1487 1086 1649 1156 hujus
1676 1086 1875 1142 mentis
1912 1084 2111 1150 fuerit,
2163 1092 2225 1140 ut

636 1180 810 1235 sacris
829 1178 1042 1251 hymnis
1065 1178 1307 1236 dimissis
1331 1194 1391 1234 se
1411 1179 1584 1250 magis
1613 1178 1973 1234 incurvaverit
2001 1176 2069 1232 ad
2094 1192 2224 1231 con-

637 1269 956 1329 struendum
988 1267 1215 1324 focum?
1251 1269 1321 1325 Et
1356 1269 1730 1340 paenitentiam
1780 1268 1986 1336 aliquot
2012 1268 2223 1322 dierum

636 1359 741 1415 sibi
780 1359 1042 1427 indicens,
1076 1360 1259 1415 docuit
1300 1359 1548 1425 clericos,
1573 1360 1701 1414 dum
1727 1359 1797 1414 ad
1824 1373 1961 1429 opus
1981 1358 2222 1413 divinum

638 1450 974 1516 assisterent,
997 1465 1189 1507 omnes
1208 1458 1557 1507 occurrentes
1580 1450 1848 1521 cogitatus
1872 1449 2219 1514 amovendos,

638 1551 693 1597 et
728 1552 990 1613 quantum
1036 1542 1259 1598 humani
1308 1543 1491 1599 cordis
1531 1542 1796 1615 fugacitas
1834 1543 2057 1614 patitur,
2087 1540 2224 1596 nihil

636 1632 783 1691 aliud
810 1633 1178 1703 cogitandum.

717 1725 807 1781 29.
836 1737 877 1793 ,ι
904 1724 1072 1797 Igitur
1126 1724 1194 1781 de
1249 1733 1437 1781 sancto
1501 1721 1733 1781 transitu
1773 1722 2075 1780 beatissimi
2123 1721 2230 1779 viri

641 1831 750 1873 non
778 1824 887 1870 tam
918 1815 1072 1871 nobis
1104 1814 1393 1871 dolendum
1422 1830 1584 1885 quam
1629 1814 1969 1887 gaudendum
2000 1829 2121 1870 esse
2147 1814 2228 1869 vi-

2321 810 2367 867 0
2389 826 2516 867 vere
2541 812 2761 867 beatum
2802 818 2857 867 et
2880 810 3027 869 omni
3064 810 3221 865 laude
3246 810 3647 881 dignissimum,
3675 810 3894 883 angelis,

2318 905 2621 976 praphetis,
2646 903 2926 975 apostolis,
2952 902 3314 973 martyribus,
3346 900 3775 967 confessorihus,
3800 903 3894 956 vir-

2321 997 2537 1067 ginibus
2564 1011 2671 1051 non
2700 994 2973 1050 immerito
3015 993 3439 1063 comparandum
3476 1010 3490 1047 :
3523 990 3704 1063 angeli
3748 1006 3892 1068 mun-

2324 1090 2455 1147 ditia
2496 1098 2552 1144 et
2596 1088 2896 1157 cmicstium
2931 1087 3419 1157 contemplatione;
3450 1084 3737 1156 prophetis
3760 1083 3887 1139 futu-

2324 1195 2510 1236 rorum
2533 1181 2759 1245 notitia;
2788 1178 3045 1250 apostolis
3064 1177 3350 1249 pastoralis
3382 1191 3527 1251 cura:
3563 1175 3895 1231 successione

2323 1283 2378 1330 et
2398 1274 2801 1345 praedicationis
2820 1272 3156 1336 imitatione;
3184 1269 3516 1340 martyribus
3538 1267 3725 1323 carnis
3750 1268 3891 1347 casti-

2324 1368 2539 1440 gatione
2568 1374 2623 1421 et
2664 1364 2908 1437 martyrii
2944 1362 3254 1428 desiderio;
3293 1359 3700 1417 confessoribus
3746 1358 3889 1417 divini

2325 1460 2559 1517 nominis
2584 1474 2767 1515 coram
2810 1457 3027 1528 regibus
3061 1462 3117 1511 et
3144 1453 3481 1526 principibus
3521 1449 3884 1515 confessione;

2322 1551 2624 1623 virginibus
2669 1548 2913 1619 corporis
2940 1544 3101 1602 simul
3144 1543 3443 1600 et-mcntis
3468 1541 3739 1601 castitate.
3780 1535 3888 1609 Quis

2324 1639 2443 1709 ejus
2469 1639 2810 1695 sanctitatem
2851 1651 2957 1691 non
2982 1632 3313 1691 veneretur?
3350 1630 3483 1697 Quis
3520 1626 3886 1693 miraculorum

2324 1730 2692 1802 operationem
2726 1743 2835 1783 non
2869 1724 3250 1796 Obstupescat?
3284 1721 3415 1789 Quis
3461 1717 3581 1790 ejus
3635 1716 3887 1772 humilita-

2327 1832 2437 1881 tem
2462 1825 2519 1879 in
2557 1822 2725 1893 signis
2756 1818 3092 1877 occultandis
3118 1832 3225 1873 non
3249 1812 3510 1871 miretur?
3546 1807 3751 1882 Maiora
3785 1816 3888 1864 sunt

640 1909 850 1965 demus.
884 1908 1099 1964 Gratias
1128 1909 1271 1965 enim
1324 1924 1484 1981 agere
1531 1908 1827 1973 debemus,
1884 1907 2028 1978 quod
2059 1907 2221 1963 talem
2249 1907 2297 1968 Β
2325 1916 2437 1981 illa,
2480 1931 2640 1985 quam
2668 1921 2728 1968 ut
2756 1913 2914 1982 digne
2942 1926 3005 1966 ea
3030 1916 3231 1965 nostra!
3264 1908 3459 1985 lingua:
3482 1903 3716 1960 ariditas
3738 1901 3886 1957 valeat

538 2060 543 2067 ,
638 2000 845 2057 nostris
882 2000 1213 2070 temporibus
1236 2001 1411 2055 virum
1441 2001 1724 2064 concessit,
1755 2000 1844 2070 qui
1873 2009 1926 2056 et
1950 2000 2222 2071 prioribus

640 2090 846 2143 sanctis
862 2091 1180 2160 aequandus,
1210 2100 1264 2147 et
1289 2088 1448 2160 hujus
1468 2092 1645 2148 aetatis
1674 2091 1981 2147 hominibus
2019 2092 2224 2145 incom-

640 2181 931 2253 parabilis,
977 2190 1034 2239 et
1089 2184 1322 2255 posteris
1382 2184 1677 2240 imitandus
1736 2183 1963 2239 exstitit.
2005 2181 2223 2240 Gratias

642 2274 787 2328 enim
813 2290 973 2347 agere
995 2276 1272 2341 debemus,
1294 2277 1437 2347 quod
1458 2289 1556 2331 nos
1577 2291 1701 2331 eum
1716 2290 1777 2331 ex
1804 2283 2016 2346 pastore
2044 2284 2225 2345 patro-

640 2383 773 2423 num
801 2368 1003 2423 habere
1033 2366 1181 2423 fecit.
1220 2368 1355 2424 Nam
1382 2370 1631 2439 quamvis
1656 2384 1846 2425 omnes
1879 2378 2096 2425 sanctos
2128 2384 2227 2427 nos

640 2468 901 2532 patronos
932 2461 1135 2518 habere
1161 2461 1494 2518 confidamus
1520 2503 1534 2529 ,
1565 2462 1740 2533 ipsum
1774 2468 1952 2517 tamen
2011 2462 2229 2533 speciali

648 2552 779 2609 licet
818 2556 919 2610 nos
947 2552 1156 2629 (Forte,
1185 2570 1285 2610 nos
1308 2553 1455 2626 licet)
1486 2553 1733 2625 indignos
1761 2553 2062 2623 patrocinio
2087 2552 2229 2609 tueri

645 2659 751 2698 non
776 2644 1008 2701 absurde
1038 2661 1337 2717 speramus.
1372 2644 1644 2713 Quantum
1672 2653 1853 2700 autem
1892 2644 2032 2715 apud
2060 2642 2229 2699 Deum

644 2731 759 2802 ejus
782 2735 1080 2808 patrocinia
1108 2734 1349 2803 valeant;
1398 2745 1672 2793 testantur
1724 2736 1983 2792 sanitates
2029 2735 2233 2791 morbi-

716 2867 1131 2935 'Quehocin

645 2936 878 3011 Ludgeri
908 2940 1172 2999 hactenus
1204 2936 1493 2999 habentur.

665 3072 2194 3104 hn——————————————————-—~

1488 3178 1978 3241 EXCERPTUM
2020 3178 2135 3257 EX
2184 3173 2532 3238 LITANIIS
2581 3166 3088 3234 RHYTHMICIS

2324 2010 2614 2080 explicare.
2648 2008 2760 2064 Nec
2788 2016 2910 2081 eget
2964 2006 3053 2063 ille
3101 2005 3274 2062 nostri
3304 2003 3571 2061 sermonis
3620 2002 3886 2075 praeconio,

2324 2102 2417 2174 qui
2447 2102 2614 2157 tantis
2641 2102 2782 2172 apud
2825 2099 3080 2156 mortales
3108 2097 3369 2169 prodigiis
3398 2094 3581 2149 clarus
3607 2111 3625 2161 ;
3667 2096 3755 2164 qui
3789 2101 3886 2148 tam

2280 2244 2281 2247 η
2325 2202 2443 2250 tum
2468 2193 2611 2248 inter
2642 2192 2864 2265 angelos
2897 2198 2953 2247 et
2995 2189 3236 2245 omnium
3268 2193 3581 2245 sanctorum
3617 2185 3802 2240 choros
3840 2183 3884 2238 in

2326 2286 2465 2342 cmlo
2512 2293 2596 2341 est
2625 2284 2958 2358 gloriﬁcatus
2986 2300 2999 2338 :
3033 2282 3126 2341 ubi
3178 2295 3321 2336 nunc
3351 2277 3569 2333 Christo
3593 2277 3883 2349 conjunctns

2326 2391 2426 2447 pro
2460 2376 2613 2437 nobis
2664 2376 2781 2446 ejus
2841 2373 3015 2431 servis
3038 2412 3058 2442 ,
3096 2373 3315 2442 suisque
3368 2368 3728 2424 servitoribus
3771 2364 3882 2436 apud

2329 2470 2506 2542 ipsum
2550 2469 2879 2535 intercedat,
2912 2468 3007 2541 qui
3036 2483 3161 2526 cum
3212 2465 3374 2521 Patre
3399 2471 3454 2517 et
3483 2459 3696 2532 Spirilu
3729 2466 3883 2534 sancio

2329 2562 2464 2617 vivit
2485 2570 2543 2617 et
2582 2569 2777 2637 regnat
2800 2562 2944 2620 Deus
2982 2576 3083 2634 per
3110 2557 3294 2617 omnia
3340 2552 3671 2631 saeculorum
3696 2551 3880 2609 szccula.

2329 2649 2527 2709 Amen.

1173 2871 1346 2945 capite
1371 2872 1440 2927 ad
1482 2870 1647 2928 ﬁnem
1674 2882 1847 2942 usque
1888 2875 2126 2935 exstant,
2174 2868 2231 2925 in
2265 2869 2413 2927 nullo
2463 2870 2759 2945 exemplari
2802 2868 3069 2943 impresso
3112 2868 3182 2924 de
3222 2866 3335 2925 vita
3362 2872 3461 2922 aut
3512 2860 3785 2923 mirandis
3830 2857 3881 2917 S.

2956 3062 3877 3095 Μ

1224 3344 1423 3389 mni
1477 3343 1697 3388 ssucrr
1741 3343 2017 3387 Lunennr
2058 3335 2591 3393 CONTINENTIBUS,
2644 3332 3002 3381 WEI'I‘BINB
3053 3328 3357 3387 scmus,

1362 3448 1441 3503 De
1468 3449 1770 3505 monasterii
1797 3448 1855 3504 in
1884 3446 2145 3504 Helmsttit
2171 3442 2480 3515 laudatione
2507 3460 2541 3496 a
2568 3448 2748 3496 sancto
2779 3437 3020 3511 Ludgero
3045 3437 3207 3509 facta.

1999 3557 2159 3624 (Apud
2184 3556 2426 3617 Leibnitz,
2452 3555 2595 3619 ibid.)

1204 3724 1298 3782 EX
1334 3724 1609 3782 LITANIA
1642 3724 1685 3781 Ι.

718 3815 991 3895 Fundavit
1025 3817 1245 3895 insuper
1275 3820 1378 3873 tria
1403 3819 1521 3874 loca
1544 3818 1751 3895 pariter

794 3888 1029 3959 Numero
1050 3888 1313 3955 locorum,
1342 3906 1449 3959 quo
1480 3888 1887 3959 et’populorum

746 3958 1094 4026 Werthiuam,
1132 3957 1472 4016 Helmenstad
1499 3957 1779 4016 monachis
1800 3957 2141 4026 fundaverat,

795 4029 1221 4103 Deproprietatc
1254 4031 1337 4086 vel
1365 4030 1699 4103 haereditate,

721 4098 791 4156 Et
809 4098 1139 4173 episcopium
1162 4103 1365 4157 dictum
1393 4100 1805 4166 monasterium,
1843 4105 1947 4155 etc.

1194 4193 1287 4248 EX
1326 4191 1604 4247 LlTANlA
1631 4191 1699 4247 ll.

719 4282 799 4340 Ita
814 4290 882 4358 ut
905 4282 1152 4358 plurimis
1181 4287 1421 4342 studeret
1442 4287 1721 4358 discipulis

798 4356 957 4411 Omni
982 4371 1196 4414 semper
1214 4372 1373 4411 mane
1399 4356 1681 4414 lectionem
1706 4358 1856 4413 dare.

731 4427 880 4495 Quos
905 4436 960 4499 et
982 4427 1232 4482 erudiens
1260 4429 1373 4499 ipse
1402 4438 1458 4484 et
1487 4430 1792 4493 instituens,

804 4499 908 4553 Per
932 4498 1183 4553 honestos
1207 4498 1385 4554 mores
1414 4500 1567 4554 duxit
1589 4501 1656 4555 ad
1686 4501 1939 4555 honores.

732 4567 1030 4640 De‘quibus
1057 4568 1272 4639 plurimi
1298 4569 1425 4625 facti
1464 4578 1590 4625 sunt
1629 4570 1899 4640 episcopi;

803 4638 1103 4722 $uusnsic_ut
1124 4640 1328 4722 primus
1361 4640 1530 4722 frater
1552 4638 1950 4722 Hildegriinus:

730 4709 830 4777 Qui
856 4709 910 4763 in
933 4708 1175 4781 Ecclesia
1212 4710 1412 4767 dudum
1434 4712 1537 4767 fuit
1571 4708 1771 4781 aliqua,

803 4780 1184 4838 Catalaunensi
1212 4783 1432 4852 praesul,
1453 4783 1551 4839 sub
1579 4780 1873 4838 Rhemensi
1908 4797 1919 4836 ε

2257 3727 2307 3794 C
2408 3725 2513 3783 Ubi
2539 3724 2666 3780 dum
2689 3721 2927 3793 degeret,
2951 3730 3007 3778 et
3031 3722 3606 3794 commissagregeret;

2483 3796 2551 3851 Et
2576 3792 2993 3866 prosperitatern
3039 3794 3296 3849 habuisse
3324 3792 3554 3848 fratrem

2409 3867 2718 3938 Ludgerum
2747 3873 3016 3938 cerneret,
3037 3872 3097 3919 ut
3114 3872 3301 3938 gentes
3320 3867 3684 3938 converteret,

2481 3932 2627 4004 Quos
2656 3936 2722 3990 de
2744 3936 3055 4006 paganismo
3085 3932 3371 4006 acquisivit
3398 3932 3649 3997 Christo;

2414 4008 2483 4063 Et
2504 4008 2631 4077 ipch
2651 4005 2888 4060 monitus
2914 4006 3168 4060 nimirum
3198 4005 3481 4077 divinitus,

2485 4076 2567 4131 Aid
2590 4076 3110 4146 Northuringensem
3136 4090 3195 4131 se
3220 4076 3514 4131 committit
3537 4078 3768 4146 gentem,

2418 4148 2559 4205 Usus
2587 4147 2787 4202 auxilio
2809 4145 2996 4218 fratris
3010 4148 3359 4218 ietghospitio,

2487 4218 2750 4272 Manentis
2780 4219 2830 4273 in
2861 4217 2978 4273 loco
3006 4216 3351 4272 llelmenstad
3373 4223 3571 4271 vocato
3600 4233 3615 4267 τ

2416 4288 2517 4346 Ubi
2541 4287 2882 4343 sanctissima
2911 4287 3225 4343 ordinantes
3246 4289 3456 4342 semina

2485 4358 2921 4429 Evangeliorum,
2951 4359 3005 4413 in
3034 4357 3526 4428 Northuringorum

2410 4428 2673 4501 legerunt
2686 4439 2938 4501 pectora,
2969 4430 3139 4501 donec
3165 4429 3262 4483 Dei
3289 4429 3487 4501 gratia,

2484 4499 2635 4555 Fecit
2662 4492 2736 4555 ibi
2768 4492 3001 4555 fructum
3030 4498 3193 4555 caelos
3235 4492 3406 4568 usque
3433 4492 3676 4554 ductum.

2413 4570 2511 4641 Est
2539 4571 2867 4641 episcOpium
2897 4569 3501 4641 adhucitestimonium,

2485 4638 2603 4707 Quo
2624 4638 2823 4711 incepit
2844 4640 3033 4711 sedem
3057 4640 3418 4710 Hildegrimus
3446 4638 3612 4705 idem,

2396 4709 2518 4777 .Qui
2557 4709 2802 4781 quamvis
2842 4709 3138 4766 Werthinae
3160 4711 3232 4766 sit
3258 4710 3508 4766 conditus
3528 4723 3779 4781 corpore,

2484 4780 2858 4837 Haluerstadis
2882 4787 3062 4836 tamen
3088 4781 3161 4836 sit
3196 4789 3480 4852 patronus.
3508 4780 3703 4836 Amen.

670 4918 3893 4948 ΜΨ

1140 5044 2262 5162 CHARTULARIUM
2335 5034 3442 5162 WERTHINENSE.

1998 5243 2160 5307 (Apud
2185 5241 2421 5303 Leibnitz,
2442 5238 2589 5303 ibid.)

665 5451 721 5495 IN
758 5453 954 5494 NOII“
992 5454 1209 5497 SANC'I'B
1261 5454 1573 5496 TRINI'I'A'I'IS
1623 5455 1822 5496 INCIPIT
1880 5455 2038 5496 LIBER
2073 5454 2241 5494 CHAR-

702 5525 882 5566 TARUI
918 5526 1128 5566 οΑιιιιιιΕ
1149 5526 1359 5566 CONTRA
1386 5526 1734 5566 I'OLCBEIITUI
1774 5527 1826 5566 IN
1853 5526 2193 5567 WIDUBEBGE.

737 5623 791 5678 1.
809 5620 1003 5677 Notum
1021 5621 1135 5676 lleri
1148 5622 1306 5693 cupio
1318 5623 1569 5678 omnibus
1582 5630 1691 5678 tam
1704 5623 2058 5694 prxesentibus
2076 5636 2237 5691 quam

666 5692 882 5749 futuris.
919 5691 1151 5749 qualiter
1177 5708 1276 5749 eno
1311 5692 1588 5749 Ludaerus
1626 5695 1909 5749 nresbvter
1941 5692 2237 5749 aliquantu-

666 5702 882 5759 futuris,
919 5702 1151 5777 qualiter
1177 5708 1276 5763 ego
1311 5702 1588 5776 Ludgerus
1625 5702 1909 5775 presbyter
1941 5709 1971 5746 a

666 5764 788 5835 lam,
814 5763 1133 5835 particulam
1178 5763 1506 5835 haereditaus
1556 5764 1684 5835 dato
1727 5771 1901 5835 pretio
1943 5778 1973 5816 a

919 5691 1151 5777 qualiter
1177 5691 1276 5763 ego
1311 5692 1588 5776 Ludgerus
1625 5691 1909 5775 presbyter
1941 5692 2242 5816 aliquantu-

919 5763 1133 5818 ticulam
1178 5763 1506 5819 haereditaus
1556 5764 1684 5819 dato
1727 5771 1901 5831 pretio
1943 5778 1973 5816 a
2050 5763 2245 5831 began-

2380 5425 2459 5466 uae
2491 5410 2832 5480 nuncupatur
2875 5399 3388 5480 Fislacu‘Wislack)
3413 5441 3429 5469 ,
3485 5400 3541 5457 id
3588 5409 3675 5458 est
3726 5394 3901 5480 horam

2386 5482 2493 5534 lam
2522 5491 2641 5548 qua:
2670 5473 3558 5548 dicitur_Alfgedine-ﬂova,_cum
3596 5473 3742 5548 omni
3786 5473 3903 5548 inte-

2343 5542 2558 5622 gritate,
2591 5548 2706 5602 sive
2737 5548 2791 5601 in
2832 5542 3111 5622 silva,seu
3150 5544 3207 5599 in
3231 5545 3451 5622 pascuis
3475 5553 3534 5622 et
3571 5542 3765 5616 perviis
3787 5542 3899 5622 etin

2346 5606 2620 5691 aquarum
2642 5633 2740 5691 usu
2765 5625 2821 5671 et
2859 5606 3364 5691 decursibusr‘haac
3388 5606 3591 5691 omnia.
3608 5631 3642 5670 a
3684 5606 3901 5691 supradi-

2350 5677 2436 5747 ct'o
2464 5689 2625 5744 nobili
2649 5686 2860 5759 Franco
2886 5684 3265 5759 Theganbaldo
3284 5701 3384 5756 ego
3405 5682 3687 5759 Ludgerus
3712 5677 3904 5759 presby-

2350 5771 2436 5816 ter
2460 5758 2786 5828 comparavi,
2820 5764 2876 5811 et
2917 5756 3219 5828 aliquantos
3251 5771 3421 5811 annos

3644 5746 3904 5819 i,étinea
3964 5746 3965 5783 ἒ

668 5821 833 5893 ιιδὶόό
864 5834 1095 5911 ingenuo
1120 5842 1177 5890 et
1218 5834 1382 5892 nobili
1432 5834 1649 5891 homine
1681 5821 1990 5905 comparavi
2020 5834 2075 5888 in
2115 5821 2243 5887 {illa
2351 5821 2644 5895 elaborairi,
2668 5828 2809 5898 quod
2838 5821 3023 5899 potui;
3048 5827 3202 5887 Nunc
3226 5835 3407 5889 autem
3446 5821 3696 5885 camdem
3719 5821 3905 5881 How“
