4012 6364
91 362 195 426 εοι

1180 349 1732 414 CHARTULARIUM
1768 345 2302 412 WERTHINENSE.

3259 357 3367 418 802

93 480 318 535 coactus
345 467 609 531 exsolvat,
637 472 694 522 et
726 465 1062 539 sicquidem,
1087 469 1229 538 quod
1270 469 1484 538 repetit,
1528 469 1680 525 evin-
1707 472 1760 532 Α
1785 468 2055 539 quondam
2102 465 2394 539 llrodgeri,
2443 473 2498 521 et
2541 478 2641 537 ego
2679 458 2870 533 lliddo,
2909 465 3052 524 ﬁlius
3096 471 3368 539 quondam

95 549 279 603 dicare
305 557 416 598 non
443 540 649 602 valeat;
675 538 770 592 sed
793 537 948 592 ﬁrma
975 547 1031 593 et
1053 537 1403 595 immutabilis
1435 542 1549 596 hate
1571 549 1684 594 tra-

97 617 229 674 ditio
271 614 330 669 in
375 611 763 681 sempiternum
792 620 1132 682 permaneat,
1167 611 1512 682 stipulatione
1553 612 1682 666 sub-

49 739 52 741 ,
98 691 243 743 nixa.
276 686 408 739 Acta
439 690 524 736 est
564 689 740 735 autem
773 681 982 750 publice
1025 681 1078 734 in
1112 681 1392 751 loco’ipso,
1427 683 1517 751 qui
1547 682 1684 736 dici-

100 770 182 814 tur
209 753 572 816 Withmundi,
603 767 744 805 anno
781 752 1055 823 tricesimo
1092 754 1325 808 secundo
1365 754 1513 823 regni
1560 753 1687 806 reli—

100 826 387 900 giosissimi
415 824 554 891 regis
566 823 743 878 Caroli
757 824 855 900 sub
867 822 953 877 die
968 840 1064 900 xtn
1082 823 1300 879 Octobr.
1315 822 1535 900 Notavi
1521 824 1658 900 diem
1668 862 1684 888 ,

101 894 290 959 locum,
338 906 573 964 tempus,
605 910 712 963 quo
757 896 869 950 haec
917 895 1117 963 scripta
1161 904 1306 950 sunt.
1350 895 1462 967 Ego
1493 894 1685 967 Tbiat-

102 969 290 1050 baldus
336 967 555 1022 humilis
603 967 886 1037 presbyter
943 975 1162 1037 rogatus
1212 965 1419 1039 scripsi
1455 975 1510 1022 et
1553 965 1685 1022 sub-

105 1055 316 1109 εει-ψει.

168 1112 260 1166 lsti
293 1118 422 1166 sunt
448 1109 655 1164 visores
683 1118 739 1163 et
768 1109 1040 1164 auditores
1065 1127 1078 1163 :

169 1183 400 1253 Signum
435 1179 744 1253 Folchardi,
778 1178 1063 1253 Gerhardi,
1093 1178 1256 1236 Wifel
1283 1187 1338 1236 et
1369 1179 1686 1253 Helmberti,

103 1255 187 1325 qui
216 1251 362 1308 lianc
409 1252 753 1325 traditionem
786 1251 1213 1325 perfeceruntet
1244 1251 1478 1325 propriis
1504 1251 1689 1325 mani-

106 1320 199 1380 lius
231 1326 612 1378 ﬁrmaverunt.
649 1320 761 1392 Sig.
788 1320 1064 1391 Hildigeri.
1100 1321 1211 1392 Sig.
1238 1320 1538 1392 Oodhelmi.
1573 1321 1686 1390 Sig.

109 1395 432 1466 Meginungi.
458 1391 860 1466 Sig.Walfridi.
879 1391 1692 1466 Sig._Werinberti._Sigllrod-

107 1461 257 1595 11:33.
310 1461 426 1539 Sig.
470 1461 722 1537 Ludgeri.
769 1463 880 1536 Sig.
930 1461 1294 1520 Werinhardi.
1341 1461 1472 1535 Sigf
1507 1462 1690 1535 Engil—

171 1554 198 1593 r
241 1576 258 1592 .

171 1538 258 1594 rti.

111 1803 158 1849 et
201 1794 425 1858 futuris,
465 1791 851 1863 qualiteriego
881 1791 1191 1863 llroduli‘us,
1242 1790 1388 1863 ﬁlius
1417 1793 1691 1863 quondam

113 1865 366 1929 Wibaldi,
416 1863 611 1917 tradidi
661 1862 728 1917 ad
779 1861 1039 1931 reliquias
1083 1861 1256 1918 sancti
1299 1861 1595 1918 Salvatoris
1641 1871 1696 1917 et

115 1945 309 1992 sancta:
346 1934 529 1988 Maria:
558 1949 774 2002 semper
801 1933 1046 2004 virginis,
1077 1941 1131 1990 et
1155 1935 1209 1989 in
1242 1949 1434 1989 manus
1467 1933 1700 2004 Ludgeri

119 2008 346 2072 abbatis,
376 2004 698 2076 particulam
725 2005 1054 2076 haereditatis
1082 2020 1216 2076 mea:
1244 2005 1312 2076 fin
1342 2020 1478 2076 pago
1511 2004 1701 2060 Folum

117 2076 332 2148 (Yelow)
359 2075 414 2131 in
440 2076 586 2140 villa,
609 2092 734 2148 qua:
759 2075 958 2130 dicitur
994 2075 1276 2148 Englandi,
1319 2076 1372 2130 id
1399 2075 1484 2131 est
1507 2076 1701 2148 curtile

119 2147 269 2204 unum
303 2147 362 2204 et
394 2147 766 2202 duodecimam
796 2156 1007 2218 partem
1036 2147 1092 2202 in
1125 2147 1316 2201 silvam
1349 2163 1470 2218 quae
1503 2147 1702 2218 dicitur

118 2220 356 2291 Braclog,
380 2218 744 2291 cumipascuis
764 2226 820 2271 ct
843 2217 1001 2291 plena
1027 2217 1415 2284 dominatione,
1439 2234 1558 2288 qua:
1577 2217 1703 2291 jure

122 2291 266 2362 legali
299 2288 369 2346 ad
400 2288 547 2362 illud
559 2288 752 2362 curtile
779 2290 1054 2358 pertinere
1083 2300 1419 2362 compertum
1445 2299 1547 2344 est.
1575 2289 1702 2344 llaec

122 2359 291 2418 omina
315 2361 512 2416 tradidi
538 2361 593 2415 in
615 2359 1014 2432 eleemosynam
1045 2375 1195 2432 meas
1228 2361 1298 2415 ad
1323 2361 1579 2430 reliquias
1611 2376 1702 2416 su-

123 2435 294 2504 perius
331 2441 687 2495 memoratas,
719 2430 864 2486 etin
908 2446 1105 2504 manus
1139 2430 1254 2499 jam
1298 2432 1427 2487 dicti
1467 2432 1699 2504 abbatis,

123 2501 420 2574 traditaque
444 2507 497 2558 in
519 2511 838 2574 perpetuum
878 2517 998 2574 esse
1023 2501 1164 2568 volo,
1192 2510 1247 2574 et
1273 2517 1370 2574 per
1397 2503 1543 2558 nulla
1567 2511 1702 2557 tem-

124 2593 304 2647 porum
333 2573 645 2647 icurricula,
674 2573 901 2647 ulterius
944 2573 1244 2647 immutari,
1270 2573 1363 2647 sed
1406 2575 1472 2628 ad
1511 2588 1704 2647 perpe-

128 2643 242 2730 tuos
271 2663 406 2729 usus
423 2646 688 2730 ‘Ec‘clesize
736 2644 833 2730 Dei
869 2644 1180 2730 ip‘se‘gbbas
1223 2643 1702 2730 Lud‘gerus’quic-

126 2719 246 2789 quid
273 2718 471 2773 exinde
504 2716 681 2771 facere
707 2715 955 2789 voluerit,
987 2715 1216 2770 liberam
1245 2724 1300 2770 et
1335 2715 1704 2789 ﬁrmissimam

127 2787 156 2844 a
184 2804 263 2844 me
290 2798 344 2844 et
370 2790 439 2843 ab
468 2789 722 2842 omnibus
746 2787 943 2842 habeat
975 2794 1317 2856 potestatem,
1362 2787 1706 2856 stipulatione

129 2861 368 2940 subnixa.
392 2859 527 2940 A_cta
562 2869 646 2940 est
677 2867 855 2940 autem
882 2857 1112 2940 publice.
1139 2858 1193 2940 in
1220 2856 1356 2940 loco,
1387 2859 1479 2940 qui
1507 2859 1707 2940 dicittir

131 2930 480 3001 Wigtmundi,
515 2930 583 2984 ad
613 2927 900 3001 ecclesiam
943 2929 1115 3001 sancti
1147 2927 1444 3001 Salvatoris
1470 2945 1613 2984 anno
1636 2930 1706 2984 55

130 2999 271 3072 regni
300 3001 523 3072 domini
570 3001 739 3072 nostri
774 2999 1168 3071 religiosissimi
1198 3001 1338 3070 regis
1383 3000 1592 3065 Caroli,
1629 3016 1706 3056 vn

129 3070 237 3128 Kal.
286 3071 565 3144 Septemb.
627 3070 821 3144 Coram
880 3070 1108 3128 testibus
1159 3086 1224 3126 ac
1290 3073 1706 3144 manumissori-

129 3145 240 3207 bus,
269 3143 504 3214 quorum
529 3143 745 3200 nomina
771 3144 962 3198 subtus
987 3150 1261 3197 notantur.
1289 3143 1354 3197 Et
1383 3153 1441 3198 ut
1469 3145 1568 3198 hoc
1598 3153 1708 3198 tra-

1786 537 2092 609 Herewini,
2145 538 2462 609 tradidimus
2509 547 2718 607 partem
2761 539 2992 609 propria:
3039 537 3372 599 htereditatis

1787 617 1986 664 nostrae
2011 608 2256 678 Ludgero
2283 608 2554 678 episcopo,
2581 624 2678 678 pro
2701 608 2937 663 remedio
2960 612 3151 666 anima:
3173 624 3372 669 nostra:

1787 687 1848 763 et
1890 695 1988 748 pro
2039 687 2238 763 {elegia
2290 680 2644 763 retributione
2695 680 2746 763 in
2805 680 2955 763 villa,
3009 684 3372 763 qttar‘dicitur

1789 750 2091 819 Thornspic
2120 749 2451 872 sbornspick)
2491 751 2542 803 in
2591 750 2676 804 his
2703 751 2910 806 duobus
2938 749 3090 816 locis,
3120 753 3172 807 id
3201 765 3282 809 est
3315 755 3371 809 in

1789 820 2118 872 Ouarsinase
2143 821 2158 872 i
2191 829 2244 872 et
2273 821 2327 872 in
2359 820 2843 872 Boruntanseotan.
2873 825 3128 872 quicquid
3179 825 3250 872 ibi
3280 827 3371 872 ha-

1789 820 2158 893 Quarsingseli
2191 829 2244 874 et
2273 821 2327 893 in
2359 820 2843 893 Borugtanseotan,
2873 825 3129 893 quicquid
3178 825 3250 878 ibi
3280 827 3377 880 ha-

1786 890 2144 957 buimus,'aut
2170 904 2266 961 per
2286 890 2376 963 jus
2405 890 2756 958 hwredilatis,
2781 890 2997 963 aut—per
3019 890 3377 963 comprehen-

1789 963 2139 1035 sionemraut
2173 977 2287 1035 pe_r_
2314 962 2473 1015 aliam
2519 962 2915 1035 quamcunque
2938 962 3374 1035 acquisitionem,

1789 1034 1970 1106 omnia
2022 1034 2137 1086 hinc
2169 1033 2236 1086 ad
2276 1033 2539 1102 integram
2588 1034 2692 1106 ipsi
2737 1033 2983 1104 Lu’dgero
3021 1033 3279 1106 episcopo
3321 1038 3378 1092 in

1788 1105 2184 1174 elcemosynam
2231 1112 2472 1177 nostram
2523 1105 2871 1177 tradidimus,
2916 1105 3277 1177 traditamque
3323 1108 3379 1162 in

1789 1182 2110 1256 perpetuum
2159 1189 2279 1254 esse
2312 1174 2579 1256 volumus,
2609 1185 2663 1230 et
2692 1176 2852 1230 nullis
2895 1193 3131 1256 unquam
3177 1174 3382 1256 tempo-

1791 1244 1938 1299 ribus
1969 1244 2262 1309 immutari,
2293 1245 2385 1298 sed
2421 1245 2487 1298 ad
2521 1254 2807 1314 perpetuos
2834 1263 2962 1303 usus
2987 1244 3118 1303 suos
3144 1258 3198 1302 et
3231 1244 3380 1303 utili-

1791 1324 1957 1370 tatem
1989 1315 2243 1370 Ecclesiae
2273 1316 2386 1377 Dei,
2417 1315 2672 1386 quicquid
2699 1317 2890 1372 exinde
2923 1318 3100 1374 facere
3127 1320 3378 1385 voluerit,

1791 1387 2017 1440 liberam
2048 1395 2103 1440 et
2151 1386 2514 1441 ﬁrmissimam
2559 1404 2588 1440 a
2635 1387 2788 1442 nobis
2816 1397 2869 1442 et
2898 1391 2964 1444 ab
2991 1390 3241 1445 omnibus
3281 1392 3381 1445 ba-

1791 1458 1918 1541 beat
1961 1466 2306 1541 potestatem.
2331 1457 2583 1541 .Actanest
2613 1467 2790 1516 autem
2807 1460 3031 1541 publice
3032 1477 3178 1541 “cum
3211 1463 3384 1541 stipu-

1700 1581 1721 1602 ς
1796 1528 2030 1602 latione
2051 1529 2282 1602 subnixa
2329 1529 2381 1602 in
2415 1528 2739 1602 villapquaa
2789 1528 2990 1585 dicitur
3019 1528 3384 1602 fBidingaliem

441 1627 692 1704 Τιάίιίιὶο⁸
707 1625 956 1702 Hrodulﬁ
982 1628 1038 1682 in
1061 1627 1351 1700 Englandi.

171 1723 221 1780 8.
251 1720 460 1778 Notum
507 1719 622 1774 ﬁeri
649 1719 899 1776 desidero
937 1721 1211 1787 omnibus,
1250 1729 1304 1791 et
1332 1720 1691 1791 praesentibus

1722 1832 1771 1894 Β
1798 1811 2018 1892 traditio
2047 1811 2101 1864 in
2133 1812 2519 1894 sempiternum
2549 1813 3276 1894 lierseverethotavidiem,
3312 1815 3390 1870 lo-

1792 1614 1935 1670 anno
1961 1598 2037 1670 377
2055 1599 2205 1670 regni
2235 1598 2606 1669 gloriosissimi
2636 1599 2975 1670 imperatoris
3000 1601 3166 1667 Carli,
3195 1598 3250 1656 ix
3279 1602 3384 1657 Kac

1791 1669 1978 1723 lendas
2022 1669 2189 1724 Maias
2238 1685 2417 1724 coram
2463 1669 2802 1726 testibus’ae
2857 1673 3382 1736 manumittentibus,

1793 1756 2028 1810 quorum
2067 1741 2282 1794 nomina
2313 1742 2503 1795 subtus
2533 1750 2810 1795 notantur.
2844 1743 2910 1797 Et
2940 1752 2998 1796 ut
3026 1743 3232 1800 ﬁrmior
3272 1745 3388 1799 haec

1802 1897 1944 1956 cum,
1973 1881 2025 1935 in
2045 1897 2156 1951 quo
2185 1883 2300 1936 haec
2323 1882 2524 1956 scripta
2550 1881 2692 1956 sunt.
2720 1885 2830 1956 Ego
2867 1885 3216 1941 Tbiatbaldus
3239 1901 3391 1956 pres~

1801 1953 1960 2024 byter
1983 1963 2200 2024 rogatus
2227 1953 2418 2024 scripsi
2447 1962 2501 2007 et
2529 1953 2843 2023 subscripsi.

1875 2022 2100 2093 Signum
2125 2023 2376 2092 Ludgeri,
2402 2024 2494 2092 qui
2537 2024 2675 2080 hanc
2705 2022 3048 2082 traditionem
3073 2025 3390 2084 dominante

1801 2110 1966 2149 manu
1990 2093 2218 2164 perfecit
2240 2102 2294 2148 et
2315 2094 2504 2148 subtus
2524 2097 2747 2150 notavit.

1872 2164 2353 2236 Signumlliddoni
2387 2165 2636 2220 similiter
2678 2168 2940 2224 tradentis
2985 2177 3041 2224 et
3077 2170 3267 2225 subtus
3305 2169 3396 2224 ﬁr-

1801 2235 2021 2290 mantis.
2059 2235 2170 2295 Sig.
2205 2235 2526 2290 Marchardi.
2555 2238 2672 2295 Sig:
2695 2239 2892 2293 Baiori.
2926 2239 3039 2295 Sig.
3082 2240 3392 2295 Holmerici.

1805 2251 2021 2290 manus.
2059 2251 2112 2289 SI
2158 2277 2170 2287 .
2205 2251 2526 2290 marcnarm.
2555 2251 2672 2290 Si":
2695 2251 2892 2293 baton.
2926 2251 2980 2294 SI
3026 2280 3039 2292 .
3082 2251 3392 2295 Holmerici.

1805 2306 1918 2387 Sig:
1948 2251 2303 2387 [longi/fluuii.
2341 2306 2454 2387 Sig.
2483 2279 2780 2387 ῃυξᾳῗκενεί.
2813 2309 2924 2387 Sig.
2954 2257 3243 2387 riguum.
3277 2312 3392 2387 Sig.

1802 2377 2070 2452 Eolcmdi.
2105 2377 2548 2452 Sig.__Regingeri.
2577 2379 2689 2448 Sig.
2715 2377 2935 2436 Lodoci.
2975 2381 3086 2452 Sig.
3120 2377 3393 2438 Gerberti.

1806 2419 2272 2521 ὲῖέῗῖἧὲἱηῦξιῖἐιῐζ

2052 2541 2286 2595 Traditio
2327 2541 2582 2612 Eforwini
2609 2551 2657 2598 et
2695 2552 2974 2613 parentum
3004 2544 3143 2616 ejus.

1877 2633 1964 2688 il.
2001 2633 2136 2688 Dum
2174 2635 2546 2704 unusquisque
2575 2635 2629 2689 in
2657 2636 2913 2704 praesenti
2945 2637 3142 2692 saeculo
3172 2651 3400 2692 convcr-

1808 2714 1981 2768 satur,
2010 2718 2065 2760 et
2113 2706 2253 2760 hanc
2303 2707 2586 2760 mortalem
2634 2707 2800 2760 vitam
2835 2707 3040 2762 habere
3087 2707 3300 2762 videtur
3345 2709 3400 2761 in

1807 2791 2055 2847 corpore,
2098 2777 2337 2847 cogitare
2375 2777 2536 2832 debet
2576 2785 2632 2830 et
2665 2777 2982 2846 praevidere,
3022 2778 3256 2847 qualiter
3297 2777 3400 2832 sibi

1809 2846 1862 2901 in
1911 2848 2091 2901 futura
2125 2846 2382 2911 essentia,
2427 2857 2481 2901 et
2513 2848 2566 2902 in
2597 2857 2854 2917 perpetua
2899 2846 3182 2904 mansione
3224 2863 3400 2903 reme-

1809 2918 1957 2989 dium
1987 2917 2204 2986 aliquod
2229 2927 2290 2989 et
2313 2919 2542 2973 salutem
2566 2917 2762 2973 animxe
2789 2934 2900 2974 sum
2929 2919 3208 2988 acquirere
3233 2919 3405 2989 possit

1810 2987 1865 3042 in
1908 2989 2238 3044 ecelestihus.
2272 2988 2480 3044 Idcirco
2509 2989 2712 3058 placuit
2742 2991 2898 3044 nobis
2941 2987 3311 3045 cohaaredibus
3347 2996 3406 3044 et

1809 3059 2288 3128 comparticipibus
2312 3061 2365 3114 in
2387 3076 2493 3113 uno
2513 3059 2837 3128 patrimonio
2853 3061 3279 3125 hisnominibus,
3302 3060 3406 3114 Er-

1813 3131 2067 3203 l'urwiuo,
2094 3129 2370 3203 llildirado
2387 3139 2442 3185 et
2461 3131 2806 3203 [Armincvinm
2830 3130 3075 3202 Ludgcro
3094 3133 3408 3203 presbytero

130 3201 341 3270 ditionis
367 3223 754 3270 testamentum
796 3214 1006 3270 ﬁrmius
1049 3224 1425 3282 perseveraret
1461 3216 1515 3270 in
1551 3223 1708 3270 reter-

1816 3201 2132 3282 postulante_
2170 3201 2381 3282 tradere
2425 3201 2494 3255 ad
2552 3201 2807 3271 reliquias
2857 3201 3030 3282 sancti
3073 3201 3406 3282 Salvatoris,

129 3303 268 3353 num,
292 3287 476 3342 notavi
509 3295 740 3356 tempus,
763 3286 928 3353 diem,
958 3285 1157 3351 locum,
1182 3301 1290 3355 quo
1311 3287 1573 3356 scriptum
1599 3295 1703 3342 est.

128 3358 233 3441 Ego
263 3357 622 3442 'IZhiatbaldus
668 3359 952 3430 presbyter
993 3365 1216 3427 rogatus
1256 3357 1450 3428 scripsi
1487 3366 1543 3413 et
1579 3358 1710 3413 sub-

129 3444 838 3584 ﬁerSignum}!rgodulﬁ,_q_ni
864 3499 1007 3584 hanc
1034 3500 1380 3584 traditionem
1404 3500 1716 3556 dominante

129 3570 292 3628 manu
323 3571 549 3642 perfecit
573 3581 630 3627 et
657 3574 847 3629 subtus
876 3570 1132 3627 ﬁrmavit.

198 3641 427 3716 Signum
437 3641 736 3716 hliildigeri.
773 3642 886 3716 Sig.
905 3642 1158 3716 Ludgeri.
1177 3643 1291 3716 Sig.
1309 3642 1715 3716 Eurvvini.ASig.

198 3657 427 3713 Signum
457 3657 596 3698 uitat
635 3657 736 3698 en.
773 3657 886 3714 Sig.
905 3657 1158 3715 Luagert.
1177 3657 1291 3716 Sig.
1309 3657 1573 3700 Lurwmt.
1600 3657 1658 3698 Si

128 3711 392 3788 Ludgeri.
431 3711 543 3788 Sig.
575 3660 913 3788 hfeginberti.
944 3714 1057 3788 Sig.
1090 3715 1412 3788 Engilberti.
1451 3713 1544 3788 Sig
1571 3657 1695 3772 Οοέ

130 3784 312 3842 belmi.
338 3784 453 3858 Sig.
478 3784 797 3842 Germundi.

654 3879 889 3936 Traditio
925 3879 1196 3955 Hirpinth

195 3972 246 4029 9.
278 3971 496 4046 Notum
531 3971 651 4028 ﬁeri
680 3973 837 4044 cupio
869 3975 1141 4040 omnibus,
1187 3982 1297 4030 tam
1340 3974 1720 4046 praesentibus,

135 4044 554 4118 quamul‘uturis,
597 4045 867 4118 quomodo
893 4061 995 4118 ego
1038 4044 1500 4118 Hirpingusfﬁlius
1547 4060 1722 4118 quon;

137 4117 258 4189 dam
278 4115 399 4171 Ν...
443 4126 669 4188 accepto
708 4117 884 4189 pretio
911 4115 947 4172 a
973 4115 1473 4189 Ludgero'abbate,
1505 4115 1723 4189 vendidi

135 4187 179 4240 ei
217 4188 436 4243 vineam
478 4187 643 4242 unam
671 4187 726 4242 in
753 4188 896 4252 villa,
929 4204 1049 4258 quae
1079 4187 1418 4258 nuncupatur
1442 4187 1720 4254 Bacheim,

169 4273 244 4329 ua:
276 4259 448 4314 etiam
475 4259 604 4313 villa
627 4259 682 4313 in
709 4259 824 4329 ripa
854 4257 1100 4314 consistit
1131 4257 1354 4324 fluviali,
1379 4274 1499 4328 quae
1526 4259 1725 4329 dicitur

135 4273 244 4381 ante
276 4273 448 4314 etiam
475 4273 604 4313 vuta
627 4275 682 4313 in
709 4275 824 4329 ripa
854 4273 1100 4314 consistit
1131 4273 1354 4324 nuvran,
1379 4274 1499 4328 qua:
1526 4273 1724 4313 dlCllur

141 4330 448 4413 helenbacb
480 4329 702 4413 (μειερ
721 4329 1188 4413 propeDonnam)
1233 4339 1288 4386 et
1331 4329 1576 4413 eamdem
1620 4328 1724 4399 ipsi

137 4398 362 4456 ﬁrmiter
401 4398 740 4466 contradidi;
762 4398 1122 4471 traditamque
1166 4398 1220 4456 in
1249 4408 1566 4471 perpetuum
1604 4398 1725 4455 esse

135 4471 264 4538 volo,
287 4481 350 4528 et
377 4471 542 4526 nullis
562 4488 800 4542 unquam
831 4473 1166 4542 temporibus
1191 4472 1492 4537 immutari;
1527 4471 1620 4526 sed
1656 4471 1725 4526 ad

1814 3288 1950 3342 quas
1973 3273 2088 3342 ipse
2112 3271 2392 3342 Ludgerus
2438 3287 2650 3341 semper
2680 3287 2861 3328 secum
2911 3280 3103 3342 gestat,
3133 3282 3189 3328 et
3214 3273 3266 3326 in
3294 3288 3410 3328 ma-

1815 3359 1918 3423 nus
1947 3343 2185 3423 ejusdem
2219 3342 2522 3423 presbyteri
2565 3342 2796 3412 aliquam
2828 3343 3155 3423 particulam
3180 3343 3406 3423 haeredi-

1815 3414 1944 3469 tatis
1974 3421 2175 3468 nostra:
2217 3413 2270 3466 in
2296 3413 2694 3481 eleemosynam
2721 3421 2984 3479 nostram,
3014 3413 3158 3481 quod
3197 3421 3252 3468 et
3279 3413 3407 3466 feci-

1817 3500 1942 3539 mus
1984 3485 2088 3538 hoc
2118 3483 2277 3537 modo
2307 3501 2319 3536 :
2352 3482 2696 3537 Tradidimus
2741 3483 2794 3536 in
2829 3484 3046 3553 propria
3093 3483 3408 3553 hzereditate

1818 3563 1875 3612 et
1921 3555 2289 3610 dominatione
2332 3563 2518 3609 nostra
2550 3553 2606 3607 in
2647 3553 2802 3615 silva.
2834 3552 2954 3622 qua:
2984 3553 3182 3622 dicitur
3210 3552 3408 3617 Hoissi,

1820 3625 2362 3696 comprehensionem
2413 3623 2589 3696 illam,
2621 3639 2781 3696 quam
2831 3621 2945 3694 ipse
2991 3621 3271 3696 Ludgerus
3336 3623 3410 3678 ibi

1821 3693 2171 3759 desideravit,
2203 3704 2258 3750 et
2284 3694 2592 3750 Hildiradus
2624 3695 2677 3749 in
2707 3693 2893 3750 nostro
2923 3693 3140 3748 nomine
3165 3708 3412 3763 compre-

1821 3767 2009 3825 hendit
2035 3765 2193 3823 simul
2219 3783 2342 3822 cum
2373 3782 2460 3832 eo,
2487 3775 2541 3820 et
2567 3765 2905 3836 consignavit
2936 3765 3004 3820 ad
3036 3763 3293 3836 reliquias
3321 3779 3412 3819 su-

1818 3838 2310 3911 pradictassancﬁ
2365 3834 2782 3911 Salvatoris,_et
2824 3836 2879 3890 in
2929 3850 3130 3911 manus
3155 3834 3408 3911 ejusdem

1820 3906 2125 3982 presbyteri
2153 3908 2314 3982 simili
2351 3907 2511 3982 modo
2540 3907 2878 3982 tradidimus,
2905 3906 3412 3982 et__domination_em

1822 3977 2059 4051 aliquam
2081 3981 2134 4036 in
2159 3981 2405 4036 eamdem
2431 3978 2621 4051 silvam
2641 3979 2892 4051 superius
2915 3977 3270 4051 adjacentem.
3288 3977 3414 4032 llaec

1824 4047 2256 4122 comprehensio,
2285 4065 2449 4120 quam
2479 4047 2798 4122 tradidimus
2827 4047 2992 4118 juxta
3018 4049 3140 4104 illas
3170 4062 3416 4120 compre-

1823 4121 2133 4187 hensiones,
2159 4122 2409 4190 contigua
2437 4129 2520 4176 est
2545 4128 2600 4176 et
2629 4121 2906 4175 cohaerens
2934 4135 2965 4174 a
2993 4135 3206 4177 summo
3242 4133 3417 4190 usque

1823 4197 1890 4251 ad
1920 4195 2102 4258 ﬁnem,
2133 4209 2269 4263 quas
2297 4190 2562 4263 Henricus
2589 4200 2646 4246 et
2688 4190 3044 4263 llluduwinus
3087 4191 3155 4244 ad
3196 4191 3414 4263 easdem

1825 4266 2084 4335 reliquias
2111 4261 2167 4318 ei
2196 4263 2296 4334 ipsi
2326 4262 2572 4335 Ludgero
2597 4270 2722 4318 ante
2748 4277 2921 4335 annos
2947 4262 3157 4330 aliquos
3184 4261 3416 4316 tradide-

1824 4333 1970 4393 runt.
2016 4335 2126 4390 lsta
2165 4333 2251 4390 est
2298 4333 2538 4399 traditio,
2568 4349 2734 4404 quam
2768 4334 2845 4404 in
2871 4333 3264 4402 eleemosynam
3320 4347 3416 4386 no-

1825 4416 1995 4463 stram
2047 4405 2390 4470 tradidimus,
2427 4403 2790 4474 traditamque
2836 4403 2890 4458 in
2938 4412 3259 4474 perpetuum
3295 4417 3416 4458 esse

1825 4478 2074 4533 volumus
2098 4485 2151 4531 et
2178 4491 2453 4546 nunquam
2476 4473 2720 4531 ulterius
2742 4474 3047 4538 immutari;
3077 4473 3171 4546 sed
3199 4473 3266 4528 ad
3294 4489 3416 4543 per-

134 4552 423 4637 perpet‘uos
464 4559 596 4599 usus
641 4559 768 4637 sinos
789 4553 876 4626 ,ρι’
899 4543 1154 4599 Ecclesia:
1203 4544 1298 4598 Dei
1345 4551 1469 4637 pqst
1515 4542 1722 4637 obitum
1749 4573 1803 4637 Β
1829 4557 2019 4630 petuos
2045 4562 2175 4637 usus
2199 4542 2442 4637 ecclesia};
2468 4547 2561 4630 Dei
2586 4547 2699 4629 ipse
2726 4546 3024 4637 presbyter.
3055 4545 3144 4613 qui
3172 4542 3417 4637 eainsu-

136 4628 281 4669 suum
317 4613 548 4670 liberam
579 4623 632 4670 et
660 4615 1030 4670 ﬁrmissimam
1073 4631 1103 4669 a
1135 4629 1222 4669 me
1261 4623 1315 4668 et
1359 4615 1428 4668 ab
1469 4613 1720 4670 omnibus

135 4685 328 4759 habeat
365 4693 712 4759 potestatem,
739 4686 996 4759 quicquid
1026 4685 1222 4741 exinde
1255 4685 1448 4759 l‘acere
1465 4685 1720 4759 voluerit,

137 4755 483 4826 stipulatione
511 4755 778 4814 subnixa.'
807 4755 943 4812 Acta
971 4765 1054 4812 est
1097 4765 1275 4811 autem
1306 4756 1519 4827 publice
1543 4757 1598 4810 in
1626 4756 1725 4811 Sa-

135 4830 314 4909 xotiia,
349 4827 443 4882 ubi
480 4838 613 4884 tunc
649 4828 910 4911 temporis
950 4828 1148 4911 fuimus
1183 4827 1242 4911 _in
1265 4828 1460 4911 ‘hoste,
1477 4828 1544 4911 ἐρ
1583 4827 1723 4911 loco2

171 4899 221 4952 ui
249 4907 603 4983 nuncupatur
648 4897 992 4982 Minmithum
1020 4897 1283 4982 (Minden)
1308 4914 1450 4952 anno
1477 4899 1546 4954 30
1573 4899 1726 4982 regni

171 4983 319 5026 omni
364 4970 764 5052 religiosissrmt
808 4986 952 5043 regis
993 4969 1320 5052 carinum"
1353 4969 1470 5023 Kal.
1497 4971 1726 5042 Augusti

137 5056 321 5096 coram
369 5041 602 5098 testibus
666 5057 732 5096 ac
799 5041 1304 5107 manumissoribus,
1350 5041 1724 5112 quorum’no-

138 5112 276 5168 mina
327 5115 524 5170 subtus
565 5120 842 5170 notantur.
888 5112 956 5166 Et
991 5123 1052 5167 ut
1080 5114 1184 5168 hoc
1223 5118 1606 5168 testamentum
1635 5112 1730 5166 ﬁr-

136 5183 272 5241 mius
313 5187 605 5252 habeatur,
651 5185 836 5242 notavi
870 5184 1043 5251 diem,
1076 5192 1320 5254 tempus,
1368 5183 1575 5246 locum,
1619 5198 1728 5252 quo

137 5256 408 5341 scriptum
461 5265 564 5341 est.
619 5258 742 5341 Ego
780 5255 1133 5312 Tbiatbaldus
1177 5255 1458 5328 presbyter
1509 5263 1730 5326 rogatus

137 5329 326 5398 scripsi
357 5338 418 5384 et
449 5329 767 5400 subscripsi.

203 5398 438 5482 Signum
467 5400 878 5526 Hiihpingiaqui.
903 5401 1046 5457 hanc
1089 5400 1433 5484 traditionem
1482 5399 1638 5482 fecit,
1675 5406 1731 5454 et

137 5483 357 5526 Droorta
370 5488 536 5526 manu
591 5483 804 5526 rmavit.
823 5471 1045 5526 Signum
1063 5472 1422 5526 Htlihbrandt.
1440 5470 1553 5526 δια.
1569 5472 1731 5526 Bern-

135 5470 357 5544 propria
370 5488 536 5544 manu
550 5470 804 5544 ﬁrmavit.
823 5471 1045 5544 Signum
1063 5472 1422 5544 Hildibrandi.
1440 5470 1553 5544 Sig.
1569 5472 1733 5544 Bern-

137 5541 750 5626 ggriuisvigzilugba‘ldi.
929 5542 1258 5626 Qundholdi.
1293 5543 1406 5616 Sig.
1447 5541 1730 5615 Bérngeri.

139 5611 254 5684 Sig.
292 5611 601 5672 wanberti.
633 5615 746 5688 Sig.
776 5611 1123 5671 lla—thubaldi.

509 5707 747 5763 Traditio
772 5707 1000 5780 Ludgeri
1025 5717 1075 5763 et
1111 5699 1404 5764 Hiddont'.'

211 5797 306 5854 10.
333 5797 535 5858 Notum
579 5800 698 5856 ﬁeri
739 5772 1112 5859 desideramus
1138 5803 1409 5867 omnibus,
1440 5809 1552 5858 tam
1596 5772 1739 5867 prae-I

137 5871 391 5952 sentibus
414 5889 581 5948 quam
603 5871 821 5946 futuris,
844 5873 1113 5947 quomodo
1135 5889 1236 5948 ego
1263 5873 1563 5948 Ludgerus,
1591 5871 1737 5935 ﬁlius

1829 4614 2021 4691 secpit,
2051 4619 2278 4673 liberam
2316 4626 2370 4673 et
2410 4614 2777 4691 ﬁrmissimam
2800 4633 2846 4691 ag
2874 4614 3036 4691 nobis
3056 4614 3207 4691 et‘ab
3240 4615 3416 4669 omni-

1824 4685 1939 4747 bus-
1974 4691 2169 4745 habeat
2210 4697 2554 4759 potestatem,
2594 4687 2849 4759 quiequid
2877 4686 3071 4741 exinde
3099 4685 3278 4740 facere
3321 4701 3415 4741 vo-

1827 4761 1990 4817 luerit
2015 4761 2085 4816 ad
2109 4757 2347 4816 fructum
2377 4759 2631 4814 Ecclesia:
2660 4757 2775 4812 Dei.
2811 4757 2966 4828 Acta
2994 4766 3077 4812 est
3106 4764 3285 4811 autem
3315 4773 3414 4828 pu—

1825 4833 1966 4889 blice
2016 4848 2139 4887 cum
2195 4831 2540 4951 stipéilatione
2582 4829 2808 4886 subnixa
2860 4829 2912 4883 in
2957 4827 3076 4883 loco
3129 4828 3264 4898 ipso,
3321 4828 3413 4951 qui

1829 4904 2026 4951 dicitur
2053 4903 2255 4951 Dianan
2327 4902 2396 4951 ci.
2425 4916 2566 4951 anno
2582 4900 2854 4951 tricesimo
2870 4900 3105 4951 secundo
3128 4899 3278 4951 regni
3304 4915 3337 4951 tr
3359 4914 3413 4951 o-

1829 4904 2026 4960 dicitur
2052 4899 2396 4972 Diapanbeci,
2425 4916 2566 4972 anno
2582 4900 2854 4972 tricesimo
2870 4900 3105 4972 secundo
3128 4899 3278 4972 regni
3304 4899 3419 4972 glo-

1829 4915 2026 4960 dicitur
2052 4915 2396 4972 mapannecl,
2425 4916 2566 4955 anno
2582 4915 2854 4954 trmesrmo
2870 4915 3105 4954 secundo
3128 4915 3278 5024 regni
3302 4915 3413 5024 glo-

1828 4974 2112 5030 riosissimi
2144 4975 2286 5034 regis
2325 4971 2498 5034 Carli,
2537 4970 2637 5026 sub
2667 4970 2754 5024 die
2781 4985 2851 5023 xv
2893 4969 3010 5024 Kal.
3054 4968 3188 5025 Octo
3231 4986 3274 5023 r.
3335 4969 3413 5025 ’0-

1830 5046 1940 5101 tavi
1985 5046 2158 5108 diem,
2204 5041 2401 5108 locum,
2451 5051 2680 5110 tempus,
2712 5056 2818 5111 quo
2861 5042 2978 5096 haec
3015 5041 3214 5112 scripta
3267 5050 3414 5096 sunt.

1829 5117 1944 5197 Ego
1977 5114 2331 5197 Tbiatbaldus
2374 5112 2657 5184 presbyter
2696 5121 2916 5182 rogatus
2947 5113 3142 5184 scripsi
3180 5121 3237 5169 et
3285 5112 3417 5169 sub-

1829 5203 2042 5258 εει-ψει.

1900 5257 1994 5314 Isti
2020 5267 2145 5312 sunt
2171 5257 2380 5313 viseres
2406 5265 2461 5313 et
2485 5257 2759 5313 auditores
2783 5271 2798 5311 :

1840 5385 1842 5387 .
1903 5328 2127 5400 Signum
2159 5329 2456 5396 Evurwini,
2484 5330 2574 5400 qui
2606 5331 2748 5384 hanc
2791 5328 3134 5385 traditionem
3175 5325 3294 5384 ﬁeri
3325 5343 3417 5384 ro-

1833 5399 1998 5474 gavit,
2025 5410 2078 5456 et
2105 5401 2321 5474 propria
2356 5399 2813 5474 manukﬁrmavit.
2870 5417 2894 5474 ς

1906 5469 2130 5544 Signum
2171 5469 2487 5544 Irminwini.
2523 5470 2970 5544 Sig._Heribal§i.
2993 5472 3105 5544 Sig.
3135 5469 3418 5527 Hildiradi.

1835 5544 1950 5618 Sig.
1973 5542 2226 5599 'Anoloni.
2255 5543 2367 5615 Sig.
2391 5542 2698 5597 Efurhardi.
2731 5543 2844 5614 Sig.
2876 5542 3182 5598 Thiatl’i'idi.

1970 5635 2206 5690 Tradilio
2231 5633 2489 5688 Amulrici
2517 5632 2846 5687 Ait-Crucem
2867 5633 3027 5704 juxta
3058 5635 3298 5705 Arnapa.

1911 5729 1996 5783 l2.
2044 5727 2179 5782 Dum
2209 5725 2579 5796 unusquisque
2608 5725 2660 5778 in
2694 5725 2944 5796 praesenti
2972 5724 3167 5796 sarculo
3194 5734 3420 5796 conver-

1838 5810 2006 5864 satur,
2033 5797 2272 5869 cogitare
2293 5795 2451 5853 debet
2472 5805 2526 5851 et
2554 5795 2850 5866 praevidere
2871 5795 3162 5869 quomodo
3183 5795 3420 5869 animam

1839 5888 1996 5936 suam
2024 5865 2234 5932 salvare
2265 5869 2437 5941 possit
2465 5876 2520 5927 et
2551 5865 2812 5925 aeternum
2837 5865 2942 5926 sibi
2974 5865 3317 5939 refrigerium
3338 5865 3423 5949 in:
