4012 6364
1280 362 1823 423 οπλκτωωιωι
1848 362 2373 421 ΠΒΊἪἫΕ.

3326 365 3429 422 8M

660 485 987 549 marina
1010 474 1327 531 Mnibus
1353 491 1370 530 :
1399 484 1455 531 et
1504 478 1759 549 inuitum
1786 483 1841 542 Α
1865 477 2077 545 Nunni,
2130 477 2323 533 νυκτίά
2359 492 2373 531 :
2421 478 2579 535 istam
2624 478 2997 537 investituram
3045 494 3140 549 per
3189 478 3432 539 Flodoiui

191 544 395 602 essein
429 552 746 613 perpetuum
774 544 929 611 volo;
962 553 1370 614 αντε-ωε
1399 548 1616 602 traditio
1652 550 1759 603 ista

189 616 341 671 omni
366 623 606 685 tempore
630 614 782 668 ﬁrma
804 624 1114 684 permaneat
1143 617 1484 685 stipulatione
1508 620 1755 673 subnixa.

188 688 328 758 Acta
371 686 427 758 in
470 684 769 758 Weritbiua
809 684 1481 758 monasterio,scriptaque
1512 704 1598 741 xw
1640 689 1756 742 Kal.

188 756 484 828 Novembr.
514 769 659 828 anno
700 756 770 828 εξ
809 756 964 826 regni
991 756 1174 811 domui
1210 756 1505 813 illuduwici
1530 760 1759 828 impera-

190 828 352 888 toris,
379 826 671 880 indictione
694 824 781 879 15.

262 899 377 966 Ego
408 895 710 949 llrodaldus
735 896 1085 950 cancellarius
1112 898 1299 967 scripsi
1325 906 1380 953 et
1409 898 1723 966 subscripsi.

261 967 491 1046 Signum
522 967 668 1034 Erpi,
706 968 797 1046 qui
826 967 1045 1046 tradidit
1068 968 1228 1046 istud.

260 1036 390 1090 Htec
425 1048 548 1090 sunt
593 1036 808 1089 nomina
850 1038 1233 1106 testium,qui
1273 1039 1374 1092 hoc
1419 1036 1668 1092 viderunt
1705 1046 1762 1093 et

186 1107 516 1175 audiverunt
541 1114 596 1160 et
618 1106 867 1160 manibus
890 1108 1123 1175 propriis
1146 1109 1514 1161 ﬁrmaverunt.

229 1174 487 1244 'Signuiu
518 1175 850 1244 Hramningi.
890 1174 1008 1246 SigI
1027 1177 1365 1231 Wracbardi.
1408 1178 1519 1246 Sig.
1555 1178 1757 1233 Osteni.

188 1245 301 1318 Sig.
333 1246 696 1318 _Herodardi.
748 1246 860 1318 Sig.
892 1245 1250 1318 iHeriscalci.
1284 1247 1395 1318 Sig.
1457 1247 1756 1304 Heddiloni.

188 1316 304 1384 Sig.
333 1315 617 1385 Luthugis.
647 1316 758 1385 Sig.
785 1315 1069 1371 Waliconi.
1105 1317 1216 1387 Sig.
1242 1315 1529 1387 Evardagi.

506 1406 750 1461 Venditio
784 1404 1077 1461 Cunthardi
1099 1418 1145 1461 et
1166 1409 1449 1463 Atln'lwini.

254 1502 349 1554 41.
388 1501 445 1554 1n
471 1500 686 1572 Christo
725 1499 1125 1572 PatriAltfrido
1156 1503 1325 1571 gratia
1362 1502 1456 1557 Dei
1488 1502 1756 1572 episcopo,

184 1572 453 1640 emptori;
490 1586 586 1640 ego
612 1570 892 1624 Guntbard
912 1579 966 1623 et
992 1570 1247 1624 Athilvvin
1272 1570 1601 1626 venditores.
1626 1573 1760 1625 Con-

184 1650 291 1696 stat
325 1656 425 1695 nos
466 1641 560 1693 tibi
590 1640 908 1703 vendidisse,
956 1648 1010 1694 et
1042 1643 1117 1695 ita
1161 1643 1525 1706 vendidimus,
1562 1643 1613 1696 id
1654 1651 1757 1708 est,

185 1711 724 1780 comprehensionem
770 1720 1010 1765 nostram
1070 1712 1122 1764 in
1174 1712 1327 1777 silva,
1375 1728 1493 1780 qua:
1538 1722 1761 1767 vocatur

184 1781 567 1845 Witerovvald;
615 1796 773 1849 quam
820 1781 1343 1848 comprehensionem
1388 1781 1633 1837 homines
1680 1784 1757 1836 tui

1864 564 2075 602 manus.

1930 617 2060 692 Hice
2112 627 2238 692 sunt
2290 619 2626 692 testiinonia,
2676 621 2770 689 qui
2814 621 2917 675 hoc
2963 621 3231 685 viderunt,
3289 624 3434 692 quod

1863 688 2148 760 Elodoinus
2196 690 2409 760 donavit
2470 690 2616 745 illam
2680 688 3209 760 Compreheusionem
3273 688 3436 760 super

1863 758 2075 831 Hesepe
2111 758 2283 814 rivulo
2332 760 2647 831 Hildigrimu
2692 758 2961 829 episcopo.
3012 762 3091 816 De
3137 776 3244 816 uno
3295 758 3435 817 latus

1863 837 2005 900 terra
2040 828 2339 884 Grimward
2370 844 2383 882 :
2421 828 2499 883 de
2537 831 2642 885 alio
2688 828 2815 884 vero
2858 828 2995 885 latus
3026 832 3433 900 conlprehcnsio

1862 898 2147 953 Bennonis.
2202 900 2275 952 De
2327 915 2433 955 uno
2466 900 2643 955 fronte
2685 916 2840 955 mons
2874 918 2886 953 :
2924 910 2979 956 et
3016 901 3081 956 de
3124 898 3229 955 alio
3259 900 3435 957 fronte

1863 971 2267 1040 comprehensio
2294 969 2459 1037 ipsius
2487 972 2741 1040 episcopi.

1933 1036 2154 1111 Signum
2208 1036 2730 1111 Bereiiger.jicarii.
2778 1040 2909 1111 SigL
2939 1039 3121 1104 Asold,
3167 1039 3432 1111 Albnand,

1861 1106 2060 1171 Benuo,
2113 1106 2445 1178 Regiiiibrat,
2485 1106 3209 1175 Frithubold,‘Frithubrat,
3260 1110 3438 1166 Grini-

1861 1180 2032 1243 ward,
2060 1178 2235 1242 Odlin,
2268 1178 2515 1249 Wigfrid,
2549 1181 2843 1249 Engilbert,
2876 1180 3002 1249 Erp,
3030 1180 3195 1236 Occo.

2196 1266 2431 1321 Traditio
2454 1266 2772 1340 Sneuburgm
2793 1271 2849 1323 in
2878 1268 3108 1324 Fislaca.

1929 1360 2017 1414 44.
2047 1358 2242 1413 Notum
2282 1359 2594 1431 ﬁericupio
2639 1362 2905 1425 omnibus,
2942 1371 3049 1415 tam
3085 1361 3439 1431 przescntibus

1860 1446 2019 1556 agam
2050 1430 2263 1493 futuris,
2300 1430 2530 1498 qualiter
2558 1447 2655 1500 ego
2690 1432 2985 1500 Sncohurg,
3017 1430 3121 1485 lilia
3167 1433 3436 1501 quondam

1938 1501 2177 1556 rnhardi.
2205 1500 2400 1555 tradidi
2438 1512 2643 1556 partem
2667 1501 2997 1556 harreditatis
3023 1517 3153 1555 mea:
3183 1502 3248 1555 ad
3274 1502 3436 1556 eccle—

1938 1501 2177 1565 rnhardi,
2205 1500 2400 1555 tradidi
2438 1512 2643 1570 partem
2667 1501 2997 1557 harreditatis
3023 1517 3153 1555 mea:
3183 1500 3248 1555 ad
3274 1502 3441 1556 eccle-

1862 1572 1997 1653 siam
2047 1571 2216 1653 sancti
2258 1570 2721 1653 Salvatoris‘,.quai
2766 1580 3073 1653 constructa
3110 1580 3193 1626 est
3220 1573 3440 1653 inhpago

1861 1641 2142 1711 Riporum,
2175 1642 2229 1695 in
2261 1639 2379 1695 loco
2409 1643 2499 1710 qui
2538 1639 2733 1711 dicitur
2766 1641 3072 1705 Werthina,
3100 1658 3259 1711 super
3280 1639 3440 1696 ﬂuvio

1864 1709 2038 1777 Rura,
2069 1713 2171 1783 hoc
2200 1720 2301 1783 est,
2331 1709 2471 1780 quod
2502 1712 2691 1783 tradidi
2720 1709 2956 1779 jornales
2982 1709 3441 1783 quinqueinrloco

1864 1783 1953 1863 qui
1982 1782 2677 1864 dicitur.Tottonthorra,‘in
2702 1784 2824 1836 villa
2851 1798 2967 1864 qua:
2993 1782 3187 1864 dicitur
3211 1782 3440 1847 Fislaca,

184 1867 287 1903 una
316 1852 596 1905 nobiscum
633 1847 982 1923 circuierunt,
1020 1859 1073 1905 et
1117 1855 1266 1907 novis
1302 1854 1466 1922 signis
1500 1853 1757 1907 obﬁrma-
1790 1847 1835 1908 Β
1865 1847 1918 1906 in
1953 1868 2089 1922 pago
2125 1853 2420 1921 Riporum;
2452 1854 2825 1923 traditumque
2866 1847 2921 1907 in
2960 1861 3272 1922 perpetuum
3324 1867 3443 1906 esse

183 1931 407 1984 verunt;
438 1931 493 1974 et
519 1922 821 1989 accepimus
847 1936 876 1973 a
909 1932 957 1974 te
979 1922 1209 1989 pretium
1234 1938 1333 1991 pro
1354 1940 1433 1985 ea,
1461 1924 1599 1979 sicut
1622 1925 1761 1978 inter

183 2007 281 2045 nos
311 1992 583 2053 convenit,
618 1994 719 2045 hoc
762 2000 863 2056 est,
890 1991 1051 2044 libras
1075 1993 1107 2046 3
1135 1993 1188 2045 in
1216 2008 1277 2046 ea
1306 1996 1534 2058 ratione,
1564 2002 1619 2046 ut
1640 2002 1760 2061 post

182 2063 329 2115 hunc
372 2062 523 2133 diem
542 2063 654 2130 ipsa
688 2062 1091 2130 comprehensm
1118 2062 1181 2115 ad
1221 2066 1493 2133 pmprium
1520 2076 1760 2118 vestrum

182 2132 572 2185 monasterium
614 2134 912 2201 pertineat,
951 2133 1091 2200 quod
1115 2132 1336 2186 vocatur
1364 2134 1673 2199 Werthina;
1706 2142 1760 2188 et

182 2202 446 2270 quidquid
472 2216 539 2254 ex
566 2216 626 2255 ea
655 2202 829 2257 facere
870 2202 1106 2256 volueris
1129 2244 1143 2266 ,
1186 2206 1251 2256 ab
1282 2205 1382 2257 hac
1410 2205 1495 2257 die
1536 2204 1759 2258 liberam

93 2291 97 2294 ν
182 2280 233 2325 ct
290 2272 661 2343 ﬁrmissimam
707 2274 905 2327 habeas
950 2281 1286 2341 potestatem.
1345 2274 1401 2327 Si
1449 2275 1568 2343 quis
1608 2290 1753 2338 vero,

181 2343 325 2411 quod
355 2342 473 2395 ﬁeri
513 2356 618 2397 non
648 2343 932 2405 credimus,
978 2344 1115 2397 hanc
1145 2342 1759 2398 venditionis’cartulam

182 2412 479 2483 infringere
530 2413 895 2482 temptaverit,
950 2413 1083 2465 iram
1116 2415 1206 2466 Dei
1261 2416 1524 2479 incurrat,
1554 2424 1607 2467 et
1639 2430 1667 2467 a
1694 2415 1759 2468 li-

180 2483 419 2535 minibus
470 2491 776 2536 sanctorum
816 2483 1021 2535 alienus
1045 2484 1257 2547 existat,
1305 2494 1359 2537 et
1386 2485 1498 2537 haec
1522 2486 1760 2540 venditio

181 2552 334 2607 ﬁrma
362 2561 681 2622 permaneat
709 2553 1052 2622 stipulatione
1091 2555 1334 2608 subnixa.
1368 2554 1499 2608 Acta
1530 2556 1583 2607 in
1627 2555 1759 2609 We-

182 2625 382 2677 rithina
407 2623 757 2686 monasterio,
788 2622 949 2675 tertio
978 2623 1185 2677 decimo
1214 2624 1330 2676 Kal.
1363 2624 1587 2686 Augusti
1614 2640 1755 2679 anno

182 2694 570 2751 incarnationis
626 2693 915 2747 Dominica:
967 2692 1092 2755 848,
1144 2703 1401 2763 regnante
1449 2692 1759 2749 Hludowico

176 2763 394 2831 juniore
423 2779 566 2818 anno
592 2763 642 2827 9,
677 2762 964 2816 indictione
992 2763 1079 2827 il,
1110 2762 1241 2817 feria
1270 2773 1439 2817 sexta.

210 2896 215 2901 ο
250 2834 343 2904 Isti
369 2844 495 2887 sunt
524 2840 710 2893 testes,
743 2834 830 2904 qui
863 2834 963 2887 hoc
998 2834 1279 2887 audierunt
1305 2844 1358 2888 et
1386 2836 1651 2888 viderunt.

252 2903 381 2975 Egi
402 2903 766 2975 Liudbaldus,
790 2904 1002 2975 humilis
1034 2904 1193 2957 levita
1226 2914 1442 2972 rogatus
1479 2905 1670 2973 scripsi
1710 2912 1764 2959 et

180 2974 493 3043 subscripsi.
519 2974 739 3043 Signum
765 2974 1086 3038 Giinlbardi,
1112 2983 1163 3045 et
1186 2976 1478 3033 Athilwini,
1511 2977 1602 3045 qui
1624 2976 1763 3029 hanc

179 3046 524 3115 traditionem
562 3046 690 3115 ‘ﬁeri
740 3054 1079 3112 rogaverunt.
1126 3044 1234 3114 Sig.
1270 3044 1589 3115 iBernliarii.
1646 3045 1757 3115 Sig.

177 3110 691 3197 geiiihardi.mSig'.'
720 3110 1033 3197 Heribratti.
1092 3110 1207 3197 Sig:
1266 3114 1578 3197 Reiniiard‘i.
1646 3110 1758 3197 Sig.

175 3184 907 3263 periimini.Siggﬂrodger.
943 3184 1053 3263 Sig.
1092 3186 1359 3263 N‘unnoni.
1394 3186 1504 3257 Sig.

175 3255 321 3313 fn'di.
348 3257 466 3326 Sig.
490 3255 791 3325 Erkingeri.
810 3255 934 3325 "Sig.
962 3255 1261 3311 llelmfridi.

683 3348 918 3402 Traditio
958 3346 1262 3401 Huntionis.

239 3440 337 3492 42.
371 3438 568 3492 Notum
612 3440 726 3493 ﬁeri
771 3440 926 3507 cupio
951 3439 1220 3502 omnibus,
1265 3446 1373 3492 tam

228 3525 346 3581 iam
390 3508 603 3581 futuris,
636 3510 871 3577 qualiter
904 3525 1003 3581 ego
1051 3509 1267 3571 Huutio,
1298 3509 1451 3581 ﬁlius
1488 3512 1758 3579 quondam

220 3579 478 3649 gilberni,
511 3580 701 3633 tradidi
728 3596 814 3635 res
840 3579 987 3635 meas
1017 3581 1083 3634 ad
1118 3580 1397 3633 ecclesiam
1437 3582 1609 3634 sancti
1643 3580 1762 3635 Sal-

170 3649 409 3710 vatoris,
443 3665 556 3717 quae
579 3658 665 3703 est
691 3660 1001 3705 constructa
1032 3651 1086 3704 in
1114 3665 1251 3719 pago
1278 3650 1532 3719 Ruriggo,
1564 3652 1618 3703 in
1643 3651 1759 3705 loco

170 3722 264 3789 qui
299 3720 501 3772 dicitur
528 3720 823 3783 Werthina,
850 3735 1010 3790 super
1034 3722 1195 3774 ﬂuvio
1220 3722 1384 3774 Rura.
1414 3719 1525 3775 Hoc
1548 3719 1761 3788 jornale

171 3806 281 3843 uno
318 3790 387 3843 de
418 3798 561 3843 terra
600 3792 652 3843 in
697 3792 821 3845 villa
865 3799 1205 3860 nuncupante
1239 3790 1393 3853 Wisi,
1432 3798 1488 3844 et
1530 3806 1653 3844 cum
1694 3806 1760 3845 eo

169 3861 522 3914 medietatem
557 3862 622 3915 de
646 3861 801 3925 silva,
832 3862 1089 3929 quidquid
1114 3861 1244 3914 mihi
1270 3862 1323 3914 in
1355 3861 1466 3929 ipsa
1492 3861 1615 3914 villa
1637 3860 1762 3927 jure

169 3940 405 3999 paterno
458 3931 719 3983 advenit:
761 3933 1120 3999 traditumque
1172 3931 1225 3984 in
1276 3938 1591 4000 perpetuum
1641 3946 1761 3985 esse

170 4001 294 4053 volo
327 4008 383 4053 et
424 4002 823 4069 promptissima
868 4001 1141 4055 voluntate
1189 4002 1448 4055 conlirmo
1473 4041 1486 4065 ,
1535 4009 1597 4054 ut
1638 4010 1760 4070 post

172 4070 321 4123 hunc
354 4071 497 4123 diem
539 4073 788 4125 custodes
826 4071 991 4140 ipsius
1020 4071 1257 4125 ecclesia:
1306 4072 1539 4125 habeant
1586 4072 1758 4126 licen-

171 4140 304 4193 tiam
340 4141 581 4203 tenendi,
611 4141 861 4211 habendi,
904 4141 1229 4211 possidendi,
1261 4142 1647 4207 commutandi,
1674 4142 1759 4196 vel

170 4211 441 4278 quidquid
473 4211 665 4265 exinde
706 4210 883 4266 facere
908 4210 1193 4273 voluerint,
1227 4211 1448 4266 liberam
1485 4219 1539 4265 et
1564 4212 1761 4266 limis-

170 4282 369 4334 simam
398 4282 454 4334 in
491 4282 739 4336 omnibus
776 4282 1007 4336 habeant
1049 4289 1371 4350 potestatem
1416 4281 1759 4350 stipulatione

168 4352 430 4405 subnixa.
457 4351 651 4405 Actum
692 4352 747 4405 in
794 4351 1075 4406 Werthina
1116 4352 1463 4416 monasterio,
1499 4352 1589 4405 ubi
1630 4367 1758 4407 con-

168 4422 376 4493 scripta
404 4430 487 4493 est
528 4423 627 4493 sub
668 4422 755 4493 die
793 4437 847 4476 iv
870 4422 987 4477 Kal.
1014 4422 1178 4489 Junii,
1219 4437 1361 4478 anno
1383 4422 1435 4489 7,
1461 4422 1759 4493 imperante

168 4491 377 4544 domno
406 4490 719 4562 liludowico
744 4492 1091 4562 imperatore.

1409 3440 1761 3508 praesentibus

238 4562 368 4643 ligo.
407 4561 706 4633 Adalgerus
749 4561 1005 4621 diaconus
1045 4570 1266 4635 rogatus
1307 4562 1499 4635 scripsi
1534 4570 1590 4619 et
1633 4562 1760 4617 sub-
1781 4572 1837 4637 ι)

166 4646 473 4787 δὲὲξέιξῖιω
514 4699 736 4787 Sentio,
768 4703 858 4773 qui
882 4703 1021 4787 hanc
1053 4703 1568 4787 traditionem‘ﬁeri.
1592 4703 1758 4787 etniir-

163 4780 625 4901 ’ἕὲἕὲιιιέἳὲῗέίὶ
648 4773 1753 4901 ἓᾘᾝόἐᾷἳῗιίδὲἰέέῖἓίὲἲιὲἓῑιυῗίἕζ

165 4839 492 4915 Ββίζίιψδιᾷ.
512 4839 625 4914 Sig.
648 4839 792 4915 utili.
806 4843 929 4915 Sig.
954 4839 1265 4915 Reginbrat'.
1291 4845 1401 4915 Sig.
1427 4839 1754 4902 Theodbald.

323 4909 637 4984 Reginma'r.
663 4914 775 4987 Sig.
804 4909 1007 4971 Benno.
1036 4909 1149 4987 Sig.
1175 4909 1473 4971 Helmb'rat.

498 5002 733 5060 Traditio
764 5004 1012 5063 Flodoiiti
1040 5017 1088 5062 et
1114 5006 1434 5077 Regimbrat.

235 5094 335 5149 ιδ.
363 5092 492 5151 Haec
530 5105 656 5166 sunt
684 5098 1009 5163 testimonia,
1040 5097 1133 5166 qui
1164 5097 1267 5153 hoc
1302 5096 1569 5163 viderunt,
1613 5098 1755 5166 quod

159 5163 723 5251 Reginbrat‘tradidit
747 5168 801 5251 i_n
834 5163 1223 5251 biul'enegiade
1257 5168 1388 5251 silva
1420 5176 1475 5222 et
1509 5167 1576 5221 de
1611 5163 1751 5221 terra

159 5235 436 5304 quidquid
462 5236 661 5292 ibidem
694 5239 899 5302 habuit,
928 5235 1240 5307 Hildigrimo
1265 5239 1535 5309 episcopo.

235 5306 470 5364 Signum
490 5305 780 5364 Berengar.
798 5310 965 5362 vicar.
985 5307 1097 5364 Sig.
1114 5308 1297 5363 Asold.
1326 5309 1439 5364 Sig.
1464 5307 1730 5361 Albmand

236 5323 470 5429 διῗιθυω
491 5323 780 5377 nerengar.
798 5323 965 5362 Vicar.
985 5323 1097 5380 Sig.
1114 5323 1297 5363 A8010.
1326 5323 1439 5379 big.
1464 5323 1750 5361 Ainmanu.

396 5391 525 5431 uno.
574 5378 684 5459 Sig.
724 5379 1058 5461 Frithubold.
1111 5378 1227 5462 Sig.
1269 5379 1599 5462 Frithubert.

158 5447 500 5501 Grimward.
531 5447 643 5501 Sig.
685 5448 879 5501 Odﬁni.
906 5448 1019 5501 Sui.
1048 5448 1309 5501 Flodomi.
1350 5450 1463 5501 Sic.
1496 5446 1691 5501 Wigfn
1730 5485 1747 5501 .

155 5446 500 5520 grimlvard.
531 5446 659 5520 Sig.
685 5448 879 5520 Odtini.
906 5448 1019 5520 Sig.
1048 5446 1309 5505 Flodoini.
1350 5450 1463 5520 Sig.
1496 5446 1747 5520 Wigfrid.

1118 5591 1131 5603 ο
1296 5592 1308 5603 -
1415 5516 1437 5520 ⁷

716 5605 905 5644 manus
930 5598 1089 5645 istam
1118 5598 1491 5645 investituram

235 5606 349 5641 rer
380 5606 693 5643 rritnunoui
716 5606 905 5644 manus
930 5606 1089 5645 istam
1118 5606 1512 5646 investituram.

233 5660 370 5741 "fec
416 5666 542 5713 sunt
590 5659 916 5741 testimonia,
965 5661 1057 5730 qui
1104 5662 1352 5741 viderunt
1394 5660 1461 5741 de
1501 5676 1566 5715 eo
1607 5660 1751 5741 quod

154 5729 1069 5802 lf’lodoinusfevestivit."Signum
1104 5731 1356 5796 Herbold,
1407 5732 1748 5802 Regenibrat,

151 5798 399 5863 Atitﬁiii,
456 5798 754 5869 Hunebold,
806 5798 1064 5872 Riegrim,
1122 5802 1380 5868 Radbert,
1438 5798 1748 5868 Fridubold,

1862 1923 2004 1988 volo,
2054 1932 2106 1978 et
2156 1922 2552 1993 promptissima
2603 1924 2876 1978 voluntate
2905 1925 3184 1988 conﬁrmo,
3228 1931 3285 1975 ut
3324 1931 3445 1991 post

1863 1994 2007 2047 hunc
2053 1994 2193 2047 diem
2245 1993 2492 2047 custodes
2546 1994 2711 2063 ipsius
2759 1993 2996 2047 ecclesia:
3034 1994 3305 2047 licentiam
3350 1994 3443 2046 ha-

1860 2064 2025 2118 beant
2052 2064 2287 2127 tenendi,
2317 2064 2642 2132 possidendi,
2670 2063 3049 2127 commutandi,
3078 2063 3159 2115 vel
3188 2063 3443 2131 quidquid

1862 2135 2053 2189 exinde
2083 2134 2258 2187 facere
2294 2134 2579 2198 voluerint,
2630 2134 2851 2189 liberam
2885 2149 2947 2188 ac
2990 2132 3351 2187 ﬁrmissimam
3390 2134 3445 2186 in

1862 2206 2110 2258 omnibus
2140 2204 2371 2256 habeant
2416 2212 2735 2271 potestatem
2776 2220 2897 2259 cum
2936 2203 3275 2271 stipulatione
3320 2204 3446 2256 sub-

1863 2219 2110 2258 omninus
2141 2219 2371 2256 naneaiit
2414 2219 2735 2327 p‘oteswtem
2776 2220 2897 2259 cum
2936 2219 3275 2271 supuiaiionc
3320 2219 3445 2256 sun-

1863 2273 2006 2327 nixa.
2066 2274 2257 2327 Actum
2312 2273 2363 2325 in
2469 2274 2716 2327 ’erithina
2762 2274 3119 2337 monasterio,
3171 2273 3261 2327 ubi
3319 2288 3445 2326 con-

1864 2345 2062 2413 scripta
2094 2350 2176 2397 est
2210 2359 2247 2413 ll
2293 2342 2409 2395 Kal.
2439 2343 2639 2413 Aprilis
2676 2360 2817 2399 anno
2855 2344 2923 2397 25
2966 2352 3221 2413 regnante
3251 2344 3445 2397 domno

1862 2412 2177 2467 Illiidowico
2204 2412 2548 2480 imperatore.

1932 2484 2042 2553 Ego
2094 2483 2453 2553 chinharius
2512 2484 2759 2553 indignus
2812 2484 3093 2553 presbyter
3148 2482 3337 2552 scripsi
3390 2490 3444 2535 et

1864 2551 2175 2622 subscripsi.
2205 2551 2426 2621 Signum
2443 2551 2737 2616 Tliiatradi,
2755 2551 3088 2607 Frithuhaltli
3101 2594 3113 2617 ,
3130 2551 3439 2616 llrodberti,

1868 2622 2191 2697 ileliiihert'.
2215 2622 2536 2691 Gunthardi,
2568 2624 2901 2689 Thcotbal'di,
2930 2623 3261 2693 chinbaldi,
3293 2622 3445 2676 Heri-

1867 2694 2031 2748 baldi.

2394 2763 2630 2817 Traditio
2670 2762 2917 2817 Widrad.

1930 2874 2020 2945 45.
2053 2875 2109 2928 In
2137 2874 2351 2930 Christo
2382 2875 2538 2930 fratri
2573 2874 2856 2945 Hildigrim
2884 2876 3156 2944 episcopo,
3192 2874 3441 2943 emptori,

1864 2952 1963 3015 ego
1990 2944 2213 3001 Widrad
2240 2948 2505 3001 venditor.
2532 2944 2753 3001 Constat
2796 2960 2882 2999 me
2926 2947 3019 2999 tibi
3048 2945 3368 3008 vendidisse,
3390 2955 3453 2999 et

1866 3016 1940 3088 ita
1967 3016 2179 3070 vendidi
2207 3033 2315 3088 res
2365 3033 2515 3071 meas
2563 3018 2831 3088 proprias,
2875 3032 2995 3086 qua:
3041 3024 3164 3071 sunt
3214 3016 3266 3069 in
3311 3031 3448 3088 pago

1865 3086 2173 3153 Nivensem,
2201 3087 2258 3141 in
2288 3087 2449 3142 finem
2479 3088 2665 3142 Welde
2706 3085 2947 3153 jornales
2992 3088 3026 3140 4
3067 3095 3122 3141 et
3150 3085 3350 3140 habent
3382 3085 3449 3141 de

1866 3158 2054 3211 ambos
2099 3158 2240 3212 latus
2289 3166 2435 3212 terra
2484 3158 2777 3211 Frithurie.
2832 3158 2904 3211 De
2944 3172 3049 3211 uno
3086 3157 3258 3210 fronte
3303 3166 3448 3210 terra

1866 3186 2054 3211 i‘IIIIIIUB
2099 3186 2240 3212 ιᾱιυδ
2291 3186 2435 3241 ιτξιῖι
2484 3186 2777 3211 ιἰνιιιιυῑιις.
2832 3186 2904 3211 υιτ
2946 3186 3258 3239 υξιυ.ιι⁷υιιισ
3305 3186 3373 3210 νει
3391 3186 3443 3209 ιτα

1866 3226 2165 3281 Lantbert:
2208 3230 2273 3283 de
2309 3229 2413 3283 alio
2441 3227 2615 3283 fronte
2645 3242 2772 3281 vero
2805 3236 2947 3281 terra
2978 3243 3144 3296 ipsuis
3182 3235 3443 3295 emptore,

1866 3299 2060 3352 tradidi
2098 3297 2189 3351 tibi
2226 3300 2608 3368 perpetualiter
2638 3300 2703 3353 ad
2732 3298 3111 3367 possidendum
3140 3316 3150 3349 :
3182 3306 3236 3350 et
3262 3299 3447 3365 accepi

1864 3384 1895 3422 a
1925 3376 1977 3421 te
2005 3368 2257 3438 pretium,
2288 3371 2425 3423 sicut
2453 3378 2592 3422 inter
2618 3384 2715 3422 nos
2738 3368 2954 3490 placuit,
2986 3376 3146 3435 atque
3173 3368 3444 3447 convenit,

1864 3439 1969 3490 hoc
1991 3446 2092 3490 est.
2126 3438 2324 3490 solidos
2352 3438 2383 3490 6
2414 3440 2483 3490 ita
2514 3450 2572 3490 ut
2598 3446 2717 3490 nost
2766 3454 2886 3490 iunc
2915 3438 3054 3490 diem
3089 3436 3335 3490 habendi.
3370 3446 3444 3490 te-

1864 3439 1969 3493 boc
1991 3436 2092 3501 ést,
2126 3438 2324 3493 solidos
2352 3438 2383 3491 6
2414 3440 2483 3492 ita
2514 3450 2572 3493 ut
2598 3446 2717 3506 post
2742 3436 2886 3491 hunc
2915 3438 3054 3491 diem
3089 3436 3335 3500 habendi,
3370 3446 3449 3490 te-

1864 3508 2045 3574 nendi,
2075 3509 2362 3571 vendendi,
2392 3520 2445 3563 et
2474 3509 2730 3578 quidquid
2768 3507 2959 3561 exinde
2986 3508 3162 3560 facere
3193 3506 3445 3574 volueris,

1863 3578 2086 3633 liberam
2118 3589 2169 3631 et
2199 3578 2561 3633 firmissimam
2604 3579 2656 3631 in
2698 3580 2947 3632 omnibus
2990 3578 3189 3631 habeas
3213 3584 3448 3645 potesta-

1865 3648 2634 3729 tein“stipulationesubnixaz
2662 3649 2856 3729 Actum
2888 3648 2941 3702 in
2970 3648 3086 3729 loco
3115 3648 3205 3729 qui
3248 3647 3445 3729 dicitur

1862 3717 1943 3771 Ad
1979 3716 2225 3783 Crucem,
2283 3720 2374 3773 ubi
2428 3719 2730 3787 conscripta
2784 3727 2892 3780 est,
2945 3719 3044 3771 sub
3097 3716 3183 3771 die
3221 3733 3275 3771 ix
3314 3716 3435 3771 Kal.

1864 3787 2008 3849 Maii,
2040 3805 2178 3842 anno
2202 3789 2235 3841 4
2262 3791 2409 3858 regni
2440 3790 2618 3844 domui
2653 3788 2947 3842 Hludovvici
2985 3788 3345 3856 imperatoris.

1935 3859 2157 3929 Signum
2185 3858 2429 3929 Widrad,
2468 3861 2557 3929 qui
2586 3861 2723 3913 hanc
2754 3858 3440 3929 traditionemlierihroga-

1935 3876 1990 3912 δι
2030 3876 2157 3913 num
2192 3876 2429 3924 vviarau,
2468 3876 2557 3929 qui
2586 3876 2723 3913 nanc
2755 3876 3093 3913 traditionem
3124 3876 3238 3912 ueri
3281 3876 3342 3912 ro
3379 3876 3440 3912 a-

1861 3928 1958 4003 vit.
1989 3876 2861 4003 gignuntGriinald_vica_rii._Sig.
2890 3927 3210 4003 Do‘doaASig.
3237 3876 3448 4003 Eritiu-

1862 3998 1962 4071 εἰς.
1995 3997 2417 4071 SigLHildibert.
2461 3998 2574 4071 Sig.
2607 3997 2895 4071 0dilhard.
2922 4000 3034 4069 Sig.
3072 3997 3296 4054 lleriuli.
3327 3997 3442 4071 Sig.

1860 4068 2075 4123 Benno.’
2095 4070 2206 4139 Ego
2228 4068 2765 4140 Adalgerus'rogatus
2795 4068 3003 4139 scripsi
3026 4077 3080 4123 et
3130 4069 3442 4138 subscripsi.

1863 4160 2099 4216 Tradilio
2133 4161 2361 4232 Ludgeri
2394 4163 2449 4217 in
2493 4162 2846 4283 fnuiﬁtggqgint,
2880 4179 2969 4217 seu
3010 4163 3067 4215 in
3112 4160 3355 4217 Seuwald
3392 4171 3444 4216 et

2496 4249 2551 4285 τη
2581 4249 2797 4285 uereisi.

1927 4320 2016 4375 46.
2042 4320 2237 4376 Notum
2265 4322 2382 4377 ﬁeri
2409 4322 2657 4377 omnibus
2678 4323 2947 4388 desidero,
2964 4330 3073 4376 tam
3088 4322 3441 4391 praesentibus

1935 4392 2279 4475 alllnfutill'iS:
2314 4394 2583 4475 quomodo
2612 4408 2711 4475 ego
2758 4394 3054 4475 Ludgcrus,
3096 4392 3237 4447 ﬁlius
3270 4407 3442 4475 qupn—

1895 4476 1982 4515 am
2011 4461 2297 4534 Hrodgeri,
2334 4461 2534 4518 tradidi
2563 4461 2737 4518 amico
2785 4461 2904 4517 meo
2942 4462 3188 4533 Ludgero
3217 4462 3441 4533 presby-

1861 4541 1998 4604 tero,
2026 4534 2391 4604 proremedio
2425 4534 2616 4589 animae
2657 4549 2809 4597 mete,
2842 4542 2895 4586 et
2930 4549 3029 4604 pro
3054 4541 3250 4604 aeterna
3283 4535 3442 4604 retri-

1859 4603 2081 4658 butione
2102 4603 2488 4659 dimidietatem
2508 4604 2836 4659 haereditatis
2857 4603 3007 4663 meae,
3030 4617 3149 4672 quae
3173 4603 3303 4657 mihi
3319 4603 3440 4672 jure

1854 4680 2100 4743 paterno,
2138 4682 2192 4729 et
2218 4674 2336 4744 lege
2370 4675 2708 4731 baereditaria
2748 4675 2803 4727 in
2836 4673 3048 4744 Berilsi,
3075 4679 3129 4727 et
3163 4673 3303 4744 infra
3332 4682 3440 4727 ter-

1854 4744 2034 4799 minos
2061 4744 2151 4814 qui
2178 4743 2303 4800 illuc
2328 4746 2572 4809 attinent,
2611 4745 2665 4798 id
2692 4751 2797 4809 est,
2843 4743 2936 4814 ab;
2969 4743 3159 4814 Emese
3201 4743 3440 4814 adusque

1857 4814 1909 4885 in
1940 4811 2116 4869 locum
2147 4815 2512 4885 supradictum
2542 4813 2783 4883 contigit.
2814 4811 2939 4885 Sed
2969 4823 3023 4867 et
3047 4811 3438 4885 dimidietatem

1855 4884 1905 4937 ei
1944 4886 2140 4939 tradidi
2170 4883 2495 4940 biiareditatis
2532 4900 2703 4939 meai:
2733 4883 2922 4938 eadem
2957 4883 3165 4941 ratione
3209 4883 3264 4937 in
3306 4884 3439 4938 silva

1855 4970 1975 5024 qua:
2024 4956 2220 5011 dicitur
2282 4954 2532 5011 Seuwald
2552 4994 2568 5021 ,
2626 4954 2741 5024 sive
2789 4952 3149 5019 Suifterbant,
3202 4954 3440 5023 exceptis

1859 5026 2023 5095 agris,
2050 5027 2139 5095 qui
2169 5025 2299 5079 inibi
2328 5033 2450 5080 ante
2482 5023 2735 5096 egtirpati
2760 5032 2885 5079 sunt
2908 5040 2939 5079 a
2960 5024 3222 5096 patribus,
3254 5036 3344 5078 aut
3371 5024 3439 5078 ab

1858 5094 2165 5151 hominibus
2224 5096 2442 5150 nostris.
2495 5094 2758 5151 Caeterum
2815 5094 2995 5151 autem
3053 5095 3439 5150 dimidietatcm

1859 5165 1959 5290 ipsi
2021 5165 2265 5248 Ludgero
2310 5166 2623 5249 presbytero
2669 5165 2861 5249 tradidi
2904 5167 2959 5220 in
3007 5164 3280 5246 territorio
3304 5236 3315 5247 .
3324 5166 3437 5235 jam

1895 5244 2023 5290 icto.
2053 5244 2110 5290 et
2136 5251 2187 5289 in
2208 5235 2343 5290 silva
2374 5251 2618 5290 superius
2654 5244 2927 5290 nominata
2962 5250 3086 5290 cum
3120 5250 3265 5289 omni
3301 5244 3437 5289 mte-

1895 5236 2023 5308 ieto,
2053 5244 2110 5290 et
2136 5235 2187 5289 in
2208 5235 2343 5308 silva
2374 5235 2618 5308 superius
2654 5235 2927 5291 nominata
2962 5250 3086 5290 cum
3105 5236 3265 5308 omni
3301 5236 3441 5308 inte-

1858 5306 2077 5376 gritate,
2108 5305 2470 5377 traditamque
2489 5307 2542 5361 in
2565 5316 2883 5378 perpetuum
2904 5321 3023 5378 esse
3037 5305 3182 5378 volo,
3206 5305 3440 5378 etnullis

1859 5375 2098 5457 unquam
2136 5375 2468 5457 temporibus
2512 5375 2952 5457 immutariased
2991 5378 3110 5457 ipse
3154 5375 3439 5457 _I..‘udgerus_

1858 5444 2140 5517 presbyter
2170 5444 2283 5501 hac
2312 5447 2488 5501 omnia
2516 5448 2789 5517 possideat
2825 5447 2949 5517 jure
2991 5444 3355 5517 hmreditario,
3384 5452 3442 5499 et

1859 5515 2161 5586 euicunque
2188 5516 2419 5571 voluerit
2452 5515 2573 5587 post
2604 5515 3010 5587 obitum'suum
3051 5515 3114 5570 ad
3151 5516 3439 5587 utilitatem

1860 5585 2163 5640 animarum
2212 5585 2517 5641 nostrarum
2542 5585 2665 5654 jure
2711 5586 3052 5641 haircditario
3099 5585 3440 5639 commendat

1860 5658 2201 5727 stipulatione
2246 5659 2491 5711 subnixa.
2536 5656 2669 5710 Acta
2709 5666 2792 5711 cst
2839 5667 3019 5712 autem
3066 5655 3439 5727 pulilice__ha:c

1862 5723 2080 5809 traditio
2110 5744 2247 5809 anno
2274 5727 2423 5809 regni
2450 5727 3016 5809 religiosissiminrc'gis.
3049 5723 3225 5809 Caroli
3251 5723 3343 5789 25,
3381 5739 3435 5809 iu

1859 5798 1977 5853 Kal.
2003 5798 2199 5868 Aprilis
2228 5799 2283 5852 in
2307 5795 2432 5853 villa
2472 5795 2592 5867 qua:
2625 5797 2821 5854 dicitur
2847 5795 3318 5867 Bidiningchusum
3345 5808 3438 5848 co-
