4012 6364
525 300 3747 364 W

1755 444 1760 464 ⁵
1797 458 1967 502 ΑΝΝο
2009 455 2238 500 bonum
2282 453 2536 497 ncccrx.

1445 616 2882 785 FARDULFUS

1729 865 2325 924 SANDIONYSIANUS
2359 865 2598 922 ABBAS.

1195 1105 1634 1187 NOTITIA
1691 1107 2244 1188 HISTOBICA
2296 1109 2407 1190 IN
2465 1107 3099 1191 FABDULFUH

1702 1279 1800 1341 (Ex
1821 1279 1978 1332 Gallia
2000 1281 2310 1347 Christiana,
2333 1290 2454 1337 tom.
2479 1283 2617 1348 VII.)

597 1519 885 1579 Fardulfus
918 1531 1115 1590 genere
1159 1503 1583 1589 Longobardus',
1619 1504 1990 1588 capta—Papia
2042 1533 2099 1574 ιιι
2126 1512 2412 1586 Α’ᾶαοίίιιιι
2435 1519 2894 1591 comprimendam
2907 1515 3116 1580 evocati
3131 1516 3367 1588 undique
3387 1515 3763 1586 conﬂuxerant,

530 1615 816 1672 Franciam
847 1611 1110 1667 abductus
1144 1625 1175 1664 a
1202 1608 1397 1664 Carolo
1445 1607 1660 1678 Magno,
1699 1607 1875 1662 eidem
1909 1610 2110 1666 charus
2212 1610 2436 1681 contigit
2491 1611 2770 1666 accidisse.
2825 1608 2926 1665 Hic
2973 1623 3127 1664 sacra
3155 1609 3437 1664 beatorum
3485 1617 3766 1681 martyrum

531 1706 754 1763 effectus
780 1712 861 1759 est
884 1744 899 1769 ,
943 1703 1011 1757 ob
1033 1702 1300 1756 detectam
1323 1699 1533 1770 Pippini
1559 1699 1674 1768 ejus
1697 1701 1794 1754 ﬁlii
1816 1716 1881 1756 ex
1922 1702 2112 1758 Himil—
2210 1703 2436 1772 pignora
2458 1716 2640 1756 secum
2667 1700 2797 1756 ferri
2817 1699 3000 1769 jussus
3022 1697 3218 1764 fuerat,
3254 1707 3311 1754 et
3338 1700 3599 1756 custodes
3635 1701 3768 1757 cleri-

531 1800 689 1854 trude
710 1795 1006 1852 concubina
1029 1792 1456 1864 conjurationem
1486 1807 1500 1845 :
1529 1807 1696 1862 quare
1724 1796 2111 1850 monasterium
2211 1808 2306 1848 cos
2326 1833 2340 1856 ,
2373 1793 2464 1862 qui
2517 1809 2699 1848 secum
2744 1792 3247 1862 proﬁciscebantur,
3297 1793 3375 1847 uti
3425 1792 3507 1848 eis
3551 1793 3766 1850 vicissim

533 1888 706 1948 sancti
730 1885 990 1956 Dionysii,
1018 1883 1313 1954 Maginario
1342 1883 1539 1937 abbate
1561 1890 1793 1947 mortuo,
1817 1883 1866 1937 ei
1891 1882 2112 1939 Carolus
2212 1883 2620 1940 succedentibus
2649 1884 2829 1938 debita
2873 1883 3218 1938 exhiberetur
3249 1882 3454 1954 religio,
3506 1883 3766 1955 delegave-

533 1978 828 2050 rcgendum
873 1976 1174 2041 commisit;
1207 1975 1293 2030 cui
1337 1973 1620 2028 Fa'rdulfus
1667 1984 1726 2030 ut
1767 1989 1825 2030 se
1874 1969 2112 2030 vicissim
2213 1985 2316 2031 rat.
2351 1996 2369 2028 ι
2405 1975 2529 2029 Fuit
2551 1974 2715 2029 etiam
2741 1973 3079 2029 Fardulfuse
3108 1990 3334 2029 numero
3363 1974 3659 2029 missorum
3693 1976 3769 2031 do-

535 2083 744 2141 gratum
775 2069 1074 2131 exhiberet,
1127 2067 1297 2121 aedem
1334 2066 1658 2120 monasterio
1710 2065 2068 2120 adhaerentem
2094 2105 2110 2131 ,
2213 2068 2556 2129 minicorum,
2581 2067 2775 2136 quibus
2797 2065 3021 2120 Carolus
3040 2066 3262 2136 Magnus
3280 2065 3459 2120 varias
3487 2065 3645 2136 regni
3663 2079 3766 2135 pro-

535 2163 708 2217 instar
735 2168 974 2214 veterum
1024 2158 1176 2226 regni
1209 2156 1532 2228 palatiorum
1580 2156 1833 2211 :ediﬁcari
1883 2157 2110 2222 curavit,
2212 2159 2420 2214 vincias
2445 2158 2739 2226 assignavit
2762 2157 3185 2227 perlustrandas,
3226 2167 3288 2213 ut
3307 2158 3451 2229 leges
3478 2165 3600 2212 tam
3626 2157 3768 2212 eccle-

535 2252 588 2306 in
630 2269 733 2321 qua
763 2252 1030 2321 princeps,
1065 2250 1191 2303 dum
1227 2265 1292 2304 eo
1320 2250 1548 2313 veniret,
1581 2265 1702 2302 cum
1726 2249 1838 2303 suis
1875 2250 2116 2319 bospita-
2147 2319 2150 2323 ι
2215 2248 2485 2312 siasticas,
2514 2263 2678 2316 quam
2708 2246 2893 2301 civiles
2922 2246 3192 2317 neglectas
3215 2247 3495 2302 observari
3518 2255 3766 2314 curarent,

536 2344 776 2398 rcturJd
809 2343 920 2412 ipse
944 2348 1174 2396 testatur
1196 2340 1479 2395 Fardulfus
1500 2328 1771 2405 versibus,
1787 2356 1922 2409 quos
1947 2340 2115 2396 Ches-
2209 2341 2404 2412 jusque
2438 2341 2679 2394 dicerent
2705 2355 2768 2394 ac
2790 2339 2856 2394 de
2893 2339 3117 2410 singulis
3161 2341 3228 2394 ad
3274 2341 3447 2409 ipsum
3508 2339 3769 2395 referrent.

538 2434 661 2487 nius
698 2431 863 2487 refert
890 2441 1035 2485 tomo
1074 2429 1116 2483 II
1157 2428 1293 2485 Hist.
1344 2429 1541 2498 Script.
1575 2428 1791 2490 Franc.,
1824 2444 1946 2499 pag.
1989 2428 2112 2492 645,
2215 2433 2359 2488 Idem
2403 2447 2542 2485 anno
2567 2431 2692 2495 797,
2719 2430 2992 2486 tricesimo
3038 2429 3247 2495 Caroli,
3276 2446 3372 2486 xtu
3400 2430 3521 2484 Kal.
3555 2428 3771 2484 Januarii

537 2524 626 2577 ubi
651 2532 702 2577 et
724 2523 902 2594 legere
924 2529 1008 2576 est
1035 2521 1094 2574 Β.
1138 2518 1330 2574 Joanni
1377 2518 1531 2588 Bapt.
1563 2519 1857 2573 oratorium
1902 2520 1969 2574 ab
1998 2521 2114 2590 ipso
2219 2521 2585 2578 Theudaldum
2607 2521 2879 2586 comitem,
2901 2519 3135 2575 Giselam
3156 2533 3396 2575 sororem
3416 2519 3606 2575 Caroli
3623 2519 3771 2590 Magni

540 2625 872 2672 exstructum
903 2613 1144 2669 solvendi
1174 2613 1284 2666 voti
1311 2627 1506 2677 causa,
1556 2614 1698 2681 quod
1740 2613 1895 2667 initio
1939 2612 2114 2668 exsilii
2219 2615 2340 2678 799,
2370 2623 2425 2668 et
2445 2613 2806 2683 Nevelongum
2839 2612 3072 2668 nobilem
3119 2611 3445 2668 Ilasbanium
3468 2612 3604 2676 805,
3631 2613 3769 2668 bene-

538 2709 619 2762 sui
644 2722 701 2762 se
727 2707 938 2762 vovisse
977 2705 1118 2759 idem
1158 2703 1444 2758 Fardulfus
1469 2703 1545 2757 ait
1572 2704 1918 2773 sequentibus
1942 2703 2113 2757 versi-
2218 2705 2350 2760 ﬁcos
2372 2711 2625 2772 expertus
2647 2710 2731 2758 est
2757 2701 2940 2773 (Prob.
2967 2701 3107 2755 Hist.
3147 2699 3206 2757 S.
3235 2701 3420 2766 Diom,
3447 2717 3504 2756 ιι.
3535 2700 3626 2766 64,
3648 2700 3707 2756 65
3727 2709 3772 2756 et

537 2797 657 2852 bus.
693 2797 951 2851 Eumdem
987 2794 1171 2848 laudat
1215 2793 1472 2848 Alcuinus
1501 2793 1686 2863 (carm.
1723 2794 1846 2864 117)
1877 2795 1946 2850 ob
1974 2793 2116 2847 cibo-
2220 2795 2329 2868 66).
2356 2795 2597 2850 Mortuus
2627 2795 2862 2850 creditur
2892 2793 3178 2850 Fardulfus
3211 2809 3351 2850 anno
3390 2795 3641 2865 sequenti
3665 2793 3771 2857 806,

538 2888 674 2939 rium
719 2887 786 2939 ab
827 2900 893 2939 eo
947 2883 1148 2938 factum
1187 2884 1240 2938 in
1271 2885 1384 2938 atde
1432 2885 1775 2955 Dionysiana.
1805 2882 2117 2939 Fardulfum
2149 2877 2197 2938 Β
2223 2887 2309 2942 die
2329 2887 2400 2940 22
2427 2887 2747 2942 decembris.
2775 2886 2946 2956 Ipsius
2970 2887 3322 2957 epitaphium,
3343 2886 3502 2956 quale
3528 2886 3769 2956 sequitur,

539 2976 771 3029 ascitum
800 2990 828 3028 a
863 2974 1056 3029 Carolo
1087 2975 1340 3030 comitem
1371 2976 1426 3030 in
1455 2976 1886 3046 expeditionibus
1913 2975 2118 3032 bellicis
2223 2992 2255 3032 e
2282 2978 2649 3047 manuscripto
2673 2977 2858 3032 codice
2879 2977 3216 3033 bibliothecae
3242 2977 3654 3034 eminentissimi
3674 2991 3774 3032 car-

541 3064 816 3120 Saxonum
853 3065 1130 3120 adnotavit
1158 3067 1582 3136 manuscriptum
1620 3075 1775 3121 vetus
1821 3065 2119 3136 Sandiony-
2224 3071 2420 3126 dinalis
2447 3069 2699 3126 Ottoboni
2722 3071 2863 3126 eruit
2886 3079 3070 3126 noster
3099 3069 3430 3137 Felibianus,
3464 3079 3522 3127 et
3548 3070 3775 3128 Historia

541 3157 750 3211 sianum
773 3156 861 3210 his
888 3156 1067 3211 verbis
1113 3175 1125 3210 :
1173 3174 1192 3207 ‹
1223 3155 1446 3211 Carolus
1481 3155 1722 3226 Magnus,
1761 3173 1881 3212 cum
1917 3157 2116 3212 bellum
2226 3163 2666 3234 Sandionysiame
2686 3163 2894 3218 auexit.

541 3245 802 3302 adversus
851 3246 1092 3302 Saxones
1138 3247 1371 3302 mirabili
1404 3247 1667 3302 industria
1715 3249 2120 3305 administraret
2351 3254 2799 3317 Ecglesitecultor,
2822 3254 2987 3317 largus
3008 3255 3268 3305 miserator
3293 3266 3510 3317 egenum
3545 3297 3550 3301 .

546 3338 629 3392 sui
659 3338 946 3408 presentia
972 3379 986 3404 ,
1029 3338 1338 3393 Fardulfum
1364 3340 1424 3393 B.
1449 3340 1686 3412 Dionysii
1708 3340 1954 3395 abbatem
1986 3342 2127 3396 inter

1856 3348 1954 3394 Lem
1986 3342 2127 3396 imm.
2416 3315 2670 3365 Fardulfus
2690 3316 2864 3388 fuerat.
2889 3315 3194 3388 hocjacetin
3220 3315 3404 3366 tumulo
3427 3332 3440 3368 :

1960 3431 1972 3438 ,
2351 3376 2408 3426 In
2433 3379 2518 3438 hac
2541 3378 2648 3426 aede
2671 3377 2762 3427 Det
2785 3378 2889 3428 tolli
2909 3392 2990 3438 qut
3015 3390 3210 3427 nomine
3232 3377 3366 3426 claro

543 3429 678 3486 alios
701 3470 716 3496 ,
761 3431 853 3500 qui
881 3430 948 3485 ad
982 3429 1260 3485 ferendum
1290 3431 1498 3501 pondus
1529 3432 1723 3502 praelii,
1751 3443 1807 3486 et
1831 3431 2006 3505 gentis
2037 3447 2129 3487 auo
2416 3437 2638 3488 Etet-nis
2661 3443 2842 3490 meruit
2862 3429 3088 3490 laudibus
3111 3451 3169 3490 ac
3191 3441 3438 3502 precibus.

1427 3704 2128 3821 FARDULFI
2220 3706 2902 3828 CARMINA.

1507 3901 1669 3963 (Apud
1690 3900 1755 3952 D.
1774 3901 2044 3965 Bonquet.,
2071 3903 2266 3955 Rccueit
2285 3905 2372 3958 des
2394 3905 2547 3971 Βία..
2584 3916 2704 3961 tom.
2727 3909 2818 3974 ν.)

1941 4035 2377 4056 ἡ

1313 4115 1354 4170 ι,
2225 4117 2375 4175 Hanc
2399 4121 2732 4180 benefactori
2755 4129 3059 4184 construxit
3086 4131 3343 4201 providus
3367 4133 3562 4201 :edem,

812 4235 998 4291 Versus
1035 4234 1093 4290 S.
1117 4232 1361 4303 Dionysii
1387 4230 1582 4286 (edibus
1608 4230 1868 4303 inscripti.
2224 4298 2244 4303 _
2292 4209 2352 4264 Ῑο
2373 4228 2479 4282 qua
2509 4230 2634 4269 cum
2663 4215 2880 4274 famulis
2898 4221 3129 4290 εειυίιεει
3157 4223 3271 4292 ipse
3304 4227 3436 4281 Silis-

549 4346 791 4404 Culmina
819 4346 1062 4402 cernenti
1102 4298 1290 4401 lectori
1321 4344 1499 4398 littera
1521 4361 1738 4414 prome;
1772 4298 1782 4303 ⁷
2146 4325 2194 4387 C
2224 4298 2682 4414 ἰρξθξίξξξξέξῖίβ
2700 4347 2723 4414 ’γ
2743 4308 2866 4364 ﬁdei
2893 4326 3028 4414 ‘1“?5
3055 4313 3266 4414 Ῠίυοιιιτξ
3293 4325 3552 4383 ηθεῑωιῑ,

617 4391 1738 4493 ἕέἑὲιζιᾶῖέ’Εξιῖδιὶἶέὸῖᾱίἐιὲῖἷέῐριέιῖξῗ⁷
2223 4480 2271 4493 __
2293 4391 2559 4448 ιωιίιίαω
2578 4397 2828 4469 princeps
2849 4403 3089 4469 ppepee
3121 4405 3474 4477 armipotens.

2222 4480 2368 4538 More
2399 4493 2575 4540 tamen
2614 4495 2855 4544 veterum
2883 4507 3208 4565 consurgere
3242 4495 3406 4565 jussit
3431 4513 3665 4556 avorum

2291 4573 2558 4641 Culmina,
2583 4579 2900 4650 praefulgent
2924 4586 3067 4656 regis
3092 4587 3298 4643 honore
3327 4591 3520 4646 domus
3551 4608 3568 4645 :

2228 4659 2296 4716 Ut
2330 4665 2542 4732 quoties
2577 4669 2727 4739 regni
2751 4672 3011 4740 przeclara
3039 4675 3241 4745 palatia
3273 4678 3490 4749 lustrat,

2295 4753 2532 4812 Fardulﬁ
2557 4757 2744 4817 famuli
2768 4763 2840 4819 sit
2868 4780 3076 4823 memor
3104 4767 3195 4824 ille
3221 4770 3325 4826 sui.

547 4531 713 4598 Quem
735 4530 1025 4600 quondam,
1057 4529 1289 4600 propriae
1315 4526 1489 4582 fuerat
1520 4527 1644 4582 dum
1668 4533 1881 4596 sceptra
1903 4536 2121 4580 secutus

615 4621 820 4687 Gentis,
851 4621 906 4675 in
929 4623 1182 4675 adversas
1210 4618 1319 4672 fata
1345 4618 1514 4673 tulere
1534 4619 1668 4672 vias.

545 4713 792 4768 Attamen
821 4712 908 4767 hic
931 4710 1053 4766 ﬁdei
1079 4711 1308 4766 dominis
1333 4709 1566 4764 servavit
1588 4709 1867 4772 honorem,

618 4801 716 4858 His
737 4803 885 4872 regni
915 4801 1160 4871 quamvis
1185 4801 1376 4856 ultima
1402 4807 1543 4855 meta
1573 4799 1732 4854 foret.

549 4889 790 4946 Tandem
820 4891 1051 4946 rectoris
1070 4890 1246 4947 Caroli
1275 4890 1522 4945 felicibus
1550 4888 1718 4943 armis
2973 4879 3037 4934 ll.

622 4979 815 5046 Cessit,
844 4990 900 5036 et
927 4981 981 5035 in
1006 4981 1198 5037 melius
1219 4980 1331 5037 fors
1353 4981 1455 5035 sibi
1484 4980 1647 5034 cessit
1687 4978 1806 5032 iter.
2713 4986 2815 5041 Alii
2841 4987 3088 5061 Fardulﬁ
3123 5009 3317 5049 veruta.

550 5070 684 5126 Huic
721 5086 934 5141 quoque
968 5071 1094 5126 dum
1134 5085 1160 5113 ι
1192 5070 1316 5126 ﬁdei
1347 5070 1578 5125 salvaret
1605 5082 1827 5158 munera
1860 5067 1992 5138 regi,
2228 5071 2380 5129 Hanc
2419 5074 2536 5141 tibi,
2564 5091 2866 5147 praecursor
2891 5081 3139 5148 Domini,
3181 5084 3466 5142 Fardulfus
3489 5086 3743 5158 opimam

617 5161 732 5214 Rex
759 5160 860 5216 sibi
888 5161 1176 5230 pmcelsus
1204 5160 1434 5230 plurima
1465 5160 1602 5214 dona
1638 5157 1804 5242 dedit.

2227 5167 2476 5224 Condidit
2501 5179 2747 5226 ornatam
2777 5173 2972 5230 divinis
2999 5176 3233 5233 cultibus
3261 5181 3469 5245 aulam,

549 5257 695 5309 Inter
722 5269 843 5324 quae
870 5257 1040 5310 sancti
1077 5257 1300 5325 Dionysi
1321 5263 1497 5309 rector
1524 5261 1584 5308 ut
1609 5255 1743 5308 aulae
2227 5259 2364 5314 Vota
2393 5261 2491 5315 tibi
2518 5261 2776 5328 reddens,
2809 5265 3029 5335 supplex
3054 5283 3173 5337 qua:
3199 5279 3420 5326 voverat
3447 5271 3609 5340 olim,

624 5346 807 5400 Fieret
836 5345 1054 5401 indulsit
1079 5348 1335 5418 paciﬁcus
1355 5346 1599 5400 Carolus.
2229 5347 2415 5406 Exsilii
2442 5351 2676 5422 primum
2704 5356 2868 5425 capit
2895 5357 3022 5413 dum
3052 5375 3211 5416 nosse
3241 5361 3500 5418 laborem.

623 5490 646 5515 η
689 5477 842 5554 Quod
867 5478 1059 5554 de‘sua
1086 5478 1141 5554 in
1183 5478 1431 5554 Carolum
1461 5481 1564 5554 ﬁde
1591 5489 2006 5554 commemorat,
2057 5483 2125 5537 ad
2229 5492 2284 5540 et
2309 5483 2527 5540 disertis
2571 5486 2750 5542 verbis
2791 5488 2846 5543 in
2887 5488 3155 5548 Chronico
3202 5502 3429 5550 testatur
3457 5496 3811 5554 EinhardhutI

553 5547 760 5625 Pippini
789 5548 1400 5625 nostriconjuratiopcm
1423 5551 1807 5625 conferendum
1837 5561 1950 5625 est,
1961 5567 2123 5625 quam
2228 5569 2368 5609 anno
2398 5555 2518 5610 792.
2553 5555 2874 5614 διιιιιοιωυε.
2919 5589 2992 5604 —
3033 5547 3177 5619 Obiit
3211 5547 3810 5625 rapidior—53333666

554 5635 580 5670 a
611 5616 862 5674 Fardnlfo
885 5616 1175 5686 detectum,
1201 5629 1253 5675 et
1277 5621 1586 5696 Dionysiani
1607 5622 1843 5681 Annales
1864 5616 2122 5690 indicant,
2230 5633 2323 5681 aut
2343 5625 2676 5697 insequente.

3913 1056 3919 1260 \
