4012 6364
131 354 242 411 855

1414 340 1684 406 ΝΟΤΙΤΙΑ
1718 346 2099 407 HISTORICA.

3262 357 3369 415 854

131 476 200 530 de
225 467 677 544 archicapella_no,
699 462 831 544 _sive
866 466 932 544 de
956 466 1171 544 secundi
1199 466 1402 544 ordinis
1431 465 1706 544 capellaiiu
1734 474 1781 533 Α
1807 478 2063 544 protecta:
2083 470 2356 544 potentiae
2399 469 2794 544 exaltationem.
2846 472 2990 528 Inter
3030 491 3150 544 qua:
3204 478 3371 537 edidi;

129 535 527 610 interpreteris.
568 537 743 610 Testis
767 536 922 610 ea_t_l_e
944 551 1001 589 re
1027 536 1343 610 llincniarus
1371 537 1424 610 in
1453 535 1706 610 opusculo

129 614 199 668 M
230 606 300 665 de
328 610 514 664 ordine
541 608 721 675 palatii
748 623 814 661 ex
841 606 977 660 libro
1010 606 1295 659 Adalbardi
1344 607 1553 675 abbatis
1577 608 1705 659 Cor-

128 682 413 743 beiensis;
454 674 578 732 nam
609 678 661 731 in
713 677 866 731 istius
898 676 1138 745 Opusculi
1169 692 1287 745 cap.
1324 674 1409 738 14,
1452 690 1613 744 agens
1641 676 1706 728 de

129 749 658 823 apocrisiario,‘btec
682 747 824 823 inter
848 747 951 799 alia
981 746 1204 823 effatur:
1241 763 1259 795 ‹
1291 745 1591 823 Aliquando
1612 760 1708 813 per

127 815 902 892 episcopcsLaliquﬂando_vero
926 831 1021 885 per
1037 816 1291 892 diaconos
1313 815 1600 892 apostolica
1624 830 1706 869 se-

127 884 223 946 das
251 884 359 945 hoc
387 884 567 943 olIicio
591 884 999 957 fungebatur...
1034 885 1101 938 Et
1122 886 1173 938 in
1199 884 1592 957 hisibisalpinis
1624 900 1706 957 ref

164 961 419 1037 ionibus,
455 954 755 1037 postquam
803 956 1101 1010 Ludovicus
1146 956 1522 1037 praedicatione
1564 954 1706 1007 beati

174 1031 366 1100 emigii
403 1030 467 1081 ad
497 1028 770 1082 Christum
800 1041 1155 1100 conversus...
1206 1028 1427 1089 exstitit,
1470 1040 1566 1100 per
1588 1039 1707 1078 suc-

126 1096 408 1155 cessiones
439 1113 622 1167 regum
652 1097 823 1151 sancti
867 1096 1100 1167 episcopi
1144 1110 1209 1167 ex
1239 1110 1351 1147 suis
1392 1096 1607 1167 sedibus
1637 1103 1706 1167 _et

125 1182 375 1240 tempore
420 1164 742 1240 competenti
805 1166 1061 1240 palatium
1106 1164 1422 1240 visitantes,
1471 1164 1706 1217 vicissim

127 1236 267 1295 hanc
325 1238 849 1292 administrationem
904 1236 1299 1303 disposuerunt.
1364 1237 1410 1287 A
1468 1243 1707 1303 tempore

125 1326 252 1367 vero
281 1309 499 1379 Pippini
530 1318 583 1379 et.
611 1305 789 1360 Caroli
816 1305 1081 1379 interdum
1112 1320 1208 1373 per
1232 1308 1594 1379 presbyteros,
1626 1304 1706 1356 in-

126 1375 468 1447 terdum'per
494 1378 772 1447 episcopos
796 1375 962 1447 regia
1000 1376 1273 1447 voluntate
1314 1383 1473 1447 atque
1502 1376 1707 1442 episco-

125 1450 227 1519 pali
254 1444 560 1525 conseiisu';
612 1444 926 1525 [interdum]
956 1460 1052 1513 per
1072 1444 1443 1525 diaconosmvel
1480 1447 1703 1514 presby-

127 1513 267 1574 teros
294 1519 471 1588 magis
500 1513 660 1588 quam
702 1513 1112 1588 per‘episcopos
1141 1515 1243 1567 boc
1270 1513 1509 1588 otliciuin
1545 1529 1702 1588 use-

124 1598 305 1644 cut-im
349 1583 577 1642 exstitit.
633 1583 1032 1654 Apocrisiarius
1071 1593 1270 1647 autem,
1300 1604 1318 1635 ι
1379 1585 1455 1636 uti
1499 1583 1705 1654 ipsein

126 1660 294 1728 capite
326 1658 395 1711 16
430 1657 627 1728 subdit,
676 1653 723 1709 is
746 1663 882 1728 erat,
918 1673 936 1704 ι
973 1670 1131 1728 quem
1172 1662 1436 1728 nostrates
1470 1653 1702 1728 capella-

125 1724 247 1782 iiu'm
266 1728 357 1782 vel
373 1727 557 1796 palatii
570 1724 1123 1796 icustodemappellant
1142 1745 1159 1775 ι
1184 1738 1197 1775 :
1217 1725 1306 1792 qui
1330 1742 1347 1773 ‹
1367 1740 1579 1796 omnem
1597 1724 1705 1777 cle-

126 1814 237 1851 rum
266 1795 459 1866 palatii
504 1795 601 1849 sub
626 1811 754 1849 cura
799 1804 853 1849 et
884 1795 1229 1864 dispositione
1270 1811 1362 1847 sua
1402 1795 1637 1863 regebat.
1679 1813 1697 1844 i
1733 1832 1780 1892 Β

126 1866 233 1916 Non
260 1884 397 1916 ergo
426 1883 492 1916 ex
522 1866 779 1916 canellani
810 1865 1069 1916 dignitate
1100 1874 1243 1916 recte
1275 1864 1491 1916 inferas.
1524 1864 1705 1916 Antiil-

125 1866 233 1920 Non
260 1864 397 1937 ergo
426 1883 493 1921 ex
522 1866 785 1937 capellani
810 1865 1069 1934 dignitate
1100 1874 1243 1937 recte
1275 1864 1491 1929 inferas,
1524 1864 1659 1930 Angi

125 1935 349 1991 bertum'
384 1938 550 1991 fuisse
603 1936 976 2000 sacerdotem;
1037 1935 1298 2002 siquidem
1352 1951 1414 1989 eo
1466 1946 1703 2001 tempore

125 2009 337 2075 quidam
368 2007 630 2076 capellani
669 2006 1019 2076 erant-solum
1049 2006 1278 2059 diaconi.
1316 2004 1499 2073 Neque
1539 2004 1702 2076 etiam

126 2073 173 2129 id
200 2073 497 2148 colligi_ex
536 2076 789 2148 abbatia_li
816 2073 1072 2148 dignitate
1114 2083 1326 2148 potest:
1365 2090 1487 2148 nam
1517 2082 1569 2126 et
1602 2074 1703 2148 Pa:

126 2143 367 2201 scbasius
391 2146 697 2199 Radbertus
724 2144 1064 2199 Corbeieiisis
1090 2143 1274 2207 abbas,
1319 2153 1372 2197 et
1400 2144 1581 2212 plures
1609 2143 1701 2197 alii

127 2217 360 2277 abbates,
394 2215 741 2270 sacerdotalis
768 2215 971 2269 ordinis
992 2225 1238 2284 expertes
1260 2224 1430 2268 erant.
1466 2214 1703 2282 Denique

125 2287 173 2338 in
198 2287 414 2340 Alcuiiii
445 2285 704 2354 epistolis,
754 2284 842 2337 ubi
870 2285 1123 2353 frequens
1153 2285 1446 2353 Angilbcrti
1479 2290 1697 2348 mentio,

124 2356 381 2426 presbyter
409 2370 673 2426 nusquam
702 2354 1028 2426 appellatur;
1060 2371 1219 2424 quam
1260 2366 1438 2426 tamen
1457 2354 1697 2426 appella-

126 2424 312 2479 tionem
343 2426 606 2479 Alcuinus
632 2425 683 2477 in
714 2425 901 2493 primis
924 2426 1229 2493 exprimere
1256 2424 1411 2477 solet.
1438 2424 1615 2491 Atque
1641 2431 1700 2477 ut

123 2497 368 2550 sacerdos
394 2496 559 2549 fuerit
584 2496 667 2546 vir
692 2506 930 2558 sanctus,
964 2510 1068 2548 non
1112 2502 1286 2547 tamen
1314 2496 1382 2547 ad
1419 2508 1541 2547 eum
1572 2509 1697 2563 gra-

124 2565 244 2635 dum
275 2574 557 2635 promotus
588 2564 753 2635 fuisse
772 2564 1034 2635 dicendus
1065 2572 1163 2635 est,
1190 2574 1319 2635 ante
1331 2564 1699 2635 monasticam

122 2633 529 2703 professionem,
564 2634 901 2705 quidquidin
935 2634 1265 2688 contrarium
1291 2633 1434 2705 dicat
1460 2634 1701 2705 Anscbe-

122 2720 234 2767 rus,
270 2714 415 2759 ratus
459 2705 641 2758 forsan
679 2704 842 2773 (quod
867 2718 1054 2757 verum
1094 2720 1201 2757 nou
1226 2703 1330 2757 esti
1353 2703 1699 2772 Capellanum

124 2776 271 2837 regis
294 2776 495 2828 nullum
515 2773 700 2837 fuisse,
732 2774 834 2827 nisi
858 2775 1208 2828 sacerdotem.

235 2844 287 2896 4.
312 2844 696 2914 Symphoriano
716 2844 909 2898 abbate
925 2852 1157 2907 mortuo,
1188 2842 1533 2914 Angilbertus
1554 2856 1699 2896 com-

124 2912 378 2983 munibus
406 2912 783 2983 monachorum
833 2914 990 2977 votis,
1036 2912 1301 2983 probante
1330 2912 1521 2966 Carolo
1550 2927 1694 2983 rege,

122 2982 430 3052 dignitatem
454 2984 588 3037 iniit.
629 2984 683 3036 ld
706 2982 905 3036 factum
933 2992 1061 3052 puto
1089 2999 1227 3037 anno
1251 2982 1371 3045 795,
1405 2984 1563 3035 tertio
1586 2982 1698 3036 fere

121 3066 260 3106 anno
288 3054 355 3106 ab
392 3056 635 3123 ingressu
669 3056 999 3106 monasterii.
1031 3054 1420 3123 Argumentum
1447 3066 1599 3105 sumo
1630 3067 1697 3104 ex

118 3124 350 3193 ecquod
393 3122 540 3179 inea
584 3124 848 3193 legatione
892 3138 1049 3191 quain
1095 3137 1234 3175 anno
1263 3122 1367 3175 792
1414 3136 1697 3191 aggressus

122 3201 200 3245 est
248 3192 519 3259 Romam,
566 3192 904 3247 ut’Felicem
956 3192 1338 3261 Orgellitanum
1389 3196 1695 3260 episcopum

120 3261 383 3317 haereseos
418 3264 725 3333 Ratisponaa
751 3263 1052 3317 convictum
1084 3263 1374 3333 deduceret
1422 3284 1439 3310 ι
1476 3263 1543 3333 ad
1564 3277 1699 3331 prai-

117 3334 344 3386 sentiam
376 3331 593 3387 Adriani
625 3349 793 3403 papce,
827 3353 845 3384 i
896 3333 1132 3385 nonduin
1176 3332 1342 3385 abbas
1379 3331 1696 3403 appellatur,

118 3404 205 3455 sed
237 3406 385 3456 nudo
404 3404 621 3458 nomine
642 3401 987 3472 Aiigilbertus
1014 3419 1028 3467 ;
1058 3417 1199 3455 anno
1226 3416 1353 3454 vero
1382 3401 1483 3472 794
1512 3403 1565 3454 in
1595 3402 1698 3455 alia

115 3472 382 3542 legatione
423 3474 490 3527 ad
530 3475 701 3543 ipsum
735 3471 1025 3526 Adrianum
1052 3474 1107 3525 in
1145 3486 1304 3525 causa
1334 3471 1573 3539 septimae
1606 3486 1697 3541 sy-

114 3544 266 3605 nodi,
299 3556 425 3595 eum
455 3544 717 3596 Adrianus
751 3543 1120 3612 Eiigilbertum
1144 3542 1391 3612 abbatem
1417 3550 1590 3612 vocat.

181 3612 273 3665 15.
307 3612 513 3683 Quippe
544 3621 651 3667 tres
674 3613 791 3682 lego
821 3610 1163 3683 illustrisviri
1190 3610 1483 3683 legationes
1504 3610 1701 3683 Roma-

112 3697 225 3745 nas,
266 3679 614 3751 quas'onines
634 3679 916 3737 exsecutus
938 3690 1021 3737 est
1039 3679 1150 3748 jam
1176 3680 1486 3735 monachus.
1518 3680 1698 3751 Prima

113 3753 163 3805 in
186 3749 355 3806 causa
388 3753 581 3807 Felicis
608 3767 749 3807 anno
782 3752 903 3817 792,
946 3762 1001 3805 ut
1021 3750 1133 3818 jam
1158 3751 1359 3804 dictum
1383 3760 1483 3804 est.
1512 3749 1696 3803 Anna-

112 3822 187 3875 les
228 3822 521 3877 Loiseliani
552 3824 617 3876 ad
650 3838 770 3877 eum
815 3838 1054 3875 annum:
1098 3842 1115 3871 ‹
1148 3820 1379 3875 Ηωτεεὶε
1425 3820 1697 3875 Feliciana

112 3893 344 3959 primum
378 3894 580 3955 audita,
604 3904 658 3947 et
680 3894 730 3945 in
746 3892 1125 3961 Reganesburg
1148 3892 1323 3959 primo
1343 3892 1697 3945 condemnata

114 3970 227 4024 est;
276 3979 444 4031 quem
468 3962 809 4033 Angilbertus
835 3962 899 4014 ad
925 3970 1265 4033 praesentiam
1308 3961 1530 4033 Adriani
1566 3975 1694 4030 apo-

113 4030 605 4086 SWHCihddUXlLVI
657 4032 733 4085 lta
762 4032 879 4085 Vita
914 4032 1090 4085 Caroli
1130 4040 1348 4084 auctore
1385 4030 1611 4094 incerto,
1643 4038 1698 4084 et

114 4100 210 4155 alia
249 4112 481 4156 auctore
512 4102 773 4156 monacho
804 4102 1192 4155 Ecolismensi:
1239 4101 1431 4168 quibus
1476 4102 1695 4155 totidem

115 4172 286 4240 verbis
317 4173 619 4226 concordat
645 4172 850 4240 Regiiio
871 4173 925 4224 in
954 4172 1238 4225 Chronico.
1289 4172 1531 4225 becunda
1554 4171 1697 4240 lega-

110 4239 179 4312 t_io
216 4241 455 4311 contigit
493 4258 635 4297 anno
662 4239 782 4307 79$,
830 4258 936 4312 quo
979 4242 1201 4297 Carolus
1246 4241 1425 4293 habito
1462 4239 1697 4294 Franco-

110 4309 233 4364 furti
260 4309 502 4366 concilio
538 4312 703 4366 libros
749 4309 981 4381 qua—tuor
1010 4312 1265 4366 adversus
1291 4312 1572 4381 septimam
1604 4325 1693 4379 sy-

109 4382 303 4435 nodum
355 4382 423 4452 de
469 4382 707 4436 colendis
741 4382 1063 4452 imaginibus
1087 4381 1261 4435 editos
1287 4383 1355 4433 ad
1401 4380 1694 4452 Adrianum

106 4466 294 4523 papam
325 4451 479 4505 misit
506 4467 611 4523 per
638 4450 1005 4523 Angilbei'tuin
1034 4491 1048 4516 ,
1092 4466 1203 4523 per
1226 4465 1384 4519 quem
1416 4450 1691 4523 Adrianus

106 4521 291 4591 Carolo
345 4520 627 4590 rescripsit
655 4520 933 4591 epistolam
958 4522 1073 4575 haec
1094 4520 1260 4574 verba
1287 4520 1685 4591 continentem:
1720 4522 1771 4582 Ι)

110 4607 126 4639 ι
152 4588 434 4645 Praeterea
457 4588 716 4645 directum
742 4608 773 4645 a
798 4601 975 4646 vestra
997 4591 1411 4644 clementissima
1434 4590 1690 4659 pnceelsa

104 4662 263 4731 regali
310 4663 561 4731 potentia
604 4662 937 4731 suscepimus
977 4661 1187 4714 fidelem
1232 4660 1551 4714 familiarem
1599 4676 1691 4715 ve-

103 4738 286 4801 strum,
336 4731 589 4785 videlicet
618 4732 982 4801 Eiigilbertum
1012 4731 1258 4785 abbatem
1304 4742 1359 4785 et
1383 4731 1689 4784 ministrum

100 4800 338 4870 capellae,
377 4801 467 4869 qui
489 4817 624 4870 pene
648 4800 719 4855 ab
745 4802 872 4869 ipsis
901 4800 1137 4854 infantia:
1165 4801 1480 4854 rudimentis
1506 4802 1560 4853 in
1589 4817 1687 4869 pa-

101 4867 223 4923 latio
252 4867 448 4924 vestro
471 4867 736 4925 enutritus
761 4867 864 4936 est,
913 4880 967 4924 et
990 4873 1042 4924 in
1068 4872 1317 4925 omnibus
1345 4867 1690 4925 consiliis—ve-

102 4940 224 5009 stris
265 4950 567 5009 receptus:
619 4949 677 4994 ut
718 4942 836 4996 ideo
866 4941 1003 4996 sicut
1031 4958 1061 4994 a
1087 4941 1238 4995 vobis
1274 4941 1328 4993 in
1365 4942 1510 4994 omni
1535 4941 1691 4994 fami-

102 5007 342 5081 liaritate
373 5007 651 5081 recipitur,
684 5012 755 5065 ita
786 5021 889 5065 eta
910 5012 1063 5065 nobis
1093 5012 1451 5080 reciperetur,
1476 5020 1530 5064 et
1566 5027 1695 5066 con-

100 5079 366 5134 decenter
398 5079 772 5135 honoraretur.
823 5082 972 5137 Unde
998 5097 1096 5150 pro
1131 5079 1294 5134 nimio
1320 5096 1504 5136 amore
1533 5098 1693 5150 quem

98 5162 221 5223 erga
261 5158 513 5204 vestram
550 5152 853 5205 melliﬂuam
884 5157 1121 5223 gerimus
1162 5151 1394 5221 regalem
1416 5153 1691 5223 excellen-

98 5221 250 5285 tiam,
304 5223 458 5275 sicut
494 5223 717 5277 misistis
742 5264 755 5286 ,
799 5221 917 5276 cum
964 5223 1129 5276 nimio
1168 5236 1353 5275 amore
1396 5222 1695 5276 dulCedinis

96 5292 316 5363 eximia:
366 5306 489 5345 eum
521 5293 900 5363 suscipientes,
945 5302 1103 5361 prout
1142 5291 1332 5357 voluit,
1375 5301 1430 5345 et
1466 5293 1697 5361 qualiter

97 5362 305 5426 voluit,
363 5376 485 5415 cum
521 5362 712 5433 magna
759 5363 1123 5417 familiaritate
1154 5364 1306 5416 nobis
1347 5373 1693 5417 enarrantem

95 5444 227 5485 aure
255 5432 517 5501 placabili
565 5432 631 5488 et
659 5434 890 5502 benigna
931 5449 1052 5487 eum
1080 5432 1429 5501 suscepimus,
1463 5443 1517 5485 et
1536 5435 1691 5501 quasi

97 5510 282 5572 vestra
308 5503 583 5572 corporali
607 5504 919 5559 excellentia
949 5503 1102 5557 nobis
1131 5511 1405 5569 narrante,
1447 5515 1690 5557 nostrum

95 5570 143 5623 ei
197 5570 513 5639 patientius
560 5576 881 5630 credidimus
931 5574 1231 5637 consilium,
1280 5573 1345 5626 ad
1391 5573 1690 5641 profectum

96 5654 313 5696 sancta:
361 5654 560 5700 nostra:
594 5647 847 5700 Romanae
884 5646 1165 5710 Ecclesiae,
1204 5653 1258 5698 et
1300 5654 1493 5699 vestrae
1520 5660 1551 5697 a
1582 5645 1691 5699 Deo

1808 540 1964 614 nobis
1981 540 2278 614 capitulare
2294 541 2554 614 adversas
2568 542 2826 611 synodum
2849 560 2965 612 qua:
2984 540 3082 614 pro
3101 563 3374 606 sacrarum

1809 610 2384 687 iinaginuiii_erecti0ii_e
2414 610 2669 687 tamen
2703 621 2817 665 acta
2845 610 2945 668 est.
2985 610 3136 670 Unde
3163 633 3259 687 pro
3288 635 3377 675 ve-

1808 680 2189 755 st_ra_melliﬂua
2216 682 2379 750 regali
2417 680 2699 755 dilectione
2727 699 2823 751 per
2846 680 3259 755 unumquodque
3289 704 3378 745 ca-

1806 749 2037 836 pitulum
2083 749 2393 836 responsum
2444 749 2789 836 reddidimus.
2828 775 2843 803 ι
2888 755 2965 836 Ex
3006 749 3196 836 quibus
3226 768 3374 836 patet

1807 832 1912 901 quo
1932 820 1992 901 _ii_i
2025 820 2142 875 loco
2182 822 2319 901 appd
2344 820 2589 901 Caroluin
2622 820 3058 901 Magnumfuerit
3091 820 3375 901 venerabi-

1806 887 1873 941 lis
1898 890 2062 944 abbas
2085 910 2097 943 :
2138 887 2231 945 cui
2252 889 2473 943 Romam
2501 887 2729 944 abeunti
2745 892 3001 949 Alcuinus
3026 897 3241 950 nomine
3280 914 3376 953 suo

1806 961 2286 1034 commcndatqrias
2326 961 2393 1034 ad
2434 960 2942 1034 Adrianumpapam
2970 965 3117 1019 dedit
3150 966 3373 1034 litteras,

1807 1042 1925 1097 qua:
1971 1030 2106 1097 apud
2151 1030 2436 1083 Chesnium
2472 1031 2659 1083 ordine
2696 1030 2763 1084 65
2793 1030 3073 1087 habentur.
3110 1035 3184 1088 De
3216 1030 3375 1092 tertia

1806 1098 2175 1173 legationeita
2206 1100 2394 1173 scribit
2416 1099 2750 1173 Eginhardus
2775 1120 2785 1153 :
2821 1120 2838 1151 ί
2868 1103 3023 1157 Anno
3045 1105 3144 1159 796
3169 1105 3374 1173 Romae,

1805 1168 2043 1244 Adriano
2058 1170 2327 1234 defuncto,
2355 1168 2477 1244 μω
2501 1171 2866 1244 pontificatum
2896 1177 3148 1244 suscepit,
3175 1184 3227 1229 et
3252 1168 3376 1231 mox

1806 1237 2132 1307 perlegams
2160 1255 2285 1291 suos
2328 1237 2516 1291 claves'
2540 1239 2888 1295 confessionis
2926 1237 3095 1297 sancii
3127 1237 3269 1299 Petri
3313 1261 3377 1300 ac

1807 1308 2057 1386 vexillum
2104 1308 2359 1386 Romana:
2398 1309 2551 1386 urbis
2584 1325 2704 1363 cum
2751 1310 2868 1386 aiiis
2912 1315 3224 1386 muneribus
3262 1316 3376 1386 regi

1808 1378 1988 1452 i_iiisit:
2040 1380 2348 1452 rogavitque
2390 1387 2460 1452 ut_
2484 1379 2714 1452 aliquem
2767 1382 2832 1452 de
2875 1384 2985 1436 suis
3030 1378 3377 1452 optimatibus

1807 1445 2031 1517 Romam
2061 1445 2329 1511 mitteret,
2375 1448 2464 1515 qui
2495 1445 2747 1517 populum
2783 1445 3081 1505 Romanum
3111 1454 3175 1505 ad
3222 1469 3375 1509 suam

1807 1516 1962 1587 iidem
2005 1524 2164 1586 atque
2190 1516 2579 1587 subiectionem
2610 1534 2706 1585 per
2748 1531 3083 1575 sacramenta
3111 1522 3373 1577 firmaret.

1808 1585 1998 1656 Missus
2025 1585 2107 1640 est
2134 1595 2198 1640 ad
2228 1585 2327 1641 hoc
2354 1588 2693 1656 Engilbertus
2722 1590 2805 1643 abi
2827 1606 2886 1644 as
2914 1594 3224 1646 monasterii
3254 1610 3377 1647 san-

1806 1655 1877 1708 cti
1905 1655 2176 1720 Ricliarii;
2228 1672 2325 1725 per
2364 1655 2523 1725 quem
2549 1658 2707 1711 etiam
2753 1669 2877 1713 tunc
2916 1662 2982 1714 ad
3012 1672 3251 1715 sanctum
3280 1663 3380 1717 Pe-

1806 1733 1957 1799 iruni
1988 1741 2235 1799 magnam
2282 1728 2792 1799 partemuthesauri,
2836 1745 2994 1799 quem
3040 1732 3228 1785 Ericus
3271 1733 3378 1787 dux

1806 1794 2193 1882 Forojulierisisi
2228 1794 2449 1865 spoliata
2481 1796 2754 1882 Hiino'rum
2797 1794 2961 1881 regia,
3010 1817 3129 1882 qua;
3177 1803 3379 1882 Ringus

1808 1877 2047 1939 vocatur,
2072 1868 2281 1939 eodem
2330 1882 2489 1939 anno
2517 1867 2896 1939 dehPaniionia
2934 1867 3043 1939 regi
3090 1867 3375 1938 detulerat,

1804 1936 1969 2005 niisn.
1990 1957 2025 2005 λ
2071 1937 2210 1989 ldem
2256 1936 2449 2005 legitur
2479 1937 2529 1989 in
2561 1937 2679 1990 aliis
2704 1936 3373 2005 Annalilius'Francorum.

1803 2004 1938 2070 Quid
1967 1994 2162 2073 [ﬁteter
2197 2021 2258 2060 ea
2290 1994 2508 2059 Romani
2538 2002 2889 2074 proficiscenti
2922 2010 2973 2061 in
2998 1994 3378 2066 mandatisde-V-

1802 2075 1943 2148 derit
1970 2075 2215 2148 Carolus,
2243 2076 2462 2145 exponit
2509 2077 2715 2148 Alcuini
2751 2078 2974 2147 epistola
3016 2092 3042 2119 α
3072 2080 3237 2148 ipsius
3274 2080 3376 2135 Ca-

1803 2145 1905 2218 roli
1929 2146 2149 2218 nomine
2166 2145 2394 2218 Homero
2418 2147 2738 2218 auricuiurio
2762 2145 3026 2215 porrecta,
3055 2145 3108 2202 in
3134 2166 3237 2218 qua
3265 2152 3379 2207 haec

1801 2217 1998 2268 verba:
2044 2234 2061 2265 ι
2092 2216 2279 2289 Divina
2310 2223 2523 2289 regente
2554 2217 2923 2271 misericordia
2947 2216 3225 2289 iterum—et
3248 2236 3376 2289 pro-

1802 2300 1955 2352 spere
1988 2294 2037 2339 te
2063 2285 2357 2339 adducente
2390 2286 2458 2339 ad
2492 2285 2748 2339 doninum
2782 2288 3131 2355 apostolicum
3162 2285 3374 2345 Patrem

1799 2363 2041 2407 nostrum
2066 2396 2079 2418 ,
2118 2356 2407 2409 admoneas
2452 2368 2574 2407 eum
2606 2356 2891 2426 diligenter
2926 2358 2992 2411 de
3037 2360 3181 2412 omni
3214 2360 3379 2414 hone-

1799 2433 1937 2478 state
1962 2426 2084 2477 vita:
2113 2440 2223 2479 suae
2242 2466 2256 2489 ,
2296 2433 2347 2479 et
2390 2426 2658 2493 praecipue
2705 2428 2769 2479 de
2794 2434 3099 2480 sanctorum
3128 2430 3380 2483 observa-

1801 2494 1944 2567 tione
1971 2510 2253 2567 cancnum,
2295 2496 2359 2548 de
2382 2496 2467 2565 pia
2492 2502 2693 2567 sanctae
2716 2495 2810 2549 Dei
2835 2497 3089 2550 Ecclesiae
3112 2498 3375 2567 guberna-

1800 2564 1979 2629 tione,
2042 2566 2335 2619 secundum
2382 2564 2839 2633 ’Opportuiiitateni
2893 2564 3190 2621 collationis
3236 2570 3376 2623 inter

1799 2648 1894 2687 vos
1940 2643 1993 2688 et
2048 2635 2211 2687 animi
2256 2634 2395 2687 illius
2429 2635 2877 2688 convenientiam.
2914 2653 2933 2687 ι
2988 2636 3058 2691 Ut
3093 2636 3174 2689 vir
3215 2637 3379 2692 fuerit

1798 2704 2031 2773 maxime
2061 2706 2309 2765 disertus,
2354 2705 2541 2757 doctus
2567 2705 2885 2773 sapiensque
2915 2721 3132 2760 necesse
3154 2716 3256 2772 est,
3285 2709 3371 2762 cui

1799 2772 1925 2845 talia
1968 2774 2220 2845 mandata
2262 2789 2292 2826 a
2342 2773 2738 2845 sapientissimo
2778 2772 2903 2845 rege
2955 2776 3019 2829 ad
3069 2791 3376 2844 supremum

1798 2841 2052 2895 Ecclesiae
2076 2850 2343 2910 pastorem
2376 2841 2691 2910 perferenda
2738 2841 3222 2900 committerentur.
3271 2846 3373 2901 Ca-

1799 2912 1945 2983 rolus
1968 2912 2183 2983 insuper
2210 2913 2263 2964 in
2286 2912 2507 2981 epistola
2530 2912 2625 2983 84,
2643 2913 2709 2966 ad
2731 2914 2961 2967 Leonem
2985 2930 3199 2983 papam,
3228 2935 3247 2966 ί
3270 2917 3378 2970 An-

1800 2982 2083 3050 gilhertum
2109 3022 2122 3042 ,
2160 2982 2332 3051 inquit
2357 3022 2371 3047 ,
2415 2982 2719 3036 manualem
2764 2992 2958 3037 vestra:
2986 2982 3380 3041 familiaritatis

1798 3059 1992 3125 vestra:
2031 3052 2323 3125 direximus
2352 3054 2663 3125 sanctitati:
2697 3067 2855 3125 qiiem
2886 3054 3055 3125 prius,
3095 3055 3234 3109 sicut
3257 3071 3380 3125 pro-

1800 3121 2046 3175 misimus
2090 3137 2188 3190 per
2228 3122 2503 3191 religiosos
2530 3123 2675 3177 viros
2716 3121 3025 3192 Campolum
3072 3134 3127 3179 et
3154 3121 3381 3181 Anasta-

1801 3192 1961 3255 sium,
2012 3193 2323 3246 beatissimo
2352 3192 2496 3245 Patri
2528 3201 2733 3257 nostro,
2781 3193 3163 3262 praedecessori
3200 3206 3381 3251 vestro

1800 3262 2033 3334 dirigere
2068 3264 2443 3334 curavimus...
2473 3262 2657 3334 illique
2677 3264 2854 3334 omnia
2883 3264 3229 3334 iiijunximus,
3260 3280 3378 3334 quae

1799 3336 1881 3384 vel
1909 3332 2064 3385 nobis
2094 3332 2421 3392 voluntaria,
2456 3332 2537 3383 vel
2569 3333 2718 3385 vobis
2762 3332 3062 3387 necessaria
3090 3350 3208 3388 esse
3234 3332 3382 3391 vide-

1797 3400 2031 3475 bantur;
2071 3411 2129 3475 u_t
2156 3416 2222 3453 ex
2248 3401 2757 3475 conlationeimutiia
2782 3403 3089 3475 conferatis,
3123 3405 3379 3475 quidquid

1798 3470 1864 3523 ad
1894 3470 2276 3523 cxaltationem
2321 3480 2518 3523 sanctae
2549 3469 2642 3523 Dei
2678 3470 2944 3536 Ecclesiae,
2994 3474 3077 3527 vel
3115 3469 3181 3528 a'd
3208 3469 3378 3530 stabi-

1797 3539 2001 3593 litatem
2033 3540 2252 3594 honoris
2294 3541 2495 3599 vestri,
2536 3540 2616 3593 vel
2647 3544 2961 3609 patriciatus
2990 3544 3159 3598 nostri
3206 3544 3379 3600 firmi-

1799 3617 1960 3664 tatem
1990 3611 2352 3682 necessariuni
2384 3609 2782 3682 intelligeretur.
2818 3632 2835 3664 i
2890 3612 3004 3668 Non
3034 3618 3241 3682 poterat
3267 3615 3381 3669 cui-

1796 3694 1955 3746 quam
2000 3681 2315 3750 contingere
2358 3680 2796 3734 honorificentior
2844 3680 3135 3749 provincia.
3190 3685 3376 3739 Eidem

1797 3750 1958 3802 etiam
1982 3749 2239 3820 Alcuiiius
2269 3751 2322 3804 in
2352 3767 2541 3803 manus
2580 3751 2726 3803 dedit
2754 3752 3033 3820 epistolam
3064 3753 3135 3808 92
3163 3753 3231 3807 ad
3258 3752 3379 3806 dul-

1798 3820 2062 3872 cissimum
2102 3818 2270 3888 ﬁlium
2304 3820 2603 3889 Homerum,
2625 3835 2722 3887 pro
2765 3818 3001 3889 reliquiis
3043 3833 3373 3889 sanctorum,

1798 3896 1909 3960 tum
1940 3890 2205 3960 epistolas
2224 3890 2293 3943 72
2318 3899 2371 3943 et
2399 3890 2465 3944 75
2491 3892 2558 3943 ad
2591 3888 2824 3943 Leonem
2849 3888 3040 3960 papam
3064 3900 3117 3945 et
3143 3894 3210 3947 ad
3238 3888 3375 3946 Pau4

1796 3956 2415 4032 1ἰιιηηϊ1⁴¹ονοῇυιὶθηεθιιι
2452 3960 2814 4032 patriarcliam
2899 3956 2951 4014 iii
2980 3963 3174 4030 quibus
3194 3962 3378 4032 Angil—

1797 4028 2005 4101 bertum
2037 4030 2405 4101 charissimam
2432 4030 2602 4101 ﬁliuln
2628 4042 2801 4101 vocat.
2846 4030 2922 4085 De
2967 4028 3067 4101 hac
3114 4028 3379 4101 legatione

1797 4098 2231 4172 interpretandus
2258 4108 2341 4153 est
2366 4100 2513 4172 locus
2539 4098 2815 4172 Tbeodulti
2844 4098 3247 4172 Aurelianensis
3268 4102 3380 4172 epi-

1797 4171 1942 4237 scopi
1972 4170 2023 4221 in
2046 4168 2144 4240 lib.
2197 4186 2277 4240 iii,
2323 4169 2561 4221 carmine
2591 4184 2626 4231 i,
2675 4171 2741 4223 ad
2781 4170 3052 4237 Carolum,
3085 4172 3139 4225 in
3179 4185 3284 4240 quo
3300 4168 3377 4240 de

1797 4239 2181 4309 rem-nsallatis
2211 4239 2522 4291 lluiiiiorum
2545 4240 2711 4307 gazis,
2753 4242 2921 4309 deque
2944 4241 3087 4294 illius
3108 4239 3282 4309 gentis
3310 4239 3377 4293 ad

1795 4306 2187 4381 Cliristi‘tidem
2234 4323 2434 4381 nupera
2473 4306 2822 4381 conversione
2836 4306 3042 4381 agens,
3076 4306 3189 4364 haec
3212 4310 3377 4366 habet

1796 4378 1863 4430 de
1888 4377 2203 4446 Angilberto
2226 4378 2447 4432 absente
2475 4392 2505 4430 a
2538 4380 2686 4433 curia
2716 4381 2785 4433 ob
2808 4377 3150 4451 legationem.

1858 4464 2013 4533 Dulce
2040 4464 2204 4533 melos
2218 4477 2449 4533 canerem
2475 4466 2592 4533 tibi,
2618 4468 2666 4533 iii
2685 4468 2878 4524 absens,
2904 4468 3059 4517 dulcis
3076 4469 3309 4533 Homere,

1921 4527 2067 4576 Esses
2088 4541 2099 4574 :
2119 4526 2206 4575 sed
2230 4528 2452 4589 quoniam
2479 4542 2551 4591 es,
2579 4526 2693 4578 hinc
2716 4542 2824 4578 mea
2850 4542 2984 4579 musa
3008 4537 3158 4582 tacet.

1832 4604 1925 4675 Vl.
1956 4604 2134 4675 Ofﬁcia
2158 4615 2205 4657 et
2231 4605 2509 4674 dignitates
2537 4605 2786 4675 palatina:
2807 4618 2919 4675 post
2951 4609 3337 4663 monachatum.

1867 4674 1953 4729 16.
1986 4674 2134 4741 Quas
2173 4676 2462 4744 dignitates
2493 4674 2614 4729 ante
2655 4674 3033 4731 inonachatum
3059 4679 3377 4734 sustinuerit

1796 4745 2159 4817 Angilbertus,
2190 4746 2437 4813 superius
2458 4746 2656 4817 dictum
2688 4754 2803 4817 est:
2831 4762 2973 4801 nunc
2996 4763 3129 4817 quas
3150 4748 3376 4816 gesserit

1795 4816 2089 4868 monachus
2139 4816 2411 4883 abbasque
2459 4815 2856 4883 explicandum.
2908 4815 3271 4872 Aur’icula’rius
3320 4824 3376 4873 et

1796 4884 2056 4937 manualis
2087 4885 2280 4937 dicitur
2306 4902 2333 4937 a
2362 4884 2553 4938 Carolo
2576 4885 2628 4937 in
2653 4885 2891 4953 epistolis
2916 4887 3073 4941 modo
3095 4887 3294 4952 relatis,
3321 4899 3377 4943 et

1797 4953 2037 5007 Minister
2062 4952 2272 5023 capella:
2302 4954 2482 5023 regi-.e,
2511 4963 2565 5007 et
2594 4955 2649 5006 in
2676 4952 2912 5009 omnibus
2940 4954 3117 5011 Caroli
3146 4957 3375 5013 consiliis

1795 5034 2025 5093 receptus
2043 5025 2109 5076 ab
2121 5024 2378 5077 Adriano.
2401 5024 2734 5077 Silentiarius
2751 5024 2978 5093 denique
2995 5028 3061 5080 ab
3073 5028 3373 5083 Anscbero.

1868 5041 1906 5076 :e
1944 5041 2025 5077 ius
2043 5041 2109 5076 an
2121 5041 2378 5077 Adriano.
2401 5041 2734 5077 ouenuanus
2751 5041 2978 5093 denique
2995 5041 3061 5080 aii
3073 5041 3373 5083 Ansctiero.

1985 5092 2307 5168 Auyicuiarii
2328 5102 2527 5148 mentio
2557 5094 2702 5146 nulla
2733 5096 2793 5168 in
2816 5096 2951 5168 libro
2982 5097 3047 5151 de
3071 5099 3259 5168 ordine
3282 5113 3377 5168 pa-

1795 5162 1936 5225 latii,
1986 5162 2138 5230 cujus
2188 5162 2552 5232 fragmentum
2600 5182 2667 5219 ex
2715 5164 3021 5221 Adalliardo
3067 5162 3378 5223 Corbeie'nsi

1796 5232 2340 5309 abbate_ll_incmarus
2368 5233 2535 5289 refert
2553 5235 2603 5288 in
2632 5236 2889 5309 opusculo
2916 5236 3003 5290 M.
3036 5236 3184 5292 Hanc
3210 5240 3380 5309 digni-

1798 5311 1960 5376 tatem
1984 5303 2157 5376 fuisse
2181 5314 2307 5373 puto
2332 5319 2399 5358 ex
2429 5322 2654 5359 numero
2685 5306 2895 5361 illorum
2922 5303 3374 5376 consiliariorum,

1801 5375 1941 5450 qui}
1976 5373 2312 5450 familiariter
2350 5383 2460 5428 tam
2483 5376 2549 5429 de
2576 5384 2721 5429 statu
2746 5377 2921 5446 regni,
2971 5394 3131 5446 quam
3163 5380 3225 5434 de
3251 5373 3375 5450 spe.»-

1798 5444 1919 5497 ciali
1958 5443 2242 5516 cujuslibet
2270 5461 2496 5515 persona
2531 5464 2550 5497 ι
2599 5462 2720 5500 cum
2762 5443 2888 5516 rege
2932 5443 3138 5503 secreto
3179 5443 3377 5504 tracta-

1798 5516 1946 5589 bant,
1997 5522 2133 5589 teste
2163 5514 2533 5589 Hiiicmaroin
2579 5514 3103 5588 ejusdem—opusculi
3135 5534 3251 5589 cap.
3283 5518 3372 5583 51,

1796 5585 1983 5659 quales
2012 5586 2180 5659 modo
2207 5586 2545 5659 consiliarios
2584 5596 2641 5659 et
2666 5585 2987 5643 secretarios
3012 5590 3160 5659 regni
3197 5585 3374 5658 appel-

1797 5655 1989 5708 lamus.
2025 5655 2115 5709 Sic
2134 5657 2201 5709 ab
2224 5657 2427 5713 intimis
2456 5658 2679 5716 secretis
2704 5669 2759 5717 et
2787 5659 3028 5716 consiliis
3047 5655 3243 5716 Carolo
3256 5655 3374 5717 erat

172 5775 201 5805 ι
245 5765 406 5818 Inter
429 5763 600 5834 Epist.
625 5766 805 5827 Caroli
830 5765 925 5833 M.,
949 5765 1267 5833 Patroloqia:
1290 5766 1396 5823 vol.
1423 5764 1649 5829 XCVIII.
1673 5766 1775 5826 col.
1804 5769 1907 5829 909
1955 5769 2112 5829 eoist.
2141 5770 2192 5827 9.
