4012 6364
172 369 275 426 861

208 546 319 605 iiiis
377 549 631 617 omnique
683 546 1020 601 crudelitatis
1068 561 1265 617 genere
1309 547 1608 603 afﬁcerent.
1648 549 1768 603 Erit

191 621 360 676 'orsan
389 619 480 689 qui
508 615 715 689 dubitet
743 634 809 671 an
848 615 1142 689 Nithardus
1190 615 1532 674 Centulensis
1579 634 1765 674 mona-

170 693 331 747 sterii
364 688 535 747 abbas
587 688 771 753 fuerit,
824 705 889 745 eo
940 689 1082 759 quod
1105 688 1439 759 iniquodam
1490 691 1763 759 rhythmo,

1201 364 1288 419 DE
1326 363 1908 424 RESTAURATIONE
1946 368 2111 425 MON.
2150 366 2443 424 CENTUL.

169 480 366 561 viginti
393 492 563 559 annos
582 489 987 561 omnem‘o‘ram
1016 474 1769 561 maritimammincendiiera-
1794 486 1846 543 Α
1873 480 2205 561 honorabilis
2262 480 2348 534 vir

3340 370 3450 430 842

2408 478 2712 555 posteritati
2775 478 3081 555 consulens,
3137 482 3451 555 _catalogum

1876 551 2242 625 rhythmicum
2261 549 2613 625 _deAPatribus
2658 550 2829 625 sancti
2861 550 3173 625 hujusgloci,
3203 569 3310 608 non
3325 549 3454 625 qui-

1872 620 1993 675 dem
2033 637 2223 677 omnes
2246 621 2553 693 designans,
2585 620 2685 693 sed,
2710 620 3082 693 tantummodo
3111 622 3229 678 illos
3248 620 3453 680 memo-

1871 708 2002 765 rans
2026 708 2259 763 quorum
2281 691 2507 765 nomina
2529 691 2617 747 vel
2642 692 2864 765 chartae,
2894 692 2979 765 vel
3008 695 3260 763 quaelibet
3288 696 3457 765 pitta-

169 778 337 832 quem
365 762 764 833 Angelramnus
802 758 973 816 abbas
998 758 1339 815 Centulensis
1390 758 1769 833 de_abbati_bus
1870 763 2007 833 ciola
2043 758 2321 820 insinuare
2373 764 2713 828 videbantur,
2766 763 2850 817 vel
2907 758 3071 819 etiam
3123 766 3243 820 Vita
3283 758 3456 821 sancti

168 830 612 907 antecessoribus
670 832 785 907 suis
830 833 987 907 annis
1041 838 1259 907 centum
1292 839 1422 907 ante
1456 830 1761 907 Bariulfum
1870 831 2114 907 Richarii
2164 835 2469 907 specialiter
2514 833 3053 907 notiticabat.i(Quaz
3089 846 3378 907 sequuntur
3402 837 3459 891 in

167 904 435 968 condidit,
474 904 709 958 omissus
738 903 809 958 sit
834 902 1145 957 Nithardus.
1190 901 1329 956 Audi
1377 899 1682 957 Hariulfum
1706 902 1761 956 in

168 973 270 1031 lib.
299 990 378 1047 tv,
404 989 527 1046 cap.
552 973 643 1043 17,
692 982 944 1047 agentem
994 972 1062 1028 de
1084 972 1449 1044 Angelramno
1474 990 1487 1025 ε
1524 990 1543 1023 ‹
1572 972 1624 1028 ls
1654 972 1771 1041 ipse

896 1065 1026 1134 Qua:
1048 1072 1342 1121 occurrunt
1367 1064 1646 1120 memoria:

898 1135 1237 1193 Centulensis
1260 1136 1491 1191 coanobii

900 1208 1020 1288 Prae
1041 1207 1293 1288 omnibus
1321 1208 1571 1288 egregius

899 1280 959 1335 In
984 1280 1089 1334 hac
1107 1277 1233 1331 villa
1251 1277 1587 1348 progenitus,

899 1350 1189 1407 Ocioaldus
1214 1348 1476 1418 sequitur.

1866 906 2018 961 editis
2042 904 2276 977 desunt.)
2321 905 2549 977 Scripsit
2578 914 2759 962 autem
2782 905 2839 961 in
2866 904 3011 963 hunc
3031 904 3271 964 modum.

1788 1094 1861 1105 —
1894 1061 2049 1117 Licet
2077 1075 2185 1114 non
2212 1060 2321 1115 sint
2345 1062 2399 1116 in
2418 1062 2630 1129 ordine,

1786 1163 1858 1177 -—
1892 1132 2160 1187 Abbatum
2182 1133 2363 1188 scribo
2385 1133 2623 1188 nomina.

1785 1235 1857 1247 —
1892 1202 2087 1257 Pastor
2106 1212 2294 1258 noster
2308 1203 2618 1273 Richarius,

1786 1306 1860 1319 —-
1895 1274 2111 1345 Primus
2136 1273 2192 1328 in
2222 1275 2345 1330 albo
2382 1275 2621 1345 ponitur.

1788 1377 1861 1388 —
1895 1344 2257 1415 Angelbertus
2286 1344 2623 1415 magniﬁcus.

899 1421 1216 1477 Guitmarus
1235 1415 1320 1473 vir
1354 1418 1747 1474 sanctissrmns.
1788 1446 1861 1459 —-
1895 1415 2217 1472 Helisachar
2242 1425 2297 1471 et
2335 1415 2605 1474 Aldricus.

901 1492 1110 1559 Quibus
1149 1490 1378 1546 Hericus
1405 1489 1621 1545 additur

1791 1518 1864 1531 —
1899 1486 2349 1560 illudoguicuset
2367 1489 2580 1560 regius,

900 1558 1230 1626 Herbertus,
1271 1560 1700 1632 Symphorianus
1790 1591 1861 1601 —
1898 1558 2221 1632 Buoﬁdulfus,
2252 1558 2668 1632 Karlomannus.

898 1633 1035 1689 Cum
1062 1630 1325 1687 Guelfone
1351 1630 1759 1699 et’Hedenoldo,
1795 1662 1868 1674 —
1902 1630 2203 1685 Gerbertus
2232 1637 2287 1683 et
2308 1630 2662 1687 Fulchericus

896 1705 1027 1760 Post
1054 1704 1392 1774 lngelardum
1415 1704 1578 1773 igitur

899 1776 1085 1831 Sancti
1108 1775 1350 1830 imitator
1386 1774 1593 1829 ordinis

1789 1733 1861 1744 —
1894 1701 2645 1773 Angelramnusiadscribitur

1788 1804 1861 1817 —
1895 1773 1963 1827 Et
1993 1772 2268 1828 Studiosus
2295 1772 2509 1828 litteris.

239 1873 373 1929 Haec
403 1873 620 1942 quidem
675 1870 1033 1945 honorabilis_
1053 1870 1471 1945 Angelramnus.
1513 1887 1531 1919 ι
1564 1866 1672 1945 Hie
1685 1882 1777 1921 ca—
1803 1871 1855 1934 Β
1881 1880 1983 1920 nus
2009 1863 2324 1945 Nithardus,
2359 1866 2695 1945 domnusque
2716 1868 2981 1945 Bibbodo,
3015 1870 3323 1945 Belgaudus
3338 1891 3473 1945 quo-

171 1945 392 2015 talogus
419 1936 522 1999 etsi
551 1951 838 1999 accuratus
862 1950 967 2015 non
988 1942 1081 2015 sit,
1106 1936 1771 2015 dubitandi__tar_ncn_fun-

173 2009 493 2070 dam'entum
551 2016 753 2086 prazbet
798 2016 863 2069 de
896 2012 1142 2086 Nithardi
1184 2010 1439 2086 abbatiali
1490 2009 1770 2086 dignitate.

173 2088 380 2140 Verum
412 2079 888 2141 hliic'dubitationi
918 2084 1159 2139 occurrit
1184 2079 1459 2137 Hariulfus
1498 2080 1553 2133 in
1576 2079 1667 2133 lib.
1696 2096 1771 2145 1v,

175 2174 296 2241 cap.
322 2156 429 2241 _l'l,
480 2158 570 2211 ubi
598 2166 719 2241 post
769 2157 924 2239 plura
950 2157 1024 2241 ita
1048 2154 1355 2241 concludit:
1388 2150 1777 2241 Ariuliaaeiggitur

175 2174 296 2281 cag.
341 2174 363 2212 1
389 2174 429 2221 l,
480 2174 570 2211 um
598 2174 719 2241 p08!
769 2174 924 2227 plura
950 2174 1024 2210 ita
1048 2174 1318 2209 concruuu
1344 2174 1355 2205 ε
1396 2174 1414 2202 ι
1459 2174 1585 2233 neu:
1614 2174 1776 2232 Igitur

174 2230 246 2304 ab
284 2236 435 2304 atum
467 2245 706 2293 nomina,
745 2244 864 2297 qum
887 2229 941 2304 i_n
963 2226 1145 2304 d_omn_i
1178 2224 1529 2304 Angelramni
1573 2229 1776 2304 scripto

178 2300 376 2363 minus,
410 2300 467 2354 in
487 2308 675 2355 nostro
696 2292 843 2355 vero
863 2298 1075 2370 plenius
1117 2292 1409 2361 habentur,
1438 2293 1494 2348 id
1515 2300 1600 2348 est
1623 2292 1778 2347 dom-

1920 1952 1986 1991 ue
2032 1934 2448 2002 etCoschinus;
2513 1934 2625 1993 duo
2672 1939 2844 2007 prima
2894 1934 3232 1999 in'codi‘cea
3277 1934 3475 2002 Gorzia

1918 2008 2077 2087 elato,
2112 2007 2337 2087 tertium
2344 2016 2539 2087 autem
2567 2009 2625 2087 in
2645 2012 2984 2087 membr-pnis
3008 2017 3474 2087 nostrigymnasii

1882 2086 2095 2157 reperta
2136 2089 2279 2132 sunt.
2313 2078 2449 2157 Nam
2467 2080 2545 2157 _de
2594 2080 2792 2157 domno
2832 2081 3100 2141 Coschino
3147 2078 3301 2157 plura
3330 2089 3470 2157 apud

1882 2148 2221 2229 Gemcticum
2269 2151 2575 2229 coenobium
2628 2152 2829 2221 scripta
2888 2148 3164 2229 tenentur;
3186 2173 3253 2211 ex
3281 2148 3480 2229 quibus

1882 2220 2268 2299 comprobatur
2300 2222 2473 2299 isdem
2494 2223 2580 2277 vir
2616 2220 2963 2293 tam’nostri,
3015 2220 3178 2299 quam
3205 2220 3353 2287 illius
3376 2230 3475 2285 ab-

1883 2292 1982 2346 bas
2024 2291 2193 2346 fuisse
2213 2291 2337 2347 loci.
2375 2312 2394 2345 ι

621 2530 801 2644 DE
890 2521 2083 2645 RESTAURATIONE
2171 2526 3045 2648 MONASTERII

1453 2737 2002 2823 CENTULEN
2015 2740 2192 2819 SIS.

1540 2900 1707 2966 (Apud
1731 2897 1942 2963 nabat,
1966 2900 2112 2963 ibid.)

256 3140 375 3211 Ego
415 3136 769 3207 Angilbertus
808 3130 1161 3187 considerans
1185 3143 1250 3182 ac
1273 3121 1686 3195 diligentissima
1708 3118 1792 3172 in-

1900 3116 2061 3185 hujus
2114 3118 2239 3174 ﬁdei
2290 3121 2556 3177 rationem
2596 3122 2653 3179 in
2701 3124 3088 3195 omnipotentis
3126 3128 3225 3184 Dei
3269 3131 3491 3189 nomine

188 3186 552 3303 vestigation:
582 3238 637 3285 et
662 3227 862 3283 mentis
900 3224 1094 3280 affectu
1154 3227 1518 3293 pertractans,
1556 3213 1789 3284 qualiter
1813 3186 1865 3253 (ἶ
1894 3218 2006 3265 tres
2033 3212 2293 3268 ecclesias
2336 3214 2683 3284 principales,
2731 3232 2857 3273 cum
2893 3220 3152 3275 membris
3195 3223 3264 3276 ad
3292 3238 3352 3279 se
3370 3240 3494 3295 pcr-

188 3343 295 3381 una
319 3341 449 3381 cum
478 3336 748 3378 consensu
772 3320 1003 3373 fratrum
1031 3330 1276 3370 meorum
1304 3321 1360 3367 et
1392 3308 1635 3366 omnium
1657 3304 1789 3359 ﬁde-

185 3417 318 3473 lium
360 3428 568 3471 sancta:
615 3412 875 3468 Ecclesiae
929 3419 1359 3475 ceterorumque
1390 3404 1659 3459 bonorum
1692 3400 1791 3454 ho-

187 3509 422 3572 minum,
454 3508 601 3561 hunc
631 3512 879 3559 sanctum
906 3502 1104 3566 locum,
1143 3498 1277 3553 mihi
1303 3497 1428 3550 licet
1474 3493 1694 3563 indigno
1722 3490 1791 3544 ab

184 3602 561 3672 omnipotente
590 3598 721 3663 Deo,
751 3605 807 3650 et
832 3592 1287 3649 excellentissimo
1309 3588 1527 3644 domino
1550 3601 1670 3640 meo
1691 3583 1793 3639 Ca-

196 3695 317 3751 rolo
371 3692 725 3749 serenissimo
774 3690 1019 3759 Augusto
1044 3700 1069 3727 ο
1096 3686 1163 3740 ad
1202 3682 1613 3755 gubernandum
1641 3693 1793 3733 com-

188 3788 443 3851 missum,
500 3785 798 3839 auxiliante
836 3780 1065 3836 Domino
1112 3781 1169 3834 in
1218 3778 1411 3832 melius
1462 3774 1796 3831 reatdilicare

189 3878 524 3939 voluissem;
555 3883 617 3930 ut
641 3873 896 3929 monachi
928 3880 982 3927 et
1015 3871 1203 3927 caeteri
1230 3868 1421 3923 famuli
1445 3867 1645 3923 ibidem
1667 3881 1794 3920 con-

187 3970 470 4032 sistentes,
501 3968 587 4023 vel
632 3967 798 4022 etiam
838 3978 1185 4021 successores
1235 3960 1428 4025 nostri,
1462 3958 1555 4029 qui
1598 3973 1696 4028 per
1717 3957 1797 4011 di-

186 4076 351 4115 versa
380 4068 689 4130 temporum
744 4057 918 4128 spatia
973 4054 1274 4111 successuri
1301 4060 1481 4118 erunt,
1514 4052 1625 4105 Deo
1648 4050 1796 4105 mili-

190 4161 310 4206 tare
348 4166 451 4222 pro
483 4166 569 4204 me
596 4156 651 4203 et
678 4163 778 4217 pro
816 4147 1080 4217 praedicto
1139 4146 1359 4200 domino
1404 4158 1525 4198 meo
1552 4141 1799 4213 ejusdem

189 4244 289 4298 Dei
317 4242 669 4298 clementiam
711 4241 974 4295 attentius
1004 4239 1222 4293 valeant
1270 4236 1582 4308 implorare,
1610 4242 1799 4304 quate-

190 4353 301 4392 nus
336 4336 447 4390 illis
471 4335 616 4390 facta
657 4342 845 4389 nostra
888 4335 953 4389 ad
1000 4341 1318 4404 perpetuam
1352 4330 1797 4395 consolationem,

188 4428 485 4499 nobisque,
518 4428 611 4498 qui
638 4444 741 4498 pro
763 4427 859 4482 Dei
882 4442 1066 4481 amore
1086 4424 1474 4489 laboravimus,
1502 4422 1609 4477 illis
1638 4437 1800 4476 oran-

1896 3304 2211 3374 tinentibus,
2247 3308 2299 3362 in
2336 3309 2439 3365 hoc
2471 3321 2658 3368 sancto
2705 3313 2845 3381 loco,
2876 3315 3106 3372 Domino
3142 3328 3491 3389 cooperante,

1894 3410 1951 3455 et
1978 3406 2237 3473 praedicto
2295 3408 2513 3464 domino
2570 3410 2813 3481 Augusto
2853 3409 3097 3478 iuvante,
3126 3410 3350 3465 fundare
3380 3418 3495 3466 ειη-

1896 3493 2115 3551 duimus
2143 3515 2155 3551 :
2186 3514 2415 3567 quarum
2443 3500 2614 3570 major
2637 3511 2693 3557 et
2719 3503 2895 3572 prima
2938 3512 3020 3558 est
3055 3504 3108 3558 in
3134 3503 3341 3559 honore
3368 3520 3480 3560 sar.-

1897 3583 1970 3637 cti
1998 3582 2297 3644 Salvatoris
2322 3598 2377 3645 et
2398 3592 2569 3646 sancti
2600 3591 2841 3647 Ricliarii
2868 3610 2882 3657 ;
2914 3593 3016 3647 alia
3048 3596 3102 3647 iu
3133 3595 3339 3649 honore
3362 3610 3487 3649 san-

1898 3682 2000 3730 ctae
2024 3678 2303 3743 genitricis
2355 3697 2677 3753 semperque
2732 3684 2961 3756 virginis
2989 3684 3173 3739 Maria:
3202 3695 3256 3739 et
3282 3695 3498 3741 sancto-

1899 3783 2021 3822 rum
2064 3772 2466 3843 apostolorum;
2503 3778 2665 3832 tertia
2716 3793 2845 3833 vero
2872 3778 2926 3831 in
2967 3778 3210 3834 claustro
3260 3778 3494 3834 fratrum

1900 3860 1956 3913 in
1983 3861 2191 3919 honore
2246 3867 2417 3921 sancti
2471 3866 2747 3923 Benedicti
2803 3868 3017 3924 abbatis
3046 3880 3102 3925 et
3155 3870 3491 3940 reliquorum

1901 3967 2215 4013 sanctorum
2246 3961 2576 4032 regularium
2597 3963 2889 4031 abbatum;
2920 3979 3041 4033 quae
3076 3964 3243 4018 etiam
3271 3964 3504 4019 mirifico

1902 4052 2091 4108 ordine
2119 4054 2380 4112 dedicata:
2412 4066 2537 4113 sunt
2559 4075 2589 4113 a
2610 4059 3016 4115 venerabilibus
3054 4058 3342 4115 duodecim
3369 4074 3497 4114 san-

1901 4147 2005 4202 ctis
2039 4150 2325 4220 episcopis,
2358 4168 2592 4221 quorum
2640 4153 2859 4207 nomina
2912 4154 2982 4209 ob
3010 4154 3417 4207 venerationem
3447 4161 3503 4206 et

1900 4244 2221 4297 memoriam
2257 4244 2473 4300 illorum
2524 4246 2653 4301 huic
2698 4246 2960 4317 opusculo
3017 4245 3353 4301 adnectenda
3383 4258 3504 4299 esse

1894 4332 2279 4402 judicavimus.
2333 4336 2400 4391 Hi
2425 4347 2550 4394 sunt
2580 4338 2981 4410 Megimhardus
3009 4336 3366 4392 Rodomensis
3395 4334 3501 4389 Ec-

1902 4424 2082 4479 clesia:
2115 4427 2260 4482 sedis
2288 4428 2612 4484 venerabilis
2647 4429 3108 4499 archiepiscopus,
3152 4426 3419 4497 Georgius
3443 4426 3491 4488 δ,

189 4525 346 4580 tibus
375 4522 445 4576 ad
477 4524 784 4577 mercedem
810 4521 1097 4591 proﬁciant
1145 4519 1531 4587 sempiternam
1559 4533 1573 4581 ;
1607 4531 1797 4570 secun-
1825 4542 1880 4602 Β
1902 4518 2162 4587 Absalon,
2189 4520 2494 4602 Gerfridus,
2528 4523 2714 4588 Pleon,
2756 4523 3163 4594 Hildiguardus,
3222 4518 3497 4602 Thcodoi-

188 4618 326 4671 dum
356 4615 505 4685 quod
537 4615 676 4669 ratio
722 4614 991 4684 permisit,
1023 4621 1080 4667 et
1125 4612 1459 4683 possibilitas
1481 4618 1667 4665 nostra
1699 4610 1796 4665 ad—

190 4706 560 4771 ministravit,
618 4721 724 4760 non
792 4716 971 4759 tamen
1028 4716 1291 4774 quantum
1358 4703 1646 4767 voluimus,
1708 4700 1803 4757 sed

191 4806 467 4868 quantum
515 4796 872 4861 occurrimus,
927 4796 1069 4851 sicut
1098 4796 1153 4850 in
1181 4794 1532 4865 sequentibus
1562 4793 1805 4849 declara—

189 4899 310 4955 tur,
341 4889 597 4943 laborare
627 4889 958 4944 curavimus.

270 4978 419 5046 Quia
442 4979 609 5050 igitur
628 4979 807 5034 omnis
836 4979 988 5050 plebs
1018 4979 1262 5034 ﬁdelium
1292 4978 1694 5034 sanctissimam
1723 4986 1806 5031 at-

191 5090 310 5147 que
340 5074 761 5144 inseparabilem
790 5073 1112 5127 Trinitatem
1164 5072 1433 5137 conﬁteri,
1477 5072 1727 5127 venerari
1752 5080 1807 5127 et

191 5174 392 5223 mente
426 5166 627 5232 colere,
658 5165 995 5236 ﬁrmiterque
1041 5168 1264 5222 credere
1293 5166 1471 5233 debet,
1510 5165 1806 5222 secundum

270 5314 304 5343 ι
347 5301 490 5356 Hinc
536 5310 685 5371 patet
745 5302 1164 5357 instrumentum
1218 5303 1360 5357 istud
1409 5301 1713 5357 confectum
1739 5304 1808 5357 ab

191 5373 535 5445 Angilberto
566 5372 733 5445 fuisse
764 5381 887 5445 post
912 5390 1113 5429 annum
1142 5374 1671 5445 octingentesimum,
1702 5388 1809 5443 quo

192 5452 445 5526 exeunte
484 5443 1040 5526 C‘arolushAugustus
1087 5446 1263 5501 dictus
1299 5443 1701 5513 coronatusque
1727 5453 1812 5500 est

194 5513 405 5570 Romzn
432 5515 485 5568 in
514 5514 691 5568 Natali
723 5513 956 5569 Domini.

273 5585 309 5625 ιν
350 5584 434 5639 Ex
464 5585 549 5639 his
604 5585 891 5659 episcopis,
949 5586 1674 5659 praeter_MegimhardumL
1678 5586 1811 5659 mihi

194 5664 428 5729 tantum
455 5663 606 5729 certo
636 5656 749 5711 noti
790 5655 928 5711 'sunt
952 5655 1115 5712 Pleon
1138 5655 1602 5729 Noviomagcnsis,
1634 5655 1812 5712 Theo-

200 5728 415 5798 doinus
454 5726 883 5798 Taruennensis,
937 5729 1317 5798 Hildiguardus
1362 5726 1454 5784 seu
1487 5729 1812 5783 Hildoardus

194 5797 596 5853 Atrebatensis
640 5805 695 5851 et
744 5797 1175 5855 CamaraccnSis.
1220 5801 1299 5854 Ex
1358 5801 1478 5854 aliis
1530 5800 1713 5853 nescio
1744 5815 1816 5854 an

197 5866 488 5940 Georgius
531 5868 693 5924 fuerit
737 5868 1139 5939 Ambianensis,
1173 5880 1227 5927 et
1277 5870 1600 5927 Benedictus
1630 5870 1814 5926 Ande-

549 5962 825 6026 PATROL.
872 5962 1097 6026 XCIX.

1906 4626 2029 4678 nus,
2078 4598 2396 4669 Ydelmarus
2440 4613 2586 4686 [Leg.
2637 4612 3023 4687 Hidelmarus],
3074 4594 3420 4675 Benedictus,
3450 4615 3505 4663 et

1906 4703 2162 4760 Kellanus
2206 4706 2607 4775 praeclarissimi
2645 4706 2881 4775 episcopi
2913 4724 2925 4758 :
2994 4702 3230 4758 Joannes
3277 4716 3409 4756 vero
3442 4709 3499 4755 et

1906 4796 2164 4855 Passivus
2185 4810 2385 4855 sanctae
2420 4800 2514 4854 Dei
2540 4801 2796 4854 Romanae
2848 4799 3106 4854 Ecclesiae
3152 4796 3335 4868 legati,
3365 4811 3505 4865 prae-

1908 4890 2052 4946 sules
2100 4892 2442 4947 nobilissimi.
2480 4891 2619 4946 Nam
2670 4892 2841 4947 altare
2891 4892 3064 4947 sancti
3096 4889 3414 4955 Salvatoris,
3448 4890 3503 4943 in

1907 4997 2016 5051 quo
2040 4983 2227 5051 posita:
2254 4990 2379 5037 sunt
2418 4982 2657 5051 reliquiae
2685 4981 2802 5051 ejus
2824 4991 2879 5038 et
2904 4990 3214 5038 sanctorum
3243 4980 3505 5036 Innocen-

1909 5075 2068 5139 tium,
2110 5074 2203 5143 qui
2230 5089 2328 5143 pro
2360 5089 2423 5128 eo
2452 5074 2598 5143 passi
2621 5083 2747 5129 sunt
2776 5092 2790 5141 ;
2821 5084 2878 5131 et
2899 5074 3072 5129 altare
3096 5074 3273 5130 sancti
3302 5073 3505 5129 Richa-

1910 5168 1999 5233 rii,
2030 5168 2083 5221 in
2111 5182 2218 5237 quo
2254 5175 2383 5221 sunt
2407 5165 2651 5237 reliquiae
2680 5175 2883 5222 sanctae
2909 5164 3190 5238 genitricis
3236 5164 3421 5219 Maria:
3447 5174 3503 5221 et

1911 5304 2164 5375 gavensis
2201 5302 2559 5375 Gerfridusﬂis
2586 5302 2719 5375 mihi
2742 5301 2972 5368 videtur,
3001 5316 3161 5375 quem
3194 5301 3379 5375 laudat
3407 5301 3501 5354 Al-

1911 5372 2105 5430 cuinus
2129 5375 2183 5428 in
2213 5374 2453 5428 carmine
2481 5372 2571 5441 50,
2604 5374 2695 5427 ubi
2723 5375 3007 5443 episcopus
3036 5374 3089 5426 in
3116 5372 3343 5443 ecclesia
3369 5387 3506 5441 qua-

1912 5446 2037 5500 dam
2067 5445 2239 5499 beata:
2290 5444 2471 5498 Mariae
2518 5459 2671 5499 sacra
2714 5441 2879 5499 fuisse
2906 5441 3273 5509 memoratur,
3319 5441 3503 5496 forsan

1914 5518 1969 5571 in
2010 5516 2392 5569 Lauduncnsi:
2442 5515 2594 5583 cujus
2633 5515 2775 5569 sedis
2802 5515 3177 5584 episcoporum
3218 5513 3387 5568 series
3438 5524 3505 5563 ac

1918 5596 2131 5656 tempus
2160 5585 2458 5657 regiminis,
2490 5600 2678 5657 eorum
2707 5586 2912 5657 scilicet
2931 5586 3024 5655 qui
3044 5594 3326 5657 octavqac
3355 5595 3499 5657 nono

1916 5650 2112 5713 smculo
2149 5650 2421 5720 vix'erunt,
2463 5655 2663 5725 corrigi
2690 5656 2851 5710 debet
2876 5650 3178 5710 ex'duabus
3220 5650 3502 5725 Hincrnari

1916 5728 2240 5784 Rhemensis
2292 5726 2587 5797 epistolist
2616 5720 2736 5794 qua:
2793 5726 2847 5779 in
2890 5725 3191 5797 Labbeanze
3246 5720 3505 5778 editionis

1918 5800 2283 5857 Conciliorum
2309 5795 2453 5854 tonio
2476 5795 2589 5853 Vlll
2614 5812 2804 5852 recens
2829 5796 3061 5867 vulgatae
3082 5802 3228 5851 sunt.

1926 5923 1949 5993 ἓν
2991 5958 3069 6022 27
