4012 6364
544 364 648 423 845

1506 357 1582 412 S..
1603 348 2088 411 ANGILBERTUS
2132 343 2347 402 ABBAS
2396 340 2895 402 CENTULENSIS.

3720 345 3813 401 844

545 480 786 550 ejusdem
815 479 989 536 sancti
1020 476 1300 541 lticharii;
1330 476 1499 530 altare
1524 471 1696 528 sancti
1727 468 1894 532 Petri,
1929 468 1983 522 in
2013 478 2122 534 quo
2151 463 2200 524 A
2226 459 2372 516 ιιιίηο
2399 468 2728 529 (imperante
2774 473 2896 528 qua?
2941 465 3207 514 λαοιθηιιε
3255 459 3670 550 conspiciuntur
3695 477 3816 519 00!!-

548 572 790 642 rcliquize
834 569 950 640 ejus
981 576 1035 623 et
1087 568 1261 623 sancti
1291 565 1444 622 Pauli
1475 564 1754 634 sanctique
1791 557 2124 622 Clementis;

545 667 716 722 altare
745 663 916 722 sancti
939 661 1162 722 Joannis
1190 660 1463 732 Baptistae,
1503 657 1556 714 in
1583 673 1689 730 quo
1719 652 1960 724 reliquiae
1989 650 2127 727 ejus,

545 771 600 818 et
628 758 905 817 Zachariae
929 756 1103 828 patris
1150 755 1355 825 ipsius;
1388 752 1561 809 altare
1616 749 1789 806 sancti
1845 742 2127 816 Stephani,

545 859 599 913 in
628 870 735 926 quo
759 853 1001 926 reliquiae
1047 849 1165 922 ejus
1201 859 1256 905 et
1283 847 1578 911 Simeonis,
1634 846 1728 916 qui
1765 841 2053 898 Dominum
2074 837 2130 890 in

543 951 704 1004 ulnas
733 945 1006 1015 suscepit;
1041 943 1212 997 altare
1248 941 1422 997 sancti
1469 940 1732 1007 Quintini,
1766 938 1820 990 in
1866 950 1972 1005 quo
2000 931 2129 986 reli-

545 1043 686 1111 quia:
712 1041 829 1111 ejus
855 1046 911 1093 et
934 1043 1244 1093 sanctorum
1299 1032 1534 1108 Crispini
1561 1041 1614 1090 et
1642 1029 1969 1103 Crispiniani
2002 1045 2014 1081 :
2047 1026 2132 1084 al.-

545 1141 662 1187 tare
693 1140 894 1186 sancta:
940 1127 1149 1195 Crucis,
1175 1128 1229 1182 in
1255 1142 1362 1197 quo
1388 1125 1632 1196 reliquiae
1661 1123 1792 1196 ligni
1819 1121 1988 1192 ipsius
2014 1137 2028 1186 ;
2059 1119 2132 1174 al-

543 1235 663 1280 tare
691 1223 864 1280 sancti
899 1222 1160 1294 Dionysii,
1186 1223 1239 1277 in
1265 1236 1374 1293 quo
1400 1218 1643 1294 reliquiae
1671 1216 1807 1290 ejus,
1838 1214 2046 1269 Rustici
2077 1219 2132 1272 et

543 1318 841 1373 Eleutherii
869 1334 885 1384 ;
918 1317 1090 1372 altare
1145 1315 1318 1372 sancti
1364 1311 1634 1376 Mauricii,
1663 1311 1720 1368 in
1747 1326 1852 1381 quo
1891 1306 2132 1376 reliquie:

545 1410 684 1481 ejus,
729 1410 1014 1481 Exsuperii
1060 1417 1115 1464 et
1136 1407 1361 1464 Candidi
1391 1424 1404 1472 ;
1434 1405 1607 1465 altare
1627 1403 1799 1461 sancti
1828 1400 2131 1465 Laurentii.

541 1505 599 1560 in
638 1520 746 1574 quo
797 1503 1038 1573 reliquias
1087 1501 1224 1571 ejus,
1281 1499 1586 1556 Sebastiani
1632 1506 1689 1553 et
1732 1494 2042 1560 Valeriani;
2078 1499 2135 1548 et

544 1598 719 1654 altare
751 1597 922 1653 sancti
947 1595 1182 1660 Martini,
1210 1593 1265 1649 in
1289 1608 1396 1663 quo
1421 1591 1665 1663 reliquiae
1693 1591 1830 1660 ejus,
1861 1598 1913 1644 et
1941 1588 2135 1648 Reme-

542 1693 639 1758 dii,
696 1690 936 1756 Vedasti,
997 1687 1254 1753 Medardi,
1317 1685 1607 1750 Gualarici,
1663 1684 1822 1754 Lupi,
1879 1681 2131 1745 Servatii,

543 1783 802 1840 Germani
828 1788 990 1852 atque
1015 1779 1192 1850 Eligii.
1224 1777 1283 1832 In
1318 1776 1546 1832 ecclesia
1597 1791 1727 1831 vero
1753 1774 1927 1829 sancti
1959 1774 2131 1827 Bene-

2234 559 2459 619 structa,
2500 552 2658 610 sicuti
2706 557 3023 617 cernuntur,
3053 550 3234 608 omnia
3260 567 3290 606 a
3321 549 3692 610 fundamentis
3715 565 3816 611 stu-

2233 643 2447 700 duimus
2502 644 2851 712 reaediﬁcare,
2903 652 2959 700 et
2985 651 3045 702 ut
3093 644 3431 708 habitatores
3482 647 3629 706 illius
3687 649 3816 709 ineo

2231 735 2522 796 missarum
2552 736 2813 794 solemnia
2837 736 3211 808 frequentem,
3250 749 3308 794 et
3329 740 3695 811 omnipotenti
3724 729 3816 799 Do-

2233 830 2380 885 mino
2414 830 2749 894 delectentur
2796 831 3093 902 deservire,
3150 833 3270 906 ipso
3322 833 3638 919 adjuvante,
3672 852 3816 908 muro

2234 925 2544 982 curavimus
2570 924 2799 990 ﬁrmiter
2830 926 3058 994 ambire.

2305 1043 2444 1102 Dum
2461 1045 2608 1102 enim
2642 1045 2990 1117 praescriptas
3031 1045 3294 1109 ecclesias
3317 1046 3574 1118 prudenti
3603 1050 3816 1107 consilio

2233 1136 2289 1192 in
2320 1137 2523 1192 honore
2580 1136 2791 1192 Domini
2821 1139 2995 1196 nostri
3045 1137 3172 1198 Jesu
3195 1139 3424 1208 Christi,
3452 1157 3681 1214 suaeque
3722 1145 3816 1217 glo-

2235 1229 2394 1284 riosa:
2440 1229 2740 1302 genitricis,
2783 1237 2839 1284 et
2863 1230 3106 1294 omnium
3137 1240 3450 1289 sanctorum
3502 1233 3646 1304 ejus,
3697 1235 3817 1295 sicut

2234 1338 2396 1392 supra
2424 1307 2686 1392 scriptum
2727 1332 2832 1390 est,
2864 1321 3121 1387 fundatas
3145 1326 3604 1397 perspiceremus,
3636 1342 3818 1400 magno

2235 1414 2502 1470 desiderio
2537 1417 2813 1496 nimioque
2861 1419 3064 1475 amoris
3111 1420 3307 1477 ardore
3353 1437 3542 1478 sumus
3593 1425 3814 1490 accensi,

2235 1517 2297 1565 ut
2315 1510 2609 1572 secundum
2634 1511 3053 1582 possibilitatem
3080 1522 3348 1582 nostram,
3380 1517 3574 1572 eodem
3601 1515 3816 1574 Domino

2237 1606 2551 1673 miserante,
2599 1613 2812 1677 partem
2874 1607 3228 1678 reliquiarum
3268 1609 3485 1664 illorum
3513 1619 3814 1665 sanctorum

2238 1698 2305 1752 ad
2334 1699 2607 1753 ornandus
2656 1696 2874 1754 easdem
2930 1707 3147 1754 sanctas
3195 1699 3293 1756 Dei
3319 1702 3580 1758 ecclesias
3608 1703 3814 1772 adipisci

2236 1807 2594 1846 mereremur.
2646 1791 2988 1862 Quapropter
3027 1793 3153 1847 totis
3193 1793 3402 1849 viribus
3430 1802 3657 1865 totaque
3680 1811 3813 1858 men-

541 1873 675 1930 dioti
702 1873 874 1930 altare
914 1871 1104 1944 ipsius,
1133 1870 1189 1924 in
1209 1884 1317 1940 quo
1344 1875 1473 1924 sunt
1514 1867 1756 1938 reliquias
1786 1865 1922 1935 ejus,
1949 1873 2006 1920 et
2023 1864 2133 1918 An-

2242 1885 2309 1939 tis
2335 1885 2633 1941 intentione
2658 1859 2909 1942 laborare
2939 1885 3337 1953 contendimus,
3367 1859 3606 1957 qualiter
3623 1903 3722 1958 per
3741 1905 3816 1944 au-

544 1965 678 2020 tonii
701 1971 758 2020 et
779 1962 1131 2029 Columbani;
1165 1961 1335 2016 altare
1379 1961 1553 2016 sancti
1581 1959 1915 2030 Hieronymi,
1943 1958 1996 2012 in
2025 1973 2132 2027 quo

544 2065 673 2116 sunt
726 2056 970 2128 reliquis:
1013 2053 1155 2126 ejus,
1185 2053 1422 2126 Ephrem
1447 2061 1501 2107 et
1531 2050 1761 2123 Equitii
1790 2064 1816 2092 ιι
1843 2068 1858 2119 ;
1890 2059 1945 2106 et
1964 2050 2135 2104 altare

547 2153 723 2212 sancti
751 2149 1022 2224 Gregorii,
1050 2149 1108 2204 in
1146 2163 1253 2219 quo
1281 2147 1523 2220 reliquiae
1552 2145 1688 2216 ejus,
1714 2146 1934 2201 Eusebii
1954 2153 2008 2200 et
2038 2143 2136 2199 lsi-

546 2247 669 2305 dori
695 2263 711 2314 ;
737 2247 807 2303 ab
835 2245 1041 2302 eisdem
1080 2243 1195 2313 jam
1227 2241 1388 2298 dictis
1409 2239 1754 2297 electissimis
1784 2237 1916 2292 viris
1944 2237 2132 2293 condi-

544 2355 649 2414 gne
700 2355 765 2395 ac
799 2336 1210 2408 diligentissime
1260 2349 1384 2390 eum
1427 2330 1631 2404 ingenti
1696 2328 1891 2400 gaudio
1921 2329 2022 2383 sub
2049 2327 2137 2382 die

543 2432 905 2488 Kalendarum
930 2427 1173 2485 Januarii
1200 2427 1423 2481 fuerunt
1456 2423 1686 2479 Domino
1711 2427 2046 2478 consecrata.
2074 2419 2134 2474 In

545 2526 776 2583 ecclesia
803 2525 1002 2581 etenim
1050 2526 1224 2581 beata:
1251 2521 1437 2578 Maria:
1465 2518 1693 2590 virginis
1744 2517 1918 2573 altare
1942 2515 2133 2588 ipsius,

543 2621 602 2674 in
631 2635 738 2689 quo
764 2617 1057 2674 reconditae
1094 2625 1220 2672 sunt
1250 2614 1495 2685 reliquias
1532 2613 1649 2684 ejus
1687 2619 1742 2667 et
1767 2619 1970 2666 sanctae
1995 2609 2131 2664 Feli-

543 2713 745 2778 citatis,
789 2711 1090 2782 Perpetuze,
1120 2708 1367 2780 Agathae,
1418 2706 1667 2777 Agnetis,
1710 2703 1911 2770 Luciae,
1963 2701 2133 2757 Caci—

544 2808 650 2873 liae,
699 2805 1021 2870 Anastasiae,
1065 2801 1406 2866 Geretrudis,
1457 2807 1512 2854 et
1556 2797 1906 2860 Petronillze;
1962 2794 2136 2848 altare

543 2900 719 2957 sancti
748 2897 923 2962 Pauli,
963 2896 1020 2949 in
1048 2910 1156 2964 quo
1202 2893 1444 2962 reliquis:
1498 2890 1634 2960 ejus,
1675 2888 1937 2944 Barnabas
1961 2895 2014 2942 et
2045 2885 2136 2940 Ti-

544 2991 749 3048 mothei
778 3007 792 3056 ;
819 2989 992 3044 altare
1028 2987 1199 3041 sancti
1225 2985 1464 3049 Thomas,
1490 2984 1548 3038 in
1585 2997 1693 3052 quo
1734 2980 1976 3050 reliquiae
1996 2978 2133 3047 ejus,

544 3085 816 3154 Ambrosii
859 3095 914 3142 et
937 3081 1161 3154 Sulpicii
1187 3097 1200 3147 ;
1231 3080 1402 3134 altare
1453 3077 1626 3134 sancti
1671 3075 2002 3147 Philippi,in
2031 3089 2137 3144 quo

546 3177 789 3249 reliquiae
815 3175 950 3247 ejus,
984 3173 1231 3230 Silvestri
1267 3183 1322 3236 et
1348 3172 1582 3240 Leonis;
1616 3172 1788 3226 altare
1831 3170 2004 3226 sancti
2025 3169 2138 3223 An-

546 3271 712 3337 dreas,
739 3268 796 3324 in
832 3283 938 3342 quo
969 3267 1211 3340 reliquizc
1263 3265 1399 3336 ejus,
1453 3263 1673 3336 Georgii
1697 3273 1754 3320 et
1796 3261 2134 3328 Alexandri;

545 3365 716 3422 altare
743 3364 916 3420 sancti
959 3359 1167 3428 Jacobi,
1198 3359 1253 3415 in
1293 3376 1402 3432 quo
1450 3359 1692 3429 reliquire
1736 3356 1874 3427 ejus,
1904 3354 2062 3428 Xysti
2084 3361 2141 3410 et

544 3456 912 3531 Apollinaris;
967 3455 1139 3510 altare
1189 3452 1335 3508 beati
1397 3449 1620 3507 Joannis
1672 3448 2051 3531 Evangelistaa,
2085 3447 2140 3501 in

544 3530 652 3625 quo
683 3549 924 3622 reliquiae
960 3546 1096 3616 ejus,
1136 3544 1256 3601 Lini
1280 3554 1335 3601 et
1382 3544 1518 3602 Cleti
1548 3561 1561 3611 ;
1596 3543 1765 3599 altare
1811 3530 1982 3599 sancti
2008 3541 2142 3596 Bar-

545 3640 841 3707 tholomzei,
868 3640 922 3694 in
947 3655 1053 3709 quo
1084 3637 1324 3710 reliquiae
1345 3637 1482 3710 ejus,
1520 3635 1714 3708 Ignatii
1739 3646 1793 3692 et
1814 3635 2095 3706 Polycarpi
2121 3652 2137 3702 ;

543 3738 719 3794 altare
749 3735 924 3793 sancti
966 3731 1223 3800 Simonis,
1247 3732 1302 3785 in
1333 3748 1440 3802 quo
1487 3729 1727 3800 reliquiae
1765 3728 1900 3799 ejus,
1933 3728 2143 3785 Cosme:

543 3839 601 3888 et
613 3829 857 3884 Damiani
876 3847 891 3896 ;
918 3826 1087 3882 altare
1099 3825 1270 3880 sancti
1285 3824 1516 3879 Matthaei
1527 3866 1540 3890 ,
1557 3825 1612 3884 in
1627 3840 1734 3895 quo
1747 3823 1986 3894 reliquiae
2000 3821 2139 3892 ejus,

547 3923 716 3978 Marci
730 3921 985 3986 etLueae;
1010 3918 1183 3973 altare
1204 3918 1377 3972 sancti
1400 3915 1672 3978 Thaddzei,
1696 3917 1748 3968 in
1763 3931 1870 3986 quo
1901 3915 2142 3984 reliquiae

548 4013 686 4085 ejus,
716 4011 931 4068 Nazarii
961 4018 1017 4066 et
1040 4009 1270 4076 Vitalis;
1309 4008 1478 4062 altare
1518 4005 1690 4062 sancti
1743 4004 1930 4062 Jacobi
1954 4005 2142 4064 fratris

546 4106 787 4174 Domini,
811 4105 866 4161 in
893 4120 1000 4176 quo
1052 4103 1294 4174 reliquiae
1339 4102 1476 4174 ejus,
1508 4099 1755 4155 Gervasii
1785 4110 1839 4156 et
1861 4101 2092 4158 Protasii
2124 4121 2138 4170 ;

545 4199 722 4259 altare
747 4200 922 4257 sancti
951 4198 1209 4273 Matthiae,
1254 4196 1311 4249 in
1341 4211 1448 4265 quo
1501 4193 1741 4266 reliquiae
1767 4192 1902 4264 ejus,
1951 4195 2143 4262 Hilarii

545 4301 604 4349 et
632 4293 959 4366 Augustini;
1001 4299 1156 4349 sexto
1184 4287 1310 4344 Idus
1359 4286 1694 4358 Septembris
1722 4288 1777 4342 in
1805 4286 1922 4358 ejus
1949 4303 2137 4344 sacra-

547 4386 756 4442 tissima
781 4384 1077 4441 Nativitate
1099 4400 1130 4438 a
1153 4381 1551 4437 venerabilibus
1585 4381 1873 4452 episcopis,
1906 4380 2141 4452 Georgio

543 4479 820 4546 videlicet,
847 4476 1142 4543 Absalone,
1189 4474 1408 4541 Pleone,
1442 4483 1495 4530 et
1520 4474 1772 4532 Gerfrido
1818 4477 2023 4532 honore
2054 4478 2139 4532 di-

544 4569 809 4641 gnissimo
836 4579 963 4626 sunt
991 4567 1257 4670 dedicata.
1319 4566 1426 4670 Sed
1456 4576 1511 4622 et
1534 4567 1703 4670 altare
1731 4569 1876 4624 beati
1902 4571 2139 4670 archan-
2163 4605 2223 4668 Β
2245 4566 2350 4650 (his
2372 4593 2626 4652 patribus
2665 4599 2917 4670 receptis,

544 4665 653 4740 geli
676 4663 967 4728 Gabrielis,
1024 4661 1168 4734 quod
1199 4670 1283 4717 est
1314 4661 1478 4716 situm
1532 4661 1587 4714 in
1614 4668 1770 4731 porta
1815 4663 2138 4731 meridiana,

546 4770 743 4816 octavo
799 4757 1067 4813 Kalendas
1108 4755 1308 4827 Aprilis
1346 4756 1399 4810 in
1450 4754 1880 4811 Annuntiatione
1939 4767 2143 4815 sanctae

542 4833 774 4920 Mariae;
808 4850 1082 4906 Michaelis
1129 4865 1258 4905 vero
1289 4850 1431 4919 quod
1481 4850 1640 4905 estin
1687 4859 1845 4918 porta
1893 4851 2142 4908 occiden-

547 4948 667 5013 tali,
694 4953 886 5003 octavo
912 4943 1181 5002 Kalendas
1219 4942 1471 4999 Octobris
1497 4945 1563 4998 ab
1589 4942 1945 5015 Hildegualdo
1979 4962 2141 5002 vene-

547 5035 706 5092 rabili
735 5035 1026 5104 episcopo;
1064 5033 1356 5104 Raphaelis
1396 5042 1594 5098 autem,
1629 5035 1772 5104 quod
1797 5045 1883 5090 est
1907 5037 1963 5091 in
1984 5045 2141 5107 porta

549 5127 984 5199 septentrionali,
1015 5127 1252 5184 secundo
1281 5125 1462 5183 Nonas
1495 5127 1829 5200 Septembris
1855 5132 1909 5186 in
1936 5133 2142 5189 honore

550 5228 792 5296 ipsorum
820 5225 1289 5295 archangelorum,
1305 5224 1547 5278 omnium
1565 5225 1839 5281 Virtutum
1855 5227 2136 5294 ecelorum,

550 5334 581 5373 a
613 5316 763 5373 Jesse
785 5318 813 5358 δ
839 5317 1092 5387 religioso
1120 5317 1374 5389 episcopo
1408 5317 1610 5388 optime
1638 5328 1763 5373 sunt
1795 5333 2136 5377 consecrata.

618 5413 847 5484 Reliqua
879 5428 1011 5470 vero
1043 5414 1241 5470 moenia
1270 5413 1439 5485 ipsius
1464 5417 1778 5472 monasterii
1807 5420 1998 5475 eodem
2029 5421 2140 5474 Do-

624 5584 652 5614 α
684 5570 922 5630 Joannes
972 5573 1040 5630 de
1078 5572 1296 5644 Capella
1335 5573 1520 5641 habet,
1567 5593 1688 5632 ossa
1745 5536 1916 5636 sancti
1946 5580 2139 5637 Hiero.

549 5645 693 5716 nymt'
715 5654 763 5699 et
787 5645 850 5700 de
877 5655 1058 5700 sancto
1099 5643 1373 5715 thfrano.
1421 5651 1432 5678 ⁵

622 5716 652 5793 ξ)
688 5715 742 5773 Is
767 5725 905 5793 erat
930 5716 1314 5793 Ambianensis
1342 5716 1649 5793 episcopus,
1680 5724 1772 5793 qui
1817 5724 1994 5781 Caroli
2028 5726 2140 5782 Ma‘

553 5787 643 5857 gni
667 5788 1001 5848 eoronationi
1035 5786 1221 5843 Romae
1265 5786 1422 5845 factie
1461 5786 1711 5848 interfuit
1733 5795 1785 5849 in
1830 5796 2003 5852 Natali
2036 5798 2139 5851 Βοσ-

2234 1976 2426 2032 xilium
2463 1976 2854 2048 omnipotentis
2887 1976 2985 2032 Dei
3023 1985 3080 2034 et
3102 1975 3434 2048 adjutorium
3480 1978 3710 2051 gloriosi
3736 1980 3815 2036 do-

2235 2069 2369 2125 mini
2393 2069 2497 2124 mei
2522 2070 2704 2140 magni
2748 2069 3093 2142 imperatoris
3117 2070 3185 2126 de
3210 2070 3444 2126 diversis
3480 2070 3732 2143 partibus
3749 2081 3813 2126 to—

2237 2163 2346 2218 tius
2376 2160 2826 2232 Christianitatis,
2855 2172 3088 2235 quantas
3112 2173 3167 2234 et
3189 2165 3379 2236 "quales
3405 2163 3489 2220 vel
3516 2165 3667 2220 unde
3703 2164 3808 2221 alla-

2237 2266 2325 2314 tas
2370 2261 2667 2319 recondere
2689 2261 2745 2316 in
2772 2263 2877 2326 hoc
2905 2273 3096 2330 sancto
3123 2265 3246 2324 loco
3269 2264 3652 2333 valuissemus,
3674 2272 3808 2336 prout

2238 2353 2294 2408 in
2341 2355 2800 2426 consequentibus
2834 2365 3023 2428 patet:
3055 2358 3109 2413 id
3152 2367 3236 2415 est
3258 2360 3312 2424 in
3333 2360 3526 2430 primis
3557 2361 3811 2429 desancte

2238 2446 2481 2502 Romana
2510 2447 2773 2517 Ecclesia,
2806 2450 3069 2526 largiente
3094 2453 3250 2510 bona:
3277 2455 3554 2518 memoria:
3589 2455 3808 2512 Adriano

2238 2557 2453 2598 summo
2491 2543 2766 2616 pontiﬁce,
2792 2552 2847 2600 et
2870 2555 2994 2616 post
3017 2561 3142 2614 eum
3169 2548 3466 2612 venerabili
3489 2549 3678 2606 Leone
3699 2566 3814 2622 papa

2241 2632 2486 2690 Romano
2515 2651 2529 2701 ;
2561 2637 2627 2691 de
2661 2635 3145 2711 ConstantinOpoli,
3191 2641 3276 2696 vel
3320 2641 3712 2715 Hierosolymis
3735 2659 3817 2714 per

2239 2726 2448 2799 legatos
2476 2729 2602 2785 illuc
2630 2746 2660 2784 a
2691 2732 2908 2788 domino
2948 2749 3070 2790 meo
3127 2735 3382 2802 directos,
3431 2738 3500 2792 ad
3537 2753 3644 2794 nos
3667 2753 3816 2810 usque

2241 2822 2490 2890 delatas;
2543 2824 2737 2880 deinde
2800 2828 2865 2881 de
2923 2828 3099 2894 Italia,
3162 2827 3478 2898 Germania,
3520 2831 3816 2905 Burgundia

2240 2923 2403 2985 atque
2461 2914 2635 2972 Gallia
2693 2935 2723 2972 a
2760 2920 3118 2976 sanctissimis
3171 2921 3442 2991 Patribus,
3509 2927 3816 2996 patriarchis

2238 3011 2511 3076 videlicet,
2545 3013 2989 3086 archiepiscopis,
3020 3031 3232 3072 necnon
3262 3019 3530 3091 episcopis
3557 3032 3718 3095 atque
3737 3026 3815 3081 ab-

2241 3103 2459 3160 batibus
2483 3106 2641 3161 nobis
2667 3106 2926 3175 directas,
2959 3125 3055 3165 seu
3101 3111 3268 3166 etiam
3296 3112 3363 3168 de
3408 3128 3572 3170 sacro
3611 3117 3814 3186 palatio,

2167 3231 2214 3297 ρ
2243 3212 2366 3297 qua:
2394 3211 2492 3266 per
2519 3205 2764 3268 tempora
2791 3200 2860 3256 ab
2889 3201 3256 3259 anterioribus
3285 3205 3525 3275 regibus,
3557 3217 3613 3264 et
3645 3218 3816 3280 postea

2245 3307 2276 3344 a
2299 3290 2415 3360 jam
2437 3292 2583 3348 dicto
2613 3293 2834 3350 domino
2862 3304 3051 3350 nostro
3076 3297 3314 3353 maxime
3331 3309 3460 3356 sunt
3471 3314 3816 3375 congregata,

2242 3404 2343 3460 per
2369 3386 2486 3458 ejus
2531 3388 2936 3461 eleemosynam
2961 3392 3028 3446 de
3053 3393 3310 3450 omnibus
3354 3403 3554 3465 partem
3595 3399 3805 3464 habere,

2246 3483 2492 3554 atquein
2547 3483 2651 3539 hoe
2688 3492 2877 3541 sancto
2901 3485 3022 3542 loco
3073 3487 3345 3561 condigne
3391 3489 3672 3547 recondere
3703 3507 3814 3547 me-

2245 3576 2474 3633 ruimus.
2499 3575 2606 3633 Sed
2632 3577 2698 3633 de
2727 3579 2814 3635 his
2841 3579 2908 3635 de
2927 3581 3125 3650 quibus
3153 3583 3288 3638 certi
3314 3581 3531 3649 fuimus,
3566 3594 3622 3642 et
3641 3601 3671 3640 a
3697 3601 3823 3658 pra-

2245 3671 2409 3727 dictis
2446 3672 2804 3729 sanctissimis
2844 3673 2978 3730 viris
3003 3676 3198 3732 breves
3241 3678 3565 3748 recepimus,
3595 3682 3824 3736 omnium

2245 3761 2464 3818 illarum
2490 3764 2710 3820 nomina
2735 3765 2792 3820 in
2813 3766 2919 3821 hoc
2945 3769 3205 3837 opusculo
3233 3769 3474 3827 inserere
3503 3787 3613 3828 non
3651 3774 3824 3845 negle-

2247 3853 2427 3911 ximus
2451 3873 2464 3910 :
2494 3865 2762 3926 quatenus
2787 3873 2819 3913 a
2851 3859 3009 3916 nobis
3027 3868 3084 3916 et
3107 3877 3137 3916 a
3169 3864 3378 3918 cunctis
3425 3867 3826 3923 successoribus

2245 3949 2468 4014 nostris,
2522 3951 2615 4020 qui
2640 3967 2739 4021 per
2793 3959 3042 4023 tempora
3068 3955 3126 4010 in
3157 3956 3300 4012 hunc
3356 3968 3608 4016 sanetum
3660 3961 3824 4018 locum

2247 4040 2551 4093 successuri
2589 4049 2737 4108 sunt,
2779 4050 2838 4098 et
2863 4044 2969 4100 hoc
2994 4061 3155 4102 nosse
3201 4047 3497 4117 voluerint,
3533 4055 3713 4125 magis
3745 4069 3828 4109 no-

2246 4144 2372 4184 men
2401 4130 2616 4186 Domini
2636 4135 2809 4188 nostri
2829 4133 2957 4190 Jesu
2980 4136 3184 4194 Christi
3210 4154 3308 4209 per
3336 4156 3499 4212 quem
3526 4145 3688 4201 nobis
3705 4147 3823 4211 hare,

2246 4221 2375 4277 licet
2402 4223 2656 4294 indignis,
2683 4234 2739 4282 et
2793 4237 2986 4284 caetera
3022 4231 3161 4286 bona
3192 4232 3388 4304 largita
3417 4244 3564 4303 sunt,
3595 4255 3697 4309 per
3720 4255 3829 4295 om-

2247 4316 2338 4372 nia
2366 4325 2422 4372 et
2447 4317 2505 4372 in
2543 4319 2796 4376 omnibus
2821 4336 3036 4393 semper
3068 4323 3489 4395 gloriﬁcaretur,
3513 4331 3608 4400 qui
3641 4341 3727 4388 est
3749 4333 3833 4386 be-

2247 4409 2496 4465 nedictus
2543 4411 2599 4466 in
2649 4413 2866 4469 saaeula.
2908 4416 2986 4471 De
3033 4419 3250 4475 caeteris
3303 4436 3434 4478 vero
3479 4424 3747 4495 reliquiis,
3775 4424 3833 4479 de

2247 4502 2445 4571 quibus
2473 4503 2678 4558 incerta
2721 4515 2850 4561 sunt
2891 4509 3052 4564 nobis
3099 4512 3339 4583 nomina,
3369 4515 3439 4570 ab
3479 4517 3694 4573 eisdem
3722 4533 3834 4573 san-

2949 4602 3174 4661 minime
3223 4607 3546 4678 scripsimus
3572 4627 3585 4663 :
3617 4621 3836 4667 uetera-

2247 4701 2370 4744 rum
2414 4697 2613 4754 autem,
2660 4690 2805 4746 sicut
2849 4691 3213 4763 decrevimus,
3261 4699 3480 4754 nomina
3510 4700 3621 4757 isto
3654 4703 3837 4758 ordine

2246 4777 2425 4834 notari
2453 4780 2783 4837 curavimus.
2828 4781 3074 4840 Primum
3115 4786 3375 4858 reliquias
3399 4788 3620 4847 Domini
3649 4801 3710 4849 et
3732 4791 3839 4848 Sal-

2246 4873 2453 4928 vatoris
2481 4875 2678 4941 nostri,
2711 4885 2764 4931 et
2793 4875 2909 4946 ejus
2937 4878 3187 4949 gloriosa:
3215 4883 3520 4952 genitricis,
3545 4896 3604 4942 et
3630 4896 3838 4944 sancto-

2247 4981 2371 5021 rum
2397 4967 2786 5038 apostolorum,
2828 4978 2884 5026 et
2911 4982 3234 5032 ceterorum
3278 4986 3623 5051 martyrum;
3656 4993 3838 5053 postea

2247 5058 2642 5129 confessorum,
2697 5078 2910 5121 necnon
2975 5075 3158 5122 autem
3209 5081 3523 5129 sanctarum
3570 5076 3838 5148 virginum

2248 5161 2411 5222 atque
2439 5153 2835 5209 continentium
2869 5158 3148 5216 subsecuti
3177 5177 3388 5220 sumus.

2320 5244 2397 5299 De
2420 5244 2562 5315 ligno
2591 5246 2824 5312 Domini,
2880 5249 2947 5303 de
2976 5260 3127 5307 veste
3171 5253 3310 5324 ejus,
3354 5257 3420 5313 de
3441 5261 3689 5320 sandalis
3709 5261 3840 5331 ejus.

2249 5335 2318 5390 de
2345 5350 2586 5408 praesepe
2643 5334 2782 5406 ejus,
2822 5338 2890 5394 de
2920 5343 3145 5415 spongia
3198 5343 3332 5413 ejus,
3368 5349 3434 5404 de
3473 5348 3719 5410 Iordane
3758 5354 3846 5410 ubi

2247 5429 2553 5499 baptizatus
2580 5439 2700 5486 est:
2739 5431 2807 5486 de
2839 5443 2997 5502 petra
3021 5436 3115 5491 ubi
3144 5439 3303 5506 sedit,
3343 5443 3561 5514 quando
3603 5449 3847 5521 quinque

2247 5590 2444 5676 qui_v1.
2473 5590 2597 5676 ldus
2642 5591 3002 5676 Septembris
3025 5595 3388 5676 ejusdemjut
3431 5606 3672 5676 videtur)
3720 5613 3849 5676 anni

2249 5607 2345 5660 qui
2373 5607 2444 5672 γι,
2474 5607 2597 5646 tuus
2650 5607 2988 5662 Septembris
3025 5607 3264 5721 ejusdem
3307 5607 3388 5675 (ut
3431 5607 3648 5664 videtur
3720 5613 3848 5676 anni

2249 5660 2495 5748 ecclesia:
2533 5662 2920 5748 beataenMaria;
2972 5667 3296 5748 de_ieation_i
3347 5692 3588 5748 praesens
3638 5607 3848 5748 Inerat,

2247 5733 2322 5857 f1"
2361 5732 2500 5787 idem
2525 5747 2647 5788 cum
2687 5733 2953 5806 θνθεοτίο
2976 5739 3227 5811 θρίεοορο
3263 5732 3850 5820 insanisse;

2287 5818 2555 5857 BCPSSOPC.

2287 5818 2555 5858 θυρεεοτθ.

554 5859 686 5912 mini
731 5875 871 5915 anno
907 5859 1031 5925 800,
1073 5873 1136 5915 ac
1175 5861 1405 5929 proinde
1451 5862 1718 5920 incertum
1751 5884 1817 5921 an
1848 5868 2134 5940 Georgius,
2234 5927 2244 5942 ,
