  <div class='ocr_page' id='page_1' title='image "/cluster/home/n/w/nwhite01/storage/ocr_20150623/99/hvd.32044015466790/456.png"; bbox 0 0 4012 6364; ppageno 0'>
   <div class='ocr_carea' id='block_1_1' title="bbox 161 296 262 357">
    <p class='ocr_par' dir='ltr' id='par_1_1' title="bbox 161 296 262 357">
     <span class='ocr_line' id='line_1_1' title="bbox 161 296 262 357; baseline 0 -4"><span class='ocrx_word' id='word_1_1' title='bbox 161 296 262 357; x_wconf 65' lang='grc' dir='ltr'><strong>με</strong></span> 
     </span>
    </p>
   </div>
   <div class='ocr_carea' id='block_1_2' title="bbox 1131 279 2409 342">
    <p class='ocr_par' dir='ltr' id='par_1_2' title="bbox 1131 279 2409 342">
     <span class='ocr_line' id='line_1_2' title="bbox 1131 279 2409 342; baseline -0.005 0"><span class='ocrx_word' id='word_1_2' title='bbox 1131 287 1248 341; x_wconf 75' lang='lat' dir='ltr'><strong>&#39;DE</strong></span> <span class='ocrx_word' id='word_1_3' title='bbox 1285 279 1869 342; x_wconf 70' lang='lat' dir='ltr'><strong>RESTAURATIONE</strong></span> <span class='ocrx_word' id='word_1_4' title='bbox 1910 281 2072 337; x_wconf 74' lang='grc' dir='ltr'><strong>ΜΟΝ.</strong></span> <span class='ocrx_word' id='word_1_5' title='bbox 2113 281 2409 338; x_wconf 76' lang='lat' dir='ltr'><strong>CENTUL.</strong></span> 
     </span>
    </p>
   </div>
   <div class='ocr_carea' id='block_1_3' title="bbox 3311 291 3415 347">
    <p class='ocr_par' dir='ltr' id='par_1_3' title="bbox 3311 291 3415 347">
     <span class='ocr_line' id='line_1_3' title="bbox 3311 291 3415 347; baseline -0.01 0"><span class='ocrx_word' id='word_1_6' title='bbox 3311 291 3415 347; x_wconf 64' lang='lat'><strong>8&#39;16</strong></span> 
     </span>
    </p>
   </div>
   <div class='ocr_carea' id='block_1_4' title="bbox 158 393 3420 474">
    <p class='ocr_par' dir='ltr' id='par_1_4' title="bbox 158 393 3420 474">
     <span class='ocr_line' id='line_1_4' title="bbox 158 393 3420 474; baseline 0.003 -29"><span class='ocrx_word' id='word_1_7' title='bbox 158 408 322 467; x_wconf 57' lang='lat' dir='ltr'><strong>mima</strong></span> <span class='ocrx_word' id='word_1_8' title='bbox 343 406 627 470; x_wconf 61' lang='lat' dir='ltr'><strong>mu.</strong></span> <span class='ocrx_word' id='word_1_9' title='bbox 663 402 815 474; x_wconf 68' lang='lat' dir='ltr'><strong>pavit</strong></span> <span class='ocrx_word' id='word_1_10' title='bbox 841 419 856 466; x_wconf 90' lang='lat'><strong>;</strong></span> <span class='ocrx_word' id='word_1_11' title='bbox 896 401 962 456; x_wconf 89' lang='lat' dir='ltr'><strong>de</strong></span> <span class='ocrx_word' id='word_1_12' title='bbox 1007 415 1146 471; x_wconf 86' lang='lat' dir='ltr'><strong>pane</strong></span> <span class='ocrx_word' id='word_1_13' title='bbox 1171 401 1312 455; x_wconf 85' lang='lat' dir='ltr'><strong>unde</strong></span> <span class='ocrx_word' id='word_1_14' title='bbox 1353 396 1630 454; x_wconf 70' lang='lat' dir='ltr'><strong>distribuit</strong></span> <span class='ocrx_word' id='word_1_15' title='bbox 1659 395 1740 450; x_wconf 85' lang='lat' dir='ltr'><strong>di-</strong></span> <span class='ocrx_word' id='word_1_16' title='bbox 1763 395 1818 455; x_wconf 75' lang='grc' dir='ltr'><strong>Α</strong></span> <span class='ocrx_word' id='word_1_17' title='bbox 1842 393 2065 461; x_wconf 82' lang='lat' dir='ltr'><strong>Asterii,</strong></span> <span class='ocrx_word' id='word_1_18' title='bbox 2097 394 2453 466; x_wconf 86' lang='lat' dir='ltr'><strong>Simpliciani,</strong></span> <span class='ocrx_word' id='word_1_19' title='bbox 2501 395 2712 463; x_wconf 82' lang='lat' dir='ltr'><strong>Faxidi,</strong></span> <span class='ocrx_word' id='word_1_20' title='bbox 2746 397 2977 467; x_wconf 69' lang='lat' dir='ltr'><strong>Astogii,</strong></span> <span class='ocrx_word' id='word_1_21' title='bbox 3025 397 3263 465; x_wconf 88' lang='lat' dir='ltr'><strong>Gislarii,</strong></span> <span class='ocrx_word' id='word_1_22' title='bbox 3285 402 3420 472; x_wconf 77' lang='lat' dir='ltr'><strong>Spe—</strong></span> 
     </span>
    </p>
   </div>
   <div class='ocr_carea' id='block_1_5' title="bbox 159 488 1742 570">
    <p class='ocr_par' dir='ltr' id='par_1_5' title="bbox 159 488 1742 570">
     <span class='ocr_line' id='line_1_5' title="bbox 159 488 1742 570; baseline -0.009 -15"><span class='ocrx_word' id='word_1_23' title='bbox 159 499 380 570; x_wconf 69' lang='lat' dir='ltr'><strong>sdpulis</strong></span> <span class='ocrx_word' id='word_1_24' title='bbox 423 496 577 560; x_wconf 83' lang='lat' dir='ltr'><strong>suis;</strong></span> <span class='ocrx_word' id='word_1_25' title='bbox 607 495 678 550; x_wconf 88' lang='lat' dir='ltr'><strong>de</strong></span> <span class='ocrx_word' id='word_1_26' title='bbox 718 493 918 563; x_wconf 85' lang='lat' dir='ltr'><strong>templo</strong></span> <span class='ocrx_word' id='word_1_27' title='bbox 966 492 1222 557; x_wconf 85' lang='lat' dir='ltr'><strong>Domini;</strong></span> <span class='ocrx_word' id='word_1_28' title='bbox 1253 492 1323 546; x_wconf 78' lang='lat' dir='ltr'><strong>de</strong></span> <span class='ocrx_word' id='word_1_29' title='bbox 1363 488 1591 544; x_wconf 79' lang='lat' dir='ltr'><strong>candela</strong></span> <span class='ocrx_word' id='word_1_30' title='bbox 1619 502 1742 556; x_wconf 62' lang='lat' dir='ltr'><strong>quae</strong></span> 
     </span>
    </p>
   </div>
   <div class='ocr_carea' id='block_1_6' title="bbox 159 577 1741 654">
    <p class='ocr_par' dir='ltr' id='par_1_6' title="bbox 159 577 1741 654">
     <span class='ocr_line' id='line_1_6' title="bbox 159 577 1741 654; baseline -0.011 -6"><span class='ocrx_word' id='word_1_31' title='bbox 159 609 210 649; x_wconf 87' lang='lat' dir='ltr'><strong>m</strong></span> <span class='ocrx_word' id='word_1_32' title='bbox 227 589 521 646; x_wconf 70' lang='lat' dir='ltr'><strong>nativitate</strong></span> <span class='ocrx_word' id='word_1_33' title='bbox 542 585 660 654; x_wconf 81' lang='lat' dir='ltr'><strong>ejus</strong></span> <span class='ocrx_word' id='word_1_34' title='bbox 688 600 916 640; x_wconf 88' lang='lat' dir='ltr'><strong>accensa</strong></span> <span class='ocrx_word' id='word_1_35' title='bbox 943 594 1028 640; x_wconf 83' lang='lat' dir='ltr'><strong>est</strong></span> <span class='ocrx_word' id='word_1_36' title='bbox 1052 601 1067 649; x_wconf 94' lang='lat'><strong>;</strong></span> <span class='ocrx_word' id='word_1_37' title='bbox 1100 582 1169 638; x_wconf 86' lang='lat' dir='ltr'><strong>de</strong></span> <span class='ocrx_word' id='word_1_38' title='bbox 1191 590 1377 638; x_wconf 82' lang='lat' dir='ltr'><strong>monte</strong></span> <span class='ocrx_word' id='word_1_39' title='bbox 1401 579 1597 637; x_wconf 85' lang='lat' dir='ltr'><strong>Oliveti</strong></span> <span class='ocrx_word' id='word_1_40' title='bbox 1649 577 1741 632; x_wconf 86' lang='lat' dir='ltr'><strong>ubi</strong></span> 
     </span>
    </p>
   </div>
   <div class='ocr_carea' id='block_1_7' title="bbox 157 672 1742 750">
    <p class='ocr_par' dir='ltr' id='par_1_7' title="bbox 157 672 1742 750">
     <span class='ocr_line' id='line_1_7' title="bbox 157 672 1742 750; baseline -0.01 -10"><span class='ocrx_word' id='word_1_41' title='bbox 157 684 374 750; x_wconf 72' lang='lat' dir='ltr'><strong>orarit;</strong></span> <span class='ocrx_word' id='word_1_42' title='bbox 420 682 488 738; x_wconf 76' lang='lat' dir='ltr'><strong>de</strong></span> <span class='ocrx_word' id='word_1_43' title='bbox 515 695 702 736; x_wconf 83' lang='lat' dir='ltr'><strong>mensa</strong></span> <span class='ocrx_word' id='word_1_44' title='bbox 746 677 903 748; x_wconf 87' lang='lat' dir='ltr'><strong>ejus;</strong></span> <span class='ocrx_word' id='word_1_45' title='bbox 937 678 1006 733; x_wconf 89' lang='lat' dir='ltr'><strong>de</strong></span> <span class='ocrx_word' id='word_1_46' title='bbox 1031 685 1213 734; x_wconf 85' lang='lat' dir='ltr'><strong>monte</strong></span> <span class='ocrx_word' id='word_1_47' title='bbox 1271 675 1359 730; x_wconf 90' lang='lat' dir='ltr'><strong>ubi</strong></span> <span class='ocrx_word' id='word_1_48' title='bbox 1391 672 1742 743; x_wconf 76' lang='lat' dir='ltr'><strong>transﬁgura-</strong></span> 
     </span>
    </p>
   </div>
   <div class='ocr_carea' id='block_1_8' title="bbox 160 765 1745 843">
    <p class='ocr_par' dir='ltr' id='par_1_8' title="bbox 160 765 1745 843">
     <span class='ocr_line' id='line_1_8' title="bbox 160 765 1745 843; baseline -0.009 -8"><span class='ocrx_word' id='word_1_49' title='bbox 160 791 243 835; x_wconf 87' lang='lat' dir='ltr'><strong>tus</strong></span> <span class='ocrx_word' id='word_1_50' title='bbox 265 785 389 843; x_wconf 74' lang='lat' dir='ltr'><strong>est;</strong></span> <span class='ocrx_word' id='word_1_51' title='bbox 417 776 488 832; x_wconf 80' lang='lat' dir='ltr'><strong>de</strong></span> <span class='ocrx_word' id='word_1_52' title='bbox 511 774 766 830; x_wconf 71' lang='lat' dir='ltr'><strong>collimna</strong></span> <span class='ocrx_word' id='word_1_53' title='bbox 819 772 911 828; x_wconf 88' lang='lat' dir='ltr'><strong>ubi</strong></span> <span class='ocrx_word' id='word_1_54' title='bbox 964 770 1263 842; x_wconf 79' lang='lat' dir='ltr'><strong>ﬂagellatus</strong></span> <span class='ocrx_word' id='word_1_55' title='bbox 1303 778 1410 833; x_wconf 87' lang='lat' dir='ltr'><strong>est,</strong></span> <span class='ocrx_word' id='word_1_56' title='bbox 1438 765 1745 834; x_wconf 72' lang='lat' dir='ltr'><strong>de&#39;ligami-</strong></span> 
     </span>
    </p>
   </div>
   <div class='ocr_carea' id='block_1_9' title="bbox 158 859 1743 939">
    <p class='ocr_par' dir='ltr' id='par_1_9' title="bbox 158 859 1743 939">
     <span class='ocr_line' id='line_1_9' title="bbox 158 859 1743 939; baseline -0.011 -9"><span class='ocrx_word' id='word_1_57' title='bbox 158 873 318 930; x_wconf 85' lang='lat' dir='ltr'><strong>uibus</strong></span> <span class='ocrx_word' id='word_1_58' title='bbox 343 870 489 925; x_wconf 84' lang='lat' dir='ltr'><strong>unde</strong></span> <span class='ocrx_word' id='word_1_59' title='bbox 527 869 727 939; x_wconf 82' lang='lat' dir='ltr'><strong>ligatus</strong></span> <span class='ocrx_word' id='word_1_60' title='bbox 777 872 861 922; x_wconf 80' lang='lat' dir='ltr'><strong>est</strong></span> <span class='ocrx_word' id='word_1_61' title='bbox 889 882 902 930; x_wconf 91' lang='lat'><strong>;</strong></span> <span class='ocrx_word' id='word_1_62' title='bbox 933 865 1000 920; x_wconf 84' lang='lat' dir='ltr'><strong>de</strong></span> <span class='ocrx_word' id='word_1_63' title='bbox 1027 873 1177 935; x_wconf 89' lang='lat' dir='ltr'><strong>petra</strong></span> <span class='ocrx_word' id='word_1_64' title='bbox 1228 862 1373 920; x_wconf 80' lang='lat' dir='ltr'><strong>unde</strong></span> <span class='ocrx_word' id='word_1_65' title='bbox 1395 875 1616 918; x_wconf 81' lang='lat' dir='ltr'><strong>crucem</strong></span> <span class='ocrx_word' id='word_1_66' title='bbox 1645 859 1743 914; x_wconf 82' lang='lat' dir='ltr'><strong>ad-</strong></span> 
     </span>
    </p>
   </div>
   <div class='ocr_carea' id='block_1_10' title="bbox 159 953 1746 1030">
    <p class='ocr_par' dir='ltr' id='par_1_10' title="bbox 159 953 1746 1030">
     <span class='ocr_line' id='line_1_10' title="bbox 159 953 1746 1030; baseline -0.009 -7"><span class='ocrx_word' id='word_1_67' title='bbox 159 966 410 1030; x_wconf 80' lang='lat' dir='ltr'><strong>scendit;</strong></span> <span class='ocrx_word' id='word_1_68' title='bbox 454 963 529 1019; x_wconf 78' lang='lat' dir='ltr'><strong>de</strong></span> <span class='ocrx_word' id='word_1_69' title='bbox 576 961 744 1018; x_wconf 83' lang='lat' dir='ltr'><strong>clavis</strong></span> <span class='ocrx_word' id='word_1_70' title='bbox 797 960 944 1016; x_wconf 85' lang='lat' dir='ltr'><strong>unde</strong></span> <span class='ocrx_word' id='word_1_71' title='bbox 993 958 1284 1015; x_wconf 77' lang='lat' dir='ltr'><strong>cruciﬁxus</strong></span> <span class='ocrx_word' id='word_1_72' title='bbox 1332 964 1454 1021; x_wconf 80' lang='lat' dir='ltr'><strong>est;</strong></span> <span class='ocrx_word' id='word_1_73' title='bbox 1510 956 1578 1010; x_wconf 89' lang='lat' dir='ltr'><strong>de</strong></span> <span class='ocrx_word' id='word_1_74' title='bbox 1629 953 1746 1008; x_wconf 80' lang='lat' dir='ltr'><strong>loco</strong></span> 
     </span>
    </p>
   </div>
   <div class='ocr_carea' id='block_1_11' title="bbox 158 1046 1746 1122">
    <p class='ocr_par' dir='ltr' id='par_1_11' title="bbox 158 1046 1746 1122">
     <span class='ocr_line' id='line_1_11' title="bbox 158 1046 1746 1122; baseline -0.009 -7"><span class='ocrx_word' id='word_1_75' title='bbox 158 1058 461 1122; x_wconf 63' lang='lat' dir='ltr'><strong>Calvarie;</strong></span> <span class='ocrx_word' id='word_1_76' title='bbox 516 1055 584 1111; x_wconf 81' lang='lat' dir='ltr'><strong>de</strong></span> <span class='ocrx_word' id='word_1_77' title='bbox 628 1052 873 1110; x_wconf 80' lang='lat' dir='ltr'><strong>buccella</strong></span> <span class='ocrx_word' id='word_1_78' title='bbox 929 1051 1020 1106; x_wconf 89' lang='lat' dir='ltr'><strong>ubi</strong></span> <span class='ocrx_word' id='word_1_79' title='bbox 1063 1051 1136 1106; x_wconf 82' lang='lat' dir='ltr'><strong>fel</strong></span> <span class='ocrx_word' id='word_1_80' title='bbox 1167 1061 1224 1106; x_wconf 87' lang='lat' dir='ltr'><strong>et</strong></span> <span class='ocrx_word' id='word_1_81' title='bbox 1269 1058 1483 1106; x_wconf 74' lang='lat' dir='ltr'><strong>acetum</strong></span> <span class='ocrx_word' id='word_1_82' title='bbox 1526 1046 1746 1102; x_wconf 80' lang='lat' dir='ltr'><strong>mistnrn</strong></span> 
     </span>
    </p>
   </div>
   <div class='ocr_carea' id='block_1_12' title="bbox 159 1140 1748 1219">
    <p class='ocr_par' dir='ltr' id='par_1_12' title="bbox 159 1140 1748 1219">
     <span class='ocr_line' id='line_1_12' title="bbox 159 1140 1748 1219; baseline -0.008 -13"><span class='ocrx_word' id='word_1_83' title='bbox 159 1151 255 1205; x_wconf 78' lang='lat' dir='ltr'><strong>luit</strong></span> <span class='ocrx_word' id='word_1_84' title='bbox 279 1166 298 1215; x_wconf 91' lang='lat'><strong>;</strong></span> <span class='ocrx_word' id='word_1_85' title='bbox 325 1149 395 1205; x_wconf 88' lang='lat' dir='ltr'><strong>de</strong></span> <span class='ocrx_word' id='word_1_86' title='bbox 439 1156 594 1219; x_wconf 83' lang='lat' dir='ltr'><strong>petra</strong></span> <span class='ocrx_word' id='word_1_87' title='bbox 649 1160 813 1214; x_wconf 73' lang='lat' dir='ltr'><strong>wper</strong></span> <span class='ocrx_word' id='word_1_88' title='bbox 853 1159 1016 1214; x_wconf 87' lang='lat' dir='ltr'><strong>quam</strong></span> <span class='ocrx_word' id='word_1_89' title='bbox 1054 1143 1278 1213; x_wconf 83' lang='lat' dir='ltr'><strong>sanguis</strong></span> <span class='ocrx_word' id='word_1_90' title='bbox 1317 1141 1583 1196; x_wconf 73' lang='lat' dir='ltr'><strong>delatore</strong></span> <span class='ocrx_word' id='word_1_91' title='bbox 1629 1140 1748 1208; x_wconf 84' lang='lat' dir='ltr'><strong>ejus</strong></span> 
     </span>
    </p>
   </div>
   <div class='ocr_carea' id='block_1_13' title="bbox 159 1230 1748 1308">
    <p class='ocr_par' dir='ltr' id='par_1_13' title="bbox 159 1230 1748 1308">
     <span class='ocr_line' id='line_1_13' title="bbox 159 1230 1748 1308; baseline -0.009 -11"><span class='ocrx_word' id='word_1_92' title='bbox 159 1241 422 1305; x_wconf 73' lang='lat' dir='ltr'><strong>stillavit;</strong></span> <span class='ocrx_word' id='word_1_93' title='bbox 450 1240 521 1295; x_wconf 79' lang='lat' dir='ltr'><strong>de</strong></span> <span class='ocrx_word' id='word_1_94' title='bbox 569 1237 819 1308; x_wconf 86' lang='lat' dir='ltr'><strong>sepulcro</strong></span> <span class='ocrx_word' id='word_1_95' title='bbox 872 1235 1130 1300; x_wconf 86' lang='lat' dir='ltr'><strong>Domini;</strong></span> <span class='ocrx_word' id='word_1_96' title='bbox 1183 1234 1249 1288; x_wconf 89' lang='lat' dir='ltr'><strong>de</strong></span> <span class='ocrx_word' id='word_1_97' title='bbox 1269 1232 1448 1302; x_wconf 89' lang='lat' dir='ltr'><strong>lapide</strong></span> <span class='ocrx_word' id='word_1_98' title='bbox 1503 1230 1748 1286; x_wconf 85' lang='lat' dir='ltr'><strong>revoluto</strong></span> 
     </span>
    </p>
   </div>
   <div class='ocr_carea' id='block_1_14' title="bbox 160 1321 1751 1394">
    <p class='ocr_par' dir='ltr' id='par_1_14' title="bbox 160 1321 1751 1394">
     <span class='ocr_line' id='line_1_14' title="bbox 160 1321 1751 1394; baseline -0.008 -7"><span class='ocrx_word' id='word_1_99' title='bbox 160 1331 218 1387; x_wconf 83' lang='lat' dir='ltr'><strong>ab</strong></span> <span class='ocrx_word' id='word_1_100' title='bbox 241 1331 394 1386; x_wconf 82' lang='lat' dir='ltr'><strong>ostio</strong></span> <span class='ocrx_word' id='word_1_101' title='bbox 433 1326 810 1392; x_wconf 75' lang='lat' dir='ltr'><strong>monumenti;</strong></span> <span class='ocrx_word' id='word_1_102' title='bbox 846 1339 1057 1380; x_wconf 80' lang='lat' dir='ltr'><strong>necnon</strong></span> <span class='ocrx_word' id='word_1_103' title='bbox 1105 1330 1159 1378; x_wconf 90' lang='lat' dir='ltr'><strong>et</strong></span> <span class='ocrx_word' id='word_1_104' title='bbox 1184 1325 1251 1379; x_wconf 86' lang='lat' dir='ltr'><strong>de</strong></span> <span class='ocrx_word' id='word_1_105' title='bbox 1293 1321 1544 1394; x_wconf 81' lang='lat' dir='ltr'><strong>sepulcro</strong></span> <span class='ocrx_word' id='word_1_106' title='bbox 1589 1321 1751 1375; x_wconf 85' lang='lat' dir='ltr'><strong>inno-</strong></span> 
     </span>
    </p>
   </div>
   <div class='ocr_carea' id='block_1_15' title="bbox 160 1412 1744 1490">
    <p class='ocr_par' dir='ltr' id='par_1_15' title="bbox 160 1412 1744 1490">
     <span class='ocr_line' id='line_1_15' title="bbox 160 1412 1744 1490; baseline -0.006 -11"><span class='ocrx_word' id='word_1_107' title='bbox 160 1422 421 1487; x_wconf 76' lang='lat' dir='ltr'><strong>centium,</strong></span> <span class='ocrx_word' id='word_1_108' title='bbox 447 1420 540 1490; x_wconf 86' lang='lat' dir='ltr'><strong>qui</strong></span> <span class='ocrx_word' id='word_1_109' title='bbox 567 1434 670 1490; x_wconf 67' lang='lat' dir='ltr'><strong>pro</strong></span> <span class='ocrx_word' id='word_1_110' title='bbox 711 1433 776 1473; x_wconf 87' lang='lat' dir='ltr'><strong>eo</strong></span> <span class='ocrx_word' id='word_1_111' title='bbox 822 1417 970 1487; x_wconf 85' lang='lat' dir='ltr'><strong>passi</strong></span> <span class='ocrx_word' id='word_1_112' title='bbox 1016 1423 1181 1481; x_wconf 88' lang='lat' dir='ltr'><strong>sunt;</strong></span> <span class='ocrx_word' id='word_1_113' title='bbox 1210 1415 1278 1471; x_wconf 89' lang='lat' dir='ltr'><strong>de</strong></span> <span class='ocrx_word' id='word_1_114' title='bbox 1319 1422 1502 1470; x_wconf 81' lang='lat' dir='ltr'><strong>monte</strong></span> <span class='ocrx_word' id='word_1_115' title='bbox 1549 1412 1744 1477; x_wconf 74' lang='lat' dir='ltr'><strong>liorel),</strong></span> 
     </span>
    </p>
   </div>
   <div class='ocr_carea' id='block_1_16' title="bbox 162 1513 1124 1585">
    <p class='ocr_par' dir='ltr' id='par_1_16' title="bbox 162 1513 1124 1585">
     <span class='ocr_line' id='line_1_16' title="bbox 162 1513 1124 1585; baseline -0.007 -14"><span class='ocrx_word' id='word_1_116' title='bbox 162 1517 220 1572; x_wconf 79' lang='lat' dir='ltr'><strong>de</strong></span> <span class='ocrx_word' id='word_1_117' title='bbox 242 1515 414 1585; x_wconf 81' lang='lat' dir='ltr'><strong>lignis</strong></span> <span class='ocrx_word' id='word_1_118' title='bbox 442 1515 606 1568; x_wconf 72' lang='lat' dir='ltr'><strong>trium</strong></span> <span class='ocrx_word' id='word_1_119' title='bbox 630 1513 1124 1569; x_wconf 79' lang='lat' dir='ltr'><strong>tabernaculorum.</strong></span> 
     </span>
    </p>
   </div>
   <div class='ocr_carea' id='block_1_17' title="bbox 219 1602 1751 1674">
    <p class='ocr_par' dir='ltr' id='par_1_17' title="bbox 219 1602 1751 1674">
     <span class='ocr_line' id='line_1_17' title="bbox 219 1602 1751 1674; baseline -0.007 -8"><span class='ocrx_word' id='word_1_120' title='bbox 219 1609 301 1666; x_wconf 85' lang='lat' dir='ltr'><strong>De</strong></span> <span class='ocrx_word' id='word_1_121' title='bbox 332 1610 478 1664; x_wconf 83' lang='lat' dir='ltr'><strong>lacte</strong></span> <span class='ocrx_word' id='word_1_122' title='bbox 511 1615 714 1665; x_wconf 64' lang='lat' dir='ltr'><strong>saneta</strong></span> <span class='ocrx_word' id='word_1_123' title='bbox 745 1605 946 1671; x_wconf 67' lang='lat' dir='ltr'><strong>Mariae,</strong></span> <span class='ocrx_word' id='word_1_124' title='bbox 991 1605 1057 1660; x_wconf 88' lang='lat' dir='ltr'><strong>de</strong></span> <span class='ocrx_word' id='word_1_125' title='bbox 1083 1603 1294 1674; x_wconf 79' lang='lat' dir='ltr'><strong>capillis</strong></span> <span class='ocrx_word' id='word_1_126' title='bbox 1335 1602 1471 1672; x_wconf 86' lang='lat' dir='ltr'><strong>ejus,</strong></span> <span class='ocrx_word' id='word_1_127' title='bbox 1510 1602 1576 1658; x_wconf 87' lang='lat' dir='ltr'><strong>de</strong></span> <span class='ocrx_word' id='word_1_128' title='bbox 1601 1610 1751 1657; x_wconf 79' lang='lat' dir='ltr'><strong>veste</strong></span> 
     </span>
    </p>
   </div>
   <div class='ocr_carea' id='block_1_18' title="bbox 1842 487 3422 564">
    <p class='ocr_par' dir='ltr' id='par_1_18' title="bbox 1842 487 3422 564">
     <span class='ocr_line' id='line_1_18' title="bbox 1842 487 3422 564; baseline 0.006 -23"><span class='ocrx_word' id='word_1_129' title='bbox 1842 488 1962 552; x_wconf 84' lang='lat' dir='ltr'><strong>rati,</strong></span> <span class='ocrx_word' id='word_1_130' title='bbox 2032 488 2272 554; x_wconf 69' lang='lat' dir='ltr'><strong>Boiierti,</strong></span> <span class='ocrx_word' id='word_1_131' title='bbox 2347 487 2613 544; x_wconf 85' lang='lat' dir='ltr'><strong>Galemeri</strong></span> <span class='ocrx_word' id='word_1_132' title='bbox 2630 531 2645 556; x_wconf 93' lang='lat'><strong>,</strong></span> <span class='ocrx_word' id='word_1_133' title='bbox 2727 489 2982 561; x_wconf 74' lang='lat' dir='ltr'><strong>Osquaidi</strong></span> <span class='ocrx_word' id='word_1_134' title='bbox 3045 491 3238 564; x_wconf 76' lang='lat' dir='ltr'><strong>{Forte</strong></span> <span class='ocrx_word' id='word_1_135' title='bbox 3255 535 3271 560; x_wconf 93' lang='lat'><strong>,</strong></span> <span class='ocrx_word' id='word_1_136' title='bbox 3321 496 3422 551; x_wconf 84' lang='lat' dir='ltr'><strong>Os-</strong></span> 
     </span>
    </p>
   </div>
   <div class='ocr_carea' id='block_1_19' title="bbox 1842 581 2050 654">
    <p class='ocr_par' dir='ltr' id='par_1_19' title="bbox 1842 581 2050 654">
     <span class='ocr_line' id='line_1_19' title="bbox 1842 581 2050 654; baseline 0.005 -19"><span class='ocrx_word' id='word_1_137' title='bbox 1842 581 2050 654; x_wconf 82' lang='lat' dir='ltr'><strong>waldi].</strong></span> 
     </span>
    </p>
   </div>
   <div class='ocr_carea' id='block_1_20' title="bbox 1911 675 3416 753">
    <p class='ocr_par' dir='ltr' id='par_1_20' title="bbox 1911 675 3416 753">
     <span class='ocr_line' id='line_1_20' title="bbox 1911 675 3416 753; baseline 0.007 -24"><span class='ocrx_word' id='word_1_138' title='bbox 1911 675 2230 742; x_wconf 71' lang='lat' dir='ltr'><strong>Felicitatis,</strong></span> <span class='ocrx_word' id='word_1_139' title='bbox 2252 677 2557 748; x_wconf 64' lang='lat' dir='ltr'><strong>Perpetem,</strong></span> <span class='ocrx_word' id='word_1_140' title='bbox 2607 679 2852 750; x_wconf 64' lang='lat' dir='ltr'><strong>Agathe,</strong></span> <span class='ocrx_word' id='word_1_141' title='bbox 2881 679 3154 753; x_wconf 59' lang='lat' dir='ltr'><strong>sum,</strong></span> <span class='ocrx_word' id='word_1_142' title='bbox 3189 683 3416 750; x_wconf 79' lang='lat' dir='ltr'><strong>Theclae,</strong></span> 
     </span>
    </p>
   </div>
   <div class='ocr_carea' id='block_1_21' title="bbox 1843 768 3421 846">
    <p class='ocr_par' dir='ltr' id='par_1_21' title="bbox 1843 768 3421 846">
     <span class='ocr_line' id='line_1_21' title="bbox 1843 768 3421 846; baseline 0.008 -22"><span class='ocrx_word' id='word_1_143' title='bbox 1843 768 2093 835; x_wconf 62' lang='lat' dir='ltr'><strong>Ceciliae,</strong></span> <span class='ocrx_word' id='word_1_144' title='bbox 2125 772 2454 838; x_wconf 67' lang='lat' dir='ltr'><strong>Petronium,</strong></span> <span class='ocrx_word' id='word_1_145' title='bbox 2503 774 2835 844; x_wconf 78' lang='lat' dir='ltr'><strong>Euphemiae,</strong></span> <span class='ocrx_word' id='word_1_146' title='bbox 2871 775 3104 843; x_wconf 62' lang='lat' dir='ltr'><strong>Fauste,</strong></span> <span class='ocrx_word' id='word_1_147' title='bbox 3136 779 3421 846; x_wconf 77' lang='lat' dir='ltr'><strong>Eui‘rasiae,</strong></span> 
     </span>
    </p>
   </div>
   <div class='ocr_carea' id='block_1_22' title="bbox 1843 863 3420 942">
    <p class='ocr_par' dir='ltr' id='par_1_22' title="bbox 1843 863 3420 942">
     <span class='ocr_line' id='line_1_22' title="bbox 1843 863 3420 942; baseline 0.008 -25"><span class='ocrx_word' id='word_1_148' title='bbox 1843 863 2193 935; x_wconf 74' lang='lat' dir='ltr'><strong>Aldcgundis,</strong></span> <span class='ocrx_word' id='word_1_149' title='bbox 2243 863 2535 933; x_wconf 59' lang='lat' dir='ltr'><strong>(Humum,</strong></span> <span class='ocrx_word' id='word_1_150' title='bbox 2569 869 2837 936; x_wconf 71' lang='lat' dir='ltr'><strong>Feliculae,</strong></span> <span class='ocrx_word' id='word_1_151' title='bbox 2869 881 3030 942; x_wconf 88' lang='lat' dir='ltr'><strong>atque</strong></span> <span class='ocrx_word' id='word_1_152' title='bbox 3053 873 3420 932; x_wconf 62' lang='lat' dir='ltr'><strong>Scholasticae.</strong></span> 
     </span>
    </p>
   </div>
   <div class='ocr_carea' id='block_1_23' title="bbox 1846 952 3425 1036">
    <p class='ocr_par' dir='ltr' id='par_1_23' title="bbox 1846 952 3425 1036">
     <span class='ocr_line' id='line_1_23' title="bbox 1846 952 3425 1036; baseline 0.009 -28"><span class='ocrx_word' id='word_1_153' title='bbox 1846 952 1965 1010; x_wconf 79' lang='lat' dir='ltr'><strong>Hoc</strong></span> <span class='ocrx_word' id='word_1_154' title='bbox 2012 971 2184 1026; x_wconf 83' lang='lat' dir='ltr'><strong>usque</strong></span> <span class='ocrx_word' id='word_1_155' title='bbox 2225 957 2292 1011; x_wconf 85' lang='lat' dir='ltr'><strong>de</strong></span> <span class='ocrx_word' id='word_1_156' title='bbox 2315 959 2484 1013; x_wconf 76' lang='lat' dir='ltr'><strong>certis</strong></span> <span class='ocrx_word' id='word_1_157' title='bbox 2507 969 2817 1016; x_wconf 71' lang='lat' dir='ltr'><strong>sanctorum</strong></span> <span class='ocrx_word' id='word_1_158' title='bbox 2847 963 3108 1032; x_wconf 80' lang='lat' dir='ltr'><strong>reliquiis,</strong></span> <span class='ocrx_word' id='word_1_159' title='bbox 3135 966 3205 1020; x_wconf 87' lang='lat' dir='ltr'><strong>de</strong></span> <span class='ocrx_word' id='word_1_160' title='bbox 3223 969 3425 1036; x_wconf 78' lang='lat' dir='ltr'><strong>quibus</strong></span> 
     </span>
    </p>
   </div>
   <div class='ocr_carea' id='block_1_24' title="bbox 1847 1048 3427 1127">
    <p class='ocr_par' dir='ltr' id='par_1_24' title="bbox 1847 1048 3427 1127">
     <span class='ocr_line' id='line_1_24' title="bbox 1847 1048 3427 1127; baseline 0.008 -24"><span class='ocrx_word' id='word_1_161' title='bbox 1847 1063 1879 1103; x_wconf 89' lang='lat' dir='ltr'><strong>a</strong></span> <span class='ocrx_word' id='word_1_162' title='bbox 1907 1049 2110 1104; x_wconf 82' lang='lat' dir='ltr'><strong>sanctis</strong></span> <span class='ocrx_word' id='word_1_163' title='bbox 2155 1048 2427 1114; x_wconf 84' lang='lat' dir='ltr'><strong>Patrihus,</strong></span> <span class='ocrx_word' id='word_1_164' title='bbox 2454 1053 2554 1121; x_wconf 86' lang='lat' dir='ltr'><strong>qui</strong></span> <span class='ocrx_word' id='word_1_165' title='bbox 2581 1065 2672 1107; x_wconf 85' lang='lat' dir='ltr'><strong>eas</strong></span> <span class='ocrx_word' id='word_1_166' title='bbox 2709 1055 2865 1108; x_wconf 63' lang='lat' dir='ltr'><strong>notus</strong></span> <span class='ocrx_word' id='word_1_167' title='bbox 2901 1056 3079 1127; x_wconf 82' lang='lat' dir='ltr'><strong>largiti</strong></span> <span class='ocrx_word' id='word_1_168' title='bbox 3133 1067 3283 1126; x_wconf 81' lang='lat' dir='ltr'><strong>sunt,</strong></span> <span class='ocrx_word' id='word_1_169' title='bbox 3329 1075 3427 1114; x_wconf 89' lang='lat' dir='ltr'><strong>no-</strong></span> 
     </span>
    </p>
   </div>
   <div class='ocr_carea' id='block_1_25' title="bbox 1846 1144 3424 1225">
    <p class='ocr_par' dir='ltr' id='par_1_25' title="bbox 1846 1144 3424 1225">
     <span class='ocr_line' id='line_1_25' title="bbox 1846 1144 3424 1225; baseline 0.01 -28"><span class='ocrx_word' id='word_1_170' title='bbox 1846 1144 1994 1198; x_wconf 88' lang='lat' dir='ltr'><strong>mina</strong></span> <span class='ocrx_word' id='word_1_171' title='bbox 2020 1153 2172 1200; x_wconf 88' lang='lat' dir='ltr'><strong>certa</strong></span> <span class='ocrx_word' id='word_1_172' title='bbox 2207 1147 2536 1216; x_wconf 71' lang='lat' dir='ltr'><strong>recepimus,</strong></span> <span class='ocrx_word' id='word_1_173' title='bbox 2573 1151 2866 1218; x_wconf 87' lang='lat' dir='ltr'><strong>separatim</strong></span> <span class='ocrx_word' id='word_1_174' title='bbox 2896 1161 3161 1225; x_wconf 76' lang='lat' dir='ltr'><strong>martyres</strong></span> <span class='ocrx_word' id='word_1_175' title='bbox 3185 1156 3270 1210; x_wconf 84' lang='lat' dir='ltr'><strong>vel</strong></span> <span class='ocrx_word' id='word_1_176' title='bbox 3295 1172 3424 1212; x_wconf 89' lang='lat' dir='ltr'><strong>con-</strong></span> 
     </span>
    </p>
   </div>
   <div class='ocr_carea' id='block_1_26' title="bbox 1848 1235 3427 1312">
    <p class='ocr_par' dir='ltr' id='par_1_26' title="bbox 1848 1235 3427 1312">
     <span class='ocr_line' id='line_1_26' title="bbox 1848 1235 3427 1312; baseline 0.008 -22"><span class='ocrx_word' id='word_1_177' title='bbox 1848 1235 2084 1292; x_wconf 84' lang='lat' dir='ltr'><strong>fessores</strong></span> <span class='ocrx_word' id='word_1_178' title='bbox 2101 1237 2506 1308; x_wconf 77' lang='lat' dir='ltr'><strong>descripsimus.</strong></span> <span class='ocrx_word' id='word_1_179' title='bbox 2533 1239 2796 1312; x_wconf 80' lang='lat' dir='ltr'><strong>Deinceps</strong></span> <span class='ocrx_word' id='word_1_180' title='bbox 2816 1251 2995 1298; x_wconf 85' lang='lat' dir='ltr'><strong>autem</strong></span> <span class='ocrx_word' id='word_1_181' title='bbox 3027 1245 3277 1302; x_wconf 87' lang='lat' dir='ltr'><strong>distincte</strong></span> <span class='ocrx_word' id='word_1_182' title='bbox 3295 1247 3427 1303; x_wconf 84' lang='lat' dir='ltr'><strong>alio-</strong></span> 
     </span>
    </p>
   </div>
   <div class='ocr_carea' id='block_1_27' title="bbox 1849 1331 3429 1407">
    <p class='ocr_par' dir='ltr' id='par_1_27' title="bbox 1849 1331 3429 1407">
     <span class='ocr_line' id='line_1_27' title="bbox 1849 1331 3429 1407; baseline 0.01 -27"><span class='ocrx_word' id='word_1_183' title='bbox 1849 1337 1971 1382; x_wconf 81' lang='lat' dir='ltr'><strong>rum</strong></span> <span class='ocrx_word' id='word_1_184' title='bbox 1999 1335 2311 1383; x_wconf 84' lang='lat' dir='ltr'><strong>sanctorum</strong></span> <span class='ocrx_word' id='word_1_185' title='bbox 2342 1331 2582 1397; x_wconf 87' lang='lat' dir='ltr'><strong>nomina,</strong></span> <span class='ocrx_word' id='word_1_186' title='bbox 2638 1333 2751 1387; x_wconf 85' lang='lat' dir='ltr'><strong>sive</strong></span> <span class='ocrx_word' id='word_1_187' title='bbox 2782 1344 3079 1407; x_wconf 73' lang='lat' dir='ltr'><strong>martyrum</strong></span> <span class='ocrx_word' id='word_1_188' title='bbox 3106 1338 3190 1393; x_wconf 92' lang='lat' dir='ltr'><strong>vel</strong></span> <span class='ocrx_word' id='word_1_189' title='bbox 3219 1339 3429 1396; x_wconf 82' lang='lat' dir='ltr'><strong>confes-</strong></span> 
     </span>
    </p>
   </div>
   <div class='ocr_carea' id='block_1_28' title="bbox 1851 1421 3307 1498">
    <p class='ocr_par' dir='ltr' id='par_1_28' title="bbox 1851 1421 3307 1498">
     <span class='ocr_line' id='line_1_28' title="bbox 1851 1421 3307 1498; baseline 0.007 -25"><span class='ocrx_word' id='word_1_190' title='bbox 1851 1432 2058 1484; x_wconf 87' lang='lat' dir='ltr'><strong>sorum,</strong></span> <span class='ocrx_word' id='word_1_191' title='bbox 2081 1421 2208 1488; x_wconf 91' lang='lat' dir='ltr'><strong>quia</strong></span> <span class='ocrx_word' id='word_1_192' title='bbox 2228 1434 2333 1474; x_wconf 88' lang='lat' dir='ltr'><strong>non</strong></span> <span class='ocrx_word' id='word_1_193' title='bbox 2363 1421 2690 1488; x_wconf 79' lang='lat' dir='ltr'><strong>invenimus,</strong></span> <span class='ocrx_word' id='word_1_194' title='bbox 2719 1425 2940 1480; x_wconf 86' lang='lat' dir='ltr'><strong>minime</strong></span> <span class='ocrx_word' id='word_1_195' title='bbox 2972 1429 3307 1498; x_wconf 70' lang='lat' dir='ltr'><strong>scripsimus.</strong></span> 
     </span>
    </p>
   </div>
   <div class='ocr_carea' id='block_1_29' title="bbox 1921 1510 3445 1589">
    <p class='ocr_par' dir='ltr' id='par_1_29' title="bbox 1921 1510 3445 1589">
     <span class='ocr_line' id='line_1_29' title="bbox 1921 1510 3445 1589; baseline 0.01 -24"><span class='ocrx_word' id='word_1_196' title='bbox 1921 1510 2018 1566; x_wconf 81' lang='lat' dir='ltr'><strong>His</strong></span> <span class='ocrx_word' id='word_1_197' title='bbox 2059 1512 2155 1577; x_wconf 87' lang='lat' dir='ltr'><strong>ita,</strong></span> <span class='ocrx_word' id='word_1_198' title='bbox 2206 1513 2346 1568; x_wconf 89' lang='lat' dir='ltr'><strong>sicut</strong></span> <span class='ocrx_word' id='word_1_199' title='bbox 2377 1515 2534 1584; x_wconf 88' lang='lat' dir='ltr'><strong>paulo</strong></span> <span class='ocrx_word' id='word_1_200' title='bbox 2581 1519 2825 1586; x_wconf 86' lang='lat' dir='ltr'><strong>superius</strong></span> <span class='ocrx_word' id='word_1_201' title='bbox 2875 1520 3133 1589; x_wconf 87' lang='lat' dir='ltr'><strong>scriptum</strong></span> <span class='ocrx_word' id='word_1_202' title='bbox 3185 1531 3289 1586; x_wconf 89' lang='lat' dir='ltr'><strong>est,</strong></span> <span class='ocrx_word' id='word_1_203' title='bbox 3334 1523 3445 1579; x_wconf 85' lang='lat' dir='ltr'><strong>ho-‘</strong></span> 
     </span>
    </p>
   </div>
   <div class='ocr_carea' id='block_1_30' title="bbox 1852 1603 3431 1676">
    <p class='ocr_par' dir='ltr' id='par_1_30' title="bbox 1852 1603 3431 1676">
     <span class='ocr_line' id='line_1_30' title="bbox 1852 1603 3431 1676; baseline 0.01 -19"><span class='ocrx_word' id='word_1_204' title='bbox 1852 1603 2076 1659; x_wconf 87' lang='lat' dir='ltr'><strong>noritioe</strong></span> <span class='ocrx_word' id='word_1_205' title='bbox 2124 1604 2486 1676; x_wconf 89' lang='lat' dir='ltr'><strong>decenterque</strong></span> <span class='ocrx_word' id='word_1_206' title='bbox 2537 1611 2848 1676; x_wconf 79' lang='lat' dir='ltr'><strong>reconditis,</strong></span> <span class='ocrx_word' id='word_1_207' title='bbox 2904 1613 2957 1667; x_wconf 88' lang='lat' dir='ltr'><strong>in</strong></span> <span class='ocrx_word' id='word_1_208' title='bbox 2988 1616 3202 1670; x_wconf 83' lang='lat' dir='ltr'><strong>nomine</strong></span> <span class='ocrx_word' id='word_1_209' title='bbox 3229 1626 3431 1673; x_wconf 74' lang='lat' dir='ltr'><strong>sanctae</strong></span> 
     </span>
    </p>
   </div>
   <div class='ocr_carea' id='block_1_31' title="bbox 158 1693 3430 1781">
    <p class='ocr_par' dir='ltr' id='par_1_31' title="bbox 158 1693 3430 1781">
     <span class='ocr_line' id='line_1_31' title="bbox 158 1693 3430 1781; baseline 0.004 -26"><span class='ocrx_word' id='word_1_210' title='bbox 158 1700 289 1771; x_wconf 82' lang='lat' dir='ltr'><strong>ejus,</strong></span> <span class='ocrx_word' id='word_1_211' title='bbox 319 1701 386 1756; x_wconf 88' lang='lat' dir='ltr'><strong>de</strong></span> <span class='ocrx_word' id='word_1_212' title='bbox 411 1699 573 1768; x_wconf 86' lang='lat' dir='ltr'><strong>pallio</strong></span> <span class='ocrx_word' id='word_1_213' title='bbox 597 1699 735 1769; x_wconf 87' lang='lat' dir='ltr'><strong>ejus.</strong></span> <span class='ocrx_word' id='word_1_214' title='bbox 783 1699 862 1753; x_wconf 79' lang='lat' dir='ltr'><strong>De</strong></span> <span class='ocrx_word' id='word_1_215' title='bbox 888 1698 1054 1752; x_wconf 85' lang='lat' dir='ltr'><strong>barba</strong></span> <span class='ocrx_word' id='word_1_216' title='bbox 1103 1697 1278 1752; x_wconf 90' lang='lat' dir='ltr'><strong>sancti</strong></span> <span class='ocrx_word' id='word_1_217' title='bbox 1327 1695 1495 1760; x_wconf 89' lang='lat' dir='ltr'><strong>Petri,</strong></span> <span class='ocrx_word' id='word_1_218' title='bbox 1527 1693 1598 1749; x_wconf 89' lang='lat' dir='ltr'><strong>de</strong></span> <span class='ocrx_word' id='word_1_219' title='bbox 1626 1709 1752 1749; x_wconf 86' lang='lat' dir='ltr'><strong>san-</strong></span> <span class='ocrx_word' id='word_1_220' title='bbox 1777 1765 1826 1781; x_wconf 79' lang='lat'>_</span> <span class='ocrx_word' id='word_1_221' title='bbox 1855 1698 2137 1754; x_wconf 89' lang='lat' dir='ltr'><strong>Trinitatis</strong></span> <span class='ocrx_word' id='word_1_222' title='bbox 2183 1716 2305 1755; x_wconf 87' lang='lat' dir='ltr'><strong>cum</strong></span> <span class='ocrx_word' id='word_1_223' title='bbox 2335 1701 2506 1755; x_wconf 87' lang='lat' dir='ltr'><strong>multa</strong></span> <span class='ocrx_word' id='word_1_224' title='bbox 2541 1704 2816 1775; x_wconf 78' lang='lat' dir='ltr'><strong>diligentia</strong></span> <span class='ocrx_word' id='word_1_225' title='bbox 2866 1708 3175 1777; x_wconf 86' lang='lat' dir='ltr'><strong>paravimus</strong></span> <span class='ocrx_word' id='word_1_226' title='bbox 3211 1726 3430 1781; x_wconf 87' lang='lat' dir='ltr'><strong>capsam</strong></span> 
     </span>
    </p>
   </div>
   <div class='ocr_carea' id='block_1_32' title="bbox 162 1765 3434 1874">
    <p class='ocr_par' dir='ltr' id='par_1_32' title="bbox 162 1765 3434 1874">
     <span class='ocr_line' id='line_1_32' title="bbox 162 1765 3434 1874; baseline 0.002 -24"><span class='ocrx_word' id='word_1_227' title='bbox 162 1794 315 1851; x_wconf 80' lang='lat' dir='ltr'><strong>daliis</strong></span> <span class='ocrx_word' id='word_1_228' title='bbox 342 1792 486 1862; x_wconf 84' lang='lat' dir='ltr'><strong>ejus,</strong></span> <span class='ocrx_word' id='word_1_229' title='bbox 531 1794 599 1848; x_wconf 73' lang='lat' dir='ltr'><strong>de</strong></span> <span class='ocrx_word' id='word_1_230' title='bbox 649 1792 828 1849; x_wconf 80' lang='lat' dir='ltr'><strong>casula</strong></span> <span class='ocrx_word' id='word_1_231' title='bbox 877 1791 1009 1861; x_wconf 87' lang='lat' dir='ltr'><strong>ejus,</strong></span> <span class='ocrx_word' id='word_1_232' title='bbox 1052 1799 1108 1846; x_wconf 88' lang='lat' dir='ltr'><strong>et</strong></span> <span class='ocrx_word' id='word_1_233' title='bbox 1159 1792 1225 1847; x_wconf 88' lang='lat' dir='ltr'><strong>de</strong></span> <span class='ocrx_word' id='word_1_234' title='bbox 1253 1806 1440 1845; x_wconf 88' lang='lat' dir='ltr'><strong>mensa</strong></span> <span class='ocrx_word' id='word_1_235' title='bbox 1491 1788 1628 1856; x_wconf 85' lang='lat' dir='ltr'><strong>ejus.</strong></span> <span class='ocrx_word' id='word_1_236' title='bbox 1669 1787 1746 1843; x_wconf 80' lang='lat' dir='ltr'><strong>De</strong></span> <span class='ocrx_word' id='word_1_237' title='bbox 1777 1765 2114 1860; x_wconf 73' lang='lat' dir='ltr'><strong>Bmajorem</strong></span> <span class='ocrx_word' id='word_1_238' title='bbox 2159 1808 2292 1848; x_wconf 87' lang='lat' dir='ltr'><strong>auro</strong></span> <span class='ocrx_word' id='word_1_239' title='bbox 2337 1803 2394 1849; x_wconf 90' lang='lat' dir='ltr'><strong>et</strong></span> <span class='ocrx_word' id='word_1_240' title='bbox 2443 1765 2670 1868; x_wconf 70' lang='lat' dir='ltr'><strong>gemmis</strong></span> <span class='ocrx_word' id='word_1_241' title='bbox 2707 1765 2974 1865; x_wconf 73' lang='lat' dir='ltr'><strong>ornatam,</strong></span> <span class='ocrx_word' id='word_1_242' title='bbox 3015 1801 3070 1855; x_wconf 91' lang='lat' dir='ltr'><strong>in</strong></span> <span class='ocrx_word' id='word_1_243' title='bbox 3106 1817 3212 1872; x_wconf 66' lang='lat' dir='ltr'><strong>qua</strong></span> <span class='ocrx_word' id='word_1_244' title='bbox 3252 1765 3434 1874; x_wconf 71' lang='lat' dir='ltr'><strong>posui-</strong></span> 
     </span>
    </p>
   </div>
   <div class='ocr_carea' id='block_1_33' title="bbox 165 1881 1748 1952">
    <p class='ocr_par' dir='ltr' id='par_1_33' title="bbox 165 1881 1748 1952">
     <span class='ocr_line' id='line_1_33' title="bbox 165 1881 1748 1952; baseline -0.002 -13"><span class='ocrx_word' id='word_1_245' title='bbox 165 1899 350 1939; x_wconf 78' lang='lat' dir='ltr'><strong>mensa</strong></span> <span class='ocrx_word' id='word_1_246' title='bbox 379 1885 554 1938; x_wconf 78' lang='lat' dir='ltr'><strong>sancti</strong></span> <span class='ocrx_word' id='word_1_247' title='bbox 592 1883 766 1948; x_wconf 83' lang='lat' dir='ltr'><strong>Pauli,</strong></span> <span class='ocrx_word' id='word_1_248' title='bbox 798 1883 866 1939; x_wconf 83' lang='lat' dir='ltr'><strong>de</strong></span> <span class='ocrx_word' id='word_1_249' title='bbox 898 1882 1082 1938; x_wconf 87' lang='lat' dir='ltr'><strong>orario</strong></span> <span class='ocrx_word' id='word_1_250' title='bbox 1107 1881 1244 1952; x_wconf 85' lang='lat' dir='ltr'><strong>ejus,</strong></span> <span class='ocrx_word' id='word_1_251' title='bbox 1295 1883 1363 1938; x_wconf 92' lang='lat' dir='ltr'><strong>de</strong></span> <span class='ocrx_word' id='word_1_252' title='bbox 1386 1883 1543 1952; x_wconf 88' lang='lat' dir='ltr'><strong>cippo</strong></span> <span class='ocrx_word' id='word_1_253' title='bbox 1563 1882 1618 1934; x_wconf 92' lang='lat' dir='ltr'><strong>in</strong></span> <span class='ocrx_word' id='word_1_254' title='bbox 1640 1895 1748 1950; x_wconf 91' lang='lat' dir='ltr'><strong>quo</strong></span> 
     </span>
    </p>
   </div>
   <div class='ocr_carea' id='block_1_34' title="bbox 166 1975 1748 2032">
    <p class='ocr_par' dir='ltr' id='par_1_34' title="bbox 166 1975 1748 2032">
     <span class='ocr_line' id='line_1_34' title="bbox 166 1975 1748 2032; baseline -0.002 -1"><span class='ocrx_word' id='word_1_255' title='bbox 166 1977 363 2032; x_wconf 82' lang='lat' dir='ltr'><strong>missus</strong></span> <span class='ocrx_word' id='word_1_256' title='bbox 418 1975 538 2031; x_wconf 82' lang='lat' dir='ltr'><strong>fuit.</strong></span> <span class='ocrx_word' id='word_1_257' title='bbox 593 1976 673 2032; x_wconf 91' lang='lat' dir='ltr'><strong>De</strong></span> <span class='ocrx_word' id='word_1_258' title='bbox 697 1991 860 2032; x_wconf 86' lang='lat' dir='ltr'><strong>cruce</strong></span> <span class='ocrx_word' id='word_1_259' title='bbox 915 1976 1090 2031; x_wconf 86' lang='lat' dir='ltr'><strong>sancti</strong></span> <span class='ocrx_word' id='word_1_260' title='bbox 1144 1975 1394 2030; x_wconf 65' lang='lat' dir='ltr'><strong>Androm.</strong></span> <span class='ocrx_word' id='word_1_261' title='bbox 1444 1975 1521 2029; x_wconf 90' lang='lat' dir='ltr'><strong>De</strong></span> <span class='ocrx_word' id='word_1_262' title='bbox 1551 1989 1748 2028; x_wconf 87' lang='lat' dir='ltr'><strong>manna</strong></span> 
     </span>
    </p>
   </div>
   <div class='ocr_carea' id='block_1_35' title="bbox 164 2067 1749 2140">
    <p class='ocr_par' dir='ltr' id='par_1_35' title="bbox 164 2067 1749 2140">
     <span class='ocr_line' id='line_1_35' title="bbox 164 2067 1749 2140; baseline -0.004 -14"><span class='ocrx_word' id='word_1_263' title='bbox 164 2070 334 2126; x_wconf 77' lang='lat' dir='ltr'><strong>sancti</strong></span> <span class='ocrx_word' id='word_1_264' title='bbox 359 2067 588 2123; x_wconf 87' lang='lat' dir='ltr'><strong>Joannis</strong></span> <span class='ocrx_word' id='word_1_265' title='bbox 616 2069 980 2140; x_wconf 63' lang='lat' dir='ltr'><strong>evangelista.</strong></span> <span class='ocrx_word' id='word_1_266' title='bbox 1009 2068 1086 2122; x_wconf 91' lang='lat' dir='ltr'><strong>De</strong></span> <span class='ocrx_word' id='word_1_267' title='bbox 1112 2067 1356 2138; x_wconf 87' lang='lat' dir='ltr'><strong>reliquiis</strong></span> <span class='ocrx_word' id='word_1_268' title='bbox 1385 2067 1749 2137; x_wconf 78' lang='lat' dir='ltr'><strong>apostolorum</strong></span> 
     </span>
    </p>
   </div>
   <div class='ocr_carea' id='block_1_36' title="bbox 165 2157 1750 2231">
    <p class='ocr_par' dir='ltr' id='par_1_36' title="bbox 165 2157 1750 2231">
     <span class='ocr_line' id='line_1_36' title="bbox 165 2157 1750 2231; baseline -0.004 -13"><span class='ocrx_word' id='word_1_269' title='bbox 165 2162 366 2228; x_wconf 80' lang='lat' dir='ltr'><strong>Jacobi,</strong></span> <span class='ocrx_word' id='word_1_270' title='bbox 395 2161 650 2231; x_wconf 87' lang='lat' dir='ltr'><strong>Philippi,</strong></span> <span class='ocrx_word' id='word_1_271' title='bbox 680 2162 921 2226; x_wconf 68' lang='lat' dir='ltr'><strong>Thomae,</strong></span> <span class='ocrx_word' id='word_1_272' title='bbox 950 2160 1350 2225; x_wconf 68' lang='lat' dir='ltr'><strong>Bartholomaei,</strong></span> <span class='ocrx_word' id='word_1_273' title='bbox 1381 2158 1639 2223; x_wconf 76' lang='lat' dir='ltr'><strong>Matthtei,</strong></span> <span class='ocrx_word' id='word_1_274' title='bbox 1665 2157 1750 2213; x_wconf 85' lang='lat' dir='ltr'><strong>Si-</strong></span> 
     </span>
    </p>
   </div>
   <div class='ocr_carea' id='block_1_37' title="bbox 163 2249 1751 2320">
    <p class='ocr_par' dir='ltr' id='par_1_37' title="bbox 163 2249 1751 2320">
     <span class='ocr_line' id='line_1_37' title="bbox 163 2249 1751 2320; baseline -0.005 -8"><span class='ocrx_word' id='word_1_275' title='bbox 163 2257 352 2318; x_wconf 71' lang='lat' dir='ltr'><strong>nonis,</strong></span> <span class='ocrx_word' id='word_1_276' title='bbox 382 2254 656 2316; x_wconf 71' lang='lat' dir='ltr'><strong>Thaddaai,</strong></span> <span class='ocrx_word' id='word_1_277' title='bbox 699 2255 958 2320; x_wconf 61' lang='lat' dir='ltr'><strong>Matthia,</strong></span> <span class='ocrx_word' id='word_1_278' title='bbox 987 2254 1250 2308; x_wconf 69' lang='lat' dir='ltr'><strong>Bal-nabat</strong></span> <span class='ocrx_word' id='word_1_279' title='bbox 1271 2262 1326 2307; x_wconf 89' lang='lat' dir='ltr'><strong>et</strong></span> <span class='ocrx_word' id='word_1_280' title='bbox 1347 2251 1638 2307; x_wconf 85' lang='lat' dir='ltr'><strong>Timothei.</strong></span> <span class='ocrx_word' id='word_1_281' title='bbox 1672 2249 1751 2304; x_wconf 86' lang='lat' dir='ltr'><strong>De</strong></span> 
     </span>
    </p>
   </div>
   <div class='ocr_carea' id='block_1_38' title="bbox 164 2341 1750 2417">
    <p class='ocr_par' dir='ltr' id='par_1_38' title="bbox 164 2341 1750 2417">
     <span class='ocr_line' id='line_1_38' title="bbox 164 2341 1750 2417; baseline -0.006 -13"><span class='ocrx_word' id='word_1_282' title='bbox 164 2348 371 2404; x_wconf 78' lang='lat' dir='ltr'><strong>ossibus</strong></span> <span class='ocrx_word' id='word_1_283' title='bbox 400 2347 676 2402; x_wconf 67' lang='lat' dir='ltr'><strong>Zachariae</strong></span> <span class='ocrx_word' id='word_1_284' title='bbox 699 2347 869 2417; x_wconf 79' lang='lat' dir='ltr'><strong>patris</strong></span> <span class='ocrx_word' id='word_1_285' title='bbox 895 2345 1067 2401; x_wconf 84' lang='lat' dir='ltr'><strong>sancti</strong></span> <span class='ocrx_word' id='word_1_286' title='bbox 1093 2344 1318 2400; x_wconf 79' lang='lat' dir='ltr'><strong>Joannis</strong></span> <span class='ocrx_word' id='word_1_287' title='bbox 1339 2344 1617 2414; x_wconf 63' lang='lat' dir='ltr'><strong>Baptistae.</strong></span> <span class='ocrx_word' id='word_1_288' title='bbox 1644 2341 1750 2396; x_wconf 82' lang='lat' dir='ltr'><strong>Re-</strong></span> 
     </span>
    </p>
   </div>
   <div class='ocr_carea' id='block_1_39' title="bbox 165 2435 1750 2512">
    <p class='ocr_par' dir='ltr' id='par_1_39' title="bbox 165 2435 1750 2512">
     <span class='ocr_line' id='line_1_39' title="bbox 165 2435 1750 2512; baseline -0.005 -16"><span class='ocrx_word' id='word_1_289' title='bbox 165 2440 336 2512; x_wconf 74' lang='lat' dir='ltr'><strong>liquiae</strong></span> <span class='ocrx_word' id='word_1_290' title='bbox 367 2440 514 2495; x_wconf 83' lang='lat' dir='ltr'><strong>beati</strong></span> <span class='ocrx_word' id='word_1_291' title='bbox 543 2439 830 2504; x_wconf 82' lang='lat' dir='ltr'><strong>Simeouis,</strong></span> <span class='ocrx_word' id='word_1_292' title='bbox 864 2438 958 2508; x_wconf 90' lang='lat' dir='ltr'><strong>qui</strong></span> <span class='ocrx_word' id='word_1_293' title='bbox 979 2439 1268 2492; x_wconf 86' lang='lat' dir='ltr'><strong>Dominum</strong></span> <span class='ocrx_word' id='word_1_294' title='bbox 1297 2437 1354 2490; x_wconf 88' lang='lat' dir='ltr'><strong>in</strong></span> <span class='ocrx_word' id='word_1_295' title='bbox 1381 2435 1538 2490; x_wconf 88' lang='lat' dir='ltr'><strong>ulnas</strong></span> <span class='ocrx_word' id='word_1_296' title='bbox 1564 2449 1750 2489; x_wconf 86' lang='lat' dir='ltr'><strong>susce-</strong></span> 
     </span>
    </p>
   </div>
   <div class='ocr_carea' id='block_1_40' title="bbox 165 2531 1750 2606">
    <p class='ocr_par' dir='ltr' id='par_1_40' title="bbox 165 2531 1750 2606">
     <span class='ocr_line' id='line_1_40' title="bbox 165 2531 1750 2606; baseline -0.005 -14"><span class='ocrx_word' id='word_1_297' title='bbox 165 2536 256 2606; x_wconf 86' lang='lat' dir='ltr'><strong>pit.</strong></span> <span class='ocrx_word' id='word_1_298' title='bbox 293 2536 370 2594; x_wconf 85' lang='lat' dir='ltr'><strong>De</strong></span> <span class='ocrx_word' id='word_1_299' title='bbox 408 2534 617 2604; x_wconf 88' lang='lat' dir='ltr'><strong>capillis</strong></span> <span class='ocrx_word' id='word_1_300' title='bbox 643 2534 788 2591; x_wconf 87' lang='lat' dir='ltr'><strong>beati</strong></span> <span class='ocrx_word' id='word_1_301' title='bbox 818 2533 1044 2589; x_wconf 86' lang='lat' dir='ltr'><strong>Joannis</strong></span> <span class='ocrx_word' id='word_1_302' title='bbox 1076 2532 1352 2602; x_wconf 65' lang='lat' dir='ltr'><strong>Baptistae,</strong></span> <span class='ocrx_word' id='word_1_303' title='bbox 1379 2533 1447 2588; x_wconf 88' lang='lat' dir='ltr'><strong>de</strong></span> <span class='ocrx_word' id='word_1_304' title='bbox 1488 2531 1750 2600; x_wconf 85' lang='lat' dir='ltr'><strong>sanguine</strong></span> 
     </span>
    </p>
   </div>
   <div class='ocr_carea' id='block_1_41' title="bbox 166 2624 714 2694">
    <p class='ocr_par' dir='ltr' id='par_1_41' title="bbox 166 2624 714 2694">
     <span class='ocr_line' id='line_1_41' title="bbox 166 2624 714 2694; baseline -0.007 -11"><span class='ocrx_word' id='word_1_305' title='bbox 166 2625 293 2694; x_wconf 86' lang='lat' dir='ltr'><strong>ejus,</strong></span> <span class='ocrx_word' id='word_1_306' title='bbox 315 2626 383 2682; x_wconf 78' lang='lat' dir='ltr'><strong>de</strong></span> <span class='ocrx_word' id='word_1_307' title='bbox 406 2634 554 2681; x_wconf 77' lang='lat' dir='ltr'><strong>veste</strong></span> <span class='ocrx_word' id='word_1_308' title='bbox 581 2624 714 2694; x_wconf 85' lang='lat' dir='ltr'><strong>ejus.</strong></span> 
     </span>
    </p>
   </div>
   <div class='ocr_carea' id='block_1_42' title="bbox 238 2711 1745 2785">
    <p class='ocr_par' dir='ltr' id='par_1_42' title="bbox 238 2711 1745 2785">
     <span class='ocr_line' id='line_1_42' title="bbox 238 2711 1745 2785; baseline -0.005 -13"><span class='ocrx_word' id='word_1_309' title='bbox 238 2718 314 2772; x_wconf 84' lang='lat' dir='ltr'><strong>De</strong></span> <span class='ocrx_word' id='word_1_310' title='bbox 337 2718 502 2772; x_wconf 84' lang='lat' dir='ltr'><strong>costis</strong></span> <span class='ocrx_word' id='word_1_311' title='bbox 527 2717 701 2774; x_wconf 81' lang='lat' dir='ltr'><strong>sancti</strong></span> <span class='ocrx_word' id='word_1_312' title='bbox 732 2715 1016 2785; x_wconf 83' lang='lat' dir='ltr'><strong>Stephani,</strong></span> <span class='ocrx_word' id='word_1_313' title='bbox 1063 2715 1128 2769; x_wconf 88' lang='lat' dir='ltr'><strong>de</strong></span> <span class='ocrx_word' id='word_1_314' title='bbox 1151 2712 1327 2782; x_wconf 84' lang='lat' dir='ltr'><strong>lapide</strong></span> <span class='ocrx_word' id='word_1_315' title='bbox 1365 2712 1507 2767; x_wconf 89' lang='lat' dir='ltr'><strong>unde</strong></span> <span class='ocrx_word' id='word_1_316' title='bbox 1537 2711 1745 2782; x_wconf 86' lang='lat' dir='ltr'><strong>lapida—</strong></span> 
     </span>
    </p>
   </div>
   <div class='ocr_carea' id='block_1_43' title="bbox 177 2807 1751 2878">
    <p class='ocr_par' dir='ltr' id='par_1_43' title="bbox 177 2807 1751 2878">
     <span class='ocr_line' id='line_1_43' title="bbox 177 2807 1751 2878; baseline -0.004 -11"><span class='ocrx_word' id='word_1_317' title='bbox 177 2821 263 2868; x_wconf 73' lang='lat' dir='ltr'><strong>tus</strong></span> <span class='ocrx_word' id='word_1_318' title='bbox 288 2819 404 2876; x_wconf 80' lang='lat' dir='ltr'><strong>est;</strong></span> <span class='ocrx_word' id='word_1_319' title='bbox 429 2813 493 2866; x_wconf 87' lang='lat' dir='ltr'><strong>de</strong></span> <span class='ocrx_word' id='word_1_320' title='bbox 526 2811 789 2868; x_wconf 86' lang='lat' dir='ltr'><strong>craticula</strong></span> <span class='ocrx_word' id='word_1_321' title='bbox 839 2810 1010 2866; x_wconf 87' lang='lat' dir='ltr'><strong>sancti</strong></span> <span class='ocrx_word' id='word_1_322' title='bbox 1042 2808 1342 2863; x_wconf 87' lang='lat' dir='ltr'><strong>Laurentii.</strong></span> <span class='ocrx_word' id='word_1_323' title='bbox 1376 2807 1585 2878; x_wconf 79' lang='lat' dir='ltr'><strong>Digitus</strong></span> <span class='ocrx_word' id='word_1_324' title='bbox 1625 2822 1751 2861; x_wconf 76' lang='lat' dir='ltr'><strong>san-</strong></span> 
     </span>
    </p>
   </div>
   <div class='ocr_carea' id='block_1_44' title="bbox 170 2901 1753 2978">
    <p class='ocr_par' dir='ltr' id='par_1_44' title="bbox 170 2901 1753 2978">
     <span class='ocr_line' id='line_1_44' title="bbox 170 2901 1753 2978; baseline -0.006 -14"><span class='ocrx_word' id='word_1_325' title='bbox 170 2908 244 2964; x_wconf 80' lang='lat' dir='ltr'><strong>oti</strong></span> <span class='ocrx_word' id='word_1_326' title='bbox 269 2907 624 2978; x_wconf 78' lang='lat' dir='ltr'><strong>Apollinaris;</strong></span> <span class='ocrx_word' id='word_1_327' title='bbox 677 2908 745 2963; x_wconf 90' lang='lat' dir='ltr'><strong>de</strong></span> <span class='ocrx_word' id='word_1_328' title='bbox 792 2906 1017 2978; x_wconf 89' lang='lat' dir='ltr'><strong>spongia</strong></span> <span class='ocrx_word' id='word_1_329' title='bbox 1046 2904 1218 2960; x_wconf 86' lang='lat' dir='ltr'><strong>sancti</strong></span> <span class='ocrx_word' id='word_1_330' title='bbox 1264 2901 1663 2975; x_wconf 78' lang='lat' dir='ltr'><strong>Sympitoriani,</strong></span> <span class='ocrx_word' id='word_1_331' title='bbox 1697 2909 1753 2955; x_wconf 91' lang='lat' dir='ltr'><strong>et</strong></span> 
     </span>
    </p>
   </div>
   <div class='ocr_carea' id='block_1_45' title="bbox 166 2995 1751 3069">
    <p class='ocr_par' dir='ltr' id='par_1_45' title="bbox 166 2995 1751 3069">
     <span class='ocr_line' id='line_1_45' title="bbox 166 2995 1751 3069; baseline -0.005 -13"><span class='ocrx_word' id='word_1_332' title='bbox 166 2999 232 3056; x_wconf 84' lang='lat' dir='ltr'><strong>de</strong></span> <span class='ocrx_word' id='word_1_333' title='bbox 261 3009 410 3056; x_wconf 81' lang='lat' dir='ltr'><strong>veste</strong></span> <span class='ocrx_word' id='word_1_334' title='bbox 450 3001 640 3056; x_wconf 86' lang='lat' dir='ltr'><strong>matris</strong></span> <span class='ocrx_word' id='word_1_335' title='bbox 664 2999 802 3069; x_wconf 81' lang='lat' dir='ltr'><strong>ejus.</strong></span> <span class='ocrx_word' id='word_1_336' title='bbox 837 2999 1100 3069; x_wconf 63' lang='lat' dir='ltr'><strong>Reliquiae</strong></span> <span class='ocrx_word' id='word_1_337' title='bbox 1139 2997 1313 3054; x_wconf 84' lang='lat' dir='ltr'><strong>sancti</strong></span> <span class='ocrx_word' id='word_1_338' title='bbox 1340 2995 1636 3060; x_wconf 87' lang='lat' dir='ltr'><strong>Pancratii,</strong></span> <span class='ocrx_word' id='word_1_339' title='bbox 1659 2995 1751 3050; x_wconf 89' lang='lat' dir='ltr'><strong>Vi-</strong></span> 
     </span>
    </p>
   </div>
   <div class='ocr_carea' id='block_1_46' title="bbox 166 3089 1754 3167">
    <p class='ocr_par' dir='ltr' id='par_1_46' title="bbox 166 3089 1754 3167">
     <span class='ocr_line' id='line_1_46' title="bbox 166 3089 1754 3167; baseline -0.004 -16"><span class='ocrx_word' id='word_1_340' title='bbox 166 3094 298 3166; x_wconf 83' lang='lat' dir='ltr'><strong>gilti,</strong></span> <span class='ocrx_word' id='word_1_341' title='bbox 325 3095 576 3162; x_wconf 85' lang='lat' dir='ltr'><strong>Sisinnii,</strong></span> <span class='ocrx_word' id='word_1_342' title='bbox 611 3095 878 3167; x_wconf 81' lang='lat' dir='ltr'><strong>Martyrii,</strong></span> <span class='ocrx_word' id='word_1_343' title='bbox 907 3094 1195 3164; x_wconf 85' lang='lat' dir='ltr'><strong>Pamphili,</strong></span> <span class='ocrx_word' id='word_1_344' title='bbox 1228 3101 1541 3149; x_wconf 88' lang='lat' dir='ltr'><strong>sanctorum</strong></span> <span class='ocrx_word' id='word_1_345' title='bbox 1568 3089 1754 3145; x_wconf 82' lang='lat' dir='ltr'><strong>Gemi-</strong></span> 
     </span>
    </p>
   </div>
   <div class='ocr_carea' id='block_1_47' title="bbox 165 3185 1750 3258">
    <p class='ocr_par' dir='ltr' id='par_1_47' title="bbox 165 3185 1750 3258">
     <span class='ocr_line' id='line_1_47' title="bbox 165 3185 1750 3258; baseline -0.005 -12"><span class='ocrx_word' id='word_1_346' title='bbox 165 3204 376 3257; x_wconf 82' lang='lat' dir='ltr'><strong>norum,</strong></span> <span class='ocrx_word' id='word_1_347' title='bbox 429 3191 676 3257; x_wconf 84' lang='lat' dir='ltr'><strong>Fabiani,</strong></span> <span class='ocrx_word' id='word_1_348' title='bbox 729 3189 952 3255; x_wconf 88' lang='lat' dir='ltr'><strong>Valerii,</strong></span> <span class='ocrx_word' id='word_1_349' title='bbox 1006 3187 1336 3258; x_wconf 83' lang='lat' dir='ltr'><strong>Pergentini,</strong></span> <span class='ocrx_word' id='word_1_350' title='bbox 1385 3185 1612 3251; x_wconf 68' lang='lat' dir='ltr'><strong>Cosmte,</strong></span> <span class='ocrx_word' id='word_1_351' title='bbox 1642 3185 1750 3239; x_wconf 86' lang='lat' dir='ltr'><strong>Da-</strong></span> 
     </span>
    </p>
   </div>
   <div class='ocr_carea' id='block_1_48' title="bbox 169 3277 1755 3352">
    <p class='ocr_par' dir='ltr' id='par_1_48' title="bbox 169 3277 1755 3352">
     <span class='ocr_line' id='line_1_48' title="bbox 169 3277 1755 3352; baseline -0.003 -15"><span class='ocrx_word' id='word_1_352' title='bbox 169 3284 354 3348; x_wconf 82' lang='lat' dir='ltr'><strong>miani,</strong></span> <span class='ocrx_word' id='word_1_353' title='bbox 392 3281 689 3347; x_wconf 85' lang='lat' dir='ltr'><strong>Anastasii,</strong></span> <span class='ocrx_word' id='word_1_354' title='bbox 730 3280 967 3352; x_wconf 77' lang='lat' dir='ltr'><strong>Georgii,</strong></span> <span class='ocrx_word' id='word_1_355' title='bbox 999 3280 1312 3345; x_wconf 76' lang='lat' dir='ltr'><strong>Alexandri,</strong></span> <span class='ocrx_word' id='word_1_356' title='bbox 1346 3277 1614 3344; x_wconf 87' lang='lat' dir='ltr'><strong>Cassiani,</strong></span> <span class='ocrx_word' id='word_1_357' title='bbox 1644 3277 1755 3332; x_wconf 83' lang='lat' dir='ltr'><strong>Ma-</strong></span> 
     </span>
    </p>
   </div>
   <div class='ocr_carea' id='block_1_49' title="bbox 165 3370 1755 3445">
    <p class='ocr_par' dir='ltr' id='par_1_49' title="bbox 165 3370 1755 3445">
     <span class='ocr_line' id='line_1_49' title="bbox 165 3370 1755 3445; baseline -0.002 -16"><span class='ocrx_word' id='word_1_358' title='bbox 165 3375 270 3445; x_wconf 89' lang='lat' dir='ltr'><strong>gni,</strong></span> <span class='ocrx_word' id='word_1_359' title='bbox 302 3373 516 3441; x_wconf 88' lang='lat' dir='ltr'><strong>Vitalis,</strong></span> <span class='ocrx_word' id='word_1_360' title='bbox 545 3374 781 3441; x_wconf 80' lang='lat' dir='ltr'><strong>Nazarii,</strong></span> <span class='ocrx_word' id='word_1_361' title='bbox 832 3373 1082 3438; x_wconf 83' lang='lat' dir='ltr'><strong>Nahoris,</strong></span> <span class='ocrx_word' id='word_1_362' title='bbox 1116 3372 1277 3438; x_wconf 84' lang='lat' dir='ltr'><strong>Celsi,</strong></span> <span class='ocrx_word' id='word_1_363' title='bbox 1329 3371 1596 3436; x_wconf 85' lang='lat' dir='ltr'><strong>Gervasii,</strong></span> <span class='ocrx_word' id='word_1_364' title='bbox 1629 3370 1755 3426; x_wconf 83' lang='lat' dir='ltr'><strong>Pro-</strong></span> 
     </span>
    </p>
   </div>
   <div class='ocr_carea' id='block_1_50' title="bbox 165 3464 1751 3532">
    <p class='ocr_par' dir='ltr' id='par_1_50' title="bbox 165 3464 1751 3532">
     <span class='ocr_line' id='line_1_50' title="bbox 165 3464 1751 3532; baseline -0.002 -11"><span class='ocrx_word' id='word_1_365' title='bbox 165 3467 310 3532; x_wconf 84' lang='lat' dir='ltr'><strong>tasii,</strong></span> <span class='ocrx_word' id='word_1_366' title='bbox 371 3467 696 3532; x_wconf 81' lang='lat' dir='ltr'><strong>Innocentis,</strong></span> <span class='ocrx_word' id='word_1_367' title='bbox 762 3466 1060 3531; x_wconf 81' lang='lat' dir='ltr'><strong>Laurentii,</strong></span> <span class='ocrx_word' id='word_1_368' title='bbox 1122 3465 1379 3530; x_wconf 88' lang='lat' dir='ltr'><strong>Tiburtii,</strong></span> <span class='ocrx_word' id='word_1_369' title='bbox 1459 3464 1751 3530; x_wconf 88' lang='lat' dir='ltr'><strong>Valeriani,</strong></span> 
     </span>
    </p>
   </div>
   <div class='ocr_carea' id='block_1_51' title="bbox 161 3556 1749 3632">
    <p class='ocr_par' dir='ltr' id='par_1_51' title="bbox 161 3556 1749 3632">
     <span class='ocr_line' id='line_1_51' title="bbox 161 3556 1749 3632; baseline -0.003 -18"><span class='ocrx_word' id='word_1_370' title='bbox 161 3558 458 3632; x_wconf 78' lang='lat' dir='ltr'><strong>Hippolyti,</strong></span> <span class='ocrx_word' id='word_1_371' title='bbox 499 3559 896 3629; x_wconf 87' lang='lat' dir='ltr'><strong>Christophori,</strong></span> <span class='ocrx_word' id='word_1_372' title='bbox 930 3558 1144 3625; x_wconf 84' lang='lat' dir='ltr'><strong>Felicis,</strong></span> <span class='ocrx_word' id='word_1_373' title='bbox 1197 3557 1462 3621; x_wconf 82' lang='lat' dir='ltr'><strong>Mauricii,</strong></span> <span class='ocrx_word' id='word_1_374' title='bbox 1502 3556 1749 3620; x_wconf 88' lang='lat' dir='ltr'><strong>Candidi,</strong></span> 
     </span>
    </p>
   </div>
   <div class='ocr_carea' id='block_1_52' title="bbox 159 3649 1752 3724">
    <p class='ocr_par' dir='ltr' id='par_1_52' title="bbox 159 3649 1752 3724">
     <span class='ocr_line' id='line_1_52' title="bbox 159 3649 1752 3724; baseline -0.004 -16"><span class='ocrx_word' id='word_1_375' title='bbox 159 3651 472 3724; x_wconf 69' lang='lat' dir='ltr'><strong>Exsuperii,</strong></span> <span class='ocrx_word' id='word_1_376' title='bbox 516 3653 768 3717; x_wconf 78' lang='lat' dir='ltr'><strong>Victoris,</strong></span> <span class='ocrx_word' id='word_1_377' title='bbox 826 3650 1142 3714; x_wconf 88' lang='lat' dir='ltr'><strong>Innocentii,</strong></span> <span class='ocrx_word' id='word_1_378' title='bbox 1201 3650 1444 3720; x_wconf 84' lang='lat' dir='ltr'><strong>Benigni,</strong></span> <span class='ocrx_word' id='word_1_379' title='bbox 1491 3649 1752 3720; x_wconf 89' lang='lat' dir='ltr'><strong>Dionysii,</strong></span> 
     </span>
    </p>
   </div>
   <div class='ocr_carea' id='block_1_53' title="bbox 161 3739 1755 3809">
    <p class='ocr_par' dir='ltr' id='par_1_53' title="bbox 161 3739 1755 3809">
     <span class='ocr_line' id='line_1_53' title="bbox 161 3739 1755 3809; baseline -0.003 -12"><span class='ocrx_word' id='word_1_380' title='bbox 161 3741 394 3808; x_wconf 78' lang='lat' dir='ltr'><strong>Rustici,</strong></span> <span class='ocrx_word' id='word_1_381' title='bbox 428 3742 744 3808; x_wconf 85' lang='lat' dir='ltr'><strong>Eleutherii,</strong></span> <span class='ocrx_word' id='word_1_382' title='bbox 773 3740 1029 3806; x_wconf 86' lang='lat' dir='ltr'><strong>Cornelii,</strong></span> <span class='ocrx_word' id='word_1_383' title='bbox 1077 3740 1414 3809; x_wconf 86' lang='lat' dir='ltr'><strong>Leodegarii,</strong></span> <span class='ocrx_word' id='word_1_384' title='bbox 1450 3739 1610 3802; x_wconf 80' lang='lat' dir='ltr'><strong>Sixti,</strong></span> <span class='ocrx_word' id='word_1_385' title='bbox 1634 3739 1755 3793; x_wconf 86' lang='lat' dir='ltr'><strong>Fir-</strong></span> 
     </span>
    </p>
   </div>
   <div class='ocr_carea' id='block_1_54' title="bbox 158 3830 1756 3900">
    <p class='ocr_par' dir='ltr' id='par_1_54' title="bbox 158 3830 1756 3900">
     <span class='ocr_line' id='line_1_54' title="bbox 158 3830 1756 3900; baseline -0.002 -12"><span class='ocrx_word' id='word_1_386' title='bbox 158 3834 312 3900; x_wconf 86' lang='lat' dir='ltr'><strong>ini,</strong></span> <span class='ocrx_word' id='word_1_387' title='bbox 352 3833 657 3897; x_wconf 78' lang='lat' dir='ltr'><strong>Saturnini,</strong></span> <span class='ocrx_word' id='word_1_388' title='bbox 696 3832 958 3900; x_wconf 84' lang='lat' dir='ltr'><strong>Quintini,</strong></span> <span class='ocrx_word' id='word_1_389' title='bbox 1009 3831 1300 3895; x_wconf 79' lang='lat' dir='ltr'><strong>Valentini,</strong></span> <span class='ocrx_word' id='word_1_390' title='bbox 1356 3830 1614 3895; x_wconf 79' lang='lat' dir='ltr'><strong>Marcelli,</strong></span> <span class='ocrx_word' id='word_1_391' title='bbox 1650 3830 1756 3885; x_wconf 90' lang='lat' dir='ltr'><strong>Lu-</strong></span> 
     </span>
    </p>
   </div>
   <div class='ocr_carea' id='block_1_55' title="bbox 159 3922 1758 3994">
    <p class='ocr_par' dir='ltr' id='par_1_55' title="bbox 159 3922 1758 3994">
     <span class='ocr_line' id='line_1_55' title="bbox 159 3922 1758 3994; baseline -0.003 -14"><span class='ocrx_word' id='word_1_392' title='bbox 159 3925 322 3991; x_wconf 86' lang='lat' dir='ltr'><strong>ciani,</strong></span> <span class='ocrx_word' id='word_1_393' title='bbox 370 3924 633 3994; x_wconf 82' lang='lat' dir='ltr'><strong>Crispini,</strong></span> <span class='ocrx_word' id='word_1_394' title='bbox 692 3923 1041 3993; x_wconf 89' lang='lat' dir='ltr'><strong>Crispiniani,</strong></span> <span class='ocrx_word' id='word_1_395' title='bbox 1073 3931 1127 3977; x_wconf 88' lang='lat' dir='ltr'><strong>et</strong></span> <span class='ocrx_word' id='word_1_396' title='bbox 1161 3922 1227 3975; x_wconf 88' lang='lat' dir='ltr'><strong>de</strong></span> <span class='ocrx_word' id='word_1_397' title='bbox 1271 3923 1484 3977; x_wconf 89' lang='lat' dir='ltr'><strong>ossibus</strong></span> <span class='ocrx_word' id='word_1_398' title='bbox 1521 3923 1758 3993; x_wconf 88' lang='lat' dir='ltr'><strong>quadra-</strong></span> 
     </span>
    </p>
   </div>
   <div class='ocr_carea' id='block_1_56' title="bbox 160 4015 1752 4091">
    <p class='ocr_par' dir='ltr' id='par_1_56' title="bbox 160 4015 1752 4091">
     <span class='ocr_line' id='line_1_56' title="bbox 160 4015 1752 4091; baseline -0.005 -15"><span class='ocrx_word' id='word_1_399' title='bbox 160 4021 305 4090; x_wconf 85' lang='lat' dir='ltr'><strong>ginta</strong></span> <span class='ocrx_word' id='word_1_400' title='bbox 338 4029 671 4091; x_wconf 74' lang='lat' dir='ltr'><strong>martyrum,</strong></span> <span class='ocrx_word' id='word_1_401' title='bbox 699 4026 757 4074; x_wconf 93' lang='lat' dir='ltr'><strong>et</strong></span> <span class='ocrx_word' id='word_1_402' title='bbox 778 4016 846 4072; x_wconf 90' lang='lat' dir='ltr'><strong>de</strong></span> <span class='ocrx_word' id='word_1_403' title='bbox 873 4017 1134 4086; x_wconf 86' lang='lat' dir='ltr'><strong>sanguine</strong></span> <span class='ocrx_word' id='word_1_404' title='bbox 1163 4016 1392 4071; x_wconf 88' lang='lat' dir='ltr'><strong>aliorum</strong></span> <span class='ocrx_word' id='word_1_405' title='bbox 1439 4015 1752 4070; x_wconf 89' lang='lat' dir='ltr'><strong>multorum.</strong></span> 
     </span>
    </p>
   </div>
   <div class='ocr_carea' id='block_1_57' title="bbox 227 4107 1757 4174">
    <p class='ocr_par' dir='ltr' id='par_1_57' title="bbox 227 4107 1757 4174">
     <span class='ocr_line' id='line_1_57' title="bbox 227 4107 1757 4174; baseline -0.004 -8"><span class='ocrx_word' id='word_1_406' title='bbox 227 4110 428 4168; x_wconf 83' lang='lat' dir='ltr'><strong>Sancti</strong></span> <span class='ocrx_word' id='word_1_407' title='bbox 472 4109 685 4174; x_wconf 79' lang='lat' dir='ltr'><strong>Hilarii,</strong></span> <span class='ocrx_word' id='word_1_408' title='bbox 733 4108 974 4172; x_wconf 80' lang='lat' dir='ltr'><strong>Martini,</strong></span> <span class='ocrx_word' id='word_1_409' title='bbox 1015 4107 1289 4172; x_wconf 86' lang='lat' dir='ltr'><strong>Germani,</strong></span> <span class='ocrx_word' id='word_1_410' title='bbox 1349 4107 1610 4171; x_wconf 85' lang='lat' dir='ltr'><strong>Medardi,</strong></span> <span class='ocrx_word' id='word_1_411' title='bbox 1648 4107 1757 4161; x_wconf 83' lang='lat' dir='ltr'><strong>Au-</strong></span> 
     </span>
    </p>
   </div>
   <div class='ocr_carea' id='block_1_58' title="bbox 160 4197 1758 4272">
    <p class='ocr_par' dir='ltr' id='par_1_58' title="bbox 160 4197 1758 4272">
     <span class='ocr_line' id='line_1_58' title="bbox 160 4197 1758 4272; baseline -0.005 -12"><span class='ocrx_word' id='word_1_412' title='bbox 160 4205 343 4270; x_wconf 83' lang='lat' dir='ltr'><strong>doeni,</strong></span> <span class='ocrx_word' id='word_1_413' title='bbox 368 4202 558 4272; x_wconf 82' lang='lat' dir='ltr'><strong>Eligii,</strong></span> <span class='ocrx_word' id='word_1_414' title='bbox 589 4198 843 4265; x_wconf 79' lang='lat' dir='ltr'><strong>Amandi,</strong></span> <span class='ocrx_word' id='word_1_415' title='bbox 873 4198 1031 4269; x_wconf 89' lang='lat' dir='ltr'><strong>Lupi,</strong></span> <span class='ocrx_word' id='word_1_416' title='bbox 1063 4197 1334 4263; x_wconf 82' lang='lat' dir='ltr'><strong>Aventini,</strong></span> <span class='ocrx_word' id='word_1_417' title='bbox 1367 4197 1610 4267; x_wconf 88' lang='lat' dir='ltr'><strong>Sulpicii,</strong></span> <span class='ocrx_word' id='word_1_418' title='bbox 1652 4199 1758 4253; x_wconf 81' lang='lat' dir='ltr'><strong>Be-</strong></span> 
     </span>
    </p>
   </div>
   <div class='ocr_carea' id='block_1_59' title="bbox 157 4292 1756 4364">
    <p class='ocr_par' dir='ltr' id='par_1_59' title="bbox 157 4292 1756 4364">
     <span class='ocr_line' id='line_1_59' title="bbox 157 4292 1756 4364; baseline -0.004 -12"><span class='ocrx_word' id='word_1_419' title='bbox 157 4297 344 4364; x_wconf 80' lang='lat' dir='ltr'><strong>medii,</strong></span> <span class='ocrx_word' id='word_1_420' title='bbox 412 4295 770 4359; x_wconf 76' lang='lat' dir='ltr'><strong>Maurilionis,</strong></span> <span class='ocrx_word' id='word_1_421' title='bbox 836 4293 1036 4359; x_wconf 80' lang='lat' dir='ltr'><strong>Albini,</strong></span> <span class='ocrx_word' id='word_1_422' title='bbox 1104 4292 1359 4356; x_wconf 86' lang='lat' dir='ltr'><strong>Servatii,</strong></span> <span class='ocrx_word' id='word_1_423' title='bbox 1421 4293 1756 4362; x_wconf 86' lang='lat' dir='ltr'><strong>Hieronymi,</strong></span> 
     </span>
    </p>
   </div>
   <div class='ocr_carea' id='block_1_60' title="bbox 155 4385 1760 4459">
    <p class='ocr_par' dir='ltr' id='par_1_60' title="bbox 155 4385 1760 4459">
     <span class='ocr_line' id='line_1_60' title="bbox 155 4385 1760 4459; baseline -0.002 -16"><span class='ocrx_word' id='word_1_424' title='bbox 155 4386 417 4459; x_wconf 60' lang='lat' dir='ltr'><strong>Equitii,</strong></span> <span class='ocrx_word' id='word_1_425' title='bbox 450 4389 705 4458; x_wconf 86' lang='lat' dir='ltr'><strong>Ephrem,</strong></span> <span class='ocrx_word' id='word_1_426' title='bbox 748 4386 1020 4458; x_wconf 83' lang='lat' dir='ltr'><strong>Gregorii,</strong></span> <span class='ocrx_word' id='word_1_427' title='bbox 1066 4386 1371 4458; x_wconf 84' lang='lat' dir='ltr'><strong>Augustini,</strong></span> <span class='ocrx_word' id='word_1_428' title='bbox 1407 4386 1623 4452; x_wconf 89' lang='lat' dir='ltr'><strong>Leonis,</strong></span> <span class='ocrx_word' id='word_1_429' title='bbox 1653 4385 1760 4440; x_wconf 91' lang='lat' dir='ltr'><strong>Sil-</strong></span> 
     </span>
    </p>
   </div>
   <div class='ocr_carea' id='block_1_61' title="bbox 1778 3138 1826 3204">
    <p class='ocr_par' dir='ltr' id='par_1_61' title="bbox 1778 3138 1826 3204">
     <span class='ocr_line' id='line_1_61' title="bbox 1778 3138 1826 3204; baseline 0 0"><span class='ocrx_word' id='word_1_430' title='bbox 1778 3138 1826 3204; x_wconf 76' lang='grc' dir='ltr'><strong>ϐ</strong></span> 
     </span>
    </p>
   </div>
   <div class='ocr_carea' id='block_1_62' title="bbox 1850 1889 3433 1964">
    <p class='ocr_par' dir='ltr' id='par_1_62' title="bbox 1850 1889 3433 1964">
     <span class='ocr_line' id='line_1_62' title="bbox 1850 1889 3433 1964; baseline 0.008 -28"><span class='ocrx_word' id='word_1_431' title='bbox 1850 1895 1970 1937; x_wconf 90' lang='lat' dir='ltr'><strong>mus</strong></span> <span class='ocrx_word' id='word_1_432' title='bbox 2016 1891 2226 1952; x_wconf 83' lang='lat' dir='ltr'><strong>partem</strong></span> <span class='ocrx_word' id='word_1_433' title='bbox 2280 1899 2442 1956; x_wconf 81' lang='lat' dir='ltr'><strong>supra</strong></span> <span class='ocrx_word' id='word_1_434' title='bbox 2471 1889 2793 1958; x_wconf 87' lang='lat' dir='ltr'><strong>scriptamm</strong></span> <span class='ocrx_word' id='word_1_435' title='bbox 2849 1891 3216 1961; x_wconf 86' lang='lat' dir='ltr'><strong>reliquiarum,</strong></span> <span class='ocrx_word' id='word_1_436' title='bbox 3271 1907 3433 1964; x_wconf 87' lang='lat' dir='ltr'><strong>quam</strong></span> 
     </span>
    </p>
   </div>
   <div class='ocr_carea' id='block_1_63' title="bbox 1851 1972 3434 2054">
    <p class='ocr_par' dir='ltr' id='par_1_63' title="bbox 1851 1972 3434 2054">
     <span class='ocr_line' id='line_1_63' title="bbox 1851 1972 3434 2054; baseline 0.009 -30"><span class='ocrx_word' id='word_1_437' title='bbox 1851 1985 1971 2025; x_wconf 83' lang='lat' dir='ltr'><strong>eum</strong></span> <span class='ocrx_word' id='word_1_438' title='bbox 1994 1972 2126 2043; x_wconf 86' lang='lat' dir='ltr'><strong>ipsis</strong></span> <span class='ocrx_word' id='word_1_439' title='bbox 2163 1975 2234 2030; x_wconf 82' lang='lat' dir='ltr'><strong>ob</strong></span> <span class='ocrx_word' id='word_1_440' title='bbox 2254 1978 2657 2033; x_wconf 72' lang='lat' dir='ltr'><strong>venerationem</strong></span> <span class='ocrx_word' id='word_1_441' title='bbox 2699 1980 2909 2035; x_wconf 90' lang='lat' dir='ltr'><strong>illorum</strong></span> <span class='ocrx_word' id='word_1_442' title='bbox 2938 1989 3269 2047; x_wconf 86' lang='lat' dir='ltr'><strong>sanctorum,</strong></span> <span class='ocrx_word' id='word_1_443' title='bbox 3298 1999 3434 2054; x_wconf 87' lang='lat' dir='ltr'><strong>quo-</strong></span> 
     </span>
    </p>
   </div>
   <div class='ocr_carea' id='block_1_64' title="bbox 1851 2065 3432 2146">
    <p class='ocr_par' dir='ltr' id='par_1_64' title="bbox 1851 2065 3432 2146">
     <span class='ocr_line' id='line_1_64' title="bbox 1851 2065 3432 2146; baseline 0.008 -28"><span class='ocrx_word' id='word_1_444' title='bbox 1851 2077 1973 2118; x_wconf 89' lang='lat' dir='ltr'><strong>rum</strong></span> <span class='ocrx_word' id='word_1_445' title='bbox 1998 2065 2237 2135; x_wconf 66' lang='lat' dir='ltr'><strong>reliquiae</strong></span> <span class='ocrx_word' id='word_1_446' title='bbox 2258 2068 2312 2121; x_wconf 87' lang='lat' dir='ltr'><strong>in</strong></span> <span class='ocrx_word' id='word_1_447' title='bbox 2339 2081 2402 2123; x_wconf 90' lang='lat' dir='ltr'><strong>ea</strong></span> <span class='ocrx_word' id='word_1_448' title='bbox 2432 2071 2650 2124; x_wconf 87' lang='lat' dir='ltr'><strong>recondi</strong></span> <span class='ocrx_word' id='word_1_449' title='bbox 2676 2071 2948 2139; x_wconf 86' lang='lat' dir='ltr'><strong>videntur,</strong></span> <span class='ocrx_word' id='word_1_450' title='bbox 2971 2075 3162 2130; x_wconf 84' lang='lat' dir='ltr'><strong>subtus</strong></span> <span class='ocrx_word' id='word_1_451' title='bbox 3188 2084 3432 2146; x_wconf 81' lang='lat' dir='ltr'><strong>cryptam</strong></span> 
     </span>
    </p>
   </div>
   <div class='ocr_carea' id='block_1_65' title="bbox 1851 2159 3434 2234">
    <p class='ocr_par' dir='ltr' id='par_1_65' title="bbox 1851 2159 3434 2234">
     <span class='ocr_line' id='line_1_65' title="bbox 1851 2159 3434 2234; baseline 0.008 -22"><span class='ocrx_word' id='word_1_452' title='bbox 1851 2171 1878 2198; x_wconf 81' lang='grc' dir='ltr'>ι</span> <span class='ocrx_word' id='word_1_453' title='bbox 1911 2161 2084 2214; x_wconf 88' lang='lat' dir='ltr'><strong>sancti</strong></span> <span class='ocrx_word' id='word_1_454' title='bbox 2111 2159 2410 2217; x_wconf 85' lang='lat' dir='ltr'><strong>Salvatoris</strong></span> <span class='ocrx_word' id='word_1_455' title='bbox 2437 2179 2637 2234; x_wconf 88' lang='lat' dir='ltr'><strong>ponere</strong></span> <span class='ocrx_word' id='word_1_456' title='bbox 2689 2166 3013 2232; x_wconf 89' lang='lat' dir='ltr'><strong>studuimus,</strong></span> <span class='ocrx_word' id='word_1_457' title='bbox 3060 2183 3184 2222; x_wconf 85' lang='lat' dir='ltr'><strong>nam</strong></span> <span class='ocrx_word' id='word_1_458' title='bbox 3209 2177 3434 2224; x_wconf 69' lang='lat' dir='ltr'><strong>caetero-</strong></span> 
     </span>
    </p>
   </div>
   <div class='ocr_carea' id='block_1_66' title="bbox 1852 2255 3432 2330">
    <p class='ocr_par' dir='ltr' id='par_1_66' title="bbox 1852 2255 3432 2330">
     <span class='ocr_line' id='line_1_66' title="bbox 1852 2255 3432 2330; baseline 0.005 -23"><span class='ocrx_word' id='word_1_459' title='bbox 1852 2267 1974 2308; x_wconf 87' lang='lat' dir='ltr'><strong>rum</strong></span> <span class='ocrx_word' id='word_1_460' title='bbox 1998 2261 2308 2310; x_wconf 88' lang='lat' dir='ltr'><strong>sanctorum</strong></span> <span class='ocrx_word' id='word_1_461' title='bbox 2341 2255 2618 2326; x_wconf 84' lang='lat' dir='ltr'><strong>reliquias,</strong></span> <span class='ocrx_word' id='word_1_462' title='bbox 2647 2273 2768 2328; x_wconf 61' lang='lat' dir='ltr'><strong>quae</strong></span> <span class='ocrx_word' id='word_1_463' title='bbox 2804 2274 2966 2330; x_wconf 88' lang='lat' dir='ltr'><strong>supra</strong></span> <span class='ocrx_word' id='word_1_464' title='bbox 2991 2259 3246 2330; x_wconf 82' lang='lat' dir='ltr'><strong>leguntur</strong></span> <span class='ocrx_word' id='word_1_465' title='bbox 3266 2260 3432 2315; x_wconf 87' lang='lat' dir='ltr'><strong>ascri-</strong></span> 
     </span>
    </p>
   </div>
   <div class='ocr_carea' id='block_1_67' title="bbox 1851 2348 3435 2427">
    <p class='ocr_par' dir='ltr' id='par_1_67' title="bbox 1851 2348 3435 2427">
     <span class='ocr_line' id='line_1_67' title="bbox 1851 2348 3435 2427; baseline 0.005 -25"><span class='ocrx_word' id='word_1_466' title='bbox 1851 2354 1979 2417; x_wconf 67' lang='lat' dir='ltr'><strong>ptte,</strong></span> <span class='ocrx_word' id='word_1_467' title='bbox 2027 2362 2126 2418; x_wconf 89' lang='lat' dir='ltr'><strong>per</strong></span> <span class='ocrx_word' id='word_1_468' title='bbox 2151 2348 2284 2404; x_wconf 89' lang='lat' dir='ltr'><strong>alias</strong></span> <span class='ocrx_word' id='word_1_469' title='bbox 2317 2351 2578 2405; x_wconf 89' lang='lat' dir='ltr'><strong>tredecim</strong></span> <span class='ocrx_word' id='word_1_470' title='bbox 2605 2365 2793 2420; x_wconf 87' lang='lat' dir='ltr'><strong>capsas</strong></span> <span class='ocrx_word' id='word_1_471' title='bbox 2819 2368 3056 2408; x_wconf 77' lang='lat' dir='ltr'><strong>minores</strong></span> <span class='ocrx_word' id='word_1_472' title='bbox 3081 2369 3213 2409; x_wconf 86' lang='lat' dir='ltr'><strong>auro</strong></span> <span class='ocrx_word' id='word_1_473' title='bbox 3244 2369 3435 2427; x_wconf 81' lang='lat' dir='ltr'><strong>argen-</strong></span> 
     </span>
    </p>
   </div>
   <div class='ocr_carea' id='block_1_68' title="bbox 1856 2441 3431 2517">
    <p class='ocr_par' dir='ltr' id='par_1_68' title="bbox 1856 2441 3431 2517">
     <span class='ocr_line' id='line_1_68' title="bbox 1856 2441 3431 2517; baseline 0.006 -23"><span class='ocrx_word' id='word_1_474' title='bbox 1856 2448 2020 2510; x_wconf 84' lang='lat' dir='ltr'><strong>teque</strong></span> <span class='ocrx_word' id='word_1_475' title='bbox 2057 2441 2142 2495; x_wconf 88' lang='lat' dir='ltr'><strong>vel</strong></span> <span class='ocrx_word' id='word_1_476' title='bbox 2195 2443 2424 2512; x_wconf 86' lang='lat' dir='ltr'><strong>gemmis</strong></span> <span class='ocrx_word' id='word_1_477' title='bbox 2456 2445 2709 2512; x_wconf 88' lang='lat' dir='ltr'><strong>pretiosis</strong></span> <span class='ocrx_word' id='word_1_478' title='bbox 2759 2445 3141 2501; x_wconf 80' lang='lat' dir='ltr'><strong>honestissime</strong></span> <span class='ocrx_word' id='word_1_479' title='bbox 3186 2456 3431 2517; x_wconf 84' lang='lat' dir='ltr'><strong>paratas,</strong></span> 
     </span>
    </p>
   </div>
   <div class='ocr_carea' id='block_1_69' title="bbox 1852 2533 3435 2603">
    <p class='ocr_par' dir='ltr' id='par_1_69' title="bbox 1852 2533 3435 2603">
     <span class='ocr_line' id='line_1_69' title="bbox 1852 2533 3435 2603; baseline 0.006 -18"><span class='ocrx_word' id='word_1_480' title='bbox 1852 2546 1988 2601; x_wconf 84' lang='lat' dir='ltr'><strong>quas</strong></span> <span class='ocrx_word' id='word_1_481' title='bbox 2013 2547 2044 2586; x_wconf 89' lang='lat' dir='ltr'><strong>a</strong></span> <span class='ocrx_word' id='word_1_482' title='bbox 2066 2546 2208 2603; x_wconf 71' lang='lat' dir='ltr'><strong>saepe</strong></span> <span class='ocrx_word' id='word_1_483' title='bbox 2228 2533 2387 2588; x_wconf 88' lang='lat' dir='ltr'><strong>dictis</strong></span> <span class='ocrx_word' id='word_1_484' title='bbox 2401 2534 2799 2590; x_wconf 82' lang='lat' dir='ltr'><strong>venerabilibus</strong></span> <span class='ocrx_word' id='word_1_485' title='bbox 2821 2534 3070 2591; x_wconf 86' lang='lat' dir='ltr'><strong>Patribus</strong></span> <span class='ocrx_word' id='word_1_486' title='bbox 3089 2550 3210 2592; x_wconf 89' lang='lat' dir='ltr'><strong>cum</strong></span> <span class='ocrx_word' id='word_1_487' title='bbox 3231 2537 3435 2594; x_wconf 85' lang='lat' dir='ltr'><strong>eisdem</strong></span> 
     </span>
    </p>
   </div>
   <div class='ocr_carea' id='block_1_70' title="bbox 1854 2623 3436 2695">
    <p class='ocr_par' dir='ltr' id='par_1_70' title="bbox 1854 2623 3436 2695">
     <span class='ocr_line' id='line_1_70' title="bbox 1854 2623 3436 2695; baseline 0.004 -18"><span class='ocrx_word' id='word_1_488' title='bbox 1854 2623 2114 2693; x_wconf 89' lang='lat' dir='ltr'><strong>reliquiis,</strong></span> <span class='ocrx_word' id='word_1_489' title='bbox 2175 2625 2408 2679; x_wconf 88' lang='lat' dir='ltr'><strong>donante</strong></span> <span class='ocrx_word' id='word_1_490' title='bbox 2444 2626 2690 2691; x_wconf 90' lang='lat' dir='ltr'><strong>Domino,</strong></span> <span class='ocrx_word' id='word_1_491' title='bbox 2720 2624 2942 2695; x_wconf 87' lang='lat' dir='ltr'><strong>adipisci</strong></span> <span class='ocrx_word' id='word_1_492' title='bbox 2969 2627 3269 2682; x_wconf 88' lang='lat' dir='ltr'><strong>meruimus</strong></span> <span class='ocrx_word' id='word_1_493' title='bbox 3298 2628 3436 2683; x_wconf 88' lang='lat' dir='ltr'><strong>divi-</strong></span> 
     </span>
    </p>
   </div>
   <div class='ocr_carea' id='block_1_71' title="bbox 1853 2717 3436 2789">
    <p class='ocr_par' dir='ltr' id='par_1_71' title="bbox 1853 2717 3436 2789">
     <span class='ocr_line' id='line_1_71' title="bbox 1853 2717 3436 2789; baseline 0.004 -18"><span class='ocrx_word' id='word_1_494' title='bbox 1853 2717 2004 2782; x_wconf 89' lang='lat' dir='ltr'><strong>dere,</strong></span> <span class='ocrx_word' id='word_1_495' title='bbox 2055 2727 2217 2787; x_wconf 83' lang='lat' dir='ltr'><strong>atque</strong></span> <span class='ocrx_word' id='word_1_496' title='bbox 2266 2732 2428 2789; x_wconf 91' lang='lat' dir='ltr'><strong>super</strong></span> <span class='ocrx_word' id='word_1_497' title='bbox 2477 2722 2683 2774; x_wconf 85' lang='lat' dir='ltr'><strong>trabem</strong></span> <span class='ocrx_word' id='word_1_498' title='bbox 2715 2733 2880 2788; x_wconf 88' lang='lat' dir='ltr'><strong>quam</strong></span> <span class='ocrx_word' id='word_1_499' title='bbox 2902 2721 2955 2774; x_wconf 91' lang='lat' dir='ltr'><strong>in</strong></span> <span class='ocrx_word' id='word_1_500' title='bbox 3004 2735 3131 2775; x_wconf 87' lang='lat' dir='ltr'><strong>arcu</strong></span> <span class='ocrx_word' id='word_1_501' title='bbox 3175 2721 3204 2760; x_wconf 65' lang='grc' dir='ltr'><strong>ιι</strong></span> <span class='ocrx_word' id='word_1_502' title='bbox 3252 2736 3436 2778; x_wconf 86' lang='lat' dir='ltr'><strong>coram</strong></span> 
     </span>
    </p>
   </div>
   <div class='ocr_carea' id='block_1_72' title="bbox 1855 2809 3432 2882">
    <p class='ocr_par' dir='ltr' id='par_1_72' title="bbox 1855 2809 3432 2882">
     <span class='ocr_line' id='line_1_72' title="bbox 1855 2809 3432 2882; baseline 0.003 -18"><span class='ocrx_word' id='word_1_503' title='bbox 1855 2809 2025 2865; x_wconf 81' lang='lat' dir='ltr'><strong>altare</strong></span> <span class='ocrx_word' id='word_1_504' title='bbox 2049 2810 2195 2865; x_wconf 87' lang='lat' dir='ltr'><strong>beati</strong></span> <span class='ocrx_word' id='word_1_505' title='bbox 2238 2809 2479 2866; x_wconf 82' lang='lat' dir='ltr'><strong>Richarii</strong></span> <span class='ocrx_word' id='word_1_506' title='bbox 2507 2814 2810 2880; x_wconf 89' lang='lat' dir='ltr'><strong>statuimus,</strong></span> <span class='ocrx_word' id='word_1_507' title='bbox 2855 2827 3057 2882; x_wconf 87' lang='lat' dir='ltr'><strong>ponere</strong></span> <span class='ocrx_word' id='word_1_508' title='bbox 3081 2816 3390 2870; x_wconf 84' lang='lat' dir='ltr'><strong>curavimus</strong></span> <span class='ocrx_word' id='word_1_509' title='bbox 3419 2832 3432 2868; x_wconf 86' lang='lat'>:</span> 
     </span>
    </p>
   </div>
   <div class='ocr_carea' id='block_1_73' title="bbox 1854 2903 3438 2978">
    <p class='ocr_par' dir='ltr' id='par_1_73' title="bbox 1854 2903 3438 2978">
     <span class='ocr_line' id='line_1_73' title="bbox 1854 2903 3438 2978; baseline 0.005 -21"><span class='ocrx_word' id='word_1_510' title='bbox 1854 2903 2084 2974; x_wconf 87' lang='lat' dir='ltr'><strong>qualiter</strong></span> <span class='ocrx_word' id='word_1_511' title='bbox 2107 2904 2162 2958; x_wconf 92' lang='lat' dir='ltr'><strong>in</strong></span> <span class='ocrx_word' id='word_1_512' title='bbox 2185 2903 2434 2959; x_wconf 87' lang='lat' dir='ltr'><strong>omnibus</strong></span> <span class='ocrx_word' id='word_1_513' title='bbox 2456 2906 2596 2960; x_wconf 89' lang='lat' dir='ltr'><strong>sicut</strong></span> <span class='ocrx_word' id='word_1_514' title='bbox 2623 2907 2842 2978; x_wconf 84' lang='lat' dir='ltr'><strong>dignum</strong></span> <span class='ocrx_word' id='word_1_515' title='bbox 2870 2916 2973 2973; x_wconf 88' lang='lat' dir='ltr'><strong>est,</strong></span> <span class='ocrx_word' id='word_1_516' title='bbox 3005 2907 3122 2964; x_wconf 88' lang='lat' dir='ltr'><strong>laus</strong></span> <span class='ocrx_word' id='word_1_517' title='bbox 3148 2906 3242 2964; x_wconf 88' lang='lat' dir='ltr'><strong>Dei</strong></span> <span class='ocrx_word' id='word_1_518' title='bbox 3267 2918 3321 2965; x_wconf 88' lang='lat' dir='ltr'><strong>et</strong></span> <span class='ocrx_word' id='word_1_519' title='bbox 3346 2921 3438 2965; x_wconf 84' lang='lat' dir='ltr'><strong>ve-</strong></span> 
     </span>
    </p>
   </div>
   <div class='ocr_carea' id='block_1_74' title="bbox 1853 2997 3436 3070">
    <p class='ocr_par' dir='ltr' id='par_1_74' title="bbox 1853 2997 3436 3070">
     <span class='ocr_line' id='line_1_74' title="bbox 1853 2997 3436 3070; baseline 0.004 -20"><span class='ocrx_word' id='word_1_520' title='bbox 1853 2997 2064 3052; x_wconf 89' lang='lat' dir='ltr'><strong>neratio</strong></span> <span class='ocrx_word' id='word_1_521' title='bbox 2089 2997 2328 3052; x_wconf 90' lang='lat' dir='ltr'><strong>omnium</strong></span> <span class='ocrx_word' id='word_1_522' title='bbox 2357 3007 2666 3054; x_wconf 88' lang='lat' dir='ltr'><strong>sanctorum</strong></span> <span class='ocrx_word' id='word_1_523' title='bbox 2705 2999 2843 3070; x_wconf 89' lang='lat' dir='ltr'><strong>ejus,</strong></span> <span class='ocrx_word' id='word_1_524' title='bbox 2886 3000 2940 3055; x_wconf 90' lang='lat' dir='ltr'><strong>in</strong></span> <span class='ocrx_word' id='word_1_525' title='bbox 2962 3001 3066 3057; x_wconf 87' lang='lat' dir='ltr'><strong>hoc</strong></span> <span class='ocrx_word' id='word_1_526' title='bbox 3095 3011 3284 3058; x_wconf 86' lang='lat' dir='ltr'><strong>sancto</strong></span> <span class='ocrx_word' id='word_1_527' title='bbox 3315 3002 3436 3058; x_wconf 87' lang='lat' dir='ltr'><strong>loco</strong></span> 
     </span>
    </p>
   </div>
   <div class='ocr_carea' id='block_1_75' title="bbox 1856 3093 3154 3164">
    <p class='ocr_par' dir='ltr' id='par_1_75' title="bbox 1856 3093 3154 3164">
     <span class='ocr_line' id='line_1_75' title="bbox 1856 3093 3154 3164; baseline 0.002 -17"><span class='ocrx_word' id='word_1_528' title='bbox 1856 3106 2070 3162; x_wconf 89' lang='lat' dir='ltr'><strong>semper</strong></span> <span class='ocrx_word' id='word_1_529' title='bbox 2100 3094 2372 3157; x_wconf 84' lang='lat' dir='ltr'><strong>adoretur,</strong></span> <span class='ocrx_word' id='word_1_530' title='bbox 2395 3093 2624 3159; x_wconf 88' lang='lat' dir='ltr'><strong>colatur,</strong></span> <span class='ocrx_word' id='word_1_531' title='bbox 2658 3102 2819 3164; x_wconf 87' lang='lat' dir='ltr'><strong>atque</strong></span> <span class='ocrx_word' id='word_1_532' title='bbox 2847 3103 3154 3150; x_wconf 78' lang='lat' dir='ltr'><strong>veneretur.</strong></span> 
     </span>
    </p>
   </div>
   <div class='ocr_carea' id='block_1_76' title="bbox 1925 3185 3434 3257">
    <p class='ocr_par' dir='ltr' id='par_1_76' title="bbox 1925 3185 3434 3257">
     <span class='ocr_line' id='line_1_76' title="bbox 1925 3185 3434 3257; baseline 0.001 -15"><span class='ocrx_word' id='word_1_533' title='bbox 1925 3185 2167 3257; x_wconf 89' lang='lat' dir='ltr'><strong>Cumque</strong></span> <span class='ocrx_word' id='word_1_534' title='bbox 2189 3187 2623 3257; x_wconf 66' lang='lat' dir='ltr'><strong>praescriptorum</strong></span> <span class='ocrx_word' id='word_1_535' title='bbox 2641 3196 2948 3243; x_wconf 89' lang='lat' dir='ltr'><strong>sanctorum</strong></span> <span class='ocrx_word' id='word_1_536' title='bbox 2977 3187 3308 3244; x_wconf 84' lang='lat' dir='ltr'><strong>venerationi</strong></span> <span class='ocrx_word' id='word_1_537' title='bbox 3353 3187 3434 3243; x_wconf 91' lang='lat' dir='ltr'><strong>al-</strong></span> 
     </span>
    </p>
   </div>
   <div class='ocr_carea' id='block_1_77' title="bbox 1855 3277 3430 3348">
    <p class='ocr_par' dir='ltr' id='par_1_77' title="bbox 1855 3277 3430 3348">
     <span class='ocr_line' id='line_1_77' title="bbox 1855 3277 3430 3348; baseline 0 -15"><span class='ocrx_word' id='word_1_538' title='bbox 1855 3279 1995 3333; x_wconf 89' lang='lat' dir='ltr'><strong>taria</strong></span> <span class='ocrx_word' id='word_1_539' title='bbox 2017 3278 2265 3334; x_wconf 85' lang='lat' dir='ltr'><strong>ordinata</strong></span> <span class='ocrx_word' id='word_1_540' title='bbox 2328 3288 2485 3348; x_wconf 88' lang='lat' dir='ltr'><strong>atque</strong></span> <span class='ocrx_word' id='word_1_541' title='bbox 2535 3278 2602 3332; x_wconf 90' lang='lat' dir='ltr'><strong>de</strong></span> <span class='ocrx_word' id='word_1_542' title='bbox 2631 3292 2818 3333; x_wconf 90' lang='lat' dir='ltr'><strong>eorum</strong></span> <span class='ocrx_word' id='word_1_543' title='bbox 2863 3277 3105 3348; x_wconf 88' lang='lat' dir='ltr'><strong>reliquiis</strong></span> <span class='ocrx_word' id='word_1_544' title='bbox 3147 3280 3430 3333; x_wconf 81' lang='lat' dir='ltr'><strong>venerabi-</strong></span> 
     </span>
    </p>
   </div>
   <div class='ocr_carea' id='block_1_78' title="bbox 1855 3357 3439 3439">
    <p class='ocr_par' dir='ltr' id='par_1_78' title="bbox 1855 3357 3439 3439">
     <span class='ocr_line' id='line_1_78' title="bbox 1855 3357 3439 3439; baseline 0.003 -17"><span class='ocrx_word' id='word_1_545' title='bbox 1855 3357 1998 3435; x_wconf 83' lang='lat' dir='ltr'><strong>liter,</strong></span> <span class='ocrx_word' id='word_1_546' title='bbox 2026 3373 2105 3424; x_wconf 73' lang='lat' dir='ltr'><strong>tut</strong></span> <span class='ocrx_word' id='word_1_547' title='bbox 2133 3382 2295 3439; x_wconf 89' lang='lat' dir='ltr'><strong>supra</strong></span> <span class='ocrx_word' id='word_1_548' title='bbox 2323 3368 2539 3439; x_wconf 83' lang='lat' dir='ltr'><strong>legitur,</strong></span> <span class='ocrx_word' id='word_1_549' title='bbox 2563 3384 2596 3423; x_wconf 86' lang='lat' dir='ltr'><strong>a</strong></span> <span class='ocrx_word' id='word_1_550' title='bbox 2624 3378 2810 3425; x_wconf 86' lang='lat' dir='ltr'><strong>nostra</strong></span> <span class='ocrx_word' id='word_1_551' title='bbox 2839 3371 3102 3439; x_wconf 88' lang='lat' dir='ltr'><strong>parvitate</strong></span> <span class='ocrx_word' id='word_1_552' title='bbox 3141 3377 3323 3426; x_wconf 87' lang='lat' dir='ltr'><strong>essent</strong></span> <span class='ocrx_word' id='word_1_553' title='bbox 3355 3384 3439 3426; x_wconf 87' lang='lat' dir='ltr'><strong>or-</strong></span> 
     </span>
    </p>
   </div>
   <div class='ocr_carea' id='block_1_79' title="bbox 1856 3461 3435 3534">
    <p class='ocr_par' dir='ltr' id='par_1_79' title="bbox 1856 3461 3435 3534">
     <span class='ocr_line' id='line_1_79' title="bbox 1856 3461 3435 3534; baseline 0 -16"><span class='ocrx_word' id='word_1_554' title='bbox 1856 3469 2018 3528; x_wconf 86' lang='lat' dir='ltr'><strong>nata;</strong></span> <span class='ocrx_word' id='word_1_555' title='bbox 2079 3462 2318 3534; x_wconf 85' lang='lat' dir='ltr'><strong>diligenti</strong></span> <span class='ocrx_word' id='word_1_556' title='bbox 2341 3478 2470 3518; x_wconf 90' lang='lat' dir='ltr'><strong>cura</strong></span> <span class='ocrx_word' id='word_1_557' title='bbox 2521 3471 2759 3518; x_wconf 88' lang='lat' dir='ltr'><strong>tractare</strong></span> <span class='ocrx_word' id='word_1_558' title='bbox 2807 3465 3089 3533; x_wconf 67' lang='lat' dir='ltr'><strong>coepimus,</strong></span> <span class='ocrx_word' id='word_1_559' title='bbox 3117 3461 3349 3533; x_wconf 72' lang='lat' dir='ltr'><strong>Qualiter</strong></span> <span class='ocrx_word' id='word_1_560' title='bbox 3370 3478 3435 3518; x_wconf 86' lang='lat' dir='ltr'><strong>ea</strong></span> 
     </span>
    </p>
   </div>
   <div class='ocr_carea' id='block_1_80' title="bbox 1858 3552 3434 3629">
    <p class='ocr_par' dir='ltr' id='par_1_80' title="bbox 1858 3552 3434 3629">
     <span class='ocr_line' id='line_1_80' title="bbox 1858 3552 3434 3629; baseline -0.001 -17"><span class='ocrx_word' id='word_1_561' title='bbox 1858 3557 1925 3612; x_wconf 87' lang='lat' dir='ltr'><strong>ad</strong></span> <span class='ocrx_word' id='word_1_562' title='bbox 1965 3556 2176 3612; x_wconf 90' lang='lat' dir='ltr'><strong>laudem</strong></span> <span class='ocrx_word' id='word_1_563' title='bbox 2204 3564 2260 3612; x_wconf 89' lang='lat' dir='ltr'><strong>et</strong></span> <span class='ocrx_word' id='word_1_564' title='bbox 2286 3557 2511 3629; x_wconf 86' lang='lat' dir='ltr'><strong>gloriam</strong></span> <span class='ocrx_word' id='word_1_565' title='bbox 2538 3556 2752 3612; x_wconf 89' lang='lat' dir='ltr'><strong>Domini</strong></span> <span class='ocrx_word' id='word_1_566' title='bbox 2808 3557 2980 3612; x_wconf 88' lang='lat' dir='ltr'><strong>nostri</strong></span> <span class='ocrx_word' id='word_1_567' title='bbox 3029 3552 3155 3611; x_wconf 82' lang='lat' dir='ltr'><strong>Jesu</strong></span> <span class='ocrx_word' id='word_1_568' title='bbox 3211 3555 3434 3623; x_wconf 86' lang='lat' dir='ltr'><strong>Christi,</strong></span> 
     </span>
    </p>
   </div>
   <div class='ocr_carea' id='block_1_81' title="bbox 1856 3649 3432 3719">
    <p class='ocr_par' dir='ltr' id='par_1_81' title="bbox 1856 3649 3432 3719">
     <span class='ocr_line' id='line_1_81' title="bbox 1856 3649 3432 3719; baseline -0.001 -15"><span class='ocrx_word' id='word_1_569' title='bbox 1856 3652 1927 3705; x_wconf 91' lang='lat' dir='ltr'><strong>ob</strong></span> <span class='ocrx_word' id='word_1_570' title='bbox 1973 3650 2382 3705; x_wconf 85' lang='lat' dir='ltr'><strong>venerationem</strong></span> <span class='ocrx_word' id='word_1_571' title='bbox 2436 3659 2748 3707; x_wconf 88' lang='lat' dir='ltr'><strong>sanctorum</strong></span> <span class='ocrx_word' id='word_1_572' title='bbox 2794 3649 3059 3714; x_wconf 90' lang='lat' dir='ltr'><strong>omnium,</strong></span> <span class='ocrx_word' id='word_1_573' title='bbox 3105 3650 3157 3704; x_wconf 92' lang='lat' dir='ltr'><strong>in</strong></span> <span class='ocrx_word' id='word_1_574' title='bbox 3205 3663 3432 3719; x_wconf 89' lang='lat' dir='ltr'><strong>quorum</strong></span> 
     </span>
    </p>
   </div>
   <div class='ocr_carea' id='block_1_82' title="bbox 1857 3737 3437 3812">
    <p class='ocr_par' dir='ltr' id='par_1_82' title="bbox 1857 3737 3437 3812">
     <span class='ocr_line' id='line_1_82' title="bbox 1857 3737 3437 3812; baseline -0.001 -16"><span class='ocrx_word' id='word_1_575' title='bbox 1857 3741 2062 3796; x_wconf 83' lang='lat' dir='ltr'><strong>honore</strong></span> <span class='ocrx_word' id='word_1_576' title='bbox 2097 3748 2224 3795; x_wconf 88' lang='lat' dir='ltr'><strong>sunt</strong></span> <span class='ocrx_word' id='word_1_577' title='bbox 2268 3749 2605 3808; x_wconf 87' lang='lat' dir='ltr'><strong>consecrata,</strong></span> <span class='ocrx_word' id='word_1_578' title='bbox 2659 3739 2726 3796; x_wconf 89' lang='lat' dir='ltr'><strong>de</strong></span> <span class='ocrx_word' id='word_1_579' title='bbox 2771 3739 2925 3797; x_wconf 89' lang='lat' dir='ltr'><strong>donis</strong></span> <span class='ocrx_word' id='word_1_580' title='bbox 2956 3737 3052 3795; x_wconf 86' lang='lat' dir='ltr'><strong>Dei</strong></span> <span class='ocrx_word' id='word_1_581' title='bbox 3076 3748 3130 3794; x_wconf 86' lang='lat' dir='ltr'><strong>et</strong></span> <span class='ocrx_word' id='word_1_582' title='bbox 3188 3740 3437 3812; x_wconf 81' lang='lat' dir='ltr'><strong>largitate</strong></span> 
     </span>
    </p>
   </div>
   <div class='ocr_carea' id='block_1_83' title="bbox 1859 3831 3439 3906">
    <p class='ocr_par' dir='ltr' id='par_1_83' title="bbox 1859 3831 3439 3906">
     <span class='ocr_line' id='line_1_83' title="bbox 1859 3831 3439 3906; baseline -0.002 -19"><span class='ocrx_word' id='word_1_583' title='bbox 1859 3835 2038 3905; x_wconf 83' lang='lat' dir='ltr'><strong>magni</strong></span> <span class='ocrx_word' id='word_1_584' title='bbox 2088 3833 2290 3890; x_wconf 90' lang='lat' dir='ltr'><strong>domini</strong></span> <span class='ocrx_word' id='word_1_585' title='bbox 2313 3836 2417 3890; x_wconf 90' lang='lat' dir='ltr'><strong>mei</strong></span> <span class='ocrx_word' id='word_1_586' title='bbox 2462 3836 2684 3906; x_wconf 85' lang='lat' dir='ltr'><strong>ejusque</strong></span> <span class='ocrx_word' id='word_1_587' title='bbox 2708 3833 3056 3889; x_wconf 69' lang='lat' dir='ltr'><strong>nobilissima:</strong></span> <span class='ocrx_word' id='word_1_588' title='bbox 3114 3832 3302 3904; x_wconf 88' lang='lat' dir='ltr'><strong>prolis,</strong></span> <span class='ocrx_word' id='word_1_589' title='bbox 3353 3831 3439 3886; x_wconf 84' lang='lat' dir='ltr'><strong>vel</strong></span> 
     </span>
    </p>
   </div>
   <div class='ocr_carea' id='block_1_84' title="bbox 1859 3921 3436 3993">
    <p class='ocr_par' dir='ltr' id='par_1_84' title="bbox 1859 3921 3436 3993">
     <span class='ocr_line' id='line_1_84' title="bbox 1859 3921 3436 3993; baseline 0 -17"><span class='ocrx_word' id='word_1_590' title='bbox 1859 3924 2190 3993; x_wconf 89' lang='lat' dir='ltr'><strong>reliquorum</strong></span> <span class='ocrx_word' id='word_1_591' title='bbox 2226 3926 2492 3982; x_wconf 90' lang='lat' dir='ltr'><strong>bonorum</strong></span> <span class='ocrx_word' id='word_1_592' title='bbox 2522 3927 2800 3981; x_wconf 88' lang='lat' dir='ltr'><strong>hominum</strong></span> <span class='ocrx_word' id='word_1_593' title='bbox 2839 3923 3154 3990; x_wconf 88' lang='lat' dir='ltr'><strong>liberorum,</strong></span> <span class='ocrx_word' id='word_1_594' title='bbox 3211 3921 3342 3978; x_wconf 91' lang='lat' dir='ltr'><strong>mihi</strong></span> <span class='ocrx_word' id='word_1_595' title='bbox 3369 3921 3436 3977; x_wconf 89' lang='lat' dir='ltr'><strong>ab</strong></span> 
     </span>
    </p>
   </div>
   <div class='ocr_carea' id='block_1_85' title="bbox 1860 4015 3441 4089">
    <p class='ocr_par' dir='ltr' id='par_1_85' title="bbox 1860 4015 3441 4089">
     <span class='ocr_line' id='line_1_85' title="bbox 1860 4015 3441 4089; baseline -0.003 -17"><span class='ocrx_word' id='word_1_596' title='bbox 1860 4015 1966 4073; x_wconf 91' lang='lat' dir='ltr'><strong>illis</strong></span> <span class='ocrx_word' id='word_1_597' title='bbox 1992 4018 2218 4081; x_wconf 88' lang='lat' dir='ltr'><strong>collatis,</strong></span> <span class='ocrx_word' id='word_1_598' title='bbox 2267 4035 2430 4089; x_wconf 88' lang='lat' dir='ltr'><strong>opere</strong></span> <span class='ocrx_word' id='word_1_599' title='bbox 2455 4018 2634 4074; x_wconf 85' lang='lat' dir='ltr'><strong>fabrili</strong></span> <span class='ocrx_word' id='word_1_600' title='bbox 2662 4018 2713 4073; x_wconf 91' lang='lat' dir='ltr'><strong>in</strong></span> <span class='ocrx_word' id='word_1_601' title='bbox 2765 4033 2916 4084; x_wconf 90' lang='lat' dir='ltr'><strong>auro,</strong></span> <span class='ocrx_word' id='word_1_602' title='bbox 2949 4024 3170 4087; x_wconf 87' lang='lat' dir='ltr'><strong>argento</strong></span> <span class='ocrx_word' id='word_1_603' title='bbox 3203 4023 3257 4072; x_wconf 89' lang='lat' dir='ltr'><strong>et</strong></span> <span class='ocrx_word' id='word_1_604' title='bbox 3291 4031 3441 4085; x_wconf 83' lang='lat' dir='ltr'><strong>gem-</strong></span> 
     </span>
    </p>
   </div>
   <div class='ocr_carea' id='block_1_86' title="bbox 1803 4109 3440 4186">
    <p class='ocr_par' dir='ltr' id='par_1_86' title="bbox 1803 4109 3440 4186">
     <span class='ocr_line' id='line_1_86' title="bbox 1803 4109 3440 4186; baseline -0.002 -20"><span class='ocrx_word' id='word_1_605' title='bbox 1803 4183 1806 4186; x_wconf 15' lang='lat'>.</span> <span class='ocrx_word' id='word_1_606' title='bbox 1859 4112 1965 4167; x_wconf 89' lang='lat' dir='ltr'><strong>mis</strong></span> <span class='ocrx_word' id='word_1_607' title='bbox 1995 4128 2193 4167; x_wconf 86' lang='lat' dir='ltr'><strong>ornare</strong></span> <span class='ocrx_word' id='word_1_608' title='bbox 2219 4113 2403 4179; x_wconf 87' lang='lat' dir='ltr'><strong>etiam,</strong></span> <span class='ocrx_word' id='word_1_609' title='bbox 2457 4122 2511 4167; x_wconf 89' lang='lat' dir='ltr'><strong>et</strong></span> <span class='ocrx_word' id='word_1_610' title='bbox 2544 4112 2636 4168; x_wconf 90' lang='lat' dir='ltr'><strong>ubi</strong></span> <span class='ocrx_word' id='word_1_611' title='bbox 2667 4112 2784 4169; x_wconf 89' lang='lat' dir='ltr'><strong>loca</strong></span> <span class='ocrx_word' id='word_1_612' title='bbox 2816 4111 3187 4167; x_wconf 85' lang='lat' dir='ltr'><strong>convenientia</strong></span> <span class='ocrx_word' id='word_1_613' title='bbox 3239 4109 3440 4164; x_wconf 79' lang='lat' dir='ltr'><strong>existe-</strong></span> 
     </span>
    </p>
   </div>
   <div class='ocr_carea' id='block_1_87' title="bbox 1860 4201 3475 4276">
    <p class='ocr_par' dir='ltr' id='par_1_87' title="bbox 1860 4201 3475 4276">
     <span class='ocr_line' id='line_1_87' title="bbox 1860 4201 3475 4276; baseline 0 -19"><span class='ocrx_word' id='word_1_614' title='bbox 1860 4213 2000 4266; x_wconf 88' lang='lat' dir='ltr'><strong>rent,</strong></span> <span class='ocrx_word' id='word_1_615' title='bbox 2051 4205 2281 4274; x_wconf 89' lang='lat' dir='ltr'><strong>desuper</strong></span> <span class='ocrx_word' id='word_1_616' title='bbox 2333 4205 2540 4260; x_wconf 89' lang='lat' dir='ltr'><strong>ciboria</strong></span> <span class='ocrx_word' id='word_1_617' title='bbox 2598 4221 2798 4275; x_wconf 90' lang='lat' dir='ltr'><strong>ponere</strong></span> <span class='ocrx_word' id='word_1_618' title='bbox 2835 4203 3220 4276; x_wconf 80' lang='lat' dir='ltr'><strong>potuissemus,</strong></span> <span class='ocrx_word' id='word_1_619' title='bbox 3274 4201 3475 4265; x_wconf 84' lang='lat' dir='ltr'><strong>sicut,.</strong></span> 
     </span>
    </p>
   </div>
   <div class='ocr_carea' id='block_1_88' title="bbox 1858 4292 3434 4368">
    <p class='ocr_par' dir='ltr' id='par_1_88' title="bbox 1858 4292 3434 4368">
     <span class='ocr_line' id='line_1_88' title="bbox 1858 4292 3434 4368; baseline -0.003 -19"><span class='ocrx_word' id='word_1_620' title='bbox 1858 4303 2019 4366; x_wconf 90' lang='lat' dir='ltr'><strong>prout</strong></span> <span class='ocrx_word' id='word_1_621' title='bbox 2049 4296 2240 4351; x_wconf 88' lang='lat' dir='ltr'><strong>eodem</strong></span> <span class='ocrx_word' id='word_1_622' title='bbox 2291 4295 2520 4353; x_wconf 90' lang='lat' dir='ltr'><strong>Domino</strong></span> <span class='ocrx_word' id='word_1_623' title='bbox 2570 4302 2892 4368; x_wconf 83' lang='lat' dir='ltr'><strong>cooperante</strong></span> <span class='ocrx_word' id='word_1_624' title='bbox 2916 4295 3202 4355; x_wconf 86' lang='lat' dir='ltr'><strong>valuimus,</strong></span> <span class='ocrx_word' id='word_1_625' title='bbox 3252 4292 3434 4348; x_wconf 86' lang='lat' dir='ltr'><strong>facere</strong></span> 
     </span>
    </p>
   </div>
   <div class='ocr_carea' id='block_1_89' title="bbox 1860 4387 3532 4456">
    <p class='ocr_par' dir='ltr' id='par_1_89' title="bbox 1860 4387 3532 4456">
     <span class='ocr_line' id='line_1_89' title="bbox 1860 4387 3532 4456; baseline 0.001 -13"><span class='ocrx_word' id='word_1_626' title='bbox 1860 4389 2184 4456; x_wconf 86' lang='lat' dir='ltr'><strong>studuimus,</strong></span> <span class='ocrx_word' id='word_1_627' title='bbox 2221 4389 2276 4444; x_wconf 90' lang='lat' dir='ltr'><strong>id</strong></span> <span class='ocrx_word' id='word_1_628' title='bbox 2321 4398 2462 4455; x_wconf 88' lang='lat' dir='ltr'><strong>sunt,</strong></span> <span class='ocrx_word' id='word_1_629' title='bbox 2514 4391 2567 4445; x_wconf 90' lang='lat' dir='ltr'><strong>in</strong></span> <span class='ocrx_word' id='word_1_630' title='bbox 2621 4391 2846 4447; x_wconf 90' lang='lat' dir='ltr'><strong>ecclesia</strong></span> <span class='ocrx_word' id='word_1_631' title='bbox 2900 4388 3069 4445; x_wconf 87' lang='lat' dir='ltr'><strong>sancti</strong></span> <span class='ocrx_word' id='word_1_632' title='bbox 3117 4387 3436 4451; x_wconf 80' lang='lat' dir='ltr'><strong>Salvatoris,</strong></span> <span class='ocrx_word' id='word_1_633' title='bbox 3528 4402 3532 4408; x_wconf 87' lang='lat'>&#39;</span> 
     </span>
    </p>
   </div>
   <div class='ocr_carea' id='block_1_90' title="bbox 156 4477 3438 4564">
    <p class='ocr_par' dir='ltr' id='par_1_90' title="bbox 156 4477 3438 4564">
     <span class='ocr_line' id='line_1_90' title="bbox 156 4477 3438 4564; baseline -0.005 -16"><span class='ocrx_word' id='word_1_634' title='bbox 156 4483 348 4548; x_wconf 65' lang='lat' dir='ltr'><strong>VeSil&#39;i.</strong></span> <span class='ocrx_word' id='word_1_635' title='bbox 381 4479 604 4546; x_wconf 62' lang='lat' dir='ltr'><strong>Felicis,</strong></span> <span class='ocrx_word' id='word_1_636' title='bbox 631 4479 845 4545; x_wconf 61' lang='lat' dir='ltr'><strong>lsidori»</strong></span> <span class='ocrx_word' id='word_1_637' title='bbox 894 4479 1112 4544; x_wconf 64' lang='lat' dir='ltr'><strong>Donati,</strong></span> <span class='ocrx_word' id='word_1_638' title='bbox 1140 4477 1439 4543; x_wconf 65' lang='lat' dir='ltr'><strong>Benedic“,</strong></span> <span class='ocrx_word' id='word_1_639' title='bbox 1468 4477 1757 4533; x_wconf 75' lang='lat' dir='ltr'><strong>Columba-</strong></span> <span class='ocrx_word' id='word_1_640' title='bbox 1781 4500 1838 4564; x_wconf 67' lang='grc' dir='ltr'><strong>Β</strong></span> <span class='ocrx_word' id='word_1_641' title='bbox 1860 4485 2141 4554; x_wconf 87' lang='lat' dir='ltr'><strong>sanctique</strong></span> <span class='ocrx_word' id='word_1_642' title='bbox 2179 4484 2441 4552; x_wconf 84' lang='lat' dir='ltr'><strong>Richarii,</strong></span> <span class='ocrx_word' id='word_1_643' title='bbox 2496 4485 2688 4540; x_wconf 85' lang='lat' dir='ltr'><strong>altaria</strong></span> <span class='ocrx_word' id='word_1_644' title='bbox 2739 4483 2998 4538; x_wconf 82' lang='lat' dir='ltr'><strong>fabricata</strong></span> <span class='ocrx_word' id='word_1_645' title='bbox 3049 4479 3320 4546; x_wconf 87' lang='lat' dir='ltr'><strong>undecim,</strong></span> <span class='ocrx_word' id='word_1_646' title='bbox 3363 4479 3438 4539; x_wconf 87' lang='lat' dir='ltr'><strong>ci—</strong></span> 
     </span>
    </p>
   </div>
   <div class='ocr_carea' id='block_1_91' title="bbox 153 4569 1752 4640">
    <p class='ocr_par' dir='ltr' id='par_1_91' title="bbox 153 4569 1752 4640">
     <span class='ocr_line' id='line_1_91' title="bbox 153 4569 1752 4640; baseline -0.003 -11"><span class='ocrx_word' id='word_1_647' title='bbox 153 4575 228 4640; x_wconf 89' lang='lat' dir='ltr'><strong>ni,</strong></span> <span class='ocrx_word' id='word_1_648' title='bbox 279 4575 466 4639; x_wconf 70' lang='lat' dir='ltr'><strong>Isaac,</strong></span> <span class='ocrx_word' id='word_1_649' title='bbox 516 4573 804 4637; x_wconf 88' lang='lat' dir='ltr'><strong>Vincentii,</strong></span> <span class='ocrx_word' id='word_1_650' title='bbox 857 4571 1097 4635; x_wconf 78' lang='lat' dir='ltr'><strong>Antonii,</strong></span> <span class='ocrx_word' id='word_1_651' title='bbox 1151 4571 1380 4636; x_wconf 82' lang='lat' dir='ltr'><strong>Paulini,</strong></span> <span class='ocrx_word' id='word_1_652' title='bbox 1452 4569 1752 4634; x_wconf 88' lang='lat' dir='ltr'><strong>Fortunati,</strong></span> 
     </span>
    </p>
   </div>
   <div class='ocr_carea' id='block_1_92' title="bbox 155 4663 1761 4739">
    <p class='ocr_par' dir='ltr' id='par_1_92' title="bbox 155 4663 1761 4739">
     <span class='ocr_line' id='line_1_92' title="bbox 155 4663 1761 4739; baseline -0.003 -16"><span class='ocrx_word' id='word_1_653' title='bbox 155 4666 528 4739; x_wconf 85' lang='lat' dir='ltr'><strong>Simpliciani,</strong></span> <span class='ocrx_word' id='word_1_654' title='bbox 558 4664 853 4730; x_wconf 83' lang='lat' dir='ltr'><strong>Gualarici,</strong></span> <span class='ocrx_word' id='word_1_655' title='bbox 908 4663 1148 4720; x_wconf 88' lang='lat' dir='ltr'><strong>Vedasti.</strong></span> <span class='ocrx_word' id='word_1_656' title='bbox 1191 4664 1448 4734; x_wconf 76' lang='lat' dir='ltr'><strong>Reliquiae</strong></span> <span class='ocrx_word' id='word_1_657' title='bbox 1473 4679 1539 4718; x_wconf 82' lang='lat' dir='ltr'><strong>ex</strong></span> <span class='ocrx_word' id='word_1_658' title='bbox 1569 4679 1761 4734; x_wconf 87' lang='lat' dir='ltr'><strong>corpo-</strong></span> 
     </span>
    </p>
   </div>
   <div class='ocr_carea' id='block_1_93' title="bbox 154 4755 1757 4828">
    <p class='ocr_par' dir='ltr' id='par_1_93' title="bbox 154 4755 1757 4828">
     <span class='ocr_line' id='line_1_93' title="bbox 154 4755 1757 4828; baseline -0.002 -16"><span class='ocrx_word' id='word_1_659' title='bbox 154 4760 307 4816; x_wconf 74' lang='lat' dir='ltr'><strong>ribus</strong></span> <span class='ocrx_word' id='word_1_660' title='bbox 331 4766 683 4823; x_wconf 84' lang='lat' dir='ltr'><strong>sanctorum,</strong></span> <span class='ocrx_word' id='word_1_661' title='bbox 706 4772 828 4826; x_wconf 78' lang='lat' dir='ltr'><strong>quae</strong></span> <span class='ocrx_word' id='word_1_662' title='bbox 854 4757 1094 4812; x_wconf 84' lang='lat' dir='ltr'><strong>condidit</strong></span> <span class='ocrx_word' id='word_1_663' title='bbox 1112 4755 1369 4810; x_wconf 84' lang='lat' dir='ltr'><strong>Paulinus</strong></span> <span class='ocrx_word' id='word_1_664' title='bbox 1396 4771 1530 4826; x_wconf 89' lang='lat' dir='ltr'><strong>papa</strong></span> <span class='ocrx_word' id='word_1_665' title='bbox 1557 4755 1633 4828; x_wconf 79' lang='lat' dir='ltr'><strong>[id</strong></span> <span class='ocrx_word' id='word_1_666' title='bbox 1660 4765 1757 4821; x_wconf 74' lang='lat' dir='ltr'><strong>est,</strong></span> 
     </span>
    </p>
   </div>
   <div class='ocr_carea' id='block_1_94' title="bbox 153 4848 1762 4922">
    <p class='ocr_par' dir='ltr' id='par_1_94' title="bbox 153 4848 1762 4922">
     <span class='ocr_line' id='line_1_94' title="bbox 153 4848 1762 4922; baseline 0.001 -17"><span class='ocrx_word' id='word_1_667' title='bbox 153 4853 465 4922; x_wconf 87' lang='lat' dir='ltr'><strong>episcopus</strong></span> <span class='ocrx_word' id='word_1_668' title='bbox 513 4864 609 4906; x_wconf 90' lang='lat' dir='ltr'><strong>seu</strong></span> <span class='ocrx_word' id='word_1_669' title='bbox 655 4850 967 4919; x_wconf 87' lang='lat' dir='ltr'><strong>patriarcha</strong></span> <span class='ocrx_word' id='word_1_670' title='bbox 1027 4848 1434 4920; x_wconf 80' lang='lat' dir='ltr'><strong>Aquileiensis].</strong></span> <span class='ocrx_word' id='word_1_671' title='bbox 1500 4849 1762 4920; x_wconf 73' lang='lat' dir='ltr'><strong>Reliquiae</strong></span> 
     </span>
    </p>
   </div>
   <div class='ocr_carea' id='block_1_95' title="bbox 149 4939 1757 5016">
    <p class='ocr_par' dir='ltr' id='par_1_95' title="bbox 149 4939 1757 5016">
     <span class='ocr_line' id='line_1_95' title="bbox 149 4939 1757 5016; baseline -0.001 -15"><span class='ocrx_word' id='word_1_672' title='bbox 149 4945 334 5004; x_wconf 82' lang='lat' dir='ltr'><strong>sancti</strong></span> <span class='ocrx_word' id='word_1_673' title='bbox 363 4942 740 5016; x_wconf 76' lang='lat' dir='ltr'><strong>Megimholdi,</strong></span> <span class='ocrx_word' id='word_1_674' title='bbox 767 4942 977 5006; x_wconf 85' lang='lat' dir='ltr'><strong>Prasci,</strong></span> <span class='ocrx_word' id='word_1_675' title='bbox 1015 4940 1261 5012; x_wconf 82' lang='lat' dir='ltr'><strong>Eugenii,</strong></span> <span class='ocrx_word' id='word_1_676' title='bbox 1289 4939 1495 5004; x_wconf 87' lang='lat' dir='ltr'><strong>Fronti,</strong></span> <span class='ocrx_word' id='word_1_677' title='bbox 1538 4941 1757 5010; x_wconf 90' lang='lat' dir='ltr'><strong>Fidelis,</strong></span> 
     </span>
    </p>
   </div>
   <div class='ocr_carea' id='block_1_96' title="bbox 224 5068 1762 5147">
    <p class='ocr_par' dir='ltr' id='par_1_96' title="bbox 224 5068 1762 5147">
     <span class='ocr_line' id='line_1_96' title="bbox 224 5068 1762 5147; baseline -0.003 -11"><span class='ocrx_word' id='word_1_678' title='bbox 224 5091 253 5120; x_wconf 78' lang='grc' dir='ltr'>ι</span> <span class='ocrx_word' id='word_1_679' title='bbox 284 5077 618 5136; x_wconf 66' lang='lat' dir='ltr'><strong>Vocabatur</strong></span> <span class='ocrx_word' id='word_1_680' title='bbox 644 5079 760 5132; x_wconf 72' lang='lat' dir='ltr'><strong>hmc</strong></span> <span class='ocrx_word' id='word_1_681' title='bbox 782 5084 1162 5147; x_wconf 73' lang='lat' dir='ltr'><strong>capsa__sanctw</strong></span> <span class='ocrx_word' id='word_1_682' title='bbox 1187 5068 1385 5147; x_wconf 62' lang='lat' dir='ltr'><strong>Prinne</strong></span> <span class='ocrx_word' id='word_1_683' title='bbox 1411 5081 1544 5147; x_wconf 82' lang='lat' dir='ltr'><strong>teste</strong></span> <span class='ocrx_word' id='word_1_684' title='bbox 1557 5073 1762 5133; x_wconf 85' lang='lat' dir='ltr'><strong>Joanne</strong></span> 
     </span>
    </p>
   </div>
   <div class='ocr_carea' id='block_1_97' title="bbox 149 5143 1798 5221">
    <p class='ocr_par' dir='ltr' id='par_1_97' title="bbox 149 5143 1798 5221">
     <span class='ocr_line' id='line_1_97' title="bbox 149 5143 1798 5221; baseline -0.003 -15"><span class='ocrx_word' id='word_1_685' title='bbox 149 5149 218 5206; x_wconf 85' lang='lat' dir='ltr'><strong>de</strong></span> <span class='ocrx_word' id='word_1_686' title='bbox 247 5149 502 5221; x_wconf 79' lang='lat' dir='ltr'><strong>capella,</strong></span> <span class='ocrx_word' id='word_1_687' title='bbox 531 5149 625 5219; x_wconf 90' lang='lat' dir='ltr'><strong>qui</strong></span> <span class='ocrx_word' id='word_1_688' title='bbox 647 5163 810 5221; x_wconf 87' lang='lat' dir='ltr'><strong>agens</strong></span> <span class='ocrx_word' id='word_1_689' title='bbox 841 5143 908 5202; x_wconf 79' lang='lat' dir='ltr'><strong>de</strong></span> <span class='ocrx_word' id='word_1_690' title='bbox 927 5143 1151 5221; x_wconf 68' lang='lat' dir='ltr'><strong>illigans</strong></span> <span class='ocrx_word' id='word_1_691' title='bbox 1177 5145 1245 5200; x_wconf 89' lang='lat' dir='ltr'><strong>de</strong></span> <span class='ocrx_word' id='word_1_692' title='bbox 1273 5144 1638 5221; x_wconf 66' lang='lat' dir='ltr'><strong>Chevincourt</strong></span> <span class='ocrx_word' id='word_1_693' title='bbox 1668 5148 1760 5201; x_wconf 83' lang='lat' dir='ltr'><strong>ab-</strong></span> <span class='ocrx_word' id='word_1_694' title='bbox 1793 5167 1798 5172; x_wconf 94' lang='grc'><strong>·</strong></span> 
     </span>
    </p>
   </div>
   <div class='ocr_carea' id='block_1_98' title="bbox 146 5216 1758 5290">
    <p class='ocr_par' dir='ltr' id='par_1_98' title="bbox 146 5216 1758 5290">
     <span class='ocr_line' id='line_1_98' title="bbox 146 5216 1758 5290; baseline -0.002 -12"><span class='ocrx_word' id='word_1_695' title='bbox 146 5223 283 5278; x_wconf 81' lang='lat' dir='ltr'><strong>hate</strong></span> <span class='ocrx_word' id='word_1_696' title='bbox 321 5216 642 5290; x_wconf 37' lang='lat' dir='ltr'><strong>“trigesimo</strong></span> <span class='ocrx_word' id='word_1_697' title='bbox 684 5216 842 5276; x_wconf 74' lang='lat' dir='ltr'><strong>tertio</strong></span> <span class='ocrx_word' id='word_1_698' title='bbox 873 5234 887 5273; x_wconf 92' lang='lat'><strong>:</strong></span> <span class='ocrx_word' id='word_1_699' title='bbox 933 5216 1039 5273; x_wconf 70' lang='lat' dir='ltr'><strong>me</strong></span> <span class='ocrx_word' id='word_1_700' title='bbox 1070 5216 1323 5290; x_wconf 7' lang='lat' dir='ltr'><strong>ngogde</strong></span> <span class='ocrx_word' id='word_1_701' title='bbox 1380 5216 1758 5290; x_wconf 81' lang='lat' dir='ltr'><strong>Ghevinoourt,</strong></span> 
     </span>
    </p>
   </div>
   <div class='ocr_carea' id='block_1_99' title="bbox 147 5288 1760 5364">
    <p class='ocr_par' dir='ltr' id='par_1_99' title="bbox 147 5288 1760 5364">
     <span class='ocr_line' id='line_1_99' title="bbox 147 5288 1760 5364; baseline -0.001 -18"><span class='ocrx_word' id='word_1_702' title='bbox 147 5293 366 5364; x_wconf 87' lang='lat' dir='ltr'><strong>inquit,</strong></span> <span class='ocrx_word' id='word_1_703' title='bbox 386 5363 395 5364; x_wconf 15' lang='grc' dir='ltr'>ί</span> <span class='ocrx_word' id='word_1_704' title='bbox 418 5288 647 5364; x_wconf 70' lang='lat' dir='ltr'><strong>uisitauit</strong></span> <span class='ocrx_word' id='word_1_705' title='bbox 677 5290 946 5364; x_wconf 64' lang='lat' dir='ltr'><strong>(ararum,</strong></span> <span class='ocrx_word' id='word_1_706' title='bbox 976 5288 1113 5364; x_wconf 75' lang='lat' dir='ltr'><strong>quod</strong></span> <span class='ocrx_word' id='word_1_707' title='bbox 1143 5288 1378 5364; x_wconf 52' lang='lat' dir='ltr'><strong>(licinius</strong></span> <span class='ocrx_word' id='word_1_708' title='bbox 1411 5289 1760 5364; x_wconf 52' lang='lat' dir='ltr'><strong>sqncthri-</strong></span> 
     </span>
    </p>
   </div>
   <div class='ocr_carea' id='block_1_100' title="bbox 146 5354 1763 5433">
    <p class='ocr_par' dir='ltr' id='par_1_100' title="bbox 146 5354 1763 5433">
     <span class='ocr_line' id='line_1_100' title="bbox 146 5354 1763 5433; baseline -0.001 -16"><span class='ocrx_word' id='word_1_709' title='bbox 146 5354 277 5429; x_wconf 61' lang='lat' dir='ltr'><strong>mre,</strong></span> <span class='ocrx_word' id='word_1_710' title='bbox 328 5354 397 5417; x_wconf 62' lang='lat' dir='ltr'><strong>id</strong></span> <span class='ocrx_word' id='word_1_711' title='bbox 429 5370 504 5415; x_wconf 78' lang='lat' dir='ltr'><strong>est</strong></span> <span class='ocrx_word' id='word_1_712' title='bbox 552 5354 827 5433; x_wconf 60' lang='lat' dir='ltr'><strong>primitivis</strong></span> <span class='ocrx_word' id='word_1_713' title='bbox 867 5354 1191 5433; x_wconf 72' lang='lat' dir='ltr'><strong>fundationis</strong></span> <span class='ocrx_word' id='word_1_714' title='bbox 1252 5354 1501 5433; x_wconf 62' lang='lat' dir='ltr'><strong>Ecclesia:</strong></span> <span class='ocrx_word' id='word_1_715' title='bbox 1532 5360 1763 5416; x_wconf 79' lang='lat' dir='ltr'><strong>militan-</strong></span> 
     </span>
    </p>
   </div>
   <div class='ocr_carea' id='block_1_101' title="bbox 149 5425 1764 5504">
    <p class='ocr_par' dir='ltr' id='par_1_101' title="bbox 149 5425 1764 5504">
     <span class='ocr_line' id='line_1_101' title="bbox 149 5425 1764 5504; baseline -0.006 -16"><span class='ocrx_word' id='word_1_716' title='bbox 149 5437 243 5499; x_wconf 73' lang='lat' dir='ltr'><strong>tis,</strong></span> <span class='ocrx_word' id='word_1_717' title='bbox 261 5425 272 5429; x_wconf 51' lang='grc'>⁷</span> <span class='ocrx_word' id='word_1_718' title='bbox 307 5434 455 5504; x_wconf 77' lang='lat' dir='ltr'><strong>quia</strong></span> <span class='ocrx_word' id='word_1_719' title='bbox 485 5425 1092 5504; x_wconf 40' lang='lat' dir='ltr'><strong>inieodemjequiescunt</strong></span> <span class='ocrx_word' id='word_1_720' title='bbox 1110 5444 1270 5504; x_wconf 59' lang='lat' dir='ltr'><strong>quam</strong></span> <span class='ocrx_word' id='word_1_721' title='bbox 1291 5425 1518 5504; x_wconf 68' lang='lat' dir='ltr'><strong>plurima</strong></span> <span class='ocrx_word' id='word_1_722' title='bbox 1545 5447 1764 5504; x_wconf 84' lang='lat' dir='ltr'><strong>corpora</strong></span> 
     </span>
    </p>
   </div>
   <div class='ocr_carea' id='block_1_102' title="bbox 146 5497 1766 5568">
    <p class='ocr_par' dir='ltr' id='par_1_102' title="bbox 146 5497 1766 5568">
     <span class='ocr_line' id='line_1_102' title="bbox 146 5497 1766 5568; baseline -0.002 -8"><span class='ocrx_word' id='word_1_723' title='bbox 146 5497 507 5568; x_wconf 62' lang='lat' dir='ltr'><strong>sanctorum,</strong></span> <span class='ocrx_word' id='word_1_724' title='bbox 538 5500 702 5566; x_wconf 82' lang='lat' dir='ltr'><strong>Petri,</strong></span> <span class='ocrx_word' id='word_1_725' title='bbox 724 5497 901 5566; x_wconf 75' lang='lat' dir='ltr'><strong>Pauli,</strong></span> <span class='ocrx_word' id='word_1_726' title='bbox 923 5497 1145 5555; x_wconf 75' lang='lat' dir='ltr'><strong>Joannis</strong></span> <span class='ocrx_word' id='word_1_727' title='bbox 1169 5497 1440 5568; x_wconf 75' lang='lat' dir='ltr'><strong>Baptistw,</strong></span> <span class='ocrx_word' id='word_1_728' title='bbox 1468 5510 1515 5554; x_wconf 80' lang='lat' dir='ltr'><strong>et</strong></span> <span class='ocrx_word' id='word_1_729' title='bbox 1538 5497 1766 5557; x_wconf 82' lang='lat' dir='ltr'><strong>aliorum</strong></span> 
     </span>
    </p>
   </div>
   <div class='ocr_carea' id='block_1_103' title="bbox 148 5568 1766 5645">
    <p class='ocr_par' dir='ltr' id='par_1_103' title="bbox 148 5568 1766 5645">
     <span class='ocr_line' id='line_1_103' title="bbox 148 5568 1766 5645; baseline -0.001 -15"><span class='ocrx_word' id='word_1_730' title='bbox 148 5575 544 5645; x_wconf 75' lang='lat' dir='ltr'><strong>confessorum</strong></span> <span class='ocrx_word' id='word_1_731' title='bbox 568 5581 620 5645; x_wconf 65' lang='lat' dir='ltr'><strong>et</strong></span> <span class='ocrx_word' id='word_1_732' title='bbox 649 5581 948 5645; x_wconf 69' lang='lat' dir='ltr'><strong>sanctarum</strong></span> <span class='ocrx_word' id='word_1_733' title='bbox 977 5571 1254 5645; x_wconf 59' lang='lat' dir='ltr'><strong>virginum.</strong></span> <span class='ocrx_word' id='word_1_734' title='bbox 1315 5568 1405 5645; x_wconf 61' lang='lat' dir='ltr'><strong>Sic</strong></span> <span class='ocrx_word' id='word_1_735' title='bbox 1434 5572 1596 5626; x_wconf 83' lang='lat' dir='ltr'><strong>etiam</strong></span> <span class='ocrx_word' id='word_1_736' title='bbox 1625 5574 1766 5629; x_wconf 83' lang='lat' dir='ltr'><strong>dicta</strong></span> 
     </span>
    </p>
   </div>
   <div class='ocr_carea' id='block_1_104' title="bbox 145 5638 1764 5773">
    <p class='ocr_par' dir='ltr' id='par_1_104' title="bbox 145 5638 1764 5773">
     <span class='ocr_line' id='line_1_104' title="bbox 145 5638 1764 5773; baseline -0.002 -74"><span class='ocrx_word' id='word_1_737' title='bbox 145 5638 500 5773; x_wconf 46' lang='lat' dir='ltr'><strong>ﬁss&#39;lfl’riagia</strong></span> <span class='ocrx_word' id='word_1_738' title='bbox 553 5643 893 5700; x_wconf 84' lang='lat' dir='ltr'><strong>Corbeiensis</strong></span> <span class='ocrx_word' id='word_1_739' title='bbox 943 5638 1257 5698; x_wconf 82' lang='lat' dir='ltr'><strong>monasterii</strong></span> <span class='ocrx_word' id='word_1_740' title='bbox 1312 5638 1368 5693; x_wconf 89' lang='lat' dir='ltr'><strong>in</strong></span> <span class='ocrx_word' id='word_1_741' title='bbox 1418 5645 1539 5700; x_wconf 86' lang='lat' dir='ltr'><strong>Vita</strong></span> <span class='ocrx_word' id='word_1_742' title='bbox 1593 5645 1764 5701; x_wconf 83' lang='lat' dir='ltr'><strong>sancti</strong></span> 
     </span>
     <span class='ocr_line' id='line_1_105' title="bbox 236 5728 499 5772; baseline -0.015 0"><span class='ocrx_word' id='word_1_743' title='bbox 236 5735 270 5772; x_wconf 87' lang='lat' dir='ltr'><strong>e</strong></span> <span class='ocrx_word' id='word_1_744' title='bbox 346 5728 424 5769; x_wconf 86' lang='lat' dir='ltr'><strong>ar</strong></span> <span class='ocrx_word' id='word_1_745' title='bbox 487 5755 499 5768; x_wconf 94' lang='lat'><strong>.</strong></span> 
     </span>
    </p>
   </div>
   <div class='ocr_carea' id='block_1_105' title="bbox 236 5728 499 5772">
    <p class='ocr_par' dir='ltr' id='par_1_105' title="bbox 236 5728 499 5772">
     <span class='ocr_line' id='line_1_106' title="bbox 236 5728 499 5772; baseline -0.015 0"><span class='ocrx_word' id='word_1_746' title='bbox 236 5728 499 5772; x_wconf 75' lang='lat' dir='ltr'><strong>amarat.</strong></span> 
     </span>
    </p>
   </div>
   <div class='ocr_carea' id='block_1_106' title="bbox 224 5784 1766 5861">
    <p class='ocr_par' dir='ltr' id='par_1_106' title="bbox 224 5784 1766 5861">
     <span class='ocr_line' id='line_1_107' title="bbox 224 5784 1766 5861; baseline 0.005 -21"><span class='ocrx_word' id='word_1_747' title='bbox 224 5789 254 5830; x_wconf 73' lang='grc' dir='ltr'><strong>ι»</strong></span> <span class='ocrx_word' id='word_1_748' title='bbox 305 5786 566 5842; x_wconf 85' lang='lat' dir='ltr'><strong>Joannes</strong></span> <span class='ocrx_word' id='word_1_749' title='bbox 617 5786 682 5841; x_wconf 88' lang='lat' dir='ltr'><strong>de</strong></span> <span class='ocrx_word' id='word_1_750' title='bbox 741 5784 956 5856; x_wconf 87' lang='lat' dir='ltr'><strong>Capella</strong></span> <span class='ocrx_word' id='word_1_751' title='bbox 981 5792 1232 5840; x_wconf 88' lang='lat' dir='ltr'><strong>numerat</strong></span> <span class='ocrx_word' id='word_1_752' title='bbox 1271 5788 1532 5845; x_wconf 89' lang='lat' dir='ltr'><strong>tredecim</strong></span> <span class='ocrx_word' id='word_1_753' title='bbox 1580 5807 1766 5861; x_wconf 87' lang='lat' dir='ltr'><strong>capsas</strong></span> 
     </span>
    </p>
   </div>
   <div class='ocr_carea' id='block_1_107' title="bbox 1859 4571 3438 4644">
    <p class='ocr_par' dir='ltr' id='par_1_107' title="bbox 1859 4571 3438 4644">
     <span class='ocr_line' id='line_1_108' title="bbox 1859 4571 3438 4644; baseline -0.005 -12"><span class='ocrx_word' id='word_1_754' title='bbox 1859 4577 2011 4632; x_wconf 87' lang='lat' dir='ltr'><strong>boria</strong></span> <span class='ocrx_word' id='word_1_755' title='bbox 2060 4588 2082 4616; x_wconf 75' lang='grc' dir='ltr'><strong>ο</strong></span> <span class='ocrx_word' id='word_1_756' title='bbox 2133 4577 2258 4643; x_wconf 92' lang='lat' dir='ltr'><strong>duo,</strong></span> <span class='ocrx_word' id='word_1_757' title='bbox 2317 4576 2544 4631; x_wconf 90' lang='lat' dir='ltr'><strong>lectoria</strong></span> <span class='ocrx_word' id='word_1_758' title='bbox 2604 4590 2759 4639; x_wconf 86' lang='lat' dir='ltr'><strong>auro,</strong></span> <span class='ocrx_word' id='word_1_759' title='bbox 2811 4581 3035 4644; x_wconf 83' lang='lat' dir='ltr'><strong>argento</strong></span> <span class='ocrx_word' id='word_1_760' title='bbox 3056 4580 3110 4626; x_wconf 88' lang='lat' dir='ltr'><strong>et</strong></span> <span class='ocrx_word' id='word_1_761' title='bbox 3156 4571 3438 4627; x_wconf 87' lang='lat' dir='ltr'><strong>marmori-</strong></span> 
     </span>
    </p>
   </div>
   <div class='ocr_carea' id='block_1_108' title="bbox 1859 4662 3534 4738">
    <p class='ocr_par' dir='ltr' id='par_1_108' title="bbox 1859 4662 3534 4738">
     <span class='ocr_line' id='line_1_109' title="bbox 1859 4662 3534 4738; baseline -0.002 -15"><span class='ocrx_word' id='word_1_762' title='bbox 1859 4669 1962 4723; x_wconf 87' lang='lat' dir='ltr'><strong>bus</strong></span> <span class='ocrx_word' id='word_1_763' title='bbox 2015 4675 2205 4738; x_wconf 88' lang='lat' dir='ltr'><strong>parata</strong></span> <span class='ocrx_word' id='word_1_764' title='bbox 2264 4669 2386 4724; x_wconf 89' lang='lat' dir='ltr'><strong>duo.</strong></span> <span class='ocrx_word' id='word_1_765' title='bbox 2440 4667 2500 4724; x_wconf 84' lang='lat' dir='ltr'><strong>In</strong></span> <span class='ocrx_word' id='word_1_766' title='bbox 2538 4667 2762 4723; x_wconf 83' lang='lat' dir='ltr'><strong>ecclesia</strong></span> <span class='ocrx_word' id='word_1_767' title='bbox 2792 4672 2990 4720; x_wconf 69' lang='lat' dir='ltr'><strong>sanctae</strong></span> <span class='ocrx_word' id='word_1_768' title='bbox 3034 4664 3129 4719; x_wconf 91' lang='lat' dir='ltr'><strong>Dei</strong></span> <span class='ocrx_word' id='word_1_769' title='bbox 3164 4662 3439 4735; x_wconf 82' lang='lat' dir='ltr'><strong>genitricis</strong></span> <span class='ocrx_word' id='word_1_770' title='bbox 3531 4713 3534 4720; x_wconf 43' lang='lat'><strong>,</strong></span> 
     </span>
    </p>
   </div>
   <div class='ocr_carea' id='block_1_109' title="bbox 1861 4752 3612 4831">
    <p class='ocr_par' dir='ltr' id='par_1_109' title="bbox 1861 4752 3612 4831">
     <span class='ocr_line' id='line_1_110' title="bbox 1861 4752 3612 4831; baseline -0.003 -17"><span class='ocrx_word' id='word_1_771' title='bbox 1861 4760 2047 4815; x_wconf 65' lang='lat' dir='ltr'><strong>Mariae</strong></span> <span class='ocrx_word' id='word_1_772' title='bbox 2087 4769 2142 4816; x_wconf 91' lang='lat' dir='ltr'><strong>et</strong></span> <span class='ocrx_word' id='word_1_773' title='bbox 2179 4768 2488 4818; x_wconf 89' lang='lat' dir='ltr'><strong>sanctorum</strong></span> <span class='ocrx_word' id='word_1_774' title='bbox 2535 4758 2898 4831; x_wconf 87' lang='lat' dir='ltr'><strong>apostolorum</strong></span> <span class='ocrx_word' id='word_1_775' title='bbox 2937 4755 3126 4810; x_wconf 88' lang='lat' dir='ltr'><strong>altaria</strong></span> <span class='ocrx_word' id='word_1_776' title='bbox 3178 4755 3438 4810; x_wconf 84' lang='lat' dir='ltr'><strong>fabricata</strong></span> <span class='ocrx_word' id='word_1_777' title='bbox 3530 4757 3537 4776; x_wconf 82' lang='grc'><strong>’·</strong></span> <span class='ocrx_word' id='word_1_778' title='bbox 3609 4752 3612 4754; x_wconf 71' lang='grc'><strong><em>’</em></strong></span> 
     </span>
    </p>
   </div>
   <div class='ocr_carea' id='block_1_110' title="bbox 1864 4845 3444 4919">
    <p class='ocr_par' dir='ltr' id='par_1_110' title="bbox 1864 4845 3444 4919">
     <span class='ocr_line' id='line_1_111' title="bbox 1864 4845 3444 4919; baseline -0.004 -12"><span class='ocrx_word' id='word_1_779' title='bbox 1864 4853 2147 4919; x_wconf 88' lang='lat' dir='ltr'><strong>tredecim;</strong></span> <span class='ocrx_word' id='word_1_780' title='bbox 2188 4850 2449 4908; x_wconf 77' lang='lat' dir='ltr'><strong>cibarium</strong></span> <span class='ocrx_word' id='word_1_781' title='bbox 2471 4865 2656 4914; x_wconf 89' lang='lat' dir='ltr'><strong>unum,</strong></span> <span class='ocrx_word' id='word_1_782' title='bbox 2709 4857 2763 4904; x_wconf 89' lang='lat' dir='ltr'><strong>et</strong></span> <span class='ocrx_word' id='word_1_783' title='bbox 2781 4847 3064 4905; x_wconf 89' lang='lat' dir='ltr'><strong>lectorium</strong></span> <span class='ocrx_word' id='word_1_784' title='bbox 3110 4845 3310 4916; x_wconf 90' lang='lat' dir='ltr'><strong>optimc</strong></span> <span class='ocrx_word' id='word_1_785' title='bbox 3349 4860 3444 4916; x_wconf 36' lang='lat' dir='ltr'><strong>pas</strong></span> 
     </span>
    </p>
   </div>
   <div class='ocr_carea' id='block_1_111' title="bbox 1864 4937 3437 5000">
    <p class='ocr_par' dir='ltr' id='par_1_111' title="bbox 1864 4937 3437 5000">
     <span class='ocr_line' id='line_1_112' title="bbox 1864 4937 3437 5000; baseline -0.006 0"><span class='ocrx_word' id='word_1_786' title='bbox 1864 4953 2041 5000; x_wconf 86' lang='lat' dir='ltr'><strong>ratum</strong></span> <span class='ocrx_word' id='word_1_787' title='bbox 2068 4960 2253 4999; x_wconf 90' lang='lat' dir='ltr'><strong>unum.</strong></span> <span class='ocrx_word' id='word_1_788' title='bbox 2307 4944 2366 4997; x_wconf 85' lang='lat' dir='ltr'><strong>In</strong></span> <span class='ocrx_word' id='word_1_789' title='bbox 2420 4941 2646 4997; x_wconf 89' lang='lat' dir='ltr'><strong>ecclesia</strong></span> <span class='ocrx_word' id='word_1_790' title='bbox 2698 4939 2869 4996; x_wconf 88' lang='lat' dir='ltr'><strong>sancti</strong></span> <span class='ocrx_word' id='word_1_791' title='bbox 2921 4937 3198 4994; x_wconf 90' lang='lat' dir='ltr'><strong>Benedicti</strong></span> <span class='ocrx_word' id='word_1_792' title='bbox 3249 4937 3437 4992; x_wconf 82' lang='lat' dir='ltr'><strong>altaria</strong></span> 
     </span>
    </p>
   </div>
   <div class='ocr_carea' id='block_1_112' title="bbox 1863 5074 3440 5148">
    <p class='ocr_par' dir='ltr' id='par_1_112' title="bbox 1863 5074 3440 5148">
     <span class='ocr_line' id='line_1_113' title="bbox 1863 5074 3440 5148; baseline -0.005 -14"><span class='ocrx_word' id='word_1_793' title='bbox 1863 5093 2055 5134; x_wconf 88' lang='lat' dir='ltr'><strong>aureas</strong></span> <span class='ocrx_word' id='word_1_794' title='bbox 2084 5085 2140 5133; x_wconf 90' lang='lat' dir='ltr'><strong>et</strong></span> <span class='ocrx_word' id='word_1_795' title='bbox 2179 5084 2668 5148; x_wconf 10' lang='lat' dir='ltr'><strong>argenteas,_gquas</strong></span> <span class='ocrx_word' id='word_1_796' title='bbox 2699 5074 3440 5148; x_wconf 30' lang='lat' dir='ltr'><strong>Angilbertus‘superunum</strong></span> 
     </span>
    </p>
   </div>
   <div class='ocr_carea' id='block_1_113' title="bbox 1865 5141 3442 5221">
    <p class='ocr_par' dir='ltr' id='par_1_113' title="bbox 1865 5141 3442 5221">
     <span class='ocr_line' id='line_1_114' title="bbox 1865 5141 3442 5221; baseline -0.006 -17"><span class='ocrx_word' id='word_1_797' title='bbox 1865 5151 2037 5205; x_wconf 87' lang='lat' dir='ltr'><strong>altare</strong></span> <span class='ocrx_word' id='word_1_798' title='bbox 2058 5141 2371 5221; x_wconf 66' lang='lat' dir='ltr'><strong>argentéum</strong></span> <span class='ocrx_word' id='word_1_799' title='bbox 2403 5141 2708 5203; x_wconf 71' lang='lat' dir='ltr'><strong>dedicatum</strong></span> <span class='ocrx_word' id='word_1_800' title='bbox 2735 5141 3015 5202; x_wconf 66' lang='lat' dir='ltr'><strong>itfhonore</strong></span> <span class='ocrx_word' id='word_1_801' title='bbox 3061 5141 3232 5201; x_wconf 63' lang='lat' dir='ltr'><strong>bea&#39;tzc</strong></span> <span class='ocrx_word' id='word_1_802' title='bbox 3262 5141 3442 5197; x_wconf 64' lang='lat' dir='ltr'><strong>Maria!</strong></span> 
     </span>
    </p>
   </div>
   <div class='ocr_carea' id='block_1_114' title="bbox 1934 5221 3064 5276">
    <p class='ocr_par' dir='ltr' id='par_1_114' title="bbox 1934 5221 3064 5276">
     <span class='ocr_line' id='line_1_115' title="bbox 1934 5221 3064 5276; baseline -0.016 0"><span class='ocrx_word' id='word_1_803' title='bbox 1934 5221 2122 5276; x_wconf 89' lang='lat' dir='ltr'><strong>suerit.</strong></span> <span class='ocrx_word' id='word_1_804' title='bbox 3061 5255 3064 5258; x_wconf 29' lang='grc' dir='ltr'><em>ί</em></span> 
     </span>
    </p>
   </div>
   <div class='ocr_carea' id='block_1_115' title="bbox 1863 5237 3444 5357">
    <p class='ocr_par' dir='ltr' id='par_1_115' title="bbox 1863 5237 3444 5357">
     <span class='ocr_line' id='line_1_116' title="bbox 1934 5237 3064 5276; baseline -0.016 0"><span class='ocrx_word' id='word_1_805' title='bbox 1934 5237 2122 5276; x_wconf 77' lang='lat' dir='ltr'><strong>suerit.</strong></span> <span class='ocrx_word' id='word_1_806' title='bbox 3061 5255 3064 5258; x_wconf 29' lang='grc' dir='ltr'><em>ί</em></span> 
     </span>
     <span class='ocr_line' id='line_1_117' title="bbox 1863 5237 3444 5357; baseline -0.006 -12"><span class='ocrx_word' id='word_1_807' title='bbox 1863 5237 1958 5331; x_wconf 71' lang='lat' dir='ltr'><strong>p00</strong></span> <span class='ocrx_word' id='word_1_808' title='bbox 2013 5290 2150 5356; x_wconf 84' lang='lat' dir='ltr'><strong>Quid</strong></span> <span class='ocrx_word' id='word_1_809' title='bbox 2181 5293 2252 5346; x_wconf 90' lang='lat' dir='ltr'><strong>sit</strong></span> <span class='ocrx_word' id='word_1_810' title='bbox 2280 5290 2562 5354; x_wconf 88' lang='lat' dir='ltr'><strong>ciborium,</strong></span> <span class='ocrx_word' id='word_1_811' title='bbox 2619 5288 2736 5343; x_wconf 82' lang='lat' dir='ltr'><strong>fuse</strong></span> <span class='ocrx_word' id='word_1_812' title='bbox 2769 5289 2992 5357; x_wconf 80' lang='lat' dir='ltr'><strong>exposui</strong></span> <span class='ocrx_word' id='word_1_813' title='bbox 3034 5288 3089 5342; x_wconf 90' lang='lat' dir='ltr'><strong>in</strong></span> <span class='ocrx_word' id='word_1_814' title='bbox 3129 5284 3444 5357; x_wconf 75' lang='lat' dir='ltr'><strong>prmfatione</strong></span> 
     </span>
    </p>
   </div>
   <div class='ocr_carea' id='block_1_116' title="bbox 1867 5355 3441 5428">
    <p class='ocr_par' dir='ltr' id='par_1_116' title="bbox 1867 5355 3441 5428">
     <span class='ocr_line' id='line_1_118' title="bbox 1867 5355 3441 5428; baseline -0.009 -9"><span class='ocrx_word' id='word_1_815' title='bbox 1867 5355 2050 5419; x_wconf 77' lang='lat' dir='ltr'><strong>saeculi</strong></span> <span class='ocrx_word' id='word_1_816' title='bbox 2086 5361 2328 5428; x_wconf 88' lang='lat' dir='ltr'><strong>secundi,</strong></span> <span class='ocrx_word' id='word_1_817' title='bbox 2379 5378 2527 5417; x_wconf 87' lang='lat' dir='ltr'><strong>num.</strong></span> <span class='ocrx_word' id='word_1_818' title='bbox 2575 5359 2665 5424; x_wconf 68' lang='lat' dir='ltr'><strong>«l7,</strong></span> <span class='ocrx_word' id='word_1_819' title='bbox 2727 5355 2919 5414; x_wconf 83' lang='lat' dir='ltr'><strong>turrita</strong></span> <span class='ocrx_word' id='word_1_820' title='bbox 2967 5355 3175 5414; x_wconf 73' lang='lat' dir='ltr'><strong>scilicet</strong></span> <span class='ocrx_word' id='word_1_821' title='bbox 3219 5355 3441 5410; x_wconf 70' lang='lat' dir='ltr'><strong>:mlicula</strong></span> 
     </span>
    </p>
   </div>
   <div class='ocr_carea' id='block_1_117' title="bbox 1866 5429 3440 5504">
    <p class='ocr_par' dir='ltr' id='par_1_117' title="bbox 1866 5429 3440 5504">
     <span class='ocr_line' id='line_1_119' title="bbox 1866 5429 3440 5504; baseline -0.008 -16"><span class='ocrx_word' id='word_1_822' title='bbox 1866 5442 2099 5504; x_wconf 86' lang='lat' dir='ltr'><strong>quatuor</strong></span> <span class='ocrx_word' id='word_1_823' title='bbox 2149 5441 2338 5488; x_wconf 87' lang='lat' dir='ltr'><strong>octove</strong></span> <span class='ocrx_word' id='word_1_824' title='bbox 2383 5431 2644 5504; x_wconf 86' lang='lat' dir='ltr'><strong>columnis</strong></span> <span class='ocrx_word' id='word_1_825' title='bbox 2688 5431 2897 5504; x_wconf 74' lang='lat' dir='ltr'><strong>innixa,</strong></span> <span class='ocrx_word' id='word_1_826' title='bbox 2948 5429 3209 5504; x_wconf 70' lang='lat' dir='ltr'><strong>altaribus</strong></span> <span class='ocrx_word' id='word_1_827' title='bbox 3240 5433 3295 5478; x_wconf 82' lang='lat' dir='ltr'><strong>et</strong></span> <span class='ocrx_word' id='word_1_828' title='bbox 3320 5441 3440 5504; x_wconf 83' lang='lat' dir='ltr'><strong>san-</strong></span> 
     </span>
    </p>
   </div>
   <div class='ocr_carea' id='block_1_118' title="bbox 1867 5496 3440 5572">
    <p class='ocr_par' dir='ltr' id='par_1_118' title="bbox 1867 5496 3440 5572">
     <span class='ocr_line' id='line_1_120' title="bbox 1867 5496 3440 5572; baseline -0.008 -12"><span class='ocrx_word' id='word_1_829' title='bbox 1867 5496 2075 5560; x_wconf 76' lang='lat' dir='ltr'><strong>ctorum</strong></span> <span class='ocrx_word' id='word_1_830' title='bbox 2115 5504 2334 5559; x_wconf 87' lang='lat' dir='ltr'><strong>tumulis</strong></span> <span class='ocrx_word' id='word_1_831' title='bbox 2370 5503 2570 5572; x_wconf 89' lang='lat' dir='ltr'><strong>imponi</strong></span> <span class='ocrx_word' id='word_1_832' title='bbox 2626 5502 2800 5556; x_wconf 83' lang='lat' dir='ltr'><strong>solita.</strong></span> <span class='ocrx_word' id='word_1_833' title='bbox 2840 5502 3064 5556; x_wconf 87' lang='lat' dir='ltr'><strong>Carolus</strong></span> <span class='ocrx_word' id='word_1_834' title='bbox 3111 5500 3334 5572; x_wconf 72' lang='lat' dir='ltr'><strong>magnus</strong></span> <span class='ocrx_word' id='word_1_835' title='bbox 3385 5496 3440 5547; x_wconf 80' lang='lat' dir='ltr'><strong>in</strong></span> 
     </span>
    </p>
   </div>
   <div class='ocr_carea' id='block_1_119' title="bbox 1868 5567 3441 5646">
    <p class='ocr_par' dir='ltr' id='par_1_119' title="bbox 1868 5567 3441 5646">
     <span class='ocr_line' id='line_1_121' title="bbox 1868 5567 3441 5646; baseline -0.009 -14"><span class='ocrx_word' id='word_1_836' title='bbox 1868 5576 2154 5645; x_wconf 88' lang='lat' dir='ltr'><strong>capitulari</strong></span> <span class='ocrx_word' id='word_1_837' title='bbox 2199 5577 2324 5629; x_wconf 87' lang='lat' dir='ltr'><strong>anni</strong></span> <span class='ocrx_word' id='word_1_838' title='bbox 2380 5567 2484 5646; x_wconf 66' lang='lat'><strong>789</strong></span> <span class='ocrx_word' id='word_1_839' title='bbox 2525 5572 2778 5646; x_wconf 50' lang='lat' dir='ltr'><strong>praecipit</strong></span> <span class='ocrx_word' id='word_1_840' title='bbox 2815 5581 2870 5626; x_wconf 79' lang='lat' dir='ltr'><strong>ut</strong></span> <span class='ocrx_word' id='word_1_841' title='bbox 2918 5589 3091 5646; x_wconf 3' lang='lat' dir='ltr'><strong>super,</strong></span> <span class='ocrx_word' id='word_1_842' title='bbox 3126 5567 3441 5646; x_wconf 27' lang='lat' dir='ltr'><strong>alluctante—</strong></span> 
     </span>
    </p>
   </div>
   <div class='ocr_carea' id='block_1_120' title="bbox 1869 5635 3443 5715">
    <p class='ocr_par' dir='ltr' id='par_1_120' title="bbox 1869 5635 3443 5715">
     <span class='ocr_line' id='line_1_122' title="bbox 1869 5635 3443 5715; baseline -0.008 -14"><span class='ocrx_word' id='word_1_843' title='bbox 1869 5635 2052 5702; x_wconf 66' lang='lat' dir='ltr'><strong>cuoria</strong></span> <span class='ocrx_word' id='word_1_844' title='bbox 2077 5645 2206 5714; x_wconf 82' lang='lat' dir='ltr'><strong>ﬁant</strong></span> <span class='ocrx_word' id='word_1_845' title='bbox 2244 5655 2336 5700; x_wconf 85' lang='lat' dir='ltr'><strong>aut</strong></span> <span class='ocrx_word' id='word_1_846' title='bbox 2376 5635 2665 5715; x_wconf 68' lang='lat' dir='ltr'><strong>laquearia.</strong></span> <span class='ocrx_word' id='word_1_847' title='bbox 2688 5635 2707 5642; x_wconf 77' lang='grc'><em>’</em></span> <span class='ocrx_word' id='word_1_848' title='bbox 2733 5641 2886 5715; x_wconf 84' lang='lat' dir='ltr'><strong>Nunc</strong></span> <span class='ocrx_word' id='word_1_849' title='bbox 2927 5635 3190 5698; x_wconf 86' lang='lat' dir='ltr'><strong>ciborium</strong></span> <span class='ocrx_word' id='word_1_850' title='bbox 3240 5635 3443 5691; x_wconf 82' lang='lat' dir='ltr'><strong>dicitur</strong></span> 
     </span>
    </p>
   </div>
   <div class='ocr_carea' id='block_1_121' title="bbox 1800 5714 3445 5843">
    <p class='ocr_par' dir='ltr' id='par_1_121' title="bbox 1800 5714 3445 5843">
     <span class='ocr_line' id='line_1_123' title="bbox 1800 5714 3445 5843; baseline -0.009 -68"><span class='ocrx_word' id='word_1_851' title='bbox 1800 5739 1815 5778; x_wconf 73' lang='grc' dir='ltr'>χ</span> <span class='ocrx_word' id='word_1_852' title='bbox 1869 5719 2069 5843; x_wconf 56' lang='lat' dir='ltr'><strong>aleam}:</strong></span> <span class='ocrx_word' id='word_1_853' title='bbox 2095 5733 2191 5773; x_wconf 88' lang='lat' dir='ltr'><strong>seu</strong></span> <span class='ocrx_word' id='word_1_854' title='bbox 2234 5716 2390 5788; x_wconf 85' lang='lat' dir='ltr'><strong>pyxis</strong></span> <span class='ocrx_word' id='word_1_855' title='bbox 2418 5714 2472 5772; x_wconf 89' lang='lat' dir='ltr'><strong>in</strong></span> <span class='ocrx_word' id='word_1_856' title='bbox 2502 5730 2608 5785; x_wconf 86' lang='lat' dir='ltr'><strong>qua</strong></span> <span class='ocrx_word' id='word_1_857' title='bbox 2634 5714 2834 5770; x_wconf 88' lang='lat' dir='ltr'><strong>Christi</strong></span> <span class='ocrx_word' id='word_1_858' title='bbox 2861 5714 3072 5770; x_wconf 89' lang='lat' dir='ltr'><strong>Domini</strong></span> <span class='ocrx_word' id='word_1_859' title='bbox 3115 5723 3309 5778; x_wconf 84' lang='lat' dir='ltr'><strong>corpus</strong></span> <span class='ocrx_word' id='word_1_860' title='bbox 3357 5720 3445 5762; x_wconf 82' lang='lat' dir='ltr'><strong>as-</strong></span> 
     </span>
     <span class='ocr_line' id='line_1_124' title="bbox 1827 5803 2640 5843; baseline -0.009 1"><span class='ocrx_word' id='word_1_861' title='bbox 1827 5826 1832 5828; x_wconf 93' lang='lat'>-</span> <span class='ocrx_word' id='word_1_862' title='bbox 1870 5804 2027 5843; x_wconf 81' lang='lat' dir='ltr'><strong>serva</strong></span> <span class='ocrx_word' id='word_1_863' title='bbox 2053 5803 2117 5842; x_wconf 89' lang='lat' dir='ltr'><strong>ur</strong></span> <span class='ocrx_word' id='word_1_864' title='bbox 2637 5835 2640 5837; x_wconf 71' lang='lat'><strong>.</strong></span> 
     </span>
    </p>
   </div>
   <div class='ocr_carea' id='block_1_122' title="bbox 1827 5803 2117 5855">
    <p class='ocr_par' dir='ltr' id='par_1_122' title="bbox 1827 5803 2117 5855">
     <span class='ocr_line' id='line_1_125' title="bbox 1827 5803 2117 5855; baseline 0 -4"><span class='ocrx_word' id='word_1_865' title='bbox 1827 5826 1832 5828; x_wconf 93' lang='grc'>·</span> <span class='ocrx_word' id='word_1_866' title='bbox 1870 5803 2117 5855; x_wconf 70' lang='lat' dir='ltr'><strong>servatur</strong></span> 
     </span>
    </p>
   </div>
  </div>
