4012 6364
607 327 708 386 84⁷

1567 325 1623 379 S.
1665 319 2079 380 ANGILBERTI
2117 316 2405 373 ABBATIS
2442 315 2916 374 CENTULENSIS
3763 323 3845 382 us

607 450 798 515 parata
836 439 964 497 tria.
1013 437 1072 494 In
1100 436 1344 494 ecclesiis
1380 451 1509 491 vero
1543 444 1855 491 sanctorum
1879 432 2190 504 angelorum
2219 431 2270 489 Α
2294 438 2487 499 ganter
2512 429 2803 498 dispositis,
2864 433 3030 497 atque
3053 441 3122 482 ex
3150 428 3378 484 diversis
3400 430 3732 502 praescriptis
3752 435 3850 492 reti.

608 533 899 599 Gabrielis,
930 530 1228 596 Michaelis,
1256 540 1310 584 et
1362 527 1651 599 Raphaelis
1695 526 1889 580 altaria
1918 524 2044 588 tria,
2073 538 2193 592 qua)

608 628 771 685 simul
801 627 937 683 ﬁunt
961 625 1152 681 altaria
1176 624 1426 696 triginta;
1471 631 1525 676 et
1563 620 1768 676 ciboria
1791 620 1914 683 tria,
1946 627 2000 672 et
2029 617 2196 671 lecto-

607 723 692 778 ria
743 721 870 776 tria.
916 717 1053 773 Nam
1093 718 1158 773 de
1191 716 1313 772 aliis
1353 715 1500 770 vasis
1547 721 1600 770 et
1645 711 2068 784 supellectilibus
2098 711 2196 765 ha-

605 813 810 869 bentur
844 811 900 866 in
935 808 1141 864 eisdem
1179 805 1424 862 ecclesiis
1475 819 1608 859 auro
1643 810 1974 874 argentoque
1992 809 2196 871 parata:

607 903 1028 974 septemdecim;
1070 914 1284 956 coronae
1306 913 1486 952 aurea:
1516 896 1669 961 dum;
1707 894 1983 964 lampades
2010 909 2197 963 argen-

605 1003 708 1051 tea:
731 1010 855 1060 sex;
899 993 1138 1063 cuprinae
1177 1005 1312 1046 auro
1333 996 1664 1061 argentoque
1700 987 1967 1042 decoratae
1990 986 2194 1041 duode-

604 1086 749 1152 cim;
808 1100 966 1156 poma
989 1097 1155 1138 aurea
1208 1081 1344 1147 tria;
1395 1080 1591 1135 calices
1619 1079 1770 1134 aurei
1827 1094 1950 1133 eum
1985 1077 2196 1148 patenis

604 1177 744 1241 duo;
801 1176 941 1231 calix
968 1189 1110 1229 unus
1135 1187 1334 1228 aureus
1353 1186 1581 1242 magnus
1606 1186 1732 1225 eum
1763 1169 2094 1238 imaginibus
2123 1168 2198 1221 si-

601 1270 715 1326 mul
753 1276 1063 1338 et-patena;
1113 1266 1202 1320 alii
1242 1264 1438 1320 calices
1465 1262 1707 1334 argentei
1745 1277 1867 1316 cum
1901 1261 2014 1316 suis
2044 1268 2196 1330 pate-

599 1362 686 1416 nis
711 1359 995 1415 duodecim
1021 1376 1035 1424 ;
1059 1357 1336 1413 otl‘ertoria
1375 1364 1631 1426 argentea
1675 1355 1880 1409 decem.
1909 1352 1991 1408 Ad
2035 1360 2196 1421 caput

600 1455 775 1510 sancti
799 1451 1040 1507 Richarii
1070 1451 1253 1506 tabula
1287 1466 1420 1504 auro
1446 1457 1500 1504 et
1544 1455 1768 1519 argento
1817 1455 2006 1516 parata
2053 1460 2190 1504 una;

598 1547 736 1603 ostia
776 1545 985 1614 majora
1006 1561 1139 1600 auro
1153 1551 1207 1596 et
1232 1549 1457 1613 argento
1481 1551 1670 1610 parata
1697 1539 1823 1604 duo,
1854 1538 1958 1591 alia
1981 1537 2195 1591 minora

599 1639 734 1706 duo;
788 1639 891 1694 alia
915 1637 1111 1693 ostiola
1150 1635 1401 1690 similiter
1424 1640 1613 1702 parata
1643 1631 1784 1696 duo;
1831 1629 2069 1684 balteum
2100 1643 2195 1681 au-

597 1743 753 1782 reum
807 1743 1008 1794 unum;
1071 1723 1520 1780 atramentarium
1561 1720 1825 1790 optimum
1879 1725 2194 1788 argenteum

2295 523 2436 593 quiis
2479 521 2911 591 supradictorum
2987 528 3299 577 sanctorum
3355 523 3563 578 ornatis
3615 525 3848 594 ecclesiis,

2296 620 2536 690 diligenti
2569 617 2765 674 mentis
2799 617 2995 674 affectu
3021 625 3262 673 tractare
3314 617 3604 687 carpimus,
3654 618 3853 689 qualiter

2295 711 2524 768 Domino
2570 715 2802 770 donante
2845 712 2914 768 ad
2950 712 3056 766 hoc
3089 709 3376 780 pervenire
3401 708 3776 776 valuissemus,
3806 723 3850 768 ut

2295 805 2437 859 sicut
2461 805 2516 860 in
2547 805 2792 862 zediﬁciis
2820 804 3142 860 marmoreis
3190 809 3246 858 et
3269 802 3325 856 in
3351 802 3566 857 caeteris
3595 817 3851 859 ornamen-

2295 897 2365 952 tis
2393 898 2564 953 oculis
2588 898 2814 954 honeste
2840 897 3144 953 clarescunt
3186 894 3459 960 humanis,
3516 893 3592 949 ita
3639 895 3789 950 etiam
3810 897 3848 954 in

2297 990 2392 1045 Dei
2445 990 2710 1057 laudibus,
2772 991 2828 1044 in
2857 989 3121 1045 doctrinis
3145 986 3375 1043 diversis
3394 994 3450 1041 et
3471 986 3703 1041 canticis
3729 987 3852 1056 spiri~

2299 1082 2531 1136 tualibus
2556 1080 2773 1138 Christo
2797 1078 3158 1150 omnipotenti
3184 1077 3399 1148 placere
3424 1075 3720 1131 valeamus.
3745 1075 3851 1144 Qua-

2296 1180 2517 1243 pr0pter
2541 1179 2815 1226 trecentos
2843 1170 3139 1226 monachos
3185 1167 3243 1222 in
3288 1167 3393 1222 hoc
3439 1175 3629 1222 sancto
3655 1166 3767 1221 loco
3795 1184 3852 1223 re-

2297 1264 2810 1336 gularitervieturos
2859 1263 3157 1318 auxiliante
3181 1261 3293 1316 Deo
3342 1259 3724 1315 constituimus
3750 1277 3851 1332 :0p-

2296 1365 2476 1411 tantes
2499 1362 2554 1410 et
2582 1355 2914 1420 ordinantes,
2947 1362 3009 1408 ut
3037 1354 3082 1408 si
3131 1367 3241 1407 non
3290 1350 3431 1422 plus,
3483 1350 3640 1405 istius
3679 1353 3850 1408 numeri

2296 1449 2641 1520 congregatio
2679 1449 2734 1504 in
2778 1456 3101 1519 perpetuum
3136 1447 3421 1501 habeatur.
3462 1443 3698 1500 Centum
3727 1448 3850 1502 etiam

2294 1555 2496 1612 pueros
2523 1541 2723 1596 scholis
2744 1541 3071 1597 erudiendos
3099 1539 3200 1595 sub
3222 1537 3417 1593 eodem
3444 1537 3638 1592 habitu
3666 1548 3721 1592 et
3742 1539 3851 1594 victu

2298 1642 2320 1669 ο
2365 1633 2677 1699 statuimus,
2735 1633 2828 1704 qui
2880 1632 3140 1687 fratribus
3168 1647 3267 1702 per
3314 1641 3427 1688 tres
3479 1632 3682 1687 choros
3707 1630 3850 1685 divisis

2297 1724 2352 1777 in
2401 1725 2664 1779 auxilium
2715 1724 2979 1794 psallendi
3027 1731 3082 1779 et
3137 1723 3367 1780 canendi
3403 1723 3665 1778 intersint
3695 1723 3850 1778 :itant

596 1838 732 1877 auro
789 1829 1040 1894 paratum
1094 1835 1295 1884 unum;
1339 1815 1585 1870 cultellus
1624 1828 1758 1867 auro
1791 1821 1847 1866 et
1883 1810 2193 1881 margaritis
2221 1805 2270 1866 Β
2297 1819 2497 1873 chorus
2547 1819 2720 1874 sancti
2775 1817 3070 1873 Salvatoris
3107 1825 3366 1874 centenos
3411 1819 3713 1874 monachos
3757 1834 3847 1873 cum

594 1926 820 1987 paratus
861 1933 1034 1981 unus;
1064 1914 1234 1970 codex
1261 1912 1533 1966 eburneus
1556 1924 1689 1964 auro
1709 1915 1932 1979 argento
1971 1915 2026 1961 et
2051 1922 2194 1960 mar-

598 2009 793 2079 garitis
837 2008 1041 2076 optime
1066 2013 1287 2076 paratus
1337 2017 1496 2057 unus.
1559 2001 1748 2073 Punga
1777 2012 1804 2040 α
1839 2013 1974 2054 auro
2002 2005 2194 2068 parata

594 2115 736 2164 una;
779 2097 1083 2153 incensaria
1122 2103 1377 2166 argentea
1407 2109 1540 2148 auro
1571 2101 1763 2162 parata
1791 2100 2042 2161 quatuor.
2082 2088 2193 2142 lla-

592 2189 756 2259 nappi
795 2189 1039 2260 argent-ei
1094 2187 1434 2256 superaurati
1483 2184 1774 2248 tredecim;
1844 2182 2051 2238 concha
2107 2196 2194 2234 ar-

593 2292 790 2354 gentea
813 2281 987 2351 major
1035 2297 1157 2336 eum
1195 2280 1520 2350 imaginibus
1541 2277 1815 2349 argenteis
1837 2292 1980 2341 una;
2027 2277 2194 2330 bocu—

591 2374 725 2429 laris
755 2372 954 2446 [Vulgo
998 2375 1184 2438 bocar,
1240 2371 1441 2443 (egena:
1484 2370 1668 2443 genus]
1693 2374 1988 2440 argenteus
2017 2385 2190 2435 unus;

590 2465 744 2520 urcei
769 2466 1014 2536 argentei
1071 2480 1195 2520 eum
1231 2463 1666 2533 aquamanilibus
1687 2465 1800 2518 suis
1830 2464 1975 2527 duo;
2017 2476 2191 2516 canna

593 2564 852 2628 argentea
878 2572 1005 2620 una,
1055 2557 1295 2618 eburnea
1331 2570 1469 2619 una;
1510 2554 1686 2608 situla:
1732 2562 2000 2622 argentea:
2033 2552 2187 2617 dua};

594 2648 764 2704 clavis
791 2665 956 2705 aurea
979 2667 1087 2704 una
1115 2667 1130 2714 ;
1174 2649 1326 2704 scilla
1350 2658 1609 2719 argentea
1639 2664 1745 2703 una
1768 2666 1782 2714 ;
1815 2664 2030 2704 corona:
2063 2664 2188 2702 cum

596 2741 894 2798 luminibus
919 2742 1214 2808 tredecim;
1240 2742 1503 2797 columna:
1549 2751 1676 2796 ante
1700 2741 1871 2795 altare
1898 2741 2071 2796 sancti
2099 2740 2191 2794 Ri-

591 2836 766 2889 charii
811 2851 947 2891 auro
977 2843 1032 2891 et
1072 2844 1296 2904 argento
1322 2844 1528 2905 paratae
1554 2851 1681 2900 sex;
1731 2835 1912 2889 trabes
1952 2835 2190 2889 minores

589 2943 715 2982 cum
742 2928 976 2983 arcubus
1003 2929 1115 2983 suis
1133 2935 1356 2997 argento
1387 2936 1591 2998 parata:
1617 2935 1761 2992 tres;
1815 2927 2081 2982 cloccaria
2112 2925 2190 2998 [id

592 3025 692 3082 est,
750 3016 1095 3088 campanilia]
1141 3033 1274 3071 auro
1321 3026 1510 3087 parata
1540 3018 1677 3083 tria;
1722 3016 1917 3072 cloccze
1950 3016 2190 3088 [campa-

597 3108 739 3164 nula:
760 3125 852 3164 seu
900 3109 1284 3181 tintinnabula]
1322 3111 1538 3179 optimae
1578 3110 1885 3179 quindecim
1924 3125 2046 3164 cum
2099 3124 2189 3164 ea-

598 3219 723 3258 rum
789 3201 1008 3258 circulis
1055 3203 1084 3244 ιι
1138 3202 1492 3272 quindecim;
1545 3201 1713 3256 skillae
1765 3213 1877 3256 tres
1923 3201 2187 3272 imagines

589 3309 755 3350 zenae
783 3309 901 3361 sex,
950 3296 1189 3350 eburnea
1240 3310 1380 3360 una;
1435 3292 1762 3349 candelabra
1813 3309 1946 3348 auro
1997 3303 2187 3363 parata

587 3387 728 3453 duo;
775 3387 916 3442 ostia
946 3403 1080 3442 auro
1120 3395 1307 3458 parata
1351 3392 1579 3456 septem.
1618 3383 1843 3456 Insuper
1865 3384 2186 3440 donavimus

586 3478 662 3534 ibi
700 3479 862 3551 pallia
899 3481 1104 3551 optima
1147 3479 1485 3550 septuaginta
1520 3485 1678 3542 octo;
1732 3493 1932 3548 cappas
1987 3480 2188 3533 ducen-

587 3579 701 3636 tas;
759 3571 1077 3627 dalmaticas
1132 3571 1322 3643 viginti
1351 3579 1586 3641 quatuor
1612 3571 1851 3636 sericas;
1905 3571 2053 3626 albas
2078 3571 2180 3626 Ιίοι

586 3677 781 3717 manas
832 3678 954 3718 cum
997 3663 1210 3718 amictis
1246 3663 1360 3719 suis
1402 3678 1538 3718 auro
1591 3673 1810 3733 paratas
1858 3681 1984 3729 sex;
2034 3665 2186 3719 albas

583 3751 757 3809 lineas
784 3755 1045 3810 ducentas
1065 3757 1374 3826 sexaginta;
1410 3757 1624 3812 casulas
1647 3757 1714 3810 de
1745 3757 1908 3827 pallio
1938 3757 2182 3827 triginta,

589 3844 658 3898 de
687 3859 930 3916 purpura
953 3846 1160 3912 decem,
1220 3848 1286 3902 de
1308 3860 1518 3904 storace
1552 3864 1667 3914 sex,
1726 3849 1791 3903 de
1805 3850 1953 3918 pisce
1992 3866 2179 3915 unam,

589 3935 659 3989 de
720 3935 890 4005 platta
935 3937 1260 4007 quindecim,
1305 3941 1371 3995 de
1418 3941 1650 3994 cendato
1699 3940 1957 4010 quinque.
2005 3940 2185 3996 Stolas

591 4043 726 4084 auro
757 4039 979 4100 paratas
1005 4033 1260 4103 quinque,
1321 4033 1546 4088 fanones
1597 4032 1949 4105 [manipulos]
1983 4034 2048 4087 de
2069 4033 2184 4104 pal-

588 4117 661 4173 lio
687 4135 822 4176 auro
852 4131 1071 4192 paratos
1098 4124 1316 4188 decem;
1356 4123 1602 4178 cussinos
1631 4123 1700 4178 de
1731 4123 1895 4193 pallio
1918 4123 2179 4194 quinque,

584 4229 715 4285 saga
742 4216 809 4271 de
837 4216 1000 4286 pallio
1019 4217 1282 4287 quinque.

655 4310 733 4364 De
754 4309 925 4376 libris,
982 4310 1334 4382 Evangelium
1362 4327 1497 4368 auro
1541 4313 1800 4383 scriptum
1832 4329 1955 4368 cum
1987 4311 2183 4367 tabulis

586 4402 858 4474 argenteis
879 4418 1014 4458 auro
1051 4412 1107 4458 et
1135 4403 1402 4473 lapidibus
1445 4407 1698 4474 pretiosis
1748 4405 1979 4460 miriﬁce
2019 4420 2182 4474 para-

583 4506 700 4550 tum
749 4512 946 4563 unum;
980 4496 1126 4552 aliud
1154 4497 1509 4569 Evangelium
1528 4499 1831 4568 plenarium
1857 4513 2044 4553 unum.
2105 4498 2182 4552 De

581 4586 705 4644 aliis
734 4587 889 4644 libris
917 4589 1188 4644 volumina
1210 4591 1461 4646 ducenta.

653 4680 878 4752 Insuper
911 4683 1075 4737 etiam
1102 4684 1334 4755 plurima
1375 4696 1698 4742 ornamenta
1727 4689 1782 4742 in
1807 4687 2174 4754 fabricaturis,

583 4779 636 4824 et
662 4771 892 4828 diversis
918 4775 1262 4842 utilitatibus,
1313 4777 1369 4831 in
1391 4778 1630 4847 plumbo,
1675 4778 1841 4845 vitro,
1883 4795 2172 4844 marmore,

581 4877 677 4917 seu
695 4873 894 4920 caetera
915 4866 1276 4924 instrumenta
1302 4887 1422 4940 qua:
1449 4871 1669 4941 longum
1705 4870 1808 4925 fuit
1831 4887 2172 4938 enumerare,

580 4954 951 5028 prolixiusque
971 4961 1212 5016 scribere
1241 4981 1252 5014 :
1281 4979 1402 5031 quae
1423 4973 1606 5021 tamen
1647 4972 1774 5020 tunc
1803 4967 2061 5036 temporis
2082 4982 2177 5036 ap-

579 5049 813 5118 pretiata
836 5060 962 5106 sunt
1001 5068 1033 5107 a
1059 5053 1306 5109 ﬁdelibus
1337 5055 1433 5110 Dei
1467 5063 1524 5110 et
1560 5059 1731 5112 sancti
1763 5059 2023 5125 Richarii,
2081 5059 2175 5130 qui

579 5139 864 5196 vobiscum
895 5142 948 5196 in
970 5143 1066 5197 Dei
1098 5145 1321 5200 servitio
1348 5145 1660 5203 laborantes
1686 5150 2031 5217 exstiterant,
2056 5152 2174 5208 haec

577 5229 761 5285 omnia
788 5232 968 5289 valere
993 5234 1236 5304 potuisse
1283 5235 1449 5292 libras
1478 5239 1785 5308 quindecim
1808 5243 1970 5298 millia
2001 5244 2083 5300 vel
2108 5259 2173 5301 eo

577 5323 830 5393 amplius.

647 5416 744 5474 His
771 5427 826 5473 et
863 5420 1007 5490 aliis,
1034 5433 1200 5494 prout
1223 5425 1460 5484 donante
1485 5428 1714 5487 Domino
1736 5433 2023 5501 valuimus,
2061 5436 2171 5490 ele-

626 5543 675 5615 ᾖ
718 5532 778 5588 ld
799 5542 1084 5615 est_p_e_ra,_
1121 5537 1389 5615 sacculus.
1439 5538 1732 5615 Audoenus
1778 5546 1831 5600 in
1870 5547 2009 5602 libro
2037 5565 2053 5602 ι
2084 5549 2153 5605 de

574 5605 700 5661 Vita
722 5607 896 5661 sancti
927 5607 1087 5679 Eligii
1131 5624 1252 5680 cap.
1280 5610 1350 5664 10
1387 5629 1398 5664 :
1438 5630 1457 5662 ‹
1493 5612 1755 5678 Quotiens
1801 5619 2043 5673 brachile
2074 5637 2170 5675 au-

574 5689 749 5760 reum,
775 5691 1010 5760 pungam
1024 5693 1240 5760 quoque
1260 5686 1742 5760 aurogemmisque
1771 5698 2044 5760 comptam
2065 5689 2168 5747 sibi

574 5745 866 5816 subripuit,
893 5745 1109 5804 tantum
1128 5745 1187 5805 ut
1217 5745 1434 5808 miseris
1454 5745 1818 5815 succurreret.
1859 5779 1879 5812 ι

644 5816 674 5856 δ
701 5816 959 5876 Armillas
992 5835 1381 5894 campanarum
1421 5823 1641 5884 funibus
1661 5831 1958 5901 pendentes
2008 5844 2169 5892 vocat

2297 1921 2530 1982 quatuor
2562 1920 2617 1964 et
2642 1910 2864 1980 triginta
2888 1910 3073 1978 pueris
3099 1911 3326 1976 habeat;
3365 1911 3571 1966 chorus
3587 1909 3754 1965 sancti
3770 1907 3840 1964 lli-

2297 2004 2472 2059 charii
2510 2013 2770 2058 centenos
2795 2005 3111 2068 monachos,
3161 2013 3380 2074 tresque
3413 2010 3468 2058 et
3507 2003 3723 2072 triginta
3752 2015 3848 2072 pue-

2297 2112 2388 2152 ros
2411 2095 2616 2166 jugiter
2667 2097 2897 2163 habeat;
2940 2097 3142 2152 chorus
3184 2095 3424 2166 psallens
3475 2103 3606 2150 ante
3652 2102 3849 2149 sanctam

2296 2187 2606 2258 passionem
2634 2195 2894 2243 centenos
2918 2187 3233 2253 monachos,
3265 2185 3484 2254 triginta
3502 2184 3678 2240 tribus
3703 2182 3850 2251 adjun-

2296 2279 2399 2332 ctis
2425 2279 2611 2348 pueris
2653 2278 2904 2334 similiter
2933 2279 3155 2334 habeat.
3220 2277 3298 2332 Ea
3337 2284 3522 2333 autem
3553 2278 3746 2331 ratione
3767 2275 3847 2345 ipsi

2296 2370 2450 2424 chori
2478 2378 2587 2424 tres
2629 2371 2682 2425 in
2719 2370 2918 2426 divinis
2971 2370 3220 2425 laudibus
3265 2371 3659 2440 personabunt,
3689 2377 3738 2423 ut
3760 2384 3846 2424 om-

2295 2477 2393 2518 nes
2430 2464 2593 2518 horas
2613 2464 2908 2518 canonicas
2959 2463 3014 2516 in
3065 2478 3353 2518 commune
3382 2462 3549 2517 simul
3574 2477 3752 2516 omnes
3780 2462 3845 2516 de-

2299 2563 2540 2609 cantent.
2597 2555 2806 2622 Quibus
2854 2556 3102 2610 lecenter
3149 2555 3402 2626 expletis,
3465 2555 3848 2625 uniuscujusque

2294 2647 2444 2702 chori
2477 2663 2604 2717 pars
2663 2648 2822 2702 tertia
2863 2646 3148 2702 ecclesiam
3173 2657 3347 2712 exeat,
3404 2655 3460 2702 et
3493 2649 3758 2718 corporeis
3777 2662 3848 2700 ne-

2293 2741 2641 2796 cessitatibus
2668 2740 2752 2795 vel
2778 2739 2900 2794 aliis
2923 2740 3250 2795 utilitatibus
3280 2741 3347 2795 ad
3373 2748 3588 2809 tempus
3614 2740 3850 2803 inserviat,

2294 2843 2442 2888 certo
2473 2834 2735 2904 temporis
2759 2833 2933 2902 spatio
2964 2833 3359 2889 interveniente
3386 2834 3457 2889 ad
3485 2834 3682 2889 divina:
3705 2832 3847 2887 laudis

2295 2928 2477 2981 munia
2523 2927 2848 2982 celebranda
2876 2927 3051 2982 denuo
3099 2927 3406 2983 redeuntes.
3454 2926 3517 2982 In
3564 2939 3853 2997 unoquoque

2294 3020 2462 3074 etiam
2516 3021 2684 3075 choro
2707 3019 2763 3074 id
2801 3018 3008 3091 jugiter
3044 3021 3383 3085 observetur,
3434 3027 3498 3073 ut
3546 3019 3853 3074 sacerdotum

2294 3128 2358 3167 ac
2374 3113 2662 3168 levitarum
2675 3112 3116 3183 reliquorumque
3139 3129 3419 3170 sacrorum
3443 3115 3691 3170 ordinum
3704 3127 3861 3182 aequa-

2214 3171 2264 3235 c
2291 3189 2362 3258 lis
2396 3220 2654 3259 numerus
2685 3213 2948 3260 teneatur.
3005 3205 3302 3262 Cantorum
3331 3207 3680 3263 nihilominus
3717 3206 3855 3263 etle-

2290 3306 2499 3353 ctorum
2552 3298 2746 3368 :equali
2775 3314 3030 3354 mensura
3075 3299 3271 3355 divisio
3305 3301 3598 3364 ordinetur,
3636 3299 3856 3370 qualiter

2289 3392 2489 3447 chorus
2517 3407 2548 3444 a
2578 3392 2746 3447 choro
2801 3392 3035 3447 invicem
3089 3408 3200 3447 non
3253 3402 3514 3463 gravetur.
3578 3392 3710 3460 Quin
3755 3392 3863 3444 imo

2286 3500 2477 3540 omnes
2527 3484 2810 3540 unanimes
2847 3484 3176 3540 sacriﬁcium
3232 3485 3410 3541 laudis
3450 3486 3664 3541 Domino
3695 3485 3863 3539 omni—

2285 3577 2492 3644 potenti
2521 3590 2622 3645 pro
2663 3575 2838 3631 salute
2884 3576 3106 3648 gloriosi
3144 3578 3360 3632 Domini
3383 3579 3490 3632 mei
3520 3578 3743 3650 Augusti
3771 3576 3865 3631 Ca-

2289 3666 2410 3731 roli,
2471 3681 2676 3736 proque
2723 3668 2875 3738 regni
2910 3669 3028 3738 ejus
3070 3669 3388 3736 stabilitate,
3436 3671 3694 3726 continua
3717 3669 3866 3724 devo-

2288 3759 2432 3814 tione
2463 3758 2669 3831 jugiter
2699 3762 3010 3817 exhibeant.
3070 3762 3375 3818 Matutinali
3437 3766 3644 3820 etenim
3671 3781 3764 3820 seu
3790 3779 3866 3817 ve-

2287 3854 2566 3923 Spertinali
2622 3853 2800 3912 oﬁieio
2862 3869 3255 3924 consummato,
3303 3876 3430 3917 mox
3486 3877 3686 3919 omnes
3737 3862 3869 3918 chori

2285 3945 2664 4002 ordinabiliter
2713 3965 2770 4004 se
2828 3961 2956 4007 ante
2999 3961 3243 4008 sanctam
3307 3955 3624 4024 passionem
3671 3970 3870 4027 congre-

2286 4046 2432 4107 gent,
2482 4038 2669 4094 decem
2710 4051 2921 4097 tantum
2944 4045 3246 4115 psalmistis
3273 4048 3577 4119 unicuique
3611 4052 3781 4106 choro
3800 4065 3871 4104 re-

2284 4132 2669 4188 manentibns:
2707 4143 2762 4190 et
2789 4136 2868 4190 sic
2887 4153 2985 4206 per
3027 4147 3240 4208 portam
3269 4143 3442 4197 sancti
3485 4142 3780 4208 Gabrielis,
3821 4157 3872 4197 ac

2283 4236 2382 4290 per
2428 4223 2598 4278 salam
2627 4223 2827 4297 [Vulgo
2862 4228 3019 4294 salle,
3063 4229 3268 4303 aulam]
3308 4233 3492 4288 domui
3535 4237 3759 4292 abbatis
3782 4250 3878 4288 am-

2284 4319 2540 4382 bulando,
2592 4334 2690 4389 per
2725 4319 3117 4374 occidentalem
3167 4321 3389 4377 claustri
3428 4326 3722 4398 regionem
3768 4340 3878 4380 can-

2285 4413 2450 4468 tando
2497 4412 2718 4466 veniant
2768 4412 2835 4467 ad
2889 4424 3132 4470 sanctam
3184 4412 3448 4470 Mariam:
3482 4418 3591 4475 ubi
3654 4417 3882 4475 oratione

2285 4518 2384 4572 pro
2411 4504 2673 4575 temporis
2700 4507 2911 4562 ratione
2932 4510 3198 4580 deposita,
3245 4512 3548 4567 remeando
3582 4513 3805 4568 veniant
3826 4507 3882 4561 ad

2286 4607 2532 4654 sanctum
2578 4599 2931 4657 Benedictum
2971 4604 3026 4657 in
3059 4605 3313 4660 orientali
3342 4613 3499 4675 parte
3563 4604 3801 4662 claustri
3825 4602 3885 4657 si-

2285 4700 2441 4759 tum;
2479 4693 2603 4749 inde
2653 4709 2750 4763 per
2776 4696 2975 4766 gradus
3019 4712 3244 4753 arcuum
3288 4698 3497 4752 intrent
3539 4699 3620 4753 ad
3653 4706 3882 4753 sanctum

2282 4784 2640 4853 Mauricium;
2685 4788 2870 4857 sicque
2894 4789 3161 4846 intrantes
3210 4790 3384 4846 sancti
3417 4790 3689 4848 Richarii
3719 4787 3886 4848 basili-

2280 4894 2422 4944 cam,
2479 4881 2839 4936 restituantur
2867 4882 2980 4938 suis
3001 4883 3206 4940 choris.

2349 4970 2483 5026 Illud
2506 4973 2671 5028 etiam
2693 4975 2972 5030 observari
2996 4977 3269 5046 praecipua
3324 4977 3640 5036 devotione
3684 4981 3891 5036 manda-

2278 5078 2418 5126 mus,
2456 5065 2684 5119 utnulla
2711 5064 2827 5120 dies
2849 5076 3137 5136 prmtereat
3187 5069 3396 5140 absque
3439 5086 3754 5128 sacrarum
3777 5073 3893 5126 mis-

2278 5175 2464 5214 sarum
2516 5160 2918 5230 decantatione,
2964 5164 3219 5220 videlicet
3273 5174 3333 5220 ut
3362 5167 3409 5220 si
3465 5183 3590 5223 non
3622 5170 3773 5240 plus,
3824 5165 3895 5221 vel

2277 5252 2497 5323 triginta
2520 5268 2553 5308 a
2603 5252 2864 5309 fratribus
2890 5253 3225 5311 diversorum
3252 5257 3557 5314 ehororum
3601 5275 3715 5330 per
3738 5260 3896 5314 diver-

2275 5360 2337 5400 sa
2375 5346 2569 5402 altaria
2593 5347 2775 5404 missa:
2798 5348 3042 5418 quotidie
3065 5357 3318 5421 agantur,
3348 5352 3617 5421 exceptis
3647 5353 3765 5408 illis
3787 5352 3899 5406 dua-

2271 5439 2374 5496 bus
2399 5440 2467 5496 de
2501 5451 2792 5509 conventu,
2839 5457 2961 5511 qua:
3002 5457 3163 5496 mane
3205 5450 3261 5496 et
3307 5442 3549 5499 meridie
3611 5443 3900 5501 solemnis-

2273 5556 2604 5682 Adrevzagdus
2653 5558 2708 5613 in
2755 5557 2896 5614 libro
2942 5558 3019 5613 De
3046 5557 3328 5613 miraculis
3356 5558 3542 5615 sancti
3595 5559 3901 5622 Benedicti,

2273 5644 2393 5682 can.
2507 5669 2520 5682 .

2273 5644 2393 5698 cap.
2431 5644 2520 5682 'zo.

2345 5711 2366 5736 ο
2385 5700 2587 5757 Pueros
2607 5703 2819 5759 oblatos
2831 5704 3021 5759 eodem
3041 5700 3230 5757 habitu
3253 5701 3574 5773 iisdemque
3612 5704 3771 5765 cibis
3787 5715 3905 5762 usos

2271 5771 2438 5830 fuisse
2460 5782 2679 5830 constat
2715 5784 2829 5833 tum
2854 5792 2921 5831 ex
2952 5775 3053 5832 hoc
3074 5773 3213 5842 loco,
3249 5783 3367 5831 tum
3387 5789 3456 5830 ex
3470 5771 3656 5835 aliis.
