4012 6364
201 381 310 439 849

1653 382 1953 440 CARMINA
1964 425 1978 439 .

3344 390 3446 447 850

184 496 324 552 sime
358 493 720 557 celebrantur,
774 494 826 547 in
857 494 1050 563 quibus
1069 495 1307 563 quotidie
1350 496 1609 551 memoria
1638 513 1761 551 san-
1786 511 1836 567 Α
1864 500 1956 570 qui
2009 500 2061 553 in
2088 499 2415 554 sublimitate
2436 509 2561 555 sunt
2607 501 2913 569 constituti,
2941 500 3205 559 Salvatori
3228 505 3336 560 Deo
3356 524 3447 561 no-

184 588 417 643 ctissimi
460 601 608 656 papae
657 588 898 653 Adriani,
955 599 1008 642 et
1052 590 1269 659 gloriosi
1295 592 1495 646 domini
1525 592 1629 646 mei
1656 592 1763 645 Au-

184 680 329 750 gusti
356 676 556 743 Caroli,
607 678 850 749 conjugis
873 688 929 733 et
954 681 1122 749 prolis
1146 682 1265 751 ejus
1318 691 1564 737 teneatur
1596 697 1610 735 :
1641 698 1767 751 qua-

189 772 319 831 liter
338 768 494 840 juxta
512 771 738 826 verbum
792 771 1037 843 Apostoli
1065 790 1164 845 pro
1186 777 1407 846 regibus
1431 786 1485 832 et
1514 779 1768 833 omnibus

1870 598 1982 645 stro
2026 592 2461 647 obsecrationum
2515 593 2597 647 vel
2654 594 2960 649 orationum
3000 596 3202 667 gratias
3242 597 3448 670 jugiter

1873 684 2258 754 persolvamus.

193 914 3438 945 ———___—___——_____—__—_________—

969 1021 1486 1096 STATUTA
1543 1025 2027 1111 QUIEDAM
2108 1026 2604 1099 RUBBICA
2620 1081 2639 1101 .

1541 1177 1706 1240 (Apud
1725 1177 1928 1241 labill.,
1955 1178 2097 1242 ibid.)

1631 1310 1985 1326 _

341 1387 460 1456 Qua
480 1400 607 1442 vero
630 1387 913 1459 majestate
935 1404 1000 1444 ac
1020 1391 1327 1446 reverentia
1356 1391 1537 1447 divina
1561 1393 1761 1448 ibidem

177 1482 354 1539 ofﬁcia
408 1481 826 1547 celebrarentur,
877 1497 975 1536 nos
1021 1483 1177 1538 docet
1224 1501 1389 1539 unum
1436 1493 1491 1539 et
1532 1485 1760 1540 alterum

176 1575 474 1647 Specimen,
520 1573 665 1643 quod
694 1573 797 1628 hoc
841 1574 960 1629 loco
994 1575 1249 1630 exhibere
1288 1575 1441 1645 juvat
1485 1592 1553 1631 ex
1590 1578 1761 1631 veteri

176 1669 389 1732 codice,
430 1666 557 1720 olim
608 1665 944 1733 Petavianze,
998 1677 1106 1722 tum
1159 1670 1519 1724 serenissima:
1560 1669 1761 1740 regina:

177 1759 409 1823 Sueciae,
434 1772 576 1811 nunc
602 1757 940 1812 bibliotheca:
968 1758 1362 1815 Ottoboniana).
1395 1761 1451 1815 In
1485 1776 1550 1817 eo
1576 1762 1762 1817 codice

1861 1397 2265 1467 egrederentur.
2313 1400 2382 1456 Et
2419 1403 2595 1471 primo
2639 1406 2854 1474 quidem
2894 1425 2994 1481 per
3016 1420 3228 1483 portam
3273 1420 3448 1478 sancti

1864 1490 2141 1548 Michaelis
2180 1496 2509 1564 procedebat
2553 1500 2599 1554 is
2624 1503 2715 1570 qui
2745 1518 2840 1559 vas
2866 1519 3020 1575 aquae
3044 1508 3342 1569 benedictae
3369 1514 3449 1570 fe-

1864 1587 2041 1653 rebat,
2071 1589 2265 1645 deinde
2296 1600 2405 1647 tres
2432 1593 2523 1648 alii
2552 1596 2773 1651 totidem
2815 1599 3086 1657 thuribula
3134 1615 3442 1676 gestantes:

1864 1684 1978 1731 tum
2027 1695 2217 1736 cruces
2260 1692 2488 1752 septem,
2518 1701 2651 1755 quas
2696 1692 3022 1759 sequebatur
3064 1711 3224 1766 capsa
3273 1698 3448 1767 major

1861 1769 2099 1826 basilica:
2129 1776 2303 1829 sancti
2329 1774 2645 1844 Salvatoris,
2675 1781 2850 1836 media
2878 1784 3016 1839 inter
3042 1795 3153 1842 tres
3174 1788 3300 1844 hinc
3320 1789 3445 1845 inde

175 1848 523 1920 Angilbertus
582 1846 749 1901 abbas
800 1849 1077 1902 ordinasse
1129 1850 1365 1915 dicitur,
1436 1859 1495 1904 ut
1556 1851 1611 1905 in
1674 1850 1760 1905 die
1789 1862 1837 1921 B
1868 1865 2191 1931 sacerdotes,
2242 1868 2333 1936 qui
2378 1870 2615 1926 minores
2656 1889 2847 1943 capsas
2885 1878 3187 1947 geslabam.
3252 1880 3444 1937 postea

178 1939 521 1995 sanctissimo
544 1938 765 1993 Pascha:
796 1947 849 1992 et
897 1940 951 1993 in
979 1940 1268 1996 Nativitate
1306 1942 1517 1996 Domini
1564 1942 1760 1997 fratres

177 2036 227 2080 et
246 2029 436 2085 caeteri
464 2044 650 2083 omnes
674 2030 763 2098 qui
791 2031 843 2083 in
871 2031 1099 2086 ecclesia
1123 2031 1421 2087 Salvatoris
1448 2033 1517 2087 ad
1538 2033 1760 2087 missam

178 2118 587 2185 conveniebant,
617 2120 673 2173 in
700 2121 887 2174 eadem
920 2122 1146 2176 ecclesia
1172 2122 1607 2177 communionem
1637 2138 1760 2191 per-

178 2209 437 2278 ciperent.
477 2209 616 2264 Dum
654 2226 782 2265 vero
811 2210 1007 2268 fratres
1035 2222 1090 2269 et
1121 2214 1313 2283 reliqui
1350 2215 1534 2270 clerici
1573 2217 1639 2269 ab
1670 2216 1759 2271 illo

177 2306 476 2372 sacerdote,
506 2307 597 2374 qui
628 2307 741 2377 ipsa
770 2308 854 2362 die
882 2308 1104 2365 missam
1136 2319 1429 2376 cantasset,
1464 2313 1760 2366 communi-

180 2395 461 2461 cabantur,
493 2406 553 2450 ut
584 2396 676 2451 alii
708 2399 811 2453 duo
846 2401 1155 2457 sacerdotes
1190 2418 1314 2456 cum
1340 2401 1551 2457 duobus
1580 2404 1760 2459 diaco-

180 2487 261 2541 nis
281 2472 617 2559 totidemque
642 2491 1001 2559 subdiaconis,
1027 2509 1165 2548 unus
1198 2495 1368 2561 viros,
1400 2496 1537 2551 alter
1572 2497 1759 2552 mulie-

181 2596 267 2634 res
296 2580 495 2636 ibidem
522 2585 964 2651 communicaret,
991 2596 1050 2640 ut
1073 2586 1248 2642 clerus
1272 2595 1325 2642 et
1345 2590 1573 2658 populus
1599 2590 1759 2645 simul

180 2672 555 2726 communicati
581 2673 1031 2742 benedictionem,
1059 2694 1119 2732 ac
1143 2679 1555 2748 completionem
1582 2683 1760 2737 missae

187 2759 343 2813 simul
367 2769 584 2831 possent
611 2764 796 2819 audire
825 2784 836 2817 :
865 2782 970 2835 quo
995 2766 1153 2833 facto,
1186 2770 1290 2824 duo
1319 2770 1396 2824 illi
1424 2774 1754 2839 sacerdotes,

194 2866 329 2904 unus
354 2853 419 2906 ad
443 2870 603 2908 unum
646 2856 864 2923 ostium,
897 2860 1037 2913 alter
1085 2862 1152 2916 ad
1181 2864 1433 2930 alterum,
1461 2879 1656 2935 pueros
1689 2883 1758 2923 ex

188 2944 549 3002 ambulatoriis
586 2964 678 3003 seu
702 2953 998 3019 porticibus
1042 2959 1409 3025 superioribus
1431 2961 1759 3017 descenden-

182 3042 262 3089 tes
298 3040 800 3107 communicabant;
853 3059 916 3098 ac
962 3045 1155 3101 deinde
1202 3058 1429 3120 uterque
1473 3068 1597 3106 eum
1643 3054 1757 3108 suis

178 3125 437 3181 ministris
466 3129 533 3182 ad
575 3138 873 3186 extremum
919 3142 1142 3202 stantes,
1193 3138 1330 3193 forte
1377 3141 1584 3207 altaris,
1629 3159 1754 3213 gra-

1860 1954 2327 2024 subsequebantur
2384 1971 2607 2030 septeno
2654 1966 2853 2036 quique
2904 1983 3129 2025 numero
3187 1972 3443 2040 diaconi,

1860 2044 2195 2111 subdiaconi,
2227 2049 2484 2120 acolythi,
2512 2055 2818 2121 exorcistaz,
2846 2056 3077 2115 lectores
3103 2069 3157 2115 et
3198 2063 3442 2131 ostiarii;

1860 2148 1924 2188 ac
1954 2135 2147 2191 deinde
2182 2138 2377 2210 reliqui
2417 2145 2666 2199 monachi
2696 2149 2903 2217 septeni
2930 2158 2984 2204 et
3014 2152 3247 2222 septeni,
3283 2169 3367 2218 ne,
3399 2154 3446 2210 si

1857 2226 1970 2281 bini
1997 2230 2081 2283 vel
2113 2233 2253 2286 terni
2285 2233 2653 2303 incessissent,
2698 2241 2936 2297 milliarii
2978 2246 3210 2313 spatium
3257 2247 3447 2317 imple-

1855 2319 2080 2375 vissent.
2113 2322 2223 2379 llos
2256 2340 2441 2382 omnes
2472 2329 2595 2384 dein
2648 2333 3115 2403 subsequebantur
3159 2340 3313 2409 pueri
3359 2355 3445 2394 se-

1856 2419 2004 2481 ptem
2034 2430 2156 2468 cum
2201 2418 2742 2495 totidem‘ﬂammulis
2771 2439 2866 2479 seu
2904 2428 3078 2493 taedis,
3105 2437 3159 2483 et
3201 2438 3324 2500 post
3349 2445 3444 2486 eos

1856 2503 1962 2557 viri
1991 2506 2199 2562 nobiles
2242 2512 2448 2579 septeni
2496 2521 2550 2567 et
2595 2517 2822 2584 septeni,
2871 2534 2900 2572 a
2923 2521 3212 2590 praeposito
3235 2521 3319 2577 vel
3354 2523 3446 2577 de-

1859 2609 1996 2650 cano
2026 2597 2183 2653 electi
2216 2618 2229 2653 :
2259 2602 2455 2670 quibus
2484 2607 2778 2664 nobiliores
2804 2608 3018 2666 feminae
3041 2612 3227 2668 eodem
3257 2615 3446 2672 ordine

1859 2688 2238 2744 succedebant.
2281 2691 2408 2748 Post
2454 2695 2551 2751 hos
2591 2712 2781 2753 omnes
2820 2701 3187 2769 procedebant
3236 2712 3441 2774 septem

1858 2792 2047 2833 cruces
2099 2779 2394 2837 forensium
2454 2786 2836 2855 ecclesiarum,
2891 2806 3026 2871 quas
3082 2795 3447 2862 sequebantur

1857 2869 2009 2937 pueri
2042 2877 2097 2924 et
2129 2873 2318 2940 puellae
2358 2878 2610 2932 cantandi
2636 2880 2841 2949 peritze,
2874 2869 2994 2951 quae
3019 2884 3317 2939 orationem
3342 2885 3448 2940 Do-

1858 2960 2138 3028 minicam,
2172 2966 2497 3033 symbolum,
2546 2969 2759 3039 aliaque
2806 2972 3002 3027 similia
3053 2974 3435 3040 concinebant,

1859 3051 2050 3108 deinde
2071 3055 2497 3112 honorabiliores
2517 3060 2618 3113 viri
2641 3077 2703 3115 ac
2722 3062 2937 3118 feminae
2956 3078 3021 3118 ex
3042 3063 3148 3119 illis
3168 3065 3441 3137 ecclesiis;

1858 3152 2103 3199 extremo
2129 3145 2245 3201 loco
2277 3150 2579 3217 promiscua
2608 3154 2763 3207 turba
2801 3153 3139 3210 inﬁrmorum
3167 3172 3233 3212 ac
3257 3172 3445 3212 senum

176 3216 316 3283 dum,
343 3222 815 3277 communicabant
844 3240 958 3289 eos,
984 3227 1074 3295 qui
1101 3228 1167 3281 ad
1190 3231 1442 3298 praedicta
1466 3232 1581 3288 loca
1611 3249 1757 3289 com—
1782 3222 1830 3285 C
1862 3244 2081 3306 septeno
2115 3239 2221 3292 ritu
2247 3216 2432 3295 itidem
2459 3242 2684 3311 pedibus
2713 3244 3077 3301 incedentium
3106 3267 3119 3302 :
3144 3250 3237 3318 qui
3262 3259 3445 3305 autem

174 3310 502 3365 municaturi
548 3329 654 3368 non
702 3317 1086 3384 occurrissent,
1133 3322 1275 3390 quod
1329 3334 1387 3376 ut
1432 3325 1532 3380 rite
1578 3325 1752 3392 ﬁeret,

173 3400 309 3455 idem
360 3403 533 3457 abbas
578 3405 951 3473 ordinaverat,
998 3418 1057 3462 ut
1097 3410 1149 3463 in
1192 3412 1402 3468 duobus
1447 3415 1553 3470 illis
1600 3415 1754 3471 festis

170 3501 406 3559 quatuor
444 3496 774 3562 sacerdotes,
816 3499 1147 3569 totidemque
1184 3502 1395 3558 diaconi
1435 3522 1499 3561 ac
1534 3508 1755 3564 subdia-

170 3581 287 3635 coni
310 3584 581 3640 sacerdoti
603 3586 896 3644 solemnem
921 3590 1140 3646 missam
1162 3593 1455 3650 celebranti
1479 3597 1749 3653 adessent.

170 3672 289 3730 Haec
318 3677 391 3729 de
411 3678 588 3746 primo
618 3680 747 3734 ritu.

236 3764 399 3820 Alter
425 3774 508 3821 est
536 3769 602 3822 de
631 3768 923 3838 majoribus
948 3772 1170 3842 litaniis,
1200 3776 1268 3830 ad
1290 3791 1423 3845 quas
1461 3779 1756 3836 solemnius

168 3855 449 3912 faciendas
478 3875 666 3917 cruces
708 3871 762 3916 et
802 3868 1177 3933 processiones
1206 3869 1500 3925 vicinarum
1549 3881 1755 3942 septem

170 3950 524 4004 ecclesiarum
552 3952 617 4005 ad
648 3963 893 4008 sanctum
920 3957 1231 4011 Richarium
1279 3962 1569 4015 convenire
1596 3963 1757 4019 debe-

168 4040 311 4096 bant.
376 4040 514 4097 Cum
546 4060 610 4100 co
638 4047 928 4112 venissent,
960 4064 1147 4106 omnes
1180 4052 1339 4107 simul
1387 4056 1757 4112 consistebant

166 4133 225 4187 ad
267 4135 591 4204 paradisum
638 4138 750 4193 sive
807 4141 1002 4195 atrium
1049 4144 1290 4199 ecclesia:
1338 4161 1522 4200 coram
1569 4158 1756 4203 sancta

167 4226 488 4291 nativitate,
537 4236 696 4297 atque
745 4231 990 4287 oratione
1040 4233 1211 4300 facta,
1264 4234 1465 4290 ibidem
1512 4239 1758 4294 ordinate

164 4319 552 4386 persistebant,
588 4321 774 4378 divisis
798 4323 923 4378 hinc
963 4326 1086 4380 inde
1114 4326 1246 4381 viris
1288 4341 1319 4379 a
1362 4330 1755 4397 septentrione,

166 4405 391 4463 feminis
436 4425 485 4474 a,
511 4410 761 4479 meridie,
807 4416 1203 4484 praastolantes,
1233 4417 1359 4470 dum
1405 4417 1605 4475 fratres
1635 4436 1758 4477 cum

164 4500 375 4567 schola,
430 4502 486 4557 id
533 4512 615 4558 est
653 4508 855 4575 pueris,
903 4509 969 4563 de
1020 4510 1247 4565 ecclesia
1299 4512 1471 4566 sancti
1519 4512 1758 4569 Richarii

1856 3343 1967 3397 prae
1988 3328 2301 3385 infirmitate
2323 3348 2425 3386 non
2446 3344 2718 3404 poterant,
2733 3339 3025 3407 equitando
3046 3341 3448 3412 subsequeban-

1854 3427 1962 3472 tur.
1986 3418 2082 3475 His
2112 3421 2185 3475 ita
2215 3423 2501 3490 ordinatis,
2526 3429 2919 3495 procedebatur
2940 3446 3037 3500 per
3065 3434 3301 3488 medium
3324 3449 3439 3489 mo-

1854 3510 2100 3577 nasterii,
2126 3512 2248 3566 dein
2273 3528 2371 3582 per
2392 3515 2664 3584 publicam
2702 3519 2866 3585 viam,
2890 3528 2945 3574 et
2978 3536 3077 3590 per
3094 3530 3307 3591 portam
3332 3539 3445 3578 me-

1856 3600 2145 3669 ridianam,
2172 3620 2384 3658 murum
2409 3609 2669 3677 gyrando,
2690 3614 3097 3669 revertebantur
3114 3632 3212 3685 per
3228 3626 3441 3686 portam

1854 3695 2350 3763 septentrionalem.
2380 3699 2438 3753 ln
2465 3701 2550 3756 bis
2572 3718 2701 3759 vero
2720 3706 3014 3776 majoribus
3055 3708 3282 3775 litaniis,
3314 3720 3437 3779 post

1856 3787 2198 3855 antiphonas,
2226 3789 2485 3858 psalmos,
2522 3792 2823 3864 aliaque-id
2855 3812 3046 3867 genus,
3082 3802 3445 3855 cantabantur

1855 3879 1962 3932 tria
2001 3881 2269 3949 symbola,
2321 3884 2715 3953 apostolorum,
2765 3887 3439 3961 Constantinopolitanum,

1856 3976 1912 4023 et
1937 3970 2107 4024 sancti
2132 3972 2445 4039 Athanasii;
2475 3975 2666 4031 deinde
2693 3980 2866 4034 oratio
2894 3980 3206 4048 Dominica;
3240 3992 3296 4039 et
3322 3994 3445 4053 post

1857 4060 2097 4116 litaniam
2127 4065 2462 4135 generalem,
2500 4066 2698 4126 fratres
2745 4088 2867 4127 cum
2917 4075 3099 4129 schola
3146 4062 3439 4146 puerorum

1858 4152 2078 4209 litanias
2113 4157 2491 4225 concinebant,
2522 4160 2698 4229 primo
2720 4162 3002 4232 Gallicam,
3031 4168 3266 4222 secundo
3295 4167 3442 4221 Itali-

1859 4260 1999 4312 cam,
2031 4249 2191 4304 tertio
2216 4249 2514 4307 Romanam
2541 4273 2553 4308 :
2602 4257 2796 4324 quibus
2820 4267 3093 4328 postremo
3120 4260 3443 4316 succedebat

1860 4337 2131 4392 canticum
2166 4338 2236 4392 Te
2264 4339 2429 4394 Deum
2481 4341 2786 4413 laudamus,
2839 4355 2895 4403 et
2921 4356 3107 4418 postea
3151 4349 3315 4405 missa
3353 4364 3441 4405 so-

1858 4426 2055 4483 lemnis
2081 4430 2149 4484 ad
2173 4440 2418 4488 sanctum
2446 4433 2802 4494 Salvatorem.

158 4664 3427 4706 ______________________________

1022 4759 1384 4867 SANCTI
1448 4790 2073 4872 ANGILBERTI
2131 4798 2615 4881 CARMINA.

951 5045 989 5099 Ι.
1778 5051 1831 5110 Ι)
1859 5049 2084 5123 Semper
2128 5054 2352 5111 honoris
2394 5052 2511 5127 [F.,
2556 5054 2815 5129 honorus]
2863 5072 2960 5114 ero
3002 5072 3194 5129 magno
3220 5058 3441 5130 pietatis

193 5159 540 5232 Angilberlus
569 5157 726 5212 abbas
761 5158 829 5211 ad
867 5155 969 5211 SS.
1000 5155 1307 5210 Richarium
1332 5166 1381 5211 et
1403 5156 1644 5228 Elegium
1668 5171 1716 5213 α.
1930 5234 1973 5255 ἢ
2082 5244 2095 5255 Δ
2149 5253 2156 5255 A
2244 5254 2249 5255 γ
2308 5254 2311 5255 ν
2416 5241 2451 5255 ’Δ
2592 5244 2606 5255 1
2631 5243 2643 5255 .
2786 5251 2796 5255 Δ
2843 5243 2855 5255 .
2890 5241 2907 5255 Γ
2933 5242 2977 5255 Η
3057 5249 3069 5255 Δ
3135 5148 3364 5255 [³31101⁸8.

1930 5234 2167 5292 Devotus
2195 5254 2323 5293 vere
2349 5241 2522 5297 cultor
2555 5243 2754 5312 ubique
2782 5243 2859 5297 tui
2890 5241 3019 5313 [Al.,
3055 5240 3224 5313 tuus].

1855 5328 1935 5384 Tu
1958 5330 2109 5399 prior
2148 5332 2201 5386 in
2231 5334 2492 5403 gremium
2521 5335 2704 5391 mundi
2736 5336 2801 5390 de
2832 5335 3084 5389 fluctibus
3109 5333 3309 5390 almum

1922 5423 2095 5478 Dante
2137 5433 2289 5480 tuum
2316 5425 2533 5484 Christo
2560 5443 2644 5483 me
2670 5428 2931 5483 miserum
2962 5425 3183 5482 tuleras.

544 5268 704 5330 (Apud
728 5269 944 5319 Froben.
965 5281 1078 5331 opp.
1101 5268 1157 5317 B.
1180 5268 1415 5328 Alcuini.)

156 5375 432 5432 Servulus
460 5389 587 5431 ecce
612 5383 758 5441 tuus,
796 5374 1080 5428 Richarius
1114 5373 1310 5445 inclyte
1336 5383 1535 5444 pastor,

228 5467 369 5523 Haec
402 5465 501 5521 tibi
529 5465 832 5521 construxit
850 5463 1075 5534 parvula
1108 5472 1267 5532 tecta,
1294 5465 1475 5519 Pater.

220 5639 248 5665 ει
285 5624 353 5679 In
382 5622 965 5705 editionepuerc‘etani‘
978 5621 1286 5705 QLXXVII;
1332 5630 1511 5705 exstat
1533 5638 1745 5705 quoque

150 5696 440 5776 editumna
462 5693 1180 5776 Ιδίίξίἠιιοηῖίλέὶιοι.,δεῖ,δεῦρΓ
1210 5694 1519 5776 tv,.part._-l,
1543 5695 1598 5747 in
1622 5695 1743 5776 Vita

150 5766 210 5821 S.
236 5765 575 5834 Angilberti,
620 5780 674 5834 p.
719 5765 837 5819 lOl.
902 5764 1247 5834 Angilbertus
1286 5765 1340 5817 in
1381 5773 1496 5817 arte
1533 5766 1743 5833 poetica

150 5781 210 5821 δ.
236 5781 327 5820 an
372 5781 575 5829 nnern,
620 5781 674 5834 p.
719 5781 837 5819 ’lUl.
902 5781 1247 5834 ADgIlDel'lUS
1286 5781 1340 5817 in
1381 5781 1496 5817 arte.
1533 5781 1743 5833 poetica

149 5836 305 5890 haud
333 5781 547 5901 impos
583 5834 703 5901 fuit,
727 5844 786 5890 ut
826 5834 1070 5890 fortassis
1112 5842 1394 5903 propterea
1438 5835 1503 5888 ab
1525 5835 1751 5890 Alcuino

1850 5638 2046 5709 nomen
2068 5624 2288 5709 Homeri
2324 5626 2585 5709 meruerit
2614 5641 2626 5679 ε
2657 5628 2820 5697 igitur
2849 5626 2993 5709 nulla
3024 5626 3162 5709 ratio
3201 5627 3434 5709 suppetit

1850 5696 1917 5817 {)b
1947 5710 2109 5777 quam
2131 5697 2233 5752 hoc
2250 5713 2468 5752 carmen
2496 5697 2667 5753 eidem
2688 5696 2801 5754 non
2828 5698 3131 5753 ascribatnr
3148 5696 3236 5765 qui
3264 5696 3316 5750 in
3343 5697 3433 5752 illo

1869 5774 2105 5835 oquitur.
