4012 6364
515 292 622 352 855

1552 282 1878 342 LEIDRADI
1911 277 2398 339 LUGDUNENSIS
2433 277 2740 334 EPISCOPI

515 414 578 461 ut
607 403 782 476 magis
807 403 1037 474 quisque
1056 416 1124 458 ex
1144 415 1206 456 ea
1234 400 1510 456 erudiatur
1528 413 1689 468 quam
1708 394 2100 458 confundatur;
2128 389 2187 452 Α
2208 391 2480 454 habentes,
2509 399 2556 443 et
2582 388 2774 443 sterilis
2805 405 2908 444 non
2929 397 3002 443 est
3038 388 3096 442 in
3121 388 3214 442 eis.
3253 387 3489 446 Micheas
3523 393 3589 448 de
3617 398 3786 464 gratia

517 495 672 566 cujus
711 493 944 551 eruditio
978 495 1045 549 ad
1079 494 1347 550 sermonis
1391 492 1473 547 sui
1516 492 1848 547 consortium
1883 493 2109 543 cunctos

517 588 814 644 clementer
851 585 1062 652 invitat,
1111 583 1305 654 injuste
1348 582 1556 637 nullum
1599 582 1853 636 deterret.
1901 579 2110 633 Vestrae

517 694 650 753 ergo
674 677 1125 735 constantissimae
1150 675 1426 730 modestiae
1467 673 1588 727 freti
1624 671 1826 736 favore,
1855 670 1910 724 in
1940 684 2111 738 quan-

520 783 638 830 tum
680 773 946 842 attingere
985 770 1053 825 de
1097 769 1182 824 his
1220 767 1380 823 rebus
1407 780 1723 835 possumus;
1763 763 1891 818 licet
1915 776 2108 832 parum

519 869 681 940 digne
699 865 968 936 possimus
987 862 1198 927 dicere;
1221 859 1542 932 exponimus
1562 857 1704 928 quod
1727 856 1881 911 nobis
1897 856 2109 925 jussum

518 963 688 1017 fuisse
714 977 744 1015 a
773 960 925 1015 vobis
948 957 1304 1020 advertimus,
1331 953 1566 1008 maxime
1592 951 1772 1006 verbis
1797 957 2110 1005 sanctorum

518 1055 742 1110 Patrum
768 1068 835 1108 ex
865 1051 1094 1106 diversis
1123 1047 1398 1120 opusculis
1423 1046 1668 1116 sumptis.
1700 1045 1769 1098 Et
1795 1043 2110 1113 priusquam

521 1146 589 1199 ad
619 1154 814 1199 caetera
841 1143 1142 1206 veniamus,
1168 1141 1296 1195 libet
1322 1155 1490 1210 pauca
1519 1140 1583 1193 de
1607 1138 1693 1192 his
1720 1152 1840 1206 quae
1867 1135 1936 1189 ab
1956 1150 2113 1189 exor-

521 1236 608 1290 dio
635 1233 820 1288 mundi
858 1235 926 1287 ad
954 1231 1250 1304 potentiam
1288 1230 1539 1300 baptismi
1579 1228 1902 1298 pertinentia
1937 1225 2114 1296 praeﬁ-

519 1334 706 1398 gurata
736 1333 892 1391 sunt,
923 1339 1125 1394 ponere
1145 1365 1159 1391 ,
1191 1332 1246 1378 et
1273 1322 1576 1377 nativitatis
1605 1321 1880 1384 secundm,
1915 1320 2023 1374 imo
2059 1320 2110 1373 in

520 1418 736 1473 Christo
761 1418 973 1488 prima),
1001 1418 1246 1488 digerere
1283 1423 1644 1480 sacramenta,
1675 1430 1739 1469 ac
1771 1414 2024 1483 deinceps
2047 1413 2115 1467 de

520 1509 733 1563 caeteris
783 1509 947 1563 rebus
997 1515 1233 1563 tractare
1282 1521 1297 1561 :
1347 1506 1580 1561 maxime
1623 1505 1751 1575 quia
1800 1503 1979 1561 dicitis
2019 1519 2114 1559 vos

519 1601 658 1657 velle
701 1601 1306 1673 cognoscere-qualiter
1345 1601 1636 1656 doceamus
1679 1605 1736 1654 et
1777 1598 2114 1654 instruamus

520 1695 733 1766 plebem
759 1704 815 1750 et
841 1695 1171 1751 sacerdotes.

1043 1785 1272 1842 CAPUT
1306 1784 1598 1840 PRIMUM.

764 1877 844 1932 De
871 1877 1343 1948 signiﬁcationibus
1369 1876 1506 1929 sacri
1539 1874 1884 1946 baptismatis.

2212 484 2462 553 baptismi
2510 483 2836 538 vaticinatur
2882 501 2894 536 :
2944 482 3278 538 Miserebitur
3315 485 3508 550 nostri,
3537 487 3787 562 demerget

2208 576 2506 646 iniquitates
2549 585 2754 630 nostras
2775 617 2790 642 ,
2829 584 2879 630 et
2922 577 3160 646 projiciet
3195 577 3252 632 in
3286 578 3608 648 profundunt
3638 585 3787 639 maris

2211 667 2388 720 omnia
2413 676 2624 737 peccata
2651 676 2829 721 nostra
2871 666 3054 738 (Miclt.
3093 684 3201 733 vn,
3249 668 3358 741 l9).
3389 670 3645 727 Ezechiel
3678 675 3783 730 ait:

2214 757 2417 813 Tollam
2446 777 2530 814 vos
2567 761 2754 832 quippe
2791 761 2856 814 de
2885 761 3154 830 gentibus,
3185 771 3233 816 et
3263 765 3586 834 congregabo
3622 783 3708 821 eos
3734 769 3789 823 de

2212 854 2464 908 universis
2503 856 2680 919 terris,
2717 864 2764 909 et
2809 856 3079 924 effundam
3119 874 3274 927 super
3309 876 3394 913 vos
3432 877 3626 931 aquam
3654 879 3789 918 mun-

2211 942 2356 1008 dam,
2386 955 2434 998 et
2460 946 2841 1000 mundabimini
2869 947 2932 1000 ab
2963 948 3200 1002 omnibus
3238 950 3601 1020 iniquitatibus
3627 956 3788 1010 vestris

2213 1032 2429 1108 (Ezech.
2472 1054 2656 1103 xxxvr,
2688 1037 2758 1091 24
2777 1079 2792 1102 ,
2820 1037 2930 1109 25).
2963 1037 3081 1108 Ipse
3112 1038 3362 1094 Salvator
3387 1048 3512 1110 post
3539 1040 3789 1111 baptisma

2213 1137 2268 1184 et
2295 1130 2656 1186 sanctiﬁcatas
2687 1146 2785 1185 suo
2811 1131 3029 1186 lavacro
3058 1147 3229 1201 aquas
3253 1132 3542 1199 Iordanis,
3574 1135 3789 1204 primum

2213 1222 2426 1293 signum
2453 1238 2519 1277 ex
2544 1223 2701 1292 aquis
2734 1221 2895 1289 facit;
2926 1233 2980 1278 et
3007 1224 3100 1293 qui
3140 1223 3210 1278 ab
3239 1225 3397 1295 aquis
3423 1236 3667 1294 cmperat
3690 1226 3791 1281 fini-

2214 1313 2291 1366 vit
2319 1314 2371 1366 iu
2400 1314 2572 1382 aquis.
2598 1312 2764 1368 Latus
2790 1315 3096 1383 percutitur
3120 1315 3331 1381 lancea,
3357 1323 3414 1370 et
3436 1316 3691 1386 baptismi
3714 1335 3792 1388 pa-
3838 1305 3840 1308 ’

2216 1403 2349 1458 riter
2361 1412 2524 1474 atque
2539 1405 2787 1476 martyrii
2809 1416 3148 1461 sacramenta
3163 1405 3481 1462 funduntur.
3495 1408 3630 1464 Post
3644 1426 3793 1464 resur-

2217 1497 2513 1551 rectionem
2543 1513 2697 1552 suam
2720 1497 2888 1552 mittit
2905 1497 3199 1569 discipulos
3225 1501 3280 1554 in
3307 1502 3574 1556 mundum
3600 1503 3790 1557 univer-

2217 1603 2356 1653 sum,
2393 1597 2447 1642 et
2473 1589 2605 1644 dicit
2628 1590 2708 1655 eis
2741 1605 2754 1643 :
2783 1589 2886 1656 Ite,
2911 1591 3088 1646 docete
3119 1610 3295 1648 omnes
3323 1603 3517 1664 gentes,
3548 1577 3791 1664 baptismi-

2218 1690 2292 1736 tes
2313 1699 2397 1736 eos
2421 1683 2478 1736 in
2508 1685 2714 1738 nomine
2737 1681 2941 1748 Patris,
2966 1695 3012 1738 et
3039 1683 3187 1751 Filii,
3213 1696 3260 1740 et
3283 1684 3517 1758 Spiritus
3541 1689 3718 1740 sancti.
3740 1688 3791 1742 Et

2149 1762 2200 1822 Β
2224 1775 2421 1830 iterum
2467 1789 2482 1829 :
2526 1774 2632 1841 Qui
2667 1776 2946 1830 crediderit
2986 1787 3036 1832 et
3082 1777 3377 1848 baptizatus
3416 1776 3613 1846 fuerit,
3645 1777 3792 1831 saltus

2221 1871 2338 1922 erit.

433 2952 440 2958 _
532 2881 689 2937 Unde
715 2889 764 2936 et
795 2882 850 2935 in
879 2881 1129 2938 Ezechiel
1152 2883 1466 2954 crystallum
1496 2898 1661 2952 super
1679 2883 1961 2938 cherubim
1989 2883 2134 2938 vide-

594 1967 765 2037 Igitur
809 1967 958 2022 rudis
999 1966 1231 2020 mundus
1251 2007 1266 2032 ,
1298 1967 1525 2022 necdum
1557 1965 1668 2020 sole
1697 1966 1985 2030 rutilante,
2022 1979 2122 2020 nec
2292 1961 2373 2016 Ex
2410 1961 2501 2018 illo
2536 1977 2666 2034 ergo
2695 1970 2940 2034 tempore
2969 1972 3252 2034 coeperunt
3281 1963 3514 2036 apostoli
3547 1965 3723 2021 docere
3745 1973 3790 2018 et

524 2058 762 2129 pallente
795 2059 950 2124 luna,
986 2073 1087 2112 nec
1128 2059 1285 2112 astris
1320 2059 1675 2122 micantibus,
1711 2058 2122 2128 incompositam
2223 2054 2536 2124 baptizare;
2561 2063 2748 2126 gentes
2780 2064 2960 2110 autem
3001 2056 3223 2110 credere
3259 2064 3314 2111 et
3349 2056 3628 2127 baptizari.
3666 2056 3784 2126 Ergo

525 2158 583 2203 et
607 2148 927 2203 invisibilem
965 2148 1246 2202 materiam
1277 2148 1596 2218 abyssorum
1634 2145 2036 2217 magnitudine,
2065 2149 2126 2199 'et
2224 2146 2317 2216 qui
2339 2147 2696 2215 baptizandus
2721 2155 2837 2212 est,
2869 2147 3020 2217 prius
3065 2147 3289 2202 docetur
3316 2154 3378 2202 ut
3418 2148 3622 2213 credat,
3647 2149 3690 2201 id
3711 2155 3781 2202 est

527 2237 863 2293 deformibus
894 2238 1132 2292 tenebris
1171 2238 1526 2308 opprimebat.
1563 2237 1721 2293 Solus
1763 2237 1990 2309 Spiritus
2027 2236 2125 2290 Dei
2227 2238 2525 2292 instruatur
2554 2238 2658 2293 ﬁde
2689 2253 2704 2292 :
2734 2239 2839 2294 hoc
2860 2247 2944 2293 est
2967 2238 3113 2292 enim
3135 2239 3590 2292 catechumenum
3612 2253 3723 2296 esse.
3741 2237 3787 2291 id

526 2333 584 2387 in
611 2333 813 2404 aurigas
852 2331 1070 2386 modum
1099 2348 1255 2402 super
1285 2349 1448 2402 aquas
1480 2331 1766 2401 ferebatur,
1808 2339 1863 2385 et
1900 2346 2127 2386 nascen-
2226 2337 2312 2383 est
2361 2329 2706 2384 instructum.
2749 2327 3104 2385 Catechizare
3149 2337 3234 2384 est
3269 2330 3566 2384 instruere.
3606 2329 3686 2384 Sic
3715 2327 3788 2382 ﬁlii

527 2433 636 2479 tem
678 2425 936 2480 mundum
968 2425 1020 2478 in
1069 2423 1241 2494 ﬁgura
1289 2425 1544 2495 baptismi
1589 2425 1946 2494 parturiebat.
1984 2425 2128 2480 Inter
2229 2418 2395 2473 Israel
2424 2429 2714 2490 antequam
2738 2422 2805 2476 ad
2832 2435 2984 2475 mare
3007 2420 3251 2475 Rubrum
3273 2421 3553 2486 venirent,
3585 2420 3788 2475 instructi

529 2517 728 2572 caelum
753 2524 809 2572 et
845 2525 1047 2571 terram
1089 2516 1328 2571 medium
1368 2519 1667 2572 exstruitur
1703 2517 2123 2583 ﬁrmamentum,
2231 2520 2358 2566 sunt
2387 2526 2416 2564 a
2447 2510 2627 2581 Moyse
2661 2510 2728 2566 de
2755 2511 2879 2581 agni
2916 2510 3282 2567 immolatione
3310 2517 3365 2564 et
3401 2509 3519 2579 eius
3553 2509 3790 2580 sanguine.

527 2612 584 2661 et
608 2605 763 2676 juxta
807 2604 1060 2661 Hebraici
1089 2607 1357 2660 sermonis
1385 2607 1786 2679 etymologiam,
1821 2607 2041 2673 ccelum,
2077 2607 2131 2662 id
2233 2601 2387 2658 Unde
2413 2610 2498 2657 est
2526 2611 2584 2656 ut
2611 2602 2657 2657 is
2676 2643 2692 2668 ,
2718 2602 2805 2658 cui
2831 2618 2928 2673 per
2955 2603 3321 2669 sacerdotem,
3352 2602 3508 2673 quasi
3546 2617 3643 2674 per
3678 2600 3791 2672 Moy-

528 2704 615 2753 est
655 2693 922 2763 Samaim,
956 2713 1023 2752 ex
1071 2698 1226 2768 aquis
1264 2699 1489 2754 sortitur
1518 2698 1860 2764 vocabulum,
1889 2708 1942 2753 et
1980 2715 2130 2771 aqua:
2233 2710 2368 2760 sem,
2410 2695 2552 2750 Deus
2584 2694 2819 2766 primum
2863 2695 3120 2766 loquitur,
3170 2696 3622 2763 catechumenus,
3656 2697 3703 2751 id
3732 2702 3794 2750 est

531 2804 650 2858 qua:
673 2805 831 2860 super
857 2788 1012 2843 caelos
1050 2800 1172 2844 sunt
1209 2791 1264 2844 in
1309 2790 1498 2846 laudes
1537 2791 1753 2847 Domini
1791 2799 2128 2861 separantur.
2235 2789 2482 2854 audiens,
2520 2789 2847 2844 nominetur.
2877 2789 3014 2844 Nam
3043 2792 3528 2856 catechumenum,
3554 2798 3608 2845 et
3630 2791 3793 2846 instru-

2235 2890 2384 2938 ctum
2405 2891 2459 2936 et
2488 2882 2795 2937 audientem
2821 2882 3006 2937 dicunt
3035 2883 3404 2953 interpretari.
3440 2883 3795 2940 Exorcizantur

532 2980 624 3027 tur
651 2982 935 3030 extensum
955 3016 970 3039 ,
1009 2975 1060 3029 id
1101 2984 1185 3030 est
1222 2984 1517 3045 compacta:
1557 2984 1613 3031 et
1645 2975 1922 3031 densiores
1961 2991 2131 3045 aquae.
2235 2973 2497 3045 primum,
2531 2973 2726 3028 deinde
2753 2973 2920 3028 salem
2947 2974 3221 3045 accipiunt
3252 2983 3306 3030 et
3341 2985 3634 3047 unguntur.
3659 2976 3793 3031 Exor-

533 3066 778 3122 Primum
807 3067 873 3121 de
910 3067 1066 3137 aquis
1100 3068 1244 3136 quod
1276 3068 1425 3122 vivat
1459 3068 1755 3138 egreditur,
1783 3076 1839 3123 et
1873 3076 2136 3139 pennatos
2179 3136 2209 3139 ~
2240 3067 2419 3122 cizare
2459 3065 2647 3122 Graece
2673 3067 2892 3132 dicitur,
2921 3067 3112 3122 Latine
3141 3077 3319 3124 autem
3359 3068 3610 3138 adjurare
3633 3069 3706 3124 vel
3731 3068 3797 3122 in-

535 3155 724 3210 ﬁdeles
749 3156 815 3211 de
839 3136 987 3212 terra
1017 3157 1085 3212 ad
1111 3157 1307 3212 coelum
1337 3136 1847 3215 levatlFabricatur
1873 3136 2056 3226 homo,
2082 3168 2138 3215 et
2162 3136 2211 3202 α
2239 3174 2484 3228 crepare.
2526 3158 2631 3213 Per
2662 3167 2945 3228 peccatum
2975 3160 3118 3213 enim
3155 3159 3212 3214 in
3241 3136 3438 3230 primo
3456 3161 3659 3216 homine
3679 3157 3797 3231 lapsi

535 3247 680 3301 inter
725 3263 918 3304 manus
977 3248 1070 3303 Dei
1122 3265 1386 3320 aquarum
1439 3259 1782 3307 sacramenta
1827 3263 2132 3308 versantur.
2240 3266 2461 3316 sumus,
2490 3261 2544 3304 et
2574 3250 2628 3304 in
2657 3251 2847 3306 mortis
2877 3251 3252 3307 hmreditatem
3281 3268 3463 3308 omnes
3489 3254 3789 3308 devenimus.

536 3339 822 3395 Plantatur
850 3343 1136 3413 paradisus
1183 3343 1238 3398 in
1279 3344 1429 3399 Eden
1449 3385 1464 3410 ,
1507 3353 1563 3400 et
1591 3361 1731 3400 unus
1764 3343 1886 3401 fons
1924 3346 1980 3400 in
2005 3362 2137 3416 qua-
2237 3341 2449 3413 lmpleti
2478 3358 2664 3397 sumus
2689 3343 2975 3399 timoribus
3001 3351 3056 3398 et
3078 3345 3362 3402 erroribus
3387 3346 3566 3400 merito
3584 3344 3782 3415 peccati,

539 3441 664 3488 tuor
694 3434 958 3505 principia
987 3435 1272 3504 dividitur,
1301 3438 1394 3508 qui
1433 3451 1623 3509 postea
1649 3439 1945 3495 secundum
1975 3439 2137 3495 visio-
2242 3452 2364 3492 cum
2408 3452 2516 3506 quo
2558 3437 2852 3491 nascimur.
2888 3436 3013 3492 Ideo
3053 3445 3109 3492 et
3143 3439 3357 3508 parvuli
3391 3437 3716 3494 exsumantur
3747 3447 3797 3494 et

537 3535 664 3578 nem
712 3524 1013 3582 Ezechielis
1062 3529 1342 3599 propheta:
1381 3530 1666 3602 egrediens
1713 3531 1777 3586 de
1826 3531 2046 3601 templo,
2083 3539 2139 3586 et
2241 3529 2639 3596 exorcizantur,
2674 3537 2734 3583 ut
2770 3528 3003 3599 pellatur
3029 3530 3098 3585 ab
3122 3530 3202 3586 eis
3228 3531 3428 3586 diaboli
3468 3541 3691 3603 potestas
3715 3530 3801 3585 ini-

542 3626 732 3672 contra
763 3618 892 3674 solis
921 3627 1102 3675 ortum
1132 3622 1366 3690 vadens,
1406 3639 1622 3680 amaras
1658 3640 1826 3696 aquas
1868 3634 2139 3682 mortuas-
2243 3623 2405 3692 mica,
2433 3639 2553 3692 qua:
2576 3623 2788 3694 decepit
2812 3624 3117 3690 hominem,
3150 3634 3212 3678 ut
3234 3624 3541 3695 possideret
3567 3624 3799 3682 homines.

542 3725 648 3781 que
671 3711 930 3768 viviﬁcat.
960 3712 1160 3770 Peccat
1187 3717 1417 3773 mundus
1435 3759 1449 3784 ,
1481 3726 1535 3774 et
1563 3719 1679 3773 sine
1706 3734 1969 3789 aquarum
2000 3719 2140 3774 dilu-
2242 3712 2362 3768 Non
2389 3729 2518 3785 ergo
2545 3713 2641 3768 Dei
2667 3723 2920 3770 creatura
2947 3715 3004 3770 in
3033 3716 3332 3774 infantibus
3358 3718 3713 3784 exorcizatur.
3734 3715 3802 3772 Vel

543 3803 633 3859 vio
658 3820 766 3860 non
793 3813 1052 3877 purgatur
1077 3826 1089 3860 :
1117 3809 1408 3879 statimque
1427 3810 1678 3866 columba
1704 3809 1940 3880 Spiritus
1964 3810 2141 3866 sancti
2241 3806 2554 3862 exsufﬂatur
2587 3827 2600 3861 :
2631 3809 2727 3863 sed
2753 3807 2858 3874 ille,
2886 3809 2985 3865 sub
3012 3825 3120 3880 quo
3141 3824 3330 3866 omnes
3349 3827 3474 3866 cum
3496 3819 3710 3882 peccato
3729 3823 3803 3864 na.

542 3897 770 3972 expulso
797 3898 923 3953 alite
961 3901 1270 3967 teterrimo,
1298 3902 1370 3956 ita
1401 3902 1469 3957 ad
1499 3903 1640 3968 Noe,
1677 3903 1829 3972 quasi
1875 3904 1943 3959 ad
1979 3903 2141 3959 Chri-
2243 3910 2486 3959 scuntur.
2518 3901 2616 3957 Est
2636 3902 2782 3956 enim
2809 3902 3063 3973 princeps
3087 3912 3456 3974 peccatorum.
3489 3903 3804 3959 Exorcismus

546 3999 691 4047 stum
723 3992 778 4046 in
804 3991 1093 4049 Iordanem
1121 3995 1350 4062 devolat,
1377 4003 1432 4051 et
1450 4012 1604 4051 ramo
1629 3995 1942 4053 refectionis
1971 4012 2033 4052 ac
2059 3996 2141 4050 lu-
2242 4001 2424 4049 autem
2449 4001 2531 4048 est
2559 4006 2739 4048 sermo
2766 3993 3152 4064 increpationis
3185 4002 3241 4049 et
3269 3992 3629 4063 adjurationis
3650 4001 3806 4050 contra

546 4084 710 4140 minis
738 4100 928 4155 pacem
953 4087 1100 4142 orbis
1130 4088 1434 4144 annuntiat.
1482 4088 1695 4146 Pharao
1735 4106 1858 4146 cum
1895 4090 2142 4146 exercitu
2243 4083 2581 4140 immundum
2607 4083 2856 4153 spiritum
2877 4099 2977 4154 pro
3000 4096 3026 4124 ι
3047 4085 3426 4156 energumenis
3447 4085 3570 4140 sive
3591 4083 3806 4140 catechu-

535 4190 642 4251 usuo
665 4174 856 4232 nolens
879 4177 1135 4248 p0pulum
1163 4179 1378 4235 Domini
1397 4181 1549 4236 exire
1571 4181 1637 4237 de
1659 4180 1915 4254 Egypto,
1939 4183 1994 4237 in
2017 4190 2142 4255 typo
2223 4181 2419 4237 menis
2448 4179 2641 4246 factus,
2665 4194 2766 4250 per
2787 4194 2947 4249 quem
2973 4179 3040 4234 ab
3060 4178 3164 4234 illis
3183 4176 3384 4234 diaboli
3406 4177 3731 4248 nequissima
3747 4173 3810 4227 vis

541 4267 890 4338 baptismatis
915 4267 1237 4336 suﬁ‘ocatur;
1269 4271 1396 4326 etin
1416 4273 1641 4341 psalmis
1671 4273 1736 4330 de
1764 4274 2142 4331 interfectione
2243 4281 2301 4328 et
2344 4273 2644 4328 inveterata
2682 4270 2919 4336 malitia,
2961 4269 3047 4324 vel
3085 4269 3285 4325 violata
3332 4269 3581 4324 incursio
3624 4264 3809 4338 expulsa

540 4359 686 4416 illius
718 4361 977 4417 scribitur
1006 4377 1022 4416 :
1056 4361 1134 4416 Tu
1165 4363 1489 4432 conﬁrmasti
1524 4365 1581 4419 in
1620 4367 1809 4420 virtute
1847 4376 1939 4420 tua
1974 4383 2138 4432 mare,
2246 4354 2482 4438 fugatur.
2515 4364 2630 4420 Hoc
2668 4365 2810 4419 enim
2850 4363 3174 4434 signiﬁcavit
3209 4362 3479 4418 lunaticus
3517 4361 3648 4427 ille,
3683 4371 3811 4429 quem

541 4454 834 4510 contrivisti
856 4455 1033 4527 capita
1057 4455 1349 4511 draconum
1364 4457 1421 4510 in
1439 4458 1590 4527 aquis
1609 4455 1782 4528 (Psal.
1810 4473 2003 4522 Lxxm,
2029 4457 2140 4529 15).
2171 4494 2228 4529 η
2249 4456 2548 4527 increpavit
2571 4457 2833 4511 Dominus
2852 4453 3032 4520 Jesus,
3052 4462 3108 4509 et
3127 4455 3262 4510 exiit
3285 4455 3354 4508 ab
3374 4453 3467 4508 illo
3491 4453 3810 4510 daemonium.

545 4546 702 4604 Unde
725 4555 780 4604 et
806 4547 980 4620 reguli
1003 4555 1059 4602 et
1097 4548 1407 4618 scorpiones
1435 4548 1644 4602 arentia
1675 4563 1901 4619 quaeque
1927 4557 2143 4603 sectan-
2171 4543 2223 4557 ’⁷
2248 4549 2496 4606 Potestas
2515 4563 2646 4620 ergo
2672 4547 2869 4603 diaboli
2893 4546 3237 4602 exorcizatur
3261 4555 3317 4602 et
3337 4544 3650 4601 insumatur
3670 4545 3720 4599 in
3737 4543 3813 4602 eis.

546 4649 680 4695 tur:
717 4641 773 4696 in
813 4655 912 4696 ara
955 4648 1198 4695 mutatur
1243 4647 1646 4696 sacramentum
1690 4639 1898 4703 crucis,
1945 4648 2002 4694 et
2041 4655 2148 4695 ιιι
2248 4651 2309 4698 ιιι
2330 4644 2379 4698 ei
2418 4642 2757 4708 renuntient;
2803 4649 2965 4711 atque
3001 4641 3173 4710 erepti
3211 4656 3244 4695 a
3282 4649 3559 4711 potestate
3597 4639 3815 4695 tenebra-

546 4732 740 4801 palmae
783 4731 1149 4802 apostolorum
1187 4733 1481 4788 dulcoratis
1525 4731 1660 4801 legis
1696 4730 1996 4802 gurgitibus
2022 4731 2149 4786 irri-
2249 4750 2403 4800 rum,
2433 4734 2489 4788 in
2517 4748 2741 4803 regnum
2768 4733 2983 4788 Domini
3011 4733 3095 4788 sui
3122 4746 3221 4803 per
3248 4740 3654 4788 sacramentum
3673 4728 3817 4800 baptiv

548 4831 764 4894 gantur.
792 4823 1069 4880 Abraham
1096 4834 1153 4880 et
1174 4825 1322 4880 Isaac
1353 4832 1545 4896 puteos
1573 4823 1812 4889 fodiunt;
1847 4833 2150 4895 repugnant
2248 4827 2438 4882 smatis
2465 4825 2885 4881 transferantur.

546 4915 820 4987 allophyli,
849 4927 906 4973 et
932 4919 1216 4975 Bersabem
1245 4921 1436 4974 civitas
1465 4918 1780 4988 juramenti,
1813 4934 2150 4990 regnumque
2320 4921 2413 4977 Sal
2460 4929 2642 4976 autem
2678 4921 2732 4975 in
2772 4919 3075 4976 ministerio
3121 4919 3533 4975 catechumenis
3580 4917 3771 4974 dandus
3796 4928 3817 4964 ι

549 5007 858 5064 Salomonis
887 5026 1083 5068 nomen
1112 5015 1277 5068 sumit
1306 5029 1337 5067 a
1364 5013 1623 5068 fontibus.
1660 5011 1907 5068 Rebecca
1942 5012 2150 5067 inveni—
2247 5013 2500 5070 Patribus
2528 5013 2649 5068 ideo
2676 5019 2760 5067 est
2785 5012 3086 5076 institutus,
3117 5019 3179 5064 ut
3203 5011 3320 5082 ejus
3349 5020 3512 5082 gustu
3537 5008 3819 5066 condimen—

548 5109 640 5152 tur
664 5099 730 5152 ad
759 5108 984 5169 puteum
1003 5143 1016 5162 ,
1047 5102 1252 5159 Rachel
1277 5113 1498 5174 propter
1526 5120 1694 5174 aquas
1726 5104 2149 5174 supplantatoris
2248 5114 2365 5160 tum
2391 5103 2672 5173 sapientia:
2699 5103 3034 5173 percipiant,
3065 5117 3242 5172 neque
3281 5103 3551 5172 desipiant
3589 5119 3621 5155 a
3656 5110 3820 5168 sap0re

550 5189 740 5244 osculo
790 5190 1088 5259 salutatur,
1136 5195 1344 5265 Moyses
1392 5195 1529 5250 ﬁlias
1587 5197 1882 5252 sacerdotis
1934 5197 2147 5254 Madian
2249 5196 2482 5260 Christi;
2514 5211 2582 5249 ne
2609 5195 2718 5249 sint
2745 5193 2912 5260 fatui,
2943 5203 2998 5250 et
3025 5202 3174 5250 retro
3202 5194 3516 5264 respiciant,
3543 5196 3686 5249 sicut
3711 5201 3821 5244 uxor

549 5289 740 5351 aperto
765 5291 931 5353 puteo
958 5285 1026 5341 ab
1064 5285 1260 5355 injuria
1291 5287 1548 5344 vindicat.
1589 5288 1704 5344 Vox
1743 5290 1957 5344 Domini
1993 5308 2150 5364 super
2249 5286 2370 5351 Lot,
2395 5300 2516 5354 quae
2541 5299 2698 5340 versa
2740 5292 2827 5339 est
2870 5285 2926 5338 in
2965 5292 3200 5339 statuam
3244 5285 3404 5350 salis;
3441 5292 3507 5338 ut
3541 5282 3660 5352 ejus
3694 5280 3823 5350 signo

549 5390 740 5446 aquas.
758 5375 1014 5432 Dominus
1034 5395 1190 5448 super
1204 5396 1368 5451 aquas
1389 5379 1602 5435 multas.
1619 5381 1876 5436 Dominus
1891 5382 2149 5438 diluvium
2247 5379 2603 5435 condirentur
2626 5377 2683 5432 hi
2716 5378 2810 5448 qui
2835 5392 2936 5448 per
2957 5376 3120 5436 ﬁdem
3147 5377 3348 5432 mundo
3377 5386 3432 5431 et
3466 5376 3684 5431 actibus
3709 5369 3824 5427 desi-

547 5465 846 5522 inhabitare
887 5468 1034 5538 facit.
1077 5470 1268 5527 Dentes
1306 5474 1418 5544 ejus
1462 5475 1596 5528 sicut
1636 5491 1763 5545 grex
1809 5474 2149 5530 detonsarum

552 5559 757 5626 ovium,
791 5577 909 5632 qua:
947 5564 1294 5619 ascenderunt
1328 5565 1391 5619 de
1427 5565 1652 5631 lavacro,
1696 5583 1874 5621 omnes
1905 5566 2148 5637 gemellos

2250 5470 2521 5541 deriisque
2546 5469 2664 5538 ejus
2688 5469 3029 5536 renuntiant;
3059 5478 3120 5524 ut
3142 5469 3455 5524 affectiones
3477 5469 3719 5538 pristina:
3737 5477 3824 5516 non

2250 5567 2623 5630 recordentur,
2654 5571 2831 5635 neque
2857 5567 2926 5620 ad
2957 5563 3140 5620 saeculi
3166 5563 3451 5619 illecebras
3481 5564 3824 5617 revertantur.

2249 5717 2456 5758 menos.
2487 5701 2684 5757 Confer
2713 5702 3008 5756 Berardum
3038 5703 3093 5758 in
3121 5700 3292 5758 Cann.
3323 5701 3384 5756 ll
3407 5742 3424 5769 ,
3454 5701 3552 5767 15,
3583 5701 3687 5765 20,
3713 5695 3821 5751 dist.

627 5703 653 5732 ι
691 5694 830 5752 Hinc
857 5705 1007 5770 patet
1034 5699 1162 5768 quid
1193 5700 1263 5753 sit
1287 5699 1481 5754 collata
1511 5701 1796 5754 exorcistis
1816 5709 2056 5770 potestas
2093 5701 2148 5755 in

843 5714 1007 5823 (patet
1034 5714 1162 5768 quin
1193 5714 1263 5753 Sit.
1287 5714 1481 5754 conata
1511 5714 1796 5754 exorcnsus
1816 5714 2056 5770 potestas
2093 5718 2119 5755 ιι

880 5770 1118 5825 inatione
1153 5771 1463 5838 imponendi
1493 5786 1686 5825 manus
1719 5787 1881 5840 super
1918 5788 2119 5842 energu

2249 5717 2456 5758 menos.
2487 5714 2684 5757 uouter
2713 5714 2915 5756 ueram

2248 5775 2340 5837 25,
2366 5779 2507 5843 part.
2539 5789 2577 5837 ι,
2607 5790 2656 5826 c.
2688 5772 2774 5838 l5,
2806 5772 2834 5843 §
2862 5773 2916 5826 4.

557 5779 746 5824 norum
779 5771 1118 5825 ordinatione
1153 5771 1463 5838 imponendi
1493 5786 1686 5825 manus
1719 5787 1881 5840 super
1918 5788 2146 5842 energu-
