4012 6364
172 383 272 443 857

1202 380 1404 437 LIBER
1442 379 1533 437 DE
1573 380 2039 439 SACRAMENTO
2078 384 2412 445 BAPTISMI.

3335 393 3441 449 858

175 499 319 559 Unde
344 495 481 568 legis
504 495 820 551 mandatum
847 502 961 561 est,
984 503 1050 548 ut
1073 510 1233 550 omne
1274 495 1600 551 sacriﬁcium
1628 494 1758 550 salis
1781 494 1837 556 Δ
1860 505 1907 549 et
1943 514 2074 568 para
2108 517 2289 555 aurem
2315 512 2460 556 tuam
2498 503 2662 558 verbis
2698 502 2992 575 prudentia:
3033 499 3221 575 (Eccli.
3263 520 3322 570 ιι,
3360 505 3439 575 2).

171 590 467 661 adiectione
492 588 822 651 condiretur,
854 588 1064 642 dicente
1092 587 1397 659 legislatore
1429 608 1441 641 :
1469 588 1581 643 Nec
1607 589 1756 658 aufe-

172 702 245 738 res
272 681 355 737 sal
383 680 591 751 faderis
622 678 687 733 de
722 678 981 749 sacriﬁcio
1012 679 1243 753 Domini.
1281 680 1509 750 Propter
1533 680 1677 751 quod
1702 689 1757 735 et

169 772 425 830 Dominus
453 770 507 825 in
536 770 826 842 Evangelio
852 772 929 825 ait
958 789 969 824 :
1005 769 1188 826 Omnis
1216 774 1425 827 victima
1452 773 1561 828 sale
1599 773 1755 828 salie-

169 876 263 919 tur.
297 863 371 918 Et
401 864 453 917 in
482 862 589 917 alio
618 862 738 916 loco
770 880 784 915 :
810 860 1011 916 Habete
1038 863 1093 916 in
1122 864 1263 917 vobis
1287 863 1469 930 salem,
1498 874 1547 919 et
1573 882 1753 936 pacem

167 956 343 1011 habete
383 958 521 1010 inter
564 973 669 1010 vos.
714 954 1014 1011 [Estimant
1052 973 1286 1027 namque
1323 960 1569 1028 quidam,
1610 964 1753 1032 quod

167 1050 323 1105 etiam
358 1050 498 1119 apud
530 1048 791 1119 quosdam
825 1050 1102 1117 gentilium
1132 1051 1353 1121 antiqua
1382 1062 1499 1107 erat
1526 1070 1753 1110 consue-

166 1143 282 1197 tudo
301 1183 317 1205 ,
348 1151 409 1196 ut
436 1141 527 1212 qui
558 1141 868 1196 ﬁdelitatem
896 1144 1113 1213 regibus
1136 1146 1553 1214 promittebant,
1583 1150 1750 1205 salem

165 1234 466 1303 adjuratum
486 1231 570 1286 vel
599 1240 971 1287 consecratum
998 1233 1051 1287 in
1074 1237 1415 1303 praesentiam
1438 1240 1751 1295 eorumdem

166 1340 346 1395 regum
372 1325 568 1394 quibus
598 1323 758 1379 ﬁdem
780 1326 1186 1395 promittebant,
1210 1331 1574 1385 comederent.
1599 1330 1750 1387 Unde

164 1418 212 1471 in
242 1415 383 1470 libro
412 1416 600 1471 Esdra:
627 1417 887 1486 scriptum
918 1427 1002 1472 est
1034 1419 1175 1487 quod
1207 1420 1477 1491 principes
1512 1423 1749 1478 Samari-

164 1521 406 1565 tanorum
438 1511 547 1580 regi
580 1511 899 1575 Persarum,
931 1528 1055 1567 cum
1081 1513 1145 1568 de
1168 1515 1513 1569 accusatione
1539 1516 1749 1572 Judzeo-

163 1620 269 1659 rum
295 1604 626 1669 scriberent,
654 1605 889 1659 dixerint
918 1622 932 1659 :
966 1605 1220 1662 Memores
1245 1626 1425 1663 sumus
1454 1609 1580 1665 salis
1609 1612 1747 1681 quod

162 1699 209 1751 in
230 1697 433 1769 palatio
456 1698 773 1753 comedimus
802 1697 854 1770 (Ι
887 1698 1047 1753 Esdr.
1080 1716 1152 1766 1v,
1182 1701 1290 1774 M).

221 1790 411 1845 Diﬁ‘ert
440 1805 569 1846 sane
595 1792 737 1846 inter
764 1803 786 1831 θ
820 1794 1239 1849 catechumenos
1276 1806 1331 1849 et
1354 1804 1741 1867 competentes.

160 1882 539 1938 Catechumeni
569 1884 751 1954 itaque
776 1893 933 1950 sunt,
971 1886 1063 1955 qui
1092 1886 1328 1956 primum
1356 1888 1423 1943 de
1448 1889 1745 1959 gentilitate

160 1977 390 2038 veniunt,
431 1985 485 2028 et
517 1975 776 2030 habentes
801 1976 1131 2031 voluntatem
1158 1977 1413 2032 credendi
1446 1979 1501 2033 in
1529 1979 1745 2035 Christo

159 2069 375 2123 audiunt
410 2069 635 2123 verbum
664 2066 818 2135 ﬁdei,
849 2068 943 2122 sed
975 2070 1212 2125 nondum
1240 2071 1580 2141 appellantur
1614 2071 1744 2126 ﬁde—

160 2159 243 2214 les.
269 2159 653 2228 Competentes
675 2168 855 2214 autem
884 2170 1025 2225 sunt,
1052 2161 1143 2231 qui
1157 2160 1273 2230 jam
1293 2170 1416 2231 post
1443 2164 1743 2219 doctrinam

162 2252 287 2318 ﬁdei,
322 2260 446 2322 post
474 2253 860 2307 continentiam
886 2254 1038 2317 vitae,
1073 2254 1301 2323 gratiam
1342 2254 1543 2309 Christi
1570 2257 1745 2325 perci-

160 2362 270 2415 pere
299 2346 579 2400 festinant.
612 2343 842 2415 Ideoque
886 2346 1225 2415 appellantur
1260 2356 1656 2417 competentes,
1689 2348 1743 2403 id

159 2448 231 2493 est
256 2441 487 2510 gratiam
518 2437 720 2493 Christi
748 2447 1011 2508 petentes.
1039 2440 1117 2493 llli
1158 2449 1346 2510 petunt
1371 2450 1425 2497 ct
1450 2444 1740 2511 accipiunt,

161 2534 555 2587 catechizantur
582 2540 637 2585 et
665 2531 1007 2586 instruuntur
1040 2533 1395 2588 instructione
1433 2549 1743 2589 sacramen-

163 2633 327 2679 torum
355 2644 366 2677 :
404 2624 521 2679 istis
542 2623 779 2678 salutare
806 2622 1110 2694 symbolum
1138 2624 1393 2691 traditur,
1422 2627 1573 2695 quasi
1597 2642 1742 2680 eom-

162 2718 496 2772 monitorium
530 2716 687 2783 ﬁdei,
729 2725 786 2772 et
817 2725 1019 2772 sancta:
1058 2717 1415 2773 confessionis
1461 2720 1736 2785 indicium,

168 2829 266 2882 quo
294 2814 531 2870 instructi
563 2823 875 2886 agnoscant,
904 2814 1089 2885 quales
1104 2813 1217 2883 jam
1242 2815 1307 2869 ad
1335 2816 1565 2886 gratiam
1587 2815 1742 2870 Chri-

166 2905 233 2959 sti
256 2906 503 2960 exhibere
529 2922 584 2961 se
612 2904 865 2960 debeant.
900 2905 1024 2960 Haec
1063 2914 1173 2960 tota
1214 2907 1381 2972 actio,
1421 2922 1540 2975 qum
1570 2896 1742 2977 super

78 3002 83 3005 ‘
162 2999 549 3054 eatechumenis
575 3007 629 3053 et
654 2999 1082 3069 competentibus
1111 2998 1437 3065 celebratur,
1464 3015 1495 3052 a
1520 3000 1742 3069 quibus-

158 3090 272 3143 dam
300 3092 621 3145 scrutinium
652 3092 981 3155 nominatur,
1021 3108 1127 3147 non
1157 3094 1225 3147 ob
1268 3093 1444 3157 aliud,
1492 3105 1549 3147 ut
1589 3102 1741 3163 puta-

142 3180 285 3245 mus,
317 3182 423 3237 nisi
448 3198 481 3237 a
510 3186 828 3251 scrutando,
854 3184 1009 3253 juxta
1038 3186 1165 3239 illud
1194 3186 1492 3240 Psalmistae
1524 3205 1534 3239 :
1570 3186 1735 3241 Scru-

154 3280 261 3324 taus
286 3272 449 3325 corda
484 3282 531 3326 et
570 3290 714 3328 renes
758 3274 917 3329 Deus.
960 3276 1038 3329 Eo
1075 3276 1219 3345 quod
1258 3276 1330 3330 ibi
1369 3285 1740 3331 scrutarentur

154 3366 307 3419 corda
334 3367 676 3421 credentium
705 3376 758 3423 et
784 3367 1142 3423 dubitantium
1186 3385 1216 3422 a
1255 3369 1645 3433 sacerdotibus,
1682 3377 1741 3423 ut

151 3456 507 3528 intelligerent
537 3459 658 3527 quis
688 3459 756 3513 ad
779 3460 1107 3530 baptismum
1136 3459 1250 3527 jam
1291 3461 1392 3514 rite
1427 3461 1739 3515 admittere-

150 3558 251 3614 tur,
283 3551 376 3619 qui
408 3551 586 3605 adhuc
609 3551 934 3606 differretur.
968 3552 1128 3606 Juxta
1156 3554 1259 3607 hoc
1294 3560 1345 3606 et
1394 3553 1652 3608 Dominus
1683 3552 1736 3608 in

148 3638 436 3711 Evangelia
466 3643 544 3697 ait
575 3660 587 3695 :
618 3641 939 3698 Scrutamini
964 3644 1285 3703 Scrinturus.

775 3757 1001 3814 CAPUT
1037 3758 1099 3813 ll.

142 3844 217 3899 De
233 3857 393 3921 tactu
425 3850 637 3921 narium
674 3859 721 3902 et
752 3852 959 3904 aurium
989 3864 1006 3901 :
1034 3851 1096 3904 ob
1121 3866 1279 3921 quam
1312 3869 1527 3906 causam
1557 3869 1739 3907 secun-

208 3918 334 3972 dum
371 3920 707 3973 traditionem
732 3918 1141 3975 ecclesiasticam
1159 3922 1222 3974 ab
1253 3923 1490 3977 carnibus
1521 3924 1741 3978 catholi-

209 3990 281 4043 cis
311 3988 516 4043 Christi
538 3992 895 4045 sacerdotibus
925 3992 1039 4060 ﬁat.

210 4083 474 4138 lntroitus
501 4084 626 4139 fidei
646 4094 700 4139 et
721 4086 883 4140 totius
903 4098 1101 4142 sancta:
1122 4088 1377 4143 doctrina:
1402 4090 1466 4142 ad
1499 4090 1740 4143 animum

142 4188 233 4243 per
256 4190 426 4230 aures
456 4176 776 4241 admittitur,
814 4186 869 4232 et
909 4178 975 4232 de
1006 4178 1193 4232 auditu
1231 4180 1536 4235 intellectus
1562 4180 1743 4234 exori-

138 4278 240 4321 tur.
286 4268 478 4337 Neque
506 4269 653 4323 enim
685 4278 864 4340 potest
893 4270 1087 4340 aliquis
1122 4271 1245 4326 ﬁdei
1282 4280 1621 4327 sacramenta
1649 4289 1740 4328 c0-

134 4375 425 4427 gnoscere,
466 4360 571 4415 nisi
600 4361 785 4414 audiat
810 4363 1217 4431 przedicantem,
1248 4363 1553 4419 afﬁrmante
1580 4365 1739 4419 beato

129 4450 402 4521 Apostolo
428 4453 522 4521 qui
550 4452 684 4508 dicit
712 4471 725 4506 :
756 4451 919 4508 Fides
959 4471 1023 4509 ea:
1061 4455 1283 4522 auditu;
1312 4456 1525 4510 auditus
1564 4466 1739 4510 autem

127 4562 212 4613 per
233 4543 470 4599 verbum
502 4544 623 4599 Dei.
666 4544 833 4601 Recte
860 4562 987 4619 ergo
1012 4547 1129 4619 ejus
1169 4562 1359 4603 sensus
1382 4562 1583 4617 organa
1613 4563 1737 4602 san-

1857 591 1999 663 Ergo
2040 594 2395 651 sanctiﬁcatio
2425 598 2637 652 aurium
2673 598 2960 669 signiﬁcat,
2992 609 3053 653 ut
3074 613 3263 652 omnes
3287 607 3442 653 extra

1857 682 2196 753 disciplinam
2234 701 2541 755 sermones,
2570 690 2726 759 quasi
2764 689 3021 746 doctrina:
3057 688 3259 745 Christi
3294 688 3443 745 oblo-

1856 787 2100 847 quentes,
2130 792 2449 837 aversentur
2477 783 2660 839 ﬁdeles
2692 800 2757 839 ac
2780 783 3008 853 fugiant,
3039 799 3204 854 seque
3234 783 3303 838 ad
3328 782 3444 839 sola

1854 868 1953 925 Dei
1976 872 2141 927 verba
2168 873 2433 929 audienda
2460 884 2778 931 convertant
2807 895 2819 930 :
2853 876 2980 946 quia
3009 876 3253 931 auditum
3282 891 3439 932 suum

1856 962 2055 1020 Christi
2068 966 2297 1037 eloquiis
2313 983 2721 1025 consecrarunt.
2738 970 2907 1026 Nares
2922 986 3134 1041 quoque
3156 971 3349 1027 similis
3364 980 3441 1026 ta-

1840 1066 1945 1114 .ctu
1957 1060 2381 1127 sanctiﬁcantur,
2400 1072 2457 1117 ut
2480 1064 2533 1118 hi
2553 1065 2645 1134 qui
2659 1066 2724 1119 ad
2745 1064 3071 1135 baptismum
3082 1067 3328 1132 veniunt,
3345 1067 3442 1121 ad-

1855 1162 2177 1209 moneantur
2190 1156 2323 1209 tanti
2340 1158 2581 1228 mysterii
2602 1167 2999 1213 sacramentum
3020 1174 3189 1229 usque
3212 1161 3279 1214 ad
3296 1177 3443 1215 mor-

1856 1255 1963 1303 tem
1991 1248 2305 1304 inviolatum
2331 1259 2493 1320 atque
2517 1251 2785 1323 integrum
2809 1254 3079 1308 custodire
3095 1271 3107 1305 :
3123 1260 3184 1308 ut
3202 1254 3441 1324 quandiu

1855 1338 2105 1408 spiritum
2130 1340 2255 1395 vita:
2283 1341 2441 1411 hujus
2466 1343 2690 1397 naribus
2715 1344 2825 1397 suis
2848 1344 3157 1411 attrahunt,
3185 1360 3215 1397 a
3239 1342 3442 1398 Christi

1854 1428 2065 1484 Domini
2093 1432 2262 1485 nostri
2289 1431 2497 1486 cultura
2525 1442 2581 1487 et
2604 1435 2823 1488 servitio
2848 1450 2953 1488 non
2983 1434 3256 1490 recedant.
3291 1433 3441 1489 Unde

1852 1529 1906 1575 et
1930 1520 2029 1576 Job
2058 1523 2142 1578 vir
2164 1533 2383 1579 sanctus
2401 1526 2641 1595 loquitur
2672 1546 2683 1581 :
2711 1528 2889 1582 Donec
2913 1537 3140 1597 superest
3166 1527 3361 1580 halitus
3386 1528 3442 1581 in

1852 1629 1951 1677 me,
1982 1623 2030 1667 et
2055 1615 2269 1684 spiritus
2296 1615 2393 1669 Dei
2419 1616 2473 1668 in
2504 1616 2717 1671 naribus
2746 1618 2895 1682 meis,
2924 1634 3025 1671 non
3049 1616 3324 1687 loquentur
3356 1616 3439 1669 la-

1852 1700 1937 1753 bia
1968 1719 2082 1755 mea
2107 1704 2452 1773 iniquitatem,
2477 1722 2568 1758 nec
2593 1704 2775 1776 lingua
2803 1723 2918 1759 mea
2953 1705 3190 1777 loquetur
3218 1706 3438 1759 menda-

1853 1794 2009 1848 cium.
2046 1795 2152 1850 Sed
2190 1798 2366 1851 adhuc
2394 1797 2642 1851 subtilior
2672 1798 3059 1853 intellectusin
3099 1798 3199 1851 hac
3227 1798 3440 1851 narium

1773 1864 1822 1925 Β
1853 1886 2281 1941 sanctiﬁcatione
2320 1888 2585 1957 signatur.
2630 1888 2720 1943 Ille
2750 1890 2893 1943 enim
2934 1898 3109 1944 tactus
3145 1890 3211 1943 ad
3247 1889 3441 1943 odora-

1847 1987 1959 2032 tum
1987 1979 2170 2033 ﬁdeles
2202 1989 2462 2049 provocat
2489 1981 2789 2051 spiritalem
2810 2022 2823 2046 ,
2851 1990 2911 2035 ut
2939 1997 3043 2035 non
3070 1984 3314 2050 corporis
3342 1981 3437 2036 sed

1846 2072 2043 2126 mentis
2078 2073 2325 2127 sensibus
2353 2072 2627 2127 Christum
2652 2073 3013 2128 inaestimabili
3035 2073 3297 2128 suavitate
3321 2088 3441 2127 sen-

1846 2167 1949 2220 tire
1978 2167 2207 2236 possint,
2240 2176 2293 2220 et
2316 2167 2495 2221 dicere
2519 2168 2569 2222 ei
2607 2186 2619 2221 :
2650 2165 2778 2222 Post
2804 2170 2932 2221 tein
2970 2167 3179 2237 odorem
3206 2183 3437 2237 unguen-

1844 2265 2017 2311 torum
2060 2268 2264 2312 tuorum
2312 2276 2581 2313 curremus
2623 2259 2797 2331 (Cant.
2840 2276 2878 2319 ι,
2923 2259 2998 2330 5).
3038 2258 3189 2312 Hunc
3215 2258 3437 2313 odorem

1845 2351 2186 2403 commendat
2226 2350 2515 2422 Apostolus
2554 2351 2897 2415 Christianis,
2927 2366 3047 2405 cum
3082 2348 3213 2404 dicit
3262 2368 3274 2404 :
3326 2350 3439 2403 Deo

1844 2452 2017 2496 autem
2046 2444 2243 2513 gratias
2263 2486 2277 2507 ,
2303 2446 2391 2514 qui
2421 2444 2707 2514 triumphat
2744 2460 2836 2496 nos
2874 2445 2927 2497 in
2963 2440 3169 2496 Christo
3198 2442 3325 2496 Jesu
3345 2482 3359 2506 ,
3390 2450 3439 2495 et

1844 2535 2056 2588 odorem
2094 2536 2293 2589 notitia:
2329 2553 2439 2589 sum
2469 2536 2769 2605 manifestat
2802 2552 2893 2605 per
2923 2552 3015 2588 nos
3048 2534 3103 2586 in
3134 2534 3273 2586 omni
3302 2532 3433 2596 loco,

1842 2629 1965 2698 quia
1991 2626 2185 2680 Christi
2213 2628 2373 2682 bonus
2404 2629 2534 2681 odor
2559 2644 2737 2681 sumus
2760 2627 2889 2680 Deo.
2916 2626 3123 2681 Debent
3149 2639 3277 2695 ergo
3308 2622 3438 2677 ﬁde-

1845 2718 1920 2773 les
1941 2720 2013 2773 ita
2033 2720 2230 2783 vivere,
2256 2727 2316 2772 ut
2343 2720 2693 2775 suavissimus
2719 2720 2786 2774 ad
2810 2719 2978 2773 Deum
3000 2718 3133 2773 odor
3153 2732 3219 2771 ex
3248 2730 3437 2771 eorum

1844 2811 1965 2863 vita:
1994 2811 2281 2865 sanctitate
2306 2812 2653 2866 conscendat.

1916 2902 2201 2972 Unguntur
2241 2906 2406 2958 etiam
2449 2921 2593 2960 nunc
2636 2905 3014 2960 catechumeni
3050 2904 3103 2957 in
3134 2911 3355 2973 pectore
3384 2910 3440 2956 et

1842 2998 1983 3053 inter
2008 2999 2254 3068 scapulas
2279 2998 2397 3053 oleo
2423 3000 2751 3064 exorcizato,
2785 3014 2907 3053 cum
2938 2997 3318 3053 abrenuntiant
3346 2995 3440 3049 Sa-

1844 3095 1981 3142 tanas
2010 3097 2064 3142 et
2092 3090 2345 3159 eperibus
2376 3104 2439 3142 ac
2464 3090 2675 3159 pompis
2703 3090 2839 3160 ejus.
2869 3087 3023 3155 Quod
3053 3088 3173 3142 idco
3203 3086 3319 3139 ﬁeri
3350 3102 3437 3139 ar—

1840 3178 2129 3246 bitramur,
2159 3190 2217 3234 ut
2244 3181 2609 3235 habitaculum
2639 3181 2816 3235 cordis
2846 3189 2970 3233 ante
3006 3188 3059 3233 et
3088 3186 3232 3232 retro
3263 3178 3440 3246 signe-

1846 3278 1951 3336 tur,
1994 3288 2101 3341 quo
2146 3273 2297 3343 signo
2334 3273 2579 3327 diabolus
2608 3280 2795 3327 auctor
2822 3270 3061 3341 perﬁdia:
3095 3268 3345 3339 pellatur,
3387 3275 3443 3321 et

1844 3362 2089 3419 Christus
2116 3364 2341 3434 largitor
2367 3364 2488 3418 ﬁdei
2518 3374 2572 3419 et
2603 3364 2887 3418 charitatis
2916 3361 3265 3432 ingrediatur.
3302 3358 3439 3411 Nam

1843 3470 1939 3509 cor
1963 3454 2197 3509 hominis
2224 3462 2309 3509 est
2341 3454 2496 3509 sedes
2526 3453 2729 3507 erroris
2758 3459 2811 3505 et
2838 3451 3091 3504 vitiorum
3116 3463 3239 3503 cum
3266 3463 3295 3500 a
3326 3448 3441 3501 dia.

1841 3550 1966 3605 bolo
2004 3549 2309 3618 possidetur
2348 3564 2363 3603 :
2408 3558 2464 3604 et
2492 3550 2668 3620 ipsum
2698 3547 2933 3603 efﬁcitur
2970 3544 3339 3602 habitaculum
3378 3544 3441 3597 ﬁ-

1843 3645 1950 3710 dei,
1984 3645 2098 3715 spei
2134 3654 2187 3699 et
2228 3645 2512 3699 charitatis
2546 3660 2669 3698 cum
2709 3660 2739 3698 a
2781 3643 2997 3700 Christo
3034 3642 3342 3698 defenditur
3384 3650 3440 3696 et

1842 3738 2161 3793 illustratur.
2190 3738 2341 3793 Sicut
2364 3738 2508 3793 enim
2546 3740 2804 3808 scriptum
2826 3747 2910 3793 est
2934 3757 2945 3791 ε
2976 3736 3054 3791 De
3073 3736 3227 3789 corde
3248 3742 3437 3789 exeunt

1843 3830 2180 3899 cogitationes
2202 3829 2379 3895 malas,
2403 3828 2681 3893 adulteria,
2710 3829 3106 3898 fornicationes,
3131 3825 3433 3881 homicidia.

1841 3920 1911 3975 Et
1939 3938 1951 3974 :
1980 3919 2176 3991 Diliges
2204 3920 2488 3974 Dominum
2510 3920 2679 3974 Deum
2702 3930 2848 3973 tuum
2869 3936 2933 3972 ea:
2964 3928 3068 3972 toto
3092 3918 3265 3971 corde.
3294 3917 3439 3971 Bene

1841 4028 1971 4085 ergo
1998 4014 2051 4067 in
2084 4015 2553 4070 abrenuntiatione
2577 4014 2775 4070 diaboli
2801 4022 3074 4083 unguntur
3101 4013 3265 4067 corda
3294 4020 3439 4066 cate-

1841 4107 2230 4161 chumenorum
2250 4146 2265 4171 ,
2293 4114 2355 4160 ut
2380 4107 2599 4161 recedat
2625 4106 2690 4161 ab
2718 4105 2797 4160 eis
2824 4121 2945 4159 cum
2981 4104 3232 4159 omnibus
3261 4103 3437 4173 operi-

1840 4196 1940 4251 bus
1966 4205 2019 4252 et
2051 4198 2260 4268 pompis
2287 4199 2421 4269 ejus.

2457 4289 2685 4347 CAPUT
2723 4290 2806 4344 lll.

1840 4382 1919 4437 De
1952 4382 2404 4437 abrenuntiatione
2440 4381 2657 4437 Satanae
2691 4396 2710 4435 :
2750 4380 2826 4436 vel
2852 4396 2971 4451 qua:
2999 4380 3102 4433 sint
3131 4394 3286 4449 opera
3314 4377 3432 4448 ejus

2483 4464 2531 4508 et
2556 4470 2774 4525 pompaz.

1912 4546 2325 4603 Abrenuntiatio
2351 4555 2435 4603 est
2471 4547 2737 4602 abdicatio
2766 4553 2820 4601 et
2848 4543 3167 4614 repudiatio.
3211 4542 3278 4596 Et
3307 4556 3429 4596 cum

128 4607 471 4702 ctiﬁcantnr,
521 4637 639 4692 sine
679 4651 787 4706 quo
832 4607 966 4693 ﬁdevs
1012 4607 1076 4693 ad
1118 4639 1356 4694 animum
1406 4607 1510 4693 ndn
1558 4646 1737 4710 potest
1766 4607 1816 4667 υ
1840 4640 2111 4695 dicimus:
2146 4639 2498 4695 Abrenuntias
2535 4638 2793 4694 Satanw?
2828 4637 2957 4707 quid
2993 4635 3137 4689 aliud
3177 4634 3426 4697 dicimus,

130 4732 447 4802 pervenire.
481 4730 772 4787 Sciendum
792 4739 973 4787 tamen
1000 4734 1143 4802 quod
1172 4734 1236 4789 de
1263 4734 1365 4787 hac
1391 4749 1448 4787 re
1482 4733 1535 4786 in
1560 4733 1736 4787 diver-

132 4827 205 4880 sis
243 4825 569 4896 regionibus
605 4824 850 4879 diversus
897 4833 1143 4880 teneatur
1175 4841 1322 4879 usus.
1364 4825 1469 4879 Alii
1504 4840 1737 4894 namque

131 4917 249 4972 oleo
279 4924 477 4973 sancto
502 4924 728 4987 tangunt
746 4917 1257 4972 catechumenorum
1284 4931 1442 4970 aures
1462 4925 1518 4971 et
1540 4932 1731 4981 nares;

130 5011 219 5066 alii
250 5025 393 5067 vero
426 5018 616 5081 sputo;
650 5010 740 5065 alii
766 5011 969 5079 absque
999 5019 1157 5081 sputo
1181 5018 1237 5064 et
1271 5009 1416 5073 oleo;
1451 5009 1539 5063 alii
1569 5010 1733 5063 etiam

130 5120 190 5159 os
230 5112 472 5175 tangunt
513 5104 652 5168 oleo,
700 5103 768 5157 ad
814 5103 1118 5173 exemplum
1163 5103 1521 5157 Dominicum.
1579 5101 1730 5156 Unde

126 5199 403 5269 scriptum
440 5205 524 5251 est
557 5197 611 5250 in
640 5195 930 5265 Evangelio
959 5196 1024 5251 de
1068 5194 1231 5249 surdo
1271 5203 1326 5249 et
1364 5204 1512 5247 muto
1541 5211 1553 5246 :
1586 5191 1731 5246 Misit

125 5293 329 5363 digios
370 5308 493 5345 suos
533 5293 589 5346 in
631 5290 898 5345 auriculas
935 5291 1071 5361 ejus.
1114 5290 1219 5345 Sed
1263 5290 1375 5345 sive
1414 5297 1559 5344 tactu
1609 5288 1733 5354 olei,

124 5386 246 5439 sive
274 5385 459 5449 aliter,
504 5384 625 5439 ideo
663 5382 1071 5437 sanctiﬁcantur
1099 5396 1289 5445 aures,
1320 5388 1379 5435 ut
1418 5379 1627 5434 venturi
1668 5378 1736 5433 ad

124 5478 471 5546 baptismum
499 5477 567 5532 ab
602 5476 749 5531 omni
785 5476 929 5530 malo
970 5484 1022 5529 et
1052 5476 1195 5545 turpi
1225 5475 1389 5529 verbo
1417 5489 1575 5528 aures
1610 5489 1736 5529 suas

122 5568 453 5640 impollutas
480 5568 805 5635 custodiant,
833 5568 971 5623 sicut
996 5568 1256 5637 scriptum
1278 5574 1361 5621 est
1392 5584 1404 5619 :
1437 5564 1557 5635 Sepi
1582 5581 1734 5618 aures

120 5679 261 5716 suas
310 5663 503 5733 spinis,
552 5670 600 5716 et
632 5661 739 5715 noli
777 5662 961 5715 audire
1001 5660 1233 5731 linguam
1275 5674 1494 5729 nequam
1541 5656 1730 5728 (Eccli.

120 5772 338 5820 xxvul,
366 5755 480 5827 28).
513 5756 582 5811 Et
607 5773 795 5811 rursus
831 5775 844 5810 :
880 5755 963 5809 Da
994 5756 1049 5808 in
1079 5752 1410 5823 disciplinam
1445 5769 1535 5807 cor
1561 5760 1729 5817 tuum,

198 5876 231 5909 ι
268 5866 470 5925 Confer
495 5866 647 5925 Iesse
676 5867 928 5925 Ambian.
959 5866 1264 5937 epistolam.

1837 4733 1963 4799 nisi,
1993 4734 2225 4789 Resistis
2261 4734 2512 4789 diabolo?
2542 4734 2681 4788 sicut
2717 4729 3006 4800 Apostolus
3034 4728 3110 4781 ait
3141 4745 3153 4782 :
3186 4725 3429 4781 Resistite

1837 4827 2045 4881 diabolo
2092 4837 2140 4881 et
2180 4828 2343 4897 fugiet
2389 4844 2421 4880 a
2472 4826 2639 4888 vobis,
2692 4833 2752 4877 ut
2797 4829 3089 4892 sequatur;
3137 4820 3432 4891 Appropin-

1837 4928 1991 4989 quate
2021 4918 2130 4973 Deo
2150 4959 2165 4985 ,
2198 4928 2246 4972 et
2283 4917 2717 4990 appropinquabit
2748 4914 2906 4969 vobis.
2936 4912 3317 4968 Resistendum
3347 4920 3431 4964 est

1840 5018 2019 5064 autem
2042 5009 2274 5075 diabolo,
2299 5008 2599 5077 spernenda
2626 5013 2749 5061 sunt
2770 5020 2932 5075 opera
2958 5001 3094 5071 ejus,
3117 5001 3431 5057 ahdicanda:

1842 5118 2068 5172 pompae,
2098 5112 2159 5157 ut
2183 5118 2289 5157 non
2319 5101 2557 5156 inveniat
2599 5101 2740 5154 unde
2776 5098 3081 5154 dominetur
3120 5096 3297 5160 nobis,
3335 5095 3429 5149 sed

1843 5198 2158 5252 excludatur
2185 5197 2250 5251 de
2276 5195 2530 5251 cordibus
2558 5194 3090 5255 catechumenorum,
3121 5199 3180 5244 ut
3205 5189 3429 5243 munde-

1840 5297 1929 5342 tur
1956 5289 2149 5343 domus
2175 5289 2548 5353 conscientim;
2582 5286 2871 5340 mundetur
2900 5292 3077 5337 autem
3108 5282 3331 5344 domus,
3371 5288 3429 5332 ut

1837 5380 2087 5437 Christus
2130 5381 2390 5435 introiens
2429 5396 2580 5445 eam,
2621 5378 2873 5434 mundam
2918 5377 3175 5431 inveniat.
3220 5374 3276 5428 lu
3323 5373 3425 5427 hac

1836 5475 2170 5545 professione
2193 5472 2700 5536 abrenuntiationis,
2725 5485 2831 5524 non
2854 5469 3165 5523 hominibus
3192 5466 3285 5520 sed
3313 5464 3425 5516 Deo

1835 5574 1890 5622 et
1921 5566 2126 5637 angelis
2159 5563 2275 5632 ejus
2301 5562 2771 5619 conscribentibus
2809 5560 3006 5616 dicitur
3034 5574 3049 5613 :
3078 5556 3420 5611 Abrenuntio.

1833 5657 2334 5713 Abrenuntiandum
2365 5664 2446 5710 est
2487 5671 2595 5710 non
2637 5654 2810 5710 solum
2848 5652 3098 5717 vocibus,
3131 5650 3225 5703 sed
3254 5647 3418 5702 etiam

1833 5749 2093 5811 moribus,
2124 5763 2232 5803 non
2263 5755 2470 5802 tantum
2499 5761 2632 5802 sono
2657 5744 2879 5815 linguae,
2911 5740 3005 5797 sed
3028 5750 3083 5795 et
3112 5746 3237 5793 actu
3268 5738 3396 5794 vitae
