4012 6364
553 280 658 395 ssc
1586 311 1913 373 meum
1953 305 2438 367 Lueuuusnsrs
2470 300 2783 362 nrtsoort
3730 308 3826 369 ω,

551 454 848 522 Postquam
872 455 1055 503 autem
1083 446 1249 501 homo
1277 435 1638 499 renuntiando
1674 432 1889 490 diabolo
1917 430 2149 486 exclusit
2173 436 2227 493 Α
2249 440 2417 481 unum
2438 424 2611 522 Deum
2639 420 2988 522 invisibilem,
3015 422 3181 522 unius
3482 430 3542 479 et
3563 426 3834 496 potentatu

552 513 849 621 pessiinum
877 543 1218 606 tumorem,
1245 535 1554 593 introducat
1580 530 1845 603 optimum
1868 538 2150 599 possesso-
2252 515 2794 621 acremritemimis
2824 532 2839 569 =
2869 513 2949 569 λι
2977 523 3069 621 es
3089 514 3317 621 singulis
3338 517 3832 621 bimaremque-

552 610 691 697 }em.
2054 691 2058 694 Q
2246 615 2481 689 prietate
2511 620 2757 681 servata,
2787 627 2891 669 nec
2924 611 3355 668 substantialiter
3381 610 3625 671 Trinitas
3662 614 3831 687 dividi,

631 728 822 786 9‘:th
849 731 1033 783 autem
1061 725 1205 780 inter
1227 732 1393 793 opera
1427 727 1482 776 et
1523 726 1769 791 pompas.
1802 714 1980 786 Opera
2004 712 2149 768 enim
2250 722 2352 766 nec
2398 707 2762 781 personaliter
2797 707 2994 793 debeat
3042 706 3268 762 ontnino
3310 704 3588 765 «nfundi.
3631 709 3831 769 Patrem

554 821 756 881 diaboli
801 824 927 876 sunt
968 817 1106 873 ritas
1136 791 1399 886 profanus
1432 813 1527 883 qui
1563 810 1720 866 idolis
1757 807 2146 872 exhibebatur;
2252 816 2466 880 Quoque
2493 805 2741 863 conﬁteri
2768 791 3099 877 ingenitum,
3134 800 3334 858 Filium
3369 804 3649 877 genitum,-
3679 804 3831 879 Spiri-

556 917 750 976 deinde’
786 904 1170 978 homicidium,
1210 910 1450 976 furtum,
1485 909 1707 980 rapina,
1736 902 1917 971 fraus,
1964 903 2150 976 ρει-ᾔει·-
2252 910 2367 958 tum
2397 908 2577 957 autem
2601 904 2853 956 sanctum
2880 911 2984 953 nec
3009 896 3250 968 genitum
3279 911 3384 954 nec
3406 898 3727 971 ingenitum,
3748 901 3830 958 sed

554 1012 735 1077 rium,-
762 1007 1117 1072 adulterium,
1144 1003 1475 1069 inimicitiae,
1500 1000 1813 1065 discordiae,
1843 997 1969 1064 irae,
1994 998 2149 1063 rixae,
2251 1011 2320 1053 ex
2346 995 2510 1052 Patre
2537 1000 2594 1050 et
2624 993 2764 1050 Filio
2800 993 3207 1065 procedentem.
3246 990 3445 1048 Filium
3484 1006 3516 1046 a
3556 990 3720 1050 Patre
3750 1002 3829 1050 na-

558 1102 943 1168 dissensiones,
970 1107 1026 1156 et
1051 1107 1248 1155 cetera
1277 1095 1603 1167 huiusmodi.
1636 1092 1719 1149 Ad
1747 1104 1998 1165 pompam
2020 1102 2152 1145 vero
2252 1093 2455 1149 scendo
2502 1089 2797 1162 procedere
2815 1130 2830 1156 ,
2880 1086 3145 1159 Spiritum
3191 1098 3325 1143 vero
3368 1090 3621 1143 sanctum
3670 1103 3832 1159 proce-

556 1193 757 1251 diaboli
785 1194 1060 1267 pertinent
1085 1190 1426 1263 spectacula,
1459 1188 1649 1244 insana
1684 1185 1911 1258 gaudia,
1942 1185 2155 1239 invere—
2253 1184 2431 1242 dendo
2469 1197 2578 1239 non
2606 1182 2779 1239 nasci.
2818 1179 2999 1253 Ipsum
3040 1182 3259 1251 quoque
3301 1176 3501 1235 Filium
3534 1192 3606 1235 ex
3645 1178 3831 1252 Virgine

556 1286 766 1345 eundus
804 1285 975 1356 lepor,
1008 1284 1284 1355 variaque
1321 1289 1505 1353 pestes
1546 1276 1830 1335 lividorum
1876 1290 2149 1333 sensuum.
2254 1280 2372 1335 sine
2397 1284 2624 1350 peccato
2641 1275 2920 1333 hominem
2944 1273 3269 1346 suscepisse,
3292 1279 3357 1329 ut
3378 1289 3542 1346 quem
3564 1273 3677 1330 sola
3700 1274 3831 1331 boni-

558 1376 653 1436 Sic
678 1378 823 1434 enim
853 1377 1103 1448 antiquos
1130 1376 1320 1431 Patres
1353 1374 1606 1429 novimus
1632 1371 1956 1444 praedicasse
1984 1366 2156 1423 ﬁdeli-
2254 1380 2366 1428 tate
2394 1376 2695 1437 creaverat,
2722 1376 2914 1440 sponte
2940 1366 3150 1439 lapsura
3177 1365 3609 1423 misericorditer
3632 1372 3829 1439 repara-

555 1471 659 1526 bus
688 1468 755 1525 de
777 1469 991 1540 pompis
1019 1466 1219 1523 diaboli
1250 1462 1521 1538 fugiendis
1555 1480 1568 1517 :
1600 1481 1619 1514 ι
1652 1461 1909 1518 Diabolus
1937 1468 2153 1533 specta-
2257 1472 2359 1521 ret.
2397 1452 2568 1531 Quem
2591 1462 2863 1520 veraciter
2890 1461 3211 1518 cruciﬁxum
3233 1501 3249 1527 ,
3280 1458 3336 1516 et
3362 1460 3527 1516 tertia
3567 1461 3653 1517 die
3675 1474 3831 1517 resur-

556 1560 801 1616 culorum
825 1560 1113 1627 insaniam,
1139 1558 1443 1614 studiorum
1467 1570 1528 1613 ac
1552 1556 1791 1627 turpitrm
1819 1555 2155 1625 voluptatum
2258 1558 2493 1625 rexisse,
2525 1562 2580 1614 et
2604 1572 2729 1613 cum
2757 1555 2949 1613 eadem
2984 1554 3101 1628 ipsa
3140 1568 3306 1611 carne
3341 1552 3647 1628 gloriﬁcata
3672 1564 3833 1612 ascen-

555 1653 914 1726 muscipulam
940 1664 1112 1726 quare
1135 1650 1431 1723 proponit?
1454 1649 1560 1705 nisi
1588 1655 1649 1703 ut
1678 1648 1763 1703 his
1788 1645 2159 1704 delectationi-
2257 1651 2404 1708 disse
2428 1651 2496 1707 ad
2521 1650 2719 1708 caelum
2745 1647 3035 1704 credimus.
3056 1644 3134 1702 ἰη
3163 1663 3270 1719 qua
3309 1661 3477 1704 carne
3507 1646 3577 1703 ad
3598 1645 3831 1718 iudicium

554 1744 659 1804 bus
686 1747 894 1820 capiat;
935 1760 1072 1819 quos
1097 1746 1376 1803 amiserat.
1405 1743 1615 1816 Fugite,
1645 1741 2002 1808 dilectissimi,
2037 1754 2157 1811 spe-
2257 1746 2505 1801 vivorum
2528 1750 2583 1799 et
2603 1747 2943 1798 mortuorum
2962 1748 3313 1813 exspectatur
3332 1746 3619 1796 venturus.
3633 1738 3833 1813 thnod

556 1838 765 1895 ctacula
790 1881 805 1906 ,
855 1839 1024 1912 fugite
1059 1854 1255 1896 caveas
1300 1836 1643 1909 turpissimae
1685 1833 1883 1891 diaboli
1902 1876 1917 1901 ,
1960 1846 2031 1889 ne
2060 1848 2158 1889 vos
2186 1822 2235 1896 Β
2264 1838 2320 1895 in
2345 1836 2527 1895 divina
2553 1838 2901 1908 humanaque
2923 1833 3227 1891 substantia
3254 1842 3419 1890 unam
3447 1830 3655 1891 Christi
3680 1844 3831 1907 gesta-

556 1931 773 1987 vincula
798 1936 1020 1988 teneant
1046 1931 1289 2004 maligni.
1324 1931 1551 1986 Amator
1579 1936 1663 1985 est
1693 1927 1963 2000 quispiam
1993 1924 2157 1983 circi?
2258 1933 2399 1989 verit
2424 1942 2715 2005 personam
2744 1948 2756 1985 :
2783 1942 2949 2002 quam
2975 1932 3083 1984 non
3108 1927 3405 2001 geminavit
3421 1925 3705 2001 utriusque
3728 1929 3833 1985 sub-

559 2024 701 2093 Quid
728 2025 963 2083 delectat
980 2027 1128 2083 circo
1146 2026 1365 2099 aurigas
1390 2024 1577 2082 videre
1602 2019 2157 2094 certantesipopnlos
2258 2022 2473 2079 stantia:
2523 2019 2867 2094 integritate,
2921 2018 3063 2076 sicut
3107 2030 3217 2076 non
3262 2012 3552 2077 confundit
3592 2017 3833 2093 geminam

556 2116 750 2174 insana
774 2116 918 2175 furia
945 2118 1306 2176 anhelantes?
1334 2117 1629 2191 quemlibet
1645 2113 2042 2189 praecedentem
2065 2114 2157 2169 ad-
2259 2116 2622 2173 suhstantiam
2651 2128 2900 2186 persona:
2927 2114 3158 2170 unitate.

559 2210 788 2268 versarii
818 2212 903 2269 sui
929 2226 1129 2284 equum
1155 2211 1530 2284 frangentem?
1559 2208 1669 2266 Ista
1696 2215 1782 2265 est
1807 2208 1985 2265 omnis
2014 2206 2158 2264 dele-
2330 2204 2461 2266 Post
2493 2209 2923 2267 incarnationem
2965 2213 3023 2266 et
3054 2209 3367 2281 passionem
3412 2214 3581 2283 atque
3615 2220 3833 2267 resurre-

556 2309 744 2375 ctatio,
777 2306 1031 2365 clamare.
1064 2307 1202 2377 Quia
1226 2307 1360 2364 vicit
1387 2307 1443 2363 in
1467 2304 1717 2362 theatris.
1744 2303 1922 2361 Labes
1939 2316 2157 2360 morum
2259 2304 2495 2360 ctionem
2522 2303 2757 2374 Christi,
2787 2305 3051 2377 sequitur,
3085 2305 3142 2361 in
3170 2302 3433 2381 Symbolo
3465 2307 3832 2365 commendatio

555 2410 640 2460 est
666 2401 877 2458 discere
910 2403 1120 2473 turpia,
1156 2400 1346 2458 audire
1388 2397 1695 2455 inhonesta.
1729 2395 1943 2454 Chorus
1979 2395 2069 2453 ille
2102 2402 2159 2454 et
2260 2405 2458 2453 sanctis
2502 2394 2759 2453 Ecclesia
2800 2395 3092 2453 catholicae.
3144 2395 3283 2465 Quia
3333 2397 3729 2455 demonstratus
3767 2404 3831 2455 est

558 2496 739 2551 cantio
770 2496 1091 2567 pantomimi
1132 2490 1289 2552 illicit
1319 2494 1593 2562 auditum,
1635 2490 1729 2549 sed
1767 2498 2042 2565 eXpugnat
2070 2502 2157 2547 sa-
2258 2490 2423 2557 Deus,
2456 2488 2862 2547 demonstretur
2888 2497 2944 2547 et
2971 2488 3234 2563 templum
3261 2490 3455 2563 ipsius,
3482 2490 3635 2564 quod
3655 2500 3731 2548 est
3753 2490 3832 2548 Ec-

557 2603 688 2644 num
718 2586 992 2645 aﬂbctum.
1031 2609 1051 2642 ι
1084 2589 1304 2660 Pompa:
1332 2582 1532 2644 diaboli
1556 2590 1681 2643 sunt
1711 2598 1936 2656 quaeque
1970 2582 2158 2641 illicita
2261 2582 2456 2651 clesia,
2492 2590 2711 2651 sancta,
2743 2594 2885 2650 una,
2916 2592 3078 2651 vera,
3118 2580 3417 2652 catholica,
3459 2592 3652 2641 contra
3680 2594 3835 2639 omnes

556 2680 821 2738 desideria
851 2696 971 2753 quae
1016 2688 1238 2754 turpant
1256 2723 1271 2749 ,
1302 2694 1413 2737 non
1442 2696 1562 2752 quae
1590 2688 1857 2737 exornant
1884 2679 2153 2748 animam;
2261 2676 2499 2734 haereses
2525 2690 2793 2750 pugnans,
2818 2682 3095 2749 nunquam
3115 2677 3445 2751 e’xpt‘ignata.
3479 2674 3724 2734 Hareses
3743 2687 3834 2732 om-

557 2781 617 2828 ut
640 2781 768 2829 sunt
793 2774 1064 2830 desideria
1092 2775 1306 2839 carnis,
1335 2772 1604 2829 desideria
1644 2771 1953 2839 oculorum,
1984 2770 2159 2826 ambi-
2260 2781 2360 2826 nes
2402 2770 2468 2826 de
2502 2768 2595 2825 illa
2631 2764 2910 2838 exierunt,
2949 2770 3208 2843 tanquam
3248 2774 3529 2828 sarmenta
3561 2770 3760 2827 inutilia
3784 2769 3835 2826 de

555 2864 732 2921 tiones
777 2865 979 2922 saeculi.
1004 2865 1089 2923 Ad
1125 2866 1615 2939 concupiscentiam
1645 2868 1823 2923 carnis
1859 2867 2154 2938 pertinent,
2258 2859 2371 2918 vite
2411 2861 2641 2934 praecisa
2689 2880 2702 2916 :
2752 2862 2871 2935 ipsa
2916 2872 3097 2920 autem
3138 2866 3321 2920 manet
3355 2865 3411 2919 in
3453 2860 3641 2921 radice
3667 2876 3765 2929 sua,
3792 2862 3837 2919 in

555 2955 844 3026 illecebrae,
875 2958 1211 3032 voluptates;
1236 2956 1303 3017 ad
1332 2961 1826 3033 concupiscentiam
1849 2960 2154 3031 oculorum,
2260 2952 2371 3010 vite
2401 2968 2521 3022 sua,
2548 2955 2605 3011 in
2626 2954 2894 3013 charitate
2918 2970 3036 3024 sua,
3060 2964 3116 3013 et
3141 2964 3311 3028 portae
3335 2952 3497 3014 inferi
3524 2966 3635 3016 non
3654 2957 3840 3015 vincent

557 3051 841 3123 nugacitas
870 3053 1337 3123 spectaculorum;
1375 3055 1445 3111 ad
1473 3055 1823 3113 ambitionem
1852 3056 2035 3113 saeuuli
2075 3056 2159 3111 in-
2260 3058 2400 3103 eam-

559 3154 694 3198 sana
726 3143 979 3214 superbia
1012 3164 1025 3200 :
1061 3144 1151 3201 ubi
1177 3154 1262 3203 est
1286 3142 1464 3204 fumus
1494 3147 1741 3216 inﬂatus,
1766 3153 1828 3205 ut
1863 3149 2028 3205 homo
2054 3167 2155 3223 ρο·
2194 3198 2232 3223 ι
2331 3138 2617 3199 Credimus
2650 3140 3009 3198 remissionem
3052 3148 3407 3215 peccatorum.
3460 3140 3592 3200 Sine
3627 3141 3729 3200 ista
3751 3140 3843 3201 ﬁde

557 3232 697 3290 situs
724 3234 778 3289 in
792 3198 983 3306 ‘aliqua
1012 3242 1302 3308 petestate,
1327 3240 1602 3296 hominem
1624 3257 1683 3298 se
1706 3198 1827 3298 esse
1855 3257 1965 3298 non
1992 3198 2159 3316 aglno-
2186 3198 2233 3280 δ
2262 3236 2309 3294 si
2338 3235 2461 3308 quis
2486 3235 2557 3291 ad
2579 3234 2909 3308 baptismum
2937 3198 3164 3304 accedit,
3191 3235 3307 3308 ipse
3347 3245 3529 3293 centra
3560 3240 3618 3293 se
3634 3236 3845 3307 ianuam

559 3333 696 3394 seat,
729 3343 854 3383 cum
879 3329 944 3385 de
975 3329 1191 3387 homine
1217 3330 1444 3405 iudicat.
1486 3331 1588 3402 Qui
1618 3333 1734 3389 vult
1775 3340 1903 3406 ergo
1938 3333 2159 3392 vincere
2262 3329 2611 3403 indulgentia:
2637 3328 2859 3386 claudit.
2890 3328 3084 3385 Omnia
3105 3338 3334 3400 prorsus
3361 3326 3544 3386 delicta
3564 3326 3841 3385 delctsan-

452 3474 461 3487 κ
558 3417 665 3473 tria
718 3417 842 3486 ista,
884 3419 1069 3477 vincat
1108 3430 1228 3493 quae
1271 3428 1398 3480 sunt
1433 3424 1490 3480 in
1532 3424 1735 3483 mundo
1771 3442 1787 3480 :
1818 3429 1873 3482 et
1909 3443 2007 3498 per
2042 3427 2160 3484 haec
2262 3426 2410 3478 ctum
2440 3422 2713 3494 baptisma
2738 3428 2795 3477 et
2821 3420 3107 3493 originalia
3135 3424 3191 3477 et
3224 3423 3472 3495 propria,
3502 3421 3675 3488 facta,
3703 3420 3842 3493 cogi-

526 3508 707 3573 ,illum
734 3511 903 3569 vincit
934 3515 1131 3583 etiam,
1161 3516 1255 3588 qui
1290 3514 1570 3576 suadendo
1597 3534 1696 3592 per
1725 3518 2036 3589 superbiam
2066 3518 2159 3576 de-
2261 3525 2396 3583 tata,
2426 3518 2664 3590 cegnita,
2695 3516 2991 3589 incognita,
3020 3517 3202 3572 omnia
3233 3517 3602 3573 dimittuntur.
3638 3514 3847 3573 Innovat

560 3602 703 3675 c‘91)it
736 3598 1014 3663 ωπΠᾶίῐΐη-
2260 3610 2537 3667 hominem
2579 3611 2672 3683 qui
2720 3608 2853 3667 fecit
2890 3611 3102 3677 omnia;
3140 3611 3306 3666 donat
3355 3610 3591 3679 delicta,
3624 3610 3714 3683 qui
3750 3625 3845 3665 non

1112 3694 1155 3757 C
1176 3698 1221 3756 Α
1242 3694 1284 3757 Ρ
1305 3698 1351 3759 U
1375 3698 1419 3759 T
1493 3702 1601 3761 IV.
2259 3706 2459 3777 quaerit
2494 3704 2718 3773 merita;
2757 3704 3019 3776 praevenit
3052 3706 3228 3777 gratia
3268 3704 3435 3760 etiam
3475 3706 3650 3777 ipsam
3686 3704 3841 3760 infan-

1160 3790 1241 3850 De
1266 3792 1531 3867 ngbolo.
2259 3798 2428 3867 tiam,
2476 3804 2538 3853 ut
2584 3796 2694 3853 sint
2735 3795 2892 3852 liberi
2940 3810 3041 3868 per
3076 3794 3382 3863 Christum,
3408 3793 3503 3868 qui
3542 3794 3599 3852 in
3633 3790 3789 3853 Adam
3812 3808 3838 3851 ι

632 3878 951 3953 Symbolum
979 3880 1196 3956 Graece,
1227 3885 1421 3949 Latine
1444 3904 1574 3946 vero
1605 3889 1993 3964 interpretatur
2020 3890 2160 3950 indi-
2260 3889 2475 3949 diabolo
2498 3891 2825 3948 tenebantur
2854 3896 2980 3949 ante
3018 3890 3235 3963 captivi.
3266 3890 3500 3964 Propter
3525 3892 3706 3948 omnia
3733 3907 3836 3965 pec-

560 3976 735 4045 cium,
771 3976 861 4033 vel
882 3970 1128 4050 collatio;
1178 3978 1284 4039 hoc
1326 3990 1443 4051 est,
1479 3980 1637 4053 Quod
1670 3984 1856 4058 plures
1895 3986 1952 4042 in
1989 4004 2158 4044 unum
2260 3994 2383 4044 cata
2406 3987 2708 4058 baptismus
2735 3986 2986 4042 inventus
3008 3993 3112 4042 est.
3144 3985 3377 4060 Propter
3403 3986 3571 4054 levia,
3604 3986 3715 4043 sine
3736 3986 3836 4058 qni-

559 4070 864 4130 conferunt.
896 4074 954 4131 ld
981 4077 1125 4134 enim
1154 4074 1401 4134 fecerunt
1424 4079 1653 4151 apostoli
1680 4080 1736 4135 in
1771 4080 1857 4137 his
1890 4082 2156 4139 sermoni-
2258 4080 2362 4135 bus
2388 4094 2507 4134 esse
2535 4094 2643 4134 non
2673 4093 2982 4149 possumus,
3004 4077 3193 4135 Oratio
3215 4079 3487 4137 dominica
3512 4080 3724 4136 inventa
3743 4086 3827 4135 est.

557 4163 680 4231 bus,
720 4165 776 4221 in
809 4182 978 4222 unum
1014 4168 1342 4226 conferendo
1369 4170 1743 4244 unusquisque
1781 4174 1927 4245 quod
1965 4174 2153 4232 sensit.
2261 4168 2440 4226 Semel
2470 4170 2742 4226 abluimur
2766 4171 3111 4241 baptismate,
3141 4172 3383 4244 quotidie
3418 4172 3692 4230 abluimur
3726 4187 3832 4228 ora-

556 4254 821 4313 lndicium
848 4266 1033 4316 autem
1059 4259 1146 4317 vel
1175 4260 1389 4332 signum
1426 4254 1631 4319 idcirco
1677 4264 1895 4332 dicitur,
1937 4267 2064 4337 quia
2103 4268 2158 4323 in
2261 4261 2426 4317 tione.
2457 4260 2688 4332 Propter
2713 4261 2921 4318 scelera
2947 4270 3150 4329 autem,
3174 4270 3269 4318 aut
3290 4263 3473 4335 aliqua
3500 4263 3649 4321 facta
3673 4265 3838 4321 imma-

556 4347 659 4405 illo
674 4356 917 4422 tempore
942 4351 1096 4409 multi
1119 4354 1450 4411 simulabant
1475 4371 1533 4413 se
1552 4362 1673 4414 esSe
1702 4357 1975 4429 apostolos
1999 4356 2159 4416 Chri-
2257 4358 2372 4424 nia,
2403 4357 2457 4413 id
2484 4364 2572 4414 est
2598 4364 2823 4427 peccata
2845 4356 3168 4424 criminaﬁa,
3200 4358 3409 4430 agenda
3432 4365 3520 4415 est
3541 4357 3840 4431 pauitantia

558 4441 647 4507 sti,
677 4443 1022 4502 nominantes
1046 4446 1267 4516 quidem
1289 4444 1591 4517 Christum,
1616 4449 1711 4505 sed
1739 4466 1848 4506 non
1873 4465 2000 4506 eum
2027 4466 2157 4509 vera
2258 4451 2327 4507 ab
2351 4450 2438 4507 his
2462 4450 2556 4522 qui
2583 4466 2648 4507 ea
2676 4450 3095 4519 commiserunt,
3134 4466 3236 4521 pro
3265 4451 3464 4522 quibus
3504 4466 3720 4510 necesse
3744 4460 3842 4518 est,

561 4532 669 4591 ﬁde
699 4537 1032 4596 nuntiantes.
1064 4534 1271 4598 Idcirco
1298 4549 1596 4613 posuerunt
1634 4542 1937 4615 symbolum
1960 4582 1977 4609 ,
2018 4542 2157 4599 indi-
2185 4582 2236 4621 ἦ
2258 4552 2322 4601 ut
2345 4561 2377 4601 a
2406 4544 2612 4602 Christi
2649 4561 2878 4617 corpore
2917 4556 3256 4619 separentur.
3296 4548 3442 4621 Ergo
3474 4550 3651 4606 tribus
3680 4550 3846 4606 modis

557 4624 701 4681 cium
739 4642 840 4699 per
881 4628 1023 4701 quod
1060 4595 1444 4703 agnosceretur
1479 4634 1527 4691 is
1575 4595 1683 4704 qui
1713 4595 1993 4690 Christum
2029 4649 2159 4693 vere
2181 4595 2237 4660 Β
2261 4637 2607 4694 dimittuntur
2638 4595 2863 4710 peccata
2905 4595 3233 4697 inrecclesia
3268 4660 3281 4694 :
3318 4595 3769 4713 invbaptisnlate,
3798 4641 3847 4695 in

558 4718 856 4774 secundum
887 4723 1211 4791 apostolicas
1236 4725 1453 4797 regulas
1475 4726 1820 4796 praedicaret.
1853 4726 2158 4786 Discessuri
2261 4730 2535 4797 oratione,
2578 4732 2633 4786 in
2678 4732 2983 4789 humilitate
3017 4733 3224 4805 majore
3260 4734 3614 4805 ptenitentite.
3654 4733 3846 4791 Tamen

559 4808 704 4889 enim
735 4812 965 4883 apostoli
1007 4814 1074 4870 ad
1120 4816 1600 4889 evangelizandum
1638 4817 1695 4871 in
1734 4816 2017 4889 gentibus,
2053 4820 2159 4876 hoc
2263 4824 2407 4880 Deus
2430 4840 2540 4880 non
2568 4825 2790 4891 dimittit
2811 4834 3058 4897 peccata,
3092 4828 3200 4884 nisi
3222 4827 3535 4898 baptizatis.

560 4899 664 4956 sibi
707 4903 1108 4973 praedicationis
1148 4906 1363 4978 signum
1407 4906 1493 4962 vel
1541 4905 1803 4963 indicium
1838 4917 2155 4979 posuerunt.
2333 4915 2619 4974 Credimus
2656 4919 2824 4974 etiam
2870 4921 3304 4977 resurrectionem
3333 4923 3545 4986 carnis;
3574 4936 3692 4992 quin
3718 4936 3850 4992 pra-

561 4994 813 5054 Continet
838 5006 1020 5054 autem
1055 4998 1446 5057 confessionem
1488 5002 1771 5058 Trinitatis
1800 5012 1857 5059 et
1891 5006 2157 5064 unitatem
2263 5008 2427 5064 cessit
2453 5009 2509 5064 in
2533 5008 2786 5077 Christo,
2813 5019 2874 5065 ut
2898 5011 3003 5067 hoc
3038 5011 3203 5068 etiam
3243 5020 3425 5082 speret
3456 5027 3681 5084 corpus,
3710 5014 3853 5083 mod

559 5088 816 5151 Ecclesiae
836 5131 852 5157 ,
890 5100 948 5148 et
982 5108 1198 5149 omnem
1236 5093 1530 5150 Christiani
1566 5095 1836 5167 dogmatis
1865 5098 2157 5156 confessio-
2262 5100 2543 5170 praseessit
2566 5100 2623 5156 in
2647 5100 2845 5171 capite.
2870 5100 3059 5158 Omnis
3086 5118 3211 5173 spes
3238 5100 3364 5157 ﬁdei
3390 5111 3588 5159 nostra:
3616 5103 3733 5158 haec
3750 5112 3853 5168 est,

562 5196 708 5237 nem.
741 5181 892 5248 Quod
928 5184 1230 5254 symbolum
1268 5184 1394 5242 ﬁdei
1423 5195 1622 5244 nostra:
1662 5205 1773 5245 non
1818 5190 2157 5261 reliquerunt
2263 5194 2519 5267 quoniam
2548 5193 3016 5249 resuscitabimur.
3057 5193 3363 5265 Resurgent
3395 5196 3550 5263 boni,
3572 5204 3857 5268 resurgunt

566 5271 792 5340 apostoli
822 5274 1081 5344 scriptum
1110 5283 1413 5333 atramento
1443 5277 1500 5333 in
1527 5278 1716 5335 charta
1736 5320 1753 5348 ,
1792 5281 1889 5337 sed
1916 5282 1972 5337 in
2000 5282 2157 5338 tabu-
2262 5284 2429 5340 mali:
2463 5285 2557 5340 sed
2584 5285 2711 5341 boni
2737 5293 2797 5340 ut
2832 5286 3160 5357 sempiterna
3197 5287 3533 5344 beatitudine
3575 5287 3855 5356 fruantur;

568 5362 635 5417 lis
655 5363 836 5419 cordis
863 5365 1187 5424 carnalibus.
2263 5376 2424 5441 mali,
2452 5383 2512 5431 ut
2537 5385 2800 5447 perpetuo
2837 5378 2960 5449 igne
2985 5379 3301 5449 puniantur.

1193 5458 1421 5518 CAPUT
1461 5464 1524 5520 γ.
2333 5469 2620 5528 Credimus
2644 5473 2803 5526 vitam
2829 5480 3101 5537 wternam,
3127 5472 3183 5527 in
3210 5487 3314 5543 qua
3348 5473 3650 5545 incorrupti
3672 5488 3862 5545 requa»

1136 5551 1213 5608 De
1265 5552 1591 5609 credulitate.
2254 5561 2337 5619 les
2361 5570 2524 5619 erunt
2545 5562 2751 5634 angelis
2777 5562 2902 5629 Dei,
2935 5570 2997 5618 ut
3028 5562 3216 5618 vivant
3241 5579 3366 5619 cum
3395 5565 3530 5637 ipsis
3565 5565 3623 5619 in
3650 5571 3862 5620 aeterna

630 5643 761 5719 Post
787 5646 1138 5718 apostolicum
1159 5650 1462 5724 symbolum
1486 5652 1790 5710 certissima
1815 5652 1967 5717 ﬁdes,
1990 5668 2155 5723 quam
2256 5656 2401 5723 vita,
2449 5656 2506 5711 in
2541 5671 2706 5710 unam
2745 5654 3208 5711 immortalitatem
3242 5672 3309 5711 ac
3343 5657 3733 5729 sempiternam
3765 5671 3863 5729 pa-

561 5737 805 5809 magistri
846 5738 1213 5796 Ecclesiarum
1255 5736 1628 5812 tradiderunt,
1664 5745 1779 5799 haec
1807 5752 1890 5800 est
1926 5744 2152 5813 scilicet,
2258 5748 2441 5814 triam,
2473 5748 2528 5802 in
2554 5763 2659 5818 qua
2683 5747 2859 5819 patria
2886 5748 2997 5803 vita
3022 5756 3209 5803 nostra
3233 5756 3440 5805 aeterna
3462 5749 3578 5820 ipse
3604 5749 3862 5806 Christus

561 5836 628 5888 ut
647 5832 965 5906 proﬁteatur
982 5832 1199 5892 Patrem
1227 5844 1283 5893 et
1308 5836 1507 5894 Filium
1527 5846 1584 5895 et
1612 5837 1873 5912 Spiritum
1903 5845 2153 5896 sanctum
2257 5841 2381 5897 erit.
2414 5838 2554 5907 Quid
2580 5840 2653 5896 sit
2676 5838 2859 5896 autem
2880 5832 3015 5896 illud
3036 5838 3238 5897 bunum
3260 5834 3411 5912 quod
3432 5832 3684 5911 promisit
3707 5824 3861 5899 Deus
