4012 6364
210 423 312 478 861

1249 419 1447 474 LIBER
1489 417 1572 473 DE
1615 413 2080 473 SACRAMENTO
2120 409 2456 474 BAPTISMI.

3371 428 3476 484 862

212 540 426 598 sanctis
470 536 612 601 suis,
655 537 778 606 quis
821 534 1050 604 explicet
1089 533 1306 587 verbis?
1351 532 1584 588 Facilius
1628 541 1808 586 tamen
1835 529 1886 588 Δ
1915 537 2018 592 sto,
2047 547 2143 600 per
2165 533 2336 603 ipsum
2369 534 2722 601 renascimur,
2752 539 2810 589 ut
2837 533 3106 606 ptrriti'cati
3133 535 3486 594 viviﬂcemur.

210 645 513 705 possumus
539 621 742 695 dicere,
770 628 824 682 in
847 627 936 681 illa
963 627 1072 680 vita
1099 634 1300 681 aeterna
1328 627 1456 696 quid
1484 626 1556 680 ibi
1585 642 1690 680 non
1716 625 1806 688 sit,

213 741 385 797 quam
413 722 548 793 quid
569 721 645 777 ibi
676 721 764 775 sit.
797 713 913 775 Non
941 727 1023 774 est
1050 719 1124 774 ibi
1152 735 1316 782 mors,
1348 735 1456 773 non
1473 716 1673 780 luctus,
1702 733 1810 770 non

213 805 514 879 lassitudo,
567 827 673 866 non
720 807 1035 874 inﬁrmitas,
1088 825 1196 863 non
1239 805 1440 873 fames;
1486 801 1628 861 nuila
1669 806 1808 870 sitis,

213 905 354 958 nulli
382 912 576 969 aastus,
605 895 747 956 nulia
784 897 1061 972 corruptio
1083 941 1099 967 ,
1128 899 1272 955 nulla
1305 899 1627 970 indigentia,
1663 897 1810 952 nulla

211 997 498 1061 menstitia,
523 995 669 1049 nulla
691 993 926 1050 tristitia.
955 991 1028 1046 De
1051 993 1134 1047 his
1161 993 1321 1063 igitur
1346 992 1538 1061 quibus
1563 989 1812 1045 catechu-

210 1103 408 1142 menos
439 1089 835 1158 interrogamus
869 1085 1082 1155 quando
1119 1084 1482 1155 baptizantur,
1518 1083 1596 1138 sic
1636 1083 1811 1140 credi-

210 1195 360 1249 mus,
397 1188 452 1236 et
480 1180 559 1236 sic
583 1177 663 1235 eis
689 1187 814 1250 post
840 1179 1165 1249 baptismum
1193 1177 1568 1248 praedicamus.

755 1289 1081 1346 CAPUT
1148 1289 1262 1346 VI.

821 1361 900 1416 De
924 1360 1197 1431 baptismo.

281 1459 597 1530 Baptismus
635 1453 863 1521 Graece,
913 1453 1102 1510 Latine
1150 1454 1340 1509 tinctio
1391 1449 1801 1523 interpretatur.

210 1553 344 1620 Quze
395 1552 597 1607 idcirco
646 1550 833 1605 tinctio
877 1547 1091 1615 dicitur,
1137 1548 1261 1618 quia
1304 1547 1377 1602 ibi
1417 1539 1578 1602 homo
1614 1545 1806 1616 spiritu

210 1647 404 1717 gratia:
449 1645 505 1700 in
552 1643 761 1710 melius,
788 1643 1135 1707 immutatur,
1190 1650 1244 1698 et
1292 1642 1448 1713 longe
1475 1642 1616 1697 aliud
1643 1657 1805 1712 quam

211 1747 331 1792 erat
352 1738 603 1793 efficitur.
661 1736 817 1792 Prius
865 1736 1007 1790 enim
1051 1733 1180 1791 ftedi
1205 1751 1419 1790 eramus
1463 1733 1805 1790 deformitate

208 1841 596 1901 peccatorum:
631 1831 684 1884 in
727 1831 840 1900 ipsa”
881 1821 1136 1883 tinctione
1168 1825 1445 1883 reddimur
1469 1825 1680 1898 pulchri
1712 1827 1804 1881 de-

210 1923 482 1977 albatione
510 1923 786 1977 virtutum.
841 1905 946 1974 P'er
972 1916 1300 1990 baptismum
1327 1927 1660 1975 rcstauratur
1684 1936 1804 1975 cor-

211 2031 311 2085 pus
338 2013 527 2086 [Forte
555 2013 800 2086 spiritus]
831 2013 1065 2069 hominis
1105 2013 1174 2068 ad
1208 2011 1447 2084 priorem
1471 2020 1671 2069 statum
1693 2013 1805 2084 pri-

212 2108 284 2162 mi
311 2096 456 2162 illius
478 2107 709 2162 hOminis
731 2116 854 2161 ante
883 2115 1194 2178 peccatum;
1227 2099 1327 2161 sed
1360 2123 1466 2160 non
1497 2106 1586 2169 ita,
1633 2114 1691 2160 ut
1719 2121 1804 2160 se-

211 2216 375 2255 curus
409 2193 528 2269 post
573 2195 898 2268 baptismum
920 2197 1085 2253 vivat.
1127 2195 1260 2252 Nam
1287 2195 1358 2252 ad
1379 2214 1576 2269 agones
1605 2196 1804 2268 produ-

213 2293 354 2348 citur
381 2301 571 2346 eontra
597 2289 865 2346 diabolum
894 2291 1148 2346 vitiormn
1189 2291 1487 2362 principem
1517 2292 1800 2347 dimicatu-

215 2404 303 2443 rus
334 2389 392 2442 in
443 2402 608 2441 arena
662 2387 825 2457 hujus
871 2385 1089 2450 mundi;
1140 2387 1231 2441 ubi
1279 2385 1632 2458 spectaculum
1675 2385 1803 2456 [acti

211 2499 392 2536 sumus
424 2482 544 2534 huic
576 2481 768 2534 mundo
809 2490 856 2533 et
904 2479 1100 2550 angelis
1147 2490 1196 2533 et
1239 2480 1533 2534 hominibus
1578 2479 1630 2551 (Ι
1677 2479 1798 2536 Cor.

215 2593 284 2639 tv,
317 2576 396 2644 9).
441 2573 739 2642 Utramque
779 2571 921 2626 enim
968 2581 1217 2642 partem,
1271 2563 1471 2626 Christi
1515 2570 1719 2626 scilicet
1749 2567 1803 2627 et

215 2659 439 2728 diaboli,
475 2655 680 2718 inﬁnita
716 2661 895 2733 populi
923 2661 1210 2718 multitudo
1240 2659 1446 2733 spectat
1483 2653 1798 2719 luctantem.

221 2755 350 2809 Duae
408 2761 528 2810 sunt
581 2769 811 2824 namque
863 2755 1139 2824 pactiones
1192 2755 1542 2810 credentium.
1621 2757 1800 2812 Prima

225 2848 404 2918 pactio
425 2857 529 2915 est,
560 2849 611 2904 in
634 2865 742 2919 qua
766 2848 1091 2903 renuntiavit
1121 2849 1332 2903 diabolo
1359 2857 1412 2903 et
1433 2851 1642 2921 pompis
1662 2849 1797 2920 ejus,

219 2951 272 2996 et
304 2941 564 2997 universa:
592 2927 995 2998 conver‘sationi
1021 2940 1194 3008 illius;
1223 2931 1662 3013 secunda‘pactio
1693 2953 1797 3012 est,

214 3019 263 3088 in
295 3050 403 3104 qua
431 3050 489 3090 se
527 3033 814 3104 profitetur
854 3035 1074 3089 credere
1104 3035 1158 3088 in
1183 3035 1351 3089 Deum
1383 3033 1599 3091 Patrem
1626 3037 1800 3092 omni-

208 3137 486 3201 potentem
510 3169 526 3196 ,
575 3137 627 3185 et
663 3129 714 3184 in
744 3123 924 3186 Iesum
952 3125 1224 3184 Christum
1252 3125 1444 3183 Filium
1471 3126 1616 3197 ejus,
1666 3131 1720 3185 et
1744 3131 1798 3185 in

1915 621 2057 676 Fons
2083 623 2182 677 istc
2203 626 2354 697 origo
2388 635 2470 680 est
2507 625 2745 680 omnium
2777 625 3066 699 gloriarum
3095 646 3106 681 :
3137 621 3262 684 fons
3293 629 3396 685 iSte
3421 633 3492 687 si-

1913 714 2158 770 militudo
2178 725 2260 771 est
2286 715 2448 772 fontis
2476 721 2684 773 atterni.
2738 719 2890 789 Aqua
2919 719 3006 774 illa
3042 735 3148 775 non
3176 720 3346 776 solum
3377 733 3494 779 sor-

1914 805 2006 862 des
2032 807 2194 874 iavat,
2222 810 2314 864 sed
2342 818 2397 864 et
2426 811 2662 866 animam
2686 828 2715 867 a
2740 814 2978 882 peccatis
3008 813 3220 869 liberat.

1983 893 2367 955 Sanctiﬁc'atur
2395 899 2508 957 inec
2534 917 2632 973 per
2654 904 3117 959 consecrationem
3144 907 3311 960 verbi.
3344 907 3494 962 Tolle

1911 993 2089 1044 autem
2106 993 2417 1057 verbum,et
2440 992 2566 1063 quid
2585 1002 2668 1048 est
2689 1010 2846 1065 aqua,
2880 995 2982 1050 nisi
3014 997 3187 1066 aqua?
3237 1013 3256 1046 ι
3284 997 3493 1054 «Acce-

1911 1081 1991 1137 dit
2029 1084 2252 1138 vcrbum
2303 1086 2368 1139 ad
2411 1086 2734 1141 elementum
2759 1129 2772 1154 ,
2814 1096 2867 1143 et
2915 1088 2974 1142 fit
3012 1099 3427 1145 sacramentum.
3466 1109 3487 1143 ι

1911 1177 2096 1233 Virtus
2125 1179 2273 1232 verbi
2304 1189 2401 1248 per
2430 1193 2623 1249 aquam
2653 1181 2878 1236 mundat
2904 1195 3021 1236 nos.
3065 1181 3152 1236 Ait
3180 1183 3320 1236 enim
3351 1183 3494 1252 Apo-

1910 1267 2120 1324 stolus:
2149 1267 2472 1324 decedamus
2494 1270 2565 1324 ad
2590 1269 2756 1326 Deum
2779 1285 2899 1326 vero
2919 1273 3074 1327 corde
3093 1274 3147 1326 in
3171 1273 3492 1344 plenitudine

1908 1357 2052 1431 ﬁdei,
2080 1365 2277 1434 aspersi
2301 1364 2456 1418 corde
2499 1381 2532 1418 a
2571 1364 2887 1420 conscientia
2928 1365 3090 1432 mala,
3116 1372 3166 1420 et
3186 1365 3354 1420 abluti
3377 1381 3491 1419 eor-

1907 1457 2006 1525 ﬁtts
2030 1473 2167 1526 aqua
2191 1457 2404 1510 munda.

1981 1543 2268 1603 Sciendum
2282 1559 2460 1602 autem
2478 1547 2620 1619 quod
2635 1550 2770 1604 ordo
2789 1559 2840 1606 et
2856 1565 2988 1607 usus
2999 1540 3307 1623 baptizandi
3319 1551 3491 1607 diver-

1909 1639 1986 1698 sis
2009 1642 2340 1712 temporibus
2351 1643 2509 1699 aliter
2523 1649 2684 1716 atque
2707 1646 2861 1701 aliter
2872 1647 2974 1701 fuit
2991 1664 3004 1715 ;
3038 1656 3215 1702 tamen
3239 1663 3342 1702 una
3355 1664 3491 1702 sem-

1908 1751 1999 1806 per
2019 1733 2171 1803 ﬁdes,
2200 1753 2361 1790 unum
2392 1736 2667 1808 baptisma.
2709 1737 2878 1794 Aliter
2906 1741 3200 1811 baptizavit
3227 1739 3482 1806 Joannes,

1873 1875 1878 1902 ί
1911 1824 2066 1880 aliter
2092 1826 2204 1897 ipse
2233 1827 2491 1883 Dominus
2512 1871 2525 1892 ,
2602 1827 2758 1884 aiiter
2788 1830 3010 1901 apostoli
3035 1837 3158 1886 ante
3185 1833 3488 1902 passionem

1913 1918 2207 1976 Salvatoris
2232 1963 2247 1990 ,
2300 1931 2352 1976 et
2394 1933 2684 1994 antequam
2729 1939 2794 1979 ex
2834 1925 2999 1981 latere
3029 1926 3144 1997 eius
3187 1929 3403 1998 sanguis
3439 1934 3492 1981 ct
3545 1974 3550 1983 .

1908 2023 2047 2084 aqua
2075 2011 2323 2078 ﬂuerent,
2356 2013 2514 2070 aliter
2536 2025 2822 2085 postquam
2861 2015 3061 2072 dictum
3085 2027 3167 2073 est
3202 2018 3304 2073 iiiis
3331 2036 3342 2070 :
3387 2018 3488 2081 Ite,

1907 2105 2084 2157 docete
2134 2119 2309 2160 omnes
2349 2117 2545 2176 gentes,
2589 2106 2914 2178 baptizantes
2944 2123 3032 2164 eos
3055 2110 3111 2163 in
3138 2111 3342 2163 nomine
3379 2108 3488 2163 Pa-

1907 2195 2025 2260 tris,
2056 2203 2102 2248 et
2140 2193 2310 2262 Filii,
2359 2207 2406 2250 et
2453 2196 2681 2266 Spiritus
2718 2202 2907 2253 sancti.
2963 2201 3247 2271 Apostolus
3281 2214 3493 2271 quoque

1905 2289 2205 2361 baptizatos
2227 2290 2356 2346 dicit
2376 2299 2579 2363 patres,
2611 2294 2700 2363 qui
2725 2292 2794 2350 ab
2820 2294 3058 2368 Egypto
3079 2297 3303 2368 profecti
3325 2306 3450 2352 sunt
3475 2317 3484 2350 :

1906 2377 2050 2439 Nota
2072 2385 2208 2440 enim
2232 2401 2320 2440 vos
2359 2388 2620 2457 ignorare,
2668 2387 2860 2458 fratres
2879 2432 2892 2457 ,
2929 2389 3174 2461 quoniam
3198 2398 3372 2460 patres
3399 2406 3490 2444 no-

1905 2478 2001 2529 stri
2031 2493 2205 2531 omnes
2230 2478 2326 2531 sub
2350 2477 2483 2533 nube
2509 2479 2751 2550 fuerunt,
2805 2489 2853 2535 et
2878 2496 3054 2535 manes
3088 2495 3232 2536 mare
3258 2483 3483 2536 transie-

1905 2571 2045 2634 runt,
2075 2575 2124 2623 et
2154 2583 2332 2624 ontnes
2356 2571 2410 2624 in
2449 2568 2627 2641 Moyse
2668 2571 2921 2643 baptismi
2962 2577 3084 2626 smn
3116 2576 3172 2627 in
3201 2574 3334 2627 nube
3361 2582 3408 2627 et
3435 2576 3491 2629 in

1904 2661 2058 2713 mari.
2101 2659 2169 2715 Et
2210 2673 2270 2717 re
2308 2675 2438 2717 vera
2484 2664 2686 2732 egressi
2733 2663 2796 2720 de
2849 2663 3087 2737 Egypta
3129 2665 3396 2722 ducuntur
3435 2668 3490 2722 in

1904 2758 2068 2804 manu
2096 2750 2219 2805 forti
2246 2757 2299 2805 et
2323 2752 2546 2807 brachio
2584 2753 2828 2820 excelso,
2862 2764 2915 2808 et
2942 2756 3217 2813 venientes
3246 2758 3314 2812 ad
3340 2773 3490 2814 mare

1904 2839 2144 2897 Rubrum
2176 2843 2441 2906 antcedit
2477 2844 2684 2916 Moyses
2723 2841 2954 2902 famulus
2981 2846 3082 2902 De?
3120 2858 3342 2919 portans
3367 2850 3483 2906 vir-

1903 2949 2022 3006 gam
2067 2952 2227 3006 quam
2268 2951 2297 2991 a
2326 2936 2551 2992 Domino
2579 2948 2860 3010 acceperat
2887 2956 2897 2993 :
2931 2940 3166 3010 percutit
3195 2957 3402 3012 aquas,
3431 2949 3484 2997 et

1903 3027 2088 3082 statim
2111 3029 2321 3099 cogitur
2366 3026 2558 3089 ﬂuctus
2599 3029 2654 3082 in
2697 3030 2973 3085 cumulum
2994 3074 3008 3097 ,
3067 3039 3121 3087 et
3143 3034 3288 3088 unda
3312 3033 3367 3087 in
3397 3045 3484 3089 se-

1901 3121 2125 3192 metipsa
2180 3135 2426 3192 repressa
2481 3130 2773 3177 curvatur:
2820 3124 3141 3181 soiiditatem
3196 3127 3385 3197 recipit
3420 3127 3485 3181 li-

213 3209 473 3295 Spiritum
518 3232 784 3278 sanctum.
848 3211 958 3278 Sed.
997 3238 1102 3276 non
1127 3229 1208 3277 est
1251 3215 1323 3276 ibi
1374 3217 1494 3278 finis
1533 3219 1790 3279 victorias.
1900 3223 2058 3286 (mm,
2105 3219 2158 3270 εἴ
2209 3213 2382 3270 δοιπτῠ
2409 3213 2577 3270 maris
2609 3215 2806 3271 ῦΐϐεϐἱι
2855 3215 2907 3271 in
2952 3216 3190 3288 pulvere.
3256 3218 3486 3291 lugressi

209 3314 317 3369 Has
342 3315 625 3386 pactiones
650 3313 834 3368 ﬁdeles
863 3314 914 3367 in
943 3314 1147 3368 curiam
1183 3312 1464 3384 proferunt
1497 3312 1795 3386 angelicam

210 3408 431 3463 nomina
460 3407 824 3478 proﬁtentium
852 3427 864 3460 :
899 3406 950 3460 in
1000 3403 1137 3460 libro
1170 3401 1445 3475 excipiunt
1491 3405 1638 3472 vitm,
1691 3423 1797 3462 non

210 3516 238 3554 a
267 3501 509 3571 quolibet
536 3499 780 3566 homine,
813 3499 906 3554 sed
954 3515 983 3552 a
1015 3497 1290 3569 superiore
1318 3496 1530 3553 caelitus
1559 3499 1797 3570 potesta-

209 3603 283 3648 te.
322 3587 441 3647 Jam
486 3591 678 3647 deinde
719 3592 921 3646 tirones
961 3577 1051 3646 Dei
1084 3587 1137 3645 et
1181 3590 1378 3645 milites
1416 3585 1618 3645 Christi
1650 3599 1797 3646 artua

209 3681 670 3741 sacramentorum
695 3683 1010 3754 suscipiunt,
1049 3691 1107 3736 ut
1129 3700 1357 3754 pugnam
1394 3687 1584 3754 gerant
1609 3677 1798 3738 adver-

211 3796 303 3834 sus
330 3775 623 3834 diabolum.
681 3773 788 3832 Sed
813 3775 1165 3831 fortissimum
1192 3777 1584 3831 munimentum
1609 3792 1797 3832 eorum

209 3873 323 3942 ipse
353 3880 438 3926 est
467 3870 732 3935 Christus,
759 3886 919 3940 quem
944 3870 996 3923 in
1024 3867 1291 3938 baptismo
1323 3869 1632 3936 induerunt,
1659 3871 1798 3927 sicut

206 3965 282 4018 ait
306 3959 640 4034 Apostolus:
682 3961 786 4028 Qui
831 3962 886 4016 in
927 3960 1134 4016 Christo
1180 3959 1429 4032 baptizati
1454 3963 1608 4028 estis,
1645 3958 1796 4017 Chri-

206 4065 344 4109 stum
369 4053 635 4108 induistis.
662 4051 762 4121 Qui
787 4054 899 4107 vult
919 4055 1135 4108 vincere
1163 4070 1344 4119 manu,
1375 4047 1530 4111 fortis
1557 4055 1798 4110 invenia-

208 4153 297 4198 tur
321 4145 377 4198 in
406 4145 546 4200 bono
573 4160 734 4216 opere
760 4163 770 4198 :
808 4143 935 4215 ﬁgat
964 4145 1147 4214 pedes,
1186 4162 1294 4202 non
1322 4154 1510 4202 nutent
1551 4147 1792 4217 vestigia,

205 4245 266 4291 ut
292 4237 469 4309 possit
495 4234 718 4307 implere
750 4236 1055 4293 victoriam.

281 4327 436 4386 Unde
464 4338 517 4386 et
539 4332 643 4386 duo
672 4339 797 4386 sunt
838 4343 1034 4402 genera
1073 4327 1348 4402 baptismi.
1407 4329 1646 4385 Primum
1695 4333 1793 4386 ba-

206 4423 490 4492 ptismum,
520 4431 627 4493 quo
655 4421 840 4478 sordes
869 4432 1212 4492 peccatorum
1254 4438 1350 4495 per
1378 4421 1796 4494 regenerationis

205 4516 488 4570 lavacmm
516 4509 805 4570 abiu'u'ntur
833 4535 843 4569 :
877 4517 1204 4582 secundum,
1251 4531 1358 4587 quo
1391 4517 1510 4586 quis
1536 4517 1794 4588 sanguine

1901 3319 2026 3366 sunt
2071 3309 2160 3364 alii
2209 3309 2468 3373 salvandi,
2511 3309 2599 3363 alii
2631 3311 2880 3380 puniendi
2956 3312 3130 3366 Unum
3160 3313 3480 3369 elementum

1900 3416 2184 3470 aquarum,
2209 3408 2427 3452 auctore
2458 3399 2619 3454 totius
2651 3409 2912 3455 creatura:
2933 3403 3180 3469 iubente,
3219 3403 3483 3472 judicavit

1899 3501 2179 3561 utrosque,
2209 3490 2476 3560 separavit
2506 3489 2622 3560 pios
2667 3491 2738 3546 ab
2783 3491 2978 3561 inrpiis.
3018 3493 3227 3565 Moyses
3251 3495 3478 3566 ﬁguram

1898 3581 2086 3640 habuit
2108 3579 2531 3638 DominiChristi
2563 3601 2576 3634 :
2607 3581 2660 3636 in
2692 3583 2844 3652 virga
2866 3585 3204 3654 agnoscimus
3228 3594 3476 3655 crucem;

1899 3679 2052 3731 mare
2098 3671 2340 3728 Rubrum
2390 3672 2681 3743 accipimus
2735 3673 3062 3743 baptismum
3109 3675 3306 3731 Christi
3361 3689 3483 3733 san-

1898 3767 2058 3839 guine
2083 3769 2473 3838 purpuratum;
2522 3779 2704 3838 regem
2748 3764 3128 3838 Egyptiorum
3149 3769 3484 3840 populosque

1898 3858 2045 3928 eius,
2076 3865 2350 3915 auctorem
2377 3864 2720 3928 peccatorum
2766 3857 3036 3914 diabolum
3077 3873 3197 3915 cum
3234 3861 3488 3920 omnibus

1895 3949 2161 4006 ministris
2186 3949 2321 4019 ejus.
2384 3946 2490 4005 Sed
2525 3948 2824 4020 baptismus
2854 3951 3036 4022 iraago
3060 3951 3248 4009 mortis
3282 3951 3482 4010 Christi

1898 4051 1982 4099 est
2010 4050 2063 4097 et
2089 4041 2399 4113 sepulturae,
2433 4043 2575 4097 sicut.
2598 4040 2887 4113 Apostoius
2921 4047 3152 4098 testatur
3183 4063 3200 4099 :
3233 4041 3313 4099 An
3336 4046 3482 4116 igno-

1899 4134 2047 4198 ratis,
2077 4133 2287 4204 βαίνετε,
2321 4133 2568 4204 quoniam
2607 4135 2896 4205 quicunque
2937 4134 3187 4205 baptizati
3226 4153 3405 4191 sumus
3426 4138 3487 4192 in

1861 4251 1864 4256 ·
1899 4227 2110 4282 Christo
2131 4226 2281 4292 Jcsu,
2313 4229 2366 4280 in
2401 4236 2563 4280 morte
2596 4227 2765 4297 ipsius
2800 4227 3048 4298 baptizati
3069 4231 3298 4284 sumas?
3343 4229 3481 4286 Con-

1897 4319 2087 4391 sepulti
2127 4321 2263 4373 enim
2302 4331 2484 4373 sumus
2511 4334 2628 4373 cum
2647 4319 2740 4374 illo
2772 4335 2864 4391 per
2885 4321 3193 4391 baptismum
3213 4324 3269 4377 in
3293 4331 3482 4388 morte,

1899 4417 1958 4468 nt
1979 4415 2238 4486 quomodo
2265 4415 2598 4471 resurrexita
2622 4419 2843 4471 mortuis
2881 4432 2973 4487 per
3004 4417 3225 4488 gloriam
3269 4415 3468 4482 Patris,

1895 4510 1971 4562 ita
1999 4515 2050 4563 et
2083 4523 2174 4563 nos
2205 4508 2260 4563 in
2290 4509 2516 4564 novitate
2540 4512 2660 4564 vita!
2687 4509 3028 4564 ambulemus.
3071 4509 3132 4564 Si
3168 4511 3303 4564 enim
3327 4527 3471 4564 com-

205 4626 306 4665 suo
336 4624 436 4679 per
481 4610 803 4681 martyrium
825 4609 1145 4679 baptizatur.
1199 4607 1315 4677 Quo
1342 4609 1607 4681 baptismo
1637 4607 1794 4666 Chrt—
1825 4607 1875 4685 ὑ
1898 4600 2122 4674 ριαηταῐὶ
2147 4599 2274 4670 [ιιαὲ
2293 4613 2473 4654 Mutus
2499 4600 2832 4654 similitudini
2851 4602 3034 4654 mortis
3068 4601 3201 4670 ejus,
3245 4599 3402 4654 simul
3425 4609 3477 4655 et

205 4711 328 4759 stus
355 4703 659 4773 baptizatus“
701 4709 814 4769 est;
864 4711 924 4756 ut
969 4703 1104 4757 etin
1132 4701 1256 4768 hoc,
1304 4702 1443 4758 sicut
1469 4709 1520 4758 et
1550 4703 1603 4756 in
1635 4712 1792 4758 caete-

205 4797 308 4864 ris,
337 4798 569 4852 formam
596 4795 938 4852 credentibus
969 4793 1154 4862 daret,
1183 4797 1324 4851 sicut
1353 4795 1429 4850 ait
1454 4793 1739 4866 Apostolus
1776 4821 1787 4850 .-

206 4891 455 4946 Christus
493 4906 676 4960 passus
711 4899 787 4942 est
813 4904 906 4958 pro
935 4887 1080 4941 nobis
1123 4887 1418 4958 relinquens
1447 4885 1586 4940 vobis
1628 4901 1792 4941 exem-

204 4983 374 5054 plum.
436 4981 513 5036 De
551 4977 660 5036 hoc
695 4979 854 5051 igitur
906 4979 1172 5049 baptismo
1221 4981 1335 5048 ipse
1377 4977 1634 5034 Dominus
1667 4977 1741 5033 ait
1776 4999 1786 5032 :

206 5075 484 5146 Baptismo
547 5067 709 5127 habeo
752 5071 1028 5143 baptizari.
1114 5065 1188 5124 Et
1232 5068 1488 5142 quomodo
1535 5081 1788 5136 coarctor,

206 5167 503 5239 usquedum
527 5165 828 5236 perﬁciatur
862 5157 1011 5237 (Luc.
1041 5177 1142 5229 xu,
1167 5161 1258 5235 50)
1287 5163 1298 5216 ι
1333 5159 1484 5216 Filiis
1516 5161 1786 5216 Zeb’edari:

209 5258 442 5312 Potestis
468 5252 635 5311 bibere
681 5253 896 5309 calicem
923 5295 938 5320 ,
986 5265 1142 5325 quem
1163 5267 1254 5324 ego
1288 5251 1546 5307 bibiturus
1577 5267 1713 5318 sum,
1744 5262 1791 5306 et

206 5351 468 5420 baptismo
497 5364 597 5420 quo
634 5363 723 5418 ego
761 5345 1011 5414 baptizor,
1043 5343 1298 5414 baptizari
1339 5341 1530 5415 (Marc.
1564 5359 1596 5397 χ
1616 5385 1629 5409 ,
1657 5343 1792 5416 58)?

205 5443 518 5514 Baptismus
546 5445 726 5496 autem
757 5453 909 5508 aqua:
935 5445 1017 5491 est
1042 5478 1056 5504 ,
1097 5447 1218 5506 quae
1256 5445 1494 5508 tempore
1523 5438 1790 5508 passionis

207 5535 277 5606 de
305 5535 477 5589 latere
497 5533 694 5590 Christi
720 5529 1009 5603 profluxit:
1039 5530 1348 5598 nullumque
1384 5529 1531 5584 aliud
1558 5530 1791 5585 elemen-

209 5637 324 5682 tum
356 5635 461 5692 est,
489 5627 632 5698 quod
666 5627 720 5681 in
756 5626 859 5680 hoc
897 5621 1096 5678 mundo
1141 5631 1333 5694 purget
1387 5630 1600 5690 cuncta,
1648 5625 1790 5695 quod

205 5719 448 5776 viviucet
475 5717 746 5775 universa.
787 5716 1017 5788 ideoque
1048 5729 1174 5772 cum
1190 5715 1530 5786 baptizamur
1557 5715 1610 5772 in
1636 5717 1790 5773 Chrts

279 5871 305 5900 δ
348 5853 627 5914 Sententia
664 5856 722 5913 S‘.
749 5852 1032 5928 Augu'Stini
1062 5850 1242 5910 Traet.
1274 5867 1414 5909 LXXX
1441 5853 1494 5908 in
1525 5847 1677 5911 Joan.

1898 4693 2288 4748 resurrectionis
2319 4694 2510 4747 erimus
2535 4706 2552 4744 :
2597 4692 2692 4745 hoc
2716 4693 2951 4757 scientes,
2989 4693 3112 4763 quia
3134 4699 3275 4745 vetus
3302 4699 3479 4746 noster

1894 4789 2048 4842 homo
2078 4786 2236 4842 simul
2261 4787 2544 4855 cruci/ianus
2571 4795 2646 4838 est
2670 4825 2685 4850 ,
2727 4793 2784 4838 ut
2825 4785 3126 4838 destruatur
3152 4797 3338 4856 corpus
3359 4797 3478 4855 pec-

1889 4878 2020 4943 cati,
2047 4886 2104 4932 ut
2135 4877 2277 4931 ultra
2299 4891 2402 4930 non
2433 4877 2719 4929 servimus
2747 4884 2973 4943 peccato.
3033 4874 3136 4939 Qui
3172 4875 3307 4929 enim
3331 4885 3476 4930 νηόν-ο

1894 4980 2018 5023 tuus
2044 4977 2153 5034 est,
2177 4962 2502 5037 jnstiﬁcams
2537 4973 2612 5019 est
2655 4983 2686 5018 a
2724 4972 2950 5034 peccato.
2997 4964 3055 5019 Si
3084 4975 3257 5020 autem
3284 4967 3478 5020 incrtat

1893 5075 2076 5116 sumus
2112 5073 2230 5112 cum
2257 5053 2465 5111 Christo
2540 5054 2798 5110 credimus
2823 5056 2946 5126 quia
2970 5055 3128 5110 simul
3151 5058 3307 5111 etiam
3341 5058 3476 5112 sitve-

1893 5168 2010 5208 mus
2035 5165 2153 5206 cum
2175 5147 2399 5205 Christo.

1963 5247 2193 5314 Quidam
2231 5245 2374 5301 enim
2404 5252 2719 5307 senserunt,
2753 5243 2948 5298 trinam
2997 5241 3112 5300 fieri
3149 5246 3472 5301 mersionem

1891 5349 2110 5410 propter
2167 5338 2447 5393 Trinitatis
2501 5336 2903 5392 venerationem
2947 5355 2959 5391 :
3015 5337 3233 5407 quidam
3293 5346 3473 5392 autem

1890 5439 2111 5504 propter
2127 5432 2387 5486 triduanis
2404 5429 2691 5500 sepulturae
2711 5439 3128 5486 sacramentum.
3156 5431 3262 5485 Sed
3283 5427 3470 5486 beatus

1890 5522 2180 5594 Gregorius
2235 5535 2370 5592 papa
2400 5522 2429 5561 ιδ
2460 5518 2672 5575 cuidam
2715 5533 2775 5576 se
2819 5521 3169 5592 interregant—i
3221 5523 3288 5577 de
3331 5522 3467 5576 trina

1890 5623 1945 5670 et
1971 5613 2160 5684 simpla
2193 5613 2460 5669 mersione
2482 5651 2497 5677 ,
2545 5611 2624 5666 sic.
2653 5611 2926 5681 respondit
2956 5628 2968 5665 :
3020 5627 3040 5662 ‹
3067 5613 3142 5666 De
3171 5612 3316 5665 trina
3338 5625 3470 5668 vero

1893 5708 2160 5764 mersione
2190 5703 2524 5777 baptismatis
2544 5704 2676 5759 nihil
2711 5703 3023 5774 responderi
3058 5702 3241 5758 verius
3269 5711 3464 5774 potest,

1889 5916 1929 5972 4
1961 5843 2156 5970 ὶίξιιιιι
2182 5843 2230 5898 is
2257 5842 2500 5898 Leander
2526 5841 2894 5912 Hispulensis,
2917 5840 2986 5896 ad
3013 5853 3174 5913 quem
3197 5848 3282 5896 est
3305 5841 3463 5914 epist.

1929 5953 1950 5972 .~
1994 5933 2008 5970 ι
2052 5955 2066 5969 .
2097 5929 2135 5969 ι.

1929 5953 1950 5984 ,.
1977 5929 2066 5970 tte.
2097 5929 2135 5969 r.
3529 5936 3535 5949 .
