4012 6364
550 378 655 437 363
1583 361 1907 423 LEIDRADI
1940 359 2430 419 LUGDUNENSIS
2468 358 2775 418 EPISCOPI
3722 369 3819 429 δα

545 509 710 568 quam
751 491 856 564 ipsi
900 485 1177 557 sensistis;
1224 486 1349 558 quia
1393 485 1448 541 in
1494 498 1601 539 una
1648 483 1754 539 ﬁde
1783 482 1916 538 nihil
1954 479 2132 536 cilicio
2158 482 2207 542 Α
2233 479 2401 534 ticum
2425 479 2729 535 nullatenus
2759 485 2938 550 potest
2979 477 3086 534 dici
3121 479 3535 551 sempiternum,
3584 485 3707 556 quia
3730 504 3815 545 ve-

547 596 746 646 sanctaa
797 583 1056 640 Ecclesiae
1109 578 1442 637 consuetudo
1492 576 1725 632 diversa.
1799 573 1910 630 Nos
1955 580 2137 628 autem

544 684 688 756 quod
726 680 889 738 tertio
934 677 1263 750 mergimus,
1317 674 1583 729 triduana:
1619 670 1911 743 sepulturae
1953 684 2139 752 saera-

544 784 727 833 nienta
765 774 1042 846 signamus
1067 789 1080 825 :
1110 778 1170 825 ut
1197 771 1324 825 dum
1356 767 1515 823 tertio
1543 767 1612 823 ab
1632 766 1787 836 aquis
1807 762 1985 819 infans
2008 763 2142 818 edu-

545 873 709 936 citur,
726 866 1054 925 resurrectio
1067 864 1306 920 triduani
1331 863 1591 934 temporis
1612 861 1967 931 exprimatur.
1985 857 2140 927 Quod

545 962 590 1017 si
618 960 741 1032 quis
770 959 908 1014 forte
932 957 1095 1013 etiam
1123 971 1224 1027 pro
1258 970 1482 1011 summae
1522 952 1806 1009 Trinitatis
1833 950 2143 1007 veneratio-

544 1069 615 1111 ne
636 1054 900 1119 aestimet;
931 1066 1104 1122 neque
1134 1050 1202 1105 ad
1223 1050 1326 1106 hoc
1350 1048 1554 1120 aliquid
1575 1046 1793 1103 obsistit
1815 1044 2141 1116 baptizando

546 1145 714 1202 semel
748 1146 804 1200 in
832 1144 989 1215 aquis
1030 1155 1316 1214 mergere:
1344 1140 1472 1211 quia
1520 1140 1646 1194 dum
1675 1140 1730 1192 in
1756 1138 1932 1193 tribus
1964 1135 2142 1192 subsi-

544 1236 760 1293 stentiis
788 1250 893 1291 una
930 1234 1233 1291 substantia
1259 1242 1375 1299 est,
1411 1229 1839 1301 reprehensibile
1865 1243 1986 1284 esse
2021 1225 2143 1282 nul-

548 1332 762 1386 latenus
810 1338 1024 1401 potest,
1053 1327 1316 1384 infantem
1348 1326 1404 1380 in
1434 1324 1763 1395 baptismate
1799 1322 1885 1377 vel
1930 1329 2015 1377 ter
2054 1318 2142 1374 vel

545 1425 713 1481 semel
763 1438 1043 1496 mergere;
1093 1420 1310 1493 quando
1360 1427 1417 1474 et
1461 1418 1514 1473 in
1564 1418 1739 1472 tribus
1780 1415 2142 1471 mersionibus

546 1533 902 1590 personarum
930 1516 1169 1583 trinitas,
1190 1523 1247 1570 et
1274 1512 1331 1568 in
1360 1527 1469 1567 una
1495 1518 1675 1581 potest
1698 1510 1997 1565 divinitatis
2030 1508 2142 1564 sin-

541 1608 802 1680 gularitas
830 1607 1114 1679 iesignari.
1147 1625 1166 1658 ι
1224 1603 1332 1660 Sed
1371 1603 1619 1673 quamvis
1644 1602 1698 1679 in
1728 1610 1904 1656 morte
1936 1600 2143 1656 Christi

542 1700 837 1755 secundum
852 1696 1167 1770 Apostolum
1182 1695 1542 1765 baptizamur,
1567 1693 1612 1747 si
1634 1692 1995 1762 praetermissa
2006 1706 2141 1761 qua-

541 1793 675 1848 libet
717 1792 1004 1848 Trinitatis
1046 1805 1279 1861 persona
1325 1788 1626 1859 baptismus
1651 1787 1809 1841 detur
1834 1786 1886 1840 in
1916 1800 2141 1855 regene-

542 1885 766 1940 rationis
789 1882 1141 1940 solemnitate
1162 1923 1178 1948 ,
1209 1880 1345 1937 nihil
1381 1879 1588 1951 agitur;
1621 1877 1725 1933 nisi
1759 1885 1871 1932 tota
1903 1877 2143 1933 Trinitas

541 1977 842 2032 invocetur.
906 1975 1045 2043 Quia
1083 1974 1300 2031 nonnisi
1345 1972 1398 2028 in
1434 1986 1543 2027 uno
1586 1972 1805 2027 nomine
1841 1970 2040 2037 Patris,
2087 1978 2143 2026 et

541 2069 686 2136 Filii,
716 2080 772 2127 et
811 2070 1048 2141 Spiritus
1095 2069 1268 2125 sancti
1314 2067 1568 2140 baptismi
1614 2066 1987 2123 sanctiﬁcatur
2024 2064 2142 2121 olli-

542 2162 688 2218 cium
1476 2217 1481 2221 .

613 2253 923 2325 Baptismus
972 2262 1155 2311 autem
1200 2268 1310 2309 non
1351 2259 1436 2308 est
1474 2252 1746 2318 hominis,
1795 2253 1889 2308 sed
1915 2250 2136 2307 Christi.

540 2348 773 2420 Ideoque
800 2349 937 2404 nihil
964 2349 1194 2405 interest
1220 2347 1511 2404 haereticus
1549 2362 1619 2401 an
1662 2346 1835 2401 lidelis
1861 2345 2138 2416 baptizet;

542 2439 669 2511 quia
691 2449 1094 2496 sacramentum
1122 2447 1236 2494 tam
1262 2447 1512 2495 sanctum
1536 2447 1641 2504 est,
1662 2446 1724 2494 ut
1750 2452 1852 2493 nec
1872 2436 2142 2493 homicida

544 2532 890 2589 ministrante
936 2532 1228 2604 polluatur.
1308 2532 1481 2588 Habet
1548 2532 1767 2604 quidem
1812 2533 2143 2603 baptismum

542 2622 744 2680 Christi
766 2623 1084 2691 htereticus;
1126 2625 1222 2681 sed
1248 2624 1377 2694 quia
1403 2632 1559 2679 extra
1585 2624 1849 2681 unitatem
1874 2623 1999 2680 ﬁdei
2036 2631 2142 2690 est,

542 2715 676 2769 nihil
703 2715 782 2771 illi
827 2716 1070 2787 prodest.
1128 2715 1203 2770 At
1235 2716 1327 2772 ubi
1353 2715 1633 2789 ingressus
1670 2714 1803 2778 fuit,
1834 2716 2023 2771 statim
2046 2715 2145 2772 bo-

540 2808 804 2878 ptismum
851 2807 997 2879 quod
1026 2807 1254 2863 haberet
1298 2806 1433 2863 foris
1473 2808 1543 2863 ad
1588 2808 1886 2909 pern'gtiem
1909 2848 1924 2871 ,
1957 2808 2147 2877 incipit

544 2896 751 2967 illijam
784 2898 1046 2967 prodesse
1093 2896 1162 2952 ad
1207 2898 1459 2953 salutem.
1521 2896 1658 2964 Quia
1706 2896 1785 2953 sic
1819 2899 2022 2953 habent
2049 2899 2147 2953 ba-

543 2990 805 3062 ptismum
845 2990 1119 3058 haeretici,
1170 2991 1441 3060 quomodo
1482 2991 1731 3046 desertor
1759 2992 1925 3045 habet
1951 2992 2146 3047 chara-

544 3092 750 3139 cterem
777 3102 790 3138 :
819 3092 875 3139 et
909 3092 1093 3140 tamen
1128 3085 1176 3141 si
1205 3085 1451 3140 desertor
1474 3085 1590 3154 ipse
1613 3092 1894 3140 correctus
1922 3085 2148 3157 incipiat

2242 573 2423 627 niente
2464 571 2694 627 veritate
2745 570 2917 642 ﬁgura
2970 571 3223 626 cessavit.
3286 572 3365 628 De
3410 573 3516 631 hoc
3560 591 3819 647 unguento

2240 664 2385 734 quod
2410 663 2465 719 in
2490 663 2852 719 sacerdotium
2875 661 3093 734 proﬁcit
3120 664 3511 735 sempiternum
3536 708 3553 735 ,
3598 677 3652 723 et
3681 669 3816 726 Psal-

2241 759 2402 815 mista
2429 758 2505 813 ait
2530 776 2543 809 :
2574 755 2721 813 Sicut
2746 766 3067 828 unguentum
3109 757 3168 812 in
3188 759 3358 829 capite
3383 760 3526 831 quod
3569 761 3818 820 descendit

2240 849 2298 903 in
2327 848 2563 914 barbam,
2587 848 2801 903 barbam
2824 846 3024 903 Aaron.
3058 847 3231 920 Hujus
3263 863 3394 921 ergo
3420 851 3693 908 unctionis
3718 870 3820 925 quae

2241 939 2297 995 in
2336 938 2554 996 Christo
2598 940 2868 995 veraciter
2912 939 3182 1011 completa
3224 950 3348 1007 est,
3395 951 3452 998 et
3490 943 3549 998 in
3577 946 3820 1005 membris

2241 1032 2360 1104 ejus
2386 1035 2627 1106 quotidie
2660 1034 2933 1106 impletur,
2966 1034 3138 1107 ﬁgura
3166 1036 3380 1091 exstitit
3411 1037 3602 1092 unctio
3633 1038 3738 1106 illa,
3765 1040 3818 1097 de

2242 1144 2350 1199 qua
2380 1129 2435 1183 iu
2476 1128 2660 1184 Veteri
2696 1127 3042 1184 Testamento
3071 1128 3302 1201 legimus
3329 1129 3404 1184 ita
3433 1148 3446 1185 :
3480 1129 3626 1185 Tulit
3668 1144 3817 1187 autem

2243 1216 2458 1274 Samuel
2483 1217 2787 1273 lenticulam
2814 1218 2914 1274 olei
2942 1261 2958 1286 ,
2995 1228 3041 1274 et
3084 1220 3272 1289 e/fudit
3302 1236 3462 1289 super
3496 1232 3661 1292 caput
3702 1224 3816 1294 ejus,

2242 1313 2298 1369 id
2325 1322 2409 1369 est
2436 1313 2635 1382 Saulis,
2666 1324 2722 1371 et
2745 1315 3090 1371 deosculatus
3117 1316 3191 1371 ait
3227 1336 3239 1370 :
3273 1316 3444 1372 Ecce!
3476 1318 3634 1373 unxit
3660 1329 3706 1374 te
3728 1320 3817 1377 Do-

2241 1408 2415 1462 minus
2443 1424 2600 1479 super
2632 1408 2993 1463 hazretlitatem
3016 1426 3169 1463 suam
3196 1410 3251 1464 in
3282 1409 3593 1480 principem.
3648 1411 3707 1465 Et
3735 1412 3816 1467 ite-

2242 1514 2363 1554 rum
2393 1518 2405 1552 :
2441 1498 2582 1553 Tulit
2611 1499 2774 1571 igitur
2821 1498 3036 1555 Samuel
3075 1517 3239 1555 cornu
3274 1500 3395 1567 olei,
3423 1511 3472 1556 et
3512 1503 3668 1555 unxit
3703 1520 3814 1567 eum,

2243 1589 2297 1643 id
2324 1598 2427 1656 est,
2452 1589 2645 1657 David,
2670 1592 2725 1645 in
2750 1592 2923 1645 medio
2953 1592 3192 1662 fratrum
3222 1593 3367 1663 ejus,
3416 1603 3468 1647 et
3509 1594 3733 1648 directus
3758 1606 3817 1649 cst

2242 1684 2459 1752 spiritus
2501 1683 2716 1738 Domini
2759 1685 2814 1738 in
2860 1683 3029 1739 David
3077 1703 3111 1739 a
3158 1685 3244 1740 die
3285 1684 3382 1740 illa
3427 1698 3477 1740 et
3506 1688 3567 1740 in
3591 1687 3815 1759 reliqum

2245 1773 2296 1847 (I
2321 1773 2445 1846 Reg.
2483 1791 2598 1841 xvi,
2627 1773 2739 1846 l3).
2779 1774 2837 1829 In
2866 1774 3063 1845 quibus
3083 1790 3301 1846 quoque
3331 1775 3518 1831 verbis
3544 1778 3813 1832 notandum

2170 1856 2219 1917 Β
2245 1876 2328 1922 est
2348 1866 2493 1938 quod
2517 1877 2640 1938 post
2666 1867 3000 1933 unctionem,
3023 1856 3134 1923 imo
3160 1883 3262 1939 per
3287 1868 3629 1933 unctionem,
3650 1868 3816 1941 diriga-

2247 1968 2339 2014 tur
2359 1959 2581 2029 spiritus
2603 1958 2818 2014 Domini
2852 1959 2906 2013 in
2931 1958 3123 2026 David,
3155 1960 3297 2015 sicut
3320 1960 3374 2015 in
3399 1960 3644 2016 Ecclesia
3668 1960 3814 2015 credi-

2244 2066 2365 2106 mus
2383 2066 2482 2121 per
2501 2051 2811 2106 chrismatis
2832 2052 3139 2107 unctionem
3163 2060 3218 2107 et
3232 2069 3429 2109 manus
3448 2054 3811 2125 impositionem

2244 2143 2360 2197 dari
2386 2142 2648 2215 Spiritum
2677 2153 2944 2201 sanctum.
2984 2145 3121 2201 Nam
3149 2150 3289 2203 sicut
3324 2148 3381 2204 in
3411 2150 3670 2221 baptismo
3690 2164 3800 2221 pec-

2243 2243 2487 2291 catorum
2518 2236 2766 2293 remissio
2794 2238 2987 2305 datur,
3030 2238 3106 2293 ita
3144 2255 3241 2310 per
3269 2241 3586 2297 unctionem
3606 2241 3803 2298 sanctiﬁ-

2243 2326 2389 2382 catio
2414 2325 2651 2397 Spiritus
2676 2328 2987 2384 adhibetur.
3028 2327 3097 2384 Et
3127 2330 3232 2385 hoc
3260 2331 3404 2400 quod
3444 2331 3646 2388 dictum
3665 2331 3810 2387 estde

2242 2419 2471 2488 pristina
2523 2419 2844 2491 disciplina,
2894 2438 3000 2492 qua
3047 2422 3177 2493 ungi
3220 2422 3275 2476 in
3315 2422 3678 2479 sacerdotium
3702 2422 3811 2478 etin

2244 2526 2472 2582 regnum
2497 2512 2764 2580 solebant,
2794 2528 2914 2584 quas
2934 2514 3065 2569 dum
3089 2513 3382 2569 carnaliter
3409 2514 3493 2581 ﬁt,
3525 2514 3807 2587 spiritaliter

2244 2607 2500 2678 proﬁcit:
2546 2609 2817 2679 quomodo
2845 2616 2902 2664 et
2929 2608 2985 2663 in
3010 2610 3127 2680 ipsa
3173 2608 3430 2680 baptismi
3479 2611 3674 2681 gratia,
3713 2609 3813 2663 visi-

2243 2701 2370 2756 bilis
2413 2692 2635 2771 quidem
2674 2711 2830 2757 actus
2873 2702 3018 2772 quod
3056 2702 3113 2756 in
3142 2717 3338 2773 aquam
3380 2703 3701 2774 mergimur,
3741 2700 3814 2756 sed

2246 2797 2509 2869 spiritalis
2530 2795 2757 2853 ell‘ectus
2790 2796 2936 2867 quod
2972 2796 3183 2852 delictis
3209 2794 3565 2851 mundamur.
3625 2794 3816 2864 Propter

2247 2890 2395 2961 quod
2419 2898 2476 2945 et
2519 2898 2862 2946 sacramenta
2894 2889 3168 2956 dicuntur,
3218 2889 3345 2959 quia
3392 2886 3499 2944 sub
3539 2894 3816 2961 tegumenta

2247 2982 2612 3054 corporalium
2647 2997 2828 3038 rerum
2865 2982 3042 3036 virtus
3082 2980 3263 3036 divina
3309 2981 3586 3036 secretius
3622 2978 3815 3036 salutem

2246 3079 2563 3134 eorumdem
2606 3084 3073 3133 sacramentorum
3119 3085 3395 3147 operetur.
3471 3075 3627 3144 Quod
3665 3083 3818 3131 autem

547 3174 815 3243 militare,
854 3191 965 3233 non
1003 3177 1053 3234 ei
1102 3178 1265 3233 audet
1298 3176 1589 3247 quisquam
1625 3176 1998 3233 characterem
2023 3193 2219 3281 mu-'c
2252 3168 2585 3281 presbyteris
2609 3169 2739 3226 licet
2763 3169 2942 3281 capita
2970 3166 3371 3281 baptizatqrurn
3409 3169 3696 3225 chrismate
3730 3184 3816 3223 nn-

548 3274 684 3322 tare.

1157 3359 1387 3417 CAPUT
1424 3360 1533 3417 VII.

1053 3454 1135 3511 De
1181 3473 1336 3511 sacra
1380 3456 1644 3511 unctione.

566 3586 571 3591 .
614 3544 745 3602 Post
772 3547 1051 3603 lavacrum
1100 3548 1376 3618 angimur,
1422 3556 1484 3603 ut
1522 3546 1728 3604 Christi
1761 3548 1982 3605 nomine
2007 3564 2141 3606 cetr-

542 3651 780 3695 seamur.
820 3638 1073 3694 Chrisma
1100 3638 1245 3694 enim
1266 3638 1450 3694 unctio
1478 3638 1887 3709 interpretatur,
1916 3639 2057 3696 sicut
2087 3647 2146 3696 et

542 3727 791 3784 Christus
817 3769 834 3796 ,
877 3737 1109 3796 unctus;
1147 3744 1256 3798 qua
1288 3728 1541 3785 unctione
1568 3730 1832 3786 efﬁcimur
1857 3745 2027 3802 genus
2051 3746 2141 3787 re-

543 3819 713 3891 gium.
756 3820 817 3874 In
840 3819 1021 3876 Veteri
1056 3834 1292 3891 namque
1325 3820 1673 3877 Testamento
1713 3836 1821 3876 non
1845 3822 2019 3877 solum
2056 3837 2144 3878 re-

544 3923 640 3981 ges
664 3917 720 3964 ct
749 3911 1061 3967 sacerdotes
1100 3912 1463 3983 ungebantur,
1501 3914 1596 3968 sed
1622 3914 1787 3968 etiam
1812 3915 2141 3971 tabernacu-

544 3998 660 4055 lum
686 4002 1001 4069 testimonii,
1035 4004 1179 4073 quod
1202 4004 1431 4061 Domino
1454 4007 1800 4077 praecipiente
1827 4008 2141 4066 institutum

544 4100 651 4160 est,
678 4108 834 4151 sacra
858 4097 1115 4153 unctione
1152 4098 1546 4155 sanctiﬁcatum
1567 4108 1671 4166 est,
1700 4101 1918 4157 dicente
1953 4102 2141 4160 Domi-

544 4200 618 4243 no
642 4186 712 4242 ad
738 4186 978 4261 Moysem
1022 4207 1034 4244 :
1087 4188 1451 4247 Circumdabis
1492 4193 1689 4247 atrium
1711 4194 1950 4250 tentoriis
1977 4206 2025 4251 et
2058 4197 2142 4251 in-
2163 4235 2177 4253 .

545 4300 783 4357 gressum
808 4284 947 4357 ejus,
977 4296 1027 4341 et
1053 4298 1322 4358 assumpto
1360 4289 1623 4343 unctionis
1647 4288 1759 4344 oleo
1783 4307 1945 4361 unges
1968 4289 2142 4345 taber-

545 4380 796 4436 naculum
819 4398 939 4436 cum
965 4382 1108 4437 vasis
1140 4383 1253 4437 suis
1275 4390 1335 4435 ut
1375 4382 1810 4452 sanctiﬁcentur;
1850 4383 2018 4441 altare
2052 4385 2142 4440 ho-

544 4474 769 4530 locausti
793 4515 808 4541 ,
858 4483 909 4530 et
949 4475 1128 4531 omnia
1151 4490 1280 4529 vasa
1303 4474 1438 4545 ejus,
1468 4473 1677 4530 labrum
1717 4492 1838 4531 cum
1877 4476 1992 4532 basi
2015 4494 2135 4544 sua,

2248 3276 2397 3333 gere,
2428 3262 2574 3332 quod
2597 3269 2780 3316 tamen
2822 3262 2890 3316 ab
2926 3260 3181 3331 episcopo
3220 3259 3386 3315 ﬁtcrit
3432 3270 3819 3327 consecratum;

2245 3371 2355 3411 non
2383 3364 2565 3410 tamen
2592 3354 2828 3410 frontem
2864 3355 3083 3426 signare
3100 3393 3116 3419 ,
3146 3352 3288 3423 quod
3317 3352 3441 3408 solis
3466 3353 3684 3408 debetur
3713 3352 3818 3422 epi-

2246 3450 2429 3522 scopis
2453 3466 2580 3506 cum
2599 3450 2823 3505 tradunt
2854 3447 3119 3520 Spiritum
3146 3447 3471 3520 paraclitum
3487 3488 3503 3513 ,
3525 3449 3636 3503 hate
3658 3460 3812 3502 causa

2246 3553 2366 3601 est:
2396 3560 2524 3599 nam
2552 3543 2679 3600 licet
2718 3545 2826 3600 sint
2863 3552 2919 3599 et
2949 3543 3257 3616 presbyteri
3292 3542 3633 3608 sacerdotes,
3662 3540 3825 3613 ponti-
3902 3572 3905 3573 ν

2246 3637 2443 3693 ﬁcatus
2466 3644 2650 3691 tamen
2692 3636 2901 3706 apicem
2942 3651 3051 3691 non
3095 3635 3317 3690 habent.
3361 3634 3478 3691 Hoc
3504 3644 3681 3691 autem
3710 3634 3826 3690 solis

2245 3729 2594 3803 pontiﬁcibus
2621 3728 2844 3796 deberi,
2882 3744 2989 3785 non
3021 3727 3197 3784 solum
3224 3728 3565 3784 consuetudo
3600 3726 3829 3783 ecclesia-

2246 3823 2384 3880 stica
2429 3823 2789 3889 demonstrat,
2816 3836 3008 3877 verum
3033 3822 3198 3881 etiam
3220 3822 3457 3878 Aetuum
3482 3820 3827 3894 apostolorum

2244 3911 2407 3970 lectio
2429 3954 2445 3981 ,
2485 3928 2607 3985 quae
2653 3915 2892 3981 asserit,
2938 3913 3165 3970 Petrum
3188 3923 3244 3970 et
3278 3912 3548 3971 Joannem
3582 3910 3827 3984 apostolos

2247 4002 2553 4060 Samariam
2580 4004 2748 4061 fuisse
2776 4007 3033 4073 directos,
3076 4008 3171 4077 qui
3205 4005 3323 4076 jam
3348 4007 3649 4079 baptizatis
3676 4004 3830 4060 trade-

2246 4108 2370 4156 rent
2400 4099 2664 4172 Spiritum
2708 4112 2976 4159 sanctum.
3042 4102 3119 4159 De
3157 4104 3355 4175 quibus
3399 4106 3574 4160 etiam
3615 4105 3825 4161 dicitur:

2248 4193 2544 4252 Oraverunt
2570 4214 2666 4269 pro
2696 4198 2804 4255 illis
2848 4209 2906 4254 ut
2946 4202 3236 4272 acciperent
3280 4198 3550 4272 Spiritum
3592 4208 3827 4254 sanctum.

2245 4285 2328 4342 Ex
2366 4303 2476 4359 quo
2514 4291 2820 4347 ostenditur
2866 4292 2991 4362 quia
3021 4292 3282 4363 Spiritum
3321 4300 3580 4348 sanctum
3612 4292 3831 4361 accipere

2243 4396 2535 4453 possumus
2553 4423 2569 4450 ,
2603 4386 2736 4441 dare
2766 4399 2873 4440 non
2901 4399 3225 4456 possumus;
3258 4386 3356 4442 sed
3386 4394 3449 4440 ut
3477 4385 3649 4442 detur
3678 4381 3835 4439 Domi-

2246 4489 2378 4530 num
2404 4476 2741 4532 invocamus.
2806 4477 2874 4532 Et
2900 4487 3192 4550 propterea
3232 4479 3297 4534 ﬁt
3327 4493 3529 4535 manus
3560 4476 3832 4550 impositio.

548 4568 725 4624 omnia
750 4569 1013 4624 unctionis
1039 4567 1154 4623 oleo
1185 4567 1545 4635 consecrabis,
1578 4578 1635 4623 ut
1662 4570 1769 4624 sint
1791 4579 1976 4625 sancta
2015 4587 2141 4627 san-
2164 4585 2224 4649 ι)
2245 4576 2307 4623 ut
2332 4582 2432 4639 per
2457 4569 2762 4625 orationem
2790 4577 2844 4624 et
2873 4570 3306 4627 benedictionem
3334 4570 3644 4626 advocatus
3666 4569 3836 4625 invite-

545 4670 773 4717 ctorum.
813 4660 933 4718 Non
957 4662 1133 4718 solum
1155 4663 1359 4729 altare,
1393 4679 1582 4720 verum
1607 4665 1772 4720 etiam
1806 4664 1989 4719 omnia
2015 4679 2147 4721 vasa

546 4753 667 4810 oleo
692 4765 1102 4824 consecrantur,
1146 4758 1272 4827 quia
1303 4759 1484 4814 omnia
1514 4759 1760 4814 membra
1786 4758 2030 4815 ecclesia:
2051 4775 2150 4831 per

547 4845 784 4901 chrisma
810 4846 1109 4904 Christiani
1155 4848 1486 4906 elﬁeiuntur.
1547 4850 1869 4907 Sacerdotes
1908 4868 2146 4924 quoque,

546 4935 603 4992 id
649 4945 736 4993 est
779 4937 963 4995 Aaron
989 4947 1047 4997 et
1079 4940 1178 4996 ﬁlii
1208 4941 1358 5011 ejus,
1418 4942 1475 4998 in
1516 4951 1645 5014 typo
1685 4942 1942 5015 baptismi
1986 4956 2147 5004 antea

545 5042 686 5099 aqua
735 5029 1003 5098 lavantur,
1050 5042 1106 5088 et
1151 5042 1339 5103 postea
1376 5043 1673 5106 unguntur,
1713 5036 1852 5093 sicut
1880 5037 2141 5097 Dominus

546 5121 615 5177 ad
644 5119 882 5194 Moysem
919 5124 1038 5180 ait:
1091 5124 1391 5196 Applicabis
1435 5125 1616 5182 Aaron
1659 5137 1706 5183 et
1748 5127 1887 5198 ﬁlios
1912 5130 2026 5201 ejus
2068 5132 2139 5187 ad

547 5213 687 5285 fores
708 5215 1034 5273 tabernaculi
1066 5219 1368 5286 testimonii,
1396 5229 1444 5276 et
1474 5220 1608 5276 lotos
1631 5240 1769 5295 aqua
1801 5223 1987 5280 indues
2015 5243 2140 5281 san-

548 5305 643 5359 ctis
672 5306 921 5373 vestibus,
971 5318 1030 5363 ut
1072 5310 1546 5379 ministreutvmilti,
1597 5323 1647 5368 et
1673 5315 1851 5370 unctio
1871 5333 2053 5372 eorum
2080 5319 2137 5374 in

547 5397 898 5453 sacerdotium
944 5398 1188 5471 proﬁciat
1231 5403 1603 5473 sempiternum
1650 5403 1849 5477 (Exod.
1890 5422 1991 5474 XL,
2021 5408 2132 5481 15).

546 5489 608 5549 In
630 5491 829 5562 quibus
851 5492 1031 5549 verbis
1055 5495 1351 5550 notandum
1376 5495 1532 5554 valde
1553 5506 1636 5553 est
1661 5498 1807 5569 quod
1840 5500 2024 5555 unctio
2048 5499 2139 5555 illa

549 5583 730 5654 typica
758 5585 815 5640 in
839 5587 1204 5643 sacerdotium
1234 5588 1481 5661 proﬁciat
1521 5592 1908 5663 sempiternum
1934 5635 1950 5661 ,
1996 5594 2142 5666 quod

550 5682 638 5732 est
660 5674 863 5734 Christi
884 5686 940 5734 et
968 5679 1245 5738 Ecclesiae.
1273 5681 1409 5739 Nam
1437 5686 1798 5742 sacerdotium
1820 5686 1952 5742 illud
1978 5686 2139 5743 Levi-

622 5820 664 5893 ι·
686 5808 806 5893 Non
832 5822 1386 5893 erantcun1_peccato
1422 5820 1673 5893 originali
1702 5823 1929 5893 apostoli
1967 5838 2141 5893 quan—

551 5878 624 5937 do
648 5880 905 5955 baptizati
931 5898 1075 5944 sunt.
1134 5878 1341 5948 Sensus
1367 5907 1498 5963 ergo
1511 5878 1633 5959 3st,
1670 5878 1831 5950 talem
1856 5878 2025 5954 fuisse
2049 5878 2131 5951 eis

2245 4669 2335 4716 tur
2385 4660 2621 4733 Spiritus
2669 4671 2929 4718 sanctus:
2979 4670 3037 4719 et
3072 4672 3202 4720 tunc
3248 4662 3338 4719 ille
3369 4663 3837 4732 Paraclitus,posl

2243 4756 2468 4823 munda,
2496 4755 2779 4811 benedicta
2819 4765 2876 4813 et
2914 4764 3080 4812 uncta
3121 4770 3385 4827 corpora,
3411 4755 3601 4813 libens
3639 4773 3671 4813 a
3697 4753 3836 4812 Patre

2244 4847 2542 4903 descendit.

2315 4937 2497 5005 Quteri
2533 4945 2715 4994 autem
2761 4953 2793 4993 a
2835 4938 3161 5011 quibusdam
3205 4938 3379 5007 solet,
3426 4954 3563 4995 cum
3611 4937 3734 4996 fons
3759 4938 3837 4993 ba-

2246 5030 2518 5102 ptismatis
2539 5032 2657 5088 sine
2685 5029 2893 5103 Spiritu
2913 5041 3101 5089 sancto
3119 5032 3430 5088 nullatenus
3451 5031 3834 5091 sanetilicetur,

2244 5140 2423 5198 neque
2449 5126 2566 5182 sine
2590 5140 2656 5181 eo
2680 5134 3028 5197 peccatorum
3057 5127 3307 5183 remissio
3333 5125 3598 5191 donetur,
3641 5141 3739 5181 cur
3765 5137 3841 5179 ne-

2243 5235 2399 5277 cesse
2438 5228 2524 5275 est
2568 5228 2755 5291 postea
2800 5219 2921 5276 ﬁeri
2964 5234 3221 5275 manuum
3264 5217 3720 5291 impositionem?
3746 5213 3841 5271 Sed

2244 5313 2522 5369 sciendum
2554 5312 2739 5368 multis
2770 5312 2945 5369 modis
2984 5313 3101 5368 dari
3143 5311 3406 5383 Spiritum
3434 5321 3717 5377 sanctum,
3745 5323 3841 5365 non

2247 5405 2421 5461 solum
2448 5406 2503 5461 in
2523 5404 2815 5477 baptismo,
2846 5406 2942 5461 sed
2967 5406 3131 5461 etiam
3166 5413 3290 5477 post
3314 5406 3680 5475 baptismum.
3716 5402 3839 5457 Nam

2242 5498 2406 5553 etiam
2444 5497 2578 5568 ipsis
2621 5497 2881 5568 apostolis
2905 5498 3177 5554 credimus
3207 5499 3262 5553 in
3283 5497 3556 5569 baptismo
3588 5498 3840 5554 donatum

2244 5591 2508 5661 Spiritum
2539 5600 2809 5657 sanctum,
2852 5600 2914 5646 ut
2942 5592 3351 5649 remitterentur
3377 5607 3572 5647 eorum
3596 5600 3839 5662 peccata,

2243 5685 2356 5742 sive
2376 5700 2475 5755 per
2501 5686 2764 5759 originem
2786 5695 3032 5756 tractat,
3063 5688 3177 5744 sive
3197 5687 3474 5743 voluntate
3501 5693 3841 5759 perpetrata.

2242 5824 2424 5906 datum
2472 5823 2737 5906 Spiritum
2761 5865 2778 5893 ,
2808 5825 2903 5898 qui
2931 5840 3121 5883 omnes
3163 5839 3333 5899 genus
3368 5829 3736 5896 peccatorum
3759 5832 3839 5876 re-

2244 5903 2459 5951 mittere
2478 5904 2683 5967 posset.
