4012 6364
166 379 282 435 865

1180 377 1384 435 LIBER
1422 376 1513 435 DE
1552 372 2020 433 SACRAMENTO
2059 371 2394 431 BAPTlSMl.

3349 378 3459 439 868

164 487 382 541 lterum
409 492 533 553 post
559 482 1014 539 resurrectionem
1042 484 1277 551 Domini,
1310 486 1487 541 adhuc
1514 488 1630 557 ipso
1664 487 1768 540 Do-
1792 488 1846 549 Α
1871 484 2126 556 impletur
2156 485 2211 539 in
2236 484 2394 539 nobis
2420 484 2565 555 quod
2589 484 2822 540 dicitur:
2852 485 3044 543 Ponite
3064 491 3294 548 cidarim
3312 510 3469 550 mun-

166 580 329 636 mino
358 580 414 632 in
451 585 595 633 terra
625 575 978 641 consistente,
1002 587 1326 645 acceperunt
1356 576 1613 647 Spiritum
1640 594 1767 632 san-

166 681 348 734 ctum,
380 678 441 724 ut
477 669 743 722 baberent
764 676 1089 737 potestatem
1122 668 1205 722 vel
1226 670 1495 724 dimittere
1526 670 1610 725 vel
1636 672 1771 725 deti-

166 777 309 815 nere
333 760 564 815 aliorum
589 767 830 829 peccata.
888 757 1041 814 Sicut
1068 760 1328 829 scriptum
1363 769 1445 815 est
1479 779 1490 813 :
1540 760 1769 831 Accipite

166 852 437 924 Spiritum
489 863 748 906 sanctum.
802 850 1039 917 Quorum
1076 852 1378 907 dimiseritis
1406 862 1639 924 peccata,
1689 854 1770 909 di-

165 949 486 1011 mittentur;
514 957 562 1000 et
586 963 811 1017 quorum
833 946 1183 1013 detinueritis,
1207 946 1414 1001 detenta
1442 956 1613 1001 erunt.
1637 947 1771 1002 Ter-

166 1040 249 1095 tio
304 1048 630 1111 acceperunt
684 1039 946 1111 Spiritum
1002 1047 1248 1095 sanctum
1288 1036 1401 1106 jam
1449 1038 1675 1093 Domino
1712 1039 1769 1093 in

165 1136 313 1191 coelo
356 1134 612 1199 sedente,
665 1141 725 1187 ut
775 1132 1039 1188 haberent
1078 1135 1217 1188 dona
1257 1131 1469 1187 diversa
1500 1132 1555 1185 in
1581 1131 1769 1185 eodem

167 1226 421 1297 Spiritu;
455 1226 509 1280 id
537 1232 641 1291 est,
670 1225 897 1295 gratiam
922 1226 1210 1278 sanitatum
1230 1264 1245 1289 ,
1275 1224 1625 1293 operationem
1662 1222 1768 1275 vir-

166 1328 369 1381 tutum,
405 1317 762 1387 prophetiam,
814 1316 1179 1369 discretionem
1224 1315 1533 1385 spirituum,
1580 1330 1772 1385 genera

168 1410 520 1481 linguarum,
563 1410 1041 1477 interpretationem
1082 1425 1400 1462 sermonum.
1442 1406 1560 1461 Non
1599 1406 1771 1461 solum

169 1512 361 1555 autem
392 1500 605 1554 ad'haze
635 1499 887 1554 sublimia
917 1500 1056 1553 dona
1079 1498 1448 1569 percipienda,
1493 1499 1585 1553 sed
1606 1498 1770 1551 etiam

168 1594 237 1647 ad
264 1607 432 1647 omne
480 1607 615 1661 opus
649 1592 853 1645 bonum
881 1591 1150 1645 credimus
1188 1591 1302 1645 dari
1352 1588 1609 1659 Spiritum
1649 1604 1771 1643 san-

169 1696 344 1740 ctum.
391 1682 699 1753 Quicunque
728 1683 887 1746 enim,
935 1682 1009 1735 ait
1046 1681 1375 1751 Apostolus,
1419 1678 1619 1751 Spiritu
1672 1678 1771 1732 Dei

170 1786 429 1846 aguntur,
476 1775 529 1827 Ιιὶ
566 1774 667 1843 ﬁlii
693 1782 815 1827 sunt
852 1774 970 1827 Dei.
1027 1774 1167 1843 Ergo
1213 1774 1267 1827 in
1298 1772 1566 1843 baptismo
1596 1771 1657 1825 ﬁt
1683 1786 1771 1824 re-

1872 578 1999 633 dam
2027 595 2186 648 super
2210 586 2364 648 caput
2390 578 2538 648 ejus,
2569 588 2617 633 et
2650 579 2936 635 induerunt
2976 597 3094 635 eum
3122 583 3368 640 vestibus.
3397 586 3470 642 Ut

1870 672 2192 727 audiamus:
2225 669 2431 725 Fuistis
2475 670 2761 743 aliquando
2808 672 3067 740 tenebris,
3114 692 3252 730 nunc
3293 688 3469 733 autem

1870 763 2042 818 tumin
2060 763 2307 819 Domino.
2339 764 2441 831 Qui
2484 781 2583 835 per
2622 766 2950 836 baptismum
2997 770 3249 824 tenebras
3292 769 3463 842 [Egy-

1870 858 2109 927 ptiorum
2137 857 2354 923 evadit,
2398 865 2453 913 et
2497 874 2695 929 corpus
2744 859 2946 914 Christi
2984 859 3233 927 elIicitur,
3271 863 3468 919 merito

1870 948 2211 1005 vestimentis
2230 949 2367 1004 albis
2388 950 2631 1006 induitur
2648 967 2664 1017 ;
2681 951 2807 1021 quia
2821 961 2879 1006 et
2892 967 3019 1007 caro
3042 952 3243 1010 Christi
3265 956 3467 1011 mundo

1871 1038 2035 1094 linteo
2064 1040 2305 1095 involuta
2332 1040 2540 1111 sepulta
2570 1050 2671 1097 est.
2694 1040 2796 1109 Qui
2836 1058 2963 1099 cum
2987 1043 3207 1101 Christo
3232 1049 3407 1121 surgit
3435 1065 3467 1105 a

1869 1141 2047 1188 morte
2066 1148 2167 1205 per
2196 1133 2485 1188 transitum
2516 1135 2657 1189 sacri
2684 1134 2878 1203 fontis,
2905 1137 3101 1191 merito
3128 1138 3265 1195 albis
3292 1140 3471 1197 indui-

1872 1229 1962 1316 tur
1986 1238 2001 1277 :
2032 1224 2160 1295 quia
2188 1234 2245 1279 et
2271 1233 2438 1280 testes
2465 1227 2886 1283 resurrectionis
2908 1226 3053 1284 illius
3078 1230 3253 1287 sancti
3288 1233 3463 1305 angeli

1870 1321 1929 1370 In
1959 1316 2097 1372 albis
2122 1326 2493 1388 apparuerunt
2519 1319 2780 1375 vestibus.

1941 1407 2091 1463 Albae
2120 1418 2297 1463 autem
2329 1418 2509 1464 vestes
2546 1406 2946 1481 baptizatorum
2975 1421 3090 1470 tres
3114 1416 3466 1487 signiﬁcatio—

1872 1515 1971 1556 nes
2000 1509 2229 1571 gestant.
2261 1501 2434 1557 Unam
2473 1503 2538 1557 de
2569 1505 2879 1573 prmterito,
2912 1522 3030 1577 quae
3068 1507 3210 1563 facta
3252 1518 3335 1567 est
3369 1527 3470 1583 per

1874 1592 2274 1647 innovationem
2323 1593 2681 1663 baptismatis.
2710 1594 2887 1651 Aliam
2931 1599 2996 1653 de
3040 1602 3316 1668 praesenti,
3347 1619 3468 1673 quae

1874 1684 1936 1738 ﬁt
1956 1701 2054 1755 per
2079 1687 2369 1741 candorem
2394 1687 2677 1755 virtutum,
2702 1690 2843 1745 sicut
2864 1692 3127 1763 scriptum
3157 1704 3242 1750 est
3268 1714 3279 1749 :
3311 1695 3469 1752 Omni

1874 1783 2103 1847 tempore
2132 1778 2237 1831 sint
2274 1778 2578 1833 vestimenta
2624 1789 2714 1834 tua
2756 1782 3003 1837 candida.
3029 1784 3105 1839 De
3130 1787 3326 1856 quibus
3370 1788 3469 1843 ite—

172 1868 369 1926 nissio
410 1877 755 1938 peccatorum
776 1908 791 1932 ,
839 1868 895 1921 in
940 1867 1282 1937 impositione
1307 1881 1561 1920 manuum
1593 1865 1774 1920 confe—
1802 1858 1850 1918 B
1881 1880 2002 1920 rum
2036 1866 2234 1922 dicitur
2262 1886 2274 1921 :
2306 1868 2501 1923 Beatus
2524 1872 2612 1942 qui
2642 1871 2819 1942 vigilat
2841 1884 2890 1927 et
2915 1875 3141 1929 custodit
3165 1880 3468 1933 vestimenta

174 1972 375 2017 runtur
396 1962 535 2016 dona
580 1961 841 2016 virtutum
869 2003 883 2028 ,
939 1962 1080 2016 sicut
1122 1962 1316 2017 Petrus
1350 1962 1624 2032 apostolus
1654 1962 1731 2015 ait
1759 1980 1771 2015 :

173 2056 487 2125 Baptizetur
513 2055 729 2125 quisque
764 2064 987 2109 vestrum
1033 2056 1090 2109 in
1128 2056 1334 2108 nomine
1372 2054 1583 2109 Domini
1614 2055 1778 2108 nostri

175 2145 305 2201 Iesu
334 2146 532 2200 Christi
575 2149 629 2199 in
666 2147 1027 2201 remissionem
1068 2156 1399 2217 peccatorum
1425 2156 1482 2200 ut
1506 2147 1776 2217 accipiatis

176 2239 373 2292 donum
392 2237 621 2308 Spiritus
647 2240 811 2292 sancti
842 2238 978 2310 (Act.
1005 2256 1066 2305 ιι,
1085 2240 1199 2310 58).
1228 2238 1363 2293 Nam
1388 2255 1509 2309 qua:
1531 2240 1601 2293 sit
1622 2237 1775 2293 Με-

179 2332 350 2385 rentia
373 2330 631 2401 baptismi
654 2339 709 2385 el
729 2331 1063 2396 chrismatis,
1104 2331 1294 2385 beatus
1317 2330 1652 2401 Augustinus
1679 2346 1776 2385 ex-

179 2426 347 2494 ponit,
374 2425 561 2480 dieens
586 2445 597 2479 :
635 2446 653 2478 c
677 2426 905 2493 Quando
944 2428 1329 2483 exorcizantur
1346 2425 1607 2491 infantes,
1629 2425 1777 2480 velut

181 2516 514 2573 frumentum
535 2519 841 2586 moluntur;
871 2522 1089 2591 quando
1109 2521 1453 2589 baptizantur
1471 2560 1485 2583 ,
1521 2534 1777 2588 consper-

184 2618 410 2679 guntnr;
454 2611 672 2679 quando
704 2612 1092 2677 chrismantur,
1131 2620 1455 2680 coquuntur.
1483 2632 1498 2661 ι
1546 2610 1775 2665 Pulchra

186 2703 554 2772 comparatio!
590 2705 727 2759 Dum
758 2705 1034 2760 moluntur
1066 2724 1165 2777 per
1184 2707 1568 2771 exorcismum,
1614 2722 1643 2760 a
1680 2720 1778 2775 po-

192 2802 387 2849 testate
430 2795 625 2849 diaboli
674 2806 966 2863 eruantur;
1034 2799 1161 2853 dum
1205 2804 1637 2867 consperguntur
1678 2810 1777 2865 per

196 2884 550 2954 baptismum,
603 2906 634 2942 a
684 2898 1033 2957 peccatorum
1087 2890 1338 2945 sordibus
1375 2890 1774 2954 emundentur;

190 2979 316 3032 dum
337 2994 438 3048 per
463 2981 694 3035 chrisma
735 2991 1063 3051 coquuntur,
1122 2982 1295 3036 sancti
1343 2978 1579 3049 Spiritus
1602 2981 1777 3051 gratia

187 3067 523 3125 illustrentur
559 3079 615 3126 et
640 3072 1051 3127 conﬁrmentur.

776 3186 1003 3243 CAPUT
1044 3188 1177 3243 Vill.

677 3258 756 3312 De
778 3261 1093 3313 vestimentis
1122 3260 1276 3314 albis.

247 3348 522 3417 Baptizati
563 3350 701 3405 albis
741 3351 1041 3405 induuntur
1067 3353 1343 3418 vestibus,
1373 3360 1434 3406 ut
1464 3353 1581 3423 ipso
1615 3353 1781 3407 etiam

182 3440 369 3495 habitu
400 3443 686 3496 exterioris
716 3444 950 3498 hominis
978 3444 1353 3499 demonstrent
1376 3445 1781 3499 innovationem

184 3543 237 3588 et
264 3537 706 3591 emundationem
750 3537 1044 3591 interioris.
1076 3536 1178 3603 Qui
1222 3537 1366 3591 enim
1403 3538 1467 3591 de
1513 3544 1781 3606 potestate

182 3628 530 3681 tenebrarum
564 3628 887 3682 transfertur
911 3630 963 3682 in
993 3645 1217 3699 regnum
1244 3628 1379 3683 lucis
1407 3637 1460 3682 et
1487 3629 1777 3693 claritatis,

181 3728 578 3788 consequenter
623 3722 795 3774 utitur
824 3721 1161 3775 vestimentis
1196 3720 1332 3773 albis
1375 3720 1441 3774 ad
1478 3721 1783 3788 exemplum

179 3811 305 3868 Jesu
336 3830 449 3867 non
481 3814 654 3868 solum
683 3813 777 3866 lilii
799 3812 1095 3877 Josedech,
1135 3813 1229 3867 sed
1260 3821 1314 3866 et
1347 3810 1477 3865 Jesu
1508 3810 1630 3865 Filii
1663 3811 1777 3866 Dei.

180 3908 314 3962 Nam
348 3910 402 3962 in
428 3907 557 3963 Jesu
585 3908 695 3963 filio
715 3907 978 3963 Josedech
1008 3908 1413 3977 praeﬁguratum
1441 3915 1525 3960 est
1555 3904 1696 3975 quod
1726 3922 1781 3959 in

179 4001 305 4059 Iesu
336 4003 478 4058 Filio
515 4004 611 4057 Dei
654 4012 773 4059 erat
810 4002 1161 4072 implendum.
1211 4000 1305 4055 Ait
1350 4016 1479 4072 ergo
1520 4001 1779 4070 propheta

180 4097 481 4151 Zacharias
509 4115 523 4150 :
552 4096 623 4150 Et
645 4097 801 4151 Iesus
830 4106 940 4150 erat
963 4095 1181 4149 indutus
1208 4093 1431 4148 vestibus
1462 4092 1711 4156 sordidis,
1733 4102 1782 4144 et

180 4189 352 4241 stabat
384 4198 507 4241 ante
545 4187 735 4256 faciem
759 4185 951 4257 angeli.
977 4185 1081 4252 Qui
1110 4184 1388 4255 respondit
1416 4191 1470 4236 et
1491 4184 1567 4236 ait
1590 4182 1656 4236 ad
1686 4196 1780 4237 eos

180 4282 268 4349 qui
292 4282 516 4335 stabant
536 4295 722 4335 coram
747 4294 826 4344 se,
855 4280 1070 4333 dicens:
1096 4276 1310 4346 Auferte
1336 4276 1640 4330 vestimenta
1668 4289 1782 4328 sor-

180 4376 304 4429 dida
332 4374 400 4428 ab
430 4391 509 4427 eo.
540 4373 611 4427 Et
634 4373 771 4426 dixit
799 4372 867 4426 ad
893 4389 1012 4425 eum
1035 4385 1053 4422 :
1076 4371 1211 4424 Ecce
1232 4368 1424 4423 abstuli
1453 4387 1485 4422 a
1511 4378 1559 4421 te
1584 4366 1780 4437 iniqui-

181 4478 339 4523 tatem
372 4478 557 4531 tuam;
585 4475 633 4521 et
674 4464 822 4518 indui
866 4473 913 4518 te
957 4464 1287 4528 mutatoriis,
1326 4471 1373 4515 et
1411 4462 1525 4514 dixi
1548 4476 1565 4511 :
1593 4458 1781 4513 Ponite

182 4562 407 4617 cidarim
436 4560 689 4614 mundam
716 4575 871 4629 super
891 4569 1047 4628 caput
1076 4557 1211 4625 eius.
1240 4556 1309 4609 Et
1338 4557 1622 4610 induerunt
1662 4570 1780 4607 eum

1877 1976 2009 2025 sua,
2039 1976 2103 2014 ne
2131 1960 2303 2015 nudus
2327 1960 2573 2015 ambulet.
2602 1962 2837 2018 Tertiam
2880 1966 2947 2020 de
2977 1966 3179 2035 futuro,
3207 1986 3327 2041 qua:
3351 1987 3471 2041 spe-

1880 2066 2033 2109 ratur
2073 2055 2129 2108 in
2155 2064 2357 2110 aeterna
2378 2056 2487 2110 vita
2532 2073 2630 2127 per
2670 2058 2975 2115 claritatem
3024 2062 3466 2121 immortalitatis.

1880 2144 2036 2201 Unde
2062 2145 2297 2202 Joannes
2320 2148 2592 2217 apostolus
2622 2151 2822 2206 vidisse
2853 2168 2911 2208 se
2936 2152 3067 2208 dicit
3106 2155 3473 2211 innumerabi-

1878 2238 1959 2294 les
1981 2248 2186 2295 stantes
2231 2248 2355 2294 ante
2384 2241 2639 2295 thronum
2673 2243 2727 2296 in
2755 2256 3050 2315 conspectu
3077 2246 3216 2319 Agni
3243 2251 3473 2306 amictos

1880 2330 2033 2384 stolis
2062 2330 2218 2395 albis,
2246 2340 2303 2385 et
2326 2332 2651 2403 interrogari
2680 2333 2749 2387 ab
2773 2350 2880 2389 uno
2911 2336 2978 2390 de
3018 2338 3322 2395 senioribus
3348 2359 3360 2394 :
3396 2341 3471 2396 Ili

1878 2420 1969 2491 qui
2000 2421 2178 2474 amicti
2200 2431 2318 2475 sunt
2346 2422 2493 2476 stolis
2516 2423 2671 2489 albis,
2696 2426 2785 2495 qui
2811 2435 2930 2479 sunt
2957 2436 3006 2479 et
3026 2428 3165 2481 unde
3187 2433 3474 2486 venerunt?

1879 2520 1935 2567 et
1959 2512 2027 2566 ab
2056 2528 2120 2567 eo
2147 2513 2360 2570 audisse
2384 2533 2396 2568 :
2424 2513 2499 2568 Hi
2521 2524 2643 2568 sunt
2667 2515 2755 2586 qui
2778 2526 3030 2571 venerunt
3051 2517 3115 2571 de
3135 2519 3473 2577 tribulatione

1878 2624 2071 2679 magna
2090 2618 2138 2663 et
2165 2608 2402 2664 laverunt
2420 2610 2578 2664 stolas
2591 2628 2714 2664 suas
2730 2612 2786 2664 in
2801 2612 3054 2681 sanguine
3074 2614 3215 2683 agni.
3244 2612 3475 2684 Propter

1878 2701 1979 2756 has
2006 2702 2169 2772 igitur
2190 2702 2557 2758 dealbationes
2578 2711 2910 2768 renatorum,
2942 2703 3194 2757 dicuntur
3222 2719 3319 2774 per
3341 2703 3475 2763 Pro-

1876 2794 2099 2864 phetam
2126 2792 2221 2847 lilii
2251 2794 2381 2849 Sion
2402 2794 2734 2849 candidiores
2758 2793 2914 2860 lacte,
2933 2794 3330 2852 rubicundiores
3356 2796 3473 2851 ebo-

1880 2903 1935 2941 re
1956 2889 2182 2957 pretioso
2214 2887 2453 2959 (Thren.,
2477 2904 2551 2955 ιν,
2579 2888 2655 2958 7).
2685 2889 2753 2943 Et
2782 2888 3041 2944 Dominus
3072 2889 3263 2961 angelo
3282 2889 3477 2945 Laodi-

1879 2980 1976 3036 cia:
2004 2981 2167 3035 scribi
2190 2980 2343 3049 jubet
2384 2996 2481 3050 per
2509 2980 2810 3036 Joannem:
2837 2980 3046 3036 Suadeo
3097 2980 3191 3035 tibi
3239 2999 3407 3037 emere
3441 3000 3475 3035 a

1879 3092 1961 3129 me
1988 3092 2178 3129 aurum
2200 3076 2441 3145 ignitum,
2473 3074 2781 3145 probatum,
2808 3084 2865 3127 ut
2905 3073 3133 3145 locuples
3164 3074 3291 3143 ﬁas,
3318 3084 3364 3128 et
3392 3090 3476 3127 ve-

1878 3169 2134 3223 stimentis
2165 3168 2295 3222 albis
2338 3169 2577 3222 induaris
2603 3166 2786 3240 (Apoc.
2821 3184 2917 3233 ιιι,
2950 3166 3059 3231 18).
3090 3167 3296 3237 Viginti
3342 3182 3475 3235 qua-

1806 3248 1852 3311 C
1882 3268 2007 3315 tuor
2046 3277 2258 3331 quoque
2298 3263 2539 3317 seniores
2562 3262 2747 3315 sedere
2777 3261 3030 3315 dicuntur
3058 3275 3221 3329 super
3247 3261 3473 3315 thronos

1883 3355 2075 3425 viginti
2110 3362 2340 3424 quatuor
2375 3354 2766 3409 circnmamicti
2789 3353 3129 3408 vestimentis
3165 3353 3318 3416 albis,
3344 3360 3398 3406 et
3420 3353 3472 3406 in

1882 3448 2149 3517 capitibus
2183 3464 2367 3503 eorum
2405 3463 2618 3502 coronae
2647 3462 2844 3501 aureae.
2874 3446 2941 3499 Et
2970 3445 3220 3499 omnibus
3245 3445 3300 3498 in
3327 3460 3475 3499 com-

1881 3554 2043 3593 mune
2064 3540 2361 3595 victoribus
2382 3540 2749 3609 promittitur:
2778 3537 2883 3604 Qui
2903 3536 3105 3602 vicerit,
3127 3537 3203 3591 sic
3230 3537 3476 3591 vestietur

1882 3634 2197 3687 vestimentis
2228 3632 2381 3686 albis.

2484 3725 2710 3781 CAPUT
2766 3724 2857 3781 IX.

2171 3819 2249 3873 De
2277 3835 2491 3889 corpore
2513 3818 2791 3871 Dominico
2822 3833 2885 3870 ac
2915 3818 3191 3887 sanguine.

1953 3911 2177 3981 Oportet
2204 3896 2487 3966 renovatos
2516 3926 2613 3981 per
2638 3911 2965 3979 baptismum
3005 3926 3207 3965 mensae
3231 3910 3473 3965 Domini-

1883 4020 1961 4060 ea:
1996 4004 2287 4074 applicari,
2319 4012 2380 4057 ut
2428 4010 2701 4057 sumentes
2742 4018 2939 4073 panem
2987 4003 3079 4071 qui
3118 4020 3209 4056 cor
3251 4004 3476 4057 hominis

1883 4096 2242 4165 conﬁrmat,et
2266 4095 2444 4147 vinum
2461 4092 2601 4164 quod
2632 4092 2888 4162 lteli/icat,
2918 4092 3097 4147 dicere
3118 4093 3327 4163 possint
3353 4110 3476 4149 cum

1882 4187 2171 4242 Psalmista
2203 4201 2216 4239 :
2246 4186 2415 4255 Super
2446 4202 2639 4255 aquam
2670 4185 2968 4255 refectionis
3007 4186 3187 4238 eduxit
3218 4202 3329 4251 me,
3362 4188 3478 4239 ani-

1882 4295 2022 4331 mant
2046 4293 2213 4330 meam
2247 4276 2322 4329 ibi
2352 4277 2617 4329 convertit.
2652 4275 2719 4329 Et
2761 4284 2882 4345 post
2912 4274 3225 4344 paululum:
3260 4273 3476 4329 Parasti

1880 4370 1938 4423 in
1962 4379 2237 4440 conspectu
2266 4385 2378 4421 meo
2410 4348 2655 4421 mensam.
2674 4367 2923 4421 adversus
2961 4382 3047 4419 eos
3090 4366 3178 4436 qui
3222 4365 3476 4419 tribulant

1883 4480 1984 4516 me.
2011 4461 2114 4528 Qui
2145 4462 2289 4515 enim
2320 4460 2453 4515 dixit
2478 4479 2491 4513 :
2527 4459 2647 4514 Nisi
2675 4460 2791 4530 quis
2824 4468 3033 4512 renatus
3057 4458 3216 4528 fuerit
3243 4476 3307 4513 ea:
3335 4475 3475 4528 aqua

1883 4565 1931 4609 et
1962 4553 2164 4626 Spiritu
2195 4563 2407 4619 sancto,
2459 4570 2561 4607 non
2606 4552 2817 4607 intrabit
2847 4552 2902 4604 in
2935 4567 3151 4621 regnum
3195 4550 3473 4616 caelorum;

182 4654 408 4709 vestibus
433 4650 620 4723 (Zach.
651 4666 712 4705 ιιι
736 4690 751 4715 ,
775 4649 839 4713 4,
871 4648 946 4720 5).
976 4648 1106 4714 Qua:
1135 4648 1263 4702 licet
1291 4647 1346 4700 in
1384 4645 1610 4700 Domino
1642 4644 1771 4699 Jesu
1794 4638 1848 4699 Ι)
1874 4647 2011 4701 dixit
2040 4661 2054 4699 :
2086 4646 2207 4701 Nisi
2242 4644 2683 4699 manducaveritis
2714 4659 2923 4696 carnem
2947 4658 3137 4706 meam,
3169 4652 3217 4695 et
3243 4641 3474 4695 biberitis

182 4747 400 4803 Christo
430 4761 498 4800 ex
526 4752 682 4814 parte
706 4741 926 4811 impleta
958 4749 1101 4805 sunt,
1126 4741 1299 4811 magis
1327 4747 1506 4792 tamen
1531 4737 1581 4791 in
1610 4752 1775 4790 mem-

180 4840 296 4896 bris
316 4837 437 4907 ejus
458 4835 698 4907 quotidie
726 4834 1035 4903 implentur.
1069 4833 1198 4886 Erat
1220 4831 1436 4900 quidem
1458 4830 1635 4897 aliquo
1660 4843 1775 4882 mo~

184 4931 249 4984 do
272 4938 329 4984 et
359 4928 621 4983 Dominus
648 4926 866 4980 indutus
900 4925 1139 4980 vestibus
1173 4922 1406 4979 sordidis
1429 4963 1442 4985 ,
1490 4920 1615 4991 quia
1652 4934 1776 4975 cum

185 5040 287 5077 non
308 5022 515 5092 fecisset
539 5028 825 5090 peccatum,
858 5034 952 5088 pro
981 5018 1126 5071 nobis
1160 5027 1428 5087 peccatum
1466 5016 1636 5085 factus
1664 5022 1771 5079 est,

185 5124 231 5168 et
252 5117 365 5185 ipse
386 5113 719 5183 inﬁrmitates
744 5120 949 5164 nostras
967 5110 1209 5181 portavit,
1233 5118 1279 5161 et
1302 5124 1394 5178 pro
1418 5106 1563 5160 nobis
1586 5105 1774 5160 doluit.

187 5205 396 5259 Tamen
424 5204 551 5274 quia
576 5204 631 5257 in
664 5202 755 5256 illo
784 5202 929 5256 nulla
959 5200 1060 5254 fuit
1097 5201 1358 5269 iniquitas
1398 5216 1517 5268 qua:
1545 5199 1785 5253 auferre-

186 5304 297 5365 tur,
340 5297 438 5353 sed
474 5294 776 5349 vulneratus
826 5303 901 5349 est
946 5302 1156 5364 propter
1194 5294 1493 5364 iniquitates
1542 5300 1783 5357 nostras;

185 5388 409 5447 sordida
435 5388 757 5445 vestimenta
786 5384 1105 5441 auferuntur
1133 5402 1163 5439 a
1200 5384 1356 5439 nobis
1380 5425 1394 5449 ,
1437 5399 1559 5437 cum
1600 5390 1788 5438 nostra

187 5490 413 5552 peccata
436 5480 703 5546 delentur,
735 5487 791 5533 ut
811 5486 1156 5548 resurgentes
1176 5477 1232 5531 in
1256 5492 1340 5541 eo,
1365 5476 1647 5530 audiamus
1665 5482 1789 5544 post

188 5573 500 5645 baptisma:
527 5570 661 5625 Ecce
688 5570 839 5624 indui
866 5578 913 5623 te
935 5569 1252 5622 mutatoriis.
1285 5568 1353 5621 Et
1390 5566 1519 5622 illud
1552 5566 1695 5637 quod
1730 5565 1789 5620 in

190 5666 419 5722 Cantico
448 5665 647 5720 dicitur
667 5663 1025 5719 canticorum.
1062 5660 1193 5727 Quae
1216 5670 1290 5714 est
1316 5660 1441 5727 ista,
1466 5676 1583 5731 qua:
1611 5675 1789 5713 ascen-

189 5758 269 5814 dit
298 5757 582 5814 dealbata?
604 5757 672 5812 Et
698 5765 984 5827 postquam
1021 5755 1078 5809 in
1115 5755 1291 5823 capite
1328 5753 1600 5823 ungimur,
1631 5749 1787 5823 quasi

263 5879 292 5915 ι
318 5872 520 5943 Expos.
558 5872 795 5928 inchoat.
824 5869 996 5939 Epist.
1026 5866 1094 5925 ad
1124 5867 1307 5934 Rom.,
1338 5882 1489 5922 num.
1520 5866 1607 5920 l3.

1884 4741 2192 4811 sanguinem
2232 4755 2403 4793 meum
2425 4779 2439 4804 ,
2470 4754 2574 4791 non
2610 4734 2863 4789 habebitis
2884 4735 3043 4787 vitam
3068 4735 3122 4787 in
3152 4734 3316 4787 vobis.
3345 4732 3474 4788 Om-

1888 4834 1975 4888 nis
2004 4834 2106 4887 ista
2132 4832 2397 4887 sententia
2427 4837 2589 4893 tenet,
2616 4835 2676 4882 ut
2702 4828 2819 4883 sine
2843 4842 3070 4897 corpore
3116 4835 3171 4882 et
3213 4828 3476 4899 sanguine

1888 4928 1983 4982 ﬁlii
2014 4928 2247 4981 hominis
2272 4927 2438 4980 vitam
2478 4923 2678 4978 habere
2702 4940 2810 4979 non
2854 4923 3082 4994 possint.
3106 4923 3248 4979 Dicit
3276 4925 3471 4981 iterum

1881 5019 2181 5073 Dominus:
2217 5015 2383 5070 Panis
2403 5032 2555 5088 quem
2580 5032 2671 5086 ego
2702 5014 2915 5081 dedero,
2949 5032 3072 5070 caro
3099 5033 3213 5070 mea
3263 5027 3338 5071 est
3377 5035 3472 5088 pro

1882 5112 2064 5168 sreculi
2085 5113 2209 5166 vita.
2228 5108 2421 5164 διεσαιὶ
2445 5110 2551 5162 vita
2572 5110 2791 5164 nomine
2810 5109 3058 5165 homines
3079 5110 3471 5183 signiﬁcantur,

1884 5207 1977 5277 qui
2019 5204 2291 5261 nascendo
2337 5203 2393 5258 in
2433 5203 2538 5259 hoc
2580 5202 2837 5258 saeculum
2861 5203 3123 5258 veniunt:
3157 5220 3223 5259 ac
3249 5220 3346 5275 per
3370 5204 3474 5259 hoc

1882 5311 1983 5367 pro
2010 5296 2291 5351 hominum
2321 5294 2433 5348 vita
2456 5309 2583 5349 caro
2615 5292 2819 5348 Christi
2864 5293 2988 5347 data
3015 5302 3127 5357 est,
3175 5310 3337 5364 quam
3369 5293 3472 5349 nisi

1886 5388 2351 5454 manducaverint,
2392 5403 2501 5443 non
2534 5387 2810 5442 habebunt
2833 5387 3002 5441 vitam
3031 5393 3311 5442 mternam.
3336 5384 3474 5440 Bea-

1888 5488 1977 5535 tus
1995 5494 2228 5548 namque
2242 5477 2575 5547 Augustinus
2596 5476 2652 5531 in
2672 5476 2906 5545 quodam
2920 5475 3038 5531 loco
3055 5489 3080 5517 ι
3092 5476 3198 5530 ait:
3221 5494 3239 5526 ι
3261 5474 3474 5544 Optime

1889 5568 2078 5624 Punici
2103 5569 2385 5624 christiani
2407 5567 2737 5637 baptismum
2762 5567 2941 5637 ipsum
2967 5567 3102 5622 nihil
3137 5565 3282 5621 aliud
3308 5580 3472 5634 quam

1889 5661 2117 5717 salutem
2136 5678 2159 5729 ί
2184 5670 2237 5715 et
2261 5668 2663 5715 sacramentum
2681 5661 2926 5729 corporis
2946 5657 3148 5714 Christi
3173 5656 3308 5711 nihil
3327 5654 3473 5712 aliud

1886 5772 2046 5827 quam
2073 5755 2239 5810 vitam
2269 5763 2484 5811 vocant.
2513 5753 2700 5811 Unde?
2726 5754 2830 5810 nisi
2870 5770 2937 5811 ex
2978 5752 3219 5822 antiqua,
3245 5755 3306 5805 ut
3327 5746 3474 5806 aesti—
