  <div class='ocr_page' id='page_1' title='image "/cluster/home/n/w/nwhite01/storage/ocr_20150623/99/hvd.32044015466790/467.png"; bbox 0 0 4012 6364; ppageno 0'>
   <div class='ocr_carea' id='block_1_1' title="bbox 533 528 2114 603">
    <p class='ocr_par' dir='ltr' id='par_1_1' title="bbox 533 528 2114 603">
     <span class='ocr_line' id='line_1_1' title="bbox 533 528 2114 603; baseline -0.006 -11"><span class='ocrx_word' id='word_1_1' title='bbox 533 536 759 592; x_wconf 76' lang='lat' dir='ltr'><strong>insitum</strong></span> <span class='ocrx_word' id='word_1_2' title='bbox 799 540 1019 598; x_wconf 65' lang='lat' dir='ltr'><strong>tenuit,</strong></span> <span class='ocrx_word' id='word_1_3' title='bbox 1046 546 1144 603; x_wconf 79' lang='lat' dir='ltr'><strong>per</strong></span> <span class='ocrx_word' id='word_1_4' title='bbox 1174 530 1503 602; x_wconf 82' lang='lat' dir='ltr'><strong>baptismum</strong></span> <span class='ocrx_word' id='word_1_5' title='bbox 1546 537 1605 585; x_wconf 82' lang='lat' dir='ltr'><strong>et</strong></span> <span class='ocrx_word' id='word_1_6' title='bbox 1644 528 2114 600; x_wconf 70' lang='lat' dir='ltr'><strong>participationem</strong></span> 
     </span>
    </p>
   </div>
   <div class='ocr_carea' id='block_1_2' title="bbox 534 618 2116 695">
    <p class='ocr_par' dir='ltr' id='par_1_2' title="bbox 534 618 2116 695">
     <span class='ocr_line' id='line_1_2' title="bbox 534 618 2116 695; baseline -0.006 -10"><span class='ocrx_word' id='word_1_7' title='bbox 534 643 738 685; x_wconf 67' lang='lat' dir='ltr'><strong>tum</strong></span> <span class='ocrx_word' id='word_1_8' title='bbox 771 626 1091 689; x_wconf 60' lang='lat' dir='ltr'><strong>dominicae,</strong></span> <span class='ocrx_word' id='word_1_9' title='bbox 1128 638 1238 680; x_wconf 88' lang='lat' dir='ltr'><strong>non</strong></span> <span class='ocrx_word' id='word_1_10' title='bbox 1275 623 1448 681; x_wconf 86' lang='lat' dir='ltr'><strong>solum</strong></span> <span class='ocrx_word' id='word_1_11' title='bbox 1477 623 1546 679; x_wconf 89' lang='lat' dir='ltr'><strong>ad</strong></span> <span class='ocrx_word' id='word_1_12' title='bbox 1595 636 1821 695; x_wconf 82' lang='lat' dir='ltr'><strong>regnum</strong></span> <span class='ocrx_word' id='word_1_13' title='bbox 1854 621 1978 688; x_wconf 88' lang='lat' dir='ltr'><strong>Dei,</strong></span> <span class='ocrx_word' id='word_1_14' title='bbox 2018 618 2116 676; x_wconf 86' lang='lat' dir='ltr'><strong>sed</strong></span> 
     </span>
    </p>
   </div>
   <div class='ocr_carea' id='block_1_3' title="bbox 532 708 2114 787">
    <p class='ocr_par' dir='ltr' id='par_1_3' title="bbox 532 708 2114 787">
     <span class='ocr_line' id='line_1_3' title="bbox 532 708 2114 787; baseline -0.003 -12"><span class='ocrx_word' id='word_1_15' title='bbox 532 735 636 783; x_wconf 77' lang='lat' dir='ltr'><strong>nec</strong></span> <span class='ocrx_word' id='word_1_16' title='bbox 678 720 748 775; x_wconf 91' lang='lat' dir='ltr'><strong>ad</strong></span> <span class='ocrx_word' id='word_1_17' title='bbox 794 718 1025 774; x_wconf 84' lang='lat' dir='ltr'><strong>salutem</strong></span> <span class='ocrx_word' id='word_1_18' title='bbox 1060 726 1118 773; x_wconf 85' lang='lat' dir='ltr'><strong>et</strong></span> <span class='ocrx_word' id='word_1_19' title='bbox 1145 717 1313 775; x_wconf 84' lang='lat' dir='ltr'><strong>vitam</strong></span> <span class='ocrx_word' id='word_1_20' title='bbox 1342 724 1599 771; x_wconf 65' lang='lat' dir='ltr'><strong>atternam</strong></span> <span class='ocrx_word' id='word_1_21' title='bbox 1626 730 1785 787; x_wconf 87' lang='lat' dir='ltr'><strong>posse</strong></span> <span class='ocrx_word' id='word_1_22' title='bbox 1810 708 2114 786; x_wconf 80' lang='lat' dir='ltr'><strong>pervenire.</strong></span> 
     </span>
    </p>
   </div>
   <div class='ocr_carea' id='block_1_4' title="bbox 534 806 2118 878">
    <p class='ocr_par' dir='ltr' id='par_1_4' title="bbox 534 806 2118 878">
     <span class='ocr_line' id='line_1_4' title="bbox 534 806 2118 878; baseline -0.001 -13"><span class='ocrx_word' id='word_1_23' title='bbox 534 808 649 865; x_wconf 80' lang='lat' dir='ltr'><strong>Hoc</strong></span> <span class='ocrx_word' id='word_1_24' title='bbox 677 809 825 867; x_wconf 81' lang='lat' dir='ltr'><strong>enim</strong></span> <span class='ocrx_word' id='word_1_25' title='bbox 851 816 911 863; x_wconf 78' lang='lat' dir='ltr'><strong>et</strong></span> <span class='ocrx_word' id='word_1_26' title='bbox 929 806 1212 878; x_wconf 71' lang='lat' dir='ltr'><strong>Scriptura</strong></span> <span class='ocrx_word' id='word_1_27' title='bbox 1240 815 1497 867; x_wconf 88' lang='lat' dir='ltr'><strong>testatur.</strong></span> <span class='ocrx_word' id='word_1_28' title='bbox 1528 807 1664 863; x_wconf 82' lang='lat' dir='ltr'><strong>Nam</strong></span> <span class='ocrx_word' id='word_1_29' title='bbox 1687 808 1817 877; x_wconf 84' lang='lat' dir='ltr'><strong>quid</strong></span> <span class='ocrx_word' id='word_1_30' title='bbox 1854 807 2000 862; x_wconf 82' lang='lat' dir='ltr'><strong>aliud</strong></span> <span class='ocrx_word' id='word_1_31' title='bbox 2038 814 2118 863; x_wconf 86' lang='lat' dir='ltr'><strong>te-</strong></span> 
     </span>
    </p>
   </div>
   <div class='ocr_carea' id='block_1_5' title="bbox 535 899 2116 971">
    <p class='ocr_par' dir='ltr' id='par_1_5' title="bbox 535 899 2116 971">
     <span class='ocr_line' id='line_1_5' title="bbox 535 899 2116 971; baseline -0.003 -12"><span class='ocrx_word' id='word_1_32' title='bbox 535 910 666 959; x_wconf 84' lang='lat' dir='ltr'><strong>nent</strong></span> <span class='ocrx_word' id='word_1_33' title='bbox 692 900 789 971; x_wconf 71' lang='lat' dir='ltr'><strong>qui</strong></span> <span class='ocrx_word' id='word_1_34' title='bbox 814 901 1140 970; x_wconf 72' lang='lat' dir='ltr'><strong>baptismum</strong></span> <span class='ocrx_word' id='word_1_35' title='bbox 1168 900 1385 956; x_wconf 80' lang='lat' dir='ltr'><strong>nomine</strong></span> <span class='ocrx_word' id='word_1_36' title='bbox 1425 900 1616 957; x_wconf 88' lang='lat' dir='ltr'><strong>salutis</strong></span> <span class='ocrx_word' id='word_1_37' title='bbox 1661 900 1929 971; x_wconf 82' lang='lat' dir='ltr'><strong>appellant</strong></span> <span class='ocrx_word' id='word_1_38' title='bbox 1957 940 1972 966; x_wconf 93' lang='lat'><strong>,</strong></span> <span class='ocrx_word' id='word_1_39' title='bbox 2012 899 2116 954; x_wconf 87' lang='lat' dir='ltr'><strong>nisi</strong></span> 
     </span>
    </p>
   </div>
   <div class='ocr_carea' id='block_1_6' title="bbox 535 990 2119 1063">
    <p class='ocr_par' dir='ltr' id='par_1_6' title="bbox 535 990 2119 1063">
     <span class='ocr_line' id='line_1_6' title="bbox 535 990 2119 1063; baseline -0.002 -14"><span class='ocrx_word' id='word_1_40' title='bbox 535 993 680 1063; x_wconf 70' lang='lat' dir='ltr'><strong>quod</strong></span> <span class='ocrx_word' id='word_1_41' title='bbox 702 992 907 1049; x_wconf 77' lang='lat' dir='ltr'><strong>dictum</strong></span> <span class='ocrx_word' id='word_1_42' title='bbox 936 1000 1060 1048; x_wconf 87' lang='lat' dir='ltr'><strong>est:</strong></span> <span class='ocrx_word' id='word_1_43' title='bbox 1089 992 1284 1049; x_wconf 76' lang='lat' dir='ltr'><strong>Salvos</strong></span> <span class='ocrx_word' id='word_1_44' title='bbox 1314 1006 1413 1048; x_wconf 88' lang='lat' dir='ltr'><strong>nos</strong></span> <span class='ocrx_word' id='word_1_45' title='bbox 1438 991 1565 1048; x_wconf 80' lang='lat' dir='ltr'><strong>fecit</strong></span> <span class='ocrx_word' id='word_1_46' title='bbox 1596 1006 1695 1062; x_wconf 84' lang='lat' dir='ltr'><strong>per</strong></span> <span class='ocrx_word' id='word_1_47' title='bbox 1728 990 2004 1047; x_wconf 75' lang='lat' dir='ltr'><strong>lavacrum</strong></span> <span class='ocrx_word' id='word_1_48' title='bbox 2033 1005 2119 1046; x_wconf 90' lang='lat' dir='ltr'><strong>re-</strong></span> 
     </span>
    </p>
   </div>
   <div class='ocr_carea' id='block_1_7' title="bbox 532 1084 2116 1159">
    <p class='ocr_par' dir='ltr' id='par_1_7' title="bbox 532 1084 2116 1159">
     <span class='ocr_line' id='line_1_7' title="bbox 532 1084 2116 1159; baseline -0.003 -16"><span class='ocrx_word' id='word_1_49' title='bbox 532 1086 933 1159; x_wconf 72' lang='lat' dir='ltr'><strong>generationis?</strong></span> <span class='ocrx_word' id='word_1_50' title='bbox 981 1084 1123 1153; x_wconf 78' lang='lat' dir='ltr'><strong>Quid</strong></span> <span class='ocrx_word' id='word_1_51' title='bbox 1167 1085 1315 1141; x_wconf 87' lang='lat' dir='ltr'><strong>aliud</strong></span> <span class='ocrx_word' id='word_1_52' title='bbox 1354 1086 1521 1142; x_wconf 88' lang='lat' dir='ltr'><strong>etiam</strong></span> <span class='ocrx_word' id='word_1_53' title='bbox 1572 1086 1668 1156; x_wconf 91' lang='lat' dir='ltr'><strong>qui</strong></span> <span class='ocrx_word' id='word_1_54' title='bbox 1714 1093 2116 1141; x_wconf 72' lang='lat' dir='ltr'><strong>sacramentum</strong></span> 
     </span>
    </p>
   </div>
   <div class='ocr_carea' id='block_1_8' title="bbox 535 1178 2117 1249">
    <p class='ocr_par' dir='ltr' id='par_1_8' title="bbox 535 1178 2117 1249">
     <span class='ocr_line' id='line_1_8' title="bbox 535 1178 2117 1249; baseline -0.006 -9"><span class='ocrx_word' id='word_1_55' title='bbox 535 1196 735 1249; x_wconf 70' lang='lat' dir='ltr'><strong>mense</strong></span> <span class='ocrx_word' id='word_1_56' title='bbox 758 1180 1054 1236; x_wconf 68' lang='lat' dir='ltr'><strong>Dominice</strong></span> <span class='ocrx_word' id='word_1_57' title='bbox 1102 1181 1269 1236; x_wconf 81' lang='lat' dir='ltr'><strong>vitam</strong></span> <span class='ocrx_word' id='word_1_58' title='bbox 1313 1187 1542 1245; x_wconf 82' lang='lat' dir='ltr'><strong>vocant,</strong></span> <span class='ocrx_word' id='word_1_59' title='bbox 1591 1178 1698 1234; x_wconf 89' lang='lat' dir='ltr'><strong>nisi</strong></span> <span class='ocrx_word' id='word_1_60' title='bbox 1743 1179 1885 1249; x_wconf 85' lang='lat' dir='ltr'><strong>quod</strong></span> <span class='ocrx_word' id='word_1_61' title='bbox 1909 1178 2117 1237; x_wconf 87' lang='lat' dir='ltr'><strong>dictum</strong></span> 
     </span>
    </p>
   </div>
   <div class='ocr_carea' id='block_1_9' title="bbox 534 1267 2118 1341">
    <p class='ocr_par' dir='ltr' id='par_1_9' title="bbox 534 1267 2118 1341">
     <span class='ocr_line' id='line_1_9' title="bbox 534 1267 2118 1341; baseline -0.003 -14"><span class='ocrx_word' id='word_1_62' title='bbox 534 1279 617 1327; x_wconf 88' lang='lat' dir='ltr'><strong>est</strong></span> <span class='ocrx_word' id='word_1_63' title='bbox 643 1290 655 1324; x_wconf 88' lang='lat'>:</span> <span class='ocrx_word' id='word_1_64' title='bbox 675 1269 837 1325; x_wconf 88' lang='lat' dir='ltr'><strong>Panis</strong></span> <span class='ocrx_word' id='word_1_65' title='bbox 858 1285 1017 1340; x_wconf 88' lang='lat' dir='ltr'><strong>quem</strong></span> <span class='ocrx_word' id='word_1_66' title='bbox 1038 1284 1138 1341; x_wconf 97' lang='lat' dir='ltr'><strong>ego</strong></span> <span class='ocrx_word' id='word_1_67' title='bbox 1159 1270 1355 1326; x_wconf 78' lang='lat' dir='ltr'><strong>dedero</strong></span> <span class='ocrx_word' id='word_1_68' title='bbox 1371 1311 1385 1335; x_wconf 88' lang='lat'><strong><em>.</em></strong></span> <span class='ocrx_word' id='word_1_69' title='bbox 1409 1285 1540 1327; x_wconf 88' lang='lat' dir='ltr'><strong>caro</strong></span> <span class='ocrx_word' id='word_1_70' title='bbox 1562 1284 1685 1325; x_wconf 87' lang='lat' dir='ltr'><strong>mea</strong></span> <span class='ocrx_word' id='word_1_71' title='bbox 1708 1277 1793 1325; x_wconf 89' lang='lat' dir='ltr'><strong>est</strong></span> <span class='ocrx_word' id='word_1_72' title='bbox 1817 1283 1917 1339; x_wconf 90' lang='lat' dir='ltr'><strong>pro</strong></span> <span class='ocrx_word' id='word_1_73' title='bbox 1937 1267 2118 1323; x_wconf 67' lang='lat' dir='ltr'><strong>saeculi</strong></span> 
     </span>
    </p>
   </div>
   <div class='ocr_carea' id='block_1_10' title="bbox 532 1360 2115 1434">
    <p class='ocr_par' dir='ltr' id='par_1_10' title="bbox 532 1360 2115 1434">
     <span class='ocr_line' id='line_1_10' title="bbox 532 1360 2115 1434; baseline -0.003 -15"><span class='ocrx_word' id='word_1_74' title='bbox 532 1363 676 1419; x_wconf 73' lang='lat' dir='ltr'><strong>vita?</strong></span> <span class='ocrx_word' id='word_1_75' title='bbox 700 1361 849 1425; x_wconf 82' lang='lat' dir='ltr'><strong>idem</strong></span> <span class='ocrx_word' id='word_1_76' title='bbox 880 1361 1141 1417; x_wconf 83' lang='lat' dir='ltr'><strong>Dominus</strong></span> <span class='ocrx_word' id='word_1_77' title='bbox 1181 1363 1236 1417; x_wconf 91' lang='lat' dir='ltr'><strong>in</strong></span> <span class='ocrx_word' id='word_1_78' title='bbox 1272 1363 1564 1434; x_wconf 82' lang='lat' dir='ltr'><strong>Evangelio</strong></span> <span class='ocrx_word' id='word_1_79' title='bbox 1586 1380 1602 1416; x_wconf 89' lang='lat'><strong>:</strong></span> <span class='ocrx_word' id='word_1_80' title='bbox 1626 1360 1765 1416; x_wconf 86' lang='lat' dir='ltr'><strong>Caro</strong></span> <span class='ocrx_word' id='word_1_81' title='bbox 1798 1362 1937 1415; x_wconf 76' lang='lat' dir='ltr'><strong>enim</strong></span> <span class='ocrx_word' id='word_1_82' title='bbox 1972 1377 2115 1426; x_wconf 81' lang='lat' dir='ltr'><strong>mea,</strong></span> 
     </span>
    </p>
   </div>
   <div class='ocr_carea' id='block_1_11' title="bbox 533 1453 2115 1526">
    <p class='ocr_par' dir='ltr' id='par_1_11' title="bbox 533 1453 2115 1526">
     <span class='ocr_line' id='line_1_11' title="bbox 533 1453 2115 1526; baseline -0.003 -16"><span class='ocrx_word' id='word_1_83' title='bbox 533 1454 731 1525; x_wconf 80' lang='lat' dir='ltr'><strong>inquit,</strong></span> <span class='ocrx_word' id='word_1_84' title='bbox 758 1469 873 1509; x_wconf 79' lang='lat' dir='ltr'><strong>vere</strong></span> <span class='ocrx_word' id='word_1_85' title='bbox 899 1462 976 1509; x_wconf 81' lang='lat' dir='ltr'><strong>est</strong></span> <span class='ocrx_word' id='word_1_86' title='bbox 1005 1453 1172 1519; x_wconf 70' lang='lat' dir='ltr'><strong>cibus,</strong></span> <span class='ocrx_word' id='word_1_87' title='bbox 1200 1462 1252 1510; x_wconf 83' lang='lat' dir='ltr'><strong>et</strong></span> <span class='ocrx_word' id='word_1_88' title='bbox 1276 1455 1493 1526; x_wconf 77' lang='lat' dir='ltr'><strong>sanguis</strong></span> <span class='ocrx_word' id='word_1_89' title='bbox 1522 1469 1668 1508; x_wconf 81' lang='lat' dir='ltr'><strong>meus</strong></span> <span class='ocrx_word' id='word_1_90' title='bbox 1697 1469 1811 1507; x_wconf 81' lang='lat' dir='ltr'><strong>vere</strong></span> <span class='ocrx_word' id='word_1_91' title='bbox 1844 1461 1919 1507; x_wconf 80' lang='lat' dir='ltr'><strong>est</strong></span> <span class='ocrx_word' id='word_1_92' title='bbox 1942 1462 2115 1523; x_wconf 83' lang='lat' dir='ltr'><strong>potus.</strong></span> 
     </span>
    </p>
   </div>
   <div class='ocr_carea' id='block_1_12' title="bbox 533 1544 2122 1616">
    <p class='ocr_par' dir='ltr' id='par_1_12' title="bbox 533 1544 2122 1616">
     <span class='ocr_line' id='line_1_12' title="bbox 533 1544 2122 1616; baseline -0.006 -10"><span class='ocrx_word' id='word_1_93' title='bbox 533 1560 560 1590; x_wconf 80' lang='grc' dir='ltr'>ι</span> <span class='ocrx_word' id='word_1_94' title='bbox 586 1546 723 1615; x_wconf 79' lang='lat' dir='ltr'><strong>Cum</strong></span> <span class='ocrx_word' id='word_1_95' title='bbox 761 1546 909 1602; x_wconf 86' lang='lat' dir='ltr'><strong>enim</strong></span> <span class='ocrx_word' id='word_1_96' title='bbox 953 1546 1079 1603; x_wconf 87' lang='lat' dir='ltr'><strong>cibo</strong></span> <span class='ocrx_word' id='word_1_97' title='bbox 1124 1553 1182 1602; x_wconf 85' lang='lat' dir='ltr'><strong>et</strong></span> <span class='ocrx_word' id='word_1_98' title='bbox 1224 1556 1353 1616; x_wconf 88' lang='lat' dir='ltr'><strong>potu</strong></span> <span class='ocrx_word' id='word_1_99' title='bbox 1382 1546 1438 1602; x_wconf 88' lang='lat' dir='ltr'><strong>id</strong></span> <span class='ocrx_word' id='word_1_100' title='bbox 1465 1552 1722 1616; x_wconf 82' lang='lat' dir='ltr'><strong>appetant</strong></span> <span class='ocrx_word' id='word_1_101' title='bbox 1749 1544 2028 1607; x_wconf 78' lang='lat' dir='ltr'><strong>homines,</strong></span> <span class='ocrx_word' id='word_1_102' title='bbox 2060 1549 2122 1596; x_wconf 86' lang='lat' dir='ltr'><strong>ut</strong></span> 
     </span>
    </p>
   </div>
   <div class='ocr_carea' id='block_1_13' title="bbox 532 1636 2121 1709">
    <p class='ocr_par' dir='ltr' id='par_1_13' title="bbox 532 1636 2121 1709">
     <span class='ocr_line' id='line_1_13' title="bbox 532 1636 2121 1709; baseline -0.004 -12"><span class='ocrx_word' id='word_1_103' title='bbox 532 1655 641 1697; x_wconf 86' lang='lat' dir='ltr'><strong>non</strong></span> <span class='ocrx_word' id='word_1_104' title='bbox 661 1640 909 1696; x_wconf 74' lang='lat' dir='ltr'><strong>esuriant</strong></span> <span class='ocrx_word' id='word_1_105' title='bbox 938 1654 1113 1709; x_wconf 85' lang='lat' dir='ltr'><strong>neque</strong></span> <span class='ocrx_word' id='word_1_106' title='bbox 1136 1639 1359 1705; x_wconf 75' lang='lat' dir='ltr'><strong>sitiant;</strong></span> <span class='ocrx_word' id='word_1_107' title='bbox 1392 1639 1496 1693; x_wconf 87' lang='lat' dir='ltr'><strong>hoc</strong></span> <span class='ocrx_word' id='word_1_108' title='bbox 1522 1636 1790 1697; x_wconf 77' lang='lat' dir='ltr'><strong>veraciter</strong></span> <span class='ocrx_word' id='word_1_109' title='bbox 1827 1649 1934 1691; x_wconf 87' lang='lat' dir='ltr'><strong>non</strong></span> <span class='ocrx_word' id='word_1_110' title='bbox 1982 1648 2121 1704; x_wconf 72' lang='lat' dir='ltr'><strong>prm-</strong></span> 
     </span>
    </p>
   </div>
   <div class='ocr_carea' id='block_1_14' title="bbox 532 1728 2121 1806">
    <p class='ocr_par' dir='ltr' id='par_1_14' title="bbox 532 1728 2121 1806">
     <span class='ocr_line' id='line_1_14' title="bbox 532 1728 2121 1806; baseline -0.003 -18"><span class='ocrx_word' id='word_1_111' title='bbox 532 1739 658 1799; x_wconf 82' lang='lat' dir='ltr'><strong>stat,</strong></span> <span class='ocrx_word' id='word_1_112' title='bbox 690 1732 797 1789; x_wconf 84' lang='lat' dir='ltr'><strong>nisi</strong></span> <span class='ocrx_word' id='word_1_113' title='bbox 825 1732 926 1793; x_wconf 79' lang='lat' dir='ltr'><strong>iste</strong></span> <span class='ocrx_word' id='word_1_114' title='bbox 950 1731 1104 1787; x_wconf 83' lang='lat' dir='ltr'><strong>cibus</strong></span> <span class='ocrx_word' id='word_1_115' title='bbox 1125 1740 1183 1787; x_wconf 85' lang='lat' dir='ltr'><strong>et</strong></span> <span class='ocrx_word' id='word_1_116' title='bbox 1206 1742 1367 1803; x_wconf 88' lang='lat' dir='ltr'><strong>potus</strong></span> <span class='ocrx_word' id='word_1_117' title='bbox 1389 1773 1404 1800; x_wconf 93' lang='lat'><strong>,</strong></span> <span class='ocrx_word' id='word_1_118' title='bbox 1432 1732 1525 1802; x_wconf 85' lang='lat' dir='ltr'><strong>qui</strong></span> <span class='ocrx_word' id='word_1_119' title='bbox 1552 1744 1648 1786; x_wconf 88' lang='lat' dir='ltr'><strong>eos</strong></span> <span class='ocrx_word' id='word_1_120' title='bbox 1676 1746 1708 1785; x_wconf 93' lang='lat' dir='ltr'><strong>a</strong></span> <span class='ocrx_word' id='word_1_121' title='bbox 1728 1731 1927 1806; x_wconf 82' lang='lat' dir='ltr'><strong>quibus</strong></span> <span class='ocrx_word' id='word_1_122' title='bbox 1950 1728 2121 1785; x_wconf 88' lang='lat' dir='ltr'><strong>sumi-</strong></span> 
     </span>
    </p>
   </div>
   <div class='ocr_carea' id='block_1_15' title="bbox 1567 314 2741 379">
    <p class='ocr_par' dir='ltr' id='par_1_15' title="bbox 1567 314 2741 379">
     <span class='ocr_line' id='line_1_15' title="bbox 1567 314 2741 379; baseline -0.001 0"><span class='ocrx_word' id='word_1_123' title='bbox 1567 318 1885 379; x_wconf 64' lang='lat' dir='ltr'><strong>LBDRADI</strong></span> <span class='ocrx_word' id='word_1_124' title='bbox 1919 314 2402 377; x_wconf 69' lang='lat' dir='ltr'><strong>LUGDUIENSIS</strong></span> <span class='ocrx_word' id='word_1_125' title='bbox 2438 314 2741 378; x_wconf 78' lang='lat' dir='ltr'><strong>EPISGOPI</strong></span> 
     </span>
    </p>
   </div>
   <div class='ocr_carea' id='block_1_16' title="bbox 532 432 2194 512">
    <p class='ocr_par' dir='ltr' id='par_1_16' title="bbox 532 432 2194 512">
     <span class='ocr_line' id='line_1_16' title="bbox 532 432 2194 512; baseline -0.004 -12"><span class='ocrx_word' id='word_1_126' title='bbox 532 459 646 511; x_wconf 72' lang='lat' dir='ltr'><strong>me,</strong></span> <span class='ocrx_word' id='word_1_127' title='bbox 664 448 725 498; x_wconf 82' lang='lat' dir='ltr'><strong>et</strong></span> <span class='ocrx_word' id='word_1_128' title='bbox 749 440 1045 512; x_wconf 72' lang='lat' dir='ltr'><strong>apostolica</strong></span> <span class='ocrx_word' id='word_1_129' title='bbox 1083 438 1524 507; x_wconf 77' lang='lat' dir='ltr'><strong>traditione,’qua</strong></span> <span class='ocrx_word' id='word_1_130' title='bbox 1549 437 1803 494; x_wconf 79' lang='lat' dir='ltr'><strong>Ecclesiae</strong></span> <span class='ocrx_word' id='word_1_131' title='bbox 1832 435 2112 492; x_wconf 78' lang='lat' dir='ltr'><strong>Christum</strong></span> <span class='ocrx_word' id='word_1_132' title='bbox 2137 432 2194 494; x_wconf 74' lang='grc' dir='ltr'><strong>Δ</strong></span> 
     </span>
    </p>
   </div>
   <div class='ocr_carea' id='block_1_17' title="bbox 2832 432 3165 491">
    <p class='ocr_par' dir='ltr' id='par_1_17' title="bbox 2832 432 3165 491">
     <span class='ocr_line' id='line_1_17' title="bbox 2832 432 3165 491; baseline 0.003 -2"><span class='ocrx_word' id='word_1_133' title='bbox 2832 432 3062 491; x_wconf 73' lang='lat' dir='ltr'><strong>CAPUT</strong></span> <span class='ocrx_word' id='word_1_134' title='bbox 3098 432 3165 490; x_wconf 73' lang='grc' dir='ltr'><strong>Χ.</strong></span> 
     </span>
    </p>
   </div>
   <div class='ocr_carea' id='block_1_18' title="bbox 2217 523 3792 603">
    <p class='ocr_par' dir='ltr' id='par_1_18' title="bbox 2217 523 3792 603">
     <span class='ocr_line' id='line_1_18' title="bbox 2217 523 3792 603; baseline 0.007 -24"><span class='ocrx_word' id='word_1_135' title='bbox 2217 523 2296 579; x_wconf 80' lang='lat' dir='ltr'><strong>De</strong></span> <span class='ocrx_word' id='word_1_136' title='bbox 2312 525 2605 594; x_wconf 73' lang='lat' dir='ltr'><strong>infantibus</strong></span> <span class='ocrx_word' id='word_1_137' title='bbox 2626 525 2706 581; x_wconf 76' lang='lat' dir='ltr'><strong>uel</strong></span> <span class='ocrx_word' id='word_1_138' title='bbox 2720 526 2801 582; x_wconf 79' lang='lat' dir='ltr'><strong>Itis</strong></span> <span class='ocrx_word' id='word_1_139' title='bbox 2818 528 2909 598; x_wconf 77' lang='lat' dir='ltr'><strong>qui</strong></span> <span class='ocrx_word' id='word_1_140' title='bbox 2921 544 3017 599; x_wconf 83' lang='lat' dir='ltr'><strong>pro</strong></span> <span class='ocrx_word' id='word_1_141' title='bbox 3041 545 3096 583; x_wconf 87' lang='lat' dir='ltr'><strong>se</strong></span> <span class='ocrx_word' id='word_1_142' title='bbox 3119 528 3427 600; x_wconf 82' lang='lat' dir='ltr'><strong>respondere</strong></span> <span class='ocrx_word' id='word_1_143' title='bbox 3442 546 3545 585; x_wconf 81' lang='lat' dir='ltr'><strong>non</strong></span> <span class='ocrx_word' id='word_1_144' title='bbox 3557 544 3792 603; x_wconf 79' lang='lat' dir='ltr'><strong>possunt.</strong></span> 
     </span>
    </p>
   </div>
   <div class='ocr_carea' id='block_1_19' title="bbox 2282 618 3794 696">
    <p class='ocr_par' dir='ltr' id='par_1_19' title="bbox 2282 618 3794 696">
     <span class='ocr_line' id='line_1_19' title="bbox 2282 618 3794 696; baseline 0.004 -20"><span class='ocrx_word' id='word_1_145' title='bbox 2282 618 2631 676; x_wconf 87' lang='lat' dir='ltr'><strong>Consuetudo</strong></span> <span class='ocrx_word' id='word_1_146' title='bbox 2655 620 2909 677; x_wconf 61' lang='lat' dir='ltr'><strong>Ecclesiae</strong></span> <span class='ocrx_word' id='word_1_147' title='bbox 2948 623 3144 690; x_wconf 82' lang='lat' dir='ltr'><strong>habet,</strong></span> <span class='ocrx_word' id='word_1_148' title='bbox 3172 630 3227 678; x_wconf 90' lang='lat' dir='ltr'><strong>et</strong></span> <span class='ocrx_word' id='word_1_149' title='bbox 3261 622 3511 679; x_wconf 88' lang='lat' dir='ltr'><strong>doctores</strong></span> <span class='ocrx_word' id='word_1_150' title='bbox 3542 626 3794 696; x_wconf 90' lang='lat' dir='ltr'><strong>tradunt,</strong></span> 
     </span>
    </p>
   </div>
   <div class='ocr_carea' id='block_1_20' title="bbox 2216 714 3796 778">
    <p class='ocr_par' dir='ltr' id='par_1_20' title="bbox 2216 714 3796 778">
     <span class='ocr_line' id='line_1_20' title="bbox 2216 714 3796 778; baseline 0.006 -9"><span class='ocrx_word' id='word_1_151' title='bbox 2216 721 2277 769; x_wconf 88' lang='lat' dir='ltr'><strong>ut</strong></span> <span class='ocrx_word' id='word_1_152' title='bbox 2301 714 2521 771; x_wconf 90' lang='lat' dir='ltr'><strong>omnino</strong></span> <span class='ocrx_word' id='word_1_153' title='bbox 2568 715 2771 772; x_wconf 85' lang='lat' dir='ltr'><strong>eisdem</strong></span> <span class='ocrx_word' id='word_1_154' title='bbox 2808 719 3135 774; x_wconf 83' lang='lat' dir='ltr'><strong>sacramenti</strong></span> <span class='ocrx_word' id='word_1_155' title='bbox 3176 718 3357 775; x_wconf 79' lang='lat' dir='ltr'><strong>verbis</strong></span> <span class='ocrx_word' id='word_1_156' title='bbox 3401 720 3457 775; x_wconf 89' lang='lat' dir='ltr'><strong>in</strong></span> <span class='ocrx_word' id='word_1_157' title='bbox 3505 718 3796 778; x_wconf 78' lang='lat' dir='ltr'><strong>infantibus</strong></span> 
     </span>
    </p>
   </div>
   <div class='ocr_carea' id='block_1_21' title="bbox 2218 806 3795 883">
    <p class='ocr_par' dir='ltr' id='par_1_21' title="bbox 2218 806 3795 883">
     <span class='ocr_line' id='line_1_21' title="bbox 2218 806 3795 883; baseline 0.005 -23"><span class='ocrx_word' id='word_1_158' title='bbox 2218 806 2416 876; x_wconf 85' lang='lat' dir='ltr'><strong>quibus</strong></span> <span class='ocrx_word' id='word_1_159' title='bbox 2450 814 2507 862; x_wconf 90' lang='lat' dir='ltr'><strong>et</strong></span> <span class='ocrx_word' id='word_1_160' title='bbox 2553 807 2609 862; x_wconf 88' lang='lat' dir='ltr'><strong>in</strong></span> <span class='ocrx_word' id='word_1_161' title='bbox 2655 808 2953 880; x_wconf 86' lang='lat' dir='ltr'><strong>majoribus</strong></span> <span class='ocrx_word' id='word_1_162' title='bbox 2979 810 3234 883; x_wconf 85' lang='lat' dir='ltr'><strong>baptismi</strong></span> <span class='ocrx_word' id='word_1_163' title='bbox 3263 811 3527 883; x_wconf 81' lang='lat' dir='ltr'><strong>mysteria</strong></span> <span class='ocrx_word' id='word_1_164' title='bbox 3559 811 3795 868; x_wconf 86' lang='lat' dir='ltr'><strong>celebre-</strong></span> 
     </span>
    </p>
   </div>
   <div class='ocr_carea' id='block_1_22' title="bbox 2217 898 3794 972">
    <p class='ocr_par' dir='ltr' id='par_1_22' title="bbox 2217 898 3794 972">
     <span class='ocr_line' id='line_1_22' title="bbox 2217 898 3794 972; baseline 0.006 -19"><span class='ocrx_word' id='word_1_165' title='bbox 2217 913 2358 953; x_wconf 89' lang='lat' dir='ltr'><strong>mus.</strong></span> <span class='ocrx_word' id='word_1_166' title='bbox 2380 898 2517 955; x_wconf 85' lang='lat' dir='ltr'><strong>llinc</strong></span> <span class='ocrx_word' id='word_1_167' title='bbox 2537 907 2620 957; x_wconf 91' lang='lat' dir='ltr'><strong>est</strong></span> <span class='ocrx_word' id='word_1_168' title='bbox 2644 901 2788 957; x_wconf 90' lang='lat' dir='ltr'><strong>enim</strong></span> <span class='ocrx_word' id='word_1_169' title='bbox 2809 903 2952 972; x_wconf 87' lang='lat' dir='ltr'><strong>quod</strong></span> <span class='ocrx_word' id='word_1_170' title='bbox 2976 905 3230 961; x_wconf 84' lang='lat' dir='ltr'><strong>sacerdos</strong></span> <span class='ocrx_word' id='word_1_171' title='bbox 3246 904 3435 961; x_wconf 86' lang='lat' dir='ltr'><strong>eadem</strong></span> <span class='ocrx_word' id='word_1_172' title='bbox 3458 916 3794 962; x_wconf 85' lang='lat' dir='ltr'><strong>sacramenta</strong></span> 
     </span>
    </p>
   </div>
   <div class='ocr_carea' id='block_1_23' title="bbox 2218 994 3797 1070">
    <p class='ocr_par' dir='ltr' id='par_1_23' title="bbox 2218 994 3797 1070">
     <span class='ocr_line' id='line_1_23' title="bbox 2218 994 3797 1070; baseline 0.006 -25"><span class='ocrx_word' id='word_1_173' title='bbox 2218 1005 2401 1061; x_wconf 88' lang='lat' dir='ltr'><strong>agens,</strong></span> <span class='ocrx_word' id='word_1_174' title='bbox 2432 1009 2538 1049; x_wconf 89' lang='lat' dir='ltr'><strong>non</strong></span> <span class='ocrx_word' id='word_1_175' title='bbox 2566 1010 2733 1049; x_wconf 90' lang='lat' dir='ltr'><strong>unum</strong></span> <span class='ocrx_word' id='word_1_176' title='bbox 2764 1009 2864 1065; x_wconf 87' lang='lat' dir='ltr'><strong>pro</strong></span> <span class='ocrx_word' id='word_1_177' title='bbox 2892 994 3062 1053; x_wconf 88' lang='lat' dir='ltr'><strong>altero</strong></span> <span class='ocrx_word' id='word_1_178' title='bbox 3088 997 3415 1068; x_wconf 85' lang='lat' dir='ltr'><strong>interrogat,</strong></span> <span class='ocrx_word' id='word_1_179' title='bbox 3446 996 3501 1052; x_wconf 91' lang='lat' dir='ltr'><strong>id</strong></span> <span class='ocrx_word' id='word_1_180' title='bbox 3526 1005 3614 1053; x_wconf 88' lang='lat' dir='ltr'><strong>est</strong></span> <span class='ocrx_word' id='word_1_181' title='bbox 3639 998 3797 1070; x_wconf 75' lang='lat' dir='ltr'><strong>majo-</strong></span> 
     </span>
    </p>
   </div>
   <div class='ocr_carea' id='block_1_24' title="bbox 2219 1090 3797 1157">
    <p class='ocr_par' dir='ltr' id='par_1_24' title="bbox 2219 1090 3797 1157">
     <span class='ocr_line' id='line_1_24' title="bbox 2219 1090 3797 1157; baseline 0.006 -19"><span class='ocrx_word' id='word_1_182' title='bbox 2219 1096 2332 1137; x_wconf 88' lang='lat' dir='ltr'><strong>rem</strong></span> <span class='ocrx_word' id='word_1_183' title='bbox 2355 1099 2455 1154; x_wconf 92' lang='lat' dir='ltr'><strong>pro</strong></span> <span class='ocrx_word' id='word_1_184' title='bbox 2477 1100 2665 1156; x_wconf 90' lang='lat' dir='ltr'><strong>parvo,</strong></span> <span class='ocrx_word' id='word_1_185' title='bbox 2692 1093 2875 1142; x_wconf 88' lang='lat' dir='ltr'><strong>utrum</strong></span> <span class='ocrx_word' id='word_1_186' title='bbox 2914 1090 3255 1146; x_wconf 89' lang='lat' dir='ltr'><strong>abrenuntiet</strong></span> <span class='ocrx_word' id='word_1_187' title='bbox 3289 1090 3505 1147; x_wconf 86' lang='lat' dir='ltr'><strong>diabolo</strong></span> <span class='ocrx_word' id='word_1_188' title='bbox 3521 1132 3537 1157; x_wconf 92' lang='lat'><strong>,</strong></span> <span class='ocrx_word' id='word_1_189' title='bbox 3569 1100 3666 1146; x_wconf 90' lang='lat' dir='ltr'><strong>aut</strong></span> <span class='ocrx_word' id='word_1_190' title='bbox 3693 1106 3797 1148; x_wconf 88' lang='lat' dir='ltr'><strong>cre-</strong></span> 
     </span>
    </p>
   </div>
   <div class='ocr_carea' id='block_1_25' title="bbox 2218 1174 3792 1255">
    <p class='ocr_par' dir='ltr' id='par_1_25' title="bbox 2218 1174 3792 1255">
     <span class='ocr_line' id='line_1_25' title="bbox 2218 1174 3792 1255; baseline 0.007 -26"><span class='ocrx_word' id='word_1_191' title='bbox 2218 1174 2312 1230; x_wconf 89' lang='lat' dir='ltr'><strong>dat</strong></span> <span class='ocrx_word' id='word_1_192' title='bbox 2336 1176 2392 1231; x_wconf 91' lang='lat' dir='ltr'><strong>in</strong></span> <span class='ocrx_word' id='word_1_193' title='bbox 2420 1176 2587 1233; x_wconf 89' lang='lat' dir='ltr'><strong>Deum</strong></span> <span class='ocrx_word' id='word_1_194' title='bbox 2616 1198 2629 1234; x_wconf 91' lang='lat'><strong>:</strong></span> <span class='ocrx_word' id='word_1_195' title='bbox 2658 1180 2753 1236; x_wconf 88' lang='lat' dir='ltr'><strong>sed</strong></span> <span class='ocrx_word' id='word_1_196' title='bbox 2792 1180 2966 1251; x_wconf 90' lang='lat' dir='ltr'><strong>ipsum</strong></span> <span class='ocrx_word' id='word_1_197' title='bbox 2994 1199 3156 1255; x_wconf 87' lang='lat' dir='ltr'><strong>quem</strong></span> <span class='ocrx_word' id='word_1_198' title='bbox 3190 1185 3577 1255; x_wconf 83' lang='lat' dir='ltr'><strong>baptizatums</strong></span> <span class='ocrx_word' id='word_1_199' title='bbox 3603 1192 3687 1241; x_wconf 88' lang='lat' dir='ltr'><strong>est</strong></span> <span class='ocrx_word' id='word_1_200' title='bbox 3718 1185 3792 1240; x_wconf 90' lang='lat' dir='ltr'><strong>in-</strong></span> 
     </span>
    </p>
   </div>
   <div class='ocr_carea' id='block_1_26' title="bbox 2219 1270 3794 1342">
    <p class='ocr_par' dir='ltr' id='par_1_26' title="bbox 2219 1270 3794 1342">
     <span class='ocr_line' id='line_1_26' title="bbox 2219 1270 3794 1342; baseline 0.006 -19"><span class='ocrx_word' id='word_1_201' title='bbox 2219 1270 2477 1341; x_wconf 85' lang='lat' dir='ltr'><strong>terrogat,</strong></span> <span class='ocrx_word' id='word_1_202' title='bbox 2506 1270 2770 1328; x_wconf 87' lang='lat' dir='ltr'><strong>dicendo:</strong></span> <span class='ocrx_word' id='word_1_203' title='bbox 2801 1273 3199 1330; x_wconf 82' lang='lat' dir='ltr'><strong>Abrenuncias.’</strong></span> <span class='ocrx_word' id='word_1_204' title='bbox 3223 1282 3335 1342; x_wconf 91' lang='lat' dir='ltr'><strong>aut,</strong></span> <span class='ocrx_word' id='word_1_205' title='bbox 3358 1275 3548 1332; x_wconf 81' lang='lat' dir='ltr'><strong>Credis</strong></span> <span class='ocrx_word' id='word_1_206' title='bbox 3564 1276 3593 1332; x_wconf 71' lang='grc'><strong><em>7</em></strong></span> <span class='ocrx_word' id='word_1_207' title='bbox 3608 1276 3660 1332; x_wconf 89' lang='lat' dir='ltr'><strong>ls</strong></span> <span class='ocrx_word' id='word_1_208' title='bbox 3682 1291 3794 1332; x_wconf 84' lang='lat' dir='ltr'><strong>vero</strong></span> 
     </span>
    </p>
   </div>
   <div class='ocr_carea' id='block_1_27' title="bbox 2220 1362 3793 1440">
    <p class='ocr_par' dir='ltr' id='par_1_27' title="bbox 2220 1362 3793 1440">
     <span class='ocr_line' id='line_1_27' title="bbox 2220 1362 3793 1440; baseline 0.006 -23"><span class='ocrx_word' id='word_1_209' title='bbox 2220 1362 2312 1433; x_wconf 90' lang='lat' dir='ltr'><strong>qui</strong></span> <span class='ocrx_word' id='word_1_210' title='bbox 2343 1379 2465 1418; x_wconf 89' lang='lat' dir='ltr'><strong>eum</strong></span> <span class='ocrx_word' id='word_1_211' title='bbox 2488 1365 2733 1436; x_wconf 86' lang='lat' dir='ltr'><strong>suscipit,</strong></span> <span class='ocrx_word' id='word_1_212' title='bbox 2756 1380 2866 1421; x_wconf 89' lang='lat' dir='ltr'><strong>non</strong></span> <span class='ocrx_word' id='word_1_213' title='bbox 2891 1367 3045 1437; x_wconf 89' lang='lat' dir='ltr'><strong>quasi</strong></span> <span class='ocrx_word' id='word_1_214' title='bbox 3071 1384 3210 1424; x_wconf 91' lang='lat' dir='ltr'><strong>unus</strong></span> <span class='ocrx_word' id='word_1_215' title='bbox 3245 1383 3344 1440; x_wconf 90' lang='lat' dir='ltr'><strong>pro</strong></span> <span class='ocrx_word' id='word_1_216' title='bbox 3371 1368 3552 1425; x_wconf 85' lang='lat' dir='ltr'><strong>altero</strong></span> <span class='ocrx_word' id='word_1_217' title='bbox 3594 1382 3793 1440; x_wconf 82' lang='lat' dir='ltr'><strong>respon-</strong></span> 
     </span>
    </p>
   </div>
   <div class='ocr_carea' id='block_1_28' title="bbox 2221 1453 3789 1527">
    <p class='ocr_par' dir='ltr' id='par_1_28' title="bbox 2221 1453 3789 1527">
     <span class='ocr_line' id='line_1_28' title="bbox 2221 1453 3789 1527; baseline 0.006 -18"><span class='ocrx_word' id='word_1_218' title='bbox 2221 1453 2312 1510; x_wconf 90' lang='lat' dir='ltr'><strong>det</strong></span> <span class='ocrx_word' id='word_1_219' title='bbox 2337 1471 2402 1511; x_wconf 89' lang='lat' dir='ltr'><strong>ac</strong></span> <span class='ocrx_word' id='word_1_220' title='bbox 2431 1456 2581 1523; x_wconf 84' lang='lat' dir='ltr'><strong>dicit,</strong></span> <span class='ocrx_word' id='word_1_221' title='bbox 2609 1456 2971 1514; x_wconf 78' lang='lat' dir='ltr'><strong>Abrenuntiat</strong></span> <span class='ocrx_word' id='word_1_222' title='bbox 2993 1502 3007 1527; x_wconf 90' lang='lat'><strong>,</strong></span> <span class='ocrx_word' id='word_1_223' title='bbox 3036 1469 3129 1516; x_wconf 91' lang='lat' dir='ltr'><strong>aut</strong></span> <span class='ocrx_word' id='word_1_224' title='bbox 3157 1460 3342 1517; x_wconf 81' lang='lat' dir='ltr'><strong>Credit</strong></span> <span class='ocrx_word' id='word_1_225' title='bbox 3366 1479 3381 1516; x_wconf 91' lang='lat'><strong>:</strong></span> <span class='ocrx_word' id='word_1_226' title='bbox 3407 1462 3503 1518; x_wconf 89' lang='lat' dir='ltr'><strong>sed</strong></span> <span class='ocrx_word' id='word_1_227' title='bbox 3531 1462 3789 1519; x_wconf 74' lang='lat' dir='ltr'><strong>Abrenun-</strong></span> 
     </span>
    </p>
   </div>
   <div class='ocr_carea' id='block_1_29' title="bbox 2221 1545 3791 1625">
    <p class='ocr_par' dir='ltr' id='par_1_29' title="bbox 2221 1545 3791 1625">
     <span class='ocr_line' id='line_1_29' title="bbox 2221 1545 3791 1625; baseline 0.006 -25"><span class='ocrx_word' id='word_1_228' title='bbox 2221 1547 2314 1613; x_wconf 81' lang='lat' dir='ltr'><strong>tio,</strong></span> <span class='ocrx_word' id='word_1_229' title='bbox 2342 1554 2456 1614; x_wconf 86' lang='lat' dir='ltr'><strong>aut,</strong></span> <span class='ocrx_word' id='word_1_230' title='bbox 2483 1545 2674 1603; x_wconf 86' lang='lat' dir='ltr'><strong>Credo.</strong></span> <span class='ocrx_word' id='word_1_231' title='bbox 2703 1548 2770 1604; x_wconf 86' lang='lat' dir='ltr'><strong>Et</strong></span> <span class='ocrx_word' id='word_1_232' title='bbox 2786 1550 2899 1606; x_wconf 62' lang='lat' dir='ltr'><strong>haec</strong></span> <span class='ocrx_word' id='word_1_233' title='bbox 2919 1566 3081 1607; x_wconf 89' lang='lat' dir='ltr'><strong>causa</strong></span> <span class='ocrx_word' id='word_1_234' title='bbox 3109 1560 3210 1619; x_wconf 90' lang='lat' dir='ltr'><strong>est,</strong></span> <span class='ocrx_word' id='word_1_235' title='bbox 3236 1560 3297 1607; x_wconf 89' lang='lat' dir='ltr'><strong>ut</strong></span> <span class='ocrx_word' id='word_1_236' title='bbox 3321 1552 3540 1623; x_wconf 79' lang='lat' dir='ltr'><strong>parvuli</strong></span> <span class='ocrx_word' id='word_1_237' title='bbox 3564 1562 3620 1608; x_wconf 86' lang='lat' dir='ltr'><strong>et</strong></span> <span class='ocrx_word' id='word_1_238' title='bbox 3636 1554 3791 1625; x_wconf 67' lang='lat' dir='ltr'><strong>poeni-</strong></span> 
     </span>
    </p>
   </div>
   <div class='ocr_carea' id='block_1_30' title="bbox 2222 1639 3791 1716">
    <p class='ocr_par' dir='ltr' id='par_1_30' title="bbox 2222 1639 3791 1716">
     <span class='ocr_line' id='line_1_30' title="bbox 2222 1639 3791 1716; baseline 0.006 -23"><span class='ocrx_word' id='word_1_239' title='bbox 2222 1646 2399 1694; x_wconf 87' lang='lat' dir='ltr'><strong>tentes</strong></span> <span class='ocrx_word' id='word_1_240' title='bbox 2427 1639 2636 1710; x_wconf 87' lang='lat' dir='ltr'><strong>possint</strong></span> <span class='ocrx_word' id='word_1_241' title='bbox 2683 1640 2788 1697; x_wconf 91' lang='lat' dir='ltr'><strong>dici</strong></span> <span class='ocrx_word' id='word_1_242' title='bbox 2820 1650 2874 1697; x_wconf 89' lang='lat' dir='ltr'><strong>et</strong></span> <span class='ocrx_word' id='word_1_243' title='bbox 2900 1642 3106 1699; x_wconf 89' lang='lat' dir='ltr'><strong>ﬁdeles.</strong></span> <span class='ocrx_word' id='word_1_244' title='bbox 3138 1643 3292 1699; x_wconf 88' lang='lat' dir='ltr'><strong>Unde</strong></span> <span class='ocrx_word' id='word_1_245' title='bbox 3323 1644 3653 1716; x_wconf 88' lang='lat' dir='ltr'><strong>quibusdam</strong></span> <span class='ocrx_word' id='word_1_246' title='bbox 3693 1645 3791 1702; x_wconf 71' lang='lat' dir='ltr'><strong>hmo</strong></span> 
     </span>
    </p>
   </div>
   <div class='ocr_carea' id='block_1_31' title="bbox 2222 1722 3791 1806">
    <p class='ocr_par' dir='ltr' id='par_1_31' title="bbox 2222 1722 3791 1806">
     <span class='ocr_line' id='line_1_31' title="bbox 2222 1722 3791 1806; baseline 0.006 -23"><span class='ocrx_word' id='word_1_247' title='bbox 2222 1722 2667 1801; x_wconf 41' lang='lat' dir='ltr'><strong>negantibus,‘ita</strong></span> <span class='ocrx_word' id='word_1_248' title='bbox 2697 1748 2728 1788; x_wconf 89' lang='lat' dir='ltr'><strong>a</strong></span> <span class='ocrx_word' id='word_1_249' title='bbox 2751 1731 3005 1789; x_wconf 75' lang='lat' dir='ltr'><strong>Pati-ibus</strong></span> <span class='ocrx_word' id='word_1_250' title='bbox 3038 1734 3311 1789; x_wconf 79' lang='lat' dir='ltr'><strong>invenitur</strong></span> <span class='ocrx_word' id='word_1_251' title='bbox 3356 1748 3715 1806; x_wconf 86' lang='lat' dir='ltr'><strong>responsum:</strong></span> <span class='ocrx_word' id='word_1_252' title='bbox 3743 1736 3791 1793; x_wconf 84' lang='lat' dir='ltr'><strong>Si</strong></span> 
     </span>
    </p>
   </div>
   <div class='ocr_carea' id='block_1_32' title="bbox 533 1802 3788 1897">
    <p class='ocr_par' dir='ltr' id='par_1_32' title="bbox 533 1802 3788 1897">
     <span class='ocr_line' id='line_1_32' title="bbox 533 1802 3788 1897; baseline 0.001 -17"><span class='ocrx_word' id='word_1_253' title='bbox 533 1829 621 1880; x_wconf 85' lang='lat' dir='ltr'><strong>tur</strong></span> <span class='ocrx_word' id='word_1_254' title='bbox 644 1823 978 1880; x_wconf 78' lang='lat' dir='ltr'><strong>immortales</strong></span> <span class='ocrx_word' id='word_1_255' title='bbox 1004 1829 1063 1879; x_wconf 89' lang='lat' dir='ltr'><strong>et</strong></span> <span class='ocrx_word' id='word_1_256' title='bbox 1090 1802 1527 1894; x_wconf 79' lang='lat' dir='ltr'><strong>incorruptibiles</strong></span> <span class='ocrx_word' id='word_1_257' title='bbox 1553 1823 1683 1878; x_wconf 79' lang='lat' dir='ltr'><strong>facit</strong></span> <span class='ocrx_word' id='word_1_258' title='bbox 1703 1840 1717 1889; x_wconf 94' lang='lat'><strong>;</strong></span> <span class='ocrx_word' id='word_1_259' title='bbox 1740 1802 1817 1877; x_wconf 88' lang='lat' dir='ltr'><strong>ita</strong></span> <span class='ocrx_word' id='word_1_260' title='bbox 1842 1829 2043 1887; x_wconf 88' lang='lat' dir='ltr'><strong>tamen,</strong></span> <span class='ocrx_word' id='word_1_261' title='bbox 2065 1820 2111 1877; x_wconf 90' lang='lat' dir='ltr'><strong>si</strong></span> <span class='ocrx_word' id='word_1_262' title='bbox 2145 1802 2193 1866; x_wconf 64' lang='grc' dir='ltr'><strong>Β</strong></span> <span class='ocrx_word' id='word_1_263' title='bbox 2217 1830 2503 1893; x_wconf 85' lang='lat' dir='ltr'><strong>propterea</strong></span> <span class='ocrx_word' id='word_1_264' title='bbox 2529 1824 2856 1895; x_wconf 72' lang='lat' dir='ltr'><strong>pmnitentes</strong></span> <span class='ocrx_word' id='word_1_265' title='bbox 2881 1824 3095 1882; x_wconf 86' lang='lat' dir='ltr'><strong>dicendi</strong></span> <span class='ocrx_word' id='word_1_266' title='bbox 3123 1842 3231 1882; x_wconf 88' lang='lat' dir='ltr'><strong>non</strong></span> <span class='ocrx_word' id='word_1_267' title='bbox 3261 1834 3409 1893; x_wconf 91' lang='lat' dir='ltr'><strong>sunt,</strong></span> <span class='ocrx_word' id='word_1_268' title='bbox 3439 1802 3573 1897; x_wconf 74' lang='lat' dir='ltr'><strong>quia</strong></span> <span class='ocrx_word' id='word_1_269' title='bbox 3598 1842 3788 1883; x_wconf 86' lang='lat' dir='ltr'><strong>sensum</strong></span> 
     </span>
    </p>
   </div>
   <div class='ocr_carea' id='block_1_33' title="bbox 531 1915 2117 1987">
    <p class='ocr_par' dir='ltr' id='par_1_33' title="bbox 531 1915 2117 1987">
     <span class='ocr_line' id='line_1_33' title="bbox 531 1915 2117 1987; baseline -0.003 -14"><span class='ocrx_word' id='word_1_270' title='bbox 531 1924 659 1973; x_wconf 85' lang='lat' dir='ltr'><strong>ante</strong></span> <span class='ocrx_word' id='word_1_271' title='bbox 684 1917 865 1979; x_wconf 81' lang='lat' dir='ltr'><strong>omnia</strong></span> <span class='ocrx_word' id='word_1_272' title='bbox 891 1917 947 1972; x_wconf 90' lang='lat' dir='ltr'><strong>hi</strong></span> <span class='ocrx_word' id='word_1_273' title='bbox 973 1917 1065 1987; x_wconf 84' lang='lat' dir='ltr'><strong>qui</strong></span> <span class='ocrx_word' id='word_1_274' title='bbox 1092 1925 1315 1973; x_wconf 87' lang='lat' dir='ltr'><strong>sumunt</strong></span> <span class='ocrx_word' id='word_1_275' title='bbox 1337 1916 1595 1987; x_wconf 87' lang='lat' dir='ltr'><strong>impleant</strong></span> <span class='ocrx_word' id='word_1_276' title='bbox 1620 1916 1752 1972; x_wconf 88' lang='lat' dir='ltr'><strong>illud</strong></span> <span class='ocrx_word' id='word_1_277' title='bbox 1774 1916 1916 1986; x_wconf 89' lang='lat' dir='ltr'><strong>quod</strong></span> <span class='ocrx_word' id='word_1_278' title='bbox 1937 1915 2117 1984; x_wconf 82' lang='lat' dir='ltr'><strong>sequi-</strong></span> 
     </span>
    </p>
   </div>
   <div class='ocr_carea' id='block_1_34' title="bbox 535 2008 2118 2075">
    <p class='ocr_par' dir='ltr' id='par_1_34' title="bbox 535 2008 2118 2075">
     <span class='ocr_line' id='line_1_34' title="bbox 535 2008 2118 2075; baseline -0.003 -11"><span class='ocrx_word' id='word_1_279' title='bbox 535 2016 622 2066; x_wconf 88' lang='lat' dir='ltr'><strong>tur</strong></span> <span class='ocrx_word' id='word_1_280' title='bbox 646 2027 660 2064; x_wconf 89' lang='lat'><strong>:</strong></span> <span class='ocrx_word' id='word_1_281' title='bbox 696 2008 800 2075; x_wconf 79' lang='lat' dir='ltr'><strong>Qui</strong></span> <span class='ocrx_word' id='word_1_282' title='bbox 825 2008 1110 2064; x_wconf 73' lang='lat' dir='ltr'><strong>mundum</strong></span> <span class='ocrx_word' id='word_1_283' title='bbox 1139 2024 1311 2064; x_wconf 71' lang='lat' dir='ltr'><strong>ineant</strong></span> <span class='ocrx_word' id='word_1_284' title='bbox 1336 2024 1547 2065; x_wconf 77' lang='lat' dir='ltr'><strong>carnem</strong></span> <span class='ocrx_word' id='word_1_285' title='bbox 1576 2016 1624 2062; x_wconf 83' lang='lat' dir='ltr'><strong>et</strong></span> <span class='ocrx_word' id='word_1_286' title='bbox 1651 2008 1775 2062; x_wconf 75' lang='lat' dir='ltr'><strong>bibit</strong></span> <span class='ocrx_word' id='word_1_287' title='bbox 1796 2023 1970 2061; x_wconf 79' lang='lat' dir='ltr'><strong>meum</strong></span> <span class='ocrx_word' id='word_1_288' title='bbox 1995 2020 2118 2060; x_wconf 73' lang='lat' dir='ltr'><strong>san-</strong></span> 
     </span>
    </p>
   </div>
   <div class='ocr_carea' id='block_1_35' title="bbox 534 2097 2121 2172">
    <p class='ocr_par' dir='ltr' id='par_1_35' title="bbox 534 2097 2121 2172">
     <span class='ocr_line' id='line_1_35' title="bbox 534 2097 2121 2172; baseline -0.004 -14"><span class='ocrx_word' id='word_1_289' title='bbox 534 2102 765 2172; x_wconf 71' lang='lat' dir='ltr'><strong>guineus,</strong></span> <span class='ocrx_word' id='word_1_290' title='bbox 796 2100 853 2155; x_wconf 82' lang='lat' dir='ltr'><strong>in</strong></span> <span class='ocrx_word' id='word_1_291' title='bbox 895 2117 977 2154; x_wconf 86' lang='lat' dir='ltr'><strong>me</strong></span> <span class='ocrx_word' id='word_1_292' title='bbox 1015 2110 1189 2155; x_wconf 71' lang='lat' dir='ltr'><strong>utanet</strong></span> <span class='ocrx_word' id='word_1_293' title='bbox 1232 2111 1278 2155; x_wconf 78' lang='lat' dir='ltr'><strong>et</strong></span> <span class='ocrx_word' id='word_1_294' title='bbox 1323 2117 1417 2172; x_wconf 81' lang='lat' dir='ltr'><strong>ego</strong></span> <span class='ocrx_word' id='word_1_295' title='bbox 1459 2101 1517 2153; x_wconf 78' lang='lat' dir='ltr'><strong>in</strong></span> <span class='ocrx_word' id='word_1_296' title='bbox 1566 2099 1680 2157; x_wconf 77' lang='lat' dir='ltr'><strong>illo.</strong></span> <span class='ocrx_word' id='word_1_297' title='bbox 1724 2097 1859 2154; x_wconf 74' lang='lat' dir='ltr'><strong>Nam</strong></span> <span class='ocrx_word' id='word_1_298' title='bbox 1904 2099 2007 2154; x_wconf 87' lang='lat' dir='ltr'><strong>hoc</strong></span> <span class='ocrx_word' id='word_1_299' title='bbox 2036 2104 2121 2153; x_wconf 86' lang='lat' dir='ltr'><strong>est</strong></span> 
     </span>
    </p>
   </div>
   <div class='ocr_carea' id='block_1_36' title="bbox 533 2192 2121 2259">
    <p class='ocr_par' dir='ltr' id='par_1_36' title="bbox 533 2192 2121 2259">
     <span class='ocr_line' id='line_1_36' title="bbox 533 2192 2121 2259; baseline -0.001 -9"><span class='ocrx_word' id='word_1_300' title='bbox 533 2194 804 2251; x_wconf 78' lang='lat' dir='ltr'><strong>veraciter</strong></span> <span class='ocrx_word' id='word_1_301' title='bbox 830 2195 1158 2255; x_wconf 74' lang='lat' dir='ltr'><strong>manducare</strong></span> <span class='ocrx_word' id='word_1_302' title='bbox 1186 2193 1330 2249; x_wconf 87' lang='lat' dir='ltr'><strong>illam</strong></span> <span class='ocrx_word' id='word_1_303' title='bbox 1371 2208 1552 2249; x_wconf 88' lang='lat' dir='ltr'><strong>escam</strong></span> <span class='ocrx_word' id='word_1_304' title='bbox 1577 2233 1592 2259; x_wconf 93' lang='lat'><strong>,</strong></span> <span class='ocrx_word' id='word_1_305' title='bbox 1634 2201 1691 2249; x_wconf 89' lang='lat' dir='ltr'><strong>et</strong></span> <span class='ocrx_word' id='word_1_306' title='bbox 1739 2192 1892 2248; x_wconf 86' lang='lat' dir='ltr'><strong>illum</strong></span> <span class='ocrx_word' id='word_1_307' title='bbox 1935 2192 2121 2248; x_wconf 83' lang='lat' dir='ltr'><strong>bibere</strong></span> 
     </span>
    </p>
   </div>
   <div class='ocr_carea' id='block_1_37' title="bbox 532 2283 2123 2355">
    <p class='ocr_par' dir='ltr' id='par_1_37' title="bbox 532 2283 2123 2355">
     <span class='ocr_line' id='line_1_37' title="bbox 532 2283 2123 2355; baseline 0 -16"><span class='ocrx_word' id='word_1_308' title='bbox 532 2291 743 2355; x_wconf 86' lang='lat' dir='ltr'><strong>potum,</strong></span> <span class='ocrx_word' id='word_1_309' title='bbox 769 2284 825 2341; x_wconf 91' lang='lat' dir='ltr'><strong>in</strong></span> <span class='ocrx_word' id='word_1_310' title='bbox 852 2283 1073 2341; x_wconf 87' lang='lat' dir='ltr'><strong>Christo</strong></span> <span class='ocrx_word' id='word_1_311' title='bbox 1102 2285 1309 2340; x_wconf 86' lang='lat' dir='ltr'><strong>scilicet</strong></span> <span class='ocrx_word' id='word_1_312' title='bbox 1335 2298 1558 2340; x_wconf 87' lang='lat' dir='ltr'><strong>manere</strong></span> <span class='ocrx_word' id='word_1_313' title='bbox 1578 2325 1593 2350; x_wconf 90' lang='lat'><strong>,</strong></span> <span class='ocrx_word' id='word_1_314' title='bbox 1622 2292 1679 2341; x_wconf 90' lang='lat' dir='ltr'><strong>et</strong></span> <span class='ocrx_word' id='word_1_315' title='bbox 1706 2284 1855 2339; x_wconf 88' lang='lat' dir='ltr'><strong>illum</strong></span> <span class='ocrx_word' id='word_1_316' title='bbox 1898 2299 2123 2340; x_wconf 88' lang='lat' dir='ltr'><strong>manen-</strong></span> 
     </span>
    </p>
   </div>
   <div class='ocr_carea' id='block_1_38' title="bbox 535 2375 2122 2447">
    <p class='ocr_par' dir='ltr' id='par_1_38' title="bbox 535 2375 2122 2447">
     <span class='ocr_line' id='line_1_38' title="bbox 535 2375 2122 2447; baseline -0.001 -16"><span class='ocrx_word' id='word_1_317' title='bbox 535 2380 645 2431; x_wconf 87' lang='lat' dir='ltr'><strong>tem</strong></span> <span class='ocrx_word' id='word_1_318' title='bbox 679 2375 735 2431; x_wconf 89' lang='lat' dir='ltr'><strong>in</strong></span> <span class='ocrx_word' id='word_1_319' title='bbox 768 2390 827 2431; x_wconf 86' lang='lat' dir='ltr'><strong>se</strong></span> <span class='ocrx_word' id='word_1_320' title='bbox 874 2375 1093 2432; x_wconf 81' lang='lat' dir='ltr'><strong>habere.</strong></span> <span class='ocrx_word' id='word_1_321' title='bbox 1125 2376 1204 2431; x_wconf 78' lang='lat' dir='ltr'><strong>Ac</strong></span> <span class='ocrx_word' id='word_1_322' title='bbox 1246 2390 1346 2446; x_wconf 88' lang='lat' dir='ltr'><strong>per</strong></span> <span class='ocrx_word' id='word_1_323' title='bbox 1392 2375 1496 2431; x_wconf 89' lang='lat' dir='ltr'><strong>hoc</strong></span> <span class='ocrx_word' id='word_1_324' title='bbox 1550 2376 1643 2447; x_wconf 87' lang='lat' dir='ltr'><strong>qui</strong></span> <span class='ocrx_word' id='word_1_325' title='bbox 1690 2390 1796 2431; x_wconf 85' lang='lat' dir='ltr'><strong>non</strong></span> <span class='ocrx_word' id='word_1_326' title='bbox 1837 2382 2020 2430; x_wconf 85' lang='lat' dir='ltr'><strong>manet</strong></span> <span class='ocrx_word' id='word_1_327' title='bbox 2065 2375 2122 2430; x_wconf 89' lang='lat' dir='ltr'><strong>in</strong></span> 
     </span>
    </p>
   </div>
   <div class='ocr_carea' id='block_1_39' title="bbox 538 2463 2127 2537">
    <p class='ocr_par' dir='ltr' id='par_1_39' title="bbox 538 2463 2127 2537">
     <span class='ocr_line' id='line_1_39' title="bbox 538 2463 2127 2537; baseline -0.001 -15"><span class='ocrx_word' id='word_1_328' title='bbox 538 2463 778 2533; x_wconf 80' lang='lat' dir='ltr'><strong>Christo,</strong></span> <span class='ocrx_word' id='word_1_329' title='bbox 806 2473 863 2522; x_wconf 88' lang='lat' dir='ltr'><strong>et</strong></span> <span class='ocrx_word' id='word_1_330' title='bbox 891 2466 946 2522; x_wconf 88' lang='lat' dir='ltr'><strong>in</strong></span> <span class='ocrx_word' id='word_1_331' title='bbox 977 2481 1085 2537; x_wconf 84' lang='lat' dir='ltr'><strong>quo</strong></span> <span class='ocrx_word' id='word_1_332' title='bbox 1109 2482 1218 2523; x_wconf 89' lang='lat' dir='ltr'><strong>non</strong></span> <span class='ocrx_word' id='word_1_333' title='bbox 1244 2474 1427 2523; x_wconf 87' lang='lat' dir='ltr'><strong>manet</strong></span> <span class='ocrx_word' id='word_1_334' title='bbox 1448 2464 1721 2533; x_wconf 85' lang='lat' dir='ltr'><strong>Christus,</strong></span> <span class='ocrx_word' id='word_1_335' title='bbox 1748 2467 1937 2537; x_wconf 88' lang='lat' dir='ltr'><strong>procul</strong></span> <span class='ocrx_word' id='word_1_336' title='bbox 1964 2466 2127 2522; x_wconf 84' lang='lat' dir='ltr'><strong>dubio</strong></span> 
     </span>
    </p>
   </div>
   <div class='ocr_carea' id='block_1_40' title="bbox 536 2556 2129 2629">
    <p class='ocr_par' dir='ltr' id='par_1_40' title="bbox 536 2556 2129 2629">
     <span class='ocr_line' id='line_1_40' title="bbox 536 2556 2129 2629; baseline -0.003 -13"><span class='ocrx_word' id='word_1_337' title='bbox 536 2570 638 2617; x_wconf 80' lang='lat' dir='ltr'><strong>nec</strong></span> <span class='ocrx_word' id='word_1_338' title='bbox 680 2558 970 2625; x_wconf 71' lang='lat' dir='ltr'><strong>manthtcat</strong></span> <span class='ocrx_word' id='word_1_339' title='bbox 1012 2556 1133 2628; x_wconf 79' lang='lat' dir='ltr'><strong>eius</strong></span> <span class='ocrx_word' id='word_1_340' title='bbox 1177 2573 1431 2624; x_wconf 85' lang='lat' dir='ltr'><strong>carnem,</strong></span> <span class='ocrx_word' id='word_1_341' title='bbox 1458 2573 1560 2614; x_wconf 86' lang='lat' dir='ltr'><strong>nec</strong></span> <span class='ocrx_word' id='word_1_342' title='bbox 1583 2558 1722 2614; x_wconf 80' lang='lat' dir='ltr'><strong>bibit</strong></span> <span class='ocrx_word' id='word_1_343' title='bbox 1758 2557 1878 2629; x_wconf 81' lang='lat' dir='ltr'><strong>ejus</strong></span> <span class='ocrx_word' id='word_1_344' title='bbox 1909 2557 2129 2627; x_wconf 78' lang='lat' dir='ltr'><strong>sangui-</strong></span> 
     </span>
    </p>
   </div>
   <div class='ocr_carea' id='block_1_41' title="bbox 538 2652 2126 2724">
    <p class='ocr_par' dir='ltr' id='par_1_41' title="bbox 538 2652 2126 2724">
     <span class='ocr_line' id='line_1_41' title="bbox 538 2652 2126 2724; baseline -0.001 -17"><span class='ocrx_word' id='word_1_345' title='bbox 538 2667 685 2719; x_wconf 81' lang='lat' dir='ltr'><strong>nem,</strong></span> <span class='ocrx_word' id='word_1_346' title='bbox 720 2673 741 2707; x_wconf 76' lang='lat' dir='ltr'>l</span> <span class='ocrx_word' id='word_1_347' title='bbox 776 2653 993 2719; x_wconf 81' lang='lat' dir='ltr'><strong>etiamsi</strong></span> <span class='ocrx_word' id='word_1_348' title='bbox 1026 2662 1192 2709; x_wconf 72' lang='lat' dir='ltr'><strong>tanta:</strong></span> <span class='ocrx_word' id='word_1_349' title='bbox 1217 2653 1297 2710; x_wconf 88' lang='lat' dir='ltr'><strong>rei</strong></span> <span class='ocrx_word' id='word_1_350' title='bbox 1326 2661 1732 2709; x_wconf 82' lang='lat' dir='ltr'><strong>sacramentum</strong></span> <span class='ocrx_word' id='word_1_351' title='bbox 1760 2653 1829 2707; x_wconf 89' lang='lat' dir='ltr'><strong>ad</strong></span> <span class='ocrx_word' id='word_1_352' title='bbox 1862 2652 2126 2724; x_wconf 78' lang='lat' dir='ltr'><strong>judicium</strong></span> 
     </span>
    </p>
   </div>
   <div class='ocr_carea' id='block_1_42' title="bbox 537 2744 2124 2811">
    <p class='ocr_par' dir='ltr' id='par_1_42' title="bbox 537 2744 2124 2811">
     <span class='ocr_line' id='line_1_42' title="bbox 537 2744 2124 2811; baseline -0.002 -10"><span class='ocrx_word' id='word_1_353' title='bbox 537 2746 641 2801; x_wconf 84' lang='lat' dir='ltr'><strong>sibi</strong></span> <span class='ocrx_word' id='word_1_354' title='bbox 671 2746 960 2801; x_wconf 81' lang='lat' dir='ltr'><strong>manducet</strong></span> <span class='ocrx_word' id='word_1_355' title='bbox 984 2753 1039 2802; x_wconf 87' lang='lat' dir='ltr'><strong>et</strong></span> <span class='ocrx_word' id='word_1_356' title='bbox 1056 2746 1227 2802; x_wconf 86' lang='lat' dir='ltr'><strong>bibat.</strong></span> <span class='ocrx_word' id='word_1_357' title='bbox 1253 2744 1414 2801; x_wconf 85' lang='lat' dir='ltr'><strong>Aliud</strong></span> <span class='ocrx_word' id='word_1_358' title='bbox 1429 2755 1515 2802; x_wconf 87' lang='lat' dir='ltr'><strong>est</strong></span> <span class='ocrx_word' id='word_1_359' title='bbox 1534 2747 1681 2801; x_wconf 89' lang='lat' dir='ltr'><strong>enim</strong></span> <span class='ocrx_word' id='word_1_360' title='bbox 1706 2753 2124 2811; x_wconf 84' lang='lat' dir='ltr'><strong>sacramentum,</strong></span> 
     </span>
    </p>
   </div>
   <div class='ocr_carea' id='block_1_43' title="bbox 538 2836 2128 2897">
    <p class='ocr_par' dir='ltr' id='par_1_43' title="bbox 538 2836 2128 2897">
     <span class='ocr_line' id='line_1_43' title="bbox 538 2836 2128 2897; baseline -0.001 -4"><span class='ocrx_word' id='word_1_361' title='bbox 538 2836 685 2893; x_wconf 76' lang='lat' dir='ltr'><strong>aliud</strong></span> <span class='ocrx_word' id='word_1_362' title='bbox 711 2838 885 2897; x_wconf 75' lang='lat' dir='ltr'><strong>virtus</strong></span> <span class='ocrx_word' id='word_1_363' title='bbox 912 2837 1258 2893; x_wconf 84' lang='lat' dir='ltr'><strong>sacramenti.</strong></span> <span class='ocrx_word' id='word_1_364' title='bbox 1284 2836 1442 2894; x_wconf 87' lang='lat' dir='ltr'><strong>Salus</strong></span> <span class='ocrx_word' id='word_1_365' title='bbox 1483 2848 1666 2895; x_wconf 84' lang='lat' dir='ltr'><strong>autem</strong></span> <span class='ocrx_word' id='word_1_366' title='bbox 1692 2846 1749 2894; x_wconf 89' lang='lat' dir='ltr'><strong>et</strong></span> <span class='ocrx_word' id='word_1_367' title='bbox 1774 2839 1881 2897; x_wconf 85' lang='lat' dir='ltr'><strong>vita</strong></span> <span class='ocrx_word' id='word_1_368' title='bbox 1925 2846 2128 2893; x_wconf 72' lang='lat' dir='ltr'><strong>aeterna</strong></span> 
     </span>
    </p>
   </div>
   <div class='ocr_carea' id='block_1_44' title="bbox 543 2929 2132 2997">
    <p class='ocr_par' dir='ltr' id='par_1_44' title="bbox 543 2929 2132 2997">
     <span class='ocr_line' id='line_1_44' title="bbox 543 2929 2132 2997; baseline -0.001 -12"><span class='ocrx_word' id='word_1_369' title='bbox 543 2945 653 2985; x_wconf 85' lang='lat' dir='ltr'><strong>non</strong></span> <span class='ocrx_word' id='word_1_370' title='bbox 680 2938 765 2985; x_wconf 87' lang='lat' dir='ltr'><strong>est</strong></span> <span class='ocrx_word' id='word_1_371' title='bbox 787 2930 1029 2986; x_wconf 73' lang='lat' dir='ltr'><strong>exterius</strong></span> <span class='ocrx_word' id='word_1_372' title='bbox 1053 2932 1108 2985; x_wconf 87' lang='lat' dir='ltr'><strong>in</strong></span> <span class='ocrx_word' id='word_1_373' title='bbox 1129 2940 1501 2997; x_wconf 84' lang='lat' dir='ltr'><strong>sacramento;</strong></span> <span class='ocrx_word' id='word_1_374' title='bbox 1524 2946 1649 2988; x_wconf 86' lang='lat' dir='ltr'><strong>nam</strong></span> <span class='ocrx_word' id='word_1_375' title='bbox 1674 2930 1779 2987; x_wconf 88' lang='lat' dir='ltr'><strong>hoc</strong></span> <span class='ocrx_word' id='word_1_376' title='bbox 1807 2930 1973 2987; x_wconf 89' lang='lat' dir='ltr'><strong>etiam</strong></span> <span class='ocrx_word' id='word_1_377' title='bbox 2008 2929 2132 2985; x_wconf 83' lang='lat' dir='ltr'><strong>intl-</strong></span> 
     </span>
    </p>
   </div>
   <div class='ocr_carea' id='block_1_45' title="bbox 540 3023 2130 3095">
    <p class='ocr_par' dir='ltr' id='par_1_45' title="bbox 540 3023 2130 3095">
     <span class='ocr_line' id='line_1_45' title="bbox 540 3023 2130 3095; baseline 0.001 -16"><span class='ocrx_word' id='word_1_378' title='bbox 540 3023 691 3079; x_wconf 87' lang='lat' dir='ltr'><strong>deles</strong></span> <span class='ocrx_word' id='word_1_379' title='bbox 719 3039 935 3081; x_wconf 89' lang='lat' dir='ltr'><strong>sumere</strong></span> <span class='ocrx_word' id='word_1_380' title='bbox 966 3033 1233 3095; x_wconf 83' lang='lat' dir='ltr'><strong>possunt;</strong></span> <span class='ocrx_word' id='word_1_381' title='bbox 1281 3026 1377 3081; x_wconf 87' lang='lat' dir='ltr'><strong>sed</strong></span> <span class='ocrx_word' id='word_1_382' title='bbox 1415 3026 1643 3081; x_wconf 91' lang='lat' dir='ltr'><strong>interius</strong></span> <span class='ocrx_word' id='word_1_383' title='bbox 1688 3024 1827 3081; x_wconf 87' lang='lat' dir='ltr'><strong>sumi</strong></span> <span class='ocrx_word' id='word_1_384' title='bbox 1885 3038 1993 3081; x_wconf 88' lang='lat' dir='ltr'><strong>non</strong></span> <span class='ocrx_word' id='word_1_385' title='bbox 2031 3039 2130 3095; x_wconf 88' lang='lat' dir='ltr'><strong>po-</strong></span> 
     </span>
    </p>
   </div>
   <div class='ocr_carea' id='block_1_46' title="bbox 2213 1914 3784 1986">
    <p class='ocr_par' dir='ltr' id='par_1_46' title="bbox 2213 1914 3784 1986">
     <span class='ocr_line' id='line_1_46' title="bbox 2213 1914 3784 1986; baseline 0.002 -18"><span class='ocrx_word' id='word_1_386' title='bbox 2213 1915 2510 1986; x_wconf 72' lang='lat' dir='ltr'><strong>pcenitendl</strong></span> <span class='ocrx_word' id='word_1_387' title='bbox 2563 1930 2671 1972; x_wconf 85' lang='lat' dir='ltr'><strong>non</strong></span> <span class='ocrx_word' id='word_1_388' title='bbox 2724 1915 2958 1982; x_wconf 86' lang='lat' dir='ltr'><strong>habent;</strong></span> <span class='ocrx_word' id='word_1_389' title='bbox 3007 1932 3107 1973; x_wconf 89' lang='lat' dir='ltr'><strong>nec</strong></span> <span class='ocrx_word' id='word_1_390' title='bbox 3151 1914 3337 1973; x_wconf 86' lang='lat' dir='ltr'><strong>ﬁdeles</strong></span> <span class='ocrx_word' id='word_1_391' title='bbox 3383 1916 3604 1972; x_wconf 88' lang='lat' dir='ltr'><strong>dicendi</strong></span> <span class='ocrx_word' id='word_1_392' title='bbox 3645 1925 3784 1981; x_wconf 90' lang='lat' dir='ltr'><strong>sunt,</strong></span> 
     </span>
    </p>
   </div>
   <div class='ocr_carea' id='block_1_47' title="bbox 2217 2006 3790 2076">
    <p class='ocr_par' dir='ltr' id='par_1_47' title="bbox 2217 2006 3790 2076">
     <span class='ocr_line' id='line_1_47' title="bbox 2217 2006 3790 2076; baseline 0.002 -16"><span class='ocrx_word' id='word_1_393' title='bbox 2217 2007 2341 2076; x_wconf 86' lang='lat' dir='ltr'><strong>quia</strong></span> <span class='ocrx_word' id='word_1_394' title='bbox 2376 2006 2627 2062; x_wconf 83' lang='lat' dir='ltr'><strong>similiter</strong></span> <span class='ocrx_word' id='word_1_395' title='bbox 2660 2022 2877 2062; x_wconf 87' lang='lat' dir='ltr'><strong>sensum</strong></span> <span class='ocrx_word' id='word_1_396' title='bbox 2920 2008 3172 2064; x_wconf 88' lang='lat' dir='ltr'><strong>credendi</strong></span> <span class='ocrx_word' id='word_1_397' title='bbox 3213 2024 3324 2063; x_wconf 87' lang='lat' dir='ltr'><strong>non</strong></span> <span class='ocrx_word' id='word_1_398' title='bbox 3371 2008 3597 2064; x_wconf 84' lang='lat' dir='ltr'><strong>habent.</strong></span> <span class='ocrx_word' id='word_1_399' title='bbox 3624 2009 3675 2064; x_wconf 85' lang='lat' dir='ltr'><strong>Si</strong></span> <span class='ocrx_word' id='word_1_400' title='bbox 3701 2017 3790 2063; x_wconf 82' lang='lat' dir='ltr'><strong>au&#39;</strong></span> 
     </span>
    </p>
   </div>
   <div class='ocr_carea' id='block_1_48' title="bbox 2220 2097 3774 2171">
    <p class='ocr_par' dir='ltr' id='par_1_48' title="bbox 2220 2097 3774 2171">
     <span class='ocr_line' id='line_1_48' title="bbox 2220 2097 3774 2171; baseline 0.003 -19"><span class='ocrx_word' id='word_1_401' title='bbox 2220 2102 2326 2153; x_wconf 62' lang='lat' dir='ltr'><strong>tiam</strong></span> <span class='ocrx_word' id='word_1_402' title='bbox 2363 2106 2651 2168; x_wconf 84' lang='lat' dir='ltr'><strong>propterea</strong></span> <span class='ocrx_word' id='word_1_403' title='bbox 2692 2107 2841 2154; x_wconf 87' lang='lat' dir='ltr'><strong>recte</strong></span> <span class='ocrx_word' id='word_1_404' title='bbox 2876 2097 3063 2155; x_wconf 88' lang='lat' dir='ltr'><strong>ﬁdeles</strong></span> <span class='ocrx_word' id='word_1_405' title='bbox 3089 2109 3351 2157; x_wconf 73' lang='lat' dir='ltr'><strong>vocantur</strong></span> <span class='ocrx_word' id='word_1_406' title='bbox 3369 2101 3617 2171; x_wconf 85' lang='lat' dir='ltr'><strong>quoniam</strong></span> <span class='ocrx_word' id='word_1_407' title='bbox 3635 2100 3774 2157; x_wconf 73' lang='lat' dir='ltr'><strong>(idem</strong></span> 
     </span>
    </p>
   </div>
   <div class='ocr_carea' id='block_1_49' title="bbox 2219 2190 3770 2263">
    <p class='ocr_par' dir='ltr' id='par_1_49' title="bbox 2219 2190 3770 2263">
     <span class='ocr_line' id='line_1_49' title="bbox 2219 2190 3770 2263; baseline 0.001 -20"><span class='ocrx_word' id='word_1_408' title='bbox 2219 2204 2317 2261; x_wconf 88' lang='lat' dir='ltr'><strong>per</strong></span> <span class='ocrx_word' id='word_1_409' title='bbox 2337 2190 2508 2245; x_wconf 84' lang='lat' dir='ltr'><strong>verba</strong></span> <span class='ocrx_word' id='word_1_410' title='bbox 2537 2190 2866 2262; x_wconf 83' lang='lat' dir='ltr'><strong>gestantium</strong></span> <span class='ocrx_word' id='word_1_411' title='bbox 2897 2190 3295 2261; x_wconf 89' lang='lat' dir='ltr'><strong>quodammodo</strong></span> <span class='ocrx_word' id='word_1_412' title='bbox 3330 2192 3663 2263; x_wconf 78' lang='lat' dir='ltr'><strong>proﬁtentur,</strong></span> <span class='ocrx_word' id='word_1_413' title='bbox 3685 2208 3770 2246; x_wconf 87' lang='lat' dir='ltr'><strong>cur</strong></span> 
     </span>
    </p>
   </div>
   <div class='ocr_carea' id='block_1_50' title="bbox 2221 2282 3785 2359">
    <p class='ocr_par' dir='ltr' id='par_1_50' title="bbox 2221 2282 3785 2359">
     <span class='ocr_line' id='line_1_50' title="bbox 2221 2282 3785 2359; baseline 0.004 -22"><span class='ocrx_word' id='word_1_414' title='bbox 2221 2297 2329 2338; x_wconf 89' lang='lat' dir='ltr'><strong>non</strong></span> <span class='ocrx_word' id='word_1_415' title='bbox 2351 2283 2505 2352; x_wconf 89' lang='lat' dir='ltr'><strong>prius</strong></span> <span class='ocrx_word' id='word_1_416' title='bbox 2532 2282 2697 2338; x_wconf 87' lang='lat' dir='ltr'><strong>etiam</strong></span> <span class='ocrx_word' id='word_1_417' title='bbox 2736 2284 3062 2354; x_wconf 75' lang='lat' dir='ltr'><strong>pmnitentes</strong></span> <span class='ocrx_word' id='word_1_418' title='bbox 3104 2285 3394 2351; x_wconf 86' lang='lat' dir='ltr'><strong>habentur,</strong></span> <span class='ocrx_word' id='word_1_419' title='bbox 3436 2302 3565 2341; x_wconf 90' lang='lat' dir='ltr'><strong>cum</strong></span> <span class='ocrx_word' id='word_1_420' title='bbox 3590 2302 3678 2359; x_wconf 87' lang='lat' dir='ltr'><strong>per</strong></span> <span class='ocrx_word' id='word_1_421' title='bbox 3706 2302 3785 2344; x_wconf 88' lang='lat' dir='ltr'><strong>eo-</strong></span> 
     </span>
    </p>
   </div>
   <div class='ocr_carea' id='block_1_51' title="bbox 2222 2377 3785 2449">
    <p class='ocr_par' dir='ltr' id='par_1_51' title="bbox 2222 2377 3785 2449">
     <span class='ocr_line' id='line_1_51' title="bbox 2222 2377 3785 2449; baseline 0.003 -17"><span class='ocrx_word' id='word_1_422' title='bbox 2222 2377 2467 2432; x_wconf 82' lang='lat' dir='ltr'><strong>rumdem</strong></span> <span class='ocrx_word' id='word_1_423' title='bbox 2499 2377 2666 2432; x_wconf 87' lang='lat' dir='ltr'><strong>verba</strong></span> <span class='ocrx_word' id='word_1_424' title='bbox 2696 2378 3019 2449; x_wconf 84' lang='lat' dir='ltr'><strong>gestantium</strong></span> <span class='ocrx_word' id='word_1_425' title='bbox 3041 2420 3055 2445; x_wconf 93' lang='lat'><strong>,</strong></span> <span class='ocrx_word' id='word_1_426' title='bbox 3100 2377 3312 2434; x_wconf 86' lang='lat' dir='ltr'><strong>diabolo</strong></span> <span class='ocrx_word' id='word_1_427' title='bbox 3347 2388 3403 2435; x_wconf 89' lang='lat' dir='ltr'><strong>et</strong></span> <span class='ocrx_word' id='word_1_428' title='bbox 3450 2379 3584 2435; x_wconf 89' lang='lat' dir='ltr'><strong>huic</strong></span> <span class='ocrx_word' id='word_1_429' title='bbox 3617 2380 3785 2436; x_wconf 69' lang='lat' dir='ltr'><strong>saeculo</strong></span> 
     </span>
    </p>
   </div>
   <div class='ocr_carea' id='block_1_52' title="bbox 2224 2466 3785 2540">
    <p class='ocr_par' dir='ltr' id='par_1_52' title="bbox 2224 2466 3785 2540">
     <span class='ocr_line' id='line_1_52' title="bbox 2224 2466 3785 2540; baseline 0.001 -19"><span class='ocrx_word' id='word_1_430' title='bbox 2224 2467 2537 2521; x_wconf 90' lang='lat' dir='ltr'><strong>renuntiare</strong></span> <span class='ocrx_word' id='word_1_431' title='bbox 2581 2468 2990 2523; x_wconf 80' lang='lat' dir='ltr'><strong>monstrantur?</strong></span> <span class='ocrx_word' id='word_1_432' title='bbox 3037 2466 3233 2522; x_wconf 86' lang='lat' dir='ltr'><strong>Totum</strong></span> <span class='ocrx_word' id='word_1_433' title='bbox 3282 2479 3386 2523; x_wconf 82' lang='lat' dir='ltr'><strong>hoc</strong></span> <span class='ocrx_word' id='word_1_434' title='bbox 3430 2467 3487 2523; x_wconf 90' lang='lat' dir='ltr'><strong>in</strong></span> <span class='ocrx_word' id='word_1_435' title='bbox 3521 2484 3619 2540; x_wconf 85' lang='lat' dir='ltr'><strong>spe</strong></span> <span class='ocrx_word' id='word_1_436' title='bbox 3661 2470 3715 2523; x_wconf 80' lang='lat' dir='ltr'><strong>ﬁt</strong></span> <span class='ocrx_word' id='word_1_437' title='bbox 3742 2470 3785 2523; x_wconf 76' lang='lat' dir='ltr'><strong>ri</strong></span> 
     </span>
    </p>
   </div>
   <div class='ocr_carea' id='block_1_53' title="bbox 2225 2558 3786 2632">
    <p class='ocr_par' dir='ltr' id='par_1_53' title="bbox 2225 2558 3786 2632">
     <span class='ocr_line' id='line_1_53' title="bbox 2225 2558 3786 2632; baseline 0.002 -20"><span class='ocrx_word' id='word_1_438' title='bbox 2225 2558 2551 2613; x_wconf 78' lang='lat' dir='ltr'><strong>sacramenti</strong></span> <span class='ocrx_word' id='word_1_439' title='bbox 2580 2566 2637 2613; x_wconf 90' lang='lat' dir='ltr'><strong>et</strong></span> <span class='ocrx_word' id='word_1_440' title='bbox 2662 2559 2857 2614; x_wconf 70' lang='lat' dir='ltr'><strong>divina:</strong></span> <span class='ocrx_word' id='word_1_441' title='bbox 2890 2560 3091 2632; x_wconf 69' lang='lat' dir='ltr'><strong>gratiae,</strong></span> <span class='ocrx_word' id='word_1_442' title='bbox 3122 2574 3284 2631; x_wconf 86' lang='lat' dir='ltr'><strong>quam</strong></span> <span class='ocrx_word' id='word_1_443' title='bbox 3307 2562 3574 2618; x_wconf 88' lang='lat' dir='ltr'><strong>Dominus</strong></span> <span class='ocrx_word' id='word_1_444' title='bbox 3599 2562 3786 2617; x_wconf 83' lang='lat' dir='ltr'><strong>donavit</strong></span> 
     </span>
    </p>
   </div>
   <div class='ocr_carea' id='block_1_54' title="bbox 2226 2648 3784 2724">
    <p class='ocr_par' dir='ltr' id='par_1_54' title="bbox 2226 2648 3784 2724">
     <span class='ocr_line' id='line_1_54' title="bbox 2226 2648 3784 2724; baseline -0.001 -16"><span class='ocrx_word' id='word_1_445' title='bbox 2226 2648 2483 2708; x_wconf 69' lang='lat' dir='ltr'><strong>Ecclesia:</strong></span> <span class='ocrx_word' id='word_1_446' title='bbox 2503 2690 2516 2715; x_wconf 92' lang='lat'><strong>,</strong></span> <span class='ocrx_word' id='word_1_447' title='bbox 2550 2665 2677 2706; x_wconf 90' lang='lat' dir='ltr'><strong>cum</strong></span> <span class='ocrx_word' id='word_1_448' title='bbox 2714 2651 3079 2723; x_wconf 80' lang='lat' dir='ltr'><strong>baptizantur,</strong></span> <span class='ocrx_word' id='word_1_449' title='bbox 3118 2661 3343 2724; x_wconf 85' lang='lat' dir='ltr'><strong>propter</strong></span> <span class='ocrx_word' id='word_1_450' title='bbox 3365 2653 3631 2709; x_wconf 77' lang='lat' dir='ltr'><strong>virtutem</strong></span> <span class='ocrx_word' id='word_1_451' title='bbox 3668 2651 3784 2708; x_wconf 52' lang='lat' dir='ltr'><strong>cclcc</strong></span> 
     </span>
    </p>
   </div>
   <div class='ocr_carea' id='block_1_55' title="bbox 2227 2740 3789 2813">
    <p class='ocr_par' dir='ltr' id='par_1_55' title="bbox 2227 2740 3789 2813">
     <span class='ocr_line' id='line_1_55' title="bbox 2227 2740 3789 2813; baseline 0.001 -18"><span class='ocrx_word' id='word_1_452' title='bbox 2227 2740 2636 2811; x_wconf 85' lang='lat' dir='ltr'><strong>brationemque</strong></span> <span class='ocrx_word' id='word_1_453' title='bbox 2673 2742 2810 2796; x_wconf 85' lang='lat' dir='ltr'><strong>tanti</strong></span> <span class='ocrx_word' id='word_1_454' title='bbox 2838 2741 3160 2797; x_wconf 80' lang='lat' dir='ltr'><strong>sacramenti</strong></span> <span class='ocrx_word' id='word_1_455' title='bbox 3184 2783 3199 2808; x_wconf 95' lang='lat'><strong>,</strong></span> <span class='ocrx_word' id='word_1_456' title='bbox 3230 2744 3485 2813; x_wconf 86' lang='lat' dir='ltr'><strong>quamvis</strong></span> <span class='ocrx_word' id='word_1_457' title='bbox 3527 2758 3628 2799; x_wconf 90' lang='lat' dir='ltr'><strong>suo</strong></span> <span class='ocrx_word' id='word_1_458' title='bbox 3654 2742 3789 2798; x_wconf 80' lang='lat' dir='ltr'><strong>corde</strong></span> 
     </span>
    </p>
   </div>
   <div class='ocr_carea' id='block_1_56' title="bbox 2232 2833 3789 2906">
    <p class='ocr_par' dir='ltr' id='par_1_56' title="bbox 2232 2833 3789 2906">
     <span class='ocr_line' id='line_1_56' title="bbox 2232 2833 3789 2906; baseline 0.001 -18"><span class='ocrx_word' id='word_1_459' title='bbox 2232 2842 2394 2902; x_wconf 87' lang='lat' dir='ltr'><strong>atque</strong></span> <span class='ocrx_word' id='word_1_460' title='bbox 2413 2847 2510 2888; x_wconf 91' lang='lat' dir='ltr'><strong>ore</strong></span> <span class='ocrx_word' id='word_1_461' title='bbox 2543 2847 2650 2888; x_wconf 88' lang='lat' dir='ltr'><strong>non</strong></span> <span class='ocrx_word' id='word_1_462' title='bbox 2677 2841 2878 2906; x_wconf 85' lang='lat' dir='ltr'><strong>agant,</strong></span> <span class='ocrx_word' id='word_1_463' title='bbox 2906 2833 3051 2905; x_wconf 88' lang='lat' dir='ltr'><strong>quod</strong></span> <span class='ocrx_word' id='word_1_464' title='bbox 3075 2835 3143 2890; x_wconf 87' lang='lat' dir='ltr'><strong>ad</strong></span> <span class='ocrx_word' id='word_1_465' title='bbox 3180 2835 3517 2891; x_wconf 88' lang='lat' dir='ltr'><strong>credendum</strong></span> <span class='ocrx_word' id='word_1_466' title='bbox 3562 2835 3789 2892; x_wconf 64' lang='lat' dir='ltr'><strong>conum</strong></span> 
     </span>
    </p>
   </div>
   <div class='ocr_carea' id='block_1_57' title="bbox 2232 2924 3786 2997">
    <p class='ocr_par' dir='ltr' id='par_1_57' title="bbox 2232 2924 3786 2997">
     <span class='ocr_line' id='line_1_57' title="bbox 2232 2924 3786 2997; baseline 0.001 -16"><span class='ocrx_word' id='word_1_467' title='bbox 2232 2925 2465 2995; x_wconf 81' lang='lat' dir='ltr'><strong>dumque</strong></span> <span class='ocrx_word' id='word_1_468' title='bbox 2505 2926 2793 2997; x_wconf 85' lang='lat' dir='ltr'><strong>pertineat.</strong></span> <span class='ocrx_word' id='word_1_469' title='bbox 2847 2927 3053 2984; x_wconf 81' lang='lat' dir='ltr'><strong>Tamen</strong></span> <span class='ocrx_word' id='word_1_470' title='bbox 3094 2929 3150 2983; x_wconf 89' lang='lat' dir='ltr'><strong>in</strong></span> <span class='ocrx_word' id='word_1_471' title='bbox 3199 2942 3428 2985; x_wconf 89' lang='lat' dir='ltr'><strong>numero</strong></span> <span class='ocrx_word' id='word_1_472' title='bbox 3481 2924 3786 2987; x_wconf 83' lang='lat' dir='ltr'><strong>credentium</strong></span> 
     </span>
    </p>
   </div>
   <div class='ocr_carea' id='block_1_58' title="bbox 2232 3017 3792 3088">
    <p class='ocr_par' dir='ltr' id='par_1_58' title="bbox 2232 3017 3792 3088">
     <span class='ocr_line' id='line_1_58' title="bbox 2232 3017 3792 3088; baseline 0.003 -17"><span class='ocrx_word' id='word_1_473' title='bbox 2232 3025 2631 3088; x_wconf 89' lang='lat' dir='ltr'><strong>computantur.</strong></span> <span class='ocrx_word' id='word_1_474' title='bbox 2661 3017 2939 3088; x_wconf 89' lang='lat' dir='ltr'><strong>Plerisque</strong></span> <span class='ocrx_word' id='word_1_475' title='bbox 2963 3018 3181 3085; x_wconf 82' lang='lat' dir='ltr'><strong>accidit,</strong></span> <span class='ocrx_word' id='word_1_476' title='bbox 3222 3028 3283 3074; x_wconf 92' lang='lat' dir='ltr'><strong>ut</strong></span> <span class='ocrx_word' id='word_1_477' title='bbox 3328 3018 3602 3078; x_wconf 81' lang='lat' dir='ltr'><strong>catholico</strong></span> <span class='ocrx_word' id='word_1_478' title='bbox 3635 3022 3792 3076; x_wconf 86' lang='lat' dir='ltr'><strong>animo</strong></span> 
     </span>
    </p>
   </div>
   <div class='ocr_carea' id='block_1_59' title="bbox 545 3112 3793 3187">
    <p class='ocr_par' dir='ltr' id='par_1_59' title="bbox 545 3112 3793 3187">
     <span class='ocr_line' id='line_1_59' title="bbox 545 3112 3793 3187; baseline 0 -19"><span class='ocrx_word' id='word_1_479' title='bbox 545 3121 653 3169; x_wconf 87' lang='lat' dir='ltr'><strong>test</strong></span> <span class='ocrx_word' id='word_1_480' title='bbox 681 3114 736 3169; x_wconf 92' lang='lat' dir='ltr'><strong>in</strong></span> <span class='ocrx_word' id='word_1_481' title='bbox 760 3114 966 3169; x_wconf 85' lang='lat' dir='ltr'><strong>virtute</strong></span> <span class='ocrx_word' id='word_1_482' title='bbox 992 3117 1339 3182; x_wconf 86' lang='lat' dir='ltr'><strong>sacramenti,</strong></span> <span class='ocrx_word' id='word_1_483' title='bbox 1374 3132 1496 3187; x_wconf 82' lang='lat' dir='ltr'><strong>quae</strong></span> <span class='ocrx_word' id='word_1_484' title='bbox 1528 3132 1635 3172; x_wconf 89' lang='lat' dir='ltr'><strong>non</strong></span> <span class='ocrx_word' id='word_1_485' title='bbox 1664 3117 1898 3173; x_wconf 86' lang='lat' dir='ltr'><strong>sumitur</strong></span> <span class='ocrx_word' id='word_1_486' title='bbox 1924 3117 2028 3173; x_wconf 87' lang='lat' dir='ltr'><strong>nisi</strong></span> <span class='ocrx_word' id='word_1_487' title='bbox 2058 3117 2127 3173; x_wconf 85' lang='lat' dir='ltr'><strong>a&#39;b</strong></span> <span class='ocrx_word' id='word_1_488' title='bbox 2172 3185 2196 3187; x_wconf 95' lang='lat'>_</span> <span class='ocrx_word' id='word_1_489' title='bbox 2233 3118 2289 3167; x_wconf 93' lang='lat' dir='ltr'><strong>et</strong></span> <span class='ocrx_word' id='word_1_490' title='bbox 2316 3112 2477 3167; x_wconf 82' lang='lat' dir='ltr'><strong>corde</strong></span> <span class='ocrx_word' id='word_1_491' title='bbox 2500 3114 2567 3167; x_wconf 89' lang='lat' dir='ltr'><strong>ab</strong></span> <span class='ocrx_word' id='word_1_492' title='bbox 2596 3112 2804 3168; x_wconf 87' lang='lat' dir='ltr'><strong>unitate</strong></span> <span class='ocrx_word' id='word_1_493' title='bbox 2826 3114 2975 3183; x_wconf 82' lang='lat' dir='ltr'><strong>pacis</strong></span> <span class='ocrx_word' id='word_1_494' title='bbox 3001 3128 3110 3171; x_wconf 82' lang='lat' dir='ltr'><strong>non</strong></span> <span class='ocrx_word' id='word_1_495' title='bbox 3136 3113 3395 3181; x_wconf 85' lang='lat' dir='ltr'><strong>alienato,</strong></span> <span class='ocrx_word' id='word_1_496' title='bbox 3422 3115 3598 3185; x_wconf 87' lang='lat' dir='ltr'><strong>aliqua</strong></span> <span class='ocrx_word' id='word_1_497' title='bbox 3626 3128 3793 3169; x_wconf 87' lang='lat' dir='ltr'><strong>neces-</strong></span> 
     </span>
    </p>
   </div>
   <div class='ocr_carea' id='block_1_60' title="bbox 543 3185 3792 3281">
    <p class='ocr_par' dir='ltr' id='par_1_60' title="bbox 543 3185 3792 3281">
     <span class='ocr_line' id='line_1_60' title="bbox 543 3185 3792 3281; baseline 0.001 -20"><span class='ocrx_word' id='word_1_498' title='bbox 543 3205 630 3261; x_wconf 88' lang='lat' dir='ltr'><strong>his</strong></span> <span class='ocrx_word' id='word_1_499' title='bbox 672 3206 765 3276; x_wconf 91' lang='lat' dir='ltr'><strong>qui</strong></span> <span class='ocrx_word' id='word_1_500' title='bbox 789 3207 1055 3269; x_wconf 79' lang='lat' dir='ltr'><strong>veraciter</strong></span> <span class='ocrx_word' id='word_1_501' title='bbox 1079 3215 1203 3263; x_wconf 89' lang='lat' dir='ltr'><strong>sunt</strong></span> <span class='ocrx_word' id='word_1_502' title='bbox 1221 3208 1297 3279; x_wconf 90' lang='lat' dir='ltr'><strong>pii</strong></span> <span class='ocrx_word' id='word_1_503' title='bbox 1320 3216 1378 3264; x_wconf 92' lang='lat' dir='ltr'><strong>et</strong></span> <span class='ocrx_word' id='word_1_504' title='bbox 1392 3185 1607 3276; x_wconf 76' lang='lat' dir='ltr'><strong>ﬁdeles,</strong></span> <span class='ocrx_word' id='word_1_505' title='bbox 1638 3216 1693 3264; x_wconf 91' lang='lat' dir='ltr'><strong>et</strong></span> <span class='ocrx_word' id='word_1_506' title='bbox 1715 3211 2001 3265; x_wconf 77' lang='lat' dir='ltr'><strong>imitatores</strong></span> <span class='ocrx_word' id='word_1_507' title='bbox 2024 3209 2124 3264; x_wconf 77' lang='lat' dir='ltr'><strong>Dei</strong></span> <span class='ocrx_word' id='word_1_508' title='bbox 2152 3185 2200 3251; x_wconf 74' lang='grc' dir='ltr'>ο</span> <span class='ocrx_word' id='word_1_509' title='bbox 2231 3204 2389 3260; x_wconf 86' lang='lat' dir='ltr'><strong>sitate</strong></span> <span class='ocrx_word' id='word_1_510' title='bbox 2419 3206 2611 3260; x_wconf 89' lang='lat' dir='ltr'><strong>mortis</strong></span> <span class='ocrx_word' id='word_1_511' title='bbox 2636 3213 2895 3274; x_wconf 78' lang='lat' dir='ltr'><strong>urgente,</strong></span> <span class='ocrx_word' id='word_1_512' title='bbox 2937 3207 2992 3261; x_wconf 90' lang='lat' dir='ltr'><strong>in</strong></span> <span class='ocrx_word' id='word_1_513' title='bbox 3029 3206 3263 3277; x_wconf 81' lang='lat' dir='ltr'><strong>aliquem</strong></span> <span class='ocrx_word' id='word_1_514' title='bbox 3301 3208 3611 3281; x_wconf 65' lang='lat' dir='ltr'><strong>haereticum</strong></span> <span class='ocrx_word' id='word_1_515' title='bbox 3636 3209 3792 3263; x_wconf 87' lang='lat' dir='ltr'><strong>irrue-</strong></span> 
     </span>
    </p>
   </div>
   <div class='ocr_carea' id='block_1_61' title="bbox 548 3297 2120 3367">
    <p class='ocr_par' dir='ltr' id='par_1_61' title="bbox 548 3297 2120 3367">
     <span class='ocr_line' id='line_1_61' title="bbox 548 3297 2120 3367; baseline 0.002 -15"><span class='ocrx_word' id='word_1_516' title='bbox 548 3299 683 3353; x_wconf 65' lang='grc' dir='ltr'><strong>δίοιδε</strong></span> <span class='ocrx_word' id='word_1_517' title='bbox 709 3297 809 3367; x_wconf 71' lang='lat' dir='ltr'><strong>ﬂii</strong></span> <span class='ocrx_word' id='word_1_518' title='bbox 836 3299 1154 3367; x_wconf 72' lang='lat' dir='ltr'><strong>charissimi,</strong></span> <span class='ocrx_word' id='word_1_519' title='bbox 1184 3309 1235 3355; x_wconf 82' lang='lat' dir='ltr'><strong>et</strong></span> <span class='ocrx_word' id='word_1_520' title='bbox 1261 3300 1535 3356; x_wconf 74' lang='lat' dir='ltr'><strong>ambulant</strong></span> <span class='ocrx_word' id='word_1_521' title='bbox 1560 3302 1618 3356; x_wconf 71' lang='lat' dir='ltr'><strong>in</strong></span> <span class='ocrx_word' id='word_1_522' title='bbox 1648 3300 1943 3366; x_wconf 77' lang='lat' dir='ltr'><strong>dilectione,</strong></span> <span class='ocrx_word' id='word_1_523' title='bbox 1984 3302 2120 3356; x_wconf 76' lang='lat' dir='ltr'><strong>sicut</strong></span> 
     </span>
    </p>
   </div>
   <div class='ocr_carea' id='block_1_62' title="bbox 549 3387 1235 3447">
    <p class='ocr_par' dir='ltr' id='par_1_62' title="bbox 549 3387 1235 3447">
     <span class='ocr_line' id='line_1_62' title="bbox 549 3387 1235 3447; baseline 0.003 -2"><span class='ocrx_word' id='word_1_524' title='bbox 549 3399 599 3445; x_wconf 82' lang='lat' dir='ltr'><strong>et</strong></span> <span class='ocrx_word' id='word_1_525' title='bbox 634 3387 876 3446; x_wconf 74' lang='lat' dir='ltr'><strong>Christus</strong></span> <span class='ocrx_word' id='word_1_526' title='bbox 899 3389 1084 3446; x_wconf 62' lang='lat' dir='ltr'><strong>dilexit</strong></span> <span class='ocrx_word' id='word_1_527' title='bbox 1117 3408 1235 3447; x_wconf 80' lang='lat' dir='ltr'><strong>uos.</strong></span> 
     </span>
    </p>
   </div>
   <div class='ocr_carea' id='block_1_63' title="bbox 617 3480 2128 3554">
    <p class='ocr_par' dir='ltr' id='par_1_63' title="bbox 617 3480 2128 3554">
     <span class='ocr_line' id='line_1_63' title="bbox 617 3480 2128 3554; baseline 0 -16"><span class='ocrx_word' id='word_1_528' title='bbox 617 3480 773 3538; x_wconf 79' lang='lat' dir='ltr'><strong>Hunc</strong></span> <span class='ocrx_word' id='word_1_529' title='bbox 795 3496 988 3552; x_wconf 82' lang='lat' dir='ltr'><strong>panem</strong></span> <span class='ocrx_word' id='word_1_530' title='bbox 1014 3481 1109 3551; x_wconf 89' lang='lat' dir='ltr'><strong>qui</strong></span> <span class='ocrx_word' id='word_1_531' title='bbox 1137 3483 1303 3545; x_wconf 76' lang='lat' dir='ltr'><strong>vitam</strong></span> <span class='ocrx_word' id='word_1_532' title='bbox 1335 3482 1528 3538; x_wconf 86' lang='lat' dir='ltr'><strong>tribuit</strong></span> <span class='ocrx_word' id='word_1_533' title='bbox 1549 3483 1770 3548; x_wconf 68' lang='lat' dir='ltr'><strong>mum,</strong></span> <span class='ocrx_word' id='word_1_534' title='bbox 1802 3483 2128 3554; x_wconf 81' lang='lat' dir='ltr'><strong>signiﬁcavit</strong></span> 
     </span>
    </p>
   </div>
   <div class='ocr_carea' id='block_1_64' title="bbox 542 3575 2132 3647">
    <p class='ocr_par' dir='ltr' id='par_1_64' title="bbox 542 3575 2132 3647">
     <span class='ocr_line' id='line_1_64' title="bbox 542 3575 2132 3647; baseline 0.001 -16"><span class='ocrx_word' id='word_1_535' title='bbox 542 3575 672 3631; x_wconf 92' lang='lat' dir='ltr'><strong>illud</strong></span> <span class='ocrx_word' id='word_1_536' title='bbox 718 3591 913 3631; x_wconf 88' lang='lat' dir='ltr'><strong>manna</strong></span> <span class='ocrx_word' id='word_1_537' title='bbox 945 3592 1051 3647; x_wconf 92' lang='lat' dir='ltr'><strong>quo</strong></span> <span class='ocrx_word' id='word_1_538' title='bbox 1079 3576 1192 3632; x_wconf 82' lang='lat' dir='ltr'><strong>aliti</strong></span> <span class='ocrx_word' id='word_1_539' title='bbox 1218 3585 1345 3631; x_wconf 89' lang='lat' dir='ltr'><strong>sunt</strong></span> <span class='ocrx_word' id='word_1_540' title='bbox 1370 3576 1471 3631; x_wconf 85' lang='lat' dir='ltr'><strong>ﬁlii</strong></span> <span class='ocrx_word' id='word_1_541' title='bbox 1494 3577 1659 3632; x_wconf 83' lang='lat' dir='ltr'><strong>israel</strong></span> <span class='ocrx_word' id='word_1_542' title='bbox 1705 3577 1761 3632; x_wconf 91' lang='lat' dir='ltr'><strong>in</strong></span> <span class='ocrx_word' id='word_1_543' title='bbox 1804 3578 2047 3644; x_wconf 77' lang='lat' dir='ltr'><strong>deserto,</strong></span> <span class='ocrx_word' id='word_1_544' title='bbox 2073 3586 2132 3633; x_wconf 90' lang='lat' dir='ltr'><strong>et</strong></span> 
     </span>
    </p>
   </div>
   <div class='ocr_carea' id='block_1_65' title="bbox 547 3665 2131 3738">
    <p class='ocr_par' dir='ltr' id='par_1_65' title="bbox 547 3665 2131 3738">
     <span class='ocr_line' id='line_1_65' title="bbox 547 3665 2131 3738; baseline 0.001 -16"><span class='ocrx_word' id='word_1_545' title='bbox 547 3666 612 3722; x_wconf 87' lang='lat' dir='ltr'><strong>de</strong></span> <span class='ocrx_word' id='word_1_546' title='bbox 641 3682 749 3738; x_wconf 89' lang='lat' dir='ltr'><strong>quo</strong></span> <span class='ocrx_word' id='word_1_547' title='bbox 775 3667 1032 3722; x_wconf 89' lang='lat' dir='ltr'><strong>Dominus</strong></span> <span class='ocrx_word' id='word_1_548' title='bbox 1059 3668 1136 3723; x_wconf 87' lang='lat' dir='ltr'><strong>ait</strong></span> <span class='ocrx_word' id='word_1_549' title='bbox 1167 3665 1367 3724; x_wconf 72' lang='lat' dir='ltr'><strong>Judmis</strong></span> <span class='ocrx_word' id='word_1_550' title='bbox 1394 3683 1409 3722; x_wconf 86' lang='lat'><strong>:</strong></span> <span class='ocrx_word' id='word_1_551' title='bbox 1439 3666 1629 3723; x_wconf 78' lang='lat' dir='ltr'><strong>Patres</strong></span> <span class='ocrx_word' id='word_1_552' title='bbox 1658 3670 1812 3723; x_wconf 82' lang='lat' dir='ltr'><strong>vestri</strong></span> <span class='ocrx_word' id='word_1_553' title='bbox 1844 3668 2131 3723; x_wconf 84' lang='lat' dir='ltr'><strong>manduca-</strong></span> 
     </span>
    </p>
   </div>
   <div class='ocr_carea' id='block_1_66' title="bbox 543 3759 2127 3831">
    <p class='ocr_par' dir='ltr' id='par_1_66' title="bbox 543 3759 2127 3831">
     <span class='ocr_line' id='line_1_66' title="bbox 543 3759 2127 3831; baseline 0.001 -18"><span class='ocrx_word' id='word_1_554' title='bbox 543 3769 726 3813; x_wconf 79' lang='lat' dir='ltr'><strong>uerunt</strong></span> <span class='ocrx_word' id='word_1_555' title='bbox 754 3759 809 3813; x_wconf 87' lang='lat' dir='ltr'><strong>in</strong></span> <span class='ocrx_word' id='word_1_556' title='bbox 836 3759 1039 3823; x_wconf 74' lang='lat' dir='ltr'><strong>deserto</strong></span> <span class='ocrx_word' id='word_1_557' title='bbox 1075 3777 1303 3826; x_wconf 75' lang='lat' dir='ltr'><strong>manus,</strong></span> <span class='ocrx_word' id='word_1_558' title='bbox 1349 3768 1399 3814; x_wconf 78' lang='lat' dir='ltr'><strong>et</strong></span> <span class='ocrx_word' id='word_1_559' title='bbox 1444 3761 1637 3814; x_wconf 77' lang='lat' dir='ltr'><strong>mortui</strong></span> <span class='ocrx_word' id='word_1_560' title='bbox 1675 3768 1798 3814; x_wconf 81' lang='lat' dir='ltr'><strong>sunt</strong></span> <span class='ocrx_word' id='word_1_561' title='bbox 1844 3759 2027 3831; x_wconf 87' lang='lat' dir='ltr'><strong>(Joan.</strong></span> <span class='ocrx_word' id='word_1_562' title='bbox 2056 3774 2127 3824; x_wconf 78' lang='lat' dir='ltr'><strong>v1,</strong></span> 
     </span>
    </p>
   </div>
   <div class='ocr_carea' id='block_1_67' title="bbox 546 3846 2134 3923">
    <p class='ocr_par' dir='ltr' id='par_1_67' title="bbox 546 3846 2134 3923">
     <span class='ocr_line' id='line_1_67' title="bbox 546 3846 2134 3923; baseline 0.004 -21"><span class='ocrx_word' id='word_1_563' title='bbox 546 3846 660 3920; x_wconf 82' lang='lat'><strong>59).</strong></span> <span class='ocrx_word' id='word_1_564' title='bbox 684 3849 818 3911; x_wconf 85' lang='lat' dir='ltr'><strong>Cum</strong></span> <span class='ocrx_word' id='word_1_565' title='bbox 843 3866 975 3922; x_wconf 78' lang='lat' dir='ltr'><strong>ergo</strong></span> <span class='ocrx_word' id='word_1_566' title='bbox 1002 3851 1348 3921; x_wconf 85' lang='lat' dir='ltr'><strong>perspicuum</strong></span> <span class='ocrx_word' id='word_1_567' title='bbox 1372 3853 1446 3908; x_wconf 89' lang='lat' dir='ltr'><strong>sit</strong></span> <span class='ocrx_word' id='word_1_568' title='bbox 1473 3854 1618 3923; x_wconf 92' lang='lat' dir='ltr'><strong>quod</strong></span> <span class='ocrx_word' id='word_1_569' title='bbox 1646 3853 1906 3910; x_wconf 85' lang='lat' dir='ltr'><strong>Dominus</strong></span> <span class='ocrx_word' id='word_1_570' title='bbox 1934 3869 2042 3913; x_wconf 86' lang='lat' dir='ltr'><strong>non</strong></span> <span class='ocrx_word' id='word_1_571' title='bbox 2065 3855 2134 3909; x_wconf 90' lang='lat' dir='ltr'><strong>de</strong></span> 
     </span>
    </p>
   </div>
   <div class='ocr_carea' id='block_1_68' title="bbox 547 3929 2133 4018">
    <p class='ocr_par' dir='ltr' id='par_1_68' title="bbox 547 3929 2133 4018">
     <span class='ocr_line' id='line_1_68' title="bbox 547 3929 2133 4018; baseline 0.004 -22"><span class='ocrx_word' id='word_1_572' title='bbox 547 3950 725 4001; x_wconf 84' lang='lat' dir='ltr'><strong>morte</strong></span> <span class='ocrx_word' id='word_1_573' title='bbox 751 3944 997 4013; x_wconf 88' lang='lat' dir='ltr'><strong>corporis</strong></span> <span class='ocrx_word' id='word_1_574' title='bbox 1022 3929 1352 4014; x_wconf 75' lang='lat' dir='ltr'><strong>loqueretur,</strong></span> <span class='ocrx_word' id='word_1_575' title='bbox 1376 3960 1486 4016; x_wconf 90' lang='lat' dir='ltr'><strong>qua</strong></span> <span class='ocrx_word' id='word_1_576' title='bbox 1515 3954 1572 4002; x_wconf 91' lang='lat' dir='ltr'><strong>et</strong></span> <span class='ocrx_word' id='word_1_577' title='bbox 1596 3962 1697 4002; x_wconf 85' lang='lat' dir='ltr'><strong>nos</strong></span> <span class='ocrx_word' id='word_1_578' title='bbox 1729 3949 2010 4014; x_wconf 89' lang='lat' dir='ltr'><strong>morimur,</strong></span> <span class='ocrx_word' id='word_1_579' title='bbox 2041 3949 2133 4018; x_wconf 88' lang='lat' dir='ltr'><strong>qui</strong></span> 
     </span>
    </p>
   </div>
   <div class='ocr_carea' id='block_1_69' title="bbox 547 4035 2132 4108">
    <p class='ocr_par' dir='ltr' id='par_1_69' title="bbox 547 4035 2132 4108">
     <span class='ocr_line' id='line_1_69' title="bbox 547 4035 2132 4108; baseline 0.006 -20"><span class='ocrx_word' id='word_1_580' title='bbox 547 4048 742 4104; x_wconf 89' lang='lat' dir='ltr'><strong>panem</strong></span> <span class='ocrx_word' id='word_1_581' title='bbox 770 4035 837 4091; x_wconf 89' lang='lat' dir='ltr'><strong>de</strong></span> <span class='ocrx_word' id='word_1_582' title='bbox 870 4036 1008 4091; x_wconf 59' lang='lat' dir='ltr'><strong>coelo</strong></span> <span class='ocrx_word' id='word_1_583' title='bbox 1043 4036 1461 4095; x_wconf 85' lang='lat' dir='ltr'><strong>descendentem</strong></span> <span class='ocrx_word' id='word_1_584' title='bbox 1502 4040 1984 4108; x_wconf 85' lang='lat' dir='ltr'><strong>manducavimus,</strong></span> <span class='ocrx_word' id='word_1_585' title='bbox 2035 4043 2132 4098; x_wconf 89' lang='lat' dir='ltr'><strong>sed</strong></span> 
     </span>
    </p>
   </div>
   <div class='ocr_carea' id='block_1_70' title="bbox 549 4129 2134 4206">
    <p class='ocr_par' dir='ltr' id='par_1_70' title="bbox 549 4129 2134 4206">
     <span class='ocr_line' id='line_1_70' title="bbox 549 4129 2134 4206; baseline 0.005 -23"><span class='ocrx_word' id='word_1_586' title='bbox 549 4129 618 4184; x_wconf 91' lang='lat' dir='ltr'><strong>de</strong></span> <span class='ocrx_word' id='word_1_587' title='bbox 645 4137 819 4186; x_wconf 84' lang='lat' dir='ltr'><strong>morte</strong></span> <span class='ocrx_word' id='word_1_588' title='bbox 847 4130 1063 4196; x_wconf 72' lang='lat' dir='ltr'><strong>animm,</strong></span> <span class='ocrx_word' id='word_1_589' title='bbox 1093 4146 1194 4188; x_wconf 92' lang='lat' dir='ltr'><strong>cur</strong></span> <span class='ocrx_word' id='word_1_590' title='bbox 1218 4133 1420 4190; x_wconf 89' lang='lat' dir='ltr'><strong>dicitur</strong></span> <span class='ocrx_word' id='word_1_591' title='bbox 1462 4134 1605 4204; x_wconf 88' lang='lat' dir='ltr'><strong>quod</strong></span> <span class='ocrx_word' id='word_1_592' title='bbox 1646 4135 1740 4206; x_wconf 87' lang='lat' dir='ltr'><strong>qui</strong></span> <span class='ocrx_word' id='word_1_593' title='bbox 1770 4136 2134 4191; x_wconf 74' lang='lat' dir='ltr'><strong>manducare-</strong></span> 
     </span>
    </p>
   </div>
   <div class='ocr_carea' id='block_1_71' title="bbox 549 4223 2135 4298">
    <p class='ocr_par' dir='ltr' id='par_1_71' title="bbox 549 4223 2135 4298">
     <span class='ocr_line' id='line_1_71' title="bbox 549 4223 2135 4298; baseline 0.004 -24"><span class='ocrx_word' id='word_1_594' title='bbox 549 4227 677 4276; x_wconf 88' lang='lat' dir='ltr'><strong>runt</strong></span> <span class='ocrx_word' id='word_1_595' title='bbox 723 4235 924 4278; x_wconf 85' lang='lat' dir='ltr'><strong>manna</strong></span> <span class='ocrx_word' id='word_1_596' title='bbox 970 4224 1169 4281; x_wconf 88' lang='lat' dir='ltr'><strong>mortui</strong></span> <span class='ocrx_word' id='word_1_597' title='bbox 1213 4224 1373 4281; x_wconf 82' lang='lat' dir='ltr'><strong>suntl</strong></span> <span class='ocrx_word' id='word_1_598' title='bbox 1416 4223 1669 4297; x_wconf 81' lang='lat' dir='ltr'><strong>Nunquid</strong></span> <span class='ocrx_word' id='word_1_599' title='bbox 1716 4235 1773 4283; x_wconf 92' lang='lat' dir='ltr'><strong>et</strong></span> <span class='ocrx_word' id='word_1_600' title='bbox 1818 4226 2027 4298; x_wconf 77' lang='lat' dir='ltr'><strong>Moyses</strong></span> <span class='ocrx_word' id='word_1_601' title='bbox 2078 4234 2135 4282; x_wconf 88' lang='lat' dir='ltr'><strong>et</strong></span> 
     </span>
    </p>
   </div>
   <div class='ocr_carea' id='block_1_72' title="bbox 551 4314 2134 4388">
    <p class='ocr_par' dir='ltr' id='par_1_72' title="bbox 551 4314 2134 4388">
     <span class='ocr_line' id='line_1_72' title="bbox 551 4314 2134 4388; baseline 0.004 -19"><span class='ocrx_word' id='word_1_602' title='bbox 551 4314 735 4370; x_wconf 62' lang='lat' dir='ltr'><strong>caeteri</strong></span> <span class='ocrx_word' id='word_1_603' title='bbox 784 4317 956 4372; x_wconf 84' lang='lat' dir='ltr'><strong>sancti</strong></span> <span class='ocrx_word' id='word_1_604' title='bbox 999 4317 1090 4388; x_wconf 89' lang='lat' dir='ltr'><strong>qui</strong></span> <span class='ocrx_word' id='word_1_605' title='bbox 1140 4317 1215 4374; x_wconf 89' lang='lat' dir='ltr'><strong>ibi</strong></span> <span class='ocrx_word' id='word_1_606' title='bbox 1253 4316 1503 4387; x_wconf 80' lang='lat' dir='ltr'><strong>fuerunt,</strong></span> <span class='ocrx_word' id='word_1_607' title='bbox 1563 4321 1762 4376; x_wconf 86' lang='lat' dir='ltr'><strong>mortui</strong></span> <span class='ocrx_word' id='word_1_608' title='bbox 1808 4321 1965 4377; x_wconf 71' lang='lat' dir='ltr'><strong>sunt?</strong></span> <span class='ocrx_word' id='word_1_609' title='bbox 2024 4320 2134 4376; x_wconf 82' lang='lat' dir='ltr'><strong>Sed</strong></span> 
     </span>
    </p>
   </div>
   <div class='ocr_carea' id='block_1_73' title="bbox 549 4409 2133 4484">
    <p class='ocr_par' dir='ltr' id='par_1_73' title="bbox 549 4409 2133 4484">
     <span class='ocr_line' id='line_1_73' title="bbox 549 4409 2133 4484; baseline 0.002 -18"><span class='ocrx_word' id='word_1_610' title='bbox 549 4409 672 4466; x_wconf 86' lang='lat' dir='ltr'><strong>illos</strong></span> <span class='ocrx_word' id='word_1_611' title='bbox 718 4411 849 4467; x_wconf 83' lang='lat' dir='ltr'><strong>dicit</strong></span> <span class='ocrx_word' id='word_1_612' title='bbox 886 4421 1132 4470; x_wconf 87' lang='lat' dir='ltr'><strong>mortuos</strong></span> <span class='ocrx_word' id='word_1_613' title='bbox 1186 4410 1279 4484; x_wconf 90' lang='lat' dir='ltr'><strong>qui</strong></span> <span class='ocrx_word' id='word_1_614' title='bbox 1330 4421 1729 4470; x_wconf 85' lang='lat' dir='ltr'><strong>sacramentum</strong></span> <span class='ocrx_word' id='word_1_615' title='bbox 1771 4414 1889 4469; x_wconf 89' lang='lat' dir='ltr'><strong>sine</strong></span> <span class='ocrx_word' id='word_1_616' title='bbox 1934 4413 2133 4469; x_wconf 83' lang='lat' dir='ltr'><strong>virtute</strong></span> 
     </span>
    </p>
   </div>
   <div class='ocr_carea' id='block_1_74' title="bbox 550 4504 2132 4577">
    <p class='ocr_par' dir='ltr' id='par_1_74' title="bbox 550 4504 2132 4577">
     <span class='ocr_line' id='line_1_74' title="bbox 550 4504 2132 4577; baseline -0.001 -15"><span class='ocrx_word' id='word_1_617' title='bbox 550 4504 879 4562; x_wconf 83' lang='lat' dir='ltr'><strong>sacramenti</strong></span> <span class='ocrx_word' id='word_1_618' title='bbox 924 4512 1303 4577; x_wconf 85' lang='lat' dir='ltr'><strong>perceperunt.</strong></span> <span class='ocrx_word' id='word_1_619' title='bbox 1353 4506 1507 4574; x_wconf 82' lang='lat' dir='ltr'><strong>Quod</strong></span> <span class='ocrx_word' id='word_1_620' title='bbox 1558 4515 1738 4562; x_wconf 86' lang='lat' dir='ltr'><strong>autem</strong></span> <span class='ocrx_word' id='word_1_621' title='bbox 1787 4507 2014 4562; x_wconf 81' lang='lat' dir='ltr'><strong>interius</strong></span> <span class='ocrx_word' id='word_1_622' title='bbox 2060 4505 2132 4561; x_wconf 86' lang='lat' dir='ltr'><strong>sit</strong></span> 
     </span>
    </p>
   </div>
   <div class='ocr_carea' id='block_1_75' title="bbox 550 4561 2210 4670">
    <p class='ocr_par' dir='ltr' id='par_1_75' title="bbox 550 4561 2210 4670">
     <span class='ocr_line' id='line_1_75' title="bbox 550 4561 2210 4670; baseline 0.003 -19"><span class='ocrx_word' id='word_1_623' title='bbox 550 4561 727 4653; x_wconf 71' lang='lat' dir='ltr'><strong>virtus</strong></span> <span class='ocrx_word' id='word_1_624' title='bbox 762 4561 1122 4664; x_wconf 46' lang='lat' dir='ltr'><strong>sacramenti:</strong></span> <span class='ocrx_word' id='word_1_625' title='bbox 1167 4612 1289 4669; x_wconf 64' lang='lat' dir='ltr'><strong>quae</strong></span> <span class='ocrx_word' id='word_1_626' title='bbox 1332 4561 1673 4655; x_wconf 55' lang='lat' dir='ltr'><strong>invisibiliter</strong></span> <span class='ocrx_word' id='word_1_627' title='bbox 1707 4606 1929 4670; x_wconf 61' lang='lat' dir='ltr'><strong>praestat</strong></span> <span class='ocrx_word' id='word_1_628' title='bbox 1980 4561 2133 4656; x_wconf 85' lang='lat' dir='ltr'><strong>ablu-</strong></span> <span class='ocrx_word' id='word_1_629' title='bbox 2151 4561 2210 4633; x_wconf 56' lang='grc' dir='ltr'><strong>η</strong></span> 
     </span>
    </p>
   </div>
   <div class='ocr_carea' id='block_1_76' title="bbox 551 4687 2138 4762">
    <p class='ocr_par' dir='ltr' id='par_1_76' title="bbox 551 4687 2138 4762">
     <span class='ocr_line' id='line_1_76' title="bbox 551 4687 2138 4762; baseline 0.004 -19"><span class='ocrx_word' id='word_1_630' title='bbox 551 4687 778 4755; x_wconf 85' lang='lat' dir='ltr'><strong>tionem,</strong></span> <span class='ocrx_word' id='word_1_631' title='bbox 805 4689 1287 4746; x_wconf 83' lang='lat' dir='ltr'><strong>sanctiﬁcationem</strong></span> <span class='ocrx_word' id='word_1_632' title='bbox 1328 4698 1387 4747; x_wconf 87' lang='lat' dir='ltr'><strong>et</strong></span> <span class='ocrx_word' id='word_1_633' title='bbox 1431 4692 1629 4758; x_wconf 86' lang='lat' dir='ltr'><strong>vitam,</strong></span> <span class='ocrx_word' id='word_1_634' title='bbox 1671 4691 1815 4746; x_wconf 85' lang='lat' dir='ltr'><strong>sicut</strong></span> <span class='ocrx_word' id='word_1_635' title='bbox 1860 4704 2000 4762; x_wconf 86' lang='lat' dir='ltr'><strong>aqua</strong></span> <span class='ocrx_word' id='word_1_636' title='bbox 2040 4693 2138 4749; x_wconf 86' lang='lat' dir='ltr'><strong>ha-</strong></span> 
     </span>
    </p>
   </div>
   <div class='ocr_carea' id='block_1_77' title="bbox 553 4779 2138 4857">
    <p class='ocr_par' dir='ltr' id='par_1_77' title="bbox 553 4779 2138 4857">
     <span class='ocr_line' id='line_1_77' title="bbox 553 4779 2138 4857; baseline 0.006 -24"><span class='ocrx_word' id='word_1_637' title='bbox 553 4779 851 4849; x_wconf 88' lang='lat' dir='ltr'><strong>ptismatis,</strong></span> <span class='ocrx_word' id='word_1_638' title='bbox 898 4783 1082 4837; x_wconf 89' lang='lat' dir='ltr'><strong>unctio</strong></span> <span class='ocrx_word' id='word_1_639' title='bbox 1130 4783 1475 4851; x_wconf 84' lang='lat' dir='ltr'><strong>chrismatis,</strong></span> <span class='ocrx_word' id='word_1_640' title='bbox 1503 4791 1562 4839; x_wconf 89' lang='lat' dir='ltr'><strong>et</strong></span> <span class='ocrx_word' id='word_1_641' title='bbox 1600 4798 1795 4854; x_wconf 88' lang='lat' dir='ltr'><strong>corpus</strong></span> <span class='ocrx_word' id='word_1_642' title='bbox 1823 4799 1887 4840; x_wconf 90' lang='lat' dir='ltr'><strong>ac</strong></span> <span class='ocrx_word' id='word_1_643' title='bbox 1917 4786 2138 4857; x_wconf 78' lang='lat' dir='ltr'><strong>sanguis</strong></span> 
     </span>
    </p>
   </div>
   <div class='ocr_carea' id='block_1_78' title="bbox 557 4873 2139 4948">
    <p class='ocr_par' dir='ltr' id='par_1_78' title="bbox 557 4873 2139 4948">
     <span class='ocr_line' id='line_1_78' title="bbox 557 4873 2139 4948; baseline 0.001 -17"><span class='ocrx_word' id='word_1_644' title='bbox 557 4873 767 4931; x_wconf 89' lang='lat' dir='ltr'><strong>Domini</strong></span> <span class='ocrx_word' id='word_1_645' title='bbox 789 4913 806 4940; x_wconf 94' lang='lat'><strong>,</strong></span> <span class='ocrx_word' id='word_1_646' title='bbox 853 4874 1031 4931; x_wconf 83' lang='lat' dir='ltr'><strong>nullus</strong></span> <span class='ocrx_word' id='word_1_647' title='bbox 1072 4876 1261 4946; x_wconf 86' lang='lat' dir='ltr'><strong>utique</strong></span> <span class='ocrx_word' id='word_1_648' title='bbox 1300 4877 1516 4948; x_wconf 86' lang='lat' dir='ltr'><strong>ignorat</strong></span> <span class='ocrx_word' id='word_1_649' title='bbox 1561 4876 1818 4931; x_wconf 82' lang='lat' dir='ltr'><strong>ﬁdelium.</strong></span> <span class='ocrx_word' id='word_1_650' title='bbox 1863 4876 2016 4935; x_wconf 77' lang='lat' dir='ltr'><strong>[inde</strong></span> <span class='ocrx_word' id='word_1_651' title='bbox 2055 4879 2139 4933; x_wconf 88' lang='lat' dir='ltr'><strong>in-</strong></span> 
     </span>
    </p>
   </div>
   <div class='ocr_carea' id='block_1_79' title="bbox 557 4966 2143 5045">
    <p class='ocr_par' dir='ltr' id='par_1_79' title="bbox 557 4966 2143 5045">
     <span class='ocr_line' id='line_1_79' title="bbox 557 4966 2143 5045; baseline 0.005 -25"><span class='ocrx_word' id='word_1_652' title='bbox 557 4966 815 5037; x_wconf 89' lang='lat' dir='ltr'><strong>telligitur</strong></span> <span class='ocrx_word' id='word_1_653' title='bbox 858 4968 1004 5038; x_wconf 91' lang='lat' dir='ltr'><strong>quod</strong></span> <span class='ocrx_word' id='word_1_654' title='bbox 1047 4976 1104 5023; x_wconf 90' lang='lat' dir='ltr'><strong>et</strong></span> <span class='ocrx_word' id='word_1_655' title='bbox 1150 4969 1257 5026; x_wconf 85' lang='lat' dir='ltr'><strong>illis</strong></span> <span class='ocrx_word' id='word_1_656' title='bbox 1289 4971 1525 5040; x_wconf 85' lang='lat' dir='ltr'><strong>antiquis</strong></span> <span class='ocrx_word' id='word_1_657' title='bbox 1559 4970 1809 5027; x_wconf 85' lang='lat' dir='ltr'><strong>Patrihus</strong></span> <span class='ocrx_word' id='word_1_658' title='bbox 1847 4972 1939 5042; x_wconf 89' lang='lat' dir='ltr'><strong>qui</strong></span> <span class='ocrx_word' id='word_1_659' title='bbox 1975 4972 2143 5045; x_wconf 79' lang='lat' dir='ltr'><strong>bapti-</strong></span> 
     </span>
    </p>
   </div>
   <div class='ocr_carea' id='block_1_80' title="bbox 559 5058 2142 5133">
    <p class='ocr_par' dir='ltr' id='par_1_80' title="bbox 559 5058 2142 5133">
     <span class='ocr_line' id='line_1_80' title="bbox 559 5058 2142 5133; baseline 0.005 -22"><span class='ocrx_word' id='word_1_660' title='bbox 559 5058 665 5121; x_wconf 66' lang='lat' dir='ltr'><strong>zati</strong></span> <span class='ocrx_word' id='word_1_661' title='bbox 693 5058 943 5113; x_wconf 84' lang='lat' dir='ltr'><strong>dicuntur</strong></span> <span class='ocrx_word' id='word_1_662' title='bbox 968 5061 1025 5115; x_wconf 79' lang='lat' dir='ltr'><strong>in</strong></span> <span class='ocrx_word' id='word_1_663' title='bbox 1051 5061 1185 5115; x_wconf 71' lang='lat' dir='ltr'><strong>nube</strong></span> <span class='ocrx_word' id='word_1_664' title='bbox 1211 5070 1261 5115; x_wconf 86' lang='lat' dir='ltr'><strong>et</strong></span> <span class='ocrx_word' id='word_1_665' title='bbox 1287 5062 1344 5116; x_wconf 77' lang='lat' dir='ltr'><strong>in</strong></span> <span class='ocrx_word' id='word_1_666' title='bbox 1370 5064 1507 5117; x_wconf 81' lang='lat' dir='ltr'><strong>mari</strong></span> <span class='ocrx_word' id='word_1_667' title='bbox 1525 5103 1540 5130; x_wconf 93' lang='lat'><strong>,</strong></span> <span class='ocrx_word' id='word_1_668' title='bbox 1568 5063 1648 5118; x_wconf 88' lang='lat' dir='ltr'><strong>sic</strong></span> <span class='ocrx_word' id='word_1_669' title='bbox 1690 5064 1877 5133; x_wconf 83' lang='lat' dir='ltr'><strong>datum</strong></span> <span class='ocrx_word' id='word_1_670' title='bbox 1911 5070 1995 5121; x_wconf 89' lang='lat' dir='ltr'><strong>est</strong></span> <span class='ocrx_word' id='word_1_671' title='bbox 2035 5066 2142 5122; x_wconf 86' lang='lat' dir='ltr'><strong>sal-</strong></span> 
     </span>
    </p>
   </div>
   <div class='ocr_carea' id='block_1_81' title="bbox 558 5139 2139 5216">
    <p class='ocr_par' dir='ltr' id='par_1_81' title="bbox 558 5139 2139 5216">
     <span class='ocr_line' id='line_1_81' title="bbox 558 5139 2139 5216; baseline 0.008 -12"><span class='ocrx_word' id='word_1_672' title='bbox 558 5149 697 5214; x_wconf 85' lang='lat' dir='ltr'><strong>vari,</strong></span> <span class='ocrx_word' id='word_1_673' title='bbox 722 5139 1054 5207; x_wconf 34' lang='lat' dir='ltr'><strong>mundari‘et</strong></span> <span class='ocrx_word' id='word_1_674' title='bbox 1080 5155 1409 5209; x_wconf 82' lang='lat' dir='ltr'><strong>sanctiﬁcari</strong></span> <span class='ocrx_word' id='word_1_675' title='bbox 1446 5156 1501 5209; x_wconf 89' lang='lat' dir='ltr'><strong>in</strong></span> <span class='ocrx_word' id='word_1_676' title='bbox 1536 5157 1733 5211; x_wconf 86' lang='lat' dir='ltr'><strong>virtute</strong></span> <span class='ocrx_word' id='word_1_677' title='bbox 1774 5164 2139 5216; x_wconf 49' lang='lat' dir='ltr'><strong>sacramento,</strong></span> 
     </span>
    </p>
   </div>
   <div class='ocr_carea' id='block_1_82' title="bbox 562 5239 2139 5314">
    <p class='ocr_par' dir='ltr' id='par_1_82' title="bbox 562 5239 2139 5314">
     <span class='ocr_line' id='line_1_82' title="bbox 562 5239 2139 5314; baseline 0.009 -20"><span class='ocrx_word' id='word_1_678' title='bbox 562 5255 702 5295; x_wconf 87' lang='lat' dir='ltr'><strong>rum.</strong></span> <span class='ocrx_word' id='word_1_679' title='bbox 734 5239 961 5312; x_wconf 87' lang='lat' dir='ltr'><strong>Propter</strong></span> <span class='ocrx_word' id='word_1_680' title='bbox 1012 5245 1157 5314; x_wconf 91' lang='lat' dir='ltr'><strong>quod</strong></span> <span class='ocrx_word' id='word_1_681' title='bbox 1202 5244 1379 5302; x_wconf 87' lang='lat' dir='ltr'><strong>nullus</strong></span> <span class='ocrx_word' id='word_1_682' title='bbox 1424 5262 1544 5305; x_wconf 86' lang='lat' dir='ltr'><strong>esse</strong></span> <span class='ocrx_word' id='word_1_683' title='bbox 1594 5264 1816 5305; x_wconf 86' lang='lat' dir='ltr'><strong>securus</strong></span> <span class='ocrx_word' id='word_1_684' title='bbox 1865 5250 2023 5307; x_wconf 86' lang='lat' dir='ltr'><strong>debet</strong></span> <span class='ocrx_word' id='word_1_685' title='bbox 2070 5252 2139 5308; x_wconf 86' lang='lat' dir='ltr'><strong>de</strong></span> 
     </span>
    </p>
   </div>
   <div class='ocr_carea' id='block_1_83' title="bbox 559 5332 2141 5405">
    <p class='ocr_par' dir='ltr' id='par_1_83' title="bbox 559 5332 2141 5405">
     <span class='ocr_line' id='line_1_83' title="bbox 559 5332 2141 5405; baseline 0.009 -21"><span class='ocrx_word' id='word_1_686' title='bbox 559 5332 908 5402; x_wconf 88' lang='lat' dir='ltr'><strong>perceptione</strong></span> <span class='ocrx_word' id='word_1_687' title='bbox 938 5347 1399 5395; x_wconf 83' lang='lat' dir='ltr'><strong>sacramentorum</strong></span> <span class='ocrx_word' id='word_1_688' title='bbox 1419 5380 1433 5405; x_wconf 92' lang='lat'><strong>,</strong></span> <span class='ocrx_word' id='word_1_689' title='bbox 1462 5341 1568 5395; x_wconf 87' lang='lat' dir='ltr'><strong>nisi</strong></span> <span class='ocrx_word' id='word_1_690' title='bbox 1594 5341 1850 5399; x_wconf 88' lang='lat' dir='ltr'><strong>virtutem</strong></span> <span class='ocrx_word' id='word_1_691' title='bbox 1894 5343 2141 5400; x_wconf 84' lang='lat' dir='ltr'><strong>invisibi-</strong></span> 
     </span>
    </p>
   </div>
   <div class='ocr_carea' id='block_1_84' title="bbox 492 5420 2136 5501">
    <p class='ocr_par' dir='ltr' id='par_1_84' title="bbox 492 5420 2136 5501">
     <span class='ocr_line' id='line_1_84' title="bbox 492 5420 2136 5501; baseline 0.009 -26"><span class='ocrx_word' id='word_1_692' title='bbox 492 5437 498 5444; x_wconf 79' lang='grc'><em>’</em></span> <span class='ocrx_word' id='word_1_693' title='bbox 561 5420 687 5477; x_wconf 90' lang='lat' dir='ltr'><strong>liter</strong></span> <span class='ocrx_word' id='word_1_694' title='bbox 712 5430 892 5479; x_wconf 85' lang='lat' dir='ltr'><strong>teneat</strong></span> <span class='ocrx_word' id='word_1_695' title='bbox 918 5434 973 5480; x_wconf 89' lang='lat' dir='ltr'><strong>et</strong></span> <span class='ocrx_word' id='word_1_696' title='bbox 1000 5430 1289 5485; x_wconf 87' lang='lat' dir='ltr'><strong>custodiat.</strong></span> <span class='ocrx_word' id='word_1_697' title='bbox 1316 5430 1441 5486; x_wconf 72' lang='lat' dir='ltr'><strong>Haec</strong></span> <span class='ocrx_word' id='word_1_698' title='bbox 1478 5431 1643 5501; x_wconf 80' lang='lat' dir='ltr'><strong>igitur</strong></span> <span class='ocrx_word' id='word_1_699' title='bbox 1666 5434 1850 5489; x_wconf 89' lang='lat' dir='ltr'><strong>omnia</strong></span> <span class='ocrx_word' id='word_1_700' title='bbox 1892 5434 2013 5490; x_wconf 88' lang='lat' dir='ltr'><strong>ideo</strong></span> <span class='ocrx_word' id='word_1_701' title='bbox 2044 5434 2136 5489; x_wconf 89' lang='lat' dir='ltr'><strong>tali</strong></span> 
     </span>
    </p>
   </div>
   <div class='ocr_carea' id='block_1_85' title="bbox 562 5517 2137 5597">
    <p class='ocr_par' dir='ltr' id='par_1_85' title="bbox 562 5517 2137 5597">
     <span class='ocr_line' id='line_1_85' title="bbox 562 5517 2137 5597; baseline 0.008 -25"><span class='ocrx_word' id='word_1_702' title='bbox 562 5517 725 5574; x_wconf 91' lang='lat' dir='ltr'><strong>modo</strong></span> <span class='ocrx_word' id='word_1_703' title='bbox 762 5517 1023 5588; x_wconf 87' lang='lat' dir='ltr'><strong>dicimus,</strong></span> <span class='ocrx_word' id='word_1_704' title='bbox 1050 5523 1177 5591; x_wconf 91' lang='lat' dir='ltr'><strong>quia</strong></span> <span class='ocrx_word' id='word_1_705' title='bbox 1207 5523 1311 5578; x_wconf 87' lang='lat' dir='ltr'><strong>nisi</strong></span> <span class='ocrx_word' id='word_1_706' title='bbox 1339 5538 1525 5580; x_wconf 88' lang='lat' dir='ltr'><strong>sumus</strong></span> <span class='ocrx_word' id='word_1_707' title='bbox 1552 5539 1839 5597; x_wconf 72' lang='lat' dir='ltr'><strong>caponere,</strong></span> <span class='ocrx_word' id='word_1_708' title='bbox 1870 5527 2137 5597; x_wconf 88' lang='lat' dir='ltr'><strong>quomodo</strong></span> 
     </span>
    </p>
   </div>
   <div class='ocr_carea' id='block_1_86' title="bbox 562 5606 1661 5680">
    <p class='ocr_par' dir='ltr' id='par_1_86' title="bbox 562 5606 1661 5680">
     <span class='ocr_line' id='line_1_86' title="bbox 562 5606 1661 5680; baseline 0.008 -18"><span class='ocrx_word' id='word_1_709' title='bbox 562 5606 776 5680; x_wconf 82' lang='lat' dir='ltr'><strong>plebem</strong></span> <span class='ocrx_word' id='word_1_710' title='bbox 805 5610 1093 5668; x_wconf 85' lang='lat' dir='ltr'><strong>doceamus</strong></span> <span class='ocrx_word' id='word_1_711' title='bbox 1120 5614 1276 5670; x_wconf 87' lang='lat' dir='ltr'><strong>nobis</strong></span> <span class='ocrx_word' id='word_1_712' title='bbox 1300 5616 1661 5673; x_wconf 88' lang='lat' dir='ltr'><strong>commissam.</strong></span> 
     </span>
    </p>
   </div>
   <div class='ocr_carea' id='block_1_87' title="bbox 639 5783 1574 5858">
    <p class='ocr_par' dir='ltr' id='par_1_87' title="bbox 639 5783 1574 5858">
     <span class='ocr_line' id='line_1_87' title="bbox 639 5783 1574 5858; baseline 0.007 -18"><span class='ocrx_word' id='word_1_713' title='bbox 639 5796 664 5827; x_wconf 76' lang='grc' dir='ltr'><strong>α</strong></span> <span class='ocrx_word' id='word_1_714' title='bbox 691 5783 941 5858; x_wconf 57' lang='lat' dir='ltr'><strong>August.</strong></span> <span class='ocrx_word' id='word_1_715' title='bbox 970 5796 1127 5845; x_wconf 85' lang='lat' dir='ltr'><strong>tract.</strong></span> <span class='ocrx_word' id='word_1_716' title='bbox 1165 5806 1287 5846; x_wconf 67' lang='lat' dir='ltr'><strong>sim</strong></span> <span class='ocrx_word' id='word_1_717' title='bbox 1323 5808 1376 5847; x_wconf 80' lang='grc' dir='ltr'>ιιι</span> <span class='ocrx_word' id='word_1_718' title='bbox 1403 5788 1574 5848; x_wconf 84' lang='lat' dir='ltr'><strong>Joann</strong></span> 
     </span>
    </p>
   </div>
   <div class='ocr_carea' id='block_1_88' title="bbox 2225 3298 3784 3373">
    <p class='ocr_par' dir='ltr' id='par_1_88' title="bbox 2225 3298 3784 3373">
     <span class='ocr_line' id='line_1_88' title="bbox 2225 3298 3784 3373; baseline 0.002 -20"><span class='ocrx_word' id='word_1_719' title='bbox 2225 3306 2366 3365; x_wconf 90' lang='lat' dir='ltr'><strong>rent,</strong></span> <span class='ocrx_word' id='word_1_720' title='bbox 2395 3306 2452 3354; x_wconf 92' lang='lat' dir='ltr'><strong>et</strong></span> <span class='ocrx_word' id='word_1_721' title='bbox 2478 3298 2545 3355; x_wconf 84' lang='lat' dir='ltr'><strong>ab</strong></span> <span class='ocrx_word' id='word_1_722' title='bbox 2572 3313 2637 3354; x_wconf 90' lang='lat' dir='ltr'><strong>eo</strong></span> <span class='ocrx_word' id='word_1_723' title='bbox 2659 3300 2862 3355; x_wconf 88' lang='lat' dir='ltr'><strong>Christi</strong></span> <span class='ocrx_word' id='word_1_724' title='bbox 2881 3300 3207 3370; x_wconf 87' lang='lat' dir='ltr'><strong>baptismum</strong></span> <span class='ocrx_word' id='word_1_725' title='bbox 3229 3300 3350 3358; x_wconf 90' lang='lat' dir='ltr'><strong>sine</strong></span> <span class='ocrx_word' id='word_1_726' title='bbox 3372 3301 3505 3357; x_wconf 87' lang='lat' dir='ltr'><strong>illius</strong></span> <span class='ocrx_word' id='word_1_727' title='bbox 3527 3301 3784 3373; x_wconf 86' lang='lat' dir='ltr'><strong>perversi-</strong></span> 
     </span>
    </p>
   </div>
   <div class='ocr_carea' id='block_1_89' title="bbox 2225 3390 3781 3462">
    <p class='ocr_par' dir='ltr' id='par_1_89' title="bbox 2225 3390 3781 3462">
     <span class='ocr_line' id='line_1_89' title="bbox 2225 3390 3781 3462; baseline 0.001 -16"><span class='ocrx_word' id='word_1_728' title='bbox 2225 3398 2338 3446; x_wconf 83' lang='lat' dir='ltr'><strong>tate</strong></span> <span class='ocrx_word' id='word_1_729' title='bbox 2364 3390 2736 3462; x_wconf 74' lang='lat' dir='ltr'><strong>perciperent,</strong></span> <span class='ocrx_word' id='word_1_730' title='bbox 2778 3398 2836 3447; x_wconf 90' lang='lat' dir='ltr'><strong>et</strong></span> <span class='ocrx_word' id='word_1_731' title='bbox 2879 3392 2993 3448; x_wconf 88' lang='lat' dir='ltr'><strong>sive</strong></span> <span class='ocrx_word' id='word_1_732' title='bbox 3017 3390 3256 3450; x_wconf 79' lang='lat' dir='ltr'><strong>defuncti</strong></span> <span class='ocrx_word' id='word_1_733' title='bbox 3286 3394 3403 3451; x_wconf 84' lang='lat' dir='ltr'><strong>sive</strong></span> <span class='ocrx_word' id='word_1_734' title='bbox 3424 3392 3657 3457; x_wconf 83' lang='lat' dir='ltr'><strong>liberati,</strong></span> <span class='ocrx_word' id='word_1_735' title='bbox 3695 3408 3781 3448; x_wconf 88' lang='lat' dir='ltr'><strong>ne-</strong></span> 
     </span>
    </p>
   </div>
   <div class='ocr_carea' id='block_1_90' title="bbox 2226 3482 3784 3556">
    <p class='ocr_par' dir='ltr' id='par_1_90' title="bbox 2226 3482 3784 3556">
     <span class='ocr_line' id='line_1_90' title="bbox 2226 3482 3784 3556; baseline 0.003 -22"><span class='ocrx_word' id='word_1_736' title='bbox 2226 3495 2498 3551; x_wconf 89' lang='lat' dir='ltr'><strong>quaquam</strong></span> <span class='ocrx_word' id='word_1_737' title='bbox 2538 3482 2679 3551; x_wconf 87' lang='lat' dir='ltr'><strong>apud</strong></span> <span class='ocrx_word' id='word_1_738' title='bbox 2723 3496 2819 3538; x_wconf 90' lang='lat' dir='ltr'><strong>eos</strong></span> <span class='ocrx_word' id='word_1_739' title='bbox 2865 3490 3184 3551; x_wconf 88' lang='lat' dir='ltr'><strong>manerent,</strong></span> <span class='ocrx_word' id='word_1_740' title='bbox 3234 3485 3303 3541; x_wconf 86' lang='lat' dir='ltr'><strong>ad</strong></span> <span class='ocrx_word' id='word_1_741' title='bbox 3349 3500 3487 3556; x_wconf 87' lang='lat' dir='ltr'><strong>quos</strong></span> <span class='ocrx_word' id='word_1_742' title='bbox 3532 3498 3784 3556; x_wconf 86' lang='lat' dir='ltr'><strong>nunquam</strong></span> 
     </span>
    </p>
   </div>
   <div class='ocr_carea' id='block_1_91' title="bbox 2230 3574 3796 3650">
    <p class='ocr_par' dir='ltr' id='par_1_91' title="bbox 2230 3574 3796 3650">
     <span class='ocr_line' id='line_1_91' title="bbox 2230 3574 3796 3650; baseline 0.003 -21"><span class='ocrx_word' id='word_1_743' title='bbox 2230 3574 2393 3629; x_wconf 90' lang='lat' dir='ltr'><strong>corde</strong></span> <span class='ocrx_word' id='word_1_744' title='bbox 2433 3574 2782 3630; x_wconf 88' lang='lat' dir='ltr'><strong>transierant.</strong></span> <span class='ocrx_word' id='word_1_745' title='bbox 2830 3575 2981 3632; x_wconf 87' lang='lat' dir='ltr'><strong>Unde</strong></span> <span class='ocrx_word' id='word_1_746' title='bbox 3007 3577 3111 3634; x_wconf 92' lang='lat' dir='ltr'><strong>hoc</strong></span> <span class='ocrx_word' id='word_1_747' title='bbox 3148 3577 3265 3633; x_wconf 88' lang='lat' dir='ltr'><strong>ﬁeri</strong></span> <span class='ocrx_word' id='word_1_748' title='bbox 3308 3586 3526 3650; x_wconf 89' lang='lat' dir='ltr'><strong>potest,</strong></span> <span class='ocrx_word' id='word_1_749' title='bbox 3569 3585 3628 3634; x_wconf 88' lang='lat' dir='ltr'><strong>ut</strong></span> <span class='ocrx_word' id='word_1_750' title='bbox 3670 3575 3796 3649; x_wconf 86' lang='lat' dir='ltr'><strong>quod</strong></span> 
     </span>
    </p>
   </div>
   <div class='ocr_carea' id='block_1_92' title="bbox 2230 3664 3798 3745">
    <p class='ocr_par' dir='ltr' id='par_1_92' title="bbox 2230 3664 3798 3745">
     <span class='ocr_line' id='line_1_92' title="bbox 2230 3664 3798 3745; baseline 0.003 -26"><span class='ocrx_word' id='word_1_751' title='bbox 2230 3680 2372 3720; x_wconf 89' lang='lat' dir='ltr'><strong>unus</strong></span> <span class='ocrx_word' id='word_1_752' title='bbox 2396 3664 2701 3736; x_wconf 89' lang='lat' dir='ltr'><strong>perniciose</strong></span> <span class='ocrx_word' id='word_1_753' title='bbox 2730 3667 2916 3733; x_wconf 89' lang='lat' dir='ltr'><strong>tradit,</strong></span> <span class='ocrx_word' id='word_1_754' title='bbox 2944 3667 3081 3724; x_wconf 90' lang='lat' dir='ltr'><strong>alter</strong></span> <span class='ocrx_word' id='word_1_755' title='bbox 3104 3668 3397 3745; x_wconf 88' lang='lat' dir='ltr'><strong>salubriter</strong></span> <span class='ocrx_word' id='word_1_756' title='bbox 3421 3670 3685 3742; x_wconf 82' lang='lat' dir='ltr'><strong>accipiat?</strong></span> <span class='ocrx_word' id='word_1_757' title='bbox 3710 3666 3798 3724; x_wconf 89' lang='lat' dir='ltr'><strong>nisi</strong></span> 
     </span>
    </p>
   </div>
   <div class='ocr_carea' id='block_1_93' title="bbox 2232 3759 3801 3832">
    <p class='ocr_par' dir='ltr' id='par_1_93' title="bbox 2232 3759 3801 3832">
     <span class='ocr_line' id='line_1_93' title="bbox 2232 3759 3801 3832; baseline 0.002 -19"><span class='ocrx_word' id='word_1_758' title='bbox 2232 3759 2360 3829; x_wconf 89' lang='lat' dir='ltr'><strong>quia</strong></span> <span class='ocrx_word' id='word_1_759' title='bbox 2413 3760 2709 3815; x_wconf 88' lang='lat' dir='ltr'><strong>secundum</strong></span> <span class='ocrx_word' id='word_1_760' title='bbox 2764 3759 2927 3815; x_wconf 82' lang='lat' dir='ltr'><strong>ﬁdem</strong></span> <span class='ocrx_word' id='word_1_761' title='bbox 2977 3762 3359 3832; x_wconf 88' lang='lat' dir='ltr'><strong>accipientium</strong></span> <span class='ocrx_word' id='word_1_762' title='bbox 3417 3771 3801 3820; x_wconf 78' lang='lat' dir='ltr'><strong>sacramentum</strong></span> 
     </span>
    </p>
   </div>
   <div class='ocr_carea' id='block_1_94' title="bbox 2233 3848 3803 3920">
    <p class='ocr_par' dir='ltr' id='par_1_94' title="bbox 2233 3848 3803 3920">
     <span class='ocr_line' id='line_1_94' title="bbox 2233 3848 3803 3920; baseline 0.003 -15"><span class='ocrx_word' id='word_1_763' title='bbox 2233 3858 2517 3920; x_wconf 90' lang='lat' dir='ltr'><strong>acceptum</strong></span> <span class='ocrx_word' id='word_1_764' title='bbox 2540 3848 2840 3918; x_wconf 75' lang='lat' dir='ltr'><strong>iudicatur,</strong></span> <span class='ocrx_word' id='word_1_765' title='bbox 2870 3867 2979 3907; x_wconf 91' lang='lat' dir='ltr'><strong>non</strong></span> <span class='ocrx_word' id='word_1_766' title='bbox 3014 3854 3309 3909; x_wconf 89' lang='lat' dir='ltr'><strong>secundum</strong></span> <span class='ocrx_word' id='word_1_767' title='bbox 3340 3853 3502 3911; x_wconf 86' lang='lat' dir='ltr'><strong>ﬁdem</strong></span> <span class='ocrx_word' id='word_1_768' title='bbox 3530 3855 3722 3911; x_wconf 84' lang='lat' dir='ltr'><strong>dantis.</strong></span> <span class='ocrx_word' id='word_1_769' title='bbox 3749 3853 3803 3909; x_wconf 80' lang='lat' dir='ltr'><strong>Et</strong></span> 
     </span>
    </p>
   </div>
   <div class='ocr_carea' id='block_1_95' title="bbox 2231 3941 3803 4014">
    <p class='ocr_par' dir='ltr' id='par_1_95' title="bbox 2231 3941 3803 4014">
     <span class='ocr_line' id='line_1_95' title="bbox 2231 3941 3803 4014; baseline 0.002 -18"><span class='ocrx_word' id='word_1_770' title='bbox 2231 3949 2452 4013; x_wconf 81' lang='lat' dir='ltr'><strong>propter</strong></span> <span class='ocrx_word' id='word_1_771' title='bbox 2475 3941 2615 4001; x_wconf 83' lang='lat' dir='ltr'><strong>hanc</strong></span> <span class='ocrx_word' id='word_1_772' title='bbox 2637 3957 2858 3997; x_wconf 83' lang='lat' dir='ltr'><strong>causam</strong></span> <span class='ocrx_word' id='word_1_773' title='bbox 2885 3941 2946 3997; x_wconf 86' lang='lat' dir='ltr'><strong>iit</strong></span> <span class='ocrx_word' id='word_1_774' title='bbox 2969 3951 3031 3998; x_wconf 91' lang='lat' dir='ltr'><strong>ut</strong></span> <span class='ocrx_word' id='word_1_775' title='bbox 3049 3943 3106 3999; x_wconf 90' lang='lat' dir='ltr'><strong>hi</strong></span> <span class='ocrx_word' id='word_1_776' title='bbox 3124 3943 3220 4014; x_wconf 92' lang='lat' dir='ltr'><strong>qui</strong></span> <span class='ocrx_word' id='word_1_777' title='bbox 3250 3944 3400 3999; x_wconf 85' lang='lat' dir='ltr'><strong>surdi</strong></span> <span class='ocrx_word' id='word_1_778' title='bbox 3428 3954 3529 4001; x_wconf 88' lang='lat' dir='ltr'><strong>aut</strong></span> <span class='ocrx_word' id='word_1_779' title='bbox 3555 3946 3687 4001; x_wconf 89' lang='lat' dir='ltr'><strong>muti</strong></span> <span class='ocrx_word' id='word_1_780' title='bbox 3709 3945 3803 4000; x_wconf 86' lang='lat' dir='ltr'><strong>nati</strong></span> 
     </span>
    </p>
   </div>
   <div class='ocr_carea' id='block_1_96' title="bbox 2230 4033 3803 4098">
    <p class='ocr_par' dir='ltr' id='par_1_96' title="bbox 2230 4033 3803 4098">
     <span class='ocr_line' id='line_1_96' title="bbox 2230 4033 3803 4098; baseline 0.001 -10"><span class='ocrx_word' id='word_1_781' title='bbox 2230 4041 2376 4098; x_wconf 88' lang='lat' dir='ltr'><strong>sunt,</strong></span> <span class='ocrx_word' id='word_1_782' title='bbox 2404 4039 2497 4086; x_wconf 86' lang='lat' dir='ltr'><strong>aut</strong></span> <span class='ocrx_word' id='word_1_783' title='bbox 2522 4033 2915 4089; x_wconf 85' lang='lat' dir='ltr'><strong>catholicorum</strong></span> <span class='ocrx_word' id='word_1_784' title='bbox 2947 4042 3044 4090; x_wconf 86' lang='lat' dir='ltr'><strong>aut</strong></span> <span class='ocrx_word' id='word_1_785' title='bbox 3087 4035 3141 4089; x_wconf 91' lang='lat' dir='ltr'><strong>in</strong></span> <span class='ocrx_word' id='word_1_786' title='bbox 3174 4034 3565 4092; x_wconf 55' lang='lat' dir='ltr'><strong>haereticorum</strong></span> <span class='ocrx_word' id='word_1_787' title='bbox 3602 4050 3803 4092; x_wconf 80' lang='lat' dir='ltr'><strong>numero</strong></span> 
     </span>
    </p>
   </div>
   <div class='ocr_carea' id='block_1_97' title="bbox 2231 4124 3802 4197">
    <p class='ocr_par' dir='ltr' id='par_1_97' title="bbox 2231 4124 3802 4197">
     <span class='ocr_line' id='line_1_97' title="bbox 2231 4124 3802 4197; baseline 0.001 -17"><span class='ocrx_word' id='word_1_788' title='bbox 2231 4124 2591 4195; x_wconf 86' lang='lat' dir='ltr'><strong>reperiantur.</strong></span> <span class='ocrx_word' id='word_1_789' title='bbox 2620 4124 2688 4180; x_wconf 86' lang='lat' dir='ltr'><strong>Et</strong></span> <span class='ocrx_word' id='word_1_790' title='bbox 2720 4141 2844 4183; x_wconf 91' lang='lat' dir='ltr'><strong>cum</strong></span> <span class='ocrx_word' id='word_1_791' title='bbox 2868 4124 3158 4197; x_wconf 80' lang='lat' dir='ltr'><strong>Apostolus</strong></span> <span class='ocrx_word' id='word_1_792' title='bbox 3179 4126 3325 4183; x_wconf 87' lang='lat' dir='ltr'><strong>dicat</strong></span> <span class='ocrx_word' id='word_1_793' title='bbox 3354 4143 3368 4181; x_wconf 90' lang='lat'><strong>:</strong></span> <span class='ocrx_word' id='word_1_794' title='bbox 3402 4125 3692 4193; x_wconf 69' lang='lat' dir='ltr'><strong>Quomodo</strong></span> <span class='ocrx_word' id='word_1_795' title='bbox 3710 4142 3802 4181; x_wconf 80' lang='lat' dir='ltr'><strong>m-</strong></span> 
     </span>
    </p>
   </div>
   <div class='ocr_carea' id='block_1_98' title="bbox 2230 4212 3805 4288">
    <p class='ocr_par' dir='ltr' id='par_1_98' title="bbox 2230 4212 3805 4288">
     <span class='ocr_line' id='line_1_98' title="bbox 2230 4212 3805 4288; baseline 0.003 -22"><span class='ocrx_word' id='word_1_796' title='bbox 2230 4212 2354 4268; x_wconf 79' lang='lat' dir='ltr'><strong>dent</strong></span> <span class='ocrx_word' id='word_1_797' title='bbox 2377 4213 2479 4269; x_wconf 78' lang='lat' dir='ltr'><strong>nisi</strong></span> <span class='ocrx_word' id='word_1_798' title='bbox 2505 4214 2809 4270; x_wconf 75' lang='lat' dir='ltr'><strong>audierint?</strong></span> <span class='ocrx_word' id='word_1_799' title='bbox 2827 4215 2895 4275; x_wconf 80' lang='lat' dir='ltr'><strong>Et</strong></span> <span class='ocrx_word' id='word_1_800' title='bbox 2921 4216 3118 4271; x_wconf 87' lang='lat' dir='ltr'><strong>iterum</strong></span> <span class='ocrx_word' id='word_1_801' title='bbox 3144 4233 3157 4270; x_wconf 88' lang='lat'><strong>:</strong></span> <span class='ocrx_word' id='word_1_802' title='bbox 3193 4216 3331 4288; x_wconf 76' lang='lat' dir='ltr'><strong>Ergo</strong></span> <span class='ocrx_word' id='word_1_803' title='bbox 3358 4215 3491 4286; x_wconf 71' lang='lat' dir='ltr'><strong>ﬁdes</strong></span> <span class='ocrx_word' id='word_1_804' title='bbox 3513 4233 3588 4274; x_wconf 71' lang='lat' dir='ltr'><strong>es</strong></span> <span class='ocrx_word' id='word_1_805' title='bbox 3610 4217 3805 4281; x_wconf 74' lang='lat' dir='ltr'><strong>auditu;</strong></span> 
     </span>
    </p>
   </div>
   <div class='ocr_carea' id='block_1_99' title="bbox 2230 4307 3810 4378">
    <p class='ocr_par' dir='ltr' id='par_1_99' title="bbox 2230 4307 3810 4378">
     <span class='ocr_line' id='line_1_99' title="bbox 2230 4307 3810 4378; baseline 0.001 -16"><span class='ocrx_word' id='word_1_806' title='bbox 2230 4307 2370 4363; x_wconf 90' lang='lat' dir='ltr'><strong>miro</strong></span> <span class='ocrx_word' id='word_1_807' title='bbox 2405 4316 2583 4362; x_wconf 88' lang='lat' dir='ltr'><strong>tamen</strong></span> <span class='ocrx_word' id='word_1_808' title='bbox 2612 4308 2789 4373; x_wconf 91' lang='lat' dir='ltr'><strong>modo,</strong></span> <span class='ocrx_word' id='word_1_809' title='bbox 2818 4308 2934 4363; x_wconf 88' lang='lat' dir='ltr'><strong>sive</strong></span> <span class='ocrx_word' id='word_1_810' title='bbox 2952 4309 3063 4363; x_wconf 91' lang='lat' dir='ltr'><strong>sint</strong></span> <span class='ocrx_word' id='word_1_811' title='bbox 3086 4309 3257 4375; x_wconf 87' lang='lat' dir='ltr'><strong>surdi,</strong></span> <span class='ocrx_word' id='word_1_812' title='bbox 3282 4310 3398 4365; x_wconf 80' lang='lat' dir='ltr'><strong>sive</strong></span> <span class='ocrx_word' id='word_1_813' title='bbox 3418 4312 3591 4378; x_wconf 84' lang='lat' dir='ltr'><strong>muti,</strong></span> <span class='ocrx_word' id='word_1_814' title='bbox 3618 4308 3810 4367; x_wconf 72' lang='lat' dir='ltr'><strong>sireis-</strong></span> 
     </span>
    </p>
   </div>
   <div class='ocr_carea' id='block_1_100' title="bbox 2229 4396 3809 4474">
    <p class='ocr_par' dir='ltr' id='par_1_100' title="bbox 2229 4396 3809 4474">
     <span class='ocr_line' id='line_1_100' title="bbox 2229 4396 3809 4474; baseline 0.003 -21"><span class='ocrx_word' id='word_1_815' title='bbox 2229 4396 2424 4466; x_wconf 81' lang='lat' dir='ltr'><strong>l‘anles,</strong></span> <span class='ocrx_word' id='word_1_816' title='bbox 2456 4412 2553 4469; x_wconf 88' lang='lat' dir='ltr'><strong>per</strong></span> <span class='ocrx_word' id='word_1_817' title='bbox 2581 4399 2745 4454; x_wconf 88' lang='lat' dir='ltr'><strong>corda</strong></span> <span class='ocrx_word' id='word_1_818' title='bbox 2772 4406 2827 4454; x_wconf 88' lang='lat' dir='ltr'><strong>et</strong></span> <span class='ocrx_word' id='word_1_819' title='bbox 2847 4414 2942 4455; x_wconf 89' lang='lat' dir='ltr'><strong>ora</strong></span> <span class='ocrx_word' id='word_1_820' title='bbox 2964 4399 3305 4457; x_wconf 81' lang='lat' dir='ltr'><strong>oiforentium</strong></span> <span class='ocrx_word' id='word_1_821' title='bbox 3326 4409 3384 4458; x_wconf 85' lang='lat' dir='ltr'><strong>et</strong></span> <span class='ocrx_word' id='word_1_822' title='bbox 3409 4402 3809 4474; x_wconf 71' lang='lat' dir='ltr'><strong>suscipiendum</strong></span> 
     </span>
    </p>
   </div>
   <div class='ocr_carea' id='block_1_101' title="bbox 2232 4491 3141 4565">
    <p class='ocr_par' dir='ltr' id='par_1_101' title="bbox 2232 4491 3141 4565">
     <span class='ocr_line' id='line_1_101' title="bbox 2232 4491 3141 4565; baseline 0.001 -17"><span class='ocrx_word' id='word_1_823' title='bbox 2232 4507 2462 4548; x_wconf 88' lang='lat' dir='ltr'><strong>numero</strong></span> <span class='ocrx_word' id='word_1_824' title='bbox 2488 4498 2854 4565; x_wconf 79' lang='lat' dir='ltr'><strong>aggregantur</strong></span> <span class='ocrx_word' id='word_1_825' title='bbox 2879 4491 3141 4551; x_wconf 88' lang='lat' dir='ltr'><strong>ﬁdelium.</strong></span> 
     </span>
    </p>
   </div>
   <div class='ocr_carea' id='block_1_102' title="bbox 2854 4606 3213 4665">
    <p class='ocr_par' dir='ltr' id='par_1_102' title="bbox 2854 4606 3213 4665">
     <span class='ocr_line' id='line_1_102' title="bbox 2854 4606 3213 4665; baseline -0.003 -1"><span class='ocrx_word' id='word_1_826' title='bbox 2854 4606 3083 4665; x_wconf 83' lang='lat' dir='ltr'><strong>CAPUT</strong></span> <span class='ocrx_word' id='word_1_827' title='bbox 3120 4608 3213 4664; x_wconf 83' lang='lat' dir='ltr'><strong>XI.</strong></span> 
     </span>
    </p>
   </div>
   <div class='ocr_carea' id='block_1_103' title="bbox 2563 4678 3489 4751">
    <p class='ocr_par' dir='ltr' id='par_1_103' title="bbox 2563 4678 3489 4751">
     <span class='ocr_line' id='line_1_103' title="bbox 2563 4678 3489 4751; baseline 0.003 -19"><span class='ocrx_word' id='word_1_828' title='bbox 2563 4678 2641 4732; x_wconf 81' lang='lat' dir='ltr'><strong>De</strong></span> <span class='ocrx_word' id='word_1_829' title='bbox 2659 4678 2941 4751; x_wconf 78' lang='lat' dir='ltr'><strong>disciplina</strong></span> <span class='ocrx_word' id='word_1_830' title='bbox 2959 4680 3164 4734; x_wconf 78' lang='lat' dir='ltr'><strong>uiuendi</strong></span> <span class='ocrx_word' id='word_1_831' title='bbox 3182 4689 3230 4735; x_wconf 79' lang='lat' dir='ltr'><strong>et</strong></span> <span class='ocrx_word' id='word_1_832' title='bbox 3248 4681 3489 4737; x_wconf 71' lang='lat' dir='ltr'><strong>docendi.</strong></span> 
     </span>
    </p>
   </div>
   <div class='ocr_carea' id='block_1_104' title="bbox 2308 4771 3815 4842">
    <p class='ocr_par' dir='ltr' id='par_1_104' title="bbox 2308 4771 3815 4842">
     <span class='ocr_line' id='line_1_104' title="bbox 2308 4771 3815 4842; baseline -0.001 -15"><span class='ocrx_word' id='word_1_833' title='bbox 2308 4772 2386 4827; x_wconf 90' lang='lat' dir='ltr'><strong>De</strong></span> <span class='ocrx_word' id='word_1_834' title='bbox 2408 4771 2513 4827; x_wconf 87' lang='lat' dir='ltr'><strong>hoc</strong></span> <span class='ocrx_word' id='word_1_835' title='bbox 2536 4780 2717 4826; x_wconf 90' lang='lat' dir='ltr'><strong>autem</strong></span> <span class='ocrx_word' id='word_1_836' title='bbox 2742 4772 2886 4841; x_wconf 90' lang='lat' dir='ltr'><strong>quod</strong></span> <span class='ocrx_word' id='word_1_837' title='bbox 2908 4774 3173 4842; x_wconf 62' lang='lat' dir='ltr'><strong>quaeritur</strong></span> <span class='ocrx_word' id='word_1_838' title='bbox 3197 4788 3230 4830; x_wconf 89' lang='lat' dir='ltr'><strong>a</strong></span> <span class='ocrx_word' id='word_1_839' title='bbox 3254 4774 3429 4840; x_wconf 87' lang='lat' dir='ltr'><strong>nobis,</strong></span> <span class='ocrx_word' id='word_1_840' title='bbox 3472 4781 3541 4830; x_wconf 92' lang='lat' dir='ltr'><strong>ut</strong></span> <span class='ocrx_word' id='word_1_841' title='bbox 3582 4774 3815 4832; x_wconf 79' lang='lat' dir='ltr'><strong>similiter</strong></span> 
     </span>
    </p>
   </div>
   <div class='ocr_carea' id='block_1_105' title="bbox 2240 4868 3817 4942">
    <p class='ocr_par' dir='ltr' id='par_1_105' title="bbox 2240 4868 3817 4942">
     <span class='ocr_line' id='line_1_105' title="bbox 2240 4868 3817 4942; baseline 0.003 -18"><span class='ocrx_word' id='word_1_842' title='bbox 2240 4868 2505 4935; x_wconf 88' lang='lat' dir='ltr'><strong>dicamus,</strong></span> <span class='ocrx_word' id='word_1_843' title='bbox 2533 4869 2580 4924; x_wconf 90' lang='lat' dir='ltr'><strong>si</strong></span> <span class='ocrx_word' id='word_1_844' title='bbox 2606 4869 2662 4923; x_wconf 91' lang='lat' dir='ltr'><strong>in</strong></span> <span class='ocrx_word' id='word_1_845' title='bbox 2682 4869 2788 4925; x_wconf 89' lang='lat' dir='ltr'><strong>hoc</strong></span> <span class='ocrx_word' id='word_1_846' title='bbox 2806 4869 2951 4939; x_wconf 88' lang='lat' dir='ltr'><strong>quod</strong></span> <span class='ocrx_word' id='word_1_847' title='bbox 2970 4869 3328 4940; x_wconf 68' lang='lat' dir='ltr'><strong>praedicamus</strong></span> <span class='ocrx_word' id='word_1_848' title='bbox 3351 4885 3451 4926; x_wconf 87' lang='lat' dir='ltr'><strong>nos</strong></span> <span class='ocrx_word' id='word_1_849' title='bbox 3471 4872 3632 4942; x_wconf 86' lang='lat' dir='ltr'><strong>ipsos</strong></span> <span class='ocrx_word' id='word_1_850' title='bbox 3660 4876 3817 4928; x_wconf 83' lang='lat' dir='ltr'><strong>custo-</strong></span> 
     </span>
    </p>
   </div>
   <div class='ocr_carea' id='block_1_106' title="bbox 2242 4961 3815 5028">
    <p class='ocr_par' dir='ltr' id='par_1_106' title="bbox 2242 4961 3815 5028">
     <span class='ocr_line' id='line_1_106' title="bbox 2242 4961 3815 5028; baseline 0.006 -13"><span class='ocrx_word' id='word_1_851' title='bbox 2242 4961 2485 5028; x_wconf 88' lang='lat' dir='ltr'><strong>diamus;</strong></span> <span class='ocrx_word' id='word_1_852' title='bbox 2508 4976 2609 5017; x_wconf 91' lang='lat' dir='ltr'><strong>nos</strong></span> <span class='ocrx_word' id='word_1_853' title='bbox 2628 4962 2892 5018; x_wconf 87' lang='lat' dir='ltr'><strong>hactenus</strong></span> <span class='ocrx_word' id='word_1_854' title='bbox 2913 4962 3238 5020; x_wconf 87' lang='lat' dir='ltr'><strong>nescivimus</strong></span> <span class='ocrx_word' id='word_1_855' title='bbox 3257 4968 3315 5019; x_wconf 87' lang='lat' dir='ltr'><strong>et</strong></span> <span class='ocrx_word' id='word_1_856' title='bbox 3335 4963 3515 5020; x_wconf 87' lang='lat' dir='ltr'><strong>adhuc</strong></span> <span class='ocrx_word' id='word_1_857' title='bbox 3538 4965 3815 5025; x_wconf 59' lang='lat' dir='ltr'><strong>nescimus.</strong></span> 
     </span>
    </p>
   </div>
   <div class='ocr_carea' id='block_1_107' title="bbox 2240 5055 3818 5127">
    <p class='ocr_par' dir='ltr' id='par_1_107' title="bbox 2240 5055 3818 5127">
     <span class='ocr_line' id='line_1_107' title="bbox 2240 5055 3818 5127; baseline -0.002 -16"><span class='ocrx_word' id='word_1_858' title='bbox 2240 5061 2423 5111; x_wconf 88' lang='lat' dir='ltr'><strong>utrum</strong></span> <span class='ocrx_word' id='word_1_859' title='bbox 2445 5057 2618 5126; x_wconf 89' lang='lat' dir='ltr'><strong>possit</strong></span> <span class='ocrx_word' id='word_1_860' title='bbox 2642 5056 2804 5112; x_wconf 90' lang='lat' dir='ltr'><strong>homo</strong></span> <span class='ocrx_word' id='word_1_861' title='bbox 2827 5070 2980 5111; x_wconf 89' lang='lat' dir='ltr'><strong>suam</strong></span> <span class='ocrx_word' id='word_1_862' title='bbox 3005 5055 3250 5127; x_wconf 85' lang='lat' dir='ltr'><strong>proﬁteri</strong></span> <span class='ocrx_word' id='word_1_863' title='bbox 3288 5057 3602 5114; x_wconf 84' lang='lat' dir='ltr'><strong>custodiam</strong></span> <span class='ocrx_word' id='word_1_864' title='bbox 3618 5098 3636 5125; x_wconf 93' lang='lat'><strong>,</strong></span> <span class='ocrx_word' id='word_1_865' title='bbox 3674 5066 3818 5127; x_wconf 86' lang='lat' dir='ltr'><strong>quam</strong></span> 
     </span>
    </p>
   </div>
   <div class='ocr_carea' id='block_1_108' title="bbox 2239 5147 3821 5220">
    <p class='ocr_par' dir='ltr' id='par_1_108' title="bbox 2239 5147 3821 5220">
     <span class='ocr_line' id='line_1_108' title="bbox 2239 5147 3821 5220; baseline -0.001 -18"><span class='ocrx_word' id='word_1_866' title='bbox 2239 5148 2403 5203; x_wconf 87' lang='lat' dir='ltr'><strong>habet</strong></span> <span class='ocrx_word' id='word_1_867' title='bbox 2429 5162 2558 5220; x_wconf 85' lang='lat' dir='ltr'><strong>erga</strong></span> <span class='ocrx_word' id='word_1_868' title='bbox 2589 5148 2768 5204; x_wconf 90' lang='lat' dir='ltr'><strong>divina</strong></span> <span class='ocrx_word' id='word_1_869' title='bbox 2793 5149 3066 5204; x_wconf 83' lang='lat' dir='ltr'><strong>mandata.</strong></span> <span class='ocrx_word' id='word_1_870' title='bbox 3093 5148 3229 5204; x_wconf 84' lang='lat' dir='ltr'><strong>Nam</strong></span> <span class='ocrx_word' id='word_1_871' title='bbox 3271 5165 3395 5206; x_wconf 90' lang='lat' dir='ltr'><strong>cum</strong></span> <span class='ocrx_word' id='word_1_872' title='bbox 3431 5151 3685 5220; x_wconf 86' lang='lat' dir='ltr'><strong>quotidie</strong></span> <span class='ocrx_word' id='word_1_873' title='bbox 3711 5147 3821 5202; x_wconf 74' lang='lat' dir='ltr'><strong>vitae</strong></span> 
     </span>
    </p>
   </div>
   <div class='ocr_carea' id='block_1_109' title="bbox 2238 5237 3822 5313">
    <p class='ocr_par' dir='ltr' id='par_1_109' title="bbox 2238 5237 3822 5313">
     <span class='ocr_line' id='line_1_109' title="bbox 2238 5237 3822 5313; baseline -0.001 -18"><span class='ocrx_word' id='word_1_874' title='bbox 2238 5240 2626 5296; x_wconf 84' lang='lat' dir='ltr'><strong>continentiam</strong></span> <span class='ocrx_word' id='word_1_875' title='bbox 2655 5242 2912 5312; x_wconf 86' lang='lat' dir='ltr'><strong>consequi</strong></span> <span class='ocrx_word' id='word_1_876' title='bbox 2940 5256 3216 5307; x_wconf 88' lang='lat' dir='ltr'><strong>conemur,</strong></span> <span class='ocrx_word' id='word_1_877' title='bbox 3244 5248 3300 5298; x_wconf 91' lang='lat' dir='ltr'><strong>et</strong></span> <span class='ocrx_word' id='word_1_878' title='bbox 3319 5242 3567 5313; x_wconf 85' lang='lat' dir='ltr'><strong>quotidie</strong></span> <span class='ocrx_word' id='word_1_879' title='bbox 3586 5248 3684 5299; x_wconf 87' lang='lat' dir='ltr'><strong>aut</strong></span> <span class='ocrx_word' id='word_1_880' title='bbox 3702 5237 3822 5298; x_wconf 83' lang='lat' dir='ltr'><strong>obii-</strong></span> 
     </span>
    </p>
   </div>
   <div class='ocr_carea' id='block_1_110' title="bbox 2239 5329 3819 5405">
    <p class='ocr_par' dir='ltr' id='par_1_110' title="bbox 2239 5329 3819 5405">
     <span class='ocr_line' id='line_1_110' title="bbox 2239 5329 3819 5405; baseline -0.001 -18"><span class='ocrx_word' id='word_1_881' title='bbox 2239 5334 2428 5399; x_wconf 82' lang='lat' dir='ltr'><strong>vione,</strong></span> <span class='ocrx_word' id='word_1_882' title='bbox 2476 5340 2571 5389; x_wconf 90' lang='lat' dir='ltr'><strong>aut</strong></span> <span class='ocrx_word' id='word_1_883' title='bbox 2615 5335 2990 5405; x_wconf 85' lang='lat' dir='ltr'><strong>subreptione,</strong></span> <span class='ocrx_word' id='word_1_884' title='bbox 3038 5339 3132 5389; x_wconf 87' lang='lat' dir='ltr'><strong>aut</strong></span> <span class='ocrx_word' id='word_1_885' title='bbox 3179 5333 3528 5403; x_wconf 83' lang='lat' dir='ltr'><strong>inﬁrmitate,</strong></span> <span class='ocrx_word' id='word_1_886' title='bbox 3558 5329 3819 5405; x_wconf 84' lang='lat' dir='ltr'><strong>autquod</strong></span> 
     </span>
    </p>
   </div>
   <div class='ocr_carea' id='block_1_111' title="bbox 2238 5424 3823 5499">
    <p class='ocr_par' dir='ltr' id='par_1_111' title="bbox 2238 5424 3823 5499">
     <span class='ocr_line' id='line_1_111' title="bbox 2238 5424 3823 5499; baseline -0.001 -18"><span class='ocrx_word' id='word_1_887' title='bbox 2238 5424 2393 5497; x_wconf 78' lang='lat' dir='ltr'><strong>pejus</strong></span> <span class='ocrx_word' id='word_1_888' title='bbox 2421 5432 2525 5491; x_wconf 90' lang='lat' dir='ltr'><strong>est,</strong></span> <span class='ocrx_word' id='word_1_889' title='bbox 2559 5424 2835 5481; x_wconf 85' lang='lat' dir='ltr'><strong>voluntate</strong></span> <span class='ocrx_word' id='word_1_890' title='bbox 2863 5441 3178 5497; x_wconf 89' lang='lat' dir='ltr'><strong>peccemus;</strong></span> <span class='ocrx_word' id='word_1_891' title='bbox 3229 5427 3502 5499; x_wconf 89' lang='lat' dir='ltr'><strong>quomodo</strong></span> <span class='ocrx_word' id='word_1_892' title='bbox 3543 5436 3823 5498; x_wconf 83' lang='lat' dir='ltr'><strong>possumus</strong></span> 
     </span>
    </p>
   </div>
   <div class='ocr_carea' id='block_1_112' title="bbox 2240 5516 3824 5588">
    <p class='ocr_par' dir='ltr' id='par_1_112' title="bbox 2240 5516 3824 5588">
     <span class='ocr_line' id='line_1_112' title="bbox 2240 5516 3824 5588; baseline -0.001 -17"><span class='ocrx_word' id='word_1_893' title='bbox 2240 5516 2487 5588; x_wconf 81' lang='lat' dir='ltr'><strong>proﬁteri</strong></span> <span class='ocrx_word' id='word_1_894' title='bbox 2508 5531 2593 5582; x_wconf 90' lang='lat' dir='ltr'><strong>ea,</strong></span> <span class='ocrx_word' id='word_1_895' title='bbox 2617 5530 2739 5587; x_wconf 81' lang='lat' dir='ltr'><strong>quae</strong></span> <span class='ocrx_word' id='word_1_896' title='bbox 2759 5516 3021 5585; x_wconf 85' lang='lat' dir='ltr'><strong>volentes,</strong></span> <span class='ocrx_word' id='word_1_897' title='bbox 3046 5517 3262 5588; x_wconf 88' lang='lat' dir='ltr'><strong>quando</strong></span> <span class='ocrx_word' id='word_1_898' title='bbox 3281 5531 3457 5588; x_wconf 89' lang='lat' dir='ltr'><strong>neque</strong></span> <span class='ocrx_word' id='word_1_899' title='bbox 3479 5532 3568 5584; x_wconf 89' lang='lat' dir='ltr'><strong>ea,</strong></span> <span class='ocrx_word' id='word_1_900' title='bbox 3597 5530 3720 5588; x_wconf 70' lang='lat' dir='ltr'><strong>qua:</strong></span> <span class='ocrx_word' id='word_1_901' title='bbox 3736 5526 3824 5570; x_wconf 83' lang='lat' dir='ltr'><strong>no-</strong></span> 
     </span>
    </p>
   </div>
   <div class='ocr_carea' id='block_1_113' title="bbox 2241 5607 3818 5688">
    <p class='ocr_par' dir='ltr' id='par_1_113' title="bbox 2241 5607 3818 5688">
     <span class='ocr_line' id='line_1_113' title="bbox 2241 5607 3818 5688; baseline 0.001 -26"><span class='ocrx_word' id='word_1_902' title='bbox 2241 5607 2414 5664; x_wconf 89' lang='lat' dir='ltr'><strong>lentes</strong></span> <span class='ocrx_word' id='word_1_903' title='bbox 2461 5609 2669 5681; x_wconf 89' lang='lat' dir='ltr'><strong>agimus</strong></span> <span class='ocrx_word' id='word_1_904' title='bbox 2692 5651 2705 5675; x_wconf 91' lang='lat'><strong>,</strong></span> <span class='ocrx_word' id='word_1_905' title='bbox 2757 5608 3139 5688; x_wconf 77' lang='lat' dir='ltr'><strong>intelligimus?</strong></span> <span class='ocrx_word' id='word_1_906' title='bbox 3187 5610 3328 5666; x_wconf 89' lang='lat' dir='ltr'><strong>sicut</strong></span> <span class='ocrx_word' id='word_1_907' title='bbox 3379 5610 3652 5680; x_wconf 89' lang='lat' dir='ltr'><strong>scriptum</strong></span> <span class='ocrx_word' id='word_1_908' title='bbox 3700 5612 3818 5664; x_wconf 82' lang='lat' dir='ltr'><strong>est:</strong></span> 
     </span>
    </p>
   </div>
   <div class='ocr_carea' id='block_1_114' title="bbox 2244 5695 3822 5770">
    <p class='ocr_par' dir='ltr' id='par_1_114' title="bbox 2244 5695 3822 5770">
     <span class='ocr_line' id='line_1_114' title="bbox 2244 5695 3822 5770; baseline 0.003 -17"><span class='ocrx_word' id='word_1_909' title='bbox 2244 5695 2446 5754; x_wconf 75' lang='lat' dir='ltr'><strong>Delicta</strong></span> <span class='ocrx_word' id='word_1_910' title='bbox 2473 5700 2588 5770; x_wconf 83' lang='lat' dir='ltr'><strong>quis</strong></span> <span class='ocrx_word' id='word_1_911' title='bbox 2614 5699 2896 5770; x_wconf 74' lang='lat' dir='ltr'><strong>intelligit?</strong></span> <span class='ocrx_word' id='word_1_912' title='bbox 2936 5700 3071 5757; x_wconf 82' lang='lat' dir='ltr'><strong>Nam</strong></span> <span class='ocrx_word' id='word_1_913' title='bbox 3114 5701 3217 5758; x_wconf 88' lang='lat' dir='ltr'><strong>etsi</strong></span> <span class='ocrx_word' id='word_1_914' title='bbox 3259 5700 3459 5757; x_wconf 83' lang='lat' dir='ltr'><strong>dictum</strong></span> <span class='ocrx_word' id='word_1_915' title='bbox 3485 5705 3573 5757; x_wconf 82' lang='lat' dir='ltr'><strong>est</strong></span> <span class='ocrx_word' id='word_1_916' title='bbox 3600 5710 3619 5756; x_wconf 84' lang='lat'><strong>:</strong></span> <span class='ocrx_word' id='word_1_917' title='bbox 3649 5699 3822 5765; x_wconf 77' lang='lat' dir='ltr'><strong>Deus.</strong></span> 
     </span>
    </p>
   </div>
  </div>
