4012 6364
149 375 245 438 869

1131 368 1333 426 LIBER
1371 368 1459 425 DE
1499 364 1965 430 SACBAIENTO
2003 367 2349 430 BAPTISMI.

3315 380 3424 440 870

149 495 301 550 vitam
319 505 486 545 meam
511 486 778 544 enuntiari
802 485 930 550 tibi,
959 499 1058 543 nos
1089 493 1342 556 putamus
1369 483 1513 553 quod
1539 483 1604 538 de
1625 481 1730 538 cri-
1755 482 1804 556 Α
1834 481 2074 548 dicamus
2101 504 2112 538 :
2149 484 2274 542 Non
2307 502 2390 542 me
2417 486 2687 559 demerget
2732 494 3009 568 tempestas
3046 505 3233 564 aqua,
3260 509 3426 568 neque

149 584 374 642 minibus
418 579 476 638 id
517 595 804 650 possumus
849 577 1049 644 facere,
1087 595 1194 634 non
1239 579 1305 634 de
1351 577 1472 633 aliis
1519 577 1726 633 actibus

148 675 360 739 nostris,
378 673 518 727 sicut
541 672 803 742 scriptum
829 681 941 726 est:
969 671 1116 738 Dixi,
1141 671 1427 740 confitebor
1449 670 1724 723 adversum

146 786 220 823 me
265 765 581 836 injustitiam
622 780 791 816 meam
835 762 1089 827 Domino,
1141 762 1372 832 qualiter
1406 777 1505 817 nos
1540 761 1594 815 in
1641 760 1725 815 his

148 872 257 928 quze
300 854 659 925 praedicamus
708 854 1100 917 custodiamus,
1130 843 1219 921 qui
1249 852 1488 921 quotidie
1528 865 1716 923 pecca-

147 967 291 1006 mus:
320 957 377 1005 et
424 948 502 1005 sic
555 956 838 1019 peccatum
889 947 1152 1019 iniquitas
1197 954 1317 1012 est,
1368 948 1726 1004 conﬁrmante

144 1043 390 1113 Apostolo
418 1041 509 1112 qui
529 1043 605 1096 ait
631 1060 644 1094 :
679 1039 861 1094 Omnis
882 1041 973 1110 qui
993 1040 1120 1110 facit
1143 1048 1432 1110 peccatum,
1461 1048 1509 1092 et
1530 1039 1727 1108 iniqui-

146 1148 288 1192 tatem
317 1136 478 1205 facit,
521 1143 570 1189 et
611 1144 877 1206 peccatum
902 1142 975 1188 est
1001 1133 1272 1203 iniquitas.
1299 1131 1440 1202 Ergo
1468 1130 1724 1200 iniquita-

147 1240 241 1285 tem
265 1244 586 1299 operamur;
617 1236 671 1282 et
698 1228 743 1282 si
769 1228 1111 1298 iniquitatem
1155 1242 1468 1296 operamur,
1520 1226 1576 1294 in
1621 1225 1723 1284 viis

115 1355 120 1366 -
147 1321 344 1378 Domini
362 1337 470 1376 non
493 1319 848 1386 ambulamus,
871 1321 1083 1378 dicente
1101 1320 1414 1378 Psalmista:
1438 1319 1560 1376 Non
1583 1322 1721 1384 enim

145 1415 220 1487 qui
247 1413 574 1486 iniquitatem
604 1423 908 1485 operantur,
933 1415 989 1469 in
1026 1414 1122 1470 viis
1148 1414 1264 1486 ejus
1301 1413 1716 1468 ambulaverunt.

145 1507 260 1562 Cum
288 1508 410 1573 hmc
438 1521 567 1578 ergo
591 1507 665 1571 ita
707 1507 846 1574 sint,
875 1507 1004 1578 quid
1043 1507 1111 1565 de
1156 1507 1400 1564 custodia
1441 1507 1722 1562 mandato-

144 1618 283 1666 rum,
333 1600 392 1664 id
435 1609 519 1660 est
567 1600 796 1670 qualiter
834 1617 934 1656 nos
975 1601 1030 1656 in
1064 1600 1148 1656 his
1181 1617 1301 1671 qua:
1327 1600 1716 1672 praedicamus,

145 1693 517 1758 custodiamus,
544 1693 724 1749 dicere
746 1693 942 1750 melius
959 1709 1268 1765 possumus,
1291 1694 1396 1748 nisi
1417 1693 1548 1749 illud
1575 1694 1719 1763 quod

144 1792 265 1847 idem
288 1790 580 1846 Psalmista
611 1791 688 1845 ait
715 1805 730 1844 :
755 1789 972 1845 Utinam
1013 1790 1311 1862 dirigantur
1338 1792 1436 1844 vite
1477 1807 1604 1844 mete
1647 1789 1717 1844 ad

141 1887 495 1944 custodiendas
529 1887 935 1958 justiﬁeatioues
972 1887 1124 1941 tuas!
1159 1887 1290 1953 Quis
1314 1887 1458 1941 enim
1496 1884 1719 1955 implere

140 1988 295 2050 potest
321 1981 470 2050 quod
487 1980 642 2038 nobis
665 1980 976 2052 praccipitur
997 1997 1010 2032 :
1033 1978 1230 2050 Diliges
1252 1979 1547 2050 proximum
1573 1986 1717 2032 tuum

141 2071 254 2122 sicut
294 2071 522 2142 teipsum
548 2085 566 2122 .'
591 2080 647 2126 et
690 2071 886 2126 iterum
910 2111 927 2138 ,
957 2070 1173 2141 Diligite
1199 2070 1438 2124 inimicos
1487 2070 1721 2124 vestros?

141 2162 227 2216 nisi
255 2160 413 2231 cujus
437 2163 697 2218 Dominus
723 2163 1028 2230 dilatavcrit
1047 2179 1147 2242 per
1180 2162 1505 2228 inlusionem
1546 2163 1718 2220 sancti

144 2255 360 2325 Spiritus
393 2272 488 2314 cor
516 2257 570 2312 in
615 2257 901 2323 charitate,
933 2266 992 2312 ut
1018 2256 1068 2312 ei
1094 2261 1269 2326 possit
1298 2256 1517 2312 dicere:
1565 2254 1716 2310 Viam

142 2348 495 2412 mandatorum
514 2357 725 2412 tuorum
746 2350 977 2416 cucurri,
999 2365 1117 2404 cum
1136 2348 1385 2404 dilatares
1409 2365 1502 2403 cor
1525 2365 1715 2403 meum.

143 2439 466 2505 Terr'biliter
511 2442 668 2498 valde
715 2441 975 2502 Dominus
1023 2442 1078 2496 in
1126 2441 1421 2512 Evangelia
1465 2441 1718 2512 proponit

141 2532 341 2600 modum
387 2534 714 2590 humilitatis
755 2543 820 2590 et
852 2534 1250 2604 simplicitatis,
1299 2533 1564 2588 dicendo:
1596 2532 1719 2587 Nisi

142 2632 360 2686 conversi
406 2632 630 2706 fueritis,
678 2641 725 2688 et
766 2631 1060 2702 efﬁciamini
1088 2632 1222 2686 sicut
1249 2628 1472 2701 parvuli,
1498 2646 1602 2683 non
1630 2629 1718 2682 in—

141 2724 332 2778 trabitis
363 2725 416 2790 in
449 2741 665 2796 regnum
700 2723 967 2778 ccelorum.
996 2722 1157 2778 Juxta
1198 2737 1358 2793 quem
1407 2723 1625 2778 modum
1664 2732 1718 2778 et

147 2813 419 2885 Apostolus
455 2816 700 2890 praecipit
724 2831 738 2869 :
769 2814 948 2870 Nolite
975 2815 1126 2886 pueri
1155 2814 1285 2884 eﬂici
1314 2812 1551 2868 sensibus
1570 2853 1584 2879 ,
1627 2813 1718 2867 sed

147 2908 343 2964 malitia
361 2909 554 2980 parvuli
575 2919 756 2966 estote.
779 2909 884 2974 Sed
909 2910 1034 2980 quis
1064 2910 1132 2966 ad
1161 2917 1368 2970 tantam
1393 2908 1717 2965 innocentia:

139 3001 510 3070 perfectionem
557 3003 842 3074 pervenire
884 3009 1093 3073 potest,
1138 3003 1244 3060 nisi
1289 3002 1338 3058 is
1371 3016 1530 3071 quem
1567 3009 1719 3056 tanta

137 3091 224 3148 Dei
265 3095 504 3165 gratuita
533 3095 839 3168 benignitas
884 3095 1248 3166 prmveuerit,
1295 3103 1353 3149 ut
1393 3110 1462 3150 ex
1512 3091 1718 3149 intimis

1829 576 2100 632 absorbent
2131 595 2210 632 me
2229 579 2584 652 profundum,
2619 599 2782 653 neque
2820 592 3001 654 urgeat
3031 602 3187 657 super
3210 603 3290 642 me
3326 605 3426 661 pu-

1829 677 1940 724 teus
1966 686 2022 724 os
2051 687 2224 726 suum.
2255 670 2470 730 Exaudi
2492 690 2594 740 me,
2621 673 2876 744 Domine,
2921 680 3167 752 quoniam
3203 680 3425 753 benigna

1827 769 1900 812 est
1935 761 2294 816 misericordia
2323 772 2416 818 tua
2444 780 2460 815 :
2487 766 2772 820 secundum
2799 767 3186 824 multitudinem
3208 773 3427 828 misera-

1828 853 2028 905 tionum
2053 862 2267 908 tuarum
2298 857 2492 927 respice
2514 857 2568 912 in
2598 876 2696 912 me.
2725 859 2894 929 Igitur
2917 861 3058 916 sicut
3084 865 3426 933 supradictus

1826 945 2480 1017 Apostolusdocetzﬂui
2524 970 2628 1012 non
2669 954 2839 1024 diligit
2883 957 3106 1026 fratres,
3150 971 3325 1017 manet
3370 965 3425 1018 in

1826 1046 2010 1092 morte.
2035 1038 2167 1106 Qum
2193 1050 2280 1096 est
2301 1053 2482 1097 autem
2523 1045 2740 1103 dilectio
2759 1089 2773 1112 ,
2800 1064 2903 1117 qua
2931 1048 3128 1107 fratres
3165 1054 3425 1112 debemus

1827 1131 2069 1202 diligere,
2100 1132 2214 1202 ipse
2246 1143 2366 1204 post
2401 1152 2571 1206 pauca
2608 1141 2844 1194 ostendit
2873 1142 3058 1200 dicens
3085 1163 3097 1198 :
3125 1145 3192 1201 In
3215 1147 3312 1202 hoc
3338 1166 3426 1202 co-

1826 1225 2100 1292 gnovimus
2123 1228 2434 1284 charitatem
2457 1229 2593 1296 Dei;
2625 1234 2874 1304 quoniam
2899 1235 2987 1300 ille
3012 1255 3106 1309 pro
3131 1239 3278 1295 nobis
3308 1245 3424 1297 ani—

1826 1333 1965 1371 mant
1995 1336 2146 1382 suam
2173 1322 2370 1394 posuit,
2397 1333 2444 1378 et
2472 1342 2564 1382 nos
2597 1326 2840 1388 debemus
2871 1349 2965 1402 pro
3003 1333 3261 1404 fratribus
3305 1339 3422 1391 ani-

1826 1427 1940 1465 mas
1959 1428 2169 1482 ponere.
2201 1414 2267 1469 Et
2298 1415 2495 1478 iterum
2521 1437 2534 1472 :
2571 1418 2692 1476 Non
2725 1422 3006 1493 diligamus
3032 1427 3183 1481 verbo
3209 1446 3300 1484 nec
3325 1429 3422 1484 lin-

1825 1521 1950 1574 gua,
1974 1505 2064 1559 sed
2087 1523 2238 1577 opere
2257 1518 2306 1562 et
2328 1512 2561 1566 veritate.
2584 1514 2687 1568 Sed
2711 1517 2834 1584 quia
2861 1517 2999 1574 hanc
3023 1530 3130 1576 tam
3151 1538 3421 1584 summam

1825 1597 2170 1654 dilectionem
2221 1602 2444 1673 implere
2495 1620 2601 1662 non
2643 1623 2949 1684 possumus,
2984 1621 3168 1671 etnon
3201 1615 3272 1671 ita
3304 1617 3423 1671 dili-

1827 1693 2000 1764 gendo
2029 1693 2227 1751 fratres
2252 1712 2536 1764 manemus
2574 1700 2628 1756 in
2669 1712 2874 1770 morte;
2911 1705 3104 1768 timore
3145 1710 3416 1780 perterriti

1826 1785 2123 1843 clamamus
2159 1791 2227 1844 ad
2251 1792 2708 1871 omnipotentem:
2731 1798 2963 1854 Adhaesit
2988 1803 3280 1871 pavimento
3304 1806 3421 1860 ani-

1825 1896 1911 1934 ma
1934 1898 2080 1948 mea;
2111 1883 2317 1954 viviﬁca
2340 1902 2419 1940 me
2448 1889 2735 1948 secundum
2759 1893 2969 1948 verbum
2996 1905 3162 1952 tuum.
3189 1898 3272 1965 Et,
3301 1897 3414 1954 Do-

1823 1973 1961 2026 mine
1988 1975 2034 2027 si
2065 1974 2162 2042 vis,
2197 1991 2342 2046 petes
2369 1995 2450 2033 me
2475 1978 2679 2035 salvare

1896 2065 2033 2122 Sunt
2059 2070 2256 2126 etenim
2287 2071 2342 2134 in
2382 2073 2576 2130 divinis
2610 2078 2896 2150 praeceptis
2935 2079 3109 2138 adhuc
3134 2083 3416 2143 sublimio-

1823 2175 1882 2214 ra
1910 2169 1964 2216 et
1992 2159 2293 2218 diﬂiciliora
2325 2165 2392 2219 ad
2420 2165 2754 2237 implendum
2776 2172 3030 2228 mandata
3059 2193 3071 2228 :
3100 2176 3196 2230 sed
3221 2177 3268 2232 si
3295 2193 3420 2248 pro—

1817 2264 2007 2326 pterea
2032 2258 2158 2330 quia
2193 2275 2293 2322 nos
2321 2275 2385 2314 ea
2415 2260 2641 2335 implere
2677 2281 2784 2322 non
2809 2283 3115 2336 possumus,
3147 2271 3268 2327 aliis
3308 2287 3418 2330 non

1821 2347 2317 2426 praedicaverimus,
2374 2353 2572 2424 duplex
2627 2367 2687 2414 ut
2729 2369 2982 2429 putamus
3035 2363 3234 2420 malum
3287 2367 3412 2422 erit.

1820 2439 2006 2513 Neque
2037 2445 2183 2508 enim
2225 2461 2324 2502 nos
2362 2448 2636 2519 ambigere
2667 2461 2880 2522 oportet
2905 2468 3026 2509 esse
3059 2455 3114 2510 in
3143 2456 3299 2526 plebe
3326 2458 3415 2514 cui

1820 2535 2030 2606 praelati
2055 2552 2263 2604 sumus,
2290 2537 2498 2612 aliquos
2530 2557 2657 2596 vasa
2693 2543 2888 2610 divinae
2914 2545 3300 2604 misericordia:
3339 2547 3420 2604 ef-

1822 2627 2028 2697 fectos,
2071 2631 2125 2686 in
2167 2631 2359 2701 quibus
2413 2633 2660 2690 ostendat
2705 2636 2847 2696 Deus
2889 2638 3107 2698 divitias
3159 2640 3417 2698 bonitatis

1821 2737 1965 2790 sum;
2001 2725 2092 2793 qui
2144 2725 2284 2780 solet
2324 2726 2490 2781 etiam
2527 2728 2592 2784 de
2634 2729 2976 2800 sterquilinio
3004 2731 3246 2802 proferre
3274 2748 3413 2802 prat—

1821 2815 1997 2870 claras
2020 2816 2346 2887 margaritas
2360 2828 2678 2875 ornamento
2703 2836 2950 2892 superum
2970 2822 3208 2880 civitatis
3229 2833 3417 2895 aptan-

1822 2907 1937 2974 das,
1965 2925 2064 2980 pro
2091 2909 2288 2980 quibus
2315 2911 2483 2966 taceri
2509 2929 2617 2970 non
2647 2915 2844 2972 debent
2883 2915 3198 2987 Scriptum.
3226 2916 3418 2976 Sciunt

1821 3000 1965 3058 enim
2013 3001 2263 3060 doctores
2292 3004 2493 3060 nullam
2533 3021 2653 3062 esse
2696 3008 2751 3062 in
2799 3009 3108 3066 hominibus
3151 3011 3421 3069 conditio-

1819 3109 1964 3162 nem,
2011 3096 2220 3152 nullum
2263 3097 2531 3164 ordinem,
2575 3101 2776 3157 nullam
2815 3111 3052 3171 :etatem,
3092 3105 3297 3161 nullum
3329 3107 3417 3162 in-

137 3185 422 3244 visceribus
453 3189 635 3252 dicere
680 3188 889 3259 possit:
929 3187 1107 3250 Dilexi
1153 3190 1402 3260 quoniam
1447 3188 1714 3243 exaudivit
1739 3218 1793 3290 ϐ
1821 3187 2059 3256 genium,
2091 3190 2232 3244 unde
2267 3206 2374 3246 non
2419 3202 2663 3262 pereant,
2709 3201 2763 3250 et
2798 3197 2941 3252 unde
2987 3213 3094 3252 non
3143 3198 3418 3256 salveutur

135 3279 378 3338 Dominus
401 3300 578 3338 vocem
610 3283 865 3340 orationis
889 3298 1048 3347 mete,
1073 3282 1198 3352 quia
1226 3281 1495 3340 inclinavit
1533 3299 1713 3338 aurem

135 3390 268 3432 suam
295 3375 449 3439 mihi.
482 3374 552 3432 Et
580 3383 703 3444 post
731 3390 939 3444 pauca:
972 3373 1282 3434 Custodiens
1316 3373 1562 3445 parvulos
1605 3375 1715 3429 Do-

135 3467 318 3534 minus;
359 3467 671 3524 humiliatus
704 3485 821 3524 sum
849 3477 898 3522 et
929 3466 1163 3522 liberavit
1188 3483 1289 3524 me.
1314 3467 1392 3522 Ac
1413 3467 1606 3524 deinde
1631 3483 1713 3524 se-

132 3574 315 3624 curus;
347 3556 683 3629 Convertere,
731 3560 958 3630 inquit,,
985 3561 1164 3616 anima
1206 3577 1352 3625 mea,
1399 3561 1455 3616 in
1485 3561 1713 3631 requiem

131 3662 278 3709 tuam.
309 3655 515 3710 Dicunt
537 3655 889 3716 ecclesiastici
908 3654 1175 3719 doctores,
1205 3654 1483 3724 Speculum
1515 3653 1712 3710 anima:

132 3764 236 3805 esse
255 3750 518 3814 mandata
545 3751 746 3816 divina,
780 3759 839 3807 ut
862 3765 1200 3822 unaquaque
1223 3750 1539 3806 ﬁdelissima
1567 3751 1620 3804 in
1648 3764 1714 3804 eo

130 3859 179 3898 se
200 3844 449 3909 intuens,
485 3844 863 3915 deprehendat
892 3845 946 3900 in
970 3845 1259 3913 semetipsa
1291 3843 1374 3898 vel
1413 3841 1714 3898 fmditatem

131 3934 376 3994 vitiorum
401 3975 416 3999 ,
464 3935 550 3990 vel
599 3933 1055 4004 pulchritudinem
1106 3933 1390 3988 virtutum.
1420 3933 1488 3986 Et
1514 3933 1715 3987 idcirco

129 4023 407 4084 Psalmista
441 4026 556 4081 ait:
583 4025 730 4086 Tunc
772 4042 877 4080 non
921 4024 1236 4095 confundar,
1261 4042 1380 4080 cum
1409 4042 1716 4096 perspeazero

128 4119 176 4171 in
207 4118 454 4177 omnibus
495 4118 761 4175 mandatis
806 4118 929 4173 tuis.
971 4117 1325 4183 Subauditur,
1373 4119 1419 4173 si
1462 4119 1718 4174 direxeris

125 4210 226 4266 vias
263 4227 416 4274 meas
458 4211 526 4264 ad
575 4209 945 4266 custodiendas
982 4209 1395 4279 justiﬁcationes
1444 4219 1581 4265 tuas.
1613 4211 1719 4267 Sed

126 4303 235 4370 quis
255 4311 513 4364 nostrum
535 4303 742 4371 absque
769 4288 873 4356 hac
904 4299 1224 4356 confusione
1249 4308 1474 4356 cantare
1502 4312 1679 4371 potest
1703 4321 1714 4357 :

125 4397 340 4456 Domine
367 4399 627 4454 Dominus
653 4408 826 4453 noster
845 4399 889 4452 si
915 4398 1012 4469 feci
1035 4399 1193 4464 istud,
1217 4399 1263 4453 si
1286 4407 1359 4453 est
1379 4399 1630 4468 iniquitas
1664 4398 1721 4452 in

126 4492 366 4546 manibus
399 4493 560 4554 meis,
593 4491 639 4544 si
674 4489 882 4544 reddidi
919 4489 1326 4544 retribuentibus
1373 4489 1502 4543 mihi
1544 4487 1718 4555 mala,

122 4585 364 4640 decidens
389 4586 574 4640 merito
601 4583 677 4637 ab
691 4583 918 4638 inimicis
940 4583 1068 4638 meis
1094 4583 1306 4637 inanis?

185 4679 257 4734 De
279 4681 396 4734 hac
424 4676 590 4748 igitur
616 4676 931 4746 confusione
955 4691 1056 4730 nos
1077 4675 1342 4730 Dominus
1371 4675 1437 4728 ad
1460 4674 1717 4746 gaudium

123 4771 227 4826 vult
267 4771 449 4828 levari
481 4787 606 4826 cum
643 4769 811 4826 dicit:
840 4769 992 4824 Beati
1036 4769 1159 4823 estis
1194 4783 1312 4822 cum
1353 4767 1720 4822 maledixeriut

120 4865 254 4920 vobis
274 4865 544 4930 homines,
567 4871 618 4918 et
639 4863 896 4935 persecuti
927 4879 1017 4918 vos
1042 4861 1260 4932 fuerint,
1293 4871 1343 4916 et
1364 4862 1593 4915 dixerint
1611 4877 1721 4914 om-

120 4976 180 5014 ne
201 4960 411 5014 malum
441 4957 722 5014 adversum
748 4973 838 5011 vos
867 4957 1192 5022 mentientes,
1215 4964 1426 5027 propter
1448 4971 1528 5008 me
1551 4969 1568 5006 :
1591 4971 1722 5024 gau-

121 5053 228 5108 dete
276 5065 328 5109 et
381 5051 662 5108 multata.
697 5051 766 5106 Et
805 5050 861 5105 in
904 5049 1011 5105 alio
1048 5049 1166 5105 loco
1191 5067 1203 5102 :
1233 5045 1395 5103 Orate
1425 5064 1519 5119 pro
1549 5063 1723 5118 perse-

118 5147 400 5216 quentibus
435 5153 484 5198 et
526 5142 965 5198 calumniantibus
1007 5159 1114 5206 vos,
1160 5151 1216 5195 ut
1265 5141 1378 5195 sitis
1409 5141 1508 5210 ﬁlii
1543 5139 1722 5194 Patris

118 5243 288 5306 vestri,
321 5241 418 5312 qui
453 5239 511 5293 in
552 5237 693 5292 cretis
725 5245 820 5292 est.
855 5234 1171 5306 Quicunque
1211 5234 1315 5290 hoc
1364 5248 1431 5288 ex
1474 5231 1723 5288 medullis

119 5333 299 5389 cordis
353 5332 582 5402 implere
605 5331 865 5401 potuerit,
905 5329 994 5386 ille
1039 5344 1144 5384 non
1185 5327 1561 5398 confundetur,
1604 5344 1723 5382 cum

113 5429 443 5499 perspexerit
464 5428 521 5481 in
547 5426 784 5480 omnibus
809 5425 1074 5479 mandatis
1097 5424 1195 5478 Dei
1234 5431 1490 5493 tanquam
1518 5423 1574 5476 in
1604 5435 1723 5492 spe-

115 5521 258 5577 culo.
320 5521 564 5576 Joannes
606 5534 842 5590 namque
881 5518 1158 5588 apostolus
1198 5518 1314 5571 ait:
1350 5515 1455 5582 Qui
1507 5516 1634 5570 dicit
1670 5531 1723 5570 se

115 5629 271 5668 nosse
314 5613 489 5668 Deum
513 5655 526 5679 ,
558 5622 608 5667 et
635 5613 887 5667 mandata
917 5611 1033 5681 ejus
1071 5627 1174 5666 non
1208 5611 1463 5675 custodit,
1498 5610 1724 5663 mendax

115 5715 212 5760 est.
240 5707 318 5762 Et
343 5708 544 5762 iterum
568 5723 580 5758 :
613 5704 718 5771 Qui
746 5705 872 5758 dicit
898 5720 954 5759 se
981 5703 1038 5758 in
1063 5704 1175 5775 ipso
1191 5720 1424 5768 manere,
1447 5702 1594 5758 debet
1623 5705 1725 5756 sic-

110 5806 170 5850 ut
218 5797 316 5853 ille
349 5797 653 5862 ambulavit,
691 5797 765 5851 sic
805 5805 853 5850 et
894 5797 1003 5868 ipse
1051 5796 1340 5851 ambulare.
1370 5795 1477 5851 Sed
1516 5796 1582 5850 ad
1610 5796 1726 5851 haec

115 5891 254 5959 quid
280 5892 435 5950 aliud
455 5893 610 5950 nobis
633 5892 901 5967 agendum
928 5898 1042 5961 est,
1071 5889 1176 5946 nisi
1210 5896 1270 5944 ut
1309 5888 1726 5961 ingemiscentes

1820 3279 1876 3333 in
1907 3279 2095 3335 vitam.
2126 3280 2194 3336 Et
2235 3281 2338 3336 hoc
2365 3297 2432 3338 ex
2455 3283 2660 3352 judicio
2691 3281 2936 3351 iustitiae,
2969 3296 3022 3341 et
3047 3289 3283 3356 gratuita
3313 3290 3418 3344 mi—

1817 3370 2113 3434 sericordia
2157 3372 2255 3426 Dei
2297 3374 2437 3428 hunc
2484 3373 2811 3430 humiliantis
2842 3376 3058 3431 ethunc
3109 3378 3417 3445 exultantis,

1814 3464 1943 3534 quia
1983 3464 2124 3518 calice
2176 3466 2234 3519 in
2282 3481 2443 3522 manu
2472 3466 2587 3536 ejus
2636 3467 2741 3520 vini
2783 3469 2916 3522 meri
2954 3467 3138 3538 plenus
3165 3470 3344 3536 misto,
3371 3477 3420 3525 et“

1815 3557 2036 3614 inclinat
2072 3575 2137 3613 ea:
2178 3559 2274 3614 hoc
2313 3561 2369 3618 in
2405 3559 2560 3614 illud.
2593 3559 2661 3614 Et
2686 3568 2971 3631 pr0pterea
3000 3560 3198 3617 debent
3222 3562 3418 3633 praedi-

1816 3650 1928 3704 cari
1981 3648 2299 3720 Scripturze,
2351 3651 2513 3706 debet
2561 3666 2756 3706 sonare
2800 3650 3176 3721 Evangelium,
3220 3652 3417 3708 debent

1816 3743 2129 3798 annuutiari
2173 3751 2229 3798 et
2277 3752 2516 3799 terrores
2564 3742 3070 3808 comminationunt,
3105 3751 3162 3798 et
3209 3743 3420 3798 blandi-

1817 3842 1998 3898 menta
2053 3834 2504 3890 consolationum.
2553 3833 2688 3900 Quia
2741 3834 2796 3888 in
2841 3833 2998 3904 plebe
3048 3833 3416 3890 ecclesiastica

1816 3928 2086 3990 exsistunt
2120 3935 2176 3982 et
2206 3925 2540 3991 duricordes,
2575 3926 2772 3996 quibus
2808 3926 2959 3982 utilia
3011 3935 3139 3983 sunt
3177 3927 3415 3982 tonitrua

1816 4026 1874 4074 et
1903 4018 2110 4090 grando
2141 4033 2451 4074 sermonum
2493 4017 2614 4083 Dei,
2664 4032 2784 4087 qua:
2834 4017 3069 4088 primum
3115 4018 3422 4088 percutiant

1818 4119 1876 4168 et
1899 4118 2086 4182 postea
2119 4111 2365 4180 irrigant.
2392 4109 2646 4172 Existunt
2671 4117 2729 4170 et
2756 4109 2935 4176 mites,
2964 4111 3162 4180 quibus
3183 4120 3422 4168 tantum-

1820 4206 1983 4264 modo
2012 4204 2149 4260 leuis
2195 4213 2252 4258 et
2289 4203 2534 4274 placidus
2563 4216 2744 4258 sermo
2771 4202 2922 4262 verbi
2950 4202 3118 4262 divini
3143 4203 3417 4272 expediat.

1823 4296 1916 4352 Sic
1940 4297 2089 4352 enim
2136 4297 2191 4350 in
2219 4297 2324 4356 hoc
2351 4294 2554 4356 mundo
2581 4293 2833 4360 vivimus,
2864 4299 2924 4355 ut
2951 4307 3165 4364 seraper
3205 4292 3422 4350 solliciti

1823 4392 1934 4448 Deo
1978 4390 2160 4448 dicere
2203 4403 2310 4443 non
2340 4401 2658 4446 cessemus:
2691 4384 2865 4441 Sitivit
2889 4385 2946 4444 in
2973 4395 3024 4440 te
3049 4385 3228 4440 anima
3270 4400 3422 4450 mea;

1822 4499 1980 4555 quam
2008 4479 2365 4550 multipliciter
2391 4479 2485 4532 tibi
2527 4495 2651 4532 caro
2680 4477 2829 4536 mea!
2867 4477 2922 4530 in
2947 4485 3090 4531 terra
3117 4475 3344 4543 deserta,
3373 4484 3423 4532 et

1824 4579 1966 4633 invia
1992 4586 2040 4635 et
2064 4578 2340 4648 inaquosa.
2370 4573 2602 4630 Vascula
2645 4573 2790 4629 enim
2815 4579 2942 4629 sunt
2977 4571 3170 4626 animm
3199 4578 3419 4626 nostrre.

1823 4673 1966 4744 Ergo
2013 4671 2242 4728 levanda
2293 4678 2420 4727 sunt
2463 4669 2531 4724 ad
2561 4668 2732 4724 Deum
2772 4683 2805 4721 a
2846 4664 3001 4721 nobis
3030 4664 3337 4736 petentibus
3371 4669 3426 4720 et

1817 4767 2210 4837 qumrentibus,
2235 4771 2292 4820 et
2338 4762 2626 4819 dicendum
2659 4778 2673 4814 :
2703 4757 2896 4814 Anima
2924 4775 3042 4814 mea
3093 4757 3229 4812 sicut
3279 4764 3421 4811 terra

1823 4859 1936 4913 sine
1958 4875 2098 4929 aqua
2125 4857 2242 4911 tibi.

1893 4952 2036 5009 Ecce
2069 4953 2187 5008 haec
2238 4949 2392 5019 juxta
2419 4947 2769 5019 exiguitatem
2796 4958 2989 5001 sensus
3016 4941 3190 4998 nostri
3231 4940 3302 4997 ad
3339 4941 3423 4996 in-

1822 5053 2095 5118 terrogata
2138 5042 2518 5114 respondimus
2561 5040 2830 5104 breviter,
2870 5037 3239 5109 signiﬁcantes
3283 5050 3422 5106 quo-

1822 5139 1984 5195 modo
2017 5138 2226 5209 plebem
2276 5144 2520 5191 nostram
2573 5133 2887 5201 doceamus,
2928 5137 2984 5186 et
3025 5144 3090 5184 ea
3115 5142 3238 5199 qua
3261 5126 3424 5182 doce-

1823 5248 1978 5297 mus,
2031 5231 2262 5300 qualiter
2311 5243 2410 5285 nos
2453 5228 2558 5299 ipsi
2606 5225 2993 5282 custodiamus.
3039 5221 3195 5277 Nunc
3241 5229 3422 5275 autem

1824 5325 2092 5380 maximas
2127 5323 2282 5378 vobis
2328 5321 2616 5378 referimus
2650 5319 2868 5393 gratias,
2900 5315 3336 5373 constantissime
3370 5321 3427 5368 et

1825 5417 2212 5492 gloriosissime
2250 5417 2568 5486 imperator,
2599 5427 2814 5482 semper
2857 5410 3008 5476 felix,
3057 5409 3280 5479 optime,
3331 5419 3426 5460 au-

1827 5522 2001 5585 guste,
2031 5513 2120 5583 qui
2153 5527 2252 5567 nos
2280 5511 2369 5583 pia
2393 5517 2572 5566 vestra
2615 5505 2978 5564 sollicitudine
3015 5511 3276 5572 tanquam
3301 5500 3427 5554 dor-

1825 5607 2057 5662 mientes
2104 5604 2375 5670 excitatis,
2421 5609 2476 5658 et
2504 5611 2780 5672 torporem
2815 5597 3015 5654 mentis
3043 5601 3240 5650 nostra!
3263 5606 3428 5646 excu-

1824 5701 1962 5768 titis,
2011 5708 2064 5756 et
2114 5699 2183 5754 ad
2230 5705 2476 5755 sanctum
2527 5693 2845 5751 exercitium
2892 5684 3220 5761 provocatis,
3269 5681 3427 5754 quasi

1829 5810 1954 5850 cum
2000 5794 2264 5865 propheta
2315 5796 2515 5848 sanctae
2546 5789 2787 5846 dicentes
2832 5781 3107 5845 Ecclesiae,
3147 5793 3246 5851 pro
3273 5773 3429 5845 cujus

1831 5885 2143 5943 defensione
2191 5901 2288 5942 vos
2327 5883 2586 5941 Dominus
2629 5879 2786 5937 Jesus
2828 5874 3077 5934 Christus
3105 5881 3430 5929 conservare
