4012 6364
606 389 707 447 871

1645 373 1971 432 LEIDRADI
2007 365 2496 428 LUGDUNENSIS
2538 363 2843 422 EPISCOPI
3766 359 3854 416 871

608 504 861 575 dignatur
890 517 906 556 :
936 499 1198 555 Excutere
1232 498 1295 553 de
1330 496 1556 567 pulvere,
1589 509 1862 563 consurge,
1895 491 2014 545 sede
2043 489 2198 544 Jeru-
2223 492 2279 552 Α
2300 486 2598 575 perducere
2630 483 2896 553 dignetur,
2950 474 3323 575 transuerendo
3360 473 3432 575 de
3474 486 3637 575 regno
3683 473 3748 528 ad
3783 491 3854 531 re-

609 596 802 661 salem,
836 593 903 650 ad
929 593 1084 664 cujus
1108 592 1379 663 fastigium
1407 589 1463 643 iu
1506 587 1835 656 sempiterna
1876 583 2045 654 gloria
2069 597 2195 652 par-

608 687 961 758 ticipandum,
980 701 1098 752 vos,
1114 692 1174 738 ut
1194 692 1319 754 pote
1333 679 1711 737 charissimum
1734 675 2035 732 membrum
2057 672 2193 742 ejus,

2302 592 2487 648 gnum,
2518 574 2629 629 Rex
2657 589 2836 644 regum
2863 579 2912 626 et
2941 569 3199 624 Dominus
3229 565 3631 622 dominantium.

631 811 3808 854 MM

1370 939 2125 1075 LEIDRADI
2219 937 3082 1066 EPISTOLfE.

1099 1249 1434 1308 EPISTOLA
1470 1247 1704 1303 PRIMA.

841 1360 867 1388 ⁸
907 1361 974 1401 ΑΒ
1011 1358 1261 1400 CAROLUII
1299 1354 1518 1396 MAGNUH
1556 1353 1964 1394 HIPERATOREM.

685 1441 910 1494 Summo
958 1436 1154 1493 Carolo
1203 1432 1518 1504 imperatori
1576 1431 1876 1488 Leidradus
1921 1431 2204 1502 episcopus

622 1531 998 1605 Lugdunensis
1026 1530 1276 1586 salutem.

670 1625 895 1681 Domine
907 1631 1110 1688 noster,
1127 1630 1382 1677 constans
1397 1629 1452 1676 et
1464 1636 1620 1676 sacer
1633 1619 1946 1690 imperator,
1964 1617 2206 1688 supplico

545 1703 550 1705 ’
614 1715 914 1770 clementiae
943 1714 1279 1769 celsitudinis
1315 1721 1528 1776 vestrm,
1559 1721 1622 1768 ut
1649 1712 1791 1767 hanc
1818 1713 2041 1767 brevem
2086 1727 2208 1780 sug-

2308 1241 2522 1299 scholas
2558 1241 2840 1307 lectorum,
2866 1259 2973 1299 non
2999 1243 3173 1300 solum
3203 1245 3295 1314 qui
3319 1245 3623 1301 officiorum
3652 1247 3853 1305 lectioni-

2310 1335 2412 1390 bus
2460 1342 2799 1400 exercentur,
2848 1335 2942 1390 sed
2986 1337 3149 1390 etiam
3189 1338 3245 1392 in
3283 1337 3594 1393 divinorum
3640 1339 3853 1397 librorum

2306 1426 2656 1481 meditatione
2672 1426 2930 1497 spiritalis
2949 1427 3315 1500 intelligentia:
3336 1429 3546 1486 fructus
3565 1446 3854 1502 consequan-

2308 1527 2424 1586 tur;
2470 1535 2538 1574 ex
2567 1519 2764 1589 quibus
2790 1519 3032 1574 nonnulli
3074 1522 3140 1576 de
3165 1521 3304 1577 libro
3325 1521 3735 1593 Evangeliorum
3759 1539 3854 1579 sen-

2310 1625 2430 1666 sum
2483 1610 2777 1680 spiritalem
2845 1612 3008 1666 etiam
3061 1627 3127 1666 ex
3184 1619 3338 1682 parte
3389 1612 3619 1682 adipisci
3660 1626 3853 1684 possunt.

2312 1701 2560 1771 Plerique
2584 1717 2714 1756 vero
2734 1701 2931 1756 librum
2953 1703 3339 1772 prophetarum
3363 1703 3661 1758 secundum
3686 1705 3854 1774 Spirila-

613 1805 1006 1876 gestiuneulam
1033 1821 1209 1860 meam
1228 1805 1388 1860 vultu
1407 1804 1755 1860 serenissima
1781 1804 2013 1860 audiatis
2041 1823 2052 1856 ε
2078 1819 2209 1874 qua-
2240 1809 2288 1869 Β
2315 1793 2422 1848 lem
2453 1792 2859 1862 intelligentiam
2884 1793 3062 1862 adepti
3089 1802 3235 1849 sunt.
3267 1793 3532 1849 Similiter
3556 1794 3714 1850 libros
3741 1794 3854 1850 Salo-

612 1904 770 1952 ιεηιιε
821 1913 941 1968 qua;
991 1898 1080 1952 hic
1137 1897 1340 1951 inserta
1395 1904 1555 1962 sum,
1605 1896 1866 1966 piissimae
1910 1895 2211 1966 prudeniim
2316 1884 2506 1950 monis,
2538 1884 2623 1938 vel
2663 1883 2832 1940 libros
2879 1884 3238 1952 Psalmorum,
3283 1893 3444 1956 atque
3490 1888 3652 1942 etiam
3687 1885 3785 1942 Job.
3813 1888 3852 1942 In

613 1999 808 2046 vestrae
842 1997 970 2044 nota
996 1988 1117 2044 ﬁeri
1147 1997 1377 2058 queant,
1406 1997 1461 2043 et
1487 1988 1718 2043 intentio
1745 2005 1881 2043 mea:
1903 1988 2213 2059 postulatio-
2315 1977 2469 2032 libris
2498 1992 2712 2047 quoque
2762 1979 3190 2046 conscribendis,
3239 1978 3295 2032 ίη
3325 1980 3516 2034 eadem
3555 1980 3787 2044 Εοοιθείθν
3812 1983 3853 2035 in

619 2083 705 2137 nis
731 2083 798 2138 ab
839 2082 1068 2151 ingenua
1111 2081 1396 2143 clementia
1432 2091 1612 2136 vestra
1640 2082 2043 2136 reminiscatur.
2072 2079 2212 2134 Olim

616 2189 705 2228 me
732 2173 1140 2244 exiguissimum
1169 2172 1491 2230 famulorum
1518 2182 1825 2228 vestrorum
1867 2173 1935 2228 ad
1972 2173 2214 2243 regimen

623 2264 882 2320 Ecclesize
929 2264 1306 2334 Lugdunensis
1357 2265 1631 2320 destinare
1667 2265 1932 2330 voluistis,
1963 2281 2088 2320 cum
2115 2279 2216 2335 ego

620 2357 748 2412 huic
793 2356 974 2413 oflicio
1019 2358 1194 2428 impar
1226 2359 1518 2414 existerem
1553 2366 1609 2414 et
1645 2359 1914 2430 indignus.
1950 2358 2057 2414 Sed
2097 2375 2214 2424 vos,

618 2451 710 2521 qui
742 2465 851 2505 non
880 2450 1158 2505 attenditis
1187 2451 1465 2506 hominum
1494 2451 1713 2517 merita,
1741 2452 1835 2507 sed
1863 2459 2102 2506 vestram
2131 2466 2217 2506 so-

616 2544 770 2598 litam
800 2543 1166 2608 clementiam,
1195 2544 1382 2614 egistis
1425 2543 1491 2598 de
1519 2559 1606 2598 me
1635 2544 1775 2599 sicut
1819 2541 2074 2598 ineffabili
2105 2542 2218 2613 pie-

617 2637 716 2690 tati
737 2645 931 2692 vestrae
948 2636 1170 2708 placuit,
1191 2635 1335 2690 nullo
1357 2636 1624 2691 existente
1642 2636 1836 2690 merito
1858 2650 2006 2698 meo;
2027 2648 2219 2705 meque

619 2727 910 2783 admonere
947 2727 1152 2798 dignati
1186 2727 1337 2792 estis,
1376 2734 1436 2782 ut
1470 2742 1568 2798 ego
1613 2727 1990 2782 sollicitudinis
2031 2741 2218 2781 curam

619 2833 886 2888 gererem,
914 2826 970 2871 et
1003 2825 1064 2871 ut
1092 2817 1432 2888 negligentiae
1461 2834 1582 2887 quae
1607 2820 1661 2871 in
1687 2819 1944 2888 praedicta
1975 2817 2215 2873 Ecclesia

619 2915 943 2979 perpetrata:
963 2911 1346 2975 noscebantur,
1371 2910 1788 2963 emendarentur
1811 2917 1865 2963 et
1900 2916 2218 2978 perpetran-

624 3002 707 3056 dae
734 3002 1057 3055 vitarentur.
1090 3001 1221 3055 Erat
1263 3002 1406 3055 enim
1461 3002 1604 3057 dicta
1655 3002 1894 3057 Ecclesia
1943 3002 2125 3072 multis
2166 3002 2252 3056 in-

622 3094 786 3148 rebns
810 3091 1072 3146 destituta
1105 3093 1333 3147 interius
1383 3093 1748 3162 exteriusque,
1793 3100 1901 3146 tam
1933 3093 1987 3147 in
2025 3091 2219 3147 ofﬁciis

2317 2077 2576 2142 quantum
2598 2071 2770 2140 potui,
2791 2071 3085 2127 elaboravi.
3106 2071 3368 2128 Similiter
3381 2074 3692 2129 vestimenta
3708 2090 3854 2130 sacer-

2319 2163 2506 2218 dotum
2533 2162 2619 2216 vel
2647 2164 2946 2218 ministeria
2967 2165 3272 2233 procuravi.

2389 2256 2466 2310 De
2510 2256 2907 2310 restauratione
2935 2256 3101 2310 etiam
3144 2256 3521 2323 ecclesiarum,
3559 2258 3612 2312 in
3634 2265 3851 2327 quantum

2318 2347 2483 2414 valui,
2509 2363 2617 2402 non
2645 2348 2882 2413 cessavi;
2910 2348 2986 2403 ita
3011 2357 3068 2403 ut
3087 2346 3328 2417 ejusdem
3347 2351 3591 2406 civitatis
3617 2352 3853 2405 maximam

2319 2439 2626 2506 ecclesiam,
2651 2456 2770 2509 qua:
2795 2448 2876 2495 est
2903 2440 2958 2494 in
2983 2441 3247 2496 honorem
3275 2445 3449 2498 sancti
3479 2442 3694 2500 Joannis
3718 2444 3851 2515 Bapti-

2321 2541 2436 2599 stae,
2468 2549 2499 2586 a
2528 2547 2668 2586 novo
2702 2533 3032 2603 Operuerim,
3075 2541 3132 2589 et
3155 2535 3421 2590 macerias
3446 2551 3516 2590 ex
3545 2547 3692 2607 parte
3714 2551 3854 2591 erexe-

2319 2628 2445 2682 rim.
2475 2627 2739 2682 Similiter
2766 2627 3007 2683 ecclesia:
3036 2630 3208 2684 sancti
3242 2628 3507 2700 Stephani
3541 2637 3854 2703 tegumentum

2322 2717 2387 2774 de
2420 2733 2562 2772 novo
2604 2719 2921 2773 instauravi.
2953 2719 3250 2775 Ecclesiam
3279 2738 3499 2793 quoque
3527 2724 3692 2778 sancti
3709 2721 3856 2776 Niertii

2323 2811 2390 2865 de
2421 2825 2564 2865 novo
2592 2811 2756 2866 etiam
2783 2811 3064 2867 aediﬁcavi.
3106 2813 3367 2870 Similiter
3389 2817 3675 2872 ecclesiam
3705 2823 3858 2871 sancta:

2323 2900 2524 2956 Mariae.
2560 2901 2763 2957 Praeter
2782 2904 3234 2959 monasteriorum
3257 2907 3694 2973 restaurationes,
3714 2906 3861 2961 domus

2321 3008 2534 3063 quoque
2557 2994 2908 3064 episcopales,
2933 2995 3076 3050 inter
3097 3012 3232 3066 quas
3259 3014 3424 3052 unam
3446 2999 3747 3062 restauravi,
3767 3011 3861 3066 qua:

2314 3081 2428 3152 jam
2452 3099 2591 3153 pene
2611 3085 2886 3141 destructa
2908 3093 3045 3152 erat,
3075 3102 3239 3156 quam
3265 3091 3478 3159 operui.
3509 3091 3676 3145 Aliam
3695 3103 3866 3160 quoque

625 3199 790 3254 quam
817 3184 871 3237 in
901 3182 1145 3237 aediﬁciis
1170 3192 1223 3237 et
1243 3184 1454 3238 ueteris
1483 3184 1864 3239 ecclesiasticis
1891 3184 2224 3239 ministeriis.
2255 3185 2303 3249 C
2332 3174 2550 3229 domum
2578 3191 2701 3230 cum
2728 3176 2926 3232 SOlal‘iO
2959 3178 3238 3246 mdiﬁcavi,
3271 3188 3327 3234 ει
3347 3181 3641 3252 duplicaVi;
3672 3189 3720 3235 ει
3756 3182 3870 3234 hanc

624 3274 740 3345 Ego
761 3273 1094 3328 humillimus
1108 3274 1352 3328 servulus
1370 3282 1568 3340 vester,
1586 3282 1871 3344 postquam
1889 3274 2086 3330 ibidem
2097 3289 2222 3345 per-

627 3366 772 3431 veni,
802 3381 922 3435 qua:
947 3381 1070 3421 cum
1099 3366 1194 3419 Dei
1223 3365 1490 3434 adiutorio
1526 3373 1580 3421 et
1601 3375 1782 3422 vestro
1809 3367 1993 3437 peregi
2016 3365 2216 3421 audite.

626 3457 915 3524 Quoniam,
944 3467 1003 3513 ut
1030 3459 1305 3528 inspector
1332 3458 1786 3514 conscientiarum
1815 3458 2076 3512 Dominus
2096 3473 2218 3513 om-

623 3551 874 3620 nipotens
899 3551 1031 3605 mihi
1062 3551 1215 3605 testis
1244 3559 1346 3615 est,
1375 3567 1483 3606 non
1513 3551 1607 3605 tali
1634 3551 1933 3606 intentione
1971 3567 2035 3606 ea
2064 3551 2219 3607 vobis

625 3643 893 3714 patefacio
924 3657 1044 3714 quae
1085 3642 1328 3697 dicturus
1382 3659 1517 3707 sum,
1545 3651 1605 3697 ut
1644 3652 1931 3714 propterea
1975 3644 2028 3697 in
2061 3643 2222 3698 rebus

629 3735 813 3799 augeri
841 3746 1091 3799 merear;
1124 3749 1300 3802 neque
1327 3733 1472 3789 aliud
1499 3735 1609 3790 tale
1651 3735 1704 3788 in
1746 3736 2072 3805 cogitatione
2101 3749 2222 3790 mea

629 3823 928 3891 composui,
957 3833 1020 3878 ut
1049 3827 1424 3895 acquisitionis
1451 3827 1585 3881 mihi
1611 3829 1825 3882 occasio
1848 3828 1939 3893 sit,
1975 3842 2074 3882 nec
2099 3843 2223 3898 sug-

629 3937 790 3991 gero,
851 3919 1104 3988 quoniam
1146 3920 1386 3989 quotidie
1435 3921 1642 3976 exitum
1693 3937 1721 3975 a
1766 3922 1929 3977 rebus
1973 3921 2224 3976 humanis

630 4012 894 4082 srspicor,
925 4021 1146 4081 propter
1176 4011 1545 4066 inﬁrmitatem
1573 4029 1773 4077 meam,
1803 4021 1858 4068 et
1890 4013 2224 4068 incessanter

621 4103 695 4156 de
740 4111 916 4156 morte
955 4110 1238 4173 suspectus
1275 4119 1414 4158 sum.
1463 4105 1530 4158 Et
1575 4104 1696 4160 ideo
1739 4104 1856 4160 haec
1883 4120 2133 4175 suggero,
2163 4112 2224 4159 ut

629 4207 755 4248 cum
776 4194 1174 4265 benignissimis
1197 4196 1419 4251 auribus
1439 4197 1636 4251 vestris
1656 4195 1978 4266 praesentata
1999 4195 2220 4264 fuerint,

629 4293 686 4340 et
713 4285 1006 4340 clementer
1038 4286 1299 4355 inspecta,
1341 4287 1388 4342 si
1429 4303 1536 4357 qua
1561 4289 1699 4344 bene
1725 4296 1780 4343 et
1805 4290 2098 4345 secundum
2123 4305 2221 4345 vo-

630 4377 892 4433 luntatem
920 4385 1160 4433 vestram
1203 4378 1366 4450 gessi,
1405 4388 1528 4450 post
1571 4396 1754 4436 meum
1793 4381 2089 4438 discessum
2114 4397 2221 4437 non

635 4469 908 4535 deﬁciant,
934 4479 1026 4525 aut
1054 4481 1300 4539 pereant.

2324 3274 2546 3336 propter
2572 3282 2669 3322 vos
2691 3269 2912 3338 paravi;
2938 3277 2999 3323 ut
3023 3269 3070 3324 si
3089 3269 3144 3324 in
3173 3270 3277 3326 illis
3304 3274 3550 3341 partibus
3569 3280 3735 3328 vester
3753 3279 3872 3325 esset

2323 3359 2607 3424 adventus,
2644 3359 2697 3413 in
2736 3374 2800 3414 ea
2845 3361 3046 3431 suscipi
3087 3364 3340 3432 possetis.
3373 3364 3654 3418 Claustrum
3679 3376 3874 3433 quoque

2322 3455 2644 3510 clericorum
2690 3457 2991 3523 construxi,
3033 3457 3087 3511 in
3117 3474 3226 3528 quo
3266 3475 3456 3514 omnes
3502 3473 3634 3513 nunc
3656 3459 3748 3512 sub
3771 3472 3871 3510 uno

2322 3549 2567 3604 conclavi
2612 3565 2834 3605 manere
2878 3560 3196 3606 noscuntur.
3223 3552 3280 3606 In
3311 3553 3504 3608 eadem
3531 3553 3732 3608 civitate
3760 3551 3874 3604 alias

2322 3642 2621 3696 restauravi
2644 3642 2902 3698 ecclesias
2929 3660 2942 3696 :
2970 3660 3134 3698 unam
3161 3644 3383 3714 quidem
3409 3645 3460 3698 in
3496 3645 3744 3700 honorem
3770 3659 3874 3697 san-

2323 3740 2424 3786 ctae
2452 3733 2692 3797 Eulalim,
2715 3733 2807 3788 ubi
2833 3732 2934 3788 fuit
2965 3735 3354 3790 monasterium
3376 3736 3696 3806 puellarum,
3725 3736 3773 3789 in
3797 3734 3872 3787 ho-

2323 3839 2510 3878 norem
2555 3825 2726 3879 sancti
2775 3825 3012 3896 Georgii,
3047 3841 3211 3895 quam
3239 3827 3304 3882 de
3349 3843 3491 3882 novo
3518 3826 3721 3898 Operui,
3750 3835 3797 3880 et
3826 3839 3874 3876 ex

2323 3925 2477 3986 parte
2500 3917 2763 3971 macerias
2782 3915 2900 3985 ejus
2922 3933 2953 3971 a
2977 3916 3346 3973 fundamentis
3365 3919 3537 3973 erexi.
3562 3919 3683 3974 Alia
3702 3930 3873 3988 quoque

2325 4009 2516 4064 domus
2544 4009 2598 4063 in
2633 4010 2893 4065 honorem
2921 4010 3094 4065 sancti
3131 4010 3284 4064 Pauli
3311 4011 3376 4066 de
3415 4027 3558 4067 novo
3603 4018 3776 4080 operta
3796 4016 3873 4062 est.

2397 4099 2782 4155 Monasterium
2807 4116 3023 4171 quoque
3041 4100 3340 4170 puellarum
3381 4102 3436 4156 in
3459 4101 3721 4157 honorem
3740 4096 3874 4154 sancti

2323 4190 2470 4246 Petri
2535 4192 2838 4247 dedicatum
2862 4233 2877 4259 ,
2935 4195 3028 4249 ubi
3088 4209 3285 4264 corpus
3346 4195 3520 4248 sancti
3582 4191 3877 4249 Annemundi

2322 4284 2578 4356 martyris
2625 4285 2902 4339 humatum
2952 4295 3068 4352 est,
3115 4287 3260 4356 quod
3306 4287 3421 4356 ipse
3449 4296 3678 4342 sanctus
3719 4293 3880 4352 martyr

2323 4383 2378 4430 et
2430 4377 2712 4446 episcopus
2767 4377 3027 4442 instituit,
3071 4393 3170 4448 ego
3204 4395 3235 4432 a
3270 4377 3646 4434 fundamentis
3687 4387 3787 4433 tam
3817 4391 3881 4430 ec-

2325 4468 2545 4522 clesiam
2575 4484 2740 4539 quam
2784 4469 3002 4523 domum
3042 4471 3364 4536 restauravi,
3396 4471 3489 4526 ubi
3534 4487 3686 4526 nunc
3726 4466 3882 4524 sancti-

701 4563 942 4632 Denique
975 4572 1280 4632 postquam,
1317 4565 1610 4620 secundum
1633 4563 1932 4632 jussionem
1959 4573 2215 4628 vestram,
2250 4555 2302 4613 D
2326 4561 2588 4615 moniales
2615 4576 2842 4615 numero
2869 4561 3087 4632 triginta
3110 4561 3251 4627 duae,
3296 4563 3600 4618 secundum
3631 4559 3882 4618 institutio-

632 4655 974 4726 szepedictam
1002 4655 1303 4710 Ecclesiam
1334 4657 1566 4727 suscepi,
1587 4655 1742 4726 juxta
1771 4657 1914 4711 vires
1939 4657 2222 4725 parvitatis

632 4762 768 4801 meae
795 4747 943 4801 omni
981 4747 1246 4801 industria
1275 4747 1381 4816 egi,
1404 4755 1464 4800 ut
1484 4747 1709 4801 clericos
1735 4745 1992 4800 ofﬁciales
2018 4746 2223 4814 potuis-

632 4851 746 4890 sem
774 4837 913 4891 sicut
941 4835 1055 4905 jam
1097 4838 1207 4892 Deo
1239 4836 1451 4891 favente
1476 4852 1544 4891 ex
1571 4851 1764 4905 magna
1796 4844 1948 4904 parte
1975 4835 2104 4889 mihi
2128 4836 2223 4889 ha-

632 4928 759 4982 bere
783 4929 988 4984 videor.
1023 4929 1090 4983 Et
1117 4929 1240 4983 ideo
1267 4927 1450 4984 ofﬁcio
1476 4922 1669 4983 vestra:
1696 4928 1914 4998 pietatis
1935 4927 2136 4998 placuit
2165 4936 2225 4982 ut

631 5020 700 5074 ad
728 5021 1044 5090 petitionem
1085 5037 1262 5076 meam
1287 5021 1422 5075 mihi
1461 5019 1829 5075 concederetis
1853 5019 2094 5075 redditus
2131 5021 2224 5091 qui

633 5111 701 5165 ab
746 5112 970 5181 antiquo
1016 5111 1230 5167 fuerant
1283 5112 1350 5167 de
1405 5110 1746 5182 Lugdunensi
1799 5111 2037 5166 Ecclesia
2079 5129 2092 5164 :
2127 5127 2226 5182 per

633 5218 817 5271 quam,
850 5203 963 5258 Deo
985 5203 1230 5271 juvante,
1270 5211 1327 5258 et
1357 5203 1603 5258 mercede
1632 5211 1810 5257 vestra
1839 5211 2127 5269 annuente,
2166 5203 2224 5258 in

637 5291 982 5363 Lugdunensi
1009 5293 1251 5350 Ecclesia
1289 5301 1371 5348 est
1402 5293 1534 5348 ordo
1574 5293 1831 5362 psallendi
1869 5295 2221 5361 instauratus,

634 5390 695 5438 ut
723 5384 877 5454 juxta
898 5384 1044 5440 vires
1068 5393 1284 5440 nostras
1325 5383 1620 5439 secundum
1658 5385 1822 5439 ritum
1863 5386 2002 5441 sacri
2029 5385 2225 5441 Palatii

634 5473 783 5529 omni
809 5490 874 5530 ex
900 5483 1054 5544 parte
1082 5475 1168 5546 agi
1189 5475 1438 5530 videatur
1458 5475 1715 5546 quidquid
1743 5476 1810 5531 ad
1840 5477 2079 5533 divinum
2108 5492 2228 5548 per-

637 5564 949 5621 solvendum
975 5564 1214 5620 ofﬁcium
1252 5567 1386 5622 ordo
1411 5567 1672 5637 exposcit.
1701 5567 1837 5622 Nam
1864 5569 2038 5624 habeo
2063 5570 2226 5624 scho-

637 5657 720 5714 las
741 5665 1045 5724 cantorum,
1077 5672 1145 5712 ex
1170 5659 1364 5728 quibus
1389 5659 1632 5730 plerique
1660 5659 1733 5714 ita
1761 5669 1886 5717 sunt
1910 5661 2130 5728 eruditi,
2166 5669 2228 5717 ut

640 5748 774 5805 alios
801 5750 967 5805 etiam
992 5747 1208 5804 erudire
1246 5750 1471 5819 possint.
1521 5749 1723 5806 Praeter
1748 5750 1864 5808 haec
1891 5767 2021 5808 vero
2051 5752 2224 5810 habeo

709 5851 738 5881 ι
771 5839 854 5896 Ex
879 5841 1314 5914 Baluzioprima.

2106 6003 2180 6013 ινα-τ
2221 6002 2230 6007 ο

2322 4670 2446 4708 nem
2476 4653 2778 4724 regularem
2808 4653 3069 4719 viventes,
3115 4655 3363 4710 habitare
3388 4655 3667 4712 videntur.
3699 4656 3760 4710 Et
3793 4666 3880 4706 mo-

2322 4747 2624 4802 nasterium
2667 4745 2846 4816 regale
2891 4745 3082 4800 insulae
3125 4746 3376 4803 Barbam
3412 4746 3622 4819 (situm
3655 4749 3709 4803 in
3747 4742 3885 4801 medio

2323 4837 2510 4893 Araris
2540 4836 2706 4901 fluvii,
2731 4836 2872 4906 quod
2893 4836 3190 4906 antiquitus
3211 4847 3296 4892 est
3326 4837 3647 4894 dedicatum
3675 4840 3730 4892 in
3755 4837 3885 4890 bono-

2326 4948 2440 4986 rem
2462 4933 2632 4987 sancti
2660 4931 2892 4985 Andreae
2921 4930 3146 5000 apostoli
3176 4939 3230 4985 et
3257 4931 3499 4984 omnium
3527 4930 3887 5003 apostolorum,

2323 5042 2469 5081 nunc
2499 5033 2677 5080 autem
2704 5025 2759 5078 in
2804 5025 3065 5079 honorem
3096 5024 3268 5078 sancti
3299 5023 3517 5078 Martini
3548 5039 3747 5079 recens
3775 5018 3890 5071 vidc-

2326 5125 2416 5170 tur
2441 5131 2560 5171 esse
2603 5115 2884 5170 fundatum
2926 5114 3080 5184 jussu
3111 5116 3293 5170 domni
3325 5114 3503 5170 Caroli
3554 5110 3889 5188 imperatoris,

2326 5207 2418 5276 qui
2445 5207 2644 5260 ibidem
2682 5205 2925 5276 praefecit
2953 5207 3230 5262 dominum
3271 5206 3631 5261 Benedictum
3654 5207 3888 5262 abbatem,

2326 5314 2447 5354 cum
2479 5314 2584 5368 quo
2624 5299 2785 5354 simul
2830 5299 3028 5355 direxit
3054 5300 3128 5356 ibi
3171 5315 3299 5356 suos
3327 5299 3568 5372 codices)
3603 5301 3682 5354 ita
3711 5306 3893 5354 restau-

2326 5390 2460 5455 ravi,
2491 5399 2552 5445 ut
2576 5398 2719 5446 tecta
2744 5392 2812 5446 de
2836 5406 2977 5446 novo
3002 5391 3222 5456 fuerint,
3250 5399 3305 5446 et
3327 5390 3510 5461 aliqua
3550 5392 3622 5446 de
3677 5385 3897 5445 maceriis

2326 5498 2357 5536 a
2388 5481 2752 5537 fundamentis
2779 5491 2992 5549 erecta;
3017 5483 3109 5538 ubi
3154 5498 3299 5537 nunc
3343 5481 3602 5536 monachi
3631 5477 3898 5536 secundum

2326 5573 2628 5646 regularem
2671 5574 3008 5645 disciplinam
3052 5589 3280 5630 numero
3330 5575 3625 5644 nonaginta
3680 5572 3900 5627 habitare

2326 5668 2595 5722 videntur.
2649 5666 2746 5723 Cui
2785 5668 2949 5722 etiam
2992 5667 3174 5722 abbati
3224 5665 3544 5721 tradidimus
3595 5669 3899 5736 potestatem

2328 5758 2525 5832 ligandi
2559 5768 2615 5815 et
2633 5759 2876 5817 solvendi
2901 5760 2980 5816 uti
3018 5759 3325 5817 habuerunt
3353 5759 3794 5829 praedecessore:
3815 5751 3901 5815 sui.
3970 5825 3971 5832 η
