4012 6364
148 358 263 415 873

1604 343 1980 401 EPISTOLJE.

3303 363 3409 422 874

148 469 368 529 scilicet
407 467 749 534 Ambrosius,
783 465 1120 531 Maximinus,
1161 463 1418 529 Licinius,
1446 459 1732 518 clarissimi
1757 465 1809 522 Λ
1902 463 1966 518 II.
1998 465 2240 521 Vestram
2285 468 2466 538 itaque
2502 471 2952 542 sapientissimam
2992 477 3412 537 admonitionem

149 563 285 627 viri,
330 560 421 631 qui
468 562 641 632 ipsum
684 561 861 615 locum
892 566 1149 614 rexerunt
1184 572 1198 611 :
1238 572 1373 628 quos
1422 556 1739 620 Eucherius,

152 653 366 724 Lupus,
410 662 569 723 atque
612 652 894 715 Genesius,
942 651 1225 720 exterique
1255 649 1488 719 episcopi
1532 647 1744 719 Lugdu-

152 759 380 810 nenses,
406 743 499 799 ubi
527 743 629 812 ipsi
657 744 898 809 deerant,
946 751 1039 796 aut
1082 756 1189 796 non
1234 748 1485 810 poterant
1533 740 1739 802 adesse,

154 837 451 893 mittebant
474 835 783 907 cognituros
808 842 988 889 utrum
1013 834 1280 889 catholica
1304 832 1436 887 ﬁdes
1460 838 1603 886 recte
1629 844 1744 885 cre-

155 928 403 991 deretur,
435 940 503 981 ne
528 924 674 980 fraus
696 925 947 980 haeretica
984 924 1284 994 pullularet.
1329 922 1533 989 Quibus
1556 921 1660 975 illis
1688 920 1742 973 in

156 1025 373 1071 tantum
402 1025 522 1073 erat
548 1002 832 1071 commissa
875 1031 1025 1080 cura,
1058 1024 1118 1069 ut
1161 1015 1207 1068 si
1256 1012 1493 1067 Ecclesia
1528 1006 1742 1081 Lugdu-

156 1106 350 1159 nensis
391 1104 707 1159 viduaretur
754 1103 971 1174 proprio
1022 1109 1270 1172 patrono,
1318 1099 1417 1168 ipsi
1451 1099 1505 1152 in
1535 1098 1744 1153 cunctis

156 1195 417 1249 adessent
445 1202 705 1258 rectores,
730 1200 784 1247 et
804 1180 1186 1255 consolatores,
1211 1203 1487 1259 quousque
1506 1187 1744 1244 Ecclesia

156 1303 191 1341 a
221 1288 455 1342 Domino
479 1284 789 1356 dignissimo
817 1284 1174 1337 illustraretur
1200 1289 1434 1351 pastore.
1466 1278 1573 1333 Nos
1598 1279 1745 1333 simi-

156 1379 287 1435 liter
313 1378 546 1449 posteris
592 1375 806 1431 illorum
856 1375 996 1429 hanc
1043 1379 1364 1442 potestatem
1402 1369 1740 1424 tradidimus.

154 1472 387 1540 insuper
423 1466 683 1537 jussimus
739 1466 853 1521 fieri
918 1466 1131 1520 decreta
1194 1464 1495 1534 priscorum
1560 1476 1745 1532 regum

155 1559 431 1625 Francia,
481 1566 541 1613 ut
580 1556 1030 1628 quemadmodum
1075 1555 1178 1625 ipsi
1227 1560 1531 1611 statuerunt
1573 1551 1745 1607 moni-

156 1659 348 1705 menta
390 1648 601 1703 emendi
636 1655 693 1702 et
719 1647 944 1718 augendi
982 1646 1157 1701 locum
1196 1646 1250 1699 in
1280 1645 1527 1700 omnibus
1560 1644 1741 1709 rebus,

156 1753 297 1809 quas
328 1738 396 1792 ad
424 1753 661 1808 praesens
684 1738 883 1792 habere
910 1735 1177 1801 videntur,
1206 1736 1289 1790 vel
1324 1736 1377 1789 in
1408 1734 1609 1799 futuro,
1634 1734 1745 1788 Deo

1842 556 1988 610 omni
2016 572 2200 613 amore
2237 560 2545 629 amplexati,
2594 564 2747 619 valde
2800 565 3051 622 admirati
3081 584 3265 625 sumus
3291 589 3416 642 pro-

1843 649 2159 705 funditatem
2184 659 2375 705 vestra:
2402 663 2601 708 sanctzn
2627 656 3091 714 considerationis.
3131 661 3276 717 Inter
3302 666 3419 721 haec

1845 742 2039 813 igitur,
2080 757 2200 797 cum
2247 743 2499 813 ingenioli
2552 746 2723 799 nostri
2761 750 3121 818 przepediente
3165 754 3420 812 tarditate

1844 849 1950 888 non
1999 836 2131 889 satis
2167 834 2445 891 advertere
2472 838 2855 906 potuissemus,
2901 851 3079 896 utrum
3111 844 3212 898 ista
3239 856 3417 903 vestra

1844 923 2469 982 laudabilis'admonitio
2519 930 2921 998 responsionem
2968 950 2999 987 a
3035 936 3190 991 nobis
3237 939 3418 1005 vellet,

1844 1031 1912 1069 an
1956 1017 2325 1071 tantummodo
2361 1026 2601 1073 nostram
2642 1021 2799 1075 nobis
2845 1023 3171 1092 imperitiam
3223 1044 3421 1099 cogno-

1844 1108 2094 1161 scendam
2143 1110 2563 1163 commendare:
2597 1110 2699 1164 hac
2750 1113 3099 1181 ambiguitate
3150 1122 3396 1189 suspensi

1844 1198 2046 1254 nullum
2071 1200 2399 1270 probabilius
2419 1200 2699 1255 consilium
2721 1241 2736 1265 ,
2771 1211 2829 1255 ut
2857 1205 3214 1261 nobis.tamen
3244 1210 3421 1265 visum

1844 1300 1947 1357 est,
1993 1292 2230 1361 reperire
2277 1294 2569 1362 potuimus,
2598 1310 2761 1364 quam
2804 1304 2862 1349 ut
2911 1312 2975 1351 ea
3026 1314 3143 1367 quae
3188 1316 3284 1369 per
3326 1317 3424 1359 vos

1846 1384 2192 1449 cognovimus
2240 1400 2345 1438 non
2396 1384 2634 1453 legitime
2676 1403 2705 1441 a
2750 1389 2904 1443 nobis
2951 1388 3115 1445 fuisse
3166 1406 3423 1461 responsa

1843 1474 2014 1543 prius,
2052 1472 2207 1543 juxta
2235 1475 2583 1543 pusillitatem
2611 1492 2801 1532 sensus
2850 1480 3044 1546 nostri,
3076 1482 3129 1535 in
3158 1492 3422 1551 quantum

1844 1566 2126 1622 videbatur
2153 1567 2569 1635 explicaremus;
2610 1584 2673 1623 ac
2715 1570 2968 1640 deinceps
3004 1572 3087 1628 bis
3118 1574 3313 1630 litteris
3340 1591 3426 1631 se—

1845 1656 2143 1710 renissima:
2171 1656 2469 1710 clementiae
2513 1667 2709 1712 vestrzc
2755 1659 3137 1727 iudicaremus,
3170 1679 3289 1731 quae
3334 1664 3426 1719 du-

1847 1746 2059 1811 bitatio,
2089 1746 2174 1801 vel
2203 1746 2382 1815 potius
2423 1762 2542 1816 qua:
2570 1750 2865 1805 necessitas
2888 1768 2986 1807 nos
3023 1762 3325 1810 arctaverat
3357 1756 3423 1811 ad

157 1827 476 1893 animante.
514 1826 796 1896 δαιιιὶιθτθ
822 1833 1092 1897 Puerum.
1128 1826 1245 1880 είηε
1273 1824 1379 1879 una
1405 1824 1739 1894 querimonia
1770 1808 1814 1867 Β
1846 1836 2185 1892 scribendum
2213 1852 2277 1891 ea
2305 1852 2424 1907 qua:
2453 1839 2507 1892 in
2547 1840 2818 1906 prioribus
2858 1844 3298 1912 responsionibus
3327 1861 3425 1900 no-

158 1932 258 1989 per
288 1919 487 1975 saecula
513 1920 843 1990 possideant.

714 2042 741 2070 ι
764 2029 1095 2085 EPISTOLA
1132 2031 1194 2085 ll.

450 2099 479 2140 ιι
508 2116 638 2155 ιτει
674 2116 741 2154 an
780 2116 1021 2156 cmowu
1063 2118 1462 2159 IIPERATOREM.

231 2192 464 2248 Domino
513 2191 894 2263 gloriosissimo
918 2201 973 2247 et
991 2208 1118 2247 vere
1142 2194 1383 2263 piissimo
1408 2195 1743 2264 imperatori,

162 2293 219 2342 et
228 2285 283 2341 in
295 2284 517 2341 Christo
527 2284 735 2348 victori,
755 2300 819 2339 ac
831 2284 1209 2354 triumphatori
1225 2285 1598 2351 invictissime,
1611 2300 1747 2340 sem-

164 2392 261 2449 per
285 2384 537 2447 augusto,
563 2376 876 2442 Leidradus,
908 2375 1034 2431 licet
1058 2375 1327 2446 indignus,
1358 2376 1535 2431 divina
1566 2384 1744 2431 tamen

164 2467 568 2536 dispensatione
588 2474 642 2521 et
671 2474 849 2521 vestra
876 2466 1223 2522 miseratione
1248 2464 1618 2536 Lugdunensis
1644 2466 1746 2521 Ec-

167 2559 346 2616 clesiae
364 2560 668 2629 episcopus.

239 2652 281 2706 l.
315 2652 775 2708 Christianissima
824 2662 879 2708 et
927 2653 1258 2709 admirabilis
1301 2654 1487 2726 religio
1529 2664 1744 2721 vestra,

171 2751 332 2811 atque
357 2742 410 2796 in
438 2741 607 2796 Deum
629 2742 1001 2799 ardentissima
1028 2744 1160 2799 fides
1190 2745 1368 2799 divina
1399 2744 1748 2813 inspiratione

178 2841 401 2898 attacta,
434 2843 488 2889 et
518 2834 758 2904 piissima
789 2834 1145 2891 sollicitudine
1170 2843 1434 2906 permota,
1471 2834 1631 2903 jussit
1650 2851 1749 2890 nu-

176 2938 282 2994 per
307 2924 500 2992 aliquid
523 2940 619 2979 nos
652 2925 718 2979 de
745 2924 1097 2979 sacramentis
1138 2932 1338 2979 nostrae
1385 2924 1748 2978 renovationis

172 3012 248 3068 ad
276 3022 481 3068 vestras
500 3013 872 3085 sagacissimas
902 3014 1274 3083 inquisitiones
1298 3014 1642 3084 respondere.
1667 3015 1749 3070 Ad

1844 1928 1972 1982 stris
1999 1928 2177 1983 minus
2203 1927 2365 1983 fuisse
2393 1944 2487 1998 per
2515 1945 2611 1985 vos
2626 1933 2989 1999 cognovimus.
3006 1934 3206 1989 Deinde
3232 1934 3429 2004 glorio-

1845 2019 2060 2075 sissimo
2107 2022 2415 2091 conspectui
2461 2031 2645 2077 vestro
2694 2023 2999 2090 destinatis,
3043 2024 3087 2079 si
3129 2027 3422 2080 secundum

1840 2111 2136 2180 jussionem
2172 2119 2411 2167 vestram
2468 2111 2693 2167 fecimus
2733 2122 2825 2167 aut
2882 2130 3009 2179 non,
3060 2128 3185 2171 ecce
3236 2118 3431 2171 adsunt

1844 2200 1900 2255 in
1946 2209 2235 2269 conspectu
2266 2201 2451 2271 gloria:
2476 2209 2691 2266 vestrae,
2715 2212 2771 2257 et
2817 2219 2880 2259 ea
2927 2220 3046 2274 qua:
3076 2205 3127 2258 in
3156 2205 3430 2275 prioribus

1844 2292 2022 2347 minus
2069 2290 2306 2355 fuerunt,
2338 2300 2392 2346 et
2422 2305 2589 2360 quare
2618 2309 2760 2347 nunc
2789 2309 2851 2349 ea
2892 2294 3127 2349 scribere
3158 2301 3213 2348 et
3255 2301 3432 2348 trans-

1846 2383 2063 2437 mittere
2085 2382 2223 2447 ausi,
2257 2382 2364 2436 imo
2393 2382 2565 2437 coacti
2590 2397 2793 2438 sumus.
2820 2383 2970 2449 Quod
3001 2384 3044 2438 si
3074 2398 3139 2437 ea
3168 2382 3431 2453 aliquate-

1846 2483 1947 2528 nus
1982 2482 2178 2528 vestrae
2211 2472 2472 2528 voluntati
2512 2467 2885 2528 convenientia
2928 2474 3203 2544 judicatis,
3241 2488 3407 2529 secun

1846 2568 1973 2622 dum
2002 2565 2397 2621 indeficientem
2417 2567 2730 2620 thesaurum
2761 2566 3020 2621 bonitatis
3047 2574 3241 2619 vestra:
3267 2564 3319 2618 id
3344 2563 3429 2618 fa-

1848 2658 1988 2712 citis.
2015 2656 2110 2712 Sin
2140 2665 2319 2711 autem
2354 2672 2493 2711 vana
2538 2666 2592 2711 et
2630 2657 2807 2711 minus
2835 2656 3008 2720 utilia,
3037 2655 3175 2711 sicut
3205 2654 3428 2710 forsitan

1847 2761 2115 2815 sunt,-nos
2136 2752 2382 2806 novimus
2400 2760 2455 2804 et
2477 2750 2796 2805 conﬁtemur
2819 2749 3215 2804 multitudinem
3238 2748 3292 2803 id
3312 2762 3433 2817 pro-

1848 2843 2046 2897 mereri
2077 2842 2359 2912 imperitiaa
2388 2849 2607 2907 nostrae,
2638 2843 2728 2909 qui
2758 2849 2995 2895 vestram
3016 2840 3348 2912 voluntatem
3377 2848 3432 2895 et

1851 2941 2092 2987 tenorem
2145 2933 2420 2987 servitutis
2466 2942 2664 2987 nostrte
2716 2933 2892 2986 minus
2928 2908 3206 2986 advertere
3244 2947 3434 3001 possu-

1851 3037 1989 3075 mus.
2034 3021 2352 3091 Quanquam
2381 3023 2484 3077 etsi
2513 3024 2878 3087 adirertamus,
2906 3037 3243 3092 nequaquam
3273 3020 3433 3076 simul

170 3120 310 3175 quas
339 3119 440 3158 nos
484 3103 619 3213 nihil
664 3104 984 3213 condignum
1020 3105 1398 3170 intelleximus,
1450 3106 1555 3159 nisi
1604 3106 1745 3213 quod
1775 3150 1822 3213 Ο
1855 3110 2032 3165 idonei
2060 3112 2127 3166 ad
2150 3112 2582 3182 respondendum
2611 3122 2803 3168 vestrae
2826 3122 2935 3166 tam
2964 3112 3357 3167 sublimissimae
3380 3121 3438 3167 et

170 3209 273 3249 nec
300 3194 628 3263 respondere
672 3192 961 3259 facilitatis,
990 3209 1089 3248 nec
1117 3194 1453 3248 dissimulare
1479 3192 1747 3248 facultatis

168 3292 373 3340 nostrae
407 3300 529 3340 esse
558 3286 943 3354 perspeximus.
980 3285 1216 3339 Tandem
1246 3285 1374 3339 licet
1400 3286 1467 3339 ad
1494 3294 1748 3339 neutrum

168 3376 369 3439 idonei,
396 3376 550 3445 juxta
592 3376 934 3447 exiguitatem
979 3384 1160 3431 tamen
1191 3376 1461 3448 ingenioli,
1498 3376 1619 3430 ﬁdei
1654 3390 1751 3430 no-

164 3474 299 3522 strae
322 3468 584 3522 rationem
596 3467 923 3523 conﬁdenter
943 3469 1115 3532 vobis,
1132 3468 1285 3539 juxta
1302 3468 1443 3537 quod
1464 3468 1748 3531 sentimus,

162 3560 564 3633 patefecimus,
627 3561 1040 3631 prudentissimo
1067 3561 1270 3630 utique,
1331 3560 1631 3630 justissimo
1688 3574 1751 3613 ac

162 3652 419 3723 piiSSimo
463 3652 726 3706 dictorum
750 3650 929 3721 iudici.
962 3654 1067 3707 Vos
1096 3660 1273 3706 autem
1311 3660 1567 3706 consueta
1597 3651 1751 3706 boni-

167 3751 307 3807 tate,
334 3740 531 3796 auditis
564 3743 998 3811 responsionibus
1024 3742 1240 3807 nostris,
1270 3756 1405 3810 quas
1423 3756 1522 3795 nos
1553 3742 1753 3810 absque

164 3832 595 3904 reprehensione
621 3833 805 3901 utique
833 3832 1009 3886 dicere
1034 3846 1139 3885 non
1166 3832 1458 3901 potuimus,
1488 3829 1641 3899 juxta
1666 3828 1753 3883 be-

162 3926 495 3996 nignitatem
524 3930 776 3989 vestram,
807 3938 911 3992 qua
951 3930 1172 3977 cunctos
1215 3920 1468 3975 mortales
1515 3918 1751 3981 anteitis,

164 4024 437 4087 tanquam
479 4016 631 4071 vobis
673 4014 900 4084 placitas
944 4013 1164 4067 laudare
1203 4011 1405 4082 dignati
1453 4011 1603 4064 estis.
1646 4007 1756 4063 Nec

164 4118 359 4163 tamen
396 4107 536 4161 inter
566 4107 681 4165 htec
705 4105 938 4177 negastis
964 4103 1118 4159 nobis
1148 4101 1607 4158 amuentissimam
1626 4115 1755 4155 eru—

164 4200 436 4254 ditionem
456 4206 711 4259 vestram,
743 4193 1378 4265 quominusjudicaretis,
1404 4194 1545 4262 quod
1565 4193 1619 4245 in
1647 4191 1753 4256 his,

161 4292 232 4344 ad
270 4304 400 4359 qua:
439 4303 535 4342 vos
562 4287 767 4342 avidius
798 4286 1060 4342 audienda
1097 4284 1392 4355 parabatis,
1438 4290 1623 4336 nostra
1652 4282 1757 4334 im-

160 4380 372 4455 peritia
407 4378 625 4435 minime
670 4376 1009 4433 satisfecerit.
1052 4377 1204 4431 Tunc
1249 4374 1463 4429 demum
1510 4380 1757 4427 nontam

161 4469 446 4543 imperiali
479 4486 638 4539 quam
670 4477 889 4538 paterna
915 4468 1278 4522 admonitione
1304 4466 1639 4519 innotescere
1661 4477 1758 4517 no-

161 4563 252 4618 bis
281 4560 494 4631 dignati
520 4560 670 4626 estis,
700 4559 877 4614 minus
906 4574 1004 4613 nos
1046 4558 1247 4613 dixisse
1289 4558 1355 4610 de
1404 4553 1754 4609 abrenuntia-

162 4653 326 4709 tione
354 4649 549 4704 diaboli
568 4690 584 4715 ,
622 4640 679 4704 et
703 4664 889 4703 earum
915 4665 1035 4718 qua:
1066 4649 1183 4717 ejus
1211 4655 1331 4701 sunt
1364 4660 1563 4710 rerum,
1595 4658 1759 4713 quam

160 4750 359 4798 vestra
391 4740 562 4810 pietas
604 4740 845 4809 optabat.
886 4738 1246 4793 Intelleximus
1294 4736 1474 4805 itaque
1518 4741 1640 4804 post
1668 4748 1761 4787 ve—

161 4844 352 4890 stram
378 4832 816 4903 benignissimam
842 4832 1278 4895 admonitionem,
1320 4829 1445 4897 quia
1486 4829 1551 4882 de
1585 4825 1754 4896 operi-

162 4926 274 4981 bus
329 4933 384 4977 et
431 4924 639 4993 pompis
690 4922 885 4977 diaboli
934 4921 1277 4990 multiplicius
1328 4918 1761 4989 respondendum

162 5026 320 5081 erat,
352 5031 515 5085 quam
548 5015 614 5069 de
644 5014 852 5069 ueteris
880 5014 1041 5067 rebus
1075 5030 1086 5065 :
1118 5012 1371 5082 quoniam
1399 5026 1499 5082 per
1541 5025 1635 5064 eas
1663 5024 1759 5061 cu-

162 5109 455 5181 piditates,
486 5114 540 5160 et
572 5121 670 5176 per
712 5105 1031 5174 cupiditates
1058 5101 1309 5157 scandala
1337 5101 1521 5155 mundi
1546 5099 1762 5153 crebre-

165 5208 341 5256 scnnt
389 5196 657 5266 quotidie,
704 5204 758 5249 et
806 5195 948 5263 quod
989 5192 1139 5262 pejus
1186 5200 1284 5255 est,
1329 5191 1470 5244 inter
1512 5188 1763 5244 Ecclesia:

167 5302 461 5353 rectores,
511 5297 566 5343 et
610 5286 917 5357 reipublicae
970 5284 1434 5339 administratores
1483 5280 1763 5336 discordia:

164 5387 432 5442 oriuntur
456 5400 469 5446 ;
502 5390 557 5436 et
580 5382 721 5452 quod
757 5379 932 5434 adhuc
957 5381 1150 5433 horum
1179 5386 1263 5434 est
1286 5377 1597 5448 pessimum,
1626 5376 1765 5429 inter

166 5477 436 5532 doctores
460 5481 514 5528 et
541 5472 815 5527 auditores
841 5471 961 5525 odia
1000 5484 1059 5524 se
1095 5470 1443 5533 interserunt,
1472 5464 1765 5522 inimicitia:

167 5565 553 5629 concitantur,
585 5562 945 5618 detractiones
973 5561 1264 5630 agitantur.

252 5728 285 5758 ι
314 5713 442 5770 Haec
479 5713 688 5769 censeri
728 5712 887 5767 debet
913 5711 1070 5782 quasi
1116 5711 1284 5765 altera
1309 5723 1436 5779 pars
1475 5707 1768 5779 superioris

172 5786 359 5853 libelli
384 5786 453 5842 de
480 5782 774 5855 Baptismo.
1114 5811 1123 5821 ι

516 5880 786 5947 ΡΑτιιοῐ..
833 5874 1033 5959 XCIX
1054 5926 1060 5935 .

1856 3205 2161 3260 inimitabili
2188 3207 2606 3276 investigationi,
2640 3217 2816 3262 tamen
2840 3222 3079 3272 oramus,
3111 3217 3170 3262 ut
3193 3223 3289 3263 vos
3329 3222 3435 3262 non

1852 3296 2039 3359 lateat,
2072 3314 2193 3366 quae
2231 3314 2330 3353 nos
2355 3314 2518 3353 causa
2548 3298 2866 3367 compulerit
2894 3301 2959 3354 ad
2985 3300 3328 3373 scribendum
3366 3300 3435 3355 de

1853 3390 1939 3445 his
1963 3406 2101 3459 quae,
2118 3398 2297 3445 vestra
2316 3405 2413 3444 nos
2439 3390 2721 3444 clementia
2745 3397 2799 3443 et
2828 3398 3050 3458 paterna
3079 3389 3436 3446 sollicitudine

1854 3484 2198 3546 admonente,
2236 3482 2584 3551 cognovimus
2631 3480 2808 3534 minus
2853 3479 3020 3534 fuisse
3066 3481 3120 3534 in
3162 3480 3435 3549 prioribus

1856 3575 1963 3630 illis
1992 3574 2451 3645 responsionibus.

1924 3666 2007 3721 ΙΙΙ.
2039 3664 2497 3723 Dominusnoster
2529 3667 2683 3722 Jesus
2721 3665 2987 3729 Christus,
3023 3664 3175 3732 cujus
3208 3662 3433 3733 egressio

1855 3777 1889 3814 a
1923 3776 2125 3813 summa
2162 3759 2294 3823 creti,
2324 3767 2607 3830 postquam
2633 3758 2877 3828 processit
2923 3766 3170 3825 tanquam
3215 3769 3435 3823 sponsus

1856 3849 1919 3903 de
1947 3850 2177 3903 thalamo
2203 3867 2296 3903 suo
2316 3891 2329 3913 ,
2360 3849 2643 3918 insignitus
2697 3846 2995 3901 humilitate
3027 3852 3081 3898 et
3118 3842 3435 3897 infirmitate

1858 3940 2172 3996 substantia:
2203 3948 2428 4002 nostrae,
2466 3938 2661 3994 bellum
2688 3944 2937 4007 gesturus
2977 3935 3262 3989 adversum
3286 3931 3437 4000 prin-

1857 4030 2031 4101 cipem
2080 4029 2239 4099 hujus
2294 4028 2506 4092 mundi,
2547 4042 2609 4081 ac
2647 4026 2902 4080 mundum
2934 4022 3293 4077 debellaturus
3326 4019 3435 4075 Do-

1858 4121 2029 4174 minus
2059 4120 2209 4188 fortis
2250 4126 2297 4172 et
2321 4126 2521 4187 potens,
2547 4117 2798 4170 Dominus
2828 4124 3007 4185 potens
3033 4114 3089 4166 in
3125 4112 3308 4182 prwlio
3351 4109 3437 4164 fu-

1836 4212 1994 4271 turis
2020 4210 2280 4265 militibus
2307 4210 2437 4274 suis,
2471 4208 2797 4278 fugientibus
2839 4205 3023 4260 mundi
3068 4219 3132 4257 ac
3176 4201 3438 4271 principis

1832 4299 1974 4368 ejus
2021 4301 2391 4365 dominatum,
2451 4299 2602 4353 initia
2658 4297 2923 4368 pactionis
2973 4304 3028 4348 et
3077 4290 3436 4361 expeditionis

1857 4404 2149 4459 exponens,
2178 4390 2286 4442 imo
2323 4403 2628 4463 proponens
2654 4388 2728 4441 ait
2759 4405 2771 4440 :
2798 4386 2901 4451 Qui
2930 4400 3031 4437 non
3062 4381 3435 4435 renuntiaverit

1785 4504 1839 4564 Ι)
1861 4480 2098 4533 omnibus
2126 4496 2241 4550 qua:
2280 4479 2527 4549 possidet,
2570 4496 2673 4532 non
2695 4486 2856 4548 potest
2894 4490 3001 4528 esse
3037 4489 3179 4526 meus
3208 4471 3440 4540 discipu-

1861 4572 1961 4625 lus.
2004 4571 2157 4637 Quod
2182 4572 2398 4641 quidam
2444 4570 2681 4633 audiens,
2713 4569 2789 4621 ait
2828 4567 2904 4620 illi
2939 4584 2952 4617 :
2985 4562 3187 4634 Sequar
3231 4572 3297 4623 te,
3328 4560 3435 4614 Do-

1859 4664 2029 4727 mine;
2058 4662 2147 4716 sed
2185 4664 2409 4732 primum
2438 4662 2671 4732 permitte
2714 4658 2842 4711 mihi
2890 4656 3188 4710 renuntiare
3218 4653 3297 4705 his
3344 4650 3437 4721 qui

1860 4754 2001 4807 domi
2052 4761 2191 4807 sunt.
2226 4752 2425 4807 Sancta
2456 4766 2584 4805 vero
2631 4757 2803 4803 mater
2826 4744 3149 4801 universalis
3192 4741 3437 4797 Ecclesia

1861 4862 1969 4901 non
2000 4846 2157 4900 aliter
2202 4846 2424 4915 suscipit
2470 4843 2525 4897 in
2547 4842 2808 4911 gremium
2835 4840 2902 4894 ad
2938 4853 2997 4894 se
3035 4842 3436 4901 convertentes,

1861 4936 1964 4991 nisi
2014 4936 2164 5006 prius
2216 4932 2597 4989 abrenuntient
2641 4930 2853 4986 diabolo
2879 4937 2933 4984 et
2951 4926 3202 4983 omnibus
3234 4923 3441 4997 angelis

1862 5025 1998 5094 ejus,
2026 5026 2277 5095 operibus
2303 5039 2515 5093 quoque
2564 5032 2725 5092 atque
2754 5021 3019 5076 universis
3056 5019 3269 5090 pompis
3296 5017 3435 5087 ejus.

1838 5156 1841 5159 -
1922 5110 2022 5172 IV.
2054 5115 2414 5171 Discernenda
2442 5123 2566 5168 sunt
2596 5115 2761 5186 igitur
2788 5114 2903 5167 hmc
2944 5112 3080 5176 duo;
3129 5109 3259 5178 quid
3299 5108 3442 5163 inter

1864 5204 2213 5264 se'difl‘erant
2263 5208 2560 5261 renuntiare
2586 5247 2600 5271 ,
2661 5213 2715 5259 et
2765 5205 3149 5258 abrenuntiare.
3201 5200 3440 5266 Quorum

1864 5296 2161 5353 dilferentia
2189 5298 2245 5351 in
2268 5313 2332 5352 eo
2358 5296 2443 5351 vel
2472 5296 2705 5351 maxime
2731 5300 2971 5364 apparet,
3001 5293 3143 5361 quod
3175 5290 3440 5345 renuntia-

1864 5405 1978 5441 mus
2004 5389 2166 5443 rebus
2187 5389 2377 5454 licitis,
2414 5387 2839 5441 abrenuntiamus
2864 5394 3043 5441 autem
3073 5382 3276 5438 illicitis
3313 5398 3326 5433 :
3359 5396 3442 5437 re-

1864 5482 2173 5537 nuntiamus
2196 5480 2585 5544 affectionibus,
2601 5477 3041 5533 abrenuntiamus
3066 5483 3245 5529 autem
3263 5469 3443 5526 illece-

1864 5572 1977 5627 bris
2002 5586 2015 5625 :
2041 5572 2410 5626 renuntiamus
2437 5569 2769 5639 parentibus,
2788 5567 3228 5622 abrenuntiamus
3257 5570 3443 5625 autem

1938 5705 1965 5744 δ
2000 5702 2081 5756 Ex
2101 5699 2375 5757 Analectis
2410 5698 2588 5755 Mabil.

2890 5853 2965 5916 28
