4012 6364
637 357 741 411 879

1647 354 1968 410 LEIDRADI
2005 351 2485 412 LUGDUNENSIS
2524 350 2828 409 EPISCOPI

3781 361 3879 417 880

636 475 806 532 Isaias
828 444 1038 546 pompis
1059 473 1383 530 lascivorum
1406 470 1767 527 comminatur
1790 472 2005 526 dicens:
2049 470 2208 541 Inge-
2239 472 2290 531 Α
2313 467 2566 540 Egypto,
2608 470 2865 539 adsparsa
2901 467 3060 524 cubili
3084 471 3321 541 myrrha,
3351 479 3407 526 et
3447 471 3585 539 aloe,
3626 482 3680 528 et
3705 476 3882 532 cinna-
3967 525 3970 530 .

637 573 880 620 muerunt
904 581 1079 620 omnes
1091 565 1178 635 qui
1202 563 1512 617 laetabantur
1533 562 1705 627 corde,
1727 563 1942 616 cessavit
1964 561 2215 632 gaudium

637 665 1022 729 tympanorum,
1045 659 1232 728 quievit
1255 657 1452 711 sonitus
1480 656 1790 722 ltetantium,
1817 657 2063 710 conticuit
2091 654 2214 710 dul-

636 747 763 804 cedo
787 749 1002 803 cithara:
1023 765 1140 801 cum
1168 747 1390 810 cantico,
1441 761 1543 799 non
1574 744 1741 800 bibent
1769 746 1946 800 vinum
1976 758 1993 795 :
2031 749 2215 798 amara

637 839 736 893 erit
777 840 915 909 potio
941 836 1223 891 bibentibus
1252 835 1417 902 illam,
1441 837 1621 890 attrita
1645 847 1720 890 est
1763 837 1942 893 citatas
1968 835 2216 891 vanitatis

584 939 588 942 ’
639 933 775 1006 (Isa.
810 950 955 999 xxrv,
994 934 1171 1003 7-10).

594 1042 600 1048 ·
709 1026 846 1081 XIV.
897 1025 1100 1080 Nomen
1119 1034 1299 1079 autem
1335 1041 1542 1097 pompae
1565 1025 1837 1080 invenitur
1861 1023 2024 1078 etiam
2053 1022 2108 1076 in
2137 1021 2217 1077 di-

583 1121 588 1124 ’
638 1119 778 1174 vinis
804 1109 1040 1186 litteris,
1061 1120 1200 1174 sicut
1226 1129 1310 1174 est
1337 1119 1465 1172 illud
1516 1120 1570 1173 in
1597 1118 1802 1189 psalmo
1821 1132 2007 1181 χχχιιι,
2033 1108 2035 1110 ’
2060 1115 2215 1186 juxta

572 1195 586 1252 θ
638 1212 945 1270 hebraicam
963 1222 1140 1268 tamen
1157 1213 1586 1267 translationem:
1612 1210 1807 1264 Beatus
1833 1210 1914 1264 vir
1933 1210 2023 1280 qui
2043 1208 2213 1277 posuit

571 1287 584 1299 ’
636 1306 919 1361 Dominum
947 1305 1313 1375 conﬁdentiam
1338 1323 1509 1370 suam,
1559 1314 1736 1359 etnon
1765 1313 1841 1357 est
1887 1319 2096 1356 aversus
2143 1301 2212 1355 ad

574 1391 582 1400 ’
634 1397 903 1468 superbius
930 1413 1245 1467 pompasque
1273 1396 1553 1450 mendacii.
1615 1393 1766 1460 Quod
1796 1393 1901 1447 alia
1931 1391 2212 1446 translatio

574 1477 579 1496 ⁸
635 1490 700 1544 de
723 1487 910 1543 Grazco
941 1487 1010 1540 ita
1048 1487 1310 1556 expressit
1341 1501 1355 1539 :
1382 1484 1576 1538 Beatus
1607 1489 1686 1538 vir
1725 1483 1876 1553 cujus
1923 1491 1997 1536 est
2027 1499 2212 1537 nomen

575 1577 587 1587 ’
631 1580 845 1634 Domini
871 1596 985 1650 spes
1012 1579 1147 1649 ejus,
1195 1588 1244 1632 et
1273 1595 1375 1632 non
1399 1576 1618 1647 respexit
1645 1577 1700 1630 in
1742 1577 1995 1629 vanitates
2040 1583 2088 1627 et
2131 1575 2211 1630 in-

577 1687 582 1694 '
632 1667 808 1724 simias
833 1669 1016 1739 falsas.
1075 1669 1177 1724 Ubi
1208 1669 1391 1739 utique
1416 1677 1470 1722 et
1500 1669 1612 1736 ipsa
1641 1682 1778 1720 vana
1821 1666 2212 1720 oblectamenta

596 1755 598 1758 ’
633 1753 993 1832 corporalium
1037 1777 1290 1817 sensuum
1336 1760 1622 1830 signiﬁcat.
1689 1759 1746 1812 In
1784 1759 1948 1812 Amos
1998 1757 2212 1828 quoque

2317 575 2514 616 momo.
2571 560 2698 617 Haec
2718 570 2772 616 et
2797 562 2900 617 alia
2921 561 3223 632 hujusmodi
3252 566 3317 620 de
3338 567 3548 636 pompis
3577 569 3779 638 scripta
3801 587 3879 628 re-

2314 653 2620 722 periuntur.

2385 743 2544 799 XVII.
2586 744 2664 800 De
2690 747 2898 802 caeteris
2919 763 3050 802 vero
3084 748 3252 814 vitiis,
3300 750 3413 806 sive
3459 752 3570 806 sint
3599 753 3874 824 spiritalia,

2314 843 2376 890 ut
2398 837 2652 904 haereses,
2699 841 3010 906 schismata,
3054 842 3337 913 jactantia,
3377 845 3602 911 invidia,
3633 849 3876 907 animosi-
3920 899 3932 915 .

2313 935 2418 996 tas,
2448 930 2628 997 elatio,
2659 930 2878 1000 odium;
2919 935 3032 990 sive
3054 936 3162 990 sint
3183 937 3506 1006 corporalia,
3555 940 3608 993 id
3639 950 3726 996 est
3770 959 3873 1012 qua

2314 1035 2421 1075 non
2457 1020 2572 1076 solo
2601 1023 2782 1078 animo
2811 1025 2903 1079 sed
2952 1039 3178 1095 corpore
3222 1037 3640 1097 perpetrantur;
3703 1041 3762 1085 ut
3803 1043 3873 1088 est

2313 1108 2560 1177 aviditas,
2590 1112 2842 1178 ebrietas,
2874 1113 3288 1182 intemperantia
3342 1115 3650 1182 fornicatio,
3686 1120 3876 1177 adulte-

2314 1201 2482 1255 rium:
2515 1203 2864 1258 ecclesiastici
2886 1204 3132 1259 doctores
3169 1205 3374 1271 dicunt,
3403 1208 3549 1276 quod
3590 1208 3658 1263 de
3687 1219 3872 1279 septem

2266 1291 2268 1293 ’
2311 1292 2698 1364 principalibus
2737 1297 2882 1351 vitiis
2912 1299 3222 1368 procedant,
3256 1300 3308 1354 id
3337 1310 3422 1355 est
3445 1301 3512 1357 de
3532 1303 3679 1357 inani
3701 1305 3870 1375 gloria,

2312 1382 2532 1450 invidia,
2561 1386 2661 1450 ira,
2689 1387 3193 1456 tristitia,avaritia,
3221 1391 3422 1446 ventris
3449 1393 3707 1462 ingluvie,
3735 1405 3871 1466 atque

2311 1474 2543 1531 luxuria.
2594 1477 2723 1544 Qua:
2752 1479 2881 1534 vitia
2920 1480 3122 1535 habent
3167 1490 3396 1538 matrem
3425 1491 3482 1537 et
3529 1485 3771 1555 reginam
3797 1502 3871 1541 su-

2310 1567 2572 1637 perbiam,
2604 1570 2688 1624 cui
2713 1572 2866 1640 quasi
2897 1572 3062 1628 duces
3097 1588 3221 1627 cum
3250 1575 3362 1629 suis
3385 1577 3718 1632 exercitibus
3736 1580 3870 1634 obse-

2313 1668 2568 1728 quuntur.
2636 1660 2762 1716 Haec
2782 1670 2986 1731 septem
3019 1664 3151 1718 vitia
3176 1664 3476 1735 signiﬁcata
3506 1683 3602 1737 per
3625 1667 3746 1723 illas
3762 1687 3872 1742 gen-

2315 1757 2417 1816 tes,
2466 1767 2600 1820 quas
2635 1752 2804 1807 voluit
2870 1753 3128 1808 Dominus
3183 1756 3349 1812 deleri
3387 1773 3483 1827 per
3524 1759 3666 1816 ﬁlios
3706 1761 3866 1831 Israel,

630 1823 907 1926 propheta,
941 1854 1031 1908 ubi
1057 1855 1132 1908 ait
1156 1872 1167 1906 :
1233 1853 1320 1908 Va:
1347 1823 1436 1924 qui
1463 1851 1692 1924 opulenti
1721 1851 1842 1905 estis
1887 1852 1942 1904 in
1971 1823 2142 1916 Sion;
2169 1859 2215 1905 et

2319 1840 2533 1896 Ethzeos
2562 1842 2810 1898 videlicet
2855 1852 2909 1899 et
2953 1843 3309 1917 Gergesszeos,
3331 1823 3403 1903 et
3434 1849 3788 1918 Amorrhaaos,
3822 1823 3866 1910 ei

633 1948 896 2017 conﬁditis
925 1948 980 2000 in
1008 1955 1178 2000 monte
1207 1943 1466 2000 Samaria:
1495 1945 1788 2014 optimates,
1849 1943 2021 2012 capita
2049 1959 2217 2012 popu-

634 2040 824 2103 lorum,
856 2038 1198 2109 ingredientes
1222 2036 1510 2106 pompatice
1535 2034 1746 2088 domum
1776 2032 1979 2096 Israel;
2017 2033 2106 2103 qui
2132 2050 2217 2086 se-

634 2132 808 2200 parati
829 2131 950 2185 estis
977 2131 1031 2182 in
1051 2129 1134 2182 die
1147 2127 1308 2192 malo,
1328 2136 1374 2180 et
1387 2126 1810 2196 appropinquatis
1824 2124 1954 2178 solio
1971 2125 2220 2194 iniquita-

635 2223 734 2286 tis;
755 2223 843 2292 qui
871 2221 1109 2275 dormitis
1125 2220 1178 2273 in
1193 2217 1335 2272 lectis
1365 2217 1622 2282 eburneis,
1648 2225 1695 2270 et
1711 2216 1958 2271 lascivitis
1976 2217 2218 2270 instratis

567 2319 570 2322 ’
632 2318 848 2381 vestris;
907 2316 994 2387 qui
1042 2313 1308 2368 comeditis
1363 2327 1556 2384 agnum
1605 2311 1668 2364 de
1693 2327 1866 2381 grege,
1916 2321 1964 2364 et
1999 2307 2218 2363 vitulum

631 2409 694 2466 tle
743 2407 1026 2474 armentis,
1075 2407 1164 2482 qui
1209 2405 1429 2462 mutatis
1475 2402 1543 2456 ad
1592 2419 1767 2456 vocem
1798 2401 2030 2471 psalterii
2083 2403 2216 2455 sicut

631 2503 822 2558 David.
878 2499 1204 2555 Putaverunt
1255 2518 1308 2554 se
1359 2493 1549 2552 habere
1578 2510 1701 2553 vaso
1755 2491 1942 2550 cantici
1992 2491 2215 2545 bibentes

630 2597 684 2650 in
720 2594 913 2667 phialis
960 2595 1137 2650 vinum
1166 2633 1181 2659 ,
1238 2600 1285 2645 et
1332 2591 1522 2660 optimo
1569 2597 1829 2658 unguento
1860 2573 2112 2644 delibuti,
2166 2590 2216 2634 et
2287 2647 2291 2652 j

2257 2686 2259 2688 ·
2315 2663 2430 2724 haec
2453 2664 2599 2727 vitia,
2630 2673 2684 2718 et
2702 2680 2798 2735 per
2816 2666 2932 2720 hare
2950 2667 3083 2721 vitia
3101 2668 3282 2722 omnia
3309 2678 3532 2738 peccata
3560 2673 3762 2742 generis
3779 2673 3858 2727 hu-

2262 2768 2264 2771 ·
2313 2755 2478 2825 mani,
2500 2770 2618 2829 qua:
2647 2754 2907 2815 Dominus
2925 2743 3109 2816 noeter
3136 2755 3295 2816 Iesu:
3317 2755 3568 2818 Christus
3593 2760 3796 2834 pertulit
3815 2761 3860 2817 in

631 2685 761 2740 nihil
812 2685 1147 2758 patiebantur
1193 2697 1350 2752 super
1381 2679 1747 2734 contritionem
1800 2677 1986 2747 Ioseph
2030 2671 2213 2747 (Amos

633 2794 706 2842 vr,
739 2778 886 2850 1-6).

699 2873 814 2928 XV.
857 2872 1071 2940 Pompa:
1092 2869 1287 2924 diaboli
1328 2867 1532 2923 faciunt
1557 2867 1830 2922 hominem
1876 2863 2132 2918 lascivum
2159 2868 2214 2917 et

629 2980 849 3029 vanum,
895 2978 993 3034 per
1020 2977 1140 3032 qua:
1169 2960 1396 3016 elﬁcitur
1424 2976 1455 3014 a
1481 2960 1623 3014 bono
1653 2957 1946 3021 mutabilis,
1986 2955 2113 3011 mali
2136 2963 2213 3011 te-

565 3067 569 3072 ·
631 3069 758 3118 nax,
796 3053 849 3106 in
873 3052 1037 3106 verbo
1053 3051 1254 3121 gravis,
1279 3050 1334 3103 in
1379 3051 1560 3104 animo
1585 3050 1778 3120 turpis,
1805 3048 2002 3118 ubique
2024 3047 2208 3113 fallax,

631 3142 785 3196 lretus
821 3140 889 3194 ad
937 3155 1216 3210 prospera,
1248 3138 1452 3208 fragilis
1496 3139 1562 3193 ad
1601 3139 1844 3202 adversa,
1886 3136 2099 3192 inﬂatus
2140 3121 2282 3245 ad

629 3233 904 3303 obsequia,
930 3233 1122 3286 anxius
1146 3231 1211 3286 ad
1232 3230 1540 3300 opprobria,
1572 3229 1956 3284 immoderatus
1993 3229 2061 3283 ad
2082 3243 2211 3299 gau-

561 3339 566 3346 ’
631 3328 741 3392 dia,
788 3325 961 3381 facilis
1000 3325 1066 3379 ad
1089 3325 1344 3389 humana,
1392 3320 1620 3378 difﬁcilis
1653 3321 1719 3374 ad
1769 3322 2014 3376 honesta.
2063 3319 2212 3375 Desi-

630 3417 780 3473 derio
818 3417 1193 3486 comparanda:
1235 3413 1502 3483 opinionis
1537 3412 1808 3477 incensus,
1852 3412 1932 3466 eis
1959 3412 2210 3482 operibus

633 3511 828 3580 quibus
844 3509 1039 3564 emitur
1051 3506 1203 3561 favor
1212 3505 1477 3559 humanus
1499 3504 1744 3567 inservit,
1759 3511 1814 3558 et
1832 3518 2042 3558 morum
2073 3504 2211 3558 bona

633 3603 948 3667 contemnit,
979 3608 1294 3669 tantumque
1326 3612 1449 3652 eum
1479 3595 1638 3650 ardor
1666 3595 1915 3649 humanae
1935 3594 2104 3650 laudis
2129 3595 2214 3650 in-

629 3696 890 3760 ﬂammat,
918 3701 981 3748 ut
1006 3691 1272 3746 laboriosa
1296 3703 1457 3759 opera
1494 3703 1612 3756 qua:
1639 3686 1862 3756 pOpulus
1891 3687 2208 3751 admiratur,

629 3798 685 3843 et
709 3789 904 3858 quibus
924 3784 1066 3838 fama
1096 3781 1427 3844 diffunditur,
1459 3780 1574 3834 sine
1600 3778 1782 3833 labore
1832 3765 2104 3848 suscipiat,
2149 3785 2211 3833 ut
2251 3780 2254 3784 ’

630 3880 763 3942 foris
783 3879 874 3932 ubi
904 3884 1080 3946 potest
1102 3888 1326 3945 magnus
1350 3870 1647 3941 splendeat,
1690 3884 1814 3923 cum
1839 3867 1982 3923 intus
2009 3869 2099 3923 ubi
2123 3883 2210 3922 so-

631 3970 715 4024 lus
737 3969 881 4023 Deus
908 3967 1074 4031 videt,
1099 3965 1364 4035 squaleat.

703 4060 841 4116 XVI.
885 4058 1023 4114 Sunt
1065 4059 1228 4112 etiam
1254 4071 1484 4126 quorum
1521 4053 1689 4107 vitam
1713 4051 1892 4122 lingua
1935 4051 2106 4120 turpis
2127 4050 2214 4106 in-

635 4151 892 4216 ﬂammat,
940 4149 1031 4219 qui
1071 4149 1456 4202 inverecundos
1503 4157 1782 4199 sermones
1807 4148 1902 4196 aut
1927 4139 2210 4212 proferunt

632 4244 879 4309 libenter,
912 4249 1005 4296 aut
1025 4240 1266 4295 audiunt.
1321 4237 1433 4293 Hoc
1461 4235 1750 4305 loquuntur
1792 4233 1935 4304 quod
1961 4233 2205 4303 diligunt,

631 4343 688 4393 et
710 4333 1094 4390 delectabiliter
1130 4331 1354 4385 audiunt
1379 4329 1521 4400 quod
1544 4328 1774 4383 assiduis
1797 4326 2210 4398 cogitationibus
2243 4351 2250 4355 υ

630 4430 941 4493 volvunt,et
966 4437 1174 4496 turpem
1212 4425 1594 4481 conscientiam
1625 4423 1988 4478 manifestam.
2051 4422 2209 4478 Tales

2266 1961 2269 1963 -
2317 1929 2667 1998 Chananaeos,
2722 1933 3135 2003 etPhereszeos,
3185 1947 3241 1994 et
3261 1940 3470 2008 Evaeos,
3497 1952 3552 1997 et
3578 1943 3860 2002 Gebuszcos.

2263 2041 2266 2044 '
2317 2023 2384 2077 Et
2406 2029 2592 2078 revera
2607 2025 2803 2080 multas
2832 2035 2886 2082 et
2913 2029 3092 2085 varias
3111 2045 3209 2100 per
3231 2032 3366 2087 alios
3391 2043 3552 2104 atque
3576 2037 3705 2092 alios
3730 2055 3863 2109 reges

2316 2123 2370 2168 et
2388 2115 2613 2185 populos
2637 2117 2895 2173 Dominus
2936 2128 3027 2173 aut
3053 2123 3326 2200 transtulit
3351 2133 3446 2178 aut
3473 2129 3691 2182 vastavit
3715 2138 3860 2199 atque

2317 2206 2530 2261 delevit.
2589 2206 2696 2262 Has
2723 2218 2902 2264 autem
2934 2219 3119 2283 gentes
3158 2213 3358 2268 idcirco
3399 2230 3497 2285 per
3535 2217 3662 2272 ﬁlios
3706 2219 3856 2274 Israel

2317 2296 2485 2351 voluit
2507 2297 2794 2369 exstingui,
2824 2307 2882 2353 ut
2909 2301 3306 2372 signiﬁcaretin
3331 2307 3632 2374 septenario
3657 2323 3860 2364 numero

2315 2389 2427 2443 haec
2463 2389 2592 2442 vitia
2639 2389 2706 2445 ab
2753 2391 2940 2447 electis
2980 2393 3092 2448 suis
3137 2394 3397 2449 vincenda
3428 2403 3590 2466 atqne
3613 2398 3856 2453 calcanda.

2315 2477 2452 2534 Hinc
2473 2487 2528 2533 et
2573 2478 2801 2536 Samson
2815 2493 3020 2553 septem
3043 2482 3198 2539 funes
3221 2485 3418 2554 quibus
3446 2486 3643 2558 ligatus
3666 2491 3859 2558 putaba-

2315 2576 2402 2623 tur
2432 2569 2682 2640 disrupit,
2714 2581 2775 2626 ut
2795 2573 2849 2626 in
2870 2564 3176 2642 septenario
3203 2587 3429 2630 numero
3455 2577 3858 2648 signiﬁcarentur

2311 2865 2536 2920 corpore
2563 2866 2659 2906 suo
2679 2835 2850 2921 super.
2867 2851 3091 2922 lignum,
3133 2861 3191 2906 ut
3217 2850 3358 2907 illius
3379 2853 3603 2909 vulnere
3637 2870 3860 2909 sanaren-

2257 2971 2260 2976 -
2312 2954 2401 3000 tur
2433 2955 2593 3017 atque
2619 2947 3079 3018 disrumperentur
3111 2949 3164 3004 in
3192 2949 3366 3014 nobis,
3397 2943 3468 3005 et
3496 2959 3860 3020 consequenter

2312 3039 2387 3094 illi
2411 3041 2652 3095 dicamus
2676 3057 2691 3094 :
2721 3040 2978 3112 Dirupisti
3004 3041 3209 3095 vincula
3237 3059 3386 3106 mea;
3434 3042 3528 3096 tibi
3577 3041 3857 3112 sacriﬁcabo

2311 3133 2532 3186 hostiam
2568 3133 2760 3187 laudis.
2803 3133 2938 3187 Nam
2958 3134 3082 3202 quia
3122 3134 3208 3190 bis
3253 3143 3456 3203 septem
3501 3136 3755 3206 superbiae
3795 3135 3862 3189 vi-

2316 3225 2406 3280 tiis
2429 3241 2527 3281 nos
2561 3234 2746 3295 captos
2767 3226 2954 3291 doluit,
2981 3225 3182 3282 idcirco
3207 3227 3527 3297 Redemptor
3579 3237 3759 3284 noster
3802 3227 3862 3282 ad

2314 3323 2553 3392 spiritale
2567 3321 2904 3377 liberationis
2929 3320 3171 3391 praelium
3185 3320 3390 3391 Spiritu
3409 3319 3718 3390 septiformis
3743 3336 3863 3390 gra-

2314 3415 2400 3479 tia:
2420 3414 2608 3483 plenus
2632 3413 2799 3468 venit.

2383 3505 2563 3562 XVIII.
2600 3505 2706 3560 Sed
2743 3506 2942 3561 habent
2976 3511 3161 3560 contra
3187 3519 3285 3559 nos
3305 3503 3423 3561 btec
3447 3505 3652 3576 singula
3667 3505 3864 3561 exerci-

2312 3609 2426 3656 tum
2455 3617 2629 3656 suum.
2683 3601 2761 3665 De
2779 3599 3093 3664 cenodoxia,
3121 3598 3172 3652 id
3197 3606 3280 3653 est
3304 3597 3450 3651 inani
3477 3598 3666 3668 gloria,
3695 3598 3864 3652 inobe

2311 3693 2528 3756 dientia,
2551 3693 2833 3763 jactantia,
2873 3690 3190 3762 hypocrisis,
3226 3690 3617 3750 contentiones,
3646 3691 3865 3760 pertina-

2310 3784 2429 3848 ciae,
2459 3783 2756 3848 discordiae,
2779 3790 2834 3838 et
2852 3780 3605 3850 novitatumprzesumptiones
3616 3782 3860 3834 oriuntur.

2309 3859 2384 3928 De
2409 3873 2628 3940 invidia,
2651 3873 2853 3936 odium,
2870 3870 3182 3933 susurratio,
3203 3870 3485 3936 detractio,
3515 3871 3799 3926 exsultatio
3820 3870 3864 3929 in

2310 3968 2550 4022 adversis
2577 3967 2827 4038 proximi,
2878 3963 3094 4018 alﬁictio
3119 3970 3295 4017 autem
3340 3964 3393 4017 in
3419 3964 3701 4032 prosperis
3715 3961 3866 4016 nasci-

2310 4067 2416 4112 tur.
2466 4057 2659 4121 Deira,
2682 4057 2833 4121 rixae,
2857 4062 3036 4109 tumor
3047 4053 3264 4118 mentis,
3277 4053 3648 4119 contumeliae,
3665 4053 3861 4112 clamor,

2309 4151 2623 4222 indignatio,
2679 4148 3023 4218 blasphemiae
3065 4144 3428 4216 proferuntur.
3510 4147 3594 4202 De
3649 4144 3862 4203 tristitia,

2309 4241 2534 4306 malitia,
2589 4254 2804 4304 rancor,
2854 4228 3286 4307 pusillanimitas,
3326 4237 3663 4305 desperatio,
3708 4245 3868 4305 torpor

2307 4335 2451 4388 circa
2471 4340 2758 4402 praecepta,
2789 4331 3000 4402 vagatio
3034 4329 3228 4384 mentis
3249 4344 3376 4400 erga
3403 4328 3598 4384 illicita
3631 4329 3865 4385 nascitur.

2309 4428 2384 4482 De
2431 4426 2675 4488 avaritia,
2700 4424 2951 4494 proditio,
2983 4421 3152 4488 fraus,
3192 4421 3419 4484 fallacia,
3449 4423 3776 4492 periurium,
3805 4422 3870 4474 in-

631 4523 776 4577 enim
805 4509 1082 4590 Scriptura
1110 4517 1418 4580 introducit,
1460 4531 1579 4584 qum
1606 4514 1681 4567 ait
1720 4528 1734 4566 :
1769 4513 2026 4566 Dixerunt
2065 4513 2200 4566 enim
2235 4532 2282 4591 υ
2307 4519 2578 4590 quietudo,
2600 4517 2873 4580 violentia,
2911 4524 2966 4570 et
2989 4524 3177 4571 contra
3204 4515 3638 4570 misericordiam
3662 4515 3869 4589 obdura-

633 4613 772 4684 apud
795 4630 847 4666 se
871 4613 1153 4682 cogitantes
1181 4626 1285 4663 non
1309 4619 1459 4661 recte.
1512 4607 1578 4659 Et
1603 4612 1725 4676 post
1754 4605 1933 4672 aliqua
1968 4622 1980 4656 :
2028 4602 2200 4657 Venite

630 4720 754 4774 ergo
782 4712 830 4757 et
860 4702 1102 4770 fruamur
1125 4700 1276 4754 bonis
1302 4714 1419 4769 qua:
1449 4705 1590 4761 sunt,
1633 4703 1680 4748 et
1723 4703 1935 4747 utamur
1962 4702 2201 4746 creatura

632 4801 882 4863 tanquam
903 4791 958 4842 in
966 4789 1235 4858 juventute
1250 4785 1502 4849 celeriter,
1525 4785 1638 4837 vino
1659 4784 1882 4854 pretioso
1903 4791 1950 4836 et
1971 4798 2202 4851 unguen-

641 4884 707 4936 tis
753 4898 845 4936 nos
873 4879 1201 4950 impleamus,
1231 4887 1279 4931 et
1308 4893 1411 4931 non
1453 4883 1723 4945 prtctereat
1751 4891 1842 4928 nos
1868 4875 1966 4943 ﬂos
2003 4883 2200 4941 tempo-
2244 4900 2246 4903 -

633 4971 727 5024 ris.
781 4967 1097 5025 Coronemus
1125 4984 1216 5023 nos
1242 4968 1374 5021 rosis
1403 4973 1680 5034 antequam
1704 4973 2063 5017 marcescant:
2087 4962 2203 5016 nul-

636 5061 744 5114 lum
770 5067 977 5129 pratum
997 5059 1084 5122 sit,
1113 5057 1250 5129 quod
1271 5073 1374 5110 non
1395 5063 1718 5125 pertranseat
1748 5053 1959 5108 luxuria
2002 5063 2198 5108 nostra.

639 5152 807 5205 Nemo
835 5160 1060 5205 vestrum
1090 5151 1157 5205 sit
1179 5166 1354 5203 exsors
1377 5147 1602 5201 luxuriat
1626 5157 1818 5202 nostra:
1841 5161 1859 5198 .'
1908 5148 2093 5219 ubique
2117 5164 2200 5201 re-

637 5242 934 5312 linquamus
962 5243 1112 5312 signa
1138 5239 1352 5305 ltetitite,
1375 5241 1624 5310 quoniam
1649 5241 1759 5293 hwc
1779 5249 1869 5294 est.
1878 5257 2002 5310 pars
2026 5249 2204 5295 nostra

637 5341 683 5384 et
712 5332 822 5384 Iurc
874 5348 986 5385 sors
1015 5329 1163 5402 (Sap.
1193 5347 1254 5394 ιι,
1291 5331 1316 5383 1
1350 5329 1500 5400 seq.).
1537 5328 1740 5384 Horum
1765 5328 2074 5386 illecebram
2104 5331 2203 5386 sub

638 5422 816 5492 specie
839 5422 1079 5478 mulieris
1103 5421 1356 5477 adulterte
1378 5427 1432 5474 et
1454 5420 1702 5474 Salomon
1729 5422 1980 5485 ostendit,
2013 5422 2079 5476 de
2099 5436 2203 5490 qua
2239 5465 2242 5468 .

639 5512 770 5566 dicit
815 5512 957 5580 quod
1010 5511 1225 5566 vecordi
1262 5510 1444 5579 juveni
1501 5520 1751 5566 occurrat
1796 5522 1989 5566 ornatu
2044 5513 2201 5568 meri-

640 5606 816 5672 tricio,
857 5612 1154 5676 praeparata
1211 5603 1278 5658 ad
1303 5603 1587 5673 capiendas
1634 5604 1860 5670 animas,
1907 5604 2122 5675 garrula
2149 5613 2204 5660 et

561 5747 566 5750 .
640 5713 813 5767 vaga,
862 5697 1058 5766 quietis
1080 5695 1400 5765 impatiens:
1456 5709 1575 5762 quae
1622 5694 1750 5748 dicit
1801 5711 1857 5748 se
1889 5695 2088 5750 habere
2125 5695 2205 5750 in-

641 5800 850 5860 textum
873 5789 1088 5843 funibus
1138 5788 1352 5853 lectum,
1386 5796 1611 5842 stratum
1638 5787 1904 5860 tapetibus
1947 5787 2103 5873 pictis
2137 5803 2202 5842 ex

2307 4611 2380 4665 tio
2409 4609 2589 4665 cordis
2616 4608 2882 4663 oriuntur.
2929 4606 3007 4662 De
3043 4608 3250 4663 ventris
3275 4606 3534 4676 ingluvie,
3597 4605 3776 4678 inepta
3798 4605 3872 4658 lae.

2304 4699 2442 4764 tilia,
2485 4697 2812 4762 scurrilitas,
2860 4698 3215 4763 immunditia,
3243 4698 3679 4770 multiloquium,
3732 4699 3872 4754 hebe-

2305 4791 2432 4845 tudo
2471 4805 2659 4845 sensus
2679 4789 2825 4843 circa
2863 4787 3269 4859 intelligentiam
3299 4797 3665 4859 propagatur.
3720 4789 3872 4843 Delu-

2303 4882 2480 4947 xuria,
2515 4880 2728 4935 caecitas
2750 4881 2966 4944 mentis,
3007 4880 3443 4943 inconsideratio,
3496 4879 3869 4940 inconstantia,

2303 4971 2679 5041 prtecipitatio,
2713 4986 2865 5026 amor
2893 4969 2997 5036 sui,
3035 4970 3216 5024 odium
3243 4970 3356 5033 Dei,
3397 4968 3636 5026 allectus
3661 4985 3873 5041 praesen-

2305 5061 2374 5115 tis
2396 5061 2596 5128 saeculi,
2645 5063 2838 5116 horror
2862 5070 3040 5116 autem
3065 5060 3146 5115 vel
3190 5061 3494 5130 desperatio
3518 5060 3704 5116 futuri
3736 5074 3874 5132 gene-

2305 5160 2512 5205 rantur.
2583 5151 2661 5206 Ex
2707 5152 2902 5222 quibus
2928 5151 3176 5206 videlicet
3197 5159 3423 5219 septem,
3467 5150 3579 5205 duo
3623 5158 3751 5205 sunt
3775 5163 3878 5204 car-

2305 5241 2464 5306 nalia,
2511 5242 2564 5296 id
2610 5252 2693 5298 est
2720 5242 2922 5297 ventris
2963 5241 3226 5311 ingluvies
3258 5249 3312 5295 et
3343 5240 3558 5295 luxuria
3598 5259 3611 5292 :
3656 5241 3873 5311 quinque

2306 5341 2484 5388 autem
2532 5333 2811 5402 spiritalia.
2865 5332 2972 5387 Sed
3019 5332 3434 5401 unumquodque
3486 5333 3690 5386 eorum
3718 5336 3874 5384 tanta

2307 5424 2406 5479 sibi
2450 5424 2764 5494 cognatione
2787 5422 3055 5494 jungitur,
3096 5413 3165 5476 ut.
3190 5418 3402 5476 nonnisi
3426 5435 3602 5474 unum
3633 5424 3703 5476 de
3725 5419 3878 5473 altero

2305 5516 2624 5588 proferatur.
2696 5517 2872 5571 Prima
2902 5504 3347 5586 namqueinanis
3398 5513 3568 5583 gloria
3605 5513 3780 5584 gignit
3809 5510 3877 5564 in-

2305 5611 2550 5665 vidiam:
2584 5610 2710 5679 quia
2743 5595 2883 5664 dum
2927 5611 3051 5664 vani
3100 5607 3333 5662 nominis
3381 5607 3693 5675 potentiam
3733 5616 3879 5674 appo-

2308 5703 2393 5766 tit,
2443 5717 2510 5754 ne
2557 5691 2677 5769 quis
2726 5701 2866 5754 hanc
2911 5700 3048 5753 alius
3099 5698 3317 5767 adipisci
3357 5696 3566 5761 valeat,
3636 5693 3875 5750 tabescit.

2309 5789 2397 5844 Sic
2442 5801 2656 5864 quoque
2695 5790 2760 5845 de.
2809 5788 3008 5846 invidia
3048 5795 3334 5858 generatur
3385 5785 3484 5851 ira,
3540 5785 3776 5841 tristitia
3793 5796 3874 5838 alr-
