4012 6364
146 425 233 481 881

1549 414 1905 476 EPISTOLIE
1917 462 1929 475 .

3276 408 3407 485 882‘

140 550 238 597 tem
291 540 359 594 ab
411 536 638 592 avaritia
686 535 980 591 derivatur.
1049 534 1126 590 De
1162 535 1368 591 duobus
1414 548 1542 590 vero
1584 549 1703 605 quae
1732 534 1781 592 Α
1807 551 1993 590 verum
2033 537 2194 591 etiam
2241 546 2623 609 praeponuntur
2660 537 2823 596 nobis
2849 555 2879 596 a
2910 540 3020 597 Deo
3064 519 3382 614 potestates,

139 629 362 688 carnalia
412 636 556 693 sunt,
623 627 834 682 cunctis
869 626 1056 697 liquet,
1104 627 1169 681 de
1222 626 1425 681 ventris
1476 625 1707 694 ingluvie

138 723 398 779 luxuriam
456 721 626 776 nasci.
701 718 835 787 Quia
877 721 1001 775 dum
1056 736 1221 773 unum
1273 719 1575 773 inordinate
1622 733 1707 772 re-

138 817 325 880 ficitur,
366 813 595 869 alterum
643 812 830 883 procul
886 812 1049 867 dubio
1086 811 1153 866 ad
1174 811 1528 866 contumelias
1563 809 1707 864 exci-

86 930 91 933 -
137 917 289 965 tatur.
494 890 503 897 ’

197 998 333 1054 XIX.
373 998 477 1052 Alii
510 1005 711 1063 autem,
752 997 983 1052 maxime
1030 996 1199 1051 sancti
1224 994 1414 1051 Patres
1442 993 1704 1065 Egyptii,

135 1099 245 1149 octo
270 1092 523 1146 dixerunt
543 1104 662 1145 esse
681 1088 995 1158 principalia
1025 1089 1176 1151 vitia,
1233 1096 1287 1143 ct
1308 1088 1482 1157 prima
1515 1102 1708 1157 posue-

135 1190 245 1239 runt
263 1196 332 1236 ea
353 1196 474 1252 qua:
500 1182 589 1235 hic
617 1180 853 1235 carnalia
878 1180 1018 1234 dicta
1048 1189 1194 1246 sunt,
1215 1181 1267 1235 id
1281 1188 1365 1233 est
1388 1179 1705 1251 gastrimar-

136 1276 279 1345 giam,
301 1274 446 1342 quod
473 1282 629 1327 sonat
647 1273 852 1340 ventris
873 1272 1181 1343 ingluviem,
1200 1280 1254 1326 et
1271 1270 1703 1336 fornicationem,

136 1364 257 1434 quod
274 1364 365 1417 hic
380 1362 618 1434 generali
647 1363 862 1417 nomine
880 1362 1090 1417 luxuria
1117 1363 1443 1417 nominatur.
1464 1361 1704 1416 Tertium

136 1453 529 1524 pbilargyriat’n,
577 1452 629 1506 id
673 1460 755 1507 est
798 1468 1037 1508 amorem
1097 1450 1363 1522 pecuniae,
1413 1454 1553 1522 quod
1609 1468 1708 1507 nos

137 1546 406 1600 avaritiam
439 1544 800 1600 nominamus.
863 1544 1123 1612 Quartum
1156 1547 1311 1609 iram,
1349 1547 1593 1614 quintum
1612 1545 1708 1599 tri-

137 1640 345 1702 stitiam,
381 1647 594 1692 sextum
636 1638 895 1700 acediam,
923 1638 976 1691 id
1023 1645 1108 1692 est
1132 1639 1589 1691 anxietatemvseu
1614 1646 1707 1691 ta:-

137 1731 261 1786 dium
283 1730 491 1793 cordis,
522 1728 665 1798 quod
695 1730 863 1783 nostri
890 1729 1307 1784 inconstantiam
1336 1730 1419 1783 vel
1443 1730 1708 1800 vagatita-

138 1832 228 1877 tem
257 1822 545 1876 nominare
568 1820 760 1876 solent.
818 1819 1116 1891 Septimum
1160 1820 1534 1887 cenodoxiam,
1564 1820 1706 1890 quod

137 1929 223 1968 nos
244 1914 464 1967 inanem
492 1912 720 1982 gloriam
759 1912 1007 1967 dicimus.
1076 1910 1339 1967 Octavum
1376 1912 1703 1981 superbiam.
1737 1892 1781 1950 B

139 2007 595 2062 Przetermiserunt
627 2022 755 2062 vero
808 2007 1085 2073 invidiam,
1125 2007 1420 2061 maximum
1448 2007 1711 2077 superbia:

140 2099 323 2169 prolem
394 2115 459 2155 ac
506 2101 790 2165 comitem;
852 2101 1170 2155 addiderunt
1211 2109 1389 2155 autem
1436 2101 1709 2165 acediam,

142 2192 265 2261 quod
309 2192 569 2247 doctores
601 2192 856 2248 Ecclesia:
906 2194 1048 2249 inter
1087 2194 1405 2264 principalia
1445 2195 1573 2249 vitia
1604 2211 1710 2249 non

140 2294 445 2354 posuerunt,
500 2285 595 2339 sed
616 2286 787 2356 magis
823 2286 951 2341 illud
978 2288 1043 2341 de
1066 2289 1308 2351 tristitia,
1358 2289 1469 2341 sive
1503 2287 1710 2343 luxuria

143 2378 273 2432 nasci
296 2377 592 2432 dixerunt:
641 2378 764 2448 quia
793 2387 847 2433 et
867 2394 1057 2434 revera
1083 2381 1236 2450 quasi
1267 2381 1541 2451 proprium
1566 2381 1714 2435 vide-

144 2477 221 2525 tur
241 2485 360 2525 esse
381 2471 793 2525 monachorum.
866 2470 999 2526 Nam
1028 2466 1351 2542 generaliter
1402 2474 1455 2526 in
1504 2471 1714 2527 cunctis

145 2560 380 2633 ﬁdelibus
406 2562 576 2616 multo
597 2562 776 2616 minus
802 2564 1001 2618 malum
1034 2564 1245 2617 videtur
1273 2579 1410 2627 esse,
1440 2580 1599 2633 quam
1634 2563 1715 2617 in-

146 2652 300 2707 vidia:
358 2653 483 2723 quia
513 2661 567 2707 et
595 2654 649 2707 in
680 2654 873 2709 divinis
904 2655 1098 2709 litteris
1124 2653 1312 2721 majori
1361 2656 1715 2710 detestatione

148 2750 379 2796 notatum
408 2743 698 2814 invenitur
749 2745 970 2811 invidia,
1030 2760 1189 2814 quam
1238 2747 1450 2816 vagatio
1498 2747 1711 2801 mentis.

156 2833 402 2891 Ultimum
424 2846 717 2907 posuerunt
742 2839 1071 2907 superbiam,
1116 2838 1257 2909 quod
1290 2838 1377 2892 alii
1405 2854 1621 2893 causam
1662 2846 1717 2893 et

152 2928 409 2996 originem
437 2932 668 2985 omnium
698 2932 951 2986 vitiorum
981 2946 1098 2985 esse
1119 2931 1388 2985 dixerunt.
1439 2931 1505 2984 Et
1526 2945 1716 2985 revera

148 3023 475 3093 perspicuum
518 3032 601 3078 est
648 3040 756 3079 non
778 3025 843 3079 de
873 3025 1016 3078 inani
1049 3025 1217 3095 gloria
1264 3024 1591 3094 superbiam,
1624 3023 1718 3078 sed

145 3116 477 3187 desuperbia
506 3118 723 3172 inanem
776 3117 1000 3188 gloriam
1050 3117 1318 3187 generari.
1374 3116 1495 3169 Pari
1537 3125 1719 3170 autem

141 3217 386 3264 contentu
434 3210 651 3279 utrique
690 3209 888 3279 duplici
930 3224 993 3263 ea
1025 3209 1284 3264 divisione
1333 3209 1716 3274 distinxerunt,

141 3300 187 3353 id
207 3308 285 3355 est
310 3300 556 3355 carnalia
583 3307 637 3355 et
657 3300 940 3369 spiritalia,
981 3315 1102 3355 cum
1132 3307 1308 3354 tamen
1336 3298 1625 3369 Apostolus
1647 3300 1719 3356 si-

141 3392 237 3445 mul
256 3393 442 3447 omnia
472 3406 637 3461 Opera
654 3392 832 3446 carnis
858 3391 1142 3445 manifesta
1168 3407 1285 3446 esse
1326 3392 1540 3447 dixerit.
1595 3391 1721 3448 Om-

138 3486 269 3539 nium
314 3501 540 3555 quoque
589 3485 844 3539 vitiorum
895 3484 1236 3541 efﬁcientiam
1270 3488 1716 3557 quadripartitam

135 3591 242 3632 esse
282 3580 499 3632 dicunt.
557 3577 691 3631 Nam
744 3578 988 3647 quaedam
1038 3579 1251 3633 nonnisi
1310 3588 1431 3633 actu
1478 3580 1721 3648 corporis

134 3670 497 3724 consummari
539 3676 784 3740 possunt,
823 3677 881 3722 ut
924 3670 1130 3723 ventris
1162 3669 1422 3739 ingluvies
1470 3678 1524 3724 et
1553 3669 1721 3724 forni-

134 3762 292 3817 catio:
343 3762 601 3832 quaedam
632 3776 761 3816 vero
792 3761 907 3815 sine
932 3761 1040 3815 ulla
1064 3760 1307 3831 corporis
1336 3760 1545 3815 actione
1575 3776 1722 3815 com~

130 3852 352 3920 plentur,
420 3859 479 3905 ut
507 3851 757 3922 superbia
792 3862 846 3905 et
868 3854 1196 3908 cenodoxia:
1249 3854 1491 3925 qutedam
1541 3861 1720 3906 autem

132 3944 511 3999 commotionis
558 3959 668 3998 suae
721 3959 911 4000 causas
940 3945 1607 4014 extrinsecusexcipiunt,
1661 3951 1721 3997 ut

130 4039 348 4093 avaritia
386 4036 570 4091 etira:
605 4034 708 4089 alia
739 4052 869 4090 vero
910 4036 1183 4091 intestinis
1225 4036 1461 4091 motibus
1480 4035 1722 4091 excitan-

129 4137 226 4195 tur,
260 4138 321 4183 ut
343 4128 545 4183 acedia
584 4134 744 4194 atque
774 4127 1011 4182 tristitia.

189 4219 305 4274 XX.
348 4216 493 4272 Haec
515 4225 570 4271 et
590 4216 756 4272 multa
777 4215 1084 4284 hujusmodi
1109 4215 1265 4281 vitia,
1310 4232 1430 4286 qua:
1478 4217 1723 4272 dividun-

127 4321 206 4366 tur
227 4313 279 4367 in
314 4308 587 4381 operibus
609 4318 663 4362 et
706 4296 917 4377 pompis
947 4307 1166 4372 diaboli,
1208 4307 1298 4376 qui
1324 4315 1408 4362 est
1454 4315 1642 4363 auctor
1668 4316 1724 4363 et

122 4402 381 4471 princeps
414 4408 760 4469 peccatorum
788 4398 985 4468 quibus
1009 4396 1062 4449 in
1084 4396 1351 4465 baptismo
1377 4397 1749 4451 abrenuntia--

123 4495 310 4560 vimus,
344 4502 416 4549 et
438 4491 581 4563 quod
605 4490 758 4561 pejus
779 4499 881 4554 est,
936 4490 1004 4543 ad
1043 4506 1111 4559 ea
1144 4495 1337 4544 lterum
1366 4497 1721 4554 revertentes,

120 4601 298 4642 earum
332 4584 771 4655 inquinamentis
792 4581 1131 4637 sordidamur
1154 4590 1209 4636 et
1253 4581 1508 4637 oneribus
1554 4583 1721 4651 depri-

122 4686 336 4750 mimur,
392 4690 455 4736 ut
484 4680 679 4734 merito
702 4678 975 4734 dicamus:
1028 4676 1177 4731 Sicut
1231 4691 1361 4729 onus
1414 4689 1568 4745 grave
1596 4691 1719 4745 gra-

122 4785 249 4830 vata:
291 4782 423 4829 sunt
476 4788 633 4842 super
660 4788 760 4824 me.
839 4767 1168 4823 Putruerunt
1208 4776 1257 4821 et
1302 4775 1562 4836 corrupta:
1596 4774 1717 4821 sunt

122 4867 393 4919 cicatrices
424 4879 558 4917 mete
580 4880 611 4915 a
637 4861 771 4927 facie
816 4860 1130 4930 insipientia:
1169 4874 1315 4911 mem.
1377 4857 1608 4912 Miseriis
1634 4856 1719 4926 af-

120 4958 290 5024 ﬂictus
324 4972 453 5010 sum
479 4969 640 5023 usque
661 4953 717 5005 in
745 4951 922 5020 ﬁnem.
982 4949 1220 5016 Quorum
1269 4949 1611 5017 corruptione
1641 4949 1721 5003 di-

120 5047 412 5113 laniamur,
446 5053 503 5100 et
524 5045 663 5099 sicut
687 5043 803 5098 sani
839 5043 1151 5114 gaudemus.
1202 5039 1427 5108 Propter
1449 5039 1552 5093 ista
1575 5054 1721 5094 com-

120 5140 365 5194 minatur
419 5136 580 5192 nobis
632 5135 771 5189 Deus
819 5130 990 5203 juder
1013 5133 1213 5203 justus,
1244 5131 1394 5200 fortis
1418 5138 1465 5183 et
1496 5132 1716 5200 patiens,

118 5231 215 5283 nisi
252 5237 654 5291 convertamur,
686 5240 876 5294 pinnas
915 5232 1166 5286 aeternas,
1208 5222 1298 5275 ubi
1332 5221 1519 5274 vermis
1548 5229 1723 5274 noster

118 5338 218 5375 non
244 5323 503 5381 moritur,
556 5330 601 5372 et
632 5318 766 5387 ignis
794 5333 894 5369 non
940 5315 1308 5384 exstinguitur.
1361 5312 1588 5383 Propter
1618 5312 1720 5367 ista

115 5417 421 5471 atterimur
449 5412 814 5485 etiaIIIigimur
834 5408 1057 5477 ﬂagellis
1079 5406 1460 5476 temporalibus
1482 5406 1535 5460 in
1564 5404 1725 5461 rebus

116 5506 407 5569 humanis,
449 5504 629 5567 bellis,
686 5501 1108 5572 captivitatibus,
1158 5498 1478 5569 pestilentiis
1505 5538 1519 5564 ,
1561 5496 1720 5561 fame,

94 5596 485 5670 aegritudine.
526 5596 752 5666 Pr0pter
794 5604 877 5649 sta
905 5594 1315 5649 incommoditas
1337 5608 1542 5657 aerum,
1571 5592 1725 5647 sicci-

118 5705 222 5758 tas,
256 5688 604 5748 exundantia
634 5690 957 5760 pluviarum,
1012 5686 1353 5742 inclementia
1380 5685 1609 5757 frigoris,
1635 5700 1726 5739 vc—

117 5784 411 5841 hementia
444 5778 669 5846 ardoris,
705 5779 934 5835 defectio
985 5778 1436 5846 adjumentorum.
1502 5778 1726 5846 Propter

115 5892 241 5951 quae
297 5890 420 5932 non
467 5874 640 5932 solum
666 5873 881 5930 coalitus
925 5870 1250 5941 corripimur
1279 5877 1333 5924 et
1376 5869 1724 5939 castigamur,

1747 3260 1790 3323 C

1808 632 2004 702 quibus
2033 634 2227 688 subditi
2246 652 2355 689 esse
2381 636 2642 701 debemus,
2674 654 2773 691 non
2802 638 2968 693 solum
2995 649 3206 711 propter
3223 634 3409 709 iram,-

1807 724 1898 778 sed
1936 734 1984 778 et
2009 735 2217 795 propter
2238 729 2627 782 conscientiam.
2684 728 2782 795 Qui
2816 738 3037 800 propter
3056 732 3158 788 ista
3201 749 3387 790 emen-

1808 816 1978 871 danda
2006 819 2349 889 promulgant
2371 819 2534 890 leges,
2567 822 2862 876 decernunt
2888 824 3055 893 justa,
3080 838 3389 896 proponunt

1808 908 2088 979 supplicia,
2110 911 2340 975 vincula,
2372 920 2624 976 torturas,
2656 914 2881 985 ﬂagella,
2910 918 3118 983 exsilia,
3145 929 3390 990 amputa-

1806 998 1981 1053 tiones
2004 1000 2390 1068 membrorum,
2440 1004 2758 1058 amissiones
2787 1020 2991 1070 rerum,
3051 1007 3249 1063 diversi
3299 1002 3413 1080 ge;

1808 1092 1954 1145 neris
1990 1102 2222 1158 mortes;
2272 1102 2325 1147 et
2376 1093 2572 1148 auferri
2629 1111 2734 1150 non
2783 1105 3006 1166 possunt
3052 1100 3118 1153 de
3166 1103 3388 1157 mundo.

1806 1180 2033 1253 Propter
2069 1186 2170 1239 ista
2199 1186 2597 1241 ecclesiasticus
2624 1189 2797 1258 vigor,
2847 1192 3135 1260 correptio,
3169 1208 3388 1247 excom-

1808 1284 2121 1348 municatio,
2176 1284 2241 1337 de
2273 1284 2512 1339 Ecclesia
2563 1285 2825 1350 exclusio,
2870 1286 3013 1357 leges
3036 1288 3388 1356 pmnitentize,

1809 1375 2315 1440 anathematizatio;
2351 1384 2403 1428 et
2424 1375 2621 1430 auferri
2666 1391 2770 1431 non
2802 1387 3025 1444 possunt
3053 1380 3117 1433 de
3141 1380 3389 1435 ecclesia.

1808 1463 2219 1520 Constituantur
2260 1466 2492 1536 jndices,
2543 1467 2799 1522 insistunt
2847 1468 3017 1524 cilicia
3047 1512 3061 1535 ,
3104 1473 3395 1529 mittuntur

1807 1556 2032 1623 ultores,
2074 1565 2132 1611 ut
2158 1560 2274 1612 haec
2309 1559 2652 1625 corrigantur
2685 1577 2697 1612 :
2749 1567 2803 1613 et
2832 1561 2897 1613 ad
2927 1563 3198 1615 cumulum
3233 1564 3395 1620 mise-

1809 1644 2033 1709 riarum,
2066 1647 2258 1715 quibus
2285 1647 2528 1701 mortalis
2557 1647 2666 1701 vita
2714 1656 2888 1703 exstat
2921 1649 3253 1719 plenissima,
3301 1652 3394 1708 ubi

1810 1746 2009 1792 statuta
2034 1737 2262 1806 justitia,
2306 1740 2547 1809 nequitia
2603 1741 2948 1795 condemnari
2993 1751 3047 1796 et
3086 1744 3394 1799 innocentia

1812 1830 2013 1884 absolvi
2044 1838 2283 1899 putatur,
2308 1831 2609 1903 ignorantia
2642 1831 2858 1888 fallente
2885 1834 3201 1906 plerumque
3221 1853 3393 1893 econ-

1814 1922 1982 1976 trario
2009 1922 2203 1993 agitur,
2233 1935 2291 1979 ut
2320 1925 2525 1980 malitia
2538 1926 2731 1981 victrix
2759 1928 2963 1995 redeat,
3010 1938 3065 1984 et
3090 1930 3397 1986 innocentia

1812 2016 2087 2085 puniatur.

1883 2107 2023 2162 XXI.
2066 2108 2190 2163 [late
2225 2110 2519 2179 prohibitio
2560 2118 2611 2165 et
2658 2112 2888 2167 eruditio
2926 2120 3111 2168 contra
3142 2129 3236 2168 eas
3275 2112 3431 2168 cum’

1815 2200 2009 2268 quibus
2058 2200 2333 2253 nascimur
2358 2201 2612 2258 tenebras
2662 2182 2925 2274 vigilant,
2983 2212 3038 2258 et
3069 2214 3256 2258 contra
3301 2200 3431 2258 hos

1815 2288 2046 2356 impetus
2095 2298 2477 2358 opponuntur;
2524 2290 2694 2360 plena:
2750 2300 2925 2347 tamen
2967 2294 3129 2348 etiam
3159 2295 3288 2363 ipsa}
3316 2293 3399 2347 la-

1814 2379 2004 2433 borum
2049 2388 2104 2433 et
2153 2380 2414 2433 dolorum.
2478 2379 2613 2435 Nam
2664 2383 2791 2451 quid
2839 2383 2938 2437 sibi
2988 2385 3176 2438 volunt
3214 2384 3400 2438 multi-

1815 2474 1987 2527 modtc
2022 2472 2354 2539 formidines,
2414 2490 2531 2543 qua:
2575 2474 2891 2531 eohibendis
2932 2478 3095 2531 etiam
3151 2476 3397 2546 parvulo-

1815 2586 1937 2624 rum
1962 2570 2289 2624 vanitatibus
2310 2568 2632 2624 adhibentur
2658 2570 2681 2623 ?
2729 2570 2856 2639 quid
2900 2571 3222 2642 paedagogi?
3258 2560 3400 2641 quid
3432 2564 3433 2567 “

1815 2659 2107 2731 magistri?
2142 2659 2270 2729 quid
2314 2656 2544 2712 ferulaa?
2592 2659 2719 2727 quid
2766 2659 2899 2714 hora
2932 2657 3154 2731 [Forte,
3202 2659 3403 2732 lora]?

1817 2752 1942 2822 quid
1967 2751 2164 2821 virgae?
2207 2749 2333 2819 quid
2369 2750 2647 2820 disciplina
2678 2750 2790 2815 illa,
2821 2767 2925 2820 qua
2974 2750 3253 2821 Scriptura
3281 2762 3396 2806 san-

1818 2850 1904 2899 cta
1926 2842 2056 2897 dicit
2077 2842 2254 2896 dilecti
2310 2840 2403 2894 ﬁlii
2448 2841 2616 2896 latera
2657 2858 2777 2897 esse
2826 2842 3117 2905 tundendo,
3171 2857 3241 2897 ne
3284 2856 3404 2898 cre-

1818 2944 1935 2990 scat
1971 2935 2283 2999 indomitus,
2311 2934 2626 3003 domarique
2646 2936 2758 3005 jam
2784 2934 2952 2990 durus
2981 2943 3075 2989 aut
3101 2935 3189 2989 vix
3210 2936 3403 3005 possit,

1820 3030 1911 3077 aut
1934 3023 2161 3079 fortasse
2196 3037 2297 3077 nec
2320 3025 2523 3093 possit?
2573 3023 2714 3090 Quid
2739 3025 2917 3094 agitur
2955 3024 3041 3080 his
3078 3026 3254 3094 pvrnis
3286 3041 3405 3081 om-

1820 3117 1992 3181 nibus,
2042 3116 2225 3169 nisiut
2264 3114 2559 3169 debelletur
2581 3115 2868 3186 imperitia,
2920 3124 2975 3170 et
3000 3131 3166 3186 prava
3203 3117 3406 3187 cupidi-

1825 3218 1907 3265 tas
1944 3208 2263 3275 infrenetur,
2303 3224 2425 3264 cum
2476 3209 2673 3279 quibus
2721 3210 2876 3265 malis
2918 3211 2969 3265 in
3002 3211 3105 3265 hoc
3151 3211 3406 3267 smeulum

1822 3302 2103 3359 venimus?

1891 3394 2050 3448 XXII.
2094 3392 2235 3459 Quot
2261 3400 2316 3447 et
2343 3394 2558 3462 quantis
2596 3393 2771 3463 poenis
2797 3393 2914 3448 aliis
2961 3408 3127 3463 genus
3175 3394 3407 3463 agitetur

1820 3486 2112 3540 humanum
2139 3525 2154 3548 ,
2195 3498 2315 3553 qua:
2339 3499 2444 3537 non
2488 3482 2554 3537 ad
2592 3482 2851 3536 malitiam
2877 3491 2931 3535 ct
2958 3482 3253 3551 nequitiam
3304 3480 3405 3534 ini-
3434 3490 3437 3491 '

1822 3591 2072 3646 quorum,
2105 3574 2197 3629 sed
2248 3572 2314 3626 ad
2343 3572 2703 3628 conditionem
2722 3572 2995 3641 pertinent
3024 3570 3408 3641 miseriamque

1822 3680 2182 3730 communem,
2204 3663 2324 3734 quis
2347 3661 2459 3716 ullo
2484 3676 2734 3716 sermone
2765 3660 2978 3730 digerit,
3009 3660 3130 3729 quis
3178 3659 3287 3713 ulla
3317 3674 3408 3714 co-

1822 3757 2080 3828 gitatione
2131 3752 2575 3823 comprehendit?
2626 3751 2869 3817 Quantus
2916 3759 2997 3804 est
3033 3757 3208 3804 metus
3246 3764 3275 3803 a
3318 3748 3409 3803 de-

1822 3848 2157 3917 ceptionibus
2194 3853 2248 3899 et
2278 3843 2574 3898 mendaciis
2600 3842 2900 3903 hominum,
2956 3857 2983 3894 a
3010 3840 3409 3909 suspicionibus

1820 3939 2006 3993 falsis?
2054 3937 2263 4003 Quanta
2304 3928 2555 4005 putamus
2584 3949 2723 3999 esse,
2774 3949 2933 4003 quam
2988 3933 3207 3997 misera,
3243 3946 3407 4003 quam

1822 4030 2045 4086 dolenda
2061 4010 2097 4082 ?'
2113 4027 2553 4097 Quandoquidem
2568 4027 2621 4080 hi
2643 4026 2908 4096 iudicant,
2938 4025 3027 4094 qui
3051 4025 3412 4080 conscientias

1822 4136 2010 4176 eorum
2032 4121 2097 4175 de
2111 4120 2307 4189 quibus
2328 4117 2575 4186 iudicant
2615 4132 2841 4172 cernere
2868 4126 3161 4186 nequeunt,
3205 4124 3260 4171 et
3287 4131 3411 4172 cum

1823 4212 1943 4281 quis
1990 4211 2251 4281 qumritur
2296 4217 2474 4262 utrum
2504 4209 2575 4261 sit
2601 4222 2800 4262 nocens
2839 4208 3129 4270 cruciatur,
3181 4214 3235 4261 et
3263 4207 3413 4261 inno-

1822 4319 1951 4360 cens
1986 4302 2085 4357 luit
2110 4317 2209 4372 pro
2235 4302 2441 4356 incerto
2467 4300 2671 4356 scelere
2697 4301 3026 4355 certissimas
3051 4315 3269 4369 pmnas;
3303 4313 3411 4356 non

1792 4400 1793 4403 ‘
1825 4395 1967 4465 quod
1982 4394 2108 4447 illud
2140 4394 2477 4449 commisisse
2490 4392 2776 4465 detegitur,
2795 4394 2885 4448 sed
2906 4394 3048 4463 quod
3061 4408 3168 4449 non
3185 4393 3411 4447 commi-

1825 4486 1958 4563 sisse
1980 4485 2239 4540 nescitur.
2296 4484 2373 4540 Ac
2393 4500 2490 4555 per
2509 4486 2613 4540 hoc
2637 4485 2939 4555 ignorantia
2961 4484 3159 4551 judicis
3181 4484 3412 4555 plerum-

1825 4594 1929 4647 que
1966 4585 2047 4631 est
2081 4575 2363 4631 calamitas
2400 4577 2732 4637 innocentis;
2773 4586 2827 4631 et
2856 4577 2997 4645 quod
3026 4582 3108 4630 est
3144 4576 3412 4631 intolera—

1823 4669 1983 4724 bilius
2035 4668 2312 4739 magisque
2352 4667 2729 4737 plangendum,
2789 4667 3179 4737 rigandumque
3223 4668 3268 4722 si
3290 4666 3411 4723 ﬁeri

1824 4769 2002 4830 potest
2028 4760 2265 4815 fontibus
2302 4759 2694 4831 lacrymarum;
2747 4775 2868 4814 cum
2916 4768 3202 4829 propterea
3243 4759 3411 4830 judex

1827 4860 2079 4921 torqueat
2127 4858 2458 4913 accusatum,
2496 4866 2564 4904 ne
2618 4850 2830 4904 occidat
2870 4849 3117 4904 nesciens
3148 4850 3411 4905 innocen-

1826 4949 1956 5007 tem,
1984 4942 2046 4995 fit
2072 4957 2169 5011 per
2188 4940 2505 5011 ignorantiae
2530 4940 2825 5005 miseriam,
2855 4948 2914 4994 ut
2943 4948 2998 4994 et
3022 4947 3221 4994 tortum
3248 4947 3301 4995 et
3330 4940 3413 4994 in-

1827 5040 2109 5089 nocentem
2160 5032 2388 5095 occidat,
2435 5046 2595 5101 quem
2640 5047 2706 5085 ne
2759 5032 3098 5085 innocentem
3138 5029 3415 5085 occideret

1790 5174 1791 5177 η
1826 5132 2072 5181 torserat.
2131 5124 2266 5190 Quia
2295 5124 2612 5193 plerumque
2659 5123 2711 5177 hi
2744 5124 2833 5193 qui
2862 5130 3178 5194 arguuntur,
3216 5122 3267 5175 vi
3315 5120 3414 5176 do-

1824 5219 1954 5273 loris
1982 5218 2239 5286 superati,
2291 5216 2357 5270 de
2389 5231 2447 5270 se
2487 5217 2619 5271 falsa
2666 5216 2897 5269 confessi
2926 5216 3088 5271 etiam
3116 5215 3414 5285 puniuntur

1825 5312 2164 5374 innocentes,
2193 5318 2247 5363 et
2270 5318 2453 5362 utrum
2483 5308 2822 5362 innocentem
2850 5322 2917 5360 an
2942 5315 3225 5360 nocentem
3244 5305 3413 5375 judex
3450 5368 3451 5373 η

1827 5404 2104 5467 occiderit,
2155 5390 2347 5457 nescit.
2424 5402 2628 5455 Verum
2668 5407 2753 5454 est
2781 5400 2922 5468 quod
2974 5398 3049 5452 ait
3098 5397 3411 5467 Scriptura:

1832 5495 2069 5549 Tentatio
2098 5503 2170 5548 est
2202 5495 2309 5547 vita
2339 5492 2562 5546 hominis
2597 5507 2754 5561 super
2781 5500 2994 5567 terram.
3046 5486 3144 5543 Et:
3190 5486 3417 5557 Propter

1826 5590 2156 5661 iniquitatem
2197 5586 2494 5656 corripuisti
2527 5585 2807 5647 hominem,
2836 5593 2883 5637 et
2939 5581 3197 5635 tabescere
3244 5579 3415 5649 fecisti

1827 5681 1959 5733 sicut
1991 5695 2237 5733 araneam
2262 5677 2493 5730 animam
2520 5675 2653 5745 ejus.
2709 5672 2967 5728 Oriuntur
2996 5672 3139 5726 inter
3160 5667 3415 5724 Ecclesia:

1829 5779 2068 5827 rectores
2119 5779 2172 5823 et
2228 5767 2538 5838 reipublicae
2588 5765 3052 5820 administratores
3116 5761 3414 5813 innumera:

1830 5865 2223 5928 contentiones,
2262 5871 2316 5918 et
2348 5860 2634 5932 instigante
2672 5856 2945 5927 superbia,
2994 5852 3284 5922 cupiditate
3330 5857 3411 5906 at-
