4012 6364
1591 347 1911 404 LEIDBADI
1946 344 2154 403 ωειλ
2188 335 2408 395 EPISC.
2467 337 2848 396 EPISTOLE.

588 481 694 538 que
739 465 941 524 invidia
970 474 1025 524 et
1066 468 1266 524 clausis
1309 466 1481 523 oculis
1521 466 1763 523 zeiamur
1788 474 1844 522 et
1887 464 2174 535 belligera-
2197 457 2253 518 Δ
2272 452 2490 537 Ηυπΐίιο
2527 453 2641 509 Hoc
2670 461 2849 509 amem
2884 451 3088 511 bellum
3113 464 3392 527 umquam
3419 454 3595 511 unum
3619 465 3779 521 0688!,
3802 459 3853 516 ﬁ

586 576 711 619 mus
730 562 799 618 ad
831 552 1064 619 invicem
1084 563 1316 633 proximi
1356 561 1551 631 quibus
1764 559 1980 614 Nemini
2016 556 2173 628 quid-

586 668 747 726 quam
766 653 1019 720 debeatis,
1051 655 1152 709 nisi
1178 664 1232 709 ut
1246 656 1463 709 invicem
1485 652 1821 724 diiigatis.Et
1840 659 1918 707 tot
1942 667 2005 707 ac
2022 658 2171 715 tanta

584 743 733 802 mala
780 747 935 803 nobis
975 747 1313 804 imminentia
1364 748 1760 812 consentimus,
1805 746 2001 816 quibus
2048 758 2171 801 esse

586 852 696 893 non
710 837 937 895 debebat
951 843 1203 896 adversus
1223 856 1432 895 carnem
1446 852 1491 894 et
1513 841 1822 910 sanguinem
1848 838 2168 902 colluctatio,

586 930 679 987 sed
708 918 955 987 adversus
999 934 1256 1005 principes
1293 942 1342 988 et
1368 941 1644 1003 potestates
1670 971 1685 995 ,
1716 929 1962 995 adversus
1988 929 2172 984 rmth

586 1018 811 1079 rectores
831 1024 1157 1080 tenebrarum
1178 1025 1388 1090 harum,
1420 1024 1669 1079 adversus
1705 1022 1969 1093 spiritalia
1989 1021 2173 1093 nequi-

534 1113 543 1121 ’
586 1112 677 1170 tiae
706 1114 763 1170 in
791 1114 1095 1173 mlestibus.
1124 1117 1330 1173 lndicta
1358 1126 1485 1173 sunt
1522 1115 1682 1172 nobis
1722 1116 2004 1171 innumera
2031 1113 2173 1169 bella

583 1207 837 1280 principis
883 1220 933 1264 et
959 1212 1227 1281 potestatis
1273 1212 1411 1266 aeris
1441 1211 1601 1282 hujus
1627 1250 1641 1276 ,
1692 1210 1781 1281 qui
1828 1216 2074 1280 apemtur
2116 1208 2173 1262 in

587 1286 724 1373 tilias
760 1300 1098 1373 diﬁidentim,
1146 1303 1302 1359 saevit
1325 1303 1612 1359 adversum
1641 1317 1740 1356 nos
1780 1302 1906 1355 totis
1942 1300 2168 1357 viribus.

654 1372 847 1448 Xxui.
890 1393 1150 1451 Terrorcs
1174 1396 1339 1450 etiam
1380 1396 1573 1452 divinae
1615 1394 2052 1450 comminationis
2089 1394 2171 1448 in-

580 1491 777 1540 tonaut
818 1501 981 1556 super
1013 1503 1131 1543 nos.
1174 1487 1451 1544 Severitas
1492 1488 1670 1560 legum
1701 1496 1757 1543 et
1782 1487 2051 1542 districtio
2085 1501 2172 1541 re-

582 1590 711 1647 gum
735 1575 963 1648 vigilant
984 1579 1052 1635 ad
1077 1581 1406 1636 coercendos
1428 1596 1548 1647 nos,
1584 1589 1642 1635 et
1667 1580 1803 1635 nihil
1847 1581 2045 1635 horum
2082 1588 2169 1635 at-

583 1665 876 1736 tendimus,
904 1670 1092 1727 nisiut
1114 1673 1335 1728 inuicem
1365 1673 1702 1729 mordearnus
1734 1682 1781 1727 et
1813 1674 2168 1741 comedamus,

2273 555 2467 601 natura
2512 548 2748 603 humana
2794 563 2893 619 per
2929 548 3164 605 liberum
3217 551 3509 606 arbitrium
3548 551 3605 607 in
3644 555 3851 610 recum-

2273 638 2419 705 dine,
2466 639 2522 694 in
2562 655 2670 709 qua
2710 640 2851 696 facta
2878 650 2982 706 est,
3016 644 3360 713 perstiﬁsSet.
3390 644 3548 699 Nunc
3577 660 3709 700 vero
3741 662 3851 717 qua

2271 744 2462 799 pacem
2511 730 2641 786 felix
2680 749 2805 788 cum
2838 732 2951 789 Deo
2980 735 3183 791 habere
3220 736 3416 801 noluit,
3447 748 3634 792 secum
3665 747 3849 811 pugnat

2274 821 2480 889 infelix,
2506 833 2562 878 et
2587 841 2711 880 cum
2738 827 2811 881 sit
2840 827 2963 882 hoc.
2983 870 2995 882 .
3019 868 3032 882 .
3052 869 3095 883 ..
3119 868 3135 883 .
3161 831 3356 884 melius
3376 840 3461 886 est
3490 840 3677 886 tamen
3704 846 3849 901 qua.

2272 915 2456 983 priora
2505 916 2631 971 vita:
2679 918 2859 988 hujus.
2911 918 3101 975 Melius
3142 920 3455 992 conﬂigitur
3495 922 3695 993 quippe
3740 932 3845 979 cum

2274 1009 2441 1075 vitiis,
2469 1025 2633 1080 quam
2659 1028 2783 1067 cum
2814 1014 2931 1069 sine
2966 1016 3077 1070 ulla
3116 1016 3460 1073 conﬂictione
3496 1019 3845 1074 dominantur.

2274 1100 2468 1158 Melius
2495 1112 2601 1169 est,
2635 1105 2877 1175 inquam,
2928 1106 3127 1163 bellum
3156 1120 3279 1163 cum
3317 1125 3412 1180 spe
3447 1111 3603 1182 pacis
3631 1118 3842 1181 aeterna,

2274 1208 2438 1263 quam
2484 1194 2604 1251 sine
2646 1196 2755 1250 ulla
2798 1197 3140 1255 iiberationis
3187 1201 3518 1270 cogitatione
3559 1204 3842 1273 captivitas.

2275 1283 2534 1354 Cepimus
2580 1291 2799 1359 quidem
2844 1292 3011 1347 etiam
3048 1292 3191 1350 bello
3224 1296 3437 1362 Carere,
3486 1306 3545 1352 et
3585 1299 3653 1353 ad
3681 1305 3845 1371 capes-

2274 1380 2500 1433 sendam
2536 1383 3001 1440 ordinatissimam
3038 1400 3249 1456 pacem,
3282 1389 3374 1443 ubi
3405 1380 3717 1445 ﬁrmissima
3750 1400 3842 1448 ita.

2272 1472 2486 1530 bilitate
2527 1479 2831 1547 potioribus
2875 1480 3134 1535 inferiora
3176 1482 3496 1548 subdantur,
3531 1485 3657 1557 igne
3699 1485 3841 1543 divini

2274 1567 2478 1623 amoris
2504 1570 2925 1626 succendimnr:
2957 1572 3053 1629 sed
3086 1574 3154 1640 si,
3186 1577 3329 1645 quod
3357 1577 3518 1642 absit,
3548 1578 3687 1634 illius
3717 1586 3841 1635 tanta

2272 1660 2401 1715 boni
2434 1675 2558 1730 spes
2590 1663 2736 1718 nulla
2772 1672 2939 1731 esset,
2970 1666 3132 1723 malle
3160 1668 3450 1726 debuimus
3475 1670 3533 1725 in
3560 1670 3716 1741 huius
3738 1684 3842 1728 cons

580 1764 642 1812 ut
670 1757 737 1814 ab
767 1758 987 1816 inuicem
1013 1777 1404 1818 consumantur.
1448 1763 1588 1829 Heu,
1630 1764 1767 1835 proh
1804 1763 1984 1820 dolor!
2036 1764 2171 1820 Tam

2279 1750 2530 1810 dictionis
2558 1757 2805 1812 molestia
2834 1772 3139 1827 remanere,
3179 1770 3347 1834 'quam
3380 1764 3531 1819 vitiis
3566 1766 3617 1819 in
3648 1774 3743 1822 nos
3766 1765 3841 1823 do:

579 1851 763 1908 εεαιιυί
800 1855 1079 1927 pergimus
1122 1855 1194 1911 ad
1241 1856 1479 1911 τεηεδνα,
1528 1832 1830 1925 επιέτίονεε,
1890 1859 2047 1929 quasi
2097 1859 2173 1915 ibi
2203 1832 2252 1895 Β
2279 1847 2652 1913 minutionem,
2686 1864 2795 1904 non
2826 1852 2909 1907 eis
2939 1832 3262 1920 resistendo,
3295 1858 3635 1925 permittere.

580 1944 740 2000 nobis
763 1945 1007 2001 cubicula
1041 1956 1414 2015 exstruuntur,
1452 1950 1651 2005 cubilia
1679 1959 2015 2016 sternantur,
2039 1951 2172 2006 deli-

582 2032 683 2090 ciae
728 2047 1143 2108 praeparentur,
1188 2042 1424 2097 ministri
1472 2054 1872 2114 procurentur,
1930 2046 2172 2100 thesauri

583 2137 965 2199 congerantur,
1005 2142 1321 2189 ornamenta
1349 2135 1796 2205 multiplicemur,
1838 2154 1962 2193 cum
1990 2137 2174 2210 Scrip-

584 2228 709 2275 tura
740 2223 922 2278 dicat:
952 2223 1314 2299 Quodcunque
1340 2238 1507 2298 potest
1531 2246 1718 2285 manus
1750 2241 1841 2285 tua
1872 2232 2066 2301 facere,
2095 2233 2173 2286 in-

580 2321 783 2369 stanter
795 2331 1012 2386 operare
1025 2330 1043 2368 .·
1059 2319 1184 2388 quia
1207 2334 1298 2374 nec
1320 2336 1473 2390 opus,
1488 2328 1581 2375 nec
1604 2324 1759 2389 ratio,
1777 2340 1868 2377 nec
1883 2325 2171 2395 sapientia,

579 2420 674 2460 nec
690 2406 906 2462 scientia
926 2419 1079 2464 erunt
1102 2411 1246 2482 apud
1265 2412 1487 2482 inferos,
1516 2431 1618 2485 quo
1638 2425 1693 2469 tu
1714 2432 1983 2486 properas.
2019 2417 2175 2474 Unde

576 2498 735 2555 nobis
750 2507 861 2557 tam
876 2502 1157 2575 impudens
1178 2507 1450 2577 superbia,
1465 2508 1772 2579 importuna
1790 2513 2080 2582 cupiditas,
2096 2514 2175 2569 in-

578 2587 782 2647 frunita
822 2592 1084 2649 lascivia?
1121 2597 1226 2652 nisi
1254 2598 1379 2668 quia
1407 2601 1475 2655 ad
1505 2616 1568 2655 ea
1599 2602 1796 2670 quibus
1822 2604 1876 2657 in
1906 2605 2176 2675 baptismo

580 2684 1106 2756 abrenuntiavimus,
1127 2690 1499 2760 imprudenter
1520 2696 1873 2763 revertimur;
1896 2705 1952 2752 et
1972 2698 2176 2753 contin-

582 2774 662 2846 git
685 2776 843 2833 nobis
872 2794 960 2835 res
987 2780 1101 2835 veri
1120 2783 1396 2852 proverbii
1419 2802 1432 2838 :
1456 2781 1621 2841 Canis
1649 2788 1891 2843 reversus
1919 2790 1988 2843 ad
2018 2792 2178 2844 uomi-

580 2874 693 2921 tum
719 2884 892 2936 suum,
923 2882 971 2926 et
998 2889 1090 2928 sus
1126 2872 1237 2929 ιοω
1276 2877 1335 2932 in
1378 2876 1651 2933 volutabra
1683 2879 1803 2935 tuti.
1844 2880 1995 2935 Unde
2041 2881 2178 2939 bella

581 2965 633 3012 et
679 2957 819 3028 lites,
875 2962 951 3017 ait
998 2963 1319 3035 Apostolus,
1369 2970 1428 3024 in
1472 2969 1651 3026 vobis?
1694 2971 1886 3027 Nonne
1925 2975 2178 3031 hinc:es

582 3053 1017 3122 concupiscentiis
1070 3059 1287 3127 vestris,
1350 3066 1473 3134 ne
1523 3063 1754 3120 militant
1815 3067 1875 3121 in
1932 3069 2176 3127 membris

583 3144 805 3200 vestris?

2351 1937 2540 1994 XXVI.
2605 1940 3021 2013 Suscipiendum
3077 1954 3162 2001 est
3213 1947 3381 2018 igitur
3429 1948 3627 2005 bellum
3678 1960 3838 2008 contra

2275 2029 2428 2095 vitia,
2476 2039 2533 2086 et
2559 2034 2856 2102 gerendum
2900 2036 3121 2103 acriter,
3174 2054 3242 2094 ne
3280 2040 3346 2093 ad
3381 2040 3696 2096 damnabilis
3722 2058 3836 2113 pec-

2277 2131 2401 2178 cata
2446 2126 2766 2193 perducant.
2816 2128 2884 2181 Et
2922 2130 3194 2200 siquidem
3235 2132 3478 2187 nondum
3522 2136 3829 2191 victoriarum

2276 2220 2673 2301 consuetudine
2720 2221 2979 2277 roborata
3030 2232 3175 2291 sunt,
3230 2225 3446 2282 facilius
3493 2228 3752 2282 vincuntur
3785 2230 3837 2282 et

2278 2310 2477 2365 cedunt
2507 2329 2520 2364 :
2552 2311 2597 2365 si
2624 2322 2805 2367 autem
2830 2314 3048 2369 vincere
3086 2324 3251 2387 atque
3283 2316 3556 2386 imperare
3580 2332 3836 2373 consueve-

2278 2411 2428 2467 runt,
2455 2402 2726 2459 laboriosa
2752 2405 3070 2462 difﬁcultate
3100 2416 3452 2479 superantur.
3494 2409 3619 2465 Hac
3654 2418 3730 2466 est
3758 2416 3834 2463 an;

2280 2505 2389 2552 tem
2417 2497 2471 2551 in
2495 2497 2602 2553 fide
2632 2498 2853 2554 Christi.
2896 2499 3032 2556 Nam
3062 2503 3108 2557 si
3143 2502 3231 2557 lex
3260 2503 3459 2573 iubens
3490 2504 3646 2568 adsit,
3674 2510 3723 2559 et
3748 2501 3834 2576 api.

2280 2587 2420 2643 ritus
2439 2588 2636 2659 juvans
2664 2589 2839 2657 desit;
2867 2606 2966 2661 per
2992 2593 3166 2663 ipsam
3203 2594 3628 2664 prohibitionem
3662 2594 3837 2651 deside

2280 2680 2366 2735 rio
2392 2689 2674 2737 crescente
2704 2684 2913 2752 peccati
2957 2693 3121 2756 atque
3158 2686 3430 2753 vincente,
3478 2688 3642 2743 etiam
3685 2692 3834 2744 reatus

2280 2776 2748 2844 praevaricationis
2799 2779 3037 2834 accedat.
3084 2776 3485 2853 Nonnunquam
3534 2790 3662 2838 sane
3708 2792 3833 2853 aper-

2283 2866 2495 2921 tissima
2553 2868 2682 2923 vitia
2727 2870 2850 2925 aliis
2902 2872 3049 2927 vitiis
3098 2874 3393 2928 vincuntur
3448 2875 3689 2939 occultis,
3737 2880 3832 2944 qua:

2283 2968 2545 3032 putantur
2580 2978 2703 3020 esse
2742 2965 2993 3032 virtutes,
3027 2967 3081 3021 in
3103 2968 3299 3036 quibus
3324 2975 3515 3040 regnat
3541 2968 3764 3039 superbia
3788 2969 3835 3022 et

2283 3056 2530 3125 quaedam
2576 3055 2677 3111 sibi
2724 3057 2972 3127 placendi
3016 3053 3246 3115 altitudo
3295 3061 3540 3116 ruinosa.
3595 3061 3694 3118 Sed
3730 3066 3835 3115 tunc

2285 3147 2431 3202 victa
2459 3150 2592 3204 vitia
2623 3149 2929 3221 deputanda
2970 3159 3115 3219 sunt,
3153 3168 3276 3240 cum
3308 3152 3407 3209 Dei
3438 3167 3617 3211 amore
3641 3153 3837 3209 vincun-

660 3235 851 3295 XXIV.
892 3240 1239 3301 Manifestum
1285 3254 1369 3304 est
1417 3264 1569 3322 ergo,
1609 3266 1826 3307 omnem
1872 3216 2251 3309 cdntentioac
2287 3247 2413 3305 “'3;
2462 3250 2628 3310 quem
2676 3216 2779 3297 liiSi
2834 3243 2977 3299 Deus
3024 3216 3139 3315 ipse
3187 3218 3295 3301 1:0"
3349 3247 3538 3311 αοηεην
3576 3256 3669 3300 υοο
3700 3245 3841 3299 alii“

585 3342 715 3387 nem
750 3331 893 3389 inter
929 3351 1029 3392 nos
1055 3353 1124 3393 ex
1154 3340 1449 3411 cupiditate
1481 3343 1653 3399 oriri:
1676 3345 1931 3416 quoniam
1961 3358 2068 3401 non
2096 3355 2180 3403 est

589 3422 700 3480 tale
742 3424 945 3482 bonum
988 3431 1133 3501 quod
1171 3432 1264 3489 hic
1309 3434 1574 3503 amamus,
1612 3445 1674 3492 ut
1700 3437 1875 3495 nullas
1903 3441 2180 3511 angustias

584 3511 753 3571 faciat
795 3523 1161 3580 a‘matoribus‘
1184 3525 1315 3582 suis.
1356 3526 1481 3583 ideo
1527 3527 1844 3601 plerumque
1889 3532 2181 3588 dividimur

584 3605 880 3681 litigando,
924 3615 1237 3674 mortiferas
1282 3629 1376 3675 aut
1425 3628 1576 3677 certe
1621 3623 1878 3679 mortales
1920 3624 2180 3682 victorias

586 3702 934 3772 requirendo,
963 3715 1020 3761 et
1059 3720 1181 3764 cum
1218 3710 1343 3781 quis
1365 3711 1560 3767 vicerit
1588 3714 1852 3783 superbus
1877 3715 2175 3770 extollitur.

588 3792 649 3850 Si
674 3800 807 3853 vero
831 3800 1198 3857 conditionem
1243 3804 1489 3876 cogitans
1534 3812 1801 3877 casusque
1839 3823 2175 3876 communes,

585 3886 763 3957 mgis
782 3902 903 3958 qua;
924 3890 1175 3947 accidere
1199 3902 1427 3964 possunt
1448 3896 1690 3953 adversis
1716 3898 1931 3969 angitur
1959 3940 1973 3966 ,
2015 3912 2180 3969 quam

587 3980 669 4036 eis
711 3992 833 4053 quae
874 3986 1227 4053 provenerint
1276 3990 1528 4045 secundis
1577 3992 1742 4047 rebus
1792 3990 2028 4047 inﬂatur.
2066 3991 2180 4049 Res

586 4074 734 4130 enim
772 4077 1025 4147 quaelibet
1058 4087 1271 4136 terrena
1294 4082 1455 4139 simul
1484 4094 1517 4137 a
1544 4083 1726 4139 multis
1763 4085 2030 4155 possideri
2069 4100 2179 4140 non

586 4176 790 4243 potest;
841 4173 967 4242 quia
1010 4174 1055 4229 si
1096 4189 1239 4231 unus
1277 4176 1545 4246 possidet,
1578 4175 1645 4231 ab
1675 4173 1791 4246 ejus
1835 4178 2179 4247 possessione

585 4259 729 4318 alter
759 4262 1082 4319 excluditur.
1113 4264 1222 4320 Res
1246 4275 1428 4322 autem
1457 4267 1670 4333 divinae,
1701 4280 1838 4337 quas
1863 4267 2005 4323 Deus
2022 4265 2181 4336 jubet

585 4360 648 4411 nt
690 4367 953 4424 amemus,
997 4359 1077 4413 sic
1104 4375 1135 4413 a
1159 4361 1345 4416 multis
1384 4362 1749 4431 possidentur,
1780 4368 1841 4417 ut
1885 4363 2019 4417 nulli
2060 4379 2179 4421 cre-

583 4455 771 4506 scenis
793 4454 1024 4506 numero
1050 4452 1458 4521 possidentium,
1480 4452 1681 4523 aliquid
1702 4453 1993 4507 minuatur.
2019 4453 2178 4511 Nullo

584 4542 734 4602 enim
778 4533 942 4599 modo
989 4542 1049 4598 ﬁt
1096 4544 1296 4611 minor,
1343 4544 1631 4601 accedente
1676 4552 1770 4599 Seu
1826 4552 2177 4614 permanente

584 4628 838 4695 euasurus
863 4636 1137 4707 possessio
1160 4634 1449 4702 bonitatis;
1481 4634 1591 4690 imo
1624 4634 1896 4705 passessio
1936 4635 2175 4703 bonitas,

589 4734 757 4800 quam
782 4732 936 4783 tanto
963 4726 1144 4793 latins,
1178 4735 1381 4797 Quanto
1417 4726 1738 4783 concordius
1776 4726 2052 4782 individua
2091 4742 2178 4783 so—

584 4819 796 4876 ciorum
823 4820 1062 4890 possidet
1090 4818 1347 4876 Charitas.
1375 4816 1494 4874 Non
1524 4817 1745 4875 habebit
1770 4818 1928 4874 istam
1956 4832 2175 4891 posses-

556 4910 830 4985 ,sionem,
869 4912 963 4983 qui
1009 4928 1130 4968 eam
1175 4911 1411 4973 noluerit
1455 4913 1658 4985 habere
1712 4924 2050 4970 communem
2080 4934 2091 4969 :
2121 4925 2179 4971 et

554 4981 745 5059 gtanto
770 4981 1153 5073 eam—reperiet
1195 4981 1534 5075 ampliorem,
1586 5006 1790 5077 quanto
1827 5007 1902 5062 ibi
1942 5004 2176 5079 amplius

582 5096 828 5169 potuerit
851 5112 1034 5151 amare
1058 5107 1381 5154 consortem.
1409 5098 1544 5167 Quia
1572 5116 1701 5173 ergo
1723 5101 1827 5156 ista
1845 5116 1963 5171 qure
1986 5106 2174 5158 amare

592 5187 852 5245 debemus
890 5188 1193 5245 inordinate
1242 5206 1506 5260 amamus,
1551 5193 1672 5249 ideo
1702 5192 1841 5250 bella
1874 5203 1929 5251 et
1957 5194 2079 5252 lites
2106 5212 2175 5252 ex

590 5282 1046 5353 cuntupiscentiis
1070 5284 1265 5339 nostris
1291 5286 1542 5342 oriuntur
1564 5287 1617 5341 in
1649 5287 1823 5343 nobis.

663 5370 828 5430 XXV.
883 5372 987 5430 Sed
1034 5376 1308 5433 sciendum
1361 5377 1515 5435 nobis
1558 5389 1662 5447 est,
1706 5381 1957 5437 omnibus
2002 5384 2179 5438 modis

590 5462 701 5525 non
748 5480 905 5539 posse
948 5485 1046 5527 nos
1087 5473 1153 5527 ad
1193 5488 1420 5545 regnum
1465 5474 1617 5545 pacis
1649 5482 1866 5530 aeterna:
1914 5477 2174 5544 transire,

589 5557 697 5616 nihi
725 5560 813 5617 hic
855 5575 979 5619 eam
1023 5580 1214 5637 pacem
1247 5567 1604 5633 tenuerimus,
1640 5572 1799 5636 quam
1833 5566 1958 5621 belli
1992 5568 2172 5637 hujus,

589 5648 651 5709 in
677 5656 783 5725 quo
811 5654 939 5710 caro
977 5658 1311 5726 concupiscit
1338 5658 1599 5712 advchus
1637 5657 1906 5727 spiritum,
1939 5665 1993 5711 et
2021 5659 2180 5729 Spiri-

590 5742 684 5803 tus
710 5745 967 5804 adversus
994 5760 1238 5813 carnem,
1279 5746 1465 5807 multis
1492 5756 1549 5805 et
1581 5749 1750 5806 variis
1786 5750 2179 5808 certaminibus

660 5834 695 5879 ι
732 5835 814 5892 Ex
840 5837 1058 5895 Baluzio
1088 5838 1346 5897 secunda.

2285 3330 2471 3398 donat,
2498 3332 2601 3388 nisi
2631 3348 2723 3403 per
2741 3334 3084 3390 mediatorem
3107 3336 3206 3391 Dei
3234 3346 3281 3391 et
3308 3337 3566 3392 hominum
3601 3337 3836 3393 hominem

2285 3420 2553 3477 Christum
2590 3422 2793 3490 Iesum,
2840 3427 2931 3497 qui
2970 3426 3146 3484 factus
3190 3438 3276 3484 est
3313 3431 3585 3500 particeps
3625 3426 3842 3485 mortali-

2285 3519 2414 3574 tatis
2467 3528 2668 3575 nostra:
2693 3560 2708 3587 ,
2749 3528 2811 3576 ut
2857 3534 2957 3577 nos
2989 3522 3286 3593 participes
3333 3523 3543 3582 faceret
3581 3521 3843 3581 divinitatis

2283 3627 2414 3669 883%

2876 3706 3214 3764 EPISTOLA
3252 3709 3339 3766 ΙΠ.

2881 3810 2949 3854 ΑΒ
3001 3808 3266 3857 εοηοκεν.

2353 3890 2703 3947 Charissima:
2727 3906 2791 3947 ac
2818 3893 3317 3962 suspicientissimae
3339 3894 3391 3949 in
3421 3888 3646 3951 Christo
3666 3900 3835 3951 sancta

2282 3983 2460 4040 sorori
2480 3984 2781 4040 Leidradus
2801 3984 2930 4040 licet
2955 3985 3205 4056 indignus
3224 3986 3606 4059 Lugdunensis
3628 3985 3845 4044 Ecclesia

2284 4078 2570 4149 episcopus
2604 4078 2660 4134 in
2687 4079 2915 4136 Domino
2947 4078 3074 4136 Jesu
3105 4079 3325 4137 Christo
3363 4083 3745 4152 sempiternam
3775 4092 3843 4137 sa-

2282 4171 2469 4226 intem.

2354 4262 2697 4335 Cognoscere
2738 4263 2989 4334 dignetur
3028 4258 3315 4334 prudentia
3356 4260 3628 4319 almitatis
3654 4272 3749 4318 tua:
3770 4272 3847 4315 nos

2277 4352 2434 4424 juxta
2460 4355 2660 4411 donum
2689 4352 2943 4410 donantis
2980 4350 3075 4409 Dei
3122 4355 3330 4410 viribus
3364 4355 3616 4425 corporis
3646 4354 3848 4425 aliquan-

2285 4446 2456 4518 tisper
2489 4447 2822 4518 prmvalere;
2866 4455 2921 4503 et
2950 4447 3246 4503 secundum
3277 4444 3443 4518 quod,
3473 4448 3518 4503 si
3550 4446 3755 4504 incerta
3782 4460 3848 4500 sa-

2281 4538 2367 4595 lus
2410 4548 2634 4611 prepter
2672 4548 2954 4611 suspectos
3002 4554 3162 4596 casus
3192 4540 3316 4595 vita:
3368 4534 3530 4610 hujus
3576 4539 3756 4605 habet,
3799 4533 3849 4591 de

2286 4634 2458 4691 salute
2494 4640 2681 4690 nostra
2716 4635 2922 4706 gratias
2950 4634 3059 4691 Deo
3095 4634 3314 4690 debere.
3346 4633 3555 4690 Deinde
3587 4633 3847 4691 secundum

2285 4727 2430 4784 vires
2457 4724 2625 4782 animi
2651 4742 2922 4782 memores
2946 4742 3045 4783 nos
3071 4740 3189 4782 esse
3218 4728 3274 4782 in
3300 4726 3649 4783 orationibus
3684 4722 3849 4781 nostris

2282 4834 2384 4893 pro
2406 4818 2581 4875 salute
2619 4810 2803 4875 vestra
2841 4818 3129 4890 temporali
3154 4827 3209 4875 et
3233 4827 3460 4875 aeterna.
3497 4818 3614 4877 Vos
3649 4831 3847 4890 quoque.

2283 4912 2331 4966 si
2358 4908 2497 4967 bene
2526 4908 2740 4979 valetis,
2775 4922 2831 4968 et
2862 4912 2916 4966 in
2942 4912 3280 4969 orationibus
3307 4913 3529 4979 vestris,
3558 4908 3713 4984 juxta
3737 4907 3849 4982 quod
3950 4984 3951 5007 χ

2285 5006 2351 5061 de
2390 5002 2544 5061 vobis
2582 5003 2926 5072 conﬁdimus,
2958 5020 3229 5062 memores
3254 5004 3427 5063 nostri
3453 5009 3592 5064 estis
3611 5050 3627 5074 ,
3657 5008 3851 5062 immen-

2287 5114 2377 5155 sas
2405 5099 2517 5154 Deo
2540 5099 2826 5156 referimus
2857 5099 3085 5171 gratias,
3125 5114 3192 5156 eo
3218 5099 3362 5172 quod
3398 5101 3699 5158 secundum
3734 5093 3849 5172 quod
3950 5172 3951 5175 η

2286 5192 2656 5247 desideramus
2686 5207 2808 5248 esse
2836 5207 2933 5248 vos
2972 5199 3204 5249 constat.
3242 5192 3380 5250 Novi
3415 5198 3603 5253 autem
3642 5194 3850 5250 animum
3950 5192 3951 5257 ξ

2286 5289 2529 5337 vestrum
2574 5290 2749 5353 nuper
2793 5285 3103 5340 vehementi
3150 5284 3336 5341 dolore
3382 5288 3719 5358 perculsum,
3752 5291 3850 5358 post
3950 5284 3951 5358 ἦ

2286 5380 2519 5430 martem
2558 5374 2676 5443 lilii,
2709 5385 2899 5447 postea
2938 5378 3147 5436 fratris.
3197 5379 3265 5435 Et
3300 5380 3488 5452 utique
3530 5382 3667 5437 tanti
3701 5374 3849 5435 solatii

2283 5466 2517 5538 privatio
2568 5467 2716 5523 nullo
2768 5469 2929 5525 modo
2978 5488 3077 5528 nos
3127 5478 3307 5541 potest
3343 5476 3460 5529 sine
3496 5474 3651 5545 gravi
3695 5469 3850 5526 dolore

2286 5556 2457 5625 aiiici;
2508 5560 2762 5629 quoniam
2813 5562 2880 5618 de
2928 5577 3159 5633 quorum
3189 5564 3299 5621 vita
3334 5566 3653 5635 gaudemus,
3691 5575 3851 5619 conse-

2284 5664 2515 5725 quenter
2543 5656 2611 5711 de
2637 5670 2827 5711 eorum
2858 5667 3034 5714 morte
3073 5659 3352 5725 dolemus;
3393 5669 3449 5715 et
3484 5667 3638 5716 tanto
3673 5654 3851 5727 majore

2284 5747 2509 5806 tristitia
2558 5766 2655 5809 cor
2705 5759 2957 5810 nostrum
3009 5754 3213 5827 premit
3260 5752 3635 5828 cujuscunque
3689 5765 3849 5818 mori.
