4012 6364
1144 403 1565 466 AMAIABIUS.
1595 437 1667 451 -—
1699 404 1974 465 norma
2011 400 2397 464 HISTOBICA.

3284 393 3389 452 886

135 526 348 594 quanto
370 517 580 590 ﬁere
611 516 801 576 lautitia
835 517 1154 576 mbievabat
1174 519 1307 576 vita.
1348 517 1534 588 Neque
1560 518 1706 575 enim
1733 523 1784 583 Α
1810 517 1898 574 alii
1927 531 2051 572 mox
2083 516 2138 573 in
2169 516 2312 569 hanc
2337 513 2514 568 lucem
2534 509 2722 577 ell‘usi;
2751 515 2807 565 et
2831 508 3086 578 deinceps
3109 521 3220 564 non
3237 507 3388 564 inve-
3469 573 3474 579 ,

133 611 251 681 jura
299 616 510 665 natura
544 610 756 679 penitus
793 612 1136 683 exstinguere
1175 625 1480 682 possmus,
1521 625 1590 668 ne
1623 614 1718 667 do-

135 701 384 767 leamus;
417 701 512 757 sed
536 700 760 758 forsitan
781 703 1004 761 consilio
1029 704 1250 760 meliore
1281 703 1469 772 lenire,
1500 710 1560 759 ut
1590 703 1720 758 tole-

136 808 362 860 remus;
398 808 468 850 ne
511 792 652 849 forte
700 796 980 867 contingat
1008 804 1068 851 ut
1104 796 1233 852 dum
1271 797 1471 852 amoris
1515 811 1718 865 sequax

139 885 356 938 animus
384 898 482 954 pro
507 886 758 956 proximo
787 887 931 942 dolet
957 896 1019 941 ut
1044 885 1291 953 blandus,
1333 886 1551 955 iudieiis
1586 889 1721 944 divi-

139 976 220 1030 nis
259 971 526 1029 eiiiciatdr'
553 973 812 1032 infensus.
855 977 1017 1033 Multa
1058 980 1199 1034 enim
1237 979 1559 1042 discretione
1587 993 1721 1051 opus

139 1075 241 1131 est,
271 1067 331 1120 ut
362 1067 419 1121 iu
446 1057 752 1137 huiusmodi
775 1067 985 1124 damnis
1007 1069 1148 1125 inter
1185 1069 1354 1124 Deum
1385 1068 1722 1138 iudicantem

140 1170 190 1214 et
231 1160 542 1228 proximum
585 1161 903 1215 morientem
925 1163 1193 1231 mquitatis
1221 1171 1462 1217 tenorem
1499 1177 1606 1218 non
1639 1178 1725 1218 re-

140 1251 488 1322 linquamus;
519 1261 786 1320 quatenus
811 1262 865 1308 et
885 1252 1367 1324 justissimojudici
1395 1255 1586 1325 ingrati
1615 1271 1722 1308 non

142 1344 467 1408 existumas,
489 1353 546 1397 et
567 1351 780 1400 mortuo
803 1345 1044 1412 proximo
1071 1346 1462 1414 compassionis
1482 1345 1725 1400 dolorem
1761 1327 1764 1330 h

139 1435 298 1507 juxta
345 1441 659 1490 mensuram
708 1434 1079 1491 exhibeamus.
1125 1436 1468 1491 Audiendum
1505 1437 1725 1491 ornnino

145 1537 228 1582 est
255 1527 542 1582 consilium
565 1527 712 1581 beati
732 1527 884 1581 Pauli
913 1528 1138 1598 apostoli
1172 1527 1436 1583 dicentis:
1462 1527 1600 1583 Nolo
1631 1535 1726 1582 air—

146 1619 1722 1688 temmfratmeontriﬂeﬁdedomimtibm,idest,

150 1711 508 1765 morientibus
532 1750 546 1775 ,
604 1711 739 1764 sicut
776 1721 822 1764 et
855 1714 1026 1766 caeteri
1077 1715 1165 1784 qui
1210 1731 1350 1784 spem
1391 1731 1499 1770 non
1535 1713 1727 1772 habent

150 1802 566 1856 resurrectionis.
617 1800 776 1856 Aliud
817 1811 899 1857 est
936 1805 1080 1859 enim
1127 1805 1394 1862 inﬁdelem
1439 1795 1730 1863 inﬁdeliter

1819 609 1966 663 nitur
2006 609 2094 676 qui
2145 613 2460 660 numeretur
2493 603 2610 658 dies
2642 609 2735 656 aut
2777 616 2982 667 annus,
3031 601 3088 656 in
3134 615 3242 669 quo
3284 617 3393 655 non

1819 715 1967 755 mors
2011 709 2303 756 occurrens
2350 695 2656 764 intercipiat
2697 694 2865 751 vitam
2911 693 3028 767 ejus
3079 692 3171 762 qui
3219 691 3397 748 adhuc

1819 793 2000 846 vivere
2036 787 2214 854 vellet,
2247 803 2411 858 seque
2444 787 2625 843 vivere
2661 793 2894 856 putaret.
2927 783 3060 839 Cum
3087 783 3204 844 haec
3234 779 3397 854 igitur

1821 881 1895 936 ita
1927 880 2056 944 sint,
2097 878 2336 948 diligenti
2373 876 2803 934 consideratione
2839 882 3101 939 mutatur,
3131 873 3399 943 quotidia-

1822 985 1920 1024 nas
1943 967 2056 1023 Deo
2079 968 2335 1024 debemus
2361 975 2540 1036 grates
2567 964 2869 1028 exsolvere,
2909 962 3034 1031 quia
3072 961 3221 1016 dedit
3255 962 3398 1030 quod

1822 1061 2076 1124 viximus,
2114 1057 2349 1128 quandiu
2385 1057 2637 1121 viximus,
2679 1070 2785 1110 non
2820 1052 3001 1110 dolere
3027 1053 3090 1106 de
3121 1052 3222 1106 hoc
3257 1050 3400 1122 quod

1823 1150 2106 1213 morimur,
2155 1148 2296 1201 ultra
2339 1145 2483 1215 quod
2525 1160 2800 1214 nunquam
2831 1143 3138 1212 accepimus
3167 1149 3224 1196 ut
3250 1141 3397 1196 vive-

1827 1253 2026 1294 remus.
2061 1237 2214 1304 Quis,
2243 1253 2393 1308 rogo,
2418 1251 2527 1290 non
2561 1234 2824 1290 moritur?
2855 1233 2914 1288 Si
2945 1232 3214 1296 Salvator,
3243 1231 3402 1284 dator

1826 1329 2017 1386 salutis
2057 1337 2111 1384 et
2149 1329 2296 1392 vitae,
2326 1334 2573 1380 mortuus
2592 1334 2697 1391 est,
2728 1324 2848 1394 quis
2874 1332 2984 1376 tam
3015 1321 3206 1376 stultus
3232 1329 3315 1375 est
3344 1328 3403 1372 ut

1828 1436 2038 1490 semper
2082 1420 2212 1476 velit
2256 1421 2453 1483 vivere,
2501 1419 2627 1474 dum
2671 1418 2822 1474 novit
2849 1431 2947 1487 pro
2979 1415 3134 1470 nobis
3171 1421 3398 1470 mortem

1829 1511 2107 1586 gustasse?
2151 1514 2271 1569 Vita
2314 1512 2589 1567 nascimur
2631 1509 2884 1581 aequales,
2919 1507 3402 1578 comqualitermo-

1828 1608 2003 1665 timur
2046 1620 2252 1666 onmes.
2304 1605 2527 1664 Diversa
2581 1612 2664 1666 est
2711 1618 2918 1658 merces
2967 1611 3090 1672 post
3139 1605 3396 1668 mortem,

1830 1714 1978 1754 mors
2021 1707 2197 1752 tamen
2238 1698 2490 1752 omnibus
2527 1714 2653 1752 una.
2699 1698 2979 1752 Ploramus
3019 1706 3074 1753 et
3115 1697 3401 1767 gemimus,

1829 1791 1926 1847 sed
1955 1789 2210 1862 predesse
2248 1791 2315 1844 ad
2342 1790 2570 1844 invicem
2599 1805 2704 1844 non
2733 1791 2990 1845 valemus.
3020 1788 3221 1844 Luctus
3253 1787 3404 1842 adest

151 1891 280 1946 ilere
308 1900 597 1954 mortuum,
642 1894 794 1961 quasi
827 1909 893 1948 ex
940 1902 1052 1949 toto
1093 1896 1384 1965 perditum,
1423 1911 1582 1965 quem
1622 1911 1728 1949 non
1761 1909 1804 1968 Β
1832 1883 2021 1948 oculis,
2049 1891 2104 1936 et
2125 1883 2299 1938 nullus
2328 1883 2535 1938 fructus
2557 1883 2735 1952 operis
2782 1898 2795 1936 :
2825 1883 2949 1952 quia
2979 1899 3083 1937 non
3114 1882 3405 1948 revelatur,

153 1991 336 2052 speret
389 1995 509 2038 esse
560 1983 861 2048 victurum;
915 1983 1060 2040 aliud
1109 1991 1194 2042 est
1246 1983 1455 2040 ﬁdelem
1499 1983 1732 2039 ﬁdeliter

153 2082 428 2127 mortium
458 2073 676 2128 interim
699 2073 1010 2139 condolere,
1049 2083 1209 2145 quem
1239 2075 1347 2130 non
1375 2075 1585 2130 dubitat
1613 2089 1733 2131 esse

157 2171 614 2217 resurrecturum.
656 2164 724 2220 Et
758 2181 1100 2235 quanquam,
1149 2173 1208 2219 ut
1248 2167 1495 2236 superius
1531 2167 1732 2222 dictum

157 2263 268 2319 est,
321 2256 442 2309 ﬁeri
490 2272 597 2310 non
641 2258 810 2326 possit
855 2267 913 2312 ut
959 2257 1075 2327 ejus
1113 2259 1268 2315 nobis
1313 2274 1421 2314 non
1469 2261 1540 2314 sit
1587 2275 1734 2315 mors

159 2361 369 2412 amara,
411 2345 564 2414 cujus
591 2347 760 2402 dulcis
785 2356 866 2402 est
890 2349 1026 2415 vita,
1071 2357 1127 2405 et
1167 2351 1290 2404 hinc
1319 2350 1390 2404 sit
1417 2350 1594 2405 luctus
1638 2351 1737 2404 hu-

163 2441 307 2494 mani
337 2448 394 2494 et
431 2439 707 2495 alicctuosi
751 2443 949 2507 cordis,
996 2443 1146 2512 quasi
1186 2443 1397 2508 vulnus,
1432 2450 1525 2498 aut
1552 2442 1734 2509 ulcus;

165 2542 309 2588 recte
337 2542 518 2588 tamen
557 2535 680 2588 huic
719 2535 957 2590 sanando
981 2536 1304 2591 adhibentur
1335 2535 1586 2592 oiliciosze
1611 2551 1740 2590 con-

169 2625 460 2679 solationes
484 2643 495 2677 :
523 2634 607 2679 est
656 2626 800 2680 enim
846 2625 991 2697 quod
1041 2635 1298 2684 sanetur:
1333 2636 1388 2682 et
1424 2635 1626 2696 quanto
1658 2636 1742 2681 est

172 2717 472 2772 animorum
499 2717 708 2783 melior,
741 2724 890 2772 tanto
930 2718 983 2772 i'n
1024 2734 1088 2774 eo
1129 2719 1286 2774 citius
1312 2717 1630 2789 faciliusque
1658 2724 1743 2775 sa-

181 2819 357 2866 netur.
385 2810 517 2866 Cum
539 2811 703 2882 igitur
727 2811 796 2866 de
825 2811 1267 2867 charissimorum
1305 2813 1586 2877 mortibus,
1624 2826 1742 2866 ma-

184 2903 328 2958 xime
351 2916 567 2971 quorum
599 2909 723 2956 sunt
757 2903 1002 2957 humanae
1029 2903 1275 2958 societati
1299 2901 1473 2957 otiicia
1499 2915 1748 2957 necessa-

181 2991 283 3059 ria,
310 3005 450 3047 nunc
472 2993 673 3058 mitius,
703 3001 844 3047 nunc
873 2994 1114 3064 aSpertus
1149 2991 1418 3066 afﬂigatur
1454 2993 1567 3048 vita
1602 3004 1748 3047 mor-

178 3086 398 3153 talium;
430 3095 614 3142 tamen
640 3088 720 3142 eis
744 3103 879 3157 quos
919 3087 1192 3157 diligimus
1223 3088 1420 3158 iustius
1455 3096 1746 3158 congratu-

174 3177 372 3244 lsmur,
399 3194 526 3234 cum
551 3181 874 3245 moriuntur,
907 3193 1069 3249 quam
1099 3179 1410 3245 toleramus,
1439 3193 1563 3234 eum
1587 3195 1617 3232 a
1641 3177 1748 3234 ﬁde

1836 1991 1958 2031 cum
1985 1975 2304 2046 plangimus.
2338 1974 2512 2028 Surda
2547 1983 2601 2028 et
2627 1974 2758 2028 dura
2787 1982 2864 2028 est
2898 1989 3079 2030 mors:
3103 1987 3204 2028 nec
3233 1973 3406 2038 audit,

1835 2079 1938 2123 nec
1981 2063 2248 2122 condolct.
2291 2061 2446 2122 Nulla
2494 2072 2732 2136 potestas
2773 2061 3020 2122 auxiliari
3065 2057 3168 2118 sibi
3212 2072 3407 2132 potest.

1836 2161 2057 2232 Figulus
2085 2161 2173 2216 ille
2211 2161 2300 2230 qui
2328 2176 2517 2215 omnes
2549 2162 2612 2215 de
2641 2175 2747 2212 una
2777 2168 2920 2213 terra
2963 2158 3267 2228 piasmavit,
3318 2173 3414 2210 no-

1836 2253 1917 2307 vit
1952 2252 2111 2323 quale
2149 2261 2203 2308 et
2237 2253 2452 2322 quando
2490 2266 2586 2306 vas
2629 2250 2858 2321 frangat.
2890 2250 3102 2304 Nullum
3135 2258 3312 2302 tamen
3340 2247 3415 2301 illi

1837 2347 2007 2418 perit;
2039 2346 2163 2414 quia
2189 2346 2277 2414 qui
2320 2345 2447 2398 fecit
2476 2346 2541 2399 de
2575 2344 2812 2414 pulvere,
2844 2343 2909 2398 de
2944 2343 3161 2413 pulvere
3188 2341 3413 2395 reﬁciet.

1839 2439 1920 2493 Ad
1935 2438 2227 2506 jussioncm
2252 2436 2643 2505 Omnipotentis
2666 2450 2820 2488 nemo
2841 2443 3018 2504 potest
3042 2448 3160 2488 esse
3182 2431 3416 2486 rebellis.

1843 2527 1944 2593 Qui
2001 2529 2176 2582 adhuc
2215 2529 2364 2589 vivit,
2415 2527 2718 2581 consideret
2761 2525 2900 2579 unde
2949 2525 3119 2594 possit
3164 2524 3419 2592 prodesse

1845 2627 2078 2673 mortuo.
2133 2617 2266 2683 Quia
2317 2624 2373 2670 et
2415 2616 2505 2686 qui
2555 2623 2796 2669 mortuus
2825 2621 2936 2680 est,
2969 2629 3073 2667 non
3100 2622 3221 2683 eget
3249 2609 3419 2665 infru—

1847 2719 2033 2765 ctuose
2070 2709 2236 2771 luctu,
2280 2709 2375 2762 sed
2413 2706 2686 2760 fructuosa
2725 2704 2995 2774 suﬂ‘ragio.
3036 2703 3157 2758 Jam
3195 2702 3424 2758 suiliciat

1845 2803 2122 2875 praeterita
2160 2803 2353 2857 damna
2389 2800 2649 2872 plorasse.
2691 2799 2888 2852 Demus
2913 2811 3150 2867 operam,
3184 2795 3422 2850 futuram

1848 2896 2004 2950 nobis
2025 2902 2256 2950 mortem
2275 2889 2528 2961 levigare.
2571 2889 2723 2957 Quod
2753 2888 2911 2943 vitari
2941 2902 3044 2942 non
3075 2894 3271 2958 potest,
3311 2899 3422 2940 non

1850 2989 2006 3045 valde
2051 2988 2346 3042 timendum
2385 2994 2488 3041 est.
2537 2985 2615 3039 Ea
2663 2999 2791 3038 vero
2828 2982 3063 3037 timenda
3113 2987 3238 3034 sunt
3282 2977 3425 3032 mala

1851 3095 1970 3150 quae
2003 3087 2060 3135 et
2085 3081 2327 3133 viventes
2370 3077 2543 3131 vitare
2587 3088 2870 3146 possumus
2921 3079 2975 3127 et
3025 3078 3148 3141 post
3196 3076 3428 3124 mortem

1854 3179 1981 3226 sunt
2007 3169 2170 3225 mala.
2200 3165 2338 3224 Nam
2366 3179 2531 3231 mors,
2576 3177 2696 3235 quae
2737 3163 2791 3216 in
2831 3177 2888 3216 se
2933 3160 3070 3216 maia
3121 3166 3220 3223 est,
3272 3157 3430 3211 malis

173 3270 258 3326 vel
300 3271 464 3328 bonis
504 3264 744 3328 moribus
782 3269 1052 3326 labuntur.
1104 3270 1239 3337 Quia
1290 3273 1503 3326 tentatio
1533 3279 1607 3325 est
1645 3271 1752 3325 rita
1779 3261 1826 3324 C
1855 3272 2141 3337 propterea
2187 3261 2328 3320 mala
2363 3268 2464 3323 est,
2503 3257 2629 3328 quia
2666 3272 2764 3326 per
2792 3271 2911 3311 eam
2938 3255 3004 3308 ad
3039 3250 3219 3323 pejora
3251 3258 3428 3304 trans-

176 3369 410 3422 hamaua
444 3383 598 3437 stipe:
626 3375 834 3421 terram.
868 3357 974 3422 Et:
1013 3363 1106 3420 Va:
1146 3365 1340 3424 mundo
1369 3364 1432 3419 ab
1462 3362 1746 3418 scandatis.

176 3458 244 3515 Et
267 3474 395 3514 cum
417 3473 564 3514 mors
579 3467 771 3513 eortim
805 3473 907 3513 nos
925 3458 1232 3518 contristat,
1257 3458 1372 3528 ipsa
1397 3457 1594 3510 iterum
1624 3469 1726 3510 con

177 3549 416 3616 soletur;
469 3550 593 3619 quia
642 3557 929 3606 caruerunt
965 3548 1141 3616 malis,
1182 3549 1375 3618 quibus
1414 3548 1467 3602 in
1500 3544 1605 3601 hac
1639 3545 1752 3599 vita

177 3645 307 3700 boui
344 3643 592 3698 homines
616 3635 700 3698 vel
726 3652 1094 3707 conteruntur,
1131 3641 1215 3696 vel
1249 3642 1631 3712 depravantur,
1670 3636 1754 3694 vel

179 3735 236 3789 in
269 3742 504 3803 utroque
541 3733 934 3803 periclitantur.
965 3733 1136 3789 Cretb
1169 3733 1317 3802 quia,
1356 3739 1416 3786 ut
1438 3731 1572 3787 mihi
1601 3730 1750 3785 vide-

183 3834 295 3890 tur,
323 3839 395 3880 ex
419 3824 588 3878 altera
627 3831 781 3896 parte
801 3825 947 3880 omni
985 3824 1232 3880 morienti
1275 3821 1755 3894 congratulandum

181 3924 295 3981 est;
328 3931 397 3970 ne
427 3915 565 3970 forte
591 3917 635 3969 si
666 3915 910 3981 vixisset,
949 3914 1104 3986 pejor
1139 3915 1380 3970 obiisset.
1415 3911 1523 3968 Sed
1550 3911 1676 3982 quia
1703 3909 1755 3968 id

185 4007 500 4064 hominibus
543 4007 760 4062 suaderi
789 4022 895 4062 non
925 4013 1119 4076 potest,
1168 4005 1297 4060 illud
1325 4003 1594 4059 subtiliter
1632 4016 1760 4057 con-

1855 3364 1984 3413 euut
2013 3370 2027 3409 :
2057 3355 2215 3410 bonis
2245 3366 2373 3408 vero
2402 3353 2543 3406 bona
2567 3357 2670 3415 est,
2699 3348 2824 3417 quia
2849 3361 2944 3417 per
2969 3359 3089 3399 eam
3113 3344 3182 3397 ad
3210 3339 3434 3396 meliora

1858 3454 2160 3504 transeunt.
2207 3443 2375 3499 Nemo
2403 3442 2506 3498 sibi
2535 3441 2686 3505 vivit,
2736 3447 2791 3493 et
2833 3453 2992 3491 nemo
3039 3434 3139 3488 sibi
3181 3435 3429 3487 moritur.

1861 3539 1918 3595 Si
1945 3537 2192 3600 vivimus,
2235 3533 2466 3589 Domino
2503 3531 2772 3586 vivimus:
2801 3529 2844 3583 si
2888 3526 3166 3590 morimur,
3207 3522 3435 3578 Domino

1861 3630 2144 3685 mrimur.
2177 3624 2426 3682 Christus
2464 3629 2710 3678 mortuus
2738 3627 2839 3683 est,
2870 3624 2926 3670 et
2952 3614 3270 3677 resurrexit,
3299 3619 3359 3666 ut
3383 3619 3440 3665 et
3534 3670 3540 3682 l

1861 3728 2200 3778 mortuorum
2249 3725 2306 3772 et
2347 3715 2593 3770 vivorum
2657 3708 2979 3766 dominetur.
3033 3707 3177 3777 Ergo
3229 3703 3437 3774 cogita-

1862 3816 2030 3879 tione,
2066 3809 2361 3876 locutionc,
2392 3804 2703 3878 operatione
2731 3818 2795 3858 ea
2824 3801 3149 3860 studeamus,
3191 3810 3287 3866 per
3321 3807 3441 3864 quae

1864 3903 1940 3961 illi
1960 3903 2288 3974 placeamus,
2315 3896 2466 3968 cujus
2490 3902 2727 3967 potestas
2748 3900 2833 3949 est
2860 3890 3000 3947 male
3023 3889 3263 3943 viventes
3290 3885 3442 3940 dam-

1866 4010 2019 4061 nare,
2052 4001 2106 4050 et
2132 3994 2268 4049 bene
2296 3991 2589 4045 morientes
2626 3983 2960 4058 gloriﬁcare;
3011 3979 3210 4050 quique
3257 3975 3446 4032 tribuit

185 4098 535 4153 siderandum
563 4105 664 4164 est,
705 4098 845 4167 quod
867 4069 991 4152 eum
1019 4069 1207 4151 omnes
1235 4095 1490 4149 mortales
1516 4100 1572 4148 et
1599 4092 1766 4146 mori-
1864 4075 2009 4142 male
2035 4081 2342 4139 viventibus
2374 4096 2471 4152 per
2496 4076 2924 4136 emendationem
2952 4073 3089 4128 bene
3119 4069 3278 4136 mori,
3306 4083 3446 4122 nun-

187 4189 300 4245 turi
339 4203 651 4254 nascantur,
698 4189 789 4244 alii
835 4190 1137 4244 moriuntur
1180 4189 1233 4243 in
1281 4187 1451 4242 uteris
1503 4191 1760 4248 matrum,

1871 4193 2032 4248 quam
2058 4177 2250 4232 tribuit
2273 4177 2410 4231 bene
2435 4171 2791 4229 morientibus
2819 4167 2959 4224 male
2977 4167 3177 4220 vivere.

187 4289 3449 4368 W

1443 4439 1616 4484 ANNO
1658 4435 1892 4482 nonum
1926 4425 2192 4480 Dcccxv.

1153 4469 2548 4756 ANiKEXiiiUs

1299 4821 1760 4892 TituvaNSIs
1795 4821 2402 4880 ARCHJEPISCOPUS.

879 5027 1320 5121 NOTITIA
1374 5029 1932 5113 HISTORIGA
1983 5027 2092 5106 IN
2152 5012 2792 5104 AMALABIUM.

1307 5168 1404 5234 (Ex
1427 5167 1670 5230 Fabricio,
1687 5161 1918 5216 Blbiioth.
1937 5159 2074 5214 med.
2089 5161 2146 5212 et
2163 5156 2252 5210 inf.
2276 5153 2410 5217 Lat.)

1711 5269 1978 5289 ﬂ

280 5359 588 5430 λωειετίυε
605 5343 1265 5430 ιὐηυςηεειενθμαδεειιυε
1291 5349 1699 5430 sanctitates.
1729 5354 1786 5430 et
1809 5349 1864 5410 ι)
1886 5345 2262 5430 enatare-
2279 5325 2926 5430 M3‘Ji2?95€'2:.?l’.~..!.‘
2949 5320 3464 5430 ,ἐξοὲξῒὲνᾞῗζὲῗῗ

280 5393 588 5421 alitaunua
610 5393 704 5414 ι·υι
717 5393 953 5420 nun-nua,
973 5393 1265 5410 --νιιιινιιυυ
1293 5393 1668 5405 νυ..ν....,-..-..,,
1685 5393 1699 5412 ,
1732 5393 1785 5401 ,-
1809 5393 1862 5410 ν
1886 5393 2062 5412 ___-_,J
2077 5393 2130 5396 ,ἡ
2354 5408 2365 5420 ,
2623 5393 2654 5414 ,ν
2764 5393 2781 5400 _
2871 5397 2884 5410 .
3109 5395 3121 5407 .
3229 5393 3234 5394 7

201 5438 280 5492 ab
319 5447 462 5489 anno
484 5429 685 5487 Christi
720 5426 826 5483 840
853 5425 1286 5494 archiepiscopus
1312 5420 1663 5494 Triarii-ensis,
1693 5418 1786 5488 qui
1888 5412 2303 5494 ecclesiasticis;
2318 5409 2514 5494 diserte
2557 5397 2917 5494 ξιιξξῐέηΐὲςέξ
2943 5393 3464 5494 ξὶιιῗεὲοὲξῄιηὲξὶέ-

1889 5459 2512 5542 w'l‘ﬁr'iuitri?exitium
2557 5474 2619 5546 in,
2653 5470 2924 5546 Chronico
2971 5466 3036 5546 ad
3058 5478 3269 5546 naunum

963 5527 1020 5621 ἱῖἶ
1053 5527 1527 5621 Emisti;
1550 5527 1790 5629 ἧίἷτξςίῖιῖἱ
1887 5527 2024 5626 ἓξὲξ
2056 5527 2490 5629 {ignavam
2539 5544 2704 5629 abbas
2736 5535 3182 5629 inmanitati”
3205 5527 3470 5629 2393325:

1887 5603 2479 5694 sospes—Treverensis,
2498 5622 2564 5694 et
2589 5618 2709 5682 post
2731 5603 3472 5694 euﬂmdmaiariushliortitﬂa-

207 5699 450 5785 scripsit
463 5699 854 5785 fonstantinus
868 5699 1157 5785 _Caeta_n_us_
1164 5707 1362 5785 editam
1389 5703 1609 5785 ἕρπω.
1622 5699 1756 5754 1612
1772 5740 1787 5785 ξ

2318 5669 2696 5758 librum
2714 5678 3035 5758 _Oiiinc_ipr_t_un
3078 5669 3472 5758 ecclesiastico:

213 5742 437 5785 ΒυΙΊμΒΙΙ.
473 5742 854 5767 ιιυιιδιᾱιιιυιυθ
875 5742 1141 5763 υαῦιιαιιυδ
1165 5742 1362 5761 ϋυιυαιιιι
1402 5742 1609 5782 ηικιιυυυ.
1625 5742 1710 5754 ⁵¹¹⁸
1727 5742 1756 5751 ⁵
1772 5742 1787 5763 9
1898 5742 1980 5751 """
2016 5742 2094 5749 ""
2113 5742 2342 5772 “""‘"'.'
2395 5742 2415 5756 ἰ
2560 5756 2570 5766 ,
2644 5755 2656 5766 ,
2936 5748 2967 5761 ι.
3223 5742 3291 5796 ὼ
3331 5742 3341 5752 ν

213 5783 314 5866 ιρι.
328 5784 418 5853 qui
441 5783 634 5837 librum
661 5782 728 5836 de
773 5780 968 5834 divinis
1011 5775 1210 5834 Oiliciis
1238 5791 1344 5856 non
1389 5771 1610 5827 Metensn
1633 5811 1648 5833 ,
1697 5770 1789 5824 sed
1897 5782 2014 5846 rum
2045 5769 2362 5845 composuit:
2397 5756 2505 5811 Sed
2536 5753 2659 5808 libri
2700 5753 2764 5808 de
2798 5748 3000 5866 Oﬂicilils
3028 5746 3094 5827 ad
3145 5743 3220 5797 LII
3295 5751 3472 5794 “Cum

219 5853 252 5866 ._
392 5851 406 5866 ι
515 5853 530 5866 .
598 5853 609 5864 .
698 5859 710 5866 .
751 5851 782 5866 οι
928 5849 940 5866 1
966 5865 970 5866 ,
1001 5865 1023 5866 η
1085 5854 1258 5866 -,,,.-_
1283 5846 1341 5866 ι..
1404 5843 1536 5866 --.--.a
1598 5846 1794 5866 .....Mu,...
1890 5835 2048 5866 thum
2065 5834 2506 5866 nini-mmecimum
2544 5832 2740 5866 ntpnm
2756 5834 2942 5866 onmno.
2983 5819 3470 5866 at.imneratorem.

1390 5817 1562 5917 21.1621"
1570 5817 1794 5916 wpietate}
1890 5817 2051 5895 ἰδίω
2057 5817 2531 5910 glofiosissimum,
2544 5832 2608 5884 ut
2619 5839 2744 5883 eum
2756 5817 3059 5894 compellat,
3074 5817 3447 5888 imperatorem
3455 5846 3470 5873 ,

203 5577 437 5630 .desiam
465 5573 918 5642 Hamburgensem

213 5644 583 5708 consecravit,
634 5638 866 5696 triennio
917 5645 1038 5708 post
1074 5638 1388 5708 exstinctus.
