4012 6364
1588 384 1918 445 manu
1951 378 2413 444 TMIS
2445 378 2867 443 ARGHIEPISG.

3707 378 3801 440 89!

572 501 888 577 prmi
908 500 1092 573 operis
1112 501 1392 573 indagare,
1416 501 1509 558 sed
1534 509 1596 556 ut
1621 509 1899 574 tangerem
1922 514 2046 557 meo
2066 500 2147 555 im
2170 500 2227 563 Δ
2246 499 2569 571 sequestrati
2593 512 2798 563 sumus,
2826 499 3004 570 aliqua
3028 497 3303 570 inquirere
3320 497 3387 553 de
3410 497 3799 559 Neam.»

575 603 733 666 cepto
767 600 919 650 utros
955 590 1030 666 [Γ
1032 596 1163 661 orte,
1188 591 1356 666 viros]
1386 590 1698 659 industrios,
1750 592 1841 665 qui
1895 591 2148 648 facillime

573 689 798 758 possent
839 682 921 740 rei
961 682 1239 740 veritatem
1264 682 1558 740 dilucidam
1603 680 1751 754 eius,
1787 699 1951 754 quam
1986 684 2149 739 vehe-

510 765 523 772 ’
578 783 791 833 menter
816 774 1203 833 desiderabam.

644 870 881 941 Scripsi,
921 878 982 926 ut
1024 871 1225 937 nostis',
1268 868 1412 942 quod
1442 867 1563 925 illos
1597 868 1901 925 arbitrabar
1946 868 2148 925 imitari

578 962 673 1035 qui
713 963 767 1019 in
795 962 960 1020 choro
987 966 1133 1019 stant
1174 970 1230 1019 et
1270 958 1491 1019 cantant
1533 958 1770 1017 intrante
1805 959 2056 1031 episcopo
2092 960 2149 1016 in

578 1055 882 1121 ecclesiam,
908 1062 968 1109 ut
992 1064 1177 1125 postea
1205 1053 1449 1123 sequenti
1473 1064 1636 1122 opere
1672 1051 2149 1117 demonstrabiuir,

576 1162 694 1220 qua:
721 1145 1034 1200 conscientia
1073 1144 1277 1217 [Forte,
1324 1141 1717 1214 consentientia]
1757 1151 1887 1196 esset
1912 1141 2014 1214 lin]
2045 1150 2151 1197 toto

576 1244 751 1291 nostro
781 1235 977 1305 ofﬁcio,
1004 1236 1143 1306 quod
1172 1237 1346 1306 agitur
1373 1237 1427 1289 in
1446 1236 1624 1300 missa,
1647 1235 1753 1289 sive
1782 1236 1833 1289 in
1855 1234 2147 1303 psallendo,

574 1328 680 1382 sive
714 1326 771 1381 in
812 1326 937 1393 stu,
974 1327 1081 1382 sine
1116 1327 1172 1381 in
1207 1326 1481 1398 qualitate,
1508 1328 1615 1382 sine
1637 1328 1693 1380 in
1722 1326 2007 1397 quatiare
2033 1341 2150 1380 eum

576 1417 767 1471 nostris
796 1418 1124 1480 authenticis,
1154 1432 1283 1489 quos
1310 1417 1479 1472 omnis
1518 1414 1753 1471 Ecclesia
1790 1415 1946 1481 colit;
1988 1432 2149 1486 repu-

554 1513 697 1564 tans
733 1506 873 1577 apud
904 1522 991 1565 me
1017 1492 1149 1562 nihil
1177 1514 1433 1563 statutum
1462 1519 1581 1563 esse
1605 1507 1657 1563 in
1682 1506 1945 1572 Ecclesia,
1975 1522 2152 1577 neque

577 1605 702 1652 ante
747 1584 952 1653 anticos
988 1595 1279 1670 [antiquos]
1313 1597 1531 1663 Patres.
1558 1612 1733 1668 neque
1770 1597 1910 1667 apud
1961 1613 2148 1653 recen-

576 1690 763 1757 tiores,
786 1690 929 1761 quod
965 1691 1175 1749 ratione
1219 1697 1422 1749 careat.
1472 1675 1529 1744 Si
1564 1689 1711 1747 enim
1734 1690 1960 1761 gentiles
1994 1705 2154 1761 argu-

574 1786 886 1838 mentantur
929 1774 1137 1855 {For-le,
1181 1780 1520 1853 argutantur]
1573 1780 1727 1836 ludos
1772 1780 1980 1850 aliquos
2026 1796 2153 1837 suos

2254 591 2442 661 oﬂicils
2475 601 2521 645 et
2560 588 2624 646 de
2652 590 2769 646 aliis
2798 596 2913 663 qum
2956 591 3011 645 in
3056 590 3142 649 die
3184 596 3444 663 aguntur;
3482 598 3538 649 et
3563 591 3627 648 de
3665 586 3800 650 Cum

2251 683 2467 739 Domini
2508 693 2560 739 et
2599 684 2888 741 Paruceoe
2927 694 2978 738 et
3020 682 3248 741 Sabino
3272 694 3475 740 uncto.
3503 682 3588 741 Ad
3610 685 3743 754 ([Iotl
3762 688 3802 744 li

2251 784 2449 831 vestrae
2468 777 2744 832 orationes
2768 790 2944 832 meme
2968 777 3338 847 perduxerint,
3364 776 3529 832 credo
3554 778 3686 832 meis
3702 792 3802 834 mo-

2253 866 2397 922 tibus
2425 867 2613 923 adesse
2660 875 2716 922 et
2760 866 3066 926 adfuturam
3112 866 3228 925 fore
3262 867 3685 927 misericordiam
3707 868 3798 928 Dos

2253 957 2406 1014 mini.
2432 956 2616 1016 Valete
2645 957 2702 1016 in
2733 957 2974 1017 Christo!

2995 1092 3083 1150 Πῐ.

2261 1204 2276 1217 ⁵
2342 1215 2371 1245 ι
2406 1202 2921 1263 INTERROGATID
2962 1202 3211 1265 GAROLI
3253 1202 3726 1267 ΙΜΡΕΗΛΤΜΙΒ.

2323 1310 2380 1370 ln
2408 1316 2623 1373 nomine
2649 1318 2845 1385 Patris,
2868 1328 2921 1376 et
2950 1319 3090 1386 Filii,
3115 1328 3171 1376 et
3196 1319 3428 1391 Spiritus
3444 1324 3639 1379 sancti.
3663 1323 3801 1381 Cam-

2255 1408 2339 1464 lus
2366 1411 2741 1468 serebissimns
2761 1413 3032 1483 Augustas
3058 1430 3091 1469 a
3114 1414 3229 1487 Deo
3251 1423 3561 1483 coronatus,
3587 1415 3800 1489 Magnus,

2255 1499 2513 1569 paciﬁcus
2537 1503 2844 1573 imperator,
2871 1502 3170 1562 Romanum
3195 1506 3501 1580 gubernans
3522 1508 3801 1578 imperium,

2255 1590 2349 1659 qui
2392 1600 2447 1647 et
2485 1608 2581 1662 per
2628 1592 3053 1653 misericordiam
3101 1597 3197 1653 Dei
3247 1613 3343 1654 rex
3398 1598 3723 1657 Francoru-
3759 1608 3805 1660 α

2256 1674 2750 1754 Longobamdorum,
2776 1688 3046 1745 Amalarlo
3067 1690 3361 1748 venerabili
3383 1693 3655 1765 episcopo,
3673 1702 3803 1752 atta-

2258 1786 2383 1830 nam
2413 1778 2467 1831 in
2494 1777 2721 1835 Domino
2751 1779 2999 1835 salutem.

574 1871 861 1943 allegorice
916 1852 1164 1945 promere
1212 1872 1374 1944 (sicut
1421 1870 1701 1951 aleatores,
1749 1870 1840 1941 qui
1867 1872 2153 1941 perhibent
2183 1852 2231 1927 Β
2324 1866 2532 1939 Saepius
2553 1876 2748 1936 tecum,
2781 1872 2890 1927 imo
2934 1880 2989 1929 et
3031 1890 3157 1931 cum
3180 1875 3395 1933 caeteris
3429 1876 3645 1949 collegis
3672 1875 3797 1951 [Ρη.

575 1962 748 2018 tribus
774 1965 992 2019 tesseris
1018 1964 1130 2018 suis
1154 1962 1257 2018 tria
1289 1971 1526 2033 tempora
1553 1948 1865 2031 signiﬁcari,
1890 1977 2150 2031 praesens,

574 2053 907 2125 praeteritum
935 2062 990 2110 et
1034 2048 1300 2118 biturum;
1342 2060 1397 2108 et
1437 2053 1553 2108 vias
1588 2068 1776 2109 eorum
1805 2053 2019 2109 senario
2054 2069 2155 2109 nu—

578 2157 729 2198 mero
778 2132 1108 2212 distinguunt
1156 2151 1377 2213 pmpter
1441 2158 1534 2199 sex
1589 2136 1777 2198 aetates
1840 2142 2150 2210 hominum,

575 2242 779 2303 quanto
816 2232 986 2305 magis
1022 2227 1380 2290 Christianam
1431 2230 1748 2290 industriam
1790 2250 1853 2290 ac
1892 2234 2155 2293 rationem

578 2324 730 2398 [δίδη
759 2325 1079 2398 orationem]
1124 2324 1224 2383 sibi
1254 2328 1307 2391 al
1329 2327 1437 2383 Deo
1481 2341 1790 2382 concessam
1816 2327 1961 2383 nullo
1994 2326 2155 2383 modo

574 2414 859 2473 excederet
892 2412 1092 2473 l'rustra
1118 2412 1317 2488 aliquid
1361 2418 1631 2473 statuere?
1668 2418 1782 2472 Non
1826 2418 1944 2474 ideo
1972 2434 2156 2474 exem-

575 2506 720 2577 plum
764 2506 829 2562 de
872 2504 1158 2580 gentilibus
1200 2508 1379 2580 posui,
1410 2516 1468 2564 ut
1508 2524 1599 2564 eos
1632 2509 1932 2575 imitemur;
1982 2511 2076 2565 sed
2110 2510 2155 2564 si

577 2598 651 2652 illi
685 2594 786 2653 hoc
818 2596 905 2653 vel
936 2598 1062 2654 illud
1093 2608 1539 2671 argumentantur
1579 2590 1784 2673 [Forte,
1815 2600 2154 2673 argutantur]

576 2691 825 2757 rationis,
867 2700 1067 2762 quanto
1115 2692 1286 2761 magis
1326 2700 1529 2759 totum,
1582 2694 1723 2764 quod
1773 2693 2000 2748 rationis
2042 2703 2151 2759 est,

575 2780 914 2837 Christianus
942 2783 1093 2852 seqdi
1134 2780 1312 2847 debet,
1350 2785 1440 2854 qui
1472 2801 1694 2839 summa:
1724 2784 1915 2839 rationi
1962 2786 2070 2840 Deo
2100 2801 2157 2840 se

575 2886 887 2942 sponsorem
922 2873 1069 2929 facit.
1108 2872 1225 2929 Non
1257 2874 1375 2930 ideo
1410 2875 1665 2931 Dominus
1693 2875 1925 2930 villicum
1958 2876 2157 2946 iniqui-

577 2963 704 3017 tatis
742 2962 1011 3018 laudatum
1039 2980 1158 3020 esse
1193 2964 1339 3031 dicit,
1389 2974 1448 3021 ut
1486 2965 1632 3020 illum
1678 2965 2030 3029 imitaremur,
2063 2966 2185 3041 sed

576 3053 624 3108 si
651 3050 741 3109 ille
778 3069 845 3109 ex
872 3051 1107 3109 villicatu
1137 3055 1438 3126 iniquitatis
1465 3057 1757 3127 prudenter
1788 3058 1887 3112 sibi
1928 3058 1980 3112 in
2009 3057 2156 3113 futu-

578 3161 699 3201 rum
737 3144 987 3217 providit,
1018 3159 1216 3220 quanto
1254 3152 1422 3221 magis
1451 3160 1663 3222 oportet
1693 3152 2059 3209 Christianum
2090 3171 2154 3209 ex

2255 1958 2402 2015 addit
2430 1961 2562 2034 tuis]
2594 1962 2859 2019 familiare
2898 1965 3243 2037 colloquium,
3272 1969 3341 2025 de
3365 1969 3598 2026 utilitate
3626 1980 3797 2027 nacta

2255 2048 2350 2103 Dei
2378 2050 2634 2108 Ecclesiae
2665 2053 2863 2110 habere
2883 2055 3254 2125 voluissemus,
3284 2060 3329 2115 si
3358 2059 3561 2132 absque
3589 2060 3792 2117 rmlesﬁa

2254 2145 2514 2213 corporali
2547 2145 2601 2200 id
2624 2144 2759 2202 cllicl
2782 2150 3060 2220 potuisset.
3093 2149 3199 2207 Sed
3225 2153 3473 2222 quamvis
3496 2154 3786 2210 sanctitatem

2256 2240 2403 2287 tuam
2449 2234 2504 2289 in
2554 2236 2747 2293 divinis
2788 2240 2949 2296 rebus
2998 2249 3108 2297 tota
3137 2242 3436 2299 intentione
3477 2244 3788 2315 vigilarem

2256 2324 2601 2394 ignoremus,
2646 2329 2897 2385 omittere
2955 2340 3133 2387 tamen
3177 2346 3287 2387 non
3328 2348 3641 2403 possumus,
3682 2333 3793 2404 quin

2254 2425 2403 2471 tuam
2446 2414 2805 2486 devotionem,
2840 2429 3024 2477 sancto
3063 2423 3321 2480 incitante
3368 2423 3591 2495 Spiritu,
3627 2425 3797 2482 nostris

2256 2509 2497 2579 apicibus
2535 2511 2917 2582 compellemus
2954 2523 3115 2585 atque
3145 2532 3603 2584 commoneamss,
3626 2526 3684 2572 at
3703 2533 3797 2573 ma-

2256 2602 2338 2671 gis
2365 2617 2430 2658 ac
2456 2604 2629 2673 magis
2668 2604 2722 2658 in
2758 2614 2947 2660 sancta
2977 2605 3071 2661 Dei
3102 2606 3338 2662 Ecclesia
3367 2609 3603 2664 studiose
3639 2624 3697 2663 ac
3733 2608 3799 2662 ri-

2256 2691 2442 2762 gilanti
2468 2709 2599 2749 cura
2639 2694 2889 2751 laborare
2917 2696 3136 2753 studeas
3160 2698 3215 2753 in
3242 2696 3620 2768 praedicatione
3641 2707 3797 2755 sancta

2256 2794 2312 2840 et
2342 2786 2584 2842 doctrina
2629 2787 2884 2855 salutari;
2920 2798 3185 2859 quatenus
3224 2804 3323 2862 per
3360 2800 3513 2848 tuam
3550 2793 3799 2849 devotissi-

2254 2893 2402 2933 mam
2434 2880 2706 2936 solertiam
2736 2883 2971 2937 Verbum
2995 2885 3121 2939 vita
3142 2891 3358 2940 :eternaa
3385 2894 3591 2941 crescat
3616 2894 3666 2940 et
3693 2901 3793 2941 curo

2257 2978 2360 3035 rat,
2406 2978 2460 3025 et
2502 2972 2888 3041 multiplicetur
2931 2990 3187 3031 numerus
3223 2976 3403 3047 populi
3445 2976 3721 3033 Christiani
3754 2977 3799 3030 in

2257 3056 2468 3114 laudem
2499 3069 2554 3116 et
2589 3060 2810 3132 gloriam
2842 3062 3138 3121 Salvatoris
3164 3067 3334 3122 nostri
3362 3067 3480 3124 Dei.

2329 3146 2498 3207 Nosse
2529 3168 2762 3223 namque
2803 3154 2938 3227 [Αι.,
2981 3155 3184 3228 itaque]
3231 3171 3329 3227 per
3364 3164 3455 3213 tua
3491 3158 3694 3228 scripta,
3723 3164 3802 3212 aut

572 3236 734 3308 iustis
783 3236 1031 3295 censibus
1081 3242 1392 3310 acquirere,
1455 3244 1549 3313 qui
1604 3259 1727 3300 eum
1780 3245 2038 3314 recipient
2098 3246 2155 3300 in
2177 3222 2228 3302 α
2256 3258 2356 3315 per
2389 3252 2442 3299 te
2468 3245 2643 3315 ipsum
2671 3222 2936 3315 volumus,
2965 3222 3197 3319 qualiter
3220 3222 3275 3303 tu
3317 3259 3374 3304 et
3397 3222 3694 3318 sntit-agam
3731 3247 3798 3302 tui

578 3338 777 3387 aeterna
806 3324 1187 3387 tabernacula?
1212 3332 1381 3403 Rogo,
1408 3322 1588 3401 Pater,
1614 3342 1796 3390 utnon
1821 3333 1887 3391 ad
1912 3335 2152 3405 publicas

577 3440 736 3480 aures
769 3422 979 3481 libellus
1020 3434 1204 3482 noster
1250 3428 1512 3494 mittatur,
1556 3443 1623 3483 ne
1663 3426 1827 3483 intret
1872 3430 1924 3483 in
1966 3430 2153 3485 dentes

576 3516 1018 3581 obtrectatorum,
1050 3533 1225 3587 neque
1246 3519 1519 3574 cachinnis
1555 3521 1907 3589 superborum
1931 3536 2029 3589 per
2056 3536 2153 3575 au-

576 3623 667 3664 ras
710 3610 975 3665 resultans
1012 3611 1078 3666 de
1098 3611 1391 3667 humillima
1422 3612 1661 3668 doctrina
1697 3615 2026 3685 paupertatis
2057 3630 2153 3671 no-

576 3713 719 3761 strae.
750 3706 1012 3774 Quoniam
1048 3716 1159 3764 nun
1188 3720 1277 3764 me
1316 3706 1544 3778 przelbro
1581 3708 1898 3779 magistrum
1938 3711 2005 3765 de
2048 3711 2152 3765 hac

577 3800 893 3869 scriptione,
930 3801 1027 3857 sed
1063 3801 1383 3871 discipulum
1426 3802 1787 3871 inquirentem
1810 3803 1957 3873 quod
1991 3802 2152 3873 diligo

642 3903 739 3944 ll‘e.

579 3903 739 3945 scire.

647 3981 810 4038 Addit
831 3982 993 4039 etiam
1013 3984 1271 4039 sanctitas
1286 3990 1469 4040 vestra
1489 3983 1545 4038 in
1571 3983 1795 4053 epistola
1825 3998 2153 4041 commemo-

578 4080 696 4151 rata
734 4073 942 4140 scedas,
974 4088 1108 4144 quas
1132 4074 1309 4146 legisti
1344 4075 1538 4131 missas
1578 4075 1648 4130 ad
1689 4078 1941 4132 domuum
1982 4075 2153 4133 Caro-

577 4163 687 4222 lum
719 4167 1094 4238 imperatorem
1134 4184 1167 4223 a
1210 4177 1392 4225 nostra
1437 4170 1730 4240 parvitate,
1766 4169 1834 4225 de
1879 4168 2154 4227 Scrutinio

478 4312 481 4317 ,
576 4264 633 4311 et
673 4257 1015 4328 Baptisterio,
1056 4258 1312 4330 praedicto
1356 4262 1504 4331 operi
1535 4262 1829 4326 innectere,
1858 4262 2004 4333 quod
2042 4277 2152 4319 non

578 4347 778 4414 distuli,
804 4365 1121 4422 praeponens
1146 4351 1296 4419 illud,
1328 4353 1580 4421 quatiam
1609 4361 1769 4410 antea
1793 4354 2039 4425 quisquis
2058 4371 2153 4411 ca—

578 4441 876 4498 techizatur
914 4450 977 4496 et
1014 4443 1315 4512 baptizatur
1344 4458 1505 4514 quam
1546 4445 1823 4514 perveniet
1860 4445 1929 4500 ad
1967 4460 2153 4502 sacros

575 4534 810 4590 ordines.
839 4532 1034 4590 Addidi
1059 4535 1222 4591 etiam
1248 4546 1305 4592 et
1322 4537 1467 4607 ipsas
1492 4538 1765 4608 epistolas,
1796 4554 1932 4608 quas
1957 4539 2154 4610 glorio-

2254 3333 2493 3391 doceatis
2512 3340 2567 3391 et
2586 3336 2868 3393 instruatis
2889 3338 3196 3396 sacerdotes
3213 3336 3307 3395 Dei
3326 3338 3432 3414 [et]
3447 3339 3635 3411 plebem
3654 3336 3794 3394 vobis

2251 3428 2597 3485 commissam
2645 3430 2711 3486 de
2760 3430 3013 3501 baptismi
3058 3443 3425 3500 sacramento,
3476 3432 3530 3489 id
3571 3438 3664 3497 est,
3706 3444 3791 3487 cur

2250 3521 2426 3590 primo
2475 3522 2657 3577 infans
2703 3522 3112 3580 catechuminus
3152 3525 3412 3592 eﬂcitur;
3460 3524 3547 3580 vel
3585 3523 3702 3595 qi!
3741 3522 3806 3578 ἡ

2252 3613 2695 3670 catechuminus?
2715 3610 2917 3670 Deinde
2939 3630 3037 3686 per
3056 3616 3299 3673 ordinem
3320 3618 3501 3673 omnia
3524 3633 3637 3689 qua:
3661 3620 3806 3689 agnu-

2251 3712 2359 3759 tur.
2384 3704 2460 3761 De
2483 3707 2764 3772 scrutinio,
2788 3707 2915 3777 quid
2932 3709 3002 3764 sit
3022 3710 3376 3766 scrutinium?
3395 3710 3465 3766 Et
3481 3711 3547 3768 ὼ
3567 3707 3807 3782 symbolo.

2250 3797 2379 3865 quid
2404 3797 2538 3869 [At.,
2562 3798 2704 3870 qua]
2734 3802 2805 3854 sit
2828 3801 2945 3871 ejus
2972 3802 3367 3873 interpretatio,
3395 3805 3686 3861 secrmdum
3716 3802 3806 3859 La-

2251 3889 2428 3944 tinos?
2466 3889 2543 3944 De
2588 3891 2927 3960 credulitate,
2977 3894 3242 3964 quomodo
3282 3897 3609 3953 credendum
3651 3898 3720 3954 sit
3758 3897 3807 3952 in

2251 3982 2421 4037 Deum
2446 3982 2662 4040 Patrem
2695 3987 3223 4058 omnipotentem,,et
3266 3989 3321 4045 in
3354 3988 3541 4047 Jesum
3561 3989 3810 4048 Christum

2251 4070 2450 4127 Filium
2487 4072 2606 4143 ejus
2642 4083 2826 4130 natum
2859 4084 2915 4131 et
2945 4091 3196 4147 passum;
3225 4086 3283 4137 et
3320 4080 3375 4135 in
3420 4079 3679 4151 Spiritum
3706 4096 3811 4137 saa—

2253 4171 2421 4230 ctum,
2450 4174 2694 4222 sanctam
2716 4168 3011 4225 Ecclesium
3039 4171 3381 4239 catholicam,
3409 4181 3464 4228 et
3488 4183 3685 4229 cetera
3710 4186 3812 4243 qua

2254 4265 2552 4326 sequuntur
2596 4259 2651 4313 in
2692 4261 2878 4317 eodem
2931 4260 3207 4333 symbolo?
3248 4264 3324 4320 De
3365 4266 3813 4323 abrenuntiatio‘ue

2256 4344 2469 4405 Satanas
2496 4359 2552 4405 et
2578 4350 2645 4405 de
2666 4354 2921 4409 omnibus
2952 4356 3206 4425 operibus
3234 4355 3356 4425 ejus
3397 4366 3564 4428 atque
3599 4358 3814 4429 ponatis.

2254 4438 2385 4507 quid
2428 4440 2503 4494 sit
2545 4441 2979 4511 abi-enuntiatio,
3025 4442 3113 4501 vel
3156 4461 3275 4516 qua:
3321 4461 3485 4518 opera
3534 4448 3728 4505 diaboli
3770 4457 3817 4503 et

2253 4530 2496 4600 pompm?
2530 4531 2640 4586 Cur
2664 4533 2976 4589 exsulﬁatur
2995 4535 3128 4608 [Al.,
3152 4536 3499 4612 κωπίω,
3528 4549 3584 4596 et
3607 4555 3709 4596 cur
3739 4555 3818 4595 ex-

576 4624 822 4682 sissimus
842 4626 1134 4696 imperator
1148 4591 1482 4684 mea;
1504 4591 1653 4684 ιῖιίέίέ
1676 4591 2154 4696 "absimili-im
2177 4591 2234 4657 ν
2256 4622 2560 4677 orcizalur?
2589 4622 2697 4680 Cur
2734 4591 3148 4686 caechurainus
3176 4631 3375 4702 accipit
3414 4591 3618 4689 salem?
3659 4633 3819 4702 Quare

575 4733 676 4774 nos
700 4718 942 4775 excitans
966 4719 1035 4774 ad
1072 4719 1130 4775 id
1168 4720 1496 4786 faciendum,
1540 4722 1597 4775 in
1634 4720 1871 4777 secunda
1906 4723 2155 4790 praebens

576 4812 954 4868 auctoritatem
972 4812 1122 4882 operi
1140 4812 1307 4870 tacto.
1336 4811 1703 4884 Similiterque
1733 4827 1826 4868 vos
1851 4828 2068 4884 precor,
2093 4825 2153 4872 ut

576 4917 685 4957 non
728 4903 908 4974 pigeat
950 4903 1290 4961 dilectionem
1331 4912 1568 4960 vestram
1606 4904 1886 4975 perlegere
1924 4921 1991 4962 ea
2031 4922 2152 4977 qua:

576 4994 737 5051 modo
764 4995 1088 5062 addimus,et
1109 4996 1199 5052 ille
1226 5012 1332 5054 non
1369 4996 1515 5067 legit,
1544 5004 1608 5051 ut
1632 4997 1775 5053 sicut
1795 5012 1861 5052 ea
1892 5012 2015 5069 quae
2037 4999 2151 5069 ipse

576 5083 729 5155 legit,
755 5085 834 5140 sic
856 5093 912 5141 et
930 5087 1181 5157 litesque
1198 5087 1349 5143 vobis
1370 5087 1637 5158 leguntur,
1660 5104 1726 5144 ex
1757 5098 1938 5147 vestra
1962 5100 2150 5147 sancta

577 5174 899 5230 auctoritate
929 5178 1284 5248 corrigantur,
1306 5192 1435 5247 qua
1458 5180 1774 5249 corrigenda
1799 5189 1941 5246 sum,
1974 5189 2029 5237 et
2055 5180 2149 5236 tir-

577 5272 811 5332 mentur,
841 5282 962 5339 quae
984 5268 1242 5326 ﬁrmanda
1280 5278 1425 5327 sunt.
1453 5268 1687 5342 Mihique
1714 5272 1871 5330 libuit
1906 5281 2144 5330 vestram

577 5357 860 5430 epistolam
885 5360 1034 5432 operi
1060 5362 1212 5418 vobis
1251 5362 1555 5431 specialiter
1590 5363 1797 5420 directo
1834 5378 2145 5434 praeponere

573 5461 704 5525 cum
725 5449 971 5506 versibus
1006 5451 1325 5520 quibusdam
1358 5452 1609 5508 marinis.
1646 5454 1756 5509 Vos
1783 5453 1929 5508 enim
1964 5469 2142 5510 meum

570 5538 782 5616 nullum
816 5541 987 5599 latere
1010 5541 1152 5599 volo.
1194 5529 1549 5611 Pertractavi,
1596 5553 1883 5616 postquam
1920 5561 2149 5616 corpore

645 5709 678 5742 ι
699 5698 825 5756 Ηυξ
850 5707 935 5773 est
957 5698 1187 5773 epistola
1208 5699 1312 5754 sub
1334 5701 1520 5757 eodem
1544 5709 1732 5756 tortore
1759 5702 1827 5757 ad
1857 5703 1990 5759 alios
2017 5718 2152 5773 quo-

571 5784 689 5853 .“13.
730 5771 882 5853 rasili
914 5771 1346 5853 archiepiscopus
1383 5786 1524 5827 anno
1563 5773 1781 5853 circiter
1808 5773 1911 5829 812
1949 5771 2146 5853 iniussa;

572 5844 792 5905 nam
821 5854 1036 5916 quoque
1070 5844 1377 5916 siquos-unt
1414 5844 1789 5916 ιαροαὶωθε
1826 5846 1969 5918 apud
2000 5845 2155 5903 Baiu-

2220 4735 2225 4739 ’
2258 4720 2548 4785 tangantur
2583 4732 2759 4782 nares,
2793 4727 2980 4788 pectus
3001 4727 3232 4791 ungatur
3262 4721 3415 4778 oleo?
3448 4722 3559 4779 Cur
3598 4724 3822 4795 mpii:

2259 4806 2411 4879 [δίδη
2454 4808 2714 4884 spadulre]
2754 4811 3032 4881 signentur
3074 4811 3203 4884 [At.,
3242 4813 3476 4885 scapulae
3518 4813 3823 4888 lavantur]?

2256 4896 2433 4965 Quare
2469 4907 2656 4970 pectus
2694 4908 2748 4957 et
2777 4901 3007 4972 scapulae
3048 4902 3338 4960 linkmtur?
3360 4904 3473 4961 Cur
3494 4905 3640 4964 albis
3661 4906 3821 4963 indui-

2254 4997 2343 5045 tur
2368 4992 2735 5048 vestimentis?
2761 4992 2870 5048 Cur
2895 5009 3050 5051 sacro
3077 4996 3370 5052 chrismate
3392 5006 3564 5069 caput
3580 4998 3820 5069 perungi-

2257 5087 2363 5147 tur,
2383 5089 2440 5136 et
2460 5083 2692 5153 mystico
2724 5085 2922 5155 tegitur
2955 5085 3238 5155 velamine,
3268 5088 3355 5145 vel
3374 5100 3609 5160 corpore
3627 5096 3821 5147 etsun-

2255 5170 2418 5243 guine
2443 5168 2722 5229 Dominico
2757 5170 3144 5231 conﬁrmatur?

2326 5254 2453 5321 Hac
2484 5264 2666 5319 omnia
2692 5266 2873 5322 subtili
2893 5267 3141 5340 indagine
3162 5270 3664 5341 perscriptanobis,
3694 5270 3823 5327 sicut

2254 5356 2508 5423 diximus,
2539 5360 2788 5414 nuntiare
2814 5368 3000 5430 satage
3026 5379 3038 5413 :
3069 5361 3154 5415 vel
3178 5363 3227 5416 si
3265 5364 3339 5418 ita
3385 5371 3572 5420 teneas
3606 5373 3824 5434 estpra-

2252 5448 2429 5511 dices,
2456 5456 2548 5504 aut
2584 5449 2629 5504 si
2669 5449 2725 5504 in
2762 5450 2864 5504 hoc
2896 5451 3040 5519 quod
3068 5450 3349 5522 praedicas,
3387 5455 3623 5525 teipsum
3652 5458 3823 5510 custo-

2248 5539 2383 5596 dias.
2408 5539 2552 5595 Bene
2580 5540 2751 5595 valete
2778 5540 2914 5613 [A1.,
2936 5541 3075 5615 vale]
3103 5551 3157 5599 et
3179 5560 3277 5599 ora
3306 5559 3406 5616 pro
3432 5546 3611 5603 nobis.

2250 5705 2424 5778 simu,
2472 5702 2853 5778 Mabillonium,
2904 5703 3173 5778 Martene,
3220 5706 3462 5778 Pettium.
3500 5706 3587 5778 Ex
3630 5707 3823 5778 quibus

2251 5776 2505 5851 lectiones
2521 5775 2800 5851 variantes
2817 5775 3119 5851 transimus.
3167 5777 3299 5834 Vide
3321 5793 3454 5835 vero
3494 5775 3725 5851 Pagium
3758 5777 3821 5833 ad

2252 5862 2454 5906 annum
2472 5844 2604 5914 812,
2624 5859 2775 5902 num.
2808 5842 2877 5901 12
2896 5854 2953 5901 et
2973 5846 3057 5902 t5.
