4012 6364
184 413 292 472 893

426 611 802 675 RESPONSIO
839 613 1165 674 AMALARII
1202 617 1520 675 EPISCOPI.

248 708 656 767 Gloriosissimo
682 719 738 764 et
776 707 1223 765 excellentissimo
1263 710 1521 779 Augusto.
1569 721 1600 762 a
1646 703 1756 761 Deo

178 808 475 868 comato,
503 798 698 857 Carolo
737 798 1099 866 serenissima;
1147 799 1257 854 vita
1291 799 1539 870 salusque
1577 811 1760 868 perpe-

180 903 298 950 tua.

246 985 482 1041 Domine
520 984 593 1039 mi
618 981 1078 1040 Christianissimc
1100 983 1412 1053 imperator.
1442 975 1657 1033 Misistis
1692 975 1760 1033 ad

178 1075 458 1133 servulum
485 1081 725 1130 vestrum
765 1075 1157 1144 inquisitiones,
1201 1069 1494 1128 secundum
1524 1079 1760 1125 vestram

176 1168 632 1232 misericordiam,
659 1168 724 1222 de
749 1182 904 1222 sacro
926 1167 1269 1238 baptismate,
1289 1177 1386 1234 per
1415 1163 1657 1219 ordinem
1681 1163 1762 1216 in-

179 1267 523 1330 terrogantes
552 1275 650 1313 cur
677 1273 1006 1328 unaquaeque
1033 1273 1118 1312 res
1149 1264 1340 1327 agatur
1368 1255 1422 1310 in
1445 1253 1762 1323 baptisreri‘o'

177 1362 231 1408 ut
255 1354 316 1407 in
342 1352 644 1406 scrutinio:
678 1351 817 1406 sicut
852 1349 906 1403 in
950 1348 1197 1402 omnibus
1232 1347 1432 1403 Christi
1458 1344 1761 1414 exemplum

178 1444 494 1515 sequimini,
531 1443 610 1496 sic
655 1451 708 1496 et
760 1441 811 1494 in
859 1441 988 1504 isto;
1022 1440 1112 1509 qui
1161 1437 1226 1492 ad
1265 1437 1366 1492 hoc
1417 1435 1765 1505 interregavit

176 1537 510 1607 Philippum,
533 1543 591 1588 ut
623 1531 862 1596 doceret,
890 1533 1071 1587 dicens
1104 1549 1116 1584 ί
1153 1529 1299 1584 Unde
1328 1545 1553 1582 ememus
1581 1537 1760 1598 patzes,

177 1637 228 1682 ut
258 1627 580 1682 manducent
601 1624 654 1678 hi
675 1623 854 1696 (Joan.
878 1631 948 1682 vi,
977 1621 1064 1692 5)?
1095 1621 1318 1682 Tamen,
1344 1627 1400 1672 ut
1424 1615 1764 1688 Et'angelisla

177 1719 249 1773 ait
282 1734 299 1772 :
328 1713 452 1787 Ipse
485 1717 621 1770 enim
649 1713 838 1768 sciebat
862 1713 984 1784 quid
1015 1720 1141 1766 esset
1167 1711 1421 1780 facturus.
1447 1707 1765 1776 Quanquam

179 1810 411 1864 idoneus
443 1815 550 1862 non
588 1807 687 1861 sim
730 1814 920 1859 vestra:
965 1801 1372 1871 interrogationi
1421 1801 1763 1868 respmidcre,

1222 406 1440 468 EPIST.
1487 403 1576 469 DE
1613 395 2052 469 CEREMONIiS
2087 401 2425 466 BAP’I’ISMI.

1783 531 1838 590 Α
1864 525 2021 580 fidem
2049 525 2232 579 tenere
2260 541 2354 595 per
2381 527 2544 594 Opera
2570 520 2869 578 charitatis.
2909 519 2979 576 Et
3008 517 3147 576 sicut
3186 511 3436 594 Augusti-

3327 355 3432 466 est

1859 633 1959 670 nus
1989 617 2064 668 ait
2092 617 2144 669 in
2175 616 2311 669 libro
2349 611 2416 666 de
2444 607 2574 668 Fide
2612 621 2667 667 et
2686 609 2949 682 Operibus
2981 610 3132 683 (Cap.
3167 607 3258 676 27,
3281 612 3431 664 nam.

1857 709 1946 779 49)
1975 728 1985 761 :
2035 727 2052 758 ‹
2088 707 2176 761 Sic
2200 705 2609 761 catechizandos
2637 718 2728 759 eos
2756 703 2845 774 qui
2876 703 3199 774 baptismum
3222 707 3433 772 petunt,

1858 809 1917 855 nt
1939 809 2042 854 non
2068 799 2241 855 solum
2268 798 2488 851 audiant
2513 807 2672 865 atque
2699 795 2994 864 suscipiant
3035 791 3162 862 quid
3192 785 3431 857 credere,

1858 899 2044 946 verum
2071 889 2236 946 etiam
2272 889 2503 959 qualiter
2548 887 2776 943 debeant
2806 887 2986 940 vivere
3017 903 3027 938 :
3078 886 3154 939 sic
3193 879 3437 955 promitti

1860 982 2106 1039 Iidelih'us
2134 986 2297 1038 vitam
2335 991 2614 1045 aeternam,
2665 989 2722 1034 ut
2761 995 2864 1034 non
2915 973 3081 1031 etiam
3129 990 3225 1046 per
3273 973 3433 1029 fidem

1862 1079 2154 1139 mortuam,
2195 1089 2312 1142 qtae
2339 1071 2454 1125 sine
2475 1071 2726 1139 operibus
2764 1066 2971 1123 salvare
2999 1083 3105 1122 non
3142 1069 3343 1135 potest,
3367 1053 3435 1119 ad

1862 1179 1982 1224 eam
2017 1171 2075 1221 s'e
2102 1166 2330 1236 quisque
2358 1171 2516 1234 posse
2548 1162 2829 1232 pervenire
2858 1160 3171 1222 arbitretur,
3207 1157 3300 1211 sed
3339 1157 3438 1226 per

1864 1257 2009 1314 illam
2051 1257 2208 1313 fidem
2241 1257 2448 1328 gratiae,
2477 1270 2595 1323 qua:
2624 1269 2720 1323 per
2747 1251 3084 1306 dilectionem
3112 1255 3388 1318 operatur.
3412 1266 3430 1298 ι

1864 1351 1940 1406 De
1969 1367 2074 1420 qua
2131 1349 2504 1411 instructione,
2564 1346 2609 1400 si
2671 1343 2791 1413 quis
2835 1339 2970 1407 vult,
3019 1339 3151 1395 satis
3200 1338 3439 1408 reperire

1864 1448 2038 1514 potest
2069 1443 2121 1495 in
2159 1439 2455 1508 Augustino
2508 1437 2574 1490 de
2618 1429 3016 1489 catechizandis
3057 1423 3298 1485 rudibus.
3339 1424 3441 1483 Su-

1866 1549 1963 1605 per
2003 1533 2258 1603 parvulos
2292 1531 2590 1586 orationem
2642 1527 2840 1581 faciant
2883 1522 3032 1596 [.iis.,
3065 1519 3338 1592 facimus],
3383 1523 3444 1573 ut

1867 1628 2082 1681 cmcitas
2117 1624 2293 1679 cordis
2319 1625 2370 1676 in
2414 1623 2491 1676 eis
2520 1616 2833 1689 depellatur,
2861 1615 3237 1686 dirumpuntur
3263 1608 3442 1682 laquei

1870 1717 2104 1783 Satante,
2138 1717 2332 1787 quibus
2374 1713 2587 1768 fuerant
2622 1709 2875 1780 colligati,
2918 1715 2973 1762 et
2999 1706 3174 1762 idonei
3199 1701 3436 1760 efﬁcian-

1870 1819 1957 1865 tur
1982 1825 2078 1881 per
2114 1808 2444 1862 incrementa
2489 1805 2543 1858 et
2582 1801 3034 1857 ministrationem
3076 1793 3442 1852 membrorum

179 1911 365 1954 tamen
393 1899 784 1953 ίηοδθάίθιηυῒη
824 1911 910 1951 me
939 1909 1043 1950 “0"
1075 1902 1285 1965 ορῡνίει
1307 1905 1445 1958 9550:
1479 1893 1606 1962 "Illi"
1643 1907 1761 1945 Oln-
1793 1885 1842 1949 Β
1866 1915 1931 1955 ea
1959 1911 2280 1971 cognoscere
2311 1912 2428 1967 qua:
2453 1893 2766 1950 dimittenda
2792 1899 2935 1958 sunt,
2965 1899 3019 1944 et
3044 1906 3162 1959 qua:
3189 1885 3440 1942 tenenda.

180 1994 344 2047 nibus
365 1993 614 2047 sensibus
632 1999 684 2044 et
708 1990 976 2045 intellectu
1005 2003 1122 2043 meo
1147 1989 1340 2043 vestris
1361 1988 1560 2041 sanctis
1576 1985 1770 2055 jussio—

181 2085 344 2139 nibus
369 2084 759 2152 obtemperem.
781 2081 1007 2151 Ideoque
1030 2081 1170 2151 quod
1195 2081 1463 2150 'conjicerc
1485 2094 1769 2150 possumus

184 2179 317 2254 [Al.,
344 2177 662 2248 potuimus],
693 2175 1005 2245 scripsimus
1041 2173 1107 2229 de
1142 2173 1226 2228 bis
1260 2173 1419 2228 rebus
1447 2191 1564 2242 quze
1593 2181 1769 2226 vestra

184 2269 486 2326 dominatio
515 2266 881 2337 interrogavit,
923 2273 977 2321 et
1015 2265 1156 2335 Quod
1187 2266 1238 2320 in
1266 2273 1514 2335 promptu
1563 2263 1767 2317 inveni-

188 2381 308 2420 mus
335 2365 390 2418 in
419 2364 579 2418 dictis
615 2369 925 2416 sanctorum
952 2359 1194 2424 Patrum,
1235 2359 1359 2414 illuc
1398 2358 1567 2429 magis
1598 2358 1772 2412 aciem

189 2457 384 2511 mentis
438 2453 732 2510 direximus
775 2469 841 2508 ex
887 2453 972 2507 bis
1017 2469 1137 2523 quce
1176 2449 1526 2506 admonitioni
1575 2459 1771 2504 vestrae

191 2560 427 2616 congrua
462 2545 796 2599 videbamus.
830 2539 938 2597 Nos
977 2549 1104 2596 vero
1146 2555 1452 2612 quanquam
1503 2541 1672 2612 ignari
1703 2539 1775 2595 si-

193 2654 334 2702 mus,
366 2653 468 2692 non
503 2647 776 2692 cessamus
801 2649 899 2707 pro
919 2635 1069 2690 vobis
1097 2645 1150 2689 et
1177 2645 1353 2689 vestra
1382 2632 1770 2696 iniscricordia,

195 2747 355 2802 quam
391 2730 654 2785 exercetis
682 2729 735 2782 in
775 2739 961 2782 Omnes
1000 2725 1092 2780 Dei
1133 2726 1383 2790 cultores,
1424 2725 1625 2796 gratias
1668 2721 1776 2776 Deo

206 2837 386 2892 agere,
425 2829 476 2876 et
521 2818 870 2876 stabilitatem
913 2827 1072 2887 atque
1120 2817 1436 2886 sapientiam
1492 2814 1779 2884 imprecari

209 2923 389 2968 vestro
442 2909 713 2982 regimini;
768 2923 996 2981 quarum
1052 2909 1533 2979 interrogationum
1605 2905 1780 2976 prima

198 3007 315 3062 hazc
355 3007 599 3061 consistit
636 3018 651 3060 :
700 3004 807 3062 Cur
849 3001 1025 3060 infans
1064 3003 1484 3059 catcchumenus
1521 2994 1617 3056 liat
1657 3007 1783 3055 ante

199 3103 528 3174 baptismum
539 3101 562 3156 ?

730 3183 808 3246 De
852 3190 1229 3245 catechumenis

267 3285 487 3342 Scimus
530 3285 693 3350 enim,
741 3277 1549 3350 excellentissime.imperator,
1593 3293 1784 3335 omnes

195 3381 447 3436 homines
474 3378 573 3434 sub
595 3377 799 3448 peccati
834 3373 963 3445 jugo
994 3374 1167 3430 teneri
1202 3373 1268 3427 ab
1296 3374 1411 3443 ipso
1435 3371 1662 3427 articulo
1687 3387 1783 3426 na-

195 3472 429 3528 tivitatis
457 3471 594 3541 ejus,
642 3477 812 3539 usque
860 3467 927 3522 ad
973 3467 1262 3523 secundam
1316 3465 1681 3529 nativitatem;
1733 3472 1788 3520 et

196 3565 499 3620 veridicam
546 3573 662 3618 esse
704 3561 1024 3619 sententiam
1066 3557 1380 3621 Psalmistze,
1428 3557 1519 3627 qui
1568 3556 1785 3626 inquit,

195 3657 336 3712 Ecce
362 3658 504 3712 enim
545 3657 599 3709 in
629 3654 986 3726 iniquitatibus
1029 3661 1300 3721 conceptus
1335 3667 1471 3715 sum,
1503 3658 1550 3702 et
1577 3649 1632 3702 in
1665 3665 1787 3718 pec-

195 3751 334 3805 catis
367 3747 600 3817 concepit
629 3764 706 3800 me
738 3754 900 3799 mater
929 3761 1042 3798 mea
1066 3741 1238 3815 (I’sal.
1268 3759 1318 3807 L,
1346 3741 1419 3812 7).
1463 3740 1530 3794 Et
1577 3741 1680 3795 hoc
1709 3747 1792 3794 est

195 3850 427 3914 propter
455 3837 869 3894 Inobedientiam
912 3835 1070 3907 primi
1121 3835 1352 3890 hominis
1391 3846 1444 3889 et
1470 3834 1585 3904 ejus
1615 3844 1790 3889 trans-

194 3933 565 4005 gressionem,
597 3948 625 3986 a
653 3947 758 4002 quo
787 3930 1032 3985 ducimus
1062 3929 1325 4000 originem
1369 3928 1637 3983 carnalem
1686 3946 1698 3982 :
1738 3936 1795 3981 et

195 4044 314 4082 non
342 4039 503 4098 posse
529 4043 627 4081 nos
657 4025 938 4081 reformari
976 4027 1040 4080 ad
1073 4027 1360 4096 imaginem
1405 4025 1523 4096 ejus
1562 4025 1654 4094 qui
1695 4036 1794 4078 nos

196 4118 436 4183 creavit,
473 4117 577 4171 nisi
619 4133 716 4188 per
761 4115 994 4172 salutare
1036 4117 1323 4187 baptisma,
1367 4117 1512 4186 quod
1557 4116 1796 4170 nondum

199 4211 552 4280 accepimus;
586 4225 756 4279 neque
794 4217 942 4279 patet
972 4209 1147 4264 aditus
1192 4209 1340 4280 regni
1381 4209 1659 4273 cmlorum,
1691 4206 1796 4261 nisi

171 4318 560 4358 .renascamur
586 4318 650 4354 ea:
678 4318 816 4371 aqua
840 4309 888 4353 et
917 4299 1118 4369 Spiritu
1147 4310 1324 4354 sancto
1367 4298 1548 4370 (Joan.
1591 4315 1676 4363 in,

199 4395 414 4450 Sumus
441 4393 589 4448 enim
626 4399 751 4446 ante
791 4387 1056 4460 baptisma
1088 4390 1142 4444 in
1182 4389 1416 4444 tenebris
1445 4388 1794 4457 ignorantiae;

198 4488 258 4542 in
295 4484 579 4540 desideriis
601 4483 781 4538 carnis
807 4482 1160 4547 ambulantes,
1198 4481 1425 4535 facimus
1454 4495 1518 4534 ea
1545 4495 1663 4548 qua:
1691 4495 1800 4532 non

1806 3241 1857 3306 ο

2458 2010 2538 2064 De
2577 2008 2851 2063 scrutinio.

1939 2135 1994 2189 In
2025 2132 2283 2188 scrutinio
2311 2129 2508 2198 quippe
2550 2124 2776 2178 facimus
2817 2123 3029 2190 signum
3069 2115 3244 2172 crucis
3285 2123 3453 2182 super

1869 2241 2080 2297 pueros,
2110 2225 2249 2276 sicut
2268 2219 2571 2275 invenimus
2595 2217 2854 2284 scriptum
2883 2214 2934 2266 in
2960 2211 3200 2265 Romano
3225 2205 3444 2269 Ordine,

1871 2329 1926 2375 et
1963 2316 2390 2390 genuﬂexionem
2436 2319 2490 2365 et
2537 2308 2928 2379 adjurationcm
2969 2304 3161 2375 [Edit.,
3213 2299 3448 2352 admira-

1873 2387 2127 2478 tionem];
2163 2416 2216 2460 et
2237 2404 2490 2458 docemus
2515 2397 2812 2454 orationem
2845 2393 3175 2448 Dominicam
3202 2387 3448 2460 patrinos

1873 2511 1927 2557 et
1955 2498 2234 2562 matrinas,
2274 2502 2332 2547 ut
2357 2502 2411 2546 et
2437 2491 2535 2562 ipsi
2566 2487 2812 2543 similiter
2845 2483 3064 2547 faciant,
3108 2496 3242 2550 quos
3277 2492 3456 2533 susce-

1876 2591 2016 2661 pturi
2059 2597 2184 2644 sunt
2221 2603 2251 2640 a
2294 2601 2448 2640 sacro
2495 2581 2835 2652 baptismate.
2892 2574 3153 2630 Similiter
3199 2571 3456 2626 docemus

1877 2660 2196 2753 symbolum,
2240 2677 2382 2746 quod
2426 2676 2629 2744 signum
2670 2671 2724 2724 in
2769 2677 2952 2724 nostra
2989 2663 3171 2734 lingua
3199 2660 3447 2723 vertitur,

1875 2751 1961 2825 vel
1989 2769 2233 2838 cognitio.
2263 2757 2484 2832 Quando
2506 2757 2880 2815 dividebantur
2909 2751 3130 2824 apostoli
3161 2766 3258 2820 per
3283 2755 3453 2838 totum

1878 2861 2066 2916 orbem
2101 2853 2499 2928 praedicationis
2536 2865 2719 2911 causa,
2752 2845 3016 2899 dederunt
3039 2837 3166 2894 illud
3193 2831 3454 2910 [signum']J

1880 2926 2300 3023 praedicationis,
2342 2953 2402 2998 ut
2431 2942 2473 2998 si
2505 2941 2625 3011 quis
2651 2937 2773 2992 talia
2803 2935 3151 2990 confiteretur
3175 2927 3352 2999 qualia
3383 2926 3458 2980 ibi

1884 3020 2158 3106 dicuntur,
2186 3038 2546 3110 cognitionem
2591 3029 2745 3087 daret
2783 3045 2841 3084 se
2889 3046 2918 3082 a
2966 3025 3166 3082 Christi
3205 3020 3462 3094 apostolis

1885 3137 2000 3195 sive
2025 3152 2056 3191 a
2088 3132 2493 3192 successoribus
2515 3143 2703 3184 eorum
2731 3123 3002 3180 didicisse.

2194 3243 2302 3302 Cur
2337 3246 2394 3298 in
2432 3245 2604 3314 fronte
2642 3239 2900 3309 faciamus
2933 3237 3158 3305 signant.

1955 3366 2132 3422 Sedes
2153 3359 2494 3418 verecundiae
2526 3357 2579 3410 in
2606 3353 2782 3408 fronte
2821 3350 2956 3405 solet
2993 3362 3132 3402 esse.
3183 3342 3459 3412 Siquidem

1886 3459 2056 3518 Judtei
2092 3458 2148 3512 in
2173 3454 2349 3508 fronte
2381 3451 2706 3505 eximes-eunt
2739 3443 2960 3499 credere
3007 3441 3063 3494 in
3106 3439 3257 3494 illum
3299 3446 3461 3505 quem

1887 3557 2088 3606 norunt
2135 3543 2472 3604 cruciﬁxum,
2525 3546 2585 3591 ut
2626 3534 2820 3590 Paulus
2867 3531 3142 3602 apostolus
3186 3529 3292 3582 ait:
3347 3524 3461 3580 Nos

1888 3651 2061 3700 autem
2097 3639 2442 3710 prwdicamus
2470 3631 2732 3685 Christum
2757 3627 3066 3695 cruci/imam
3111 3622 3314 3676 Iudaeis
3343 3620 3465 3691 qui-

1889 3739 2006 3792 dem
2028 3730 2359 3794 scandalum,
2391 3725 2625 3797 gentibus
2665 3732 2836 3776 autem
2865 3719 3138 3775 stultitiam
3173 3714 3225 3787 (1
3256 3712 3378 3767 Cor.
3409 3726 3464 3778 ιδ

1889 3829 2001 3898 25).
2045 3826 2154 3880 Sed
2193 3838 2293 3879 nos
2339 3820 2607 3876 credimus
2637 3827 2737 3886 per
2776 3811 3106 3868 Cruciiixum
3145 3806 3362 3871 salvari,
3401 3803 3470 3858 de

1892 3921 2044 3992 cujus
2066 3917 2284 3973 nomine
2321 3913 2490 3967 Judtei
2538 3910 2884 3971 erubescunt,
2925 3904 3080 3973 cujus
3117 3905 3216 3956 nos
3253 3900 3470 3957 nomine

1892 4012 2163 4069 credimus
2191 4005 2420 4069 muniri;
2449 4011 2611 4071 atque
2630 4000 2752 4054 ideo
2779 3996 3030 4052 intrante
3059 3996 3270 4066 signum
3296 3991 3474 4045 erucis

1894 4107 2143 4171 facimus,
2177 4102 2274 4157 ubi
2315 4099 2470 4154 sedes
2498 4093 2835 4150 verecundiae
2875 4097 2976 4153 est,
3022 4088 3163 4144 sicut
3198 4086 3310 4157 jam
3339 4082 3476 4140 dixi-

1895 4211 2038 4253 mus.

2283 4279 2446 4346 Quali
2481 4279 2632 4347 signa
2669 4275 2931 4345 signemus
2966 4285 3080 4324 nos.

1967 4394 2036 4447 Et
2071 4403 2175 4446 non
2197 4389 2302 4445 alio
2329 4389 2480 4459 signo
2511 4387 2786 4457 signamus
2811 4397 2932 4447 nos,
2956 4379 3058 4434 nisi
3085 4379 3239 4448 signo
3262 4371 3476 4440 crocis;

1899 4485 2022 4556 quia
2067 4483 2327 4539 Dominus
2366 4481 2418 4534 in
2447 4492 2610 4534 carne
2647 4485 2807 4530 natus
2834 4471 3087 4527 vexillum
3133 4466 3329 4530 crucis,
3373 4475 3481 4533 quo

198 4578 578 4636 conveniunt:
609 4575 842 4631 vivimus
887 4573 1181 4641 secundum
1228 4581 1468 4627 veterem
1502 4571 1796 4635 hominem,
1823 4603 1876 4668 Β
1900 4590 2120 4636 suorum
2163 4573 2367 4628 Ῑι-οηιος
2403 4583 2427 4612 ει
2459 4571 2716 4641 signaret,
2773 4561 3019 4627 atterens,
3071 4568 3131 4614 ut
3180 4559 3482 4613 destrueret

201 4672 307 4743 qui
334 4669 701 4739 corrumpitur
726 4668 1020 4722 secundum
1041 4665 1303 4721 desideria
1328 4664 1548 4719 erroris.
1574 4663 1802 4731 Ideoque

200 4765 308 4836 qui
339 4763 612 4820 desiderat
641 4759 933 4816 secundum
962 4775 1161 4815 novum
1187 4759 1459 4814 heminem
1499 4757 1802 4823 reformari,

199 4863 439 4912 necesse
491 4859 573 4908 est
617 4861 673 4905 ut
720 4851 1019 4906 instruatur
1071 4867 1101 4904 a
1156 4849 1462 4905 doctoribus
1515 4842 1804 4914 Ecclesiae,

199 4946 394 5020 qualis
425 4952 553 4998 ante
597 4942 925 5012 baptismum
956 4942 1060 5006 sit;
1100 4941 1274 5010 qualis
1320 4948 1442 5013 post
1478 4940 1810 5009 baptismum

200 5041 434 5097 futurus
457 5051 555 5108 per
575 5034 670 5089 Dei
692 5033 940 5105 gratiam,
963 5043 1021 5088 ut
1043 5033 1108 5088 de
1137 5032 1371 5087 tenebris
1383 5040 1726 5100 peccatorum
1755 5031 1809 5084 in

202 5132 397 5192 lucem
423 5126 668 5182 veritatis
699 5130 1075 5189 convertatur;
1109 5124 1296 5178 relicto
1317 5123 1532 5178 nomine
1552 5121 1810 5177 falsorum

205 5225 447 5279 deorum
477 5218 619 5276 colat
648 5233 813 5274 unum
849 5219 1016 5274 Deum
1042 5219 1222 5272 vivum
1246 5225 1301 5272 et
1334 5232 1541 5270 verum.
1571 5216 1638 5270 Et
1667 5223 1812 5286 post-

206 5327 389 5386 quam
406 5311 524 5366 haec
547 5304 832 5382 percepita
853 5309 1114 5364 catholico
1137 5309 1374 5371 doctore,
1398 5307 1814 5362 catechumenos

208 5407 443 5472 dicitur,
492 5399 571 5478 [id
611 5402 716 5476 est]
749 5404 1032 5457 instructus
1059 5403 1172 5456 sive
1195 5401 1427 5455 auditor.

291 5501 417 5556 Non
462 5513 747 5570 possumus
797 5512 1122 5567 cognoscere
1174 5497 1484 5560 veritatem,
1525 5503 1814 5563 antequam

214 5593 469 5649 sciamus
497 5591 626 5661 quid
669 5591 740 5644 sit
781 5587 995 5643 falsum.
1036 5587 1204 5658 Igitur
1249 5594 1459 5655 oportet
1495 5600 1594 5639 nos
1619 5585 1814 5640 docere

218 5685 405 5752 illum,
451 5697 484 5737 a
527 5698 634 5753 quo
663 5681 948 5738 recesserit
992 5679 1288 5750 peccando,
1317 5687 1371 5732 et
1397 5678 1451 5731 in
1485 5693 1591 5746 quo
1628 5691 1815 5731 errore

219 5783 590 5851 permaneat:
621 5782 676 5829 et
700 5780 888 5844 postea
918 5771 972 5825 in
1011 5787 1172 5840 quem
1199 5776 1445 5840 oporteat
1479 5769 1718 5832 credere,
1758 5777 1814 5822 et

1904 4672 2094 4726 mortis
2133 4667 2457 4737 imperium;
2507 4671 2562 4718 et
2587 4676 2684 4732 per
2712 4659 2820 4713 tale
2867 4658 3078 4728 signum
3130 4658 3483 4722 recognoscat

1905 4761 2177 4819 contraria
2214 4760 2473 4829 potestas,
2502 4751 2861 4824 principatum
2907 4759 2962 4802 se
2988 4745 3216 4816 perdere
3245 4743 3298 4796 in
3343 4741 3480 4808 istis,

1908 4867 2043 4926 quos
2069 4853 2211 4907 Deus
2239 4847 2455 4904 vocavit
2474 4845 2540 4899 ad
2567 4843 2793 4914 gratiam
2822 4837 3096 4909 baptismi.
3119 4833 3250 4888 Ilitth
3275 4833 3486 4902 signum

1910 4923 2115 5000 faciunt
2135 4943 2189 4996 in
2227 4938 2492 4994 frontibus
2528 4946 2716 4988 eorum
2757 4926 3080 5001 presbyteri,
3110 4923 3360 4996 acolythi,
3391 4937 3487 4999 pa-

1913 5036 2039 5092 triai
2070 5031 2414 5089 etmatrinm.
2469 5025 2738 5082 Serihitur
2782 5022 2836 5075 in
2873 5016 3229 5074 aediﬁcatione
3278 5006 3484 5083 templi,

1916 5141 2077 5197 quam
2106 5124 2241 5178 vidit
2282 5118 2531 5174 Ezechiel
2564 5111 2870 5186 specialiter
2913 5123 3030 5166 esse
3077 5108 3329 5179 fenestras
3365 5102 3490 5159 obii-

1915 5229 2044 5288 quas
2071 5215 2127 5267 in
2156 5211 2400 5265 thalamis
2431 5216 2478 5263 et
2505 5208 2560 5261 in
2589 5204 2845 5277 frontibus
2883 5217 3082 5265 eorum,
3113 5199 3202 5270 qui
3231 5207 3378 5252 erant
3405 5197 3484 5250 in-

1918 5277 2001 5362 ira
2038 5315 2240 5377 portam
2270 5303 2499 5372 undique
2546 5311 2637 5370 per
2682 5297 2956 5350 circuitum
2986 5291 3204 5364 (Ezeclt.
3247 5291 3336 5356 XL,
3377 5277 3490 5360 16).

1919 5399 2071 5466 Quod
2101 5397 2180 5451 sic
2194 5393 2416 5463 exponit
2439 5394 2631 5446 beatus
2659 5387 2950 5458 Gregorius
2977 5383 3117 5456 (Lib.
3138 5381 3245 5437 uin
3274 5377 3486 5442 Each,

1920 5489 2104 5544 homil.
2133 5487 2186 5552 ὅ,
2236 5498 2385 5539 num.
2431 5481 2521 5552 19)
2557 5501 2570 5536 :
2607 5497 2624 5532 ι
2662 5476 2966 5533 Notandum
3017 5488 3164 5537 vero,
3223 5469 3494 5538 inquiens,

1913 5581 2057 5652 quod
2092 5581 2234 5633 intra
2275 5583 2487 5647 portam
2528 5572 2765 5640 undique
2793 5585 2892 5638 per
2929 5565 3212 5621 circuitum
3244 5559 3496 5616 fenestrte

1913 5649 2143 5741 obliquae
2186 5683 2302 5725 esse
2333 5671 2717 5720 memorantur.
2752 5660 2869 5716 Non
2912 5657 3056 5712 enim
3085 5649 3496 5721 contemplatio-

1913 5769 1998 5822 nis
2029 5739 2199 5836 gratia
2231 5759 2456 5817 summis
2483 5757 2659 5826 datur,
2692 5762 2745 5813 et
2790 5751 3026 5811 minimis
3055 5763 3160 5805 non
3190 5745 3374 5812 datur,
3401 5739 3498 5801 sed

350 5890 547 5976 _Edit.,
571 5905 780 5948 sacrum
811 5887 1004 5961 fronte,
1034 5885 1239 5958 absque
1266 5898 1459 5952 sensu;
1490 5881 1696 5952 Canis,
1737 5895 1946 5939 sacrum
1975 5878 2223 5953 frontem.
