4012 6364
619 353 728 418 895

1596 365 1928 423 AMALARII
1969 369 2424 430 TREVIRENSIS
2461 377 2885 454 ARCHIEPISC.
3755 408 3838 463 896

614 486 758 541 saepe
803 471 988 545 [hanc]
1040 475 1258 541 summi,
1307 491 1446 545 smpe
1475 477 1699 544 minimi,
1734 482 1931 550 saepius
1976 485 2189 550 remoti,
2223 490 2268 550 Α
2297 487 2452 542 nobis
2479 490 2660 545 omnia
2704 495 3030 550 necessaria.
3062 497 3134 552 Et
3160 499 3363 556 dimitte
3392 504 3541 559 nobis
3579 507 3743 568 debita
3766 530 3838 567 no-

611 557 899 636 aliquando
925 566 1085 620 etiam
1109 567 1375 638 conjugati
1397 569 1716 639 percipiunt.
1755 591 1775 623 ›

935 659 1043 716 Cur
1077 669 1259 731 septies
1307 665 1616 718 scrutinium
1660 677 1868 736 agatur.

685 747 1015 804 Scrutinium
1058 751 1118 806 ﬁt
1171 761 1295 806 ante
1345 752 1553 809 Pascha
1605 757 1831 827 septies;
1883 753 2188 830 septenario

609 841 754 896 enim
803 857 1025 896 numero
1088 858 1228 913 saepe
1282 846 1606 902 universitas
1653 843 2002 920 designatur;
2048 855 2190 910 sicut

607 930 842 985 Joannes
885 932 1074 986 scribit
1117 942 1307 1002 septem
1356 933 1605 990 Ecclesiis
1649 937 1831 1008 (Apoc.
1883 957 1931 1006 ι,
1969 942 2024 1014 4)
2066 959 2185 1012 qua:

608 1030 735 1076 sunt
760 1022 812 1076 in
830 1021 980 1076 Asia.
1029 1021 1132 1078 Per
1159 1025 1257 1078 has
1287 1025 1430 1078 enim
1476 1037 1680 1096 septem
1726 1029 1994 1087 Ecclesias
2036 1034 2182 1088 omni

605 1111 857 1168 Ecclesiae
884 1114 1088 1169 scribit.
1133 1115 1343 1186 Septies
1379 1129 1788 1187 perscrutantur
1816 1122 1889 1193 [id
1919 1133 2020 1188 est,
2054 1141 2179 1196 per-

603 1203 742 1261 fecte
783 1209 1238 1282 perscrutantur],
1269 1211 1312 1266 si
1343 1226 1405 1266 ea
1452 1213 1557 1267 ﬁxa
1589 1224 1766 1270 mente
1793 1223 2028 1284 teneant,
2061 1235 2180 1289 quae.

603 1298 887 1354 audierunt
909 1315 940 1355 a
969 1302 1256 1372 magistro;
1286 1314 1340 1358 et
1386 1308 1779 1374 quodammodo
1825 1313 1980 1379 quasi
2030 1321 2179 1369 tene-

601 1388 713 1442 brae
742 1386 996 1459 fugantur
1021 1407 1051 1444 a
1081 1395 1487 1460 catechumeno,
1518 1407 1577 1451 ut
1605 1398 1658 1451 in
1695 1399 1938 1468 profectu
1980 1405 2176 1459 scruti-

599 1479 674 1532 nii
719 1479 1083 1535 illuminentur
1111 1483 1211 1552 ipsi
1250 1487 1650 1554 catechumcni;
1693 1492 1834 1547 unde
1859 1503 1913 1548 et
1940 1495 1992 1548 in
2023 1512 2174 1550 scru-

599 1570 731 1626 tinio
755 1572 1016 1642 acolythis
1041 1575 1273 1645 plurium
1316 1579 1673 1636 ministerium
1700 1583 2046 1654 impenditur,
2079 1589 2168 1658 qui

597 1677 911 1720 accensores
933 1668 1356 1724 suntluminum.
1389 1671 1456 1725 Et
1483 1673 1604 1729 ideo
1637 1680 2034 1736 autumavimus
2071 1697 2170 1738 nos

596 1751 649 1805 in
688 1754 864 1821 priore
889 1757 1133 1812 oratione
1163 1759 1343 1813 dicere
1369 1778 1381 1813 :
1429 1759 1646 1817 Omnem
1679 1767 1962 1820 cwcitatem
1994 1772 2167 1826 cordis

595 1843 658 1896 ab
697 1860 754 1897 eo
784 1845 1009 1914 expelle;
1047 1855 1104 1901 et
1129 1848 1181 1902 in
1211 1850 1335 1914 ista,
1364 1867 1482 1920 qua:
1521 1854 1694 1922 posita
1726 1854 1876 1925 [Ms.,
1908 1874 2028 1928 quae
2068 1877 2166 1930 po-

592 1931 728 2003 stea]
770 1931 965 1988 dicitur
1005 1937 1057 1990 in
1103 1939 1384 2004 scrutinio,
1429 1953 1675 1996 aeternam
1719 1963 1779 1998 ac
1812 1947 2164 2016 justissimam

593 2022 834 2090 pietatem
875 2033 1040 2090 tuam,
1073 2027 1338 2084 dicimus:
1375 2028 1440 2083 Ut
1469 2031 1698 2103 digneris
1743 2053 1828 2090 eos
1864 2035 2164 2096 illuminare

590 2107 784 2166 lumine
811 2113 1165 2186 intelligentia:
1198 2128 1322 2174 tute.

1110 2229 1190 2285 De
1248 2235 1626 2303 genuﬂexione.

653 2334 1084 2395 Genuﬁexionem
1129 2358 1224 2413 pm
1267 2345 1352 2400 his
1395 2346 1640 2414 facimus,
1688 2350 1828 2406 sicut
1856 2351 2161 2424 Stephanus

583 2424 730 2494 fecit,
757 2432 846 2499 qui
872 2434 1107 2488 nondum
1128 2435 1381 2505 baptizati
1411 2449 1585 2506 erant,
1612 2442 1864 2512 inquiens
1891 2463 1902 2497 :
1936 2445 2159 2500 Domine

581 2519 673 2582 mi,
699 2536 760 2573 ne
788 2531 990 2577 statuas
1017 2523 1122 2578 illis
1148 2526 1244 2580 hoc
1271 2540 1538 2598 peccatum
1572 2532 1710 2602 (Act.
1742 2551 1817 2589 vlt
1837 2575 1854 2601 ,
1883 2535 1996 2608 59),
2031 2537 2156 2605 quia

579 2612 826 2666 nesciunt
853 2615 979 2682 quid
1009 2614 1229 2672 faciunt.
1265 2619 1525 2677 Similiter
1551 2639 1650 2694 pro
1683 2626 1803 2681 istis
1830 2641 2070 2695 oramus,
2098 2637 2159 2682 ut

579 2699 719 2754 Deus
773 2702 878 2757 illis
908 2719 1012 2758 non
1058 2706 1285 2776 imputet
1312 2711 1454 2778 quod
1504 2714 1687 2769 tandiu
1734 2725 2055 2771 erraverunt
2103 2724 2158 2773 et

571 2791 858 2860 jacuerunt
885 2796 937 2848 in
975 2799 1231 2866 peccatis,
1272 2802 1364 2855 sed
1395 2805 1688 2859 secundum
1717 2823 1964 2878 magnam
1993 2810 2156 2864 mise-

578 2881 864 2937 ricordiam
890 2900 1041 2940 suam
1071 2903 1166 2942 eos
1192 2890 1259 2943 ad
1281 2891 1533 2961 baptismi
1575 2897 1803 2964 gratiam
1833 2899 2112 2968 perducat.

1017 2977 1094 3032 De
1133 2983 1368 3036 oratione
1401 2983 1699 3040 Dominica.

643 3063 952 3120 Orationem
1007 3069 1338 3127 Dominicam
1383 3075 1462 3129 sic
1517 3076 1772 3136 docemus
1824 3099 1837 3134 :
1890 3082 2150 3139 Dominus

572 3154 756 3210 docuit
780 3158 1067 3230 discipulos
1107 3163 1244 3219 hanc
1273 3167 1595 3236 orationem,
1640 3187 1708 3226 ne
1748 3175 2015 3245 superflua
2053 3193 2146 3248 pc-
2173 3196 2218 3260 ο

572 3254 768 3312 tereut,
796 3256 852 3303 et
877 3265 940 3304 ea
970 3267 1088 3321 quas
1124 3255 1188 3309 ad
1228 3269 1414 3311 eorum
1454 3259 1683 3316 salutem
1713 3278 1818 3319 non
1847 3268 2140 3336 pertinent.

570 3335 787 3408 Septem
816 3342 1102 3410 petitiones
1150 3355 1273 3402 sunt
1302 3349 1356 3402 in
1403 3351 1507 3406 hac
1549 3355 1794 3410 oratione
1839 3335 2137 3416 Dominica.

567 3427 700 3484 Tres
738 3433 1008 3501 pertinent
1031 3437 1099 3491 ad
1126 3441 1482 3497 aeternitatem
1499 3484 1512 3510 ,
1546 3454 1779 3514 quatuor
1803 3451 1868 3504 ad
1893 3468 2142 3509 necessa-

566 3519 644 3572 ria
674 3518 856 3576 nostra
886 3523 1043 3594 hujus
1079 3531 1360 3600 temporis,
1390 3548 1509 3603 quae
1542 3536 1595 3590 in
1623 3539 1727 3594 isto
1751 3543 1948 3598 mundo
1986 3544 2136 3616 [Ms.,

564 3607 743 3680 modo]
769 3613 1128 3670 continentur.
1182 3617 1346 3676 Pater
1391 3635 1567 3680 noster
1603 3630 1692 3698 qui
1765 3648 1819 3685 es
1873 3634 1927 3687 in
1975 3607 2134 3705 aclis,

561 3701 913 3770 sanctiﬁcetur
942 3723 1128 3762 nomen
1160 3720 1326 3766 tuum.
1358 3715 1432 3770 Te
1461 3715 1678 3774 Patrem
1712 3721 1880 3778 Deum
1922 3726 2139 3786 invoca-

561 3807 701 3856 mus,
732 3795 822 3862 qui
858 3795 1072 3852 voluisti
1112 3816 1210 3857 nos
1238 3801 1420 3863 facere
1451 3810 1558 3868 tibi
1589 3811 1727 3868 ﬁlios
1751 3817 2052 3888 adoptivos,
2080 3832 2137 3879 et

559 3881 616 3937 in
660 3886 940 3944 animabus
982 3891 1143 3960 justis
1190 3897 1372 3953 sedem
1400 3901 1480 3956 vis
1511 3904 1734 3973 habere,
1771 3919 1832 3964 ut
1856 3881 2134 3973 sanctitas

559 3975 791 4032 nominis
823 3980 918 4044 tui,
961 3996 1079 4050 qua:
1111 3987 1249 4055 apud
1288 3996 1341 4044 te
1364 4001 1468 4058 est,
1510 4007 1723 4052 maneat
1749 3999 1803 4054 in
1830 4012 2016 4059 nostro
2042 4022 2134 4077 pe-

559 4072 728 4121 ctore.
765 4068 1017 4127 Adveniat
1062 4092 1272 4146 regnum
1313 4091 1479 4138 tuum.
1516 4085 1740 4144 Deﬁciat
1777 4095 2012 4162 quotidie
2042 4068 2131 4152 re-

555 4173 718 4228 gnum
743 4160 958 4229 diaholi,
993 4179 1311 4240 crescatque
1335 4183 1502 4232 tuum.
1521 4179 1617 4235 Vel
1642 4183 1734 4237 illo
1762 4160 1940 4253 modo,
1973 4191 2129 4246 sicuti

555 4245 788 4304 clamant
824 4250 876 4306 in
914 4253 1231 4330 Apocalypsi
1259 4280 1272 4315 :
1329 4263 1620 4341 Usqueq‘uo,
1649 4273 1886 4342 Domine,
1917 4245 2129 4338 sanctus

551 4345 600 4390 et
642 4355 788 4394 verus
837 4360 939 4399 non
983 4347 1198 4417 judicas
1225 4364 1273 4408 et
1303 4357 1534 4415 vindicas
1559 4369 1863 4435 sanguinem
1897 4385 2126 4430 nostrum

548 4425 614 4481 de
639 4429 718 4484 his
741 4435 828 4503 qui
852 4435 1085 4493 habitant
1113 4443 1169 4497 in
1192 4454 1333 4500 terra
1376 4448 1558 4521 (Apoc.
1591 4425 1679 4523 VI:
1709 4460 1832 4530 10)?

547 4522 849 4589 expositum
892 4527 1136 4587 videmus
1180 4535 1234 4589 in
1283 4537 1421 4596 libro
1473 4544 1654 4601 domui
1692 4522 1849 4607 Beda:
1875 4522 2040 4624 (Beda
2067 4544 2200 4622 in!)

545 4625 660 4680 cap.
719 4629 770 4668 vr
818 4615 1047 4691 Apoc.);
1094 4642 1112 4674 ι
1151 4625 1266 4681 Non
1297 4630 1400 4687 boc
1447 4636 1570 4690 odio
1618 4639 1984 4712 inimicorum,
2024 4668 2123 4721 pro

545 4700 730 4721 ..--!L-—-
767 4704 778 4715 '
849 4707 862 4721 '
1124 4713 1137 4721 “

2024 4700 2119 4721 τ--

541 4700 736 4767 quibus
765 4704 818 4759 in
848 4707 950 4763 hoc
979 4713 1174 4770 saeculo
1216 4733 1561 4792 rogaverunt,
1593 4741 1773 4798 orant;
1793 4738 1898 4792 sed
1937 4755 2121 4799 amore

540 4792 830 4893 tequitatis,
862 4813 968 4867 quo
1007 4802 1106 4872 ipsi
1155 4805 1350 4876 Judici,
1391 4823 1450 4869 ut
1495 4834 1661 4890 prope
1687 4828 1870 4893 positi,
1900 4847 2146 4891 concor-.

537 4877 686 4942 dant,
720 4884 860 4939 dicm
883 4888 1091 4958 judicii,
1122 4912 1228 4965 quo
1275 4877 1748 4981 peccati-regnum
1785 4917 2139 4994 destruatur,

1586 4975 1611 4981 ,
1996 4975 2114 4994 ν---ν

536 4975 593 5023 et
616 4980 1064 5038 resurrectionem
1102 4991 1490 5052 exstinctorum
1534 5017 1817 5074 corporum
1862 5013 2115 5075 advenire

537 5073 845 5130 precantur.
893 5070 1024 5128 Nam
1050 5087 1105 5131 et
1134 5097 1230 5136 nos
1277 5084 1329 5138 in
1360 5070 1642 5157 prtesenti,
1661 5111 1782 5152 cum
1809 5118 1906 5170 pro
1937 5106 2114 5164 inimi-

535 5154 613 5207 cis
637 5169 794 5210 orarc
814 5158 1083 5231 jubemur,
1111 5170 1336 5229 dicimus
1369 5185 1544 5234 tamen
1576 5184 1805 5244 Domino
1847 5207 2063 5255 orantes
2093 5221 2106 5255 :

533 5244 786 5302 Adveniat
813 5267 1023 5321 regnum
1065 5269 1228 5316 tuum.
1266 5285 1285 5317 ι
1316 5265 1440 5323 Fiat
1483 5273 1718 5332 voluntas
1757 5291 1866 5350 tua,
1895 5288 2027 5344 sicut
2053 5293 2110 5348 in

531 5334 656 5389 caelo
695 5346 742 5391 et
783 5339 837 5392 in
874 5351 1031 5400 terra.
1087 5349 1191 5406 Per
1231 5355 1412 5411 ctelum
1435 5362 1772 5438 gspiritualem
1802 5387 2104 5439 creaturam

529 5423 904 5501 intelligimus;
935 5449 1033 5503 per
1058 5447 1269 5510 terram,
1310 5423 1771 5533 corporalemalta
1814 5466 1926 5535 ﬁat,
1964 5471 2106 5530 Deus

1407 5513 1421 5520 _
1678 5513 1771 5533 1,-"
1814 5513 1926 5535 ηπ,
1964 5513 2104 5530 "ws

527 5513 706 5587 Pater,
736 5526 1122 5613 voluntastua,
1145 5544 1205 5589 ut
1231 5553 1294 5592 ea
1323 5557 1441 5610 qua:
1470 5547 1648 5626 animo
1678 5557 1980 5626 cogitamus
2009 5568 2104 5622 bo-

525 5627 615 5678 na,
658 5617 919 5685 perﬁcere
971 5624 1243 5684 valeamus
1291 5648 1453 5702 opere
1503 5622 1616 5708 per.
1643 5659 1858 5716 corpus.
1900 5653 2101 5712 Panem

526 5714 758 5761 nostrum
784 5714 1146 5781 quotidianum
1175 5721 1243 5774 da
1274 5725 1419 5780 nobis
1440 5730 1611 5786 hodie.
1661 5714 1888 5810 Semper
1929 5761 2101 5815 quan-

526 5795 616 5852 diu
671 5816 766 5858 nos
793 5819 979 5865 sumus
1015 5811 1068 5867 in
1116 5813 1219 5871 hoc
1266 5819 1480 5891 saeculo,
1535 5827 1756 5899 dignare
1785 5795 2098 5902 minisirare

2289 587 2414 641 stra,
2435 580 2568 633 sicut
2595 591 2644 634 et
2668 599 2761 636 nos
2789 584 3099 642 dimittimus
3137 590 3452 649 debitoribus
3484 600 3687 653 nostris.
3718 601 3836 670 Quo-

2291 668 2419 722 tidie
2455 685 2759 738 peccamus,
2799 684 2854 729 et
2913 676 3031 732 ideo
3071 695 3291 736 necesse
3343 692 3428 740 est
3483 689 3638 744 nobis
3683 668 3834 751 dicere

2288 761 2527 828 quotidie
2558 781 2570 815 :
2601 762 2816 818 Dimitte
2840 767 2986 821 nobis
3005 769 3177 824 debita
3201 782 3399 840 nostra,
3430 778 3576 848 sicut
3594 790 3642 833 et
3661 797 3746 836 nos
3771 784 3834 838 di-

2285 851 2540 906 mittimus
2591 853 2908 910 debitoribus
2974 862 3185 916 nostris.
3266 863 3342 920 Te
3396 867 3644 934 donante,
3694 871 3827 937 Deus,

2285 940 2447 995 molle
2495 943 2566 998 sit
2607 959 2704 999 cor
2737 955 3006 1015 nostrum,
3051 959 3111 1005 ut
3158 953 3270 1009 cito
3313 953 3671 1027 ignoscamus,
3714 973 3829 1020 ettu

2283 1030 2549 1101 ignoscas.
2582 1034 2652 1088 Et
2686 1053 2748 1090 ne
2793 1055 2884 1092 nos
2910 1040 3128 1096 inducas
3154 1046 3210 1098 in
3236 1049 3589 1102 tentationem.
3629 1051 3701 1106 Ne
3729 1069 3828 1123 per-

2281 1123 2466 1178 mittas
2493 1141 2590 1181 nos
2615 1142 2645 1180 a
2675 1128 2885 1184 diabolo
2915 1131 2989 1185 ita
3034 1135 3252 1201 tentari,
3293 1145 3358 1191 ut
3378 1151 3706 1208 superemur.
3741 1142 3825 1198 Sed

2279 1209 2443 1266 libera
2473 1230 2566 1268 nos
2591 1233 2624 1269 a
2651 1217 2810 1283 malo,
2839 1219 2892 1273 id
2916 1229 3020 1286 est,
3048 1237 3078 1276 a
3105 1226 3344 1293 peccatis
3373 1241 3494 1297 qua:
3521 1232 3782 1300 gessimus.

2877 1309 2957 1365 De
2993 1313 3248 1382 symbolo.
3405 1387 3407 1389 ι

2348 1390 2659 1463 Symbolum
2685 1406 2866 1453 autem
2891 1401 2969 1455 sic
2992 1419 3005 1454 :
3033 1400 3200 1458 Credo
3223 1406 3276 1458 in
3298 1405 3464 1461 Deum
3497 1406 3706 1465 Patrem
3729 1430 3817 1468 om-

2274 1483 2602 1553 nipotentem.
2657 1487 2713 1541 In
2761 1488 3046 1546 Dominum
3073 1494 3253 1550 vivum
3303 1506 3356 1552 et
3388 1513 3597 1563 verum,
3638 1501 3818 1560 Patrem

2272 1579 2529 1627 aeternum
2554 1577 2740 1630 aeterni
2783 1581 2966 1649 geniti.
3001 1581 3432 1656 Omnipotcntem,
3456 1591 3550 1659 qui
3577 1601 3629 1646 et
3660 1609 3816 1662 pecca-

2273 1663 2482 1718 toribus
2533 1667 2720 1721 reddet
2767 1670 3025 1741 supplicia
3076 1677 3367 1732 secundum
3403 1696 3499 1734 sua
3547 1685 3744 1750 merita,
3775 1697 3817 1743 et

2263 1754 2425 1824 justis
2453 1759 2693 1827 prtemia.
2719 1757 3016 1818 Creatorem
3046 1767 3159 1820 caeli
3184 1778 3230 1821 et
3259 1779 3432 1836 terrte,
3462 1773 3518 1827 id
3558 1787 3655 1842 est,
3680 1781 3812 1848 spiri-

2196 1833 2244 1892 Β
2271 1848 2430 1904 tualis
2455 1846 2797 1910 creaturaz'et
2818 1858 3134 1927 corporalis.
3168 1861 3237 1915 Et
3260 1864 3314 1916 in
3353 1864 3540 1920 Jesum
3581 1867 3811 1928 Christum

2271 1936 2471 1992 Filium
2497 1941 2628 2010 ejus.
2683 1944 2738 1998 ln
2789 1944 3146 2018 Salvatorem,
3183 1952 3436 2010 Unctum.
3493 1956 3681 2014 Filium
3719 1965 3811 2032 ejus

2271 2024 2518 2098 [Unicum
2540 2031 2821 2089 Dominum
2844 2032 3119 2111 nostrum].
3146 2039 3279 2108 Quia
3309 2044 3458 2100 solus
3495 2063 3590 2102 nos
3619 2050 3809 2108 redemit

2266 2118 2504 2185 pretioso
2529 2123 2788 2192 sanguine
2828 2140 2945 2190 suo,
2974 2129 3064 2196 qui
3093 2144 3190 2197 per
3215 2130 3410 2187 Isaiam
3444 2137 3570 2192 dixit
3595 2157 3608 2191 :
3640 2139 3802 2195 Torcu-

2265 2207 2350 2263 lar
2395 2211 2589 2267 calcavi
2621 2215 2764 2270 solus
2791 2227 2838 2271 et
2882 2219 2946 2272 de
2987 2223 3222 2290 gentibus
3266 2243 3368 2281 non
3401 2240 3477 2282 est
3525 2233 3591 2284 τίν
3627 2249 3794 2288 mecum

2265 2300 2401 2371 (Isa.
2432 2319 2562 2357 LXIII
2581 2345 2594 2369 ,
2623 2305 2698 2376 5).
2730 2306 2929 2362 Natum
2953 2310 3007 2363 in
3033 2303 3272 2382 tempore
3295 2319 3604 2386 novissimo,
3629 2341 3684 2377 ex
3705 2324 3803 2380 lla-

2263 2395 2344 2448 ria
2371 2397 2583 2466 virgine.
2616 2398 2839 2454 Passum
2862 2419 2960 2472 pro
2989 2414 3172 2462 nostra
3208 2410 3380 2467 salute
3409 2415 3504 2468 sub
3534 2414 3708 2472 Pontio
3730 2417 3805 2472 Pi-

2262 2482 2401 2548 lato;
2429 2486 2481 2540 id
2510 2496 2614 2554 est,
2656 2491 2755 2546 sub
2780 2495 3005 2562 praeside
3045 2496 3236 2565 Pilato,
3268 2504 3358 2572 qui
3385 2505 3451 2560 de
3481 2507 3632 2563 Ponti
3659 2511 3801 2568 insula

2261 2570 2378 2628 fuit.
2412 2573 2730 2647 Cruciﬁxus,
2764 2582 2814 2635 in
2850 2599 3012 2640 cruce
3040 2579 3352 2660 Suspensus.
3404 2595 3663 2666 Mortuus,
3707 2619 3801 2659 cor-

2257 2667 2430 2735 porali
2457 2678 2658 2737 morte;
2682 2683 2729 2726 et
2751 2676 2982 2746 sepultus
2998 2695 3224 2752 corpore
3246 2675 3445 2744 triduo.
3466 2691 3729 2749 Descendit
3746 2695 3802 2752 ad

2257 2756 2484 2826 inferna,
2519 2761 2700 2816 anima
2730 2771 2955 2822 tantum.
3006 2769 3180 2828 Tertia
3221 2776 3303 2830 die
3329 2787 3615 2838 resurrexit
3641 2805 3670 2839 α
3695 2805 3805 2841 mor-

2258 2847 2394 2911 tuis;
2444 2862 2670 2919 corpore
2701 2860 2998 2914 resurrexit
3029 2874 3200 2920 morte
3246 2867 3542 2927 destructa.
3595 2875 3803 2932 Ascendit

2256 2937 2326 2990 ad
2355 2939 2528 3006 caelos,
2551 2946 2807 3012 apostolis
2832 2951 3155 3020 videntibus,
3185 2957 3237 3011 in
3261 2958 3432 3016 forma
3454 2979 3558 3032 qua
3581 2977 3803 3024 venturus

2254 3036 2337 3082 est
2364 3029 2432 3084 ad
2470 3032 2753 3102 judicium.
2783 3039 3039 3100 Ascendit
3078 3048 3144 3102 ad
3192 3052 3375 3116 cmlos,
3426 3029 3518 3125 qui
3563 3077 3800 3132 nunquam

2253 3117 2422 3174 defuit
2456 3123 2765 3185 caelestibus
2792 3133 3027 3191 sedibus.
3063 3137 3218 3194 Sedet
3247 3145 3316 3197 ad
3336 3117 3575 3203 dett-ram
3598 3117 3800 3208 Πείθω-

2249 3211 2545 3281 nipotentis,
2573 3217 2626 3292 id
2655 3229 2755 3287 est,
2787 3235 2974 3295 regnat
3012 3229 3064 3283 in
3099 3248 3262 3304 regno
3291 3235 3474 3294 Patris
3504 3244 3595 3307 sui,
3627 3246 3675 3298 in
3702 3261 3796 3315 quo

2243 3301 2375 3356 nihil
2398 3305 2676 3366 sinistrum
2700 3325 2883 3371 manet
2904 3327 2958 3372 et
2995 3301 3254 3381 manebit.
3288 3327 3426 3386 Inde
3466 3347 3685 3392 venturus
3702 3301 3792 3409 iu-

2241 3394 2418 3452 dicare
2468 3401 2604 3458 rivos
2632 3415 2681 3459 et
2719 3420 2971 3468 mortuos.
3009 3415 3138 3472 Eam
3180 3418 3413 3480 formam
3457 3444 3601 3498 quam
3639 3429 3786 3489 Judai

2239 3487 2640 3560 cruciﬁxerunt,
2673 3496 2851 3570 impiis
2874 3512 2926 3558 et
2949 3503 3110 3572 justis
3139 3487 3624 3586 demonstraturus;
3647 3520 3790 3588 iustis

2238 3590 2366 3632 vero
2392 3595 2510 3635 eam
2537 3583 2766 3643 formam
2797 3600 3005 3649 tantum
3037 3613 3197 3666 quam
3235 3601 3404 3661 Judaei
3430 3608 3678 3666 increduli
3699 3630 3794 3669 non

2238 3681 2624 3738 cognoverunt.
2675 3676 2930 3737 Judicare
2975 3687 3111 3742 rivos
3154 3701 3202 3745 et
3248 3707 3505 3766 mortuos,
3545 3699 3711 3770 justus
3753 3715 3800 3762 et

2235 3769 2568 3830 peccatores,
2638 3784 3073 3847 unumquemque
3125 3787 3418 3843 secundum
3493 3791 3632 3849 facta
3678 3797 3796 3867 ejus.

2239 3847 2277 3867 Π
2359 3852 2371 3867 ,
2453 3856 2464 3867 .
2563 3856 2595 3867 ι.
2637 3861 2698 3867 .-

2237 3847 2402 3906 Credo
2446 3856 2499 3909 in
2555 3856 2810 3929 Spiritum
2850 3881 3111 3939 sanctum,
3144 3876 3234 3944 qui
3273 3877 3452 3950 aliquo
3483 3889 3640 3942 modo
3669 3847 3796 3959 [diss

2235 3941 2543 4019 aliquando]
2575 3950 2769 4008 donum
2795 3956 2894 4011 Dei
2932 3941 3237 4032 dicitur,_et
3260 3941 3415 4027 amor
3436 3974 3618 4034 Patris
3657 3941 3704 4036 et
3726 3982 3797 4036 Fi-

2234 4029 2310 4098 lii,
2341 4035 2452 4090 sive
2485 4045 2930 4108 communicatio:
2963 4051 3017 4105 in
3044 4069 3152 4124 quo
3173 4058 3310 4114 dono
3337 4062 3395 4116 lit
3423 4059 3670 4127 remissio
3691 4087 3794 4126 om-

3051 4213 3057 4214 ,
3261 4213 3270 4220 .
3696 4213 3774 4233 "r'

2232 4213 2389 4266 ritum
2418 4229 2676 4288 sanctum,
2707 4241 2810 4280 non
2844 4233 3132 4287 remittetur
3152 4238 3216 4300 ei,
3259 4255 3422 4312 neque
3447 4245 3502 4298 in
3537 4248 3634 4302 hoc
3653 4268 3798 4305 saecu-

2231 4300 2302 4415 lé),
2345 4322 2506 4377 neque
2533 4309 2587 4364 in
2617 4311 2794 4380 futuro
2822 4317 3037 4387 (Matth.
3074 4341 3182 4391 xu,
3213 4329 3311 4396 52;
3334 4300 3525 4391 'Marc.
3559 4300 3795 4415 uiri-9“).

3171 4388 3176 4391 ,
3299 4388 3310 4396 ,
3434 4388 3524 4391 ν--
3560 4388 3655 4408 ,-,,
3701 4388 3795 4399 ...,.

2231 4388 2479 4450 Sanctam
2502 4397 2796 4458 Ecclesium
2824 4410 3153 4481 catholicam,
3200 4422 3559 4483 universalcm
3591 4388 3797 4506 congre-

2228 4484 2498 4554 gationem
2524 4489 2814 4563 justorum,
2843 4509 2898 4555 et
2924 4505 3189 4564 unitatem
3215 4511 3336 4569 ﬁdei
3368 4521 3644 4581 credimus
3665 4484 3792 4583 esse.

2227 4574 2538 4636 Sanctorum
2563 4591 2997 4662 communionem,
3027 4599 3080 4653 in
3122 4603 3333 4662 vinculo
3369 4613 3522 4681 pacis
3552 4621 3796 4677 unitatem

2224 4669 2455 4739 Spiritus
2507 4694 2725 4738 servare
2779 4691 2962 4746 credo.
3022 4694 3398 4761 Remissionem
3449 4728 3795 4787 peccatorum,

2219 4854 2299 4907 nis
2329 4864 2791 4933 resurrectionem;
2842 4874 3128 4942 septimam
3174 4883 3382 4942 sabbati
3422 4894 3586 4948 credo
3625 4896 3793 4965 justos

3495 4945 3580 4948 η-
3625 4945 3792 4965 μην-

2217 4945 2458 5016 recipere
2503 4953 2773 5012 absolutos
2821 4976 2852 5014 a
2902 4978 3128 5035 corpore
3176 4981 3412 5046 terreno,
3455 4993 3512 5037 et
3537 4999 3702 5043 erunt
3744 4993 3792 5045 in

2215 5051 2409 5107 magno
2436 5043 2628 5110 gaudio
2656 5052 2947 5108 secundum
2978 5059 3398 5138 uniuscujusque
3427 5078 3788 5146 mansionem;

2213 5136 2373 5199 atque
2400 5147 2717 5205 exspectare
2740 5154 2990 5203 octavum
3019 5152 3180 5221 diem,
3223 5159 3276 5215 in
3307 5179 3413 5233 quo
3438 5184 3671 5241 corpora
3702 5191 3789 5231 sua

2211 5221 2476 5292 recipiant
2504 5227 2711 5300 integra
2753 5243 2913 5305 atque
2955 5242 3239 5311 perfecta:
3293 5221 3442 5325 impii
3483 5221 3565 5314 adr
3596 5264 3790 5335 suppli-

2209 5311 2371 5376 cium,
2413 5316 2544 5386 justi
2585 5323 2652 5376 ad
2697 5327 2862 5384 vitam
2901 5342 3157 5395 mtcrnam
3190 5341 3350 5415 [Vere
3369 5311 3442 5405 let
3469 5311 3788 5425 absqiierdu-

2209 5399 2464 5425 I‘:s-a!.._-
2508 5408 2542 5425 9-
2729 5416 2762 5425 ..
2890 5420 2908 5425 _

2206 5399 2469 5460 bitatione
2505 5408 2580 5462 ita
2616 5416 2930 5494 credimus].

2725 5507 2803 5563 De
2838 5517 3242 5577 exorcizatione.

2274 5581 2647 5658 Exorcizatur,
2694 5596 2747 5651 id
2789 5607 2910 5667 est,
2961 5604 3271 5679 adiuratur,
3309 5617 3424 5674 sive
3471 5621 3782 5697 increpatur

2274 5673 2442 5697 ιιυιι---
2529 5695 2536 5697 Α
2589 5683 2601 5697 ¹

2203 5670 2476 5743 diabolus,
2523 5683 2621 5737 sub
2674 5701 2780 5755 quo
2839 5702 2963 5746 sunt
3008 5711 3196 5756 omnes
3237 5708 3327 5773 qui
3385 5727 3509 5766 cum
3557 5670 3780 5785 pelc’cato

2137 5811 2142 5815 ,
2202 5774 2510 5836 nascuntur,
2563 5781 2622 5828 ut
2659 5781 2874 5835 recedat
2911 5798 2941 5837 a
2969 5784 3064 5842 Dei
3108 5803 3352 5852 creatura
3392 5774 3586 5873 [Edit..,
3621 5824 3653 5861 a
3683 5810 3776 5870 Dei

2199 5856 2438 5930 natura].
