4012 6364
180 367 281 425 897

716 483 793 538 De
826 484 1199 555 essu/ﬂatione.

239 574 557 633 Exsulllatur
584 573 786 645 itaque,
816 575 943 644 quia
987 574 1080 629 tali
1126 576 1318 649 dignus
1343 584 1425 631 est
1452 576 1746 647 ignominia

175 670 408 729 desertor
436 667 711 738 antiquus.

824 761 901 816 De
939 760 1066 816 sale.

233 857 289 911 ln
309 857 425 927 ipso
454 855 714 910 scrutinio
740 854 1082 910 benedictum
1115 855 1281 911 salem
1310 855 1393 911 ori
1420 856 1744 925 imponimus

171 956 283 1027 post
324 947 559 1015 primam
603 947 928 1011 orationem,
978 962 1081 1016 qua
1132 947 1368 1002 dicitur:
1405 947 1743 1019 Omnipotens

169 1040 461 1109 sempiterna
492 1039 657 1104 Deus,
688 1040 939 1109 respicere
982 1038 1199 1109 dignare
1225 1056 1379 1109 super
1401 1039 1538 1093 hunc
1569 1039 1743 1108 famu-

168 1144 265 1184 lum
287 1138 457 1193 tuum,
487 1145 637 1199 quem
671 1127 740 1181 ad
783 1128 1078 1181 rudimenta
1119 1127 1248 1197 fidei
1273 1145 1455 1181 vocare
1497 1128 1741 1198 dignatus

164 1235 230 1283 es,
259 1226 312 1272 et
339 1217 563 1288 reliqua.
599 1218 670 1274 Ut
700 1212 985 1288 postquam
1013 1218 1313 1273 instructus
1353 1218 1513 1273 fuerit
1551 1235 1581 1273 a
1623 1236 1740 1275 ma-

167 1310 321 1381 gistro
364 1310 756 1375 ecclesiastico,
804 1319 1157 1381 recognoscat
1192 1311 1353 1365 verba
1394 1326 1491 1365 sua
1527 1313 1742 1367 condita

165 1402 348 1458 debere
391 1419 511 1458 esse
550 1404 661 1457 sale
698 1403 994 1473 sapientiae,
1034 1404 1173 1458 sicut
1222 1403 1419 1458 Paulus
1466 1405 1742 1473 apostolus

164 1494 340 1548 scribit
380 1495 446 1549 ad
469 1493 821 1550 Colossenses
850 1512 863 1547 :
894 1493 1073 1548 Sermo
1099 1504 1261 1549 vester
1284 1496 1337 1549 in
1359 1496 1529 1565 gratia
1543 1497 1650 1550 sale
1673 1499 1741 1552 sit

163 1585 408 1649 conditus,
432 1596 487 1638 ut
510 1586 709 1651 sciatis,
742 1585 1001 1658 quomodo
1052 1595 1285 1656 oporteat
1331 1603 1416 1641 vos
1458 1588 1740 1661 unicuique

164 1677 463 1745 respondere
488 1672 626 1747 (Col.
656 1692 724 1738 iv,
758 1676 832 1746 6).

378 1765 651 1831 Quomodo
691 1767 785 1834 ﬁat
824 1767 1158 1821 novissimum
1194 1768 1524 1823 scrutinium.

219 1857 279 1911 Et
329 1856 463 1912 illud
506 1859 825 1914 scrutinium
871 1860 1055 1914 ﬁnitur
1092 1862 1316 1916 sabbato
1345 1871 1470 1917 ante
1505 1863 1731 1917 Pascha.
1764 1844 1813 1903 Β
1843 1862 1968 1907 sum
2015 1872 2178 1925 Opera
2219 1848 2453 1913 hominis
2502 1878 2515 1913 ἒ

157 1946 263 2019 Ipso
291 1948 383 2003 die
406 1947 638 2004 facimus
664 1950 953 2020 septimum
992 1950 1337 2015 scrutinium,
1381 1952 1522 2007 sicut
1546 1953 1601 2006 in
1629 1953 1738 2008 Ro—

158 2056 300 2096 mano
325 2040 533 2096 Ordine
562 2042 865 2097 invenimus
897 2042 1177 2114 scriptum,
1218 2050 1272 2098 et
1305 2043 1533 2115 legimus
1570 2060 1737 2115 super

159 2131 298 2188 illos:
328 2130 445 2185 Nec
490 2142 539 2187 te
568 2132 693 2187 latet
741 2131 985 2188 Satanas.

499 2226 579 2281 De
629 2236 770 2281 tactu
810 2228 1020 2282 narium
1064 2237 1112 2282 et
1151 2230 1380 2283 aurium.

215 2319 339 2377 Post
368 2321 511 2374 hanc
540 2320 827 2375 lectionem
855 2321 1125 2391 tangimus
1158 2337 1348 2377 eorum
1376 2336 1536 2377 aures
1561 2330 1615 2376 et
1636 2336 1732 2377 na-

161 2426 255 2477 res,
279 2420 335 2468 et
366 2412 598 2467 dicimus
632 2412 748 2465 eis:
804 2411 1029 2481 Epheta,
1081 2413 1137 2466 in
1183 2413 1395 2467 odorem
1440 2414 1731 2467 suavitatis.

160 2502 308 2559 Nares
349 2504 642 2575 tangimus,
672 2511 730 2558 ut
770 2505 1180 2570 admoneamur,
1208 2507 1448 2576 quandiu
1479 2507 1730 2577 spiritum

160 2590 301 2664 hujus
318 2598 446 2652 vita:
484 2598 726 2662 trahunt,
761 2611 974 2666 semper
1017 2598 1070 2651 in
1113 2597 1197 2652 his
1218 2607 1585 2667 perseverent,
1615 2614 1735 2668 quas

156 2688 259 2757 jam
284 2688 588 2742 didicerunt
615 2697 670 2742 et
696 2688 872 2743 adhuc
896 2688 1111 2743 discunt
1135 2689 1202 2743 ab
1228 2704 1324 2743 ore
1341 2689 1734 2744 catholicorum

164 2779 419 2845 virorum;
454 2787 509 2833 et
552 2779 672 2834 ideo
702 2788 859 2849 sputo
888 2781 1193 2850 presbyteri
1226 2788 1540 2850 tanguntur.
1572 2780 1734 2835 Sinni-

168 2869 282 2925 liter
310 2873 529 2927 dicimus
556 2872 625 2926 de
647 2873 890 2938 auribus,
934 2873 1089 2942 quasi
1126 2873 1270 2928 dicat
1302 2874 1585 2944 presbyter
1611 2892 1622 2926 :
1670 2874 1733 2928 ﬁ-

165 2962 298 3029 dem,
325 2979 478 3033 quam
503 2964 571 3018 ab
599 2964 707 3018 isto
733 2977 830 3018 ore
874 2962 1132 3027 didicisti,
1178 2971 1232 3017 et
1265 2978 1385 3033 quae
1432 2978 1530 3033 per
1576 2978 1737 3018 aures

160 3055 371 3109 intravit
422 3056 489 3110 ad
530 3055 787 3120 animam,
830 3054 1067 3123 quandiu
1110 3055 1360 3124 spiritum
1405 3055 1532 3109 vita:
1578 3054 1735 3124 hujus

156 3146 365 3201 naribus
414 3146 607 3210 trahis,
642 3161 856 3215 semper
879 3155 1063 3200 tenere
1105 3154 1397 3211 memento,
1442 3153 1502 3199 ut
1551 3145 1731 3200 dicere

151 3239 312 3308 possis
334 3255 467 3294 cum
504 3237 670 3292 Paulo
719 3238 1001 3308 apostolo:
1051 3235 1246 3291 Christi
1290 3238 1454 3291 bonus
1492 3236 1622 3290 odor
1643 3253 1733 3290 su-
1757 3203 1807 3268 α

154 3346 255 3382 mus
282 3329 368 3401 (II
400 3327 526 3383 Cor.
552 3346 590 3384 ιι
618 3369 632 3393 ,
660 3329 767 3401 15).
798 3330 865 3382 Et
888 3330 1085 3384 iterum
1106 3326 1251 3381 dicat
1272 3329 1493 3383 auribus
1518 3345 1530 3380 :
1557 3327 1733 3381 Aures

153 3418 275 3484 istm,
308 3420 426 3473 Deo
465 3420 778 3483 miserante,
820 3434 1033 3488 semper
1067 3427 1266 3487 aperta:
1292 3419 1403 3471 sint
1429 3418 1497 3471 ad
1535 3417 1731 3471 intelli-

150 3509 307 3575 genda
342 3510 515 3563 verba
560 3509 856 3578 disciplinae
899 3509 1031 3573 Dei;
1080 3517 1141 3563 ut
1184 3509 1363 3563 dicere
1407 3506 1615 3578 possit:
1663 3505 1732 3560 In

150 3597 390 3652 obauditu
419 3598 566 3651 auris
591 3598 789 3652 obedivi
812 3598 904 3651 tibi
933 3597 1104 3669 (Psal.
1142 3614 1251 3651 xvu
1270 3638 1283 3661 ,
1327 3595 1439 3669 45).

435 3688 509 3742 De
546 3690 788 3743 unctione
824 3687 1053 3759 scopula:
1088 3700 1134 3741 et
1168 3689 1409 3758 pectoris.

209 3778 405 3834 Postea
448 3779 717 3850 tangimus
754 3770 826 3834 Vde
852 3780 971 3834 oleo
1005 3788 1193 3834 sancto
1239 3779 1487 3850 scapulas
1527 3788 1582 3834 et
1626 3794 1724 3849 pe-

145 3877 277 3934 ctus,
302 3880 358 3924 et
387 3869 623 3924 dicimus
646 3869 727 3922 eis
753 3886 766 3921 :
798 3868 1146 3922 Abrenuntias
1175 3866 1393 3923 Satanae
1411 3870 1435 3921 ?
1456 3877 1512 3923 et
1535 3877 1729 3923 ctetera

147 3975 257 4028 qua:
290 3968 621 4029 sequuntur.
672 3959 776 4014 Per
802 3960 977 4015 oleum
1022 3975 1254 4028 namque
1300 3960 1729 4016 misericordiam

146 4047 230 4113 Dei
268 4050 528 4104 novimus
557 4049 778 4120 signari.
818 4048 987 4121 [Quos
1036 4058 1215 4103 autem
1256 4065 1353 4121 per
1398 4051 1591 4116 oleam,
1622 4052 1726 4107 nisi

145 4143 527 4199 misericordes
567 4142 902 4215 accipimus],
942 4143 1067 4211 quia
1115 4143 1301 4198 Graece
1348 4144 1483 4198 eleos
1522 4144 1725 4217 [Elter],

150 4234 331 4291 Latine
370 4236 741 4290 misericordia
786 4238 1192 4305 interpretatur.
1236 4236 1291 4289 ln
1319 4236 1572 4306 scapulis,
1613 4237 1729 4292 sive

142 4325 190 4379 in
218 4328 467 4384 humeris
490 4326 856 4383 fortitudinem
892 4329 1097 4383 brachii
1140 4327 1341 4383 terreni
1370 4328 1602 4381 hominis
1627 4342 1725 4396 po-

140 4416 329 4471 nimus.
360 4416 601 4471 Brachia
630 4425 923 4486 operantur
953 4424 1007 4473 et
1030 4432 1241 4481 manus,
1274 4433 1392 4487 qua:
1410 4418 1462 4471 in
1488 4417 1727 4472 brachiis

139 4509 320 4577 posita:
348 4516 518 4575 sunt;
556 4516 613 4563 et
650 4509 771 4563 ideo
798 4517 1138 4563 autumamus
1173 4524 1270 4578 per
1302 4510 1549 4580 scapulas
1585 4510 1726 4565 desi-

1195 368 1415 425 EPIST.
1458 368 1546 425 DE
1584 368 2025 427 CZEREMONIIS
2062 372 2399 430 BAPTISMI.

3318 388 3423 443 898

1771 488 1821 547 A
1851 490 2186 555 renuntient,
2220 492 2272 546 id
2302 501 2415 559 est,
2469 493 2842 549 contradicant
2877 494 3091 552 Satanae
3138 504 3426 559 contrariae

1844 583 2124 650 potestati,
2151 592 2206 636 et
2231 585 2479 639 omnibus
2498 586 2753 655 operibus
2781 587 2897 656 ejus
2920 595 2975 641 et
3000 589 3249 644 omnibus
3273 607 3429 660 pom-

1842 673 1928 741 pis
1954 674 2088 744 ejus.
2120 675 2360 731 Dicimus
2397 678 2471 731 illi
2502 697 2513 730 :
2545 677 2834 734 Contradic
2867 679 3082 736 Satana:
3107 722 3121 746 ,
3150 698 3272 737 cum
3302 701 3428 754 pro-

1841 763 2002 831 pheta
2052 763 2258 818 David:
2296 764 2605 821 Obliviscere
2646 768 2894 839 populum
2932 780 3079 824 tuum
3124 781 3171 825 et
3211 772 3427 828 domum

1842 856 2004 925 patris
2030 857 2108 909 tui
2141 856 2312 927 (Psal.
2344 874 2487 923 κων,
2519 858 2626 931 ll).
2674 859 2868 915 Postea
2892 870 2946 916 et
2969 862 3218 918 omnibus
3246 864 3424 932 operi-

1844 940 1944 997 bus
1967 940 2103 1011 ejus,
2154 962 2273 1015 quze
2304 955 2428 1001 sunt
2479 945 2786 1014 fornicatio,
2841 949 3103 1005 idolorum
3150 953 3423 1021 servitus,

1841 1033 2101 1088 veneﬁcia
2135 1075 2150 1099 ,
2204 1035 2490 1090 homicidia
2520 1078 2535 1102 ,
2576 1038 2862 1094 ebrietates
2884 1080 2898 1105 ,
2924 1043 3345 1099 comessationes
3371 1052 3427 1099 et

1844 1122 1929 1177 his
1958 1124 2176 1179 similia.
2213 1124 2341 1192 Quae
2367 1129 2614 1196 quamvis
2660 1131 2727 1184 ad
2763 1132 2943 1187 carnis
2971 1133 3274 1204 voluptates
3302 1150 3426 1204 per-

1844 1212 2084 1281 tineant,
2132 1224 2309 1271 tamen
2359 1233 2523 1287 opera
2563 1230 2690 1276 sunt
2717 1221 2950 1290 Satanae,
2978 1240 3207 1294 quorum
3233 1243 3425 1283 suasor

1842 1312 1897 1359 et
1949 1306 2301 1378 investigator
2328 1317 2411 1364 est
2439 1312 2698 1367 occultus.
2732 1314 2856 1369 Haec
2887 1326 3013 1371 sunt
3048 1333 3166 1387 quae
3199 1329 3425 1391 regnant

1841 1394 1895 1449 in
1917 1395 2131 1453 diabolo
2161 1399 2277 1454 sine
2305 1416 2466 1455 carne
2496 1420 2509 1455 :
2542 1404 2813 1472 superbia,
2847 1408 3069 1473 invidia,
3102 1408 3420 1476 inimicitiae,

1842 1492 2232 1558 contentiones,
2264 1494 2653 1560 aemulationes,
2688 1497 2798 1562 im,
2832 1498 2985 1563 rixae,
3018 1500 3379 1557 dissensiones
3402 1540 3421 1567 ,

1841 1588 2001 1635 secta:
2028 1591 2083 1637 et
2131 1584 2359 1654 reliqua.
2405 1585 2662 1653 Quamvis
2691 1605 2754 1643 ea
2792 1589 3083 1658 Apostolus
3128 1590 3327 1664 (Galat.
3363 1608 3421 1660 v,

1842 1671 1909 1726 i9
1936 1673 2066 1744 seq.)
2096 1692 2251 1744 opera
2277 1679 2451 1731 carnis
2473 1679 2634 1741 dicat,
2657 1688 2835 1736 tamen
2862 1683 2978 1737 sine
2999 1698 3162 1739 carne
3193 1690 3423 1755 regnant

1841 1761 1896 1816 in
1924 1764 2167 1831 diabolo;
2202 1776 2257 1821 et
2284 1776 2410 1823 sunt
2435 1770 2667 1837 quodam
2696 1773 2855 1828 modo
2880 1789 3043 1843 opera
3062 1774 3260 1839 carnis,
3292 1774 3418 1843 quia

2382 1848 2453 1913 iis
2502 1878 2515 1913 :
2564 1869 2617 1915 et
2666 1862 2825 1917 homo
2868 1864 3094 1919 vivendo
3124 1866 3419 1920 secundum

1840 1946 2226 2016 semetipsum,
2270 1950 2373 2004 hoc
2420 1958 2504 2005 est
2545 1954 2839 2007 secundum
2878 1955 3150 2009 hominem
3174 1995 3190 2021 ,
3232 1955 3410 2010 factus

1839 2046 1923 2092 est
1957 2039 2148 2095 similis
2174 2042 2388 2097 diabolo
2411 2084 2423 2105 ,
2459 2044 2581 2112 quia
2623 2052 2677 2099 et
2730 2044 2817 2099 ille
2840 2052 2843 2053 '
2866 2046 3159 2100 secundum
3184 2046 3416 2116 seipsum

1840 2130 2023 2185 vivere
2053 2132 2239 2186 voluit.
2270 2133 2395 2189 Haec
2424 2151 2590 2205 opera
2627 2135 2842 2192 Satanae
2867 2137 3096 2193 dicimus
3126 2178 3139 2203 ,
3187 2153 3417 2209 quorum

1839 2223 2140 2293 aliquorum
2173 2242 2363 2282 suasor
2388 2237 2443 2282 et
2462 2228 2751 2297 instigator
2780 2237 2889 2294 est,
2928 2229 3232 2298 aliquorum
3260 2236 3420 2301 caput

1838 2324 1894 2371 et
1919 2318 2094 2388 origo.
2129 2317 2431 2373 Novissime
2464 2336 2475 2370 :
2509 2328 2556 2372 et
2603 2320 2842 2373 omnibus
2878 2321 3077 2390 pompis
3100 2320 3247 2391 ejus,
3300 2336 3421 2390 qua:

1839 2414 1965 2461 sunt
1987 2407 2170 2462 inanis
2192 2408 2477 2478 jactantia,
2513 2408 2760 2463 homines
2794 2409 3017 2485 terreni,
3060 2425 3259 2465 canora
3300 2426 3421 2467 mu-

1837 2500 1972 2565 sica,
1994 2501 2052 2553 in
2082 2500 2277 2569 quibus
2320 2514 2461 2569 saepe
2495 2500 2722 2555 solvitur
2744 2507 2799 2554 et
2822 2501 3059 2557 mollitur
3079 2502 3418 2561 Christianus

1835 2594 2019 2664 vigor;
2055 2593 2361 2663 spectacula
2400 2594 2578 2664 turpia
2626 2593 2710 2649 vel
2766 2595 3034 2665 superflua
3060 2636 3073 2660 ,
3102 2604 3156 2650 et
3188 2596 3414 2666 reliqua.

1836 2690 2039 2745 Deinde
2062 2700 2473 2760 perscrutamur
2494 2692 2736 2761 patrinos
2759 2700 2813 2746 et
2832 2693 3114 2759 matrinas,
3134 2694 3178 2749 si
3194 2704 3417 2764 possunt

1835 2787 2056 2835 cantare
2082 2780 2427 2857 Dominicam»
2457 2783 2758 2837 orationem
2795 2792 2850 2837 et
2896 2785 3225 2854 symbolum,
3276 2786 3419 2841 sicut

1834 2873 2288 2941 prazmonuimus:
2323 2888 2386 2927 ac
2405 2881 2592 2944 postea
2617 2889 2715 2944 per
2752 2874 3019 2939 ordinem,
3058 2876 3199 2930 sicut
3223 2877 3275 2930 in
3308 2876 3416 2933 Ro—

1835 2982 1994 3021 mano
2023 2965 2224 3021 Ordine
2249 2968 2510 3037 scriptum
2534 2976 2636 3033 est,
2669 2984 2885 3022 sacrum
2911 2967 3146 3023 oilicium
3188 2970 3405 3041 peragi-

1834 3070 1975 3122 mus,
2003 3071 2173 3126 usque
2203 3057 2268 3111 ad
2289 3058 2716 3112 sacratissimum
2744 3074 2880 3129 opus
2906 3059 3264 3129 baptismatis.

2423 3189 2825 3261 Recapitulatio.

1902 3301 1954 3358 Is
1984 3304 2075 3372 qui
2101 3302 2460 3372 baptizandus
2487 3311 2571 3357 est
2594 3303 2707 3373 jam
2738 3304 3176 3371 catechumenus,
3208 3306 3262 3361 id
3291 3316 3377 3363 est
3397 3349 3413 3375 ,

1833 3394 2129 3448 instructus
2152 3391 2243 3464 [F.
2269 3393 2411 3447 deest
2444 3408 2564 3448 esse
2591 3392 2772 3465 debet]
2794 3434 2807 3457 ,
2840 3403 2899 3449 ut
2938 3406 3290 3466 recognoscat
3329 3414 3416 3453 er-

1832 3500 2014 3539 rorem
2044 3484 2334 3554 pristinum
2364 3492 2419 3539 et
2458 3484 2723 3556 intelligat
2749 3486 2924 3541 lucem
2952 3489 3215 3544 veritatis.
3246 3490 3417 3546 Acce-

1831 3574 2097 3644 pitsalem
2127 3575 2426 3645 sapientiae,
2459 3585 2519 3630 ut
2547 3576 2876 3647 turpiloquia
2907 3578 3220 3634 declinaret.
3250 3581 3417 3653 Adju-

1832 3674 1982 3721 ratus
2006 3674 2091 3721 est
2113 3666 2378 3732 diabolus,
2412 3668 2501 3737 qui
2533 3667 2635 3723 fuit
2664 3670 2719 3723 in
2748 3669 2858 3735 illo,
2886 3686 3007 3726 cum
3036 3672 3188 3743 signo
3212 3675 3412 3742 crucis,

1830 3764 1892 3812 ut
1936 3757 2155 3812 recedat
2182 3773 2211 3811 a
2244 3758 2336 3812 Dei
2367 3757 2568 3813 famulo
2602 3777 2615 3811 :
2649 3766 2704 3813 et
2732 3759 2857 3816 inde
2897 3761 2957 3815 ﬁt
2997 3760 3298 3833 genuﬂexio
3343 3765 3413 3820 ad

1830 3848 2022 3913 Deum,
2051 3856 2112 3901 ut
2143 3848 2286 3903 Deus
2314 3848 2463 3902 illum
2492 3848 2728 3919 expellat
2771 3866 2800 3904 a
2849 3866 2947 3907 suo
2991 3862 3204 3908 vocato.
3232 3852 3407 3912 Orare

1829 3953 1930 4008 pro
1951 3949 2238 4009 semetipso
2257 3937 2371 4009 jam
2392 3940 2584 3994 doctus
2606 3948 2690 3994 est
2724 3940 2778 3994 in
2820 3942 3066 3997 oratione
3111 3943 3411 4001 Dominica.

1831 4032 2109 4099 Quomodo
2140 4033 2362 4087 credere
2393 4042 2662 4103 Oporteat,
2687 4034 2801 4104 jam
2828 4036 3035 4090 audivit
3059 4036 3114 4091 in
3144 4037 3406 4109 symbolo.

1829 4122 2153 4177 Admonitus
2181 4130 2264 4177 est
2306 4138 2405 4193 per
2457 4132 2672 4194 sputum
2716 4124 3055 4196 presbyteri,
3083 4135 3145 4181 ut
3176 4130 3413 4197 quandiu

1831 4215 2080 4285 spiritum
2127 4215 2253 4269 vita:
2297 4214 2456 4283 hujus
2502 4214 2726 4269 naribus
2773 4217 2981 4282 trahit,
3013 4216 3171 4272 ﬁdem
3201 4258 3216 4282 ,
3248 4234 3408 4290 quam

1831 4308 2037 4362 audivit
2064 4323 2162 4378 per
2192 4323 2374 4371 aures,
2400 4316 2599 4362 teneat.
2624 4307 2756 4363 Post
2784 4311 3021 4365 auditam
3050 4310 3213 4365 ﬁdem
3257 4313 3411 4383 ungi-

1832 4407 1920 4452 tur
1948 4400 2090 4453 inter
2137 4398 2383 4468 scapulas
2435 4407 2490 4453 et
2535 4408 2757 4469 pectus,
2798 4407 2856 4454 ut
2902 4401 2997 4454 Dei
3040 4401 3411 4458 misericordia

1831 4490 2189 4561 cogitationes
2226 4489 2381 4544 bona
2418 4496 2475 4543 et
2516 4504 2682 4559 opera
2708 4490 3128 4545 corroborentur
3148 4492 3204 4546 in
3241 4505 3330 4560 eo,
3356 4501 3414 4548 et

137 4561 284 4666 gnari
337 4561 517 4654 fama,
570 4612 732 4667 opera
776 4598 1085 4663 hominum;
1138 4561 1198 4653 εἶ
1231 4613 1327 4668 per
1370 4561 1577 4668 pgcws,
1634 4600 1726 4655 ubi
1754 4561 2055 4638 l)recedat
2082 4582 2150 4636 ab
2187 4582 2333 4636 omni
2382 4581 2563 4649 malo,
2599 4582 2741 4652 quod
2790 4582 2858 4636 ad
2902 4582 3145 4638 membra
3196 4582 3410 4640 Satanae

137 4676 541 4763 quodaminodo
565 4694 813 4748 consistit
836 4692 1145 4749 cubiculum
1190 4693 1596 4764 cogitationum,
1635 4709 1729 4749 vo-

134 4784 307 4843 lumus
349 4785 629 4856 designari
660 4786 830 4840 bonas
867 4784 1240 4856 cogitationes.
1270 4782 1397 4838 Oleo
1443 4796 1647 4850 sancto,
1675 4786 1730 4841 id

132 4889 212 4934 est
236 4878 620 4935 misericordia
646 4877 773 4942 Dei,
800 4884 1092 4948 unguntur,
1120 4884 1179 4930 ut
1206 4876 1380 4930 sciant
1401 4891 1612 4945 semper
1636 4876 1728 4931 de-

133 4971 348 5039 precari
382 4967 818 5023 misericordiam
841 4967 955 5033 Dei,
984 4974 1045 5021 ut
1068 4966 1265 5037 dirigat
1288 4965 1453 5020 corda
1480 4973 1536 5019 et
1563 4981 1728 5034 opera

131 5074 321 5115 eorum
355 5060 419 5114 in
452 5058 716 5113 charitate
741 5058 837 5113 Dei
870 5067 925 5114 et
948 5056 1209 5128 patientia
1245 5054 1469 5122 Christi,
1497 5066 1557 5112 ut
1582 5071 1733 5113 reco-

131 5157 407 5220 gnoscant
433 5164 493 5205 se
527 5164 632 5205 non
664 5149 819 5207 aliter
845 5150 1046 5206 bonum
1083 5148 1298 5220 operari
1336 5163 1515 5218 posse,
1557 5164 1733 5218 neque

128 5238 292 5307 velle,
319 5238 435 5295 nisi
468 5254 567 5310 per
598 5240 1022 5296 misericordiam
1050 5240 1165 5294 Dei.

654 5361 728 5419 De
764 5361 1237 5417 abrenuntiatione.

200 5477 625 5549 lnterrogamus
650 5475 771 5531 illos
796 5490 932 5547 quos
960 5482 1087 5530 ante
1119 5473 1480 5530 instruximus
1510 5474 1564 5528 in
1606 5474 1731 5541 ﬁde,

129 5578 187 5627 et
219 5552 375 5641 quos
404 5576 592 5639 postea
620 5567 843 5623 scrutati
871 5582 1058 5621 sumus
1082 5607 1099 5633 ,
1130 5566 1176 5621 si
1204 5566 1379 5621 adhuc
1406 5566 1735 5636 permansis-

131 5671 258 5717 sent
284 5645 361 5716 in?
384 5662 472 5716 his
502 5676 620 5730 quae
667 5661 917 5729 primitus
950 5660 1281 5721 didicerunt;
1329 5666 1383 5712 et
1409 5659 1453 5712 si
1479 5673 1536 5713 se
1566 5674 1735 5714 caecos

131 5753 554 5824 cognovissent,
570 5761 625 5807 et
647 5752 806 5807 modo
826 5766 1172 5823 prosperassc
1198 5751 1265 5805 ad
1283 5749 1485 5815 lumen,
1508 5766 1572 5805 eo
1593 5751 1736 5820 quod

130 5846 422 5933 perfecte,
452 5846 504 5904 id
532 5854 617 5905 est
656 5847 874 5931 septies,
917 5845 1039 5903 illos
1062 5843 1288 5902 scrutati
1312 5858 1499 5900 sumus
1530 5862 1542 5900 :
1570 5845 1617 5902 si
1640 5845 1735 5911 ab-

1830 4676 2093 4747 pertinet;
2126 4684 2182 4729 et
2210 4673 2373 4729 faciat
2395 4675 2624 4738 bonum;
2657 4681 2711 4728 et
2741 4673 3064 4729 conﬁteatur
3099 4691 3156 4730 se
3186 4675 3410 4732 credere

1831 4769 1886 4822 in
1912 4768 2080 4821 Deum
2102 4766 2320 4822 Patrem
2349 4767 2793 4836 omnipotentem,
2838 4773 2893 4821 et
2940 4766 2994 4820 in
3041 4765 3223 4821 Jesum
3252 4767 3408 4822 Chri-

1831 4868 1973 4913 stum
2014 4858 2209 4913 Filium
2239 4859 2376 4929 ejus,
2407 4866 2591 4911 natum
2638 4873 2706 4912 ex
2746 4857 2909 4913 Patre
2937 4867 3061 4913 ante
3089 4860 3270 4913 omnia
3311 4876 3411 4915 saa-

1832 4952 1980 5016 cula;
2014 4952 2214 5007 factum
2241 4965 2307 5004 ex
2336 4948 2563 5004 muliere
2593 4950 2647 5003 in
2678 4958 2918 5019 tempore
2963 4948 3254 5005 novissimo
3297 4969 3308 5003 :
3354 4962 3409 5006 et

1832 5041 1887 5095 in
1910 5041 2172 5112 Spiritum
2199 5049 2477 5103 sanctum,
2505 5046 2561 5094 et
2585 5038 2811 5109 reliqua.
2842 5037 3039 5108 Sicque
3068 5039 3408 5110 conjungitur

1834 5133 1926 5207 [F.
1958 5136 2097 5190 deest
2126 5131 2401 5204 Ecclesiae]
2425 5146 2581 5187 sacro
2608 5131 2755 5187 fonte
2785 5129 3143 5201 baptismatis.

2329 5267 2404 5322 De
2441 5266 2685 5321 unctione
2722 5265 2925 5336 capitis.

1905 5381 2031 5437 Post
2076 5380 2180 5436 hoc
2228 5379 2463 5435 salutare
2512 5378 2787 5433 lavacrum
2842 5377 3033 5432 linitur
3082 5384 3245 5448 caput
3292 5378 3413 5448 ejus

1833 5490 1989 5530 sacro
2016 5474 2343 5543 chrismate,
2390 5471 2532 5527 unde
2579 5471 2887 5525 sacerdotes
2928 5476 2985 5524 et
3025 5482 3182 5541 reges
3218 5477 3410 5523 unctos

1834 5583 1951 5623 esse
1998 5566 2244 5620 novimus
2290 5564 2343 5618 in
2387 5563 2565 5618 Veteri
2618 5561 2983 5616 Testamento.
3034 5559 3105 5615 Ut
3146 5558 3411 5628 intelligat

1834 5658 2138 5726 baptizatus
2165 5655 2341 5725 regale
2363 5670 2427 5709 ac
2455 5654 2788 5709 sacerdotale
2827 5651 3185 5706 ministerium
3230 5664 3287 5703 se
3318 5663 3409 5703 ac-

1836 5749 2061 5819 cepisse,
2104 5746 2229 5815 quia
2278 5744 2418 5799 illius
2463 5744 2677 5815 corpori
2729 5743 2999 5797 adunatus
3026 5748 3142 5803 est,
3171 5738 3263 5808 qui
3290 5736 3408 5791 Rex

1836 5857 2079 5917 summus
2116 5846 2173 5897 et
2213 5838 2479 5896 Sacerdos
2503 5844 2586 5894 est
2608 5852 2774 5895 verus
2800 5851 2813 5891 :
2837 5844 2893 5890 et
2920 5849 3146 5908 regnum
3187 5841 3411 5927 sperare
