4012 6364
174 370 277 429 897

711 486 788 540 De
820 486 1195 557 ersuﬂiatione.

234 577 552 636 Exsuillatur
580 575 782 647 itaque,
812 578 938 647 quia
982 577 1076 631 tali
1122 578 1313 650 dignus
1338 584 1420 632 est
1447 577 1741 649 ignominia

170 673 404 732 desertor
431 670 707 741 antiquus.

818 764 897 818 De
934 763 1062 819 sale.

228 860 285 915 ln
306 860 422 930 ipso
450 858 710 913 scrutinio
734 858 1078 913 benedictum
1111 857 1277 913 salem
1306 857 1389 912 ori
1415 858 1739 926 imponimus

166 960 279 1030 post
321 950 555 1018 primam
599 950 923 1013 orationem,
974 965 1077 1019 qua
1128 949 1363 1004 dicitur:
1401 948 1739 1021 Omnipotens

164 1043 457 1113 sempiterna
490 1042 653 1106 Deus,
685 1042 934 1111 respicere
979 1040 1195 1112 dignare
1222 1057 1375 1110 super
1397 1041 1533 1094 hunc
1565 1041 1739 1110 famu-

164 1148 261 1187 tum
283 1141 455 1196 tuum,
484 1148 634 1202 quem
668 1130 737 1184 ad
780 1130 1073 1184 rudimenta
1115 1129 1244 1199 ﬁdei
1269 1146 1451 1183 vocare
1494 1130 1737 1200 dignatus

159 1238 226 1287 es,
255 1228 309 1275 et
336 1221 559 1290 reliqua.
596 1221 666 1276 Ut
698 1214 981 1289 postquam
1009 1220 1309 1275 instructus
1348 1219 1509 1274 fuerit
1546 1236 1577 1274 a
1618 1237 1736 1275 ma-

162 1313 317 1385 gistro
362 1312 752 1377 ecclesiastico,
801 1320 1153 1382 recognoscat
1190 1313 1349 1367 verba
1390 1327 1487 1367 sua
1523 1314 1738 1369 condita

161 1405 345 1461 debere
388 1422 509 1461 esse
547 1406 658 1459 sale
695 1405 991 1475 sapientiae,
1031 1405 1169 1460 sicut
1220 1404 1415 1459 Paulus
1462 1406 1738 1474 apostolus

160 1498 338 1551 scribit
378 1498 443 1551 ad
467 1496 818 1553 Colossenses
847 1514 860 1549 :
891 1494 1071 1551 Sermo
1096 1506 1257 1551 vester
1280 1498 1333 1549 in
1355 1496 1525 1565 gratia
1540 1498 1647 1550 sale
1670 1500 1737 1552 sit

159 1588 405 1652 conditus,
430 1598 484 1641 ut
507 1589 706 1654 sciatis,
739 1586 997 1661 quomodo
1048 1597 1282 1657 oporteat
1326 1604 1413 1642 vos
1456 1589 1737 1661 unicuique

160 1680 461 1748 respondere
485 1676 623 1749 (Col.
653 1694 722 1741 1v,
755 1678 829 1749 6).

377 1768 649 1834 Quomodo
688 1770 781 1837 fiat
822 1769 1156 1823 novissimum
1191 1770 1521 1824 scrutinium.

216 1860 277 1914 Et
327 1860 461 1915 illud
504 1862 823 1916 scrutinium
868 1862 1052 1915 finitur
1090 1863 1314 1917 sabbato
1342 1873 1467 1918 ante
1502 1864 1728 1919 Pascha.
1762 1844 1809 1904 Β
1840 1863 1966 1907 sunt
2011 1872 2175 1925 opera
2216 1857 2450 1913 hominis
2499 1877 2511 1913 :

155 1950 261 2022 Ipso
289 1951 381 2005 die
404 1950 635 2007 facimus
662 1952 950 2023 septimum
989 1952 1335 2018 scrutinium,
1378 1954 1519 2008 sicut
1542 1954 1598 2007 in
1626 1954 1735 2009 Ro-

156 2059 298 2099 mano
324 2043 531 2100 Ordine
560 2045 863 2099 invenimus
894 2044 1175 2117 scriptum,
1215 2052 1269 2099 et
1303 2044 1531 2116 legimus
1567 2062 1734 2117 super

157 2134 296 2191 illos:
327 2133 442 2189 Nec
488 2145 537 2189 te
567 2134 691 2189 latet
738 2133 983 2191 Satanas.

498 2228 577 2283 De
627 2238 768 2283 tactu
807 2231 1018 2284 narium
1062 2239 1110 2284 et
1148 2232 1377 2285 aurium.

214 2322 339 2380 Post
366 2324 509 2377 hanc
537 2322 824 2377 lectionem
852 2323 1123 2393 tangimus
1155 2338 1346 2378 eorum
1374 2338 1534 2377 aures
1559 2331 1613 2378 et
1634 2314 1729 2377 na-

160 2430 253 2481 res,
278 2423 333 2471 et
364 2414 596 2469 dicimus
630 2414 746 2468 eis:
803 2413 1027 2483 Epheta,
1079 2416 1135 2468 in
1181 2415 1394 2469 odorem
1438 2415 1729 2469 suavitatis.

160 2506 307 2561 Nares
347 2507 641 2578 tangimus,
669 2514 728 2560 ut
768 2507 1178 2571 admoneantur,
1207 2508 1446 2578 quandiu
1477 2508 1729 2578 spiritum

160 2594 299 2667 hujus
316 2601 445 2655 vita:
482 2601 725 2664 trahunt,
759 2613 972 2668 semper
1015 2600 1069 2653 in
1111 2599 1195 2653 his
1216 2608 1583 2669 perseverent,
1613 2615 1733 2670 qum

156 2691 257 2761 jam
283 2691 587 2745 didicerunt
614 2698 668 2745 et
694 2691 870 2745 adhuc
895 2690 1110 2745 discunt
1133 2690 1201 2745 ab
1226 2706 1322 2745 ore
1339 2690 1733 2745 catholicorum

164 2782 418 2848 virorum;
453 2791 507 2836 et
550 2782 671 2837 ideo
701 2790 857 2852 sputo
886 2783 1192 2852 presbyteri
1224 2790 1539 2851 tanguntur.
1571 2781 1732 2835 Simi-

168 2872 281 2928 liter
308 2875 528 2930 dicimus
555 2875 623 2929 de
646 2876 888 2941 auribus,
933 2875 1088 2944 quasi
1124 2875 1269 2930 dicat
1300 2875 1583 2945 presbyter
1610 2893 1621 2927 :
1670 2874 1732 2929 fl-

165 2965 296 3032 dem,
323 2982 477 3036 quam
502 2967 569 3020 ab
599 2966 706 3021 isto
732 2980 828 3020 ore
874 2964 1130 3029 didicisti,
1177 2973 1231 3019 et
1264 2980 1385 3034 qua:
1431 2979 1529 3033 per
1574 2979 1735 3019 aures

161 3058 369 3112 intravit
421 3059 488 3113 ad
529 3058 787 3123 animam,
828 3057 1067 3125 quandiu
1109 3056 1359 3126 spiritum
1403 3056 1530 3110 vita:
1577 3054 1733 3125 hujus

158 3148 364 3203 naribus
412 3149 606 3212 trahis,
641 3163 856 3217 semper
878 3156 1062 3202 tenere
1104 3155 1396 3212 memento,
1441 3154 1501 3199 ut
1550 3146 1731 3201 dicere

154 3242 312 3311 possis
334 3257 465 3296 cum
502 3240 670 3295 Paulo
718 3240 1000 3310 apostolo:
1051 3237 1245 3293 Christi
1289 3240 1453 3293 bonus
1491 3237 1620 3291 odor
1642 3254 1732 3291 su-

155 3348 255 3385 mus
282 3331 366 3403 (II
400 3329 526 3385 Cor.
552 3348 590 3386 ιι
618 3371 632 3395 ,
658 3331 768 3403 15).
799 3332 865 3385 Et
888 3332 1086 3386 iterum
1107 3328 1251 3383 dicat
1271 3330 1491 3383 auribus
1518 3345 1529 3380 :
1556 3328 1732 3382 Aures

154 3420 275 3487 istae,
309 3422 427 3475 Deo
465 3421 778 3485 miserante,
820 3436 1033 3491 semper
1066 3428 1266 3489 aperta:
1292 3420 1403 3473 sint
1428 3419 1496 3472 ad
1534 3417 1731 3472 intelli-

153 3511 307 3577 genda
344 3512 515 3566 verba
560 3511 856 3581 disciplinae
898 3512 1032 3575 Dei;
1079 3518 1140 3564 ut
1184 3511 1364 3565 dicere
1407 3508 1614 3579 possit:
1663 3505 1732 3561 In

152 3600 390 3655 obauditu
419 3601 566 3654 auris
591 3601 789 3655 obedivi
813 3601 904 3654 tibi
933 3599 1104 3671 (Psal.
1141 3616 1251 3654 xvu
1270 3640 1283 3664 ,
1326 3596 1438 3670 45).

436 3691 509 3744 De
545 3692 789 3745 unctione
825 3689 1053 3761 scopula:
1088 3702 1135 3743 et
1168 3691 1409 3760 pectoris.

210 3780 407 3837 Postea
448 3782 718 3853 tangimus
754 3772 827 3837 Ide
853 3782 971 3836 oleo
1004 3790 1193 3836 sancto
1239 3781 1487 3852 scapulas
1527 3789 1581 3835 et
1626 3795 1724 3850 pe-

149 3880 277 3937 ctus,
303 3882 359 3926 et
388 3864 623 3926 dicimus
647 3871 728 3925 eis
754 3889 767 3923 :
800 3870 1146 3925 Abrenuntias
1176 3868 1435 3924 Satanae?
1457 3879 1512 3925 et
1536 3878 1729 3925 caatera

151 3977 257 4031 qua:
291 3970 622 4031 sequuntur.
671 3961 778 4017 Per
803 3962 978 4016 oleum
1021 3977 1255 4030 namque
1300 3962 1729 4017 misericordiam

149 4050 232 4105 Dei
268 4052 529 4113 novimus
558 4051 780 4122 signari.
820 4050 988 4123 [Quos
1037 4060 1217 4105 autem
1257 4067 1353 4122 per
1398 4053 1592 4117 oleam,
1622 4052 1726 4108 nisi

149 4146 527 4202 misericordes
568 4144 903 4216 accipimus],
943 4145 1068 4214 quia
1116 4144 1301 4200 Graece
1349 4145 1483 4200 eleos
1523 4145 1725 4217 [31mg],

156 4237 332 4294 Latine
372 4238 744 4293 misericordia
789 4240 1193 4307 interpretatur.
1236 4238 1292 4290 ln
1320 4237 1572 4307 scapulis,
1613 4238 1729 4292 sive

148 4328 193 4382 in
220 4330 469 4386 humeris
490 4328 858 4385 fortitudinem
892 4330 1099 4385 brachii
1141 4329 1341 4383 terreni
1370 4329 1603 4383 hominis
1627 4343 1726 4397 po-

145 4418 330 4474 nimus.
363 4418 604 4473 Brachia
631 4426 925 4488 operantur
954 4426 1009 4474 et
1031 4434 1243 4481 manus,
1275 4434 1393 4487 qua:
1410 4419 1463 4472 in
1490 4418 1729 4473 brachiis

144 4512 322 4579 posita:
349 4518 519 4577 sunt;
558 4517 615 4565 et
652 4511 773 4565 ideo
801 4518 1140 4565 autumamus
1174 4525 1272 4579 per
1304 4510 1549 4580 scapulas
1586 4511 1727 4565 desi-

1191 370 1409 426 EPIST.
1452 370 1541 426 DE
1578 370 2019 428 CAZREMONIIS
2057 372 2393 431 BAPTISMI.

3312 386 3418 441 898

1766 488 1816 547 Α
1845 491 2181 556 renuntient,
2216 493 2267 546 id
2296 501 2410 558 est,
2463 492 2837 549 contradicant
2871 494 3085 551 Satanae
3133 502 3421 557 contrariae

1839 583 2119 651 potestati,
2146 592 2201 636 et
2227 585 2473 639 omnibus
2493 585 2748 654 operibus
2776 586 2891 655 ejus
2915 594 2970 640 et
2994 588 3244 642 omnibus
3267 605 3423 659 pom-

1838 674 1923 742 pis
1950 674 2084 744 ejus.
2115 675 2355 731 Dicimus
2392 678 2465 731 illi
2497 696 2508 730 :
2539 676 2829 733 Contradic
2861 678 3077 735 Satanae
3102 721 3117 744 ,
3145 697 3267 735 cum
3297 699 3423 752 pro-

1837 764 1998 833 pheta
2048 764 2253 819 David:
2291 764 2599 821 Obliviscere
2641 766 2889 837 populum
2928 778 3075 823 tuum
3118 778 3166 823 et
3206 770 3421 826 domum

1837 857 2000 925 patris
2026 857 2103 910 tui
2137 856 2307 928 (Psal.
2340 874 2481 923 κων,
2514 858 2621 930 il).
2668 859 2863 914 Postea
2887 868 2941 915 et
2964 861 3214 916 omnibus
3241 862 3419 931 operi-

1840 941 1940 998 bus
1963 941 2098 1011 ejus,
2150 962 2268 1015 qua:
2299 956 2423 1001 sunt
2473 945 2781 1013 fornicatio,
2836 948 3099 1003 idolorum
3145 951 3419 1019 servitus,

1836 1033 2097 1089 veneﬁcia
2131 1075 2145 1099 ,
2199 1035 2485 1090 homicidia
2515 1078 2529 1102 ,
2570 1037 2857 1093 ebrietates
2880 1080 2893 1104 ,
2919 1041 3341 1097 comessationes
3367 1050 3423 1097 et

1838 1123 1925 1177 his
1955 1124 2172 1179 similia.
2208 1124 2336 1192 Quae
2362 1128 2609 1196 quamvis
2655 1130 2723 1184 ad
2759 1130 2939 1186 carnis
2967 1132 3270 1203 voluptates
3298 1149 3422 1203 per-

1839 1213 2079 1281 tineant,
2128 1225 2304 1271 tamen
2354 1232 2517 1287 opera
2559 1230 2685 1276 sunt
2712 1221 2946 1290 Satanae,
2974 1240 3203 1294 quorum
3229 1242 3421 1282 suasor

1839 1312 1893 1359 et
1946 1306 2296 1378 investigator
2324 1316 2406 1365 est
2434 1312 2695 1367 occultus.
2728 1314 2852 1369 Haec
2882 1325 3009 1370 sunt
3044 1333 3163 1387 quae
3195 1327 3421 1390 regnant

1838 1395 1891 1449 in
1914 1396 2127 1453 diabolo
2156 1399 2272 1454 sine
2300 1416 2462 1455 carne
2492 1420 2505 1454 :
2538 1403 2810 1472 superbia,
2843 1408 3065 1474 invidia,
3098 1408 3416 1475 inimicitiae,

1839 1492 2228 1558 contentiones,
2260 1494 2650 1559 aemulationes,
2683 1497 2795 1563 iraa,
2828 1498 2981 1563 rixze,
3014 1500 3376 1556 dissensiones
3399 1539 3417 1567 ,

1838 1589 1997 1635 secta:
2025 1591 2079 1637 et
2127 1584 2355 1654 reliqua.
2401 1586 2658 1653 Quamvis
2688 1605 2751 1643 ea
2788 1589 3079 1658 Apostolus
3124 1589 3324 1663 (Galat.
3359 1607 3418 1659 ν,

1839 1672 1905 1726 19
1933 1673 2063 1745 seq.)
2092 1692 2248 1745 opera
2274 1679 2448 1731 carnis
2470 1679 2631 1741 dicat,
2654 1688 2831 1735 tamen
2859 1683 2974 1736 sine
2995 1697 3159 1737 carne
3189 1688 3420 1754 regnant

1838 1762 1892 1816 in
1921 1764 2164 1831 diabolo;
2199 1776 2254 1821 et
2281 1776 2407 1823 sunt
2432 1770 2663 1837 quodam
2693 1772 2852 1826 modo
2876 1788 3040 1842 opera
3059 1773 3257 1837 carnis,
3288 1772 3415 1841 quia

2560 1870 2613 1915 et
2662 1861 2822 1916 homo
2866 1863 3091 1917 vivendo
3121 1865 3416 1918 secundum

1837 1947 2223 2017 semetipsum,
2267 1949 2369 2005 hoc
2418 1957 2500 2005 est
2542 1953 2837 2006 secundum
2876 1954 3187 2019 hominem,
3230 1953 3406 2009 factus

1836 2047 1920 2092 est
1954 2040 2145 2094 similis
2171 2042 2386 2096 diabolo
2408 2084 2420 2105 ,
2456 2044 2578 2112 quia
2620 2051 2673 2099 et
2727 2043 2814 2098 ille
2838 2050 2839 2053 ‘
2864 2046 3155 2099 secundum
3180 2044 3413 2114 seipsum

1837 2130 2021 2186 vivere
2050 2132 2237 2187 voluit.
2268 2133 2393 2189 Haec
2421 2150 2586 2205 opera
2624 2134 2839 2191 Satanae
2865 2137 3093 2192 dicimus
3122 2178 3136 2203 ,
3184 2151 3414 2208 quorum

1836 2224 2138 2294 aliquorum
2170 2242 2361 2281 suasor
2385 2236 2440 2282 et
2460 2228 2749 2297 instigator
2777 2238 2887 2292 est,
2926 2229 3229 2298 aliquorum
3257 2234 3417 2300 caput

1836 2325 1891 2372 et
1917 2318 2092 2389 origo.
2127 2318 2428 2373 Novissime
2461 2336 2472 2370 :
2507 2327 2553 2372 et
2601 2320 2840 2373 omnibus
2876 2321 3074 2389 pompis
3097 2320 3243 2391 ejus,
3296 2334 3417 2389 qua:

1837 2416 1963 2463 sunt
1985 2408 2168 2462 inanis
2190 2408 2475 2479 jactantia,
2510 2408 2759 2463 homines
2793 2408 3015 2487 terreni,
3057 2424 3256 2464 canora
3296 2425 3417 2465 mu-

1835 2500 1970 2566 sica,
1993 2501 2049 2554 in
2080 2500 2275 2569 quibus
2318 2514 2458 2569 saepe
2493 2500 2720 2554 solvitur
2743 2508 2797 2554 et
2820 2500 3056 2555 mollitur
3076 2500 3416 2559 Christianus

1834 2594 2018 2665 vigor;
2053 2593 2359 2664 spectacula
2399 2594 2577 2663 turpia
2625 2592 2709 2648 vel
2764 2593 3031 2663 superflua
3057 2634 3071 2659 ,
3098 2603 3153 2648 et
3185 2594 3411 2665 reliqua.

1834 2691 2037 2746 Deinde
2061 2699 2472 2760 perscrutamur
2492 2692 2734 2761 patrinos
2757 2699 2811 2746 et
2831 2692 3111 2756 matrinas,
3131 2693 3175 2747 si
3192 2703 3415 2762 possunt

1833 2788 2055 2835 cantare
2081 2780 2416 2836 Dominicam
2455 2783 2755 2836 orationem
2794 2790 2849 2836 et
2894 2783 3223 2853 symbolum,
3274 2785 3417 2840 sicut

1832 2873 2249 2943 praemonuimus
2276 2891 2287 2927 :
2321 2889 2385 2927 ac
2404 2881 2589 2944 postea
2616 2888 2713 2944 per
2750 2873 3017 2938 ordinem,
3057 2874 3197 2929 sicut
3221 2876 3273 2928 in
3306 2875 3415 2931 Ro-

1833 2982 1994 3021 mano
2022 2965 2223 3022 Ordine
2248 2969 2508 3036 scriptum
2533 2976 2634 3031 est,
2668 2982 2883 3021 sacrum
2910 2966 3144 3022 oilicium
3187 2968 3403 3039 peragi-

1834 3071 1974 3123 mus,
2002 3072 2172 3127 usque
2202 3057 2267 3110 ad
2288 3057 2715 3111 sacratissimum
2743 3072 2878 3127 opus
2904 3058 3263 3128 baptismatis.

2421 3188 2825 3261 Recapitulatio.

1902 3302 1953 3358 Is
1984 3304 2074 3373 qui
2101 3302 2459 3372 baptizandus
2486 3311 2571 3357 est
2592 3303 2707 3373 jam
2738 3303 3175 3370 catechumenus,
3206 3305 3261 3361 id
3290 3315 3376 3363 est
3396 3348 3413 3374 ,

1833 3394 2128 3449 instructus
2151 3392 2242 3465 [F.
2268 3393 2410 3447 deest
2443 3408 2564 3448 esse
2590 3392 2807 3465 debet],
2840 3403 2899 3448 ut
2938 3405 3290 3465 recognoscat
3328 3413 3415 3452 er-

1833 3500 2015 3539 rorem
2045 3485 2333 3554 pristinum
2363 3492 2419 3539 et
2458 3484 2722 3556 intelligat
2749 3486 2924 3540 lucem
2952 3488 3214 3543 veritatis.
3245 3489 3416 3546 Acce-

1831 3575 1911 3645 pit
1930 3574 2097 3629 salem
2127 3576 2426 3645 sapientiae,
2458 3585 2519 3629 ut
2547 3576 2876 3646 turpiloquia
2906 3578 3220 3633 declinaret.
3249 3581 3415 3652 Adju-

1832 3675 1983 3721 ratus
2006 3675 2091 3722 est
2113 3666 2378 3731 diabolus,
2412 3668 2501 3736 qui
2532 3666 2634 3723 fuit
2664 3669 2719 3722 in
2748 3668 2858 3734 illo,
2886 3685 3007 3725 cum
3037 3671 3188 3742 signo
3212 3674 3411 3740 crucis,

1832 3765 1892 3812 ut
1936 3758 2155 3813 recedat
2182 3773 2211 3811 a
2243 3758 2337 3812 Dei
2367 3757 2568 3812 famulo
2602 3776 2614 3811 :
2649 3764 2705 3813 et
2732 3758 2857 3815 inde
2897 3760 2958 3813 fit
2997 3759 3297 3831 genuflexio
3342 3763 3412 3817 ad

1831 3849 2023 3914 Deum,
2051 3857 2113 3902 ut
2144 3848 2287 3903 Deus
2314 3848 2464 3902 illum
2492 3848 2728 3918 expellat
2771 3865 2800 3903 a
2849 3865 2947 3905 suo
2992 3860 3204 3906 vocato.
3232 3850 3407 3910 Orare

1830 3954 1930 4009 pro
1952 3949 2239 4009 semetipso
2258 3937 2371 4009 jam
2392 3939 2584 3993 doctus
2606 3947 2690 3993 est
2724 3939 2778 3993 in
2819 3940 3067 3995 oratione
3111 3941 3411 3998 Dominica.

1832 4032 2110 4100 Quomodo
2141 4033 2362 4087 credere
2394 4040 2662 4103 oporteat,
2686 4033 2801 4103 jam
2829 4035 3035 4089 audivit
3059 4034 3114 4088 in
3145 4035 3406 4107 symbolo.

1829 4122 2154 4177 Admonitus
2182 4130 2265 4177 est
2308 4138 2405 4192 per
2457 4131 2672 4193 sputum
2716 4123 3055 4195 presbyteri,
3084 4132 3145 4179 ut
3176 4127 3413 4195 quandiu

1832 4215 2080 4285 spiritum
2128 4215 2254 4268 vitae
2298 4214 2456 4283 hujus
2502 4213 2726 4269 naribus
2773 4216 2981 4280 trahit,
3013 4214 3171 4270 ﬁdem
3200 4255 3215 4279 ,
3248 4232 3409 4286 quam

1832 4308 2038 4361 audivit
2067 4322 2164 4377 per
2194 4322 2375 4372 aures,
2401 4315 2599 4361 teneat.
2624 4306 2755 4362 Post
2784 4309 3021 4363 auditam
3051 4308 3213 4364 ﬁdem
3257 4312 3412 4382 ungi-

1832 4407 1921 4452 tur
1949 4399 2091 4452 inter
2139 4397 2384 4467 scapulas
2436 4406 2490 4452 et
2536 4407 2757 4467 pectus,
2799 4406 2857 4452 ut
2903 4399 2997 4453 Dei
3040 4400 3411 4455 misericordia

1832 4489 2191 4561 cogitationes
2228 4488 2382 4543 bona:
2418 4496 2475 4543 et
2517 4502 2681 4558 opera
2708 4489 3128 4543 corroborentur
3149 4490 3204 4544 in
3242 4504 3330 4558 eo,
3357 4498 3414 4546 et

143 4561 287 4669 gnari
337 4561 519 4656 fama,
572 4614 735 4670 opera
778 4600 1087 4665 hominum;
1140 4561 1202 4654 εἴ
1232 4614 1328 4669 ρει.
1371 4561 1579 4669 ρζοιυε,
1635 4601 1728 4655 ubi
1756 4561 2056 4637 l’recedat
2084 4580 2152 4635 ab
2189 4580 2335 4635 omni
2384 4580 2564 4647 malo,
2600 4580 2742 4651 quod
2791 4580 2858 4634 ad
2904 4580 3145 4637 membra
3196 4580 3411 4637 Satanae

144 4676 542 4765 quodammodo
568 4695 815 4749 consistit
839 4694 1147 4750 cubiculum
1191 4694 1598 4765 cogitationum,
1636 4710 1730 4749 vo-

142 4786 311 4845 lumus
351 4786 631 4858 designari
663 4787 833 4842 bonas
869 4786 1242 4857 cogitationes.
1271 4784 1398 4839 Oleo
1444 4796 1649 4851 sancto,
1676 4786 1731 4842 id

140 4890 218 4936 est
240 4880 624 4937 misericordia
650 4879 775 4944 Dei,
803 4886 1095 4950 unguntur,
1122 4886 1181 4932 ut
1208 4877 1381 4932 sciant
1402 4892 1613 4947 semper
1638 4876 1729 4932 de-

140 4974 350 5041 precari
386 4969 821 5026 misericordiam
844 4968 959 5034 Dei,
987 4975 1047 5023 ut
1070 4967 1267 5038 dirigat
1290 4967 1454 5022 corda
1481 4974 1537 5021 et
1564 4982 1729 5035 opera

139 5076 325 5117 eorum
358 5063 423 5117 in
455 5060 719 5115 charitate
744 5060 841 5115 Dei
873 5067 928 5115 et
951 5052 1219 5130 patientia
1247 5057 1471 5123 Christi,
1499 5067 1559 5113 ut
1584 5072 1735 5114 reco-

140 5159 411 5222 gnoscant
436 5167 496 5207 se
530 5167 635 5207 non
666 5152 822 5208 aliter
848 5151 1049 5207 bonum
1087 5149 1301 5221 operari
1339 5165 1517 5220 posse,
1560 5164 1734 5220 neque

138 5241 297 5310 velle,
324 5241 439 5298 nisi
472 5256 570 5312 per
601 5241 1025 5297 misericordiam
1052 5240 1168 5295 Dei.

657 5363 731 5420 De
768 5362 1240 5418 abrenuntiatione.

1832 4676 2095 4747 pertinet;
2128 4683 2184 4728 et
2213 4672 2375 4728 faciat
2396 4674 2625 4737 bonum;
2657 4680 2712 4726 et
2742 4672 3065 4727 conﬁteatur
3099 4689 3157 4729 se
3186 4673 3411 4729 credere

1834 4770 1887 4823 in
1912 4769 2082 4823 Deum
2103 4766 2323 4821 Patrem
2351 4766 2793 4835 omnipotentem,
2839 4772 2894 4819 et
2941 4765 2996 4818 in
3041 4762 3223 4819 Jesum
3252 4764 3408 4819 Chri-

1833 4869 1975 4914 stum
2015 4857 2211 4913 Filium
2241 4858 2377 4928 ejus,
2408 4864 2593 4910 natum
2640 4872 2706 4911 ex
2747 4856 2910 4911 Patre
2939 4864 3062 4911 ante
3089 4858 3270 4911 omnia
3312 4873 3411 4912 sa:-

1834 4952 1982 5017 cula;
2015 4951 2217 5007 factum
2243 4964 2309 5003 ex
2339 4948 2563 5003 muliere
2594 4948 2647 5003 in
2679 4956 2919 5018 tempore
2966 4946 3255 5002 novissimo
3296 4967 3308 5001 :
3355 4959 3410 5003 et

1834 5041 1888 5096 in
1912 5040 2174 5112 Spiritum
2201 5048 2478 5101 sanctum,
2507 5044 2562 5092 et
2585 5037 2813 5106 reliqua.
2844 5035 3040 5106 Sicque
3068 5037 3409 5107 conjungitur

1835 5133 1927 5208 [F.
1959 5136 2098 5189 deest
2128 5129 2403 5203 Ecclesiae]
2426 5145 2582 5185 sacro
2608 5129 2757 5184 fonte
2787 5127 3143 5199 baptismatis.

2331 5265 2406 5321 De
2442 5264 2687 5319 unctione
2723 5262 2925 5334 capitis.

1907 5381 2033 5436 Post
2077 5379 2182 5435 hoc
2230 5377 2466 5433 salutare
2516 5377 2789 5431 lavacrum
2845 5375 3033 5429 linitur
3084 5384 3247 5447 caput
3294 5376 3414 5446 ejus

154 5473 158 5476 ’
209 5479 628 5551 Interrogamus
653 5477 775 5533 illas
800 5492 936 5548 quos
963 5483 1091 5531 ante
1123 5473 1483 5530 instruximus
1514 5475 1566 5529 in
1609 5474 1733 5541 ﬁde,
1806 5490 1991 5553 sacro
2017 5473 2345 5536 chrismate,
2392 5469 2535 5524 unde
2581 5469 2889 5523 sacerdotes
2930 5474 2986 5521 et
3027 5481 3184 5539 reges
3220 5475 3411 5522 unctos

140 5580 197 5628 et
228 5587 376 5644 quos
407 5578 595 5642 postea
624 5569 846 5625 scrutati
874 5584 1061 5623 sumus
1086 5607 1102 5634 ,
1133 5566 1178 5622 si
1207 5567 1381 5621 adhuc
1411 5566 1737 5636 permansis-
1836 5582 1954 5622 esse
1999 5564 2247 5619 novimus
2292 5563 2345 5616 in
2390 5561 2567 5616 Veteri
2620 5558 2985 5613 Testamento.
3037 5558 3107 5613 Ut
3148 5556 3413 5625 intelligat

142 5674 266 5719 sent
293 5648 366 5718 in!
388 5665 474 5719 bis
505 5678 623 5732 quae
670 5662 921 5731 primitus
954 5660 1284 5723 didicerunt;
1333 5667 1386 5712 et
1412 5659 1457 5712 si
1482 5673 1539 5713 se
1568 5674 1738 5714 caecos
1836 5658 2141 5726 baptizatus
2168 5654 2343 5724 regale
2366 5669 2429 5708 ac
2457 5651 2790 5707 sacerdotale
2830 5650 3187 5704 ministerium
3231 5662 3289 5701 se
3320 5660 3411 5699 ac-

143 5756 558 5825 cognovissent,
573 5764 628 5809 et
650 5754 809 5809 modo
829 5766 1175 5824 prosperasse
1201 5751 1269 5805 ad
1288 5750 1487 5814 lumen,
1511 5766 1575 5805 eo
1596 5752 1739 5820 quod
1838 5749 2063 5818 cepisse,
2108 5745 2232 5815 quia
2280 5742 2420 5798 illius
2465 5742 2679 5812 corpori
2732 5741 3002 5795 adunatus
3029 5746 3144 5801 est,
3172 5735 3265 5806 qui
3292 5734 3409 5789 Rex

144 5848 425 5935 perfecte,
455 5849 507 5907 id
535 5857 620 5907 est
660 5849 878 5933 septies,
920 5846 1043 5905 illos
1067 5844 1292 5903 scrutati
1316 5859 1502 5901 sumus
1533 5863 1545 5901 :
1573 5846 1620 5903 si
1643 5845 1737 5904 ab-
1839 5856 2082 5902 summus
2119 5846 2176 5896 et
2216 5837 2481 5895 Sacerdos
2505 5843 2588 5892 est
2611 5850 2776 5893 verus
2802 5849 2817 5888 :
2840 5842 2896 5889 et
2923 5847 3148 5907 regnum
3189 5838 3413 5923 sperare
