4012 6364
162 330 266 386 929

1495 344 2044 404 ΡοΕΝιτεκηΑιε.

3287 366 3392 421 930

161 445 443 540 episcopus
482 447 639 540 debet
686 449 903 504 missam
939 467 1129 540 agere,
1157 461 1213 507 et
1252 467 1373 509 eum
1416 456 1730 511 benedicere
1758 462 1805 517 Α
1833 467 1984 517 turas
2015 480 2028 517 :
2071 471 2279 518 etcum
2303 465 2464 533 positi
2510 464 2708 522 iuerint
2735 469 2786 523 in
2827 470 3108 540 sepulcris,
3154 472 3396 534 funditur

164 532 423 587 inclinato
462 536 658 604 capite,
685 551 805 591 cum
828 539 1033 593 duobus
1058 540 1142 595 vel
1186 542 1358 597 tribus
1386 544 1616 598 testibus
1660 544 1726 599 dc

162 621 422 678 fratribus
450 626 585 689 suis,
622 634 674 680 et
699 627 861 682 donet
898 630 947 683 ei
972 630 1220 685 baculum
1246 641 1300 687 et
1322 634 1559 701 pedules.
1594 633 1728 687 San-

163 718 263 765 cce
291 712 553 767 moniales
576 729 705 768 vero
744 715 992 771 basilicas
1022 719 1121 773 sibi
1166 722 1481 775 commissas
1518 737 1729 790 semper

163 801 357 861 debent
383 818 717 858 consecrare.
758 803 927 860 Grzcci
953 807 1111 860 simul
1132 810 1451 863 benedicunt
1489 811 1724 875 viduam,

162 901 215 945 et
238 892 522 961 virginem,
552 902 606 947 et
633 901 917 964 utramque
937 910 1151 967 semper
1170 899 1365 953 habent
1389 916 1723 955 consecrare.

160 979 421 1035 Abbatcm
453 980 675 1050 eligunt.
717 982 944 1037 Romani
974 1000 1078 1039 non
1106 987 1285 1041 velant
1309 988 1544 1041 viduam.
1575 1000 1599 1028 ι
1632 987 1728 1043 Se-

160 1069 393 1125 cundum
447 1068 663 1126 Graecos
721 1072 1036 1143 presbytero
1091 1075 1217 1130 licet
1266 1078 1529 1147 virginem
1574 1092 1727 1132 sacro

159 1158 423 1214 velamine
443 1176 777 1227 consecrare,
802 1172 856 1217 et
878 1167 1224 1221 reconciliare
1263 1170 1629 1238 pmnitentem,
1672 1177 1727 1225 et

160 1250 338 1306 facere
364 1253 537 1307 oleum
586 1256 947 1310 exorcizatum
974 1297 987 1320 ,
1022 1264 1091 1313 'et
1127 1259 1351 1313 inﬁrmis
1394 1261 1650 1325 chrisma,
1680 1263 1725 1318 si

160 1357 379 1399 necesse
402 1352 502 1398 est.
528 1342 831 1402 Secundum
867 1346 1139 1404 Romanos
1164 1364 1268 1403 non
1298 1350 1440 1415 licet,
1477 1352 1577 1405 nisi
1615 1354 1726 1422 epi-

160 1447 321 1503 scopo
347 1434 465 1488 soli.

767 1523 993 1581 CAPUT
1019 1526 1108 1583 IV.

507 1612 585 1667 De
614 1613 934 1684 baptismatis
960 1616 1371 1684 conﬁrmatione.

224 1705 282 1758 In
309 1705 629 1774 baptismate
667 1706 1004 1761 dimittuntur
1027 1722 1132 1762 non
1172 1709 1573 1777 conjttnctiones
1604 1720 1734 1766 mu-‘

1824 566 1921 619 pro
1963 554 2044 608 eis
2086 556 2277 609 oratio.
2310 556 2548 624 Denique
2576 557 2740 611 humo
2767 559 2850 612 vel
2878 568 3026 628 petra
3055 563 3391 631 operiuntur.

1824 642 2006 697 Prima
2027 652 2081 698 et
2109 646 2264 699 tertia
2293 655 2347 699 et
2386 663 2542 708 nona,
2574 664 2674 702 nec
2713 665 2817 703 non
2850 652 3123 721 trigesima
3174 655 3260 710 die
3295 671 3396 725 pro

1825 732 1905 787 eis
1932 735 2094 789 missa
2115 744 2323 805 agatur.
2373 737 2580 791 Exinde
2604 748 2725 806 post
2751 754 2971 805 annum,
3024 744 3069 797 si
3106 745 3389 811 voluerint,

1825 832 2085 878 servetur.
2115 824 2129 874 i
2174 825 2347 880 Missa:
2380 841 2509 880 vero
2537 828 2873 883 sarcularium
2904 842 3234 888 mortuorum
3280 846 3393 893 tres

1824 909 1879 963 in
1910 926 2070 976 anno,
2106 914 2263 966 tertia
2299 914 2406 977 die,
2430 926 2485 967 et
2511 930 2669 980 nona,
2706 926 2760 970 et
2789 919 3093 987 trigesima;
3131 924 3254 991 quia
3277 940 3395 980 sur-

1828 1000 1967 1053 rexit
2011 999 2269 1055 Dominus
2328 1004 2485 1056 tertia
2530 1005 2636 1067 die,
2671 1014 2725 1059 et
2770 1023 2909 1061 nona
2958 1009 3090 1063 hora
3144 1013 3393 1080 spiritum

1824 1090 2025 1154 emisit,
2053 1099 2107 1144 et
2153 1092 2370 1161 triginta
2415 1092 2607 1148 diebus
2652 1094 2888 1165 Moysem
2933 1097 3254 1165 planxerunt
3296 1102 3391 1157 ﬁlii

1824 1177 2009 1232 Israel.
2044 1176 2101 1233 In
2138 1179 2300 1233 missa
2342 1195 2555 1249 quoque
2597 1184 2981 1238 monachorum
3013 1201 3108 1254 per
3157 1188 3394 1258 singulas

1824 1272 2149 1340 septimanas
2189 1273 2404 1326 nomina
2446 1274 2671 1328 recitare
2709 1290 2824 1329 mos
2850 1286 2951 1330 est.
3000 1277 3105 1333 Pro
3142 1279 3394 1335 defuncto

1825 1363 2088 1416 monacho
2116 1363 2280 1417 missa
2311 1374 2501 1434 agatur
2542 1365 2626 1419 die
2656 1367 2943 1435 sepulturae
2969 1370 3105 1438 ejus,
3152 1379 3205 1425 et
3233 1372 3393 1427 tertia

1825 1452 1958 1508 die:
2003 1461 2209 1520 postea,
2261 1464 2518 1523 quantum
2568 1457 2800 1511 voluerit
2841 1460 3007 1515 abbas
3051 1478 3063 1513 :
3101 1477 3198 1531 pro
3254 1463 3393 1519 laico

1823 1542 1963 1597 bono
1990 1544 2148 1597 tertia
2170 1546 2254 1598 die
2275 1546 2355 1600 vel
2374 1548 2627 1616 scptima;
2654 1547 2759 1619 [ΑΙ.
2786 1549 2934 1613 add.,
2961 1562 3080 1621 post
3097 1553 3389 1623 jejunium:

1824 1644 1920 1700 pro
1942 1633 2231 1700 poenitente
2252 1634 2520 1704 trigesima
2537 1636 2646 1707 die]
2673 1645 2726 1690 et
2746 1640 3070 1709 propinquos
3096 1641 3211 1710 ejus
3234 1659 3391 1713 opor-

1828 1730 1901 1775 tet
1918 1721 2164 1792 jejunare
2190 1735 2395 1793 septem
2440 1726 2650 1791 diebus,
2676 1738 2731 1781 et
2757 1730 3079 1786 oblationem
3107 1732 3301 1789 oil'erre
3327 1737 3395 1791 ad

159 1796 375 1895 iterum,
402 1798 527 1895 quia
558 1796 765 1895 ﬁlii-qui
804 1808 929 1853 ante
952 1800 1301 1868 baptismum,
1334 1802 1413 1857 sic
1460 1811 1514 1857 et
1547 1812 1725 1895 poste-
1756 1785 1801 1844 Β
1827 1785 2015 1877 altare,
2046 1815 2185 1869 sicut
2220 1785 2273 1869 in
2298 1813 2423 1870 Jesu
2452 1815 2546 1870 ﬁlii
2572 1785 2764 1877 Sirach
2794 1820 2990 1891 legitur
3026 1785 3396 1895 iet—pro‘Sair—t

158 1888 361 1942 riorum
403 1887 555 1942 ﬁunt.
609 1888 665 1943 Si
711 1904 839 1944 vero
887 1906 993 1945 non
1029 1900 1249 1961 putatur
1270 1909 1389 1949 esse
1428 1910 1584 1959 uxor,
1615 1894 1721 1967 [ΑΙ.

159 1981 279 2033 add.
305 1978 481 2052 ergo],
514 1996 612 2036 nec
638 1981 731 2036 ﬁlii
753 1990 877 2037 ante
898 1985 1138 2054 generati
1163 2001 1261 2055 pro
1290 1986 1415 2041 ﬁliis
1437 1988 1723 2053 habentur,

160 2085 253 2126 nec
283 2072 426 2127 inter
447 2088 504 2127 se
528 2071 722 2129 fratres
747 2090 959 2140 vocare,
989 2076 1073 2131 vel
1098 2078 1425 2135 hzereditatis
1451 2085 1727 2137 consortes

160 2160 269 2215 ﬁeri
298 2169 546 2231 possunt.
583 2161 640 2215 Si
682 2162 803 2231 quis
831 2163 1043 2234 gentilis
1069 2164 1464 2236 eleemosynam
1516 2166 1723 2235 fecerit,

161 2250 261 2322 [AL
285 2250 415 2303 add.
440 2258 494 2303 et
515 2250 892 2306 abstinentiam
918 2252 1163 2317 haberet,
1185 2252 1316 2325 etc.]
1345 2262 1401 2309 et
1427 2255 1530 2308 alia
1564 2256 1725 2321 bona,

162 2353 273 2409 quae
301 2353 625 2395 enumerare
653 2354 760 2394 non
798 2355 1105 2410 possumus,
1150 2344 1387 2412 nunquid
1416 2359 1478 2399 ea
1525 2344 1579 2398 in
1627 2346 1726 2400 ba-

159 2430 352 2499 ptismo
404 2430 669 2499 perdidit?
695 2429 810 2485 Non
863 2432 1062 2487 bonum
1113 2432 1329 2502 aliquod
1381 2435 1577 2504 perdit,
1632 2435 1727 2491 sed

162 2517 351 2572 malum
380 2517 569 2571 abluit.
614 2517 727 2573 Hoc
769 2519 797 2560 ιι
832 2518 1171 2577 Innocentius
1216 2537 1351 2591 papa
1380 2523 1448 2579 de
1478 2525 1729 2579 catechu-

165 2620 313 2659 meno
358 2616 505 2675 gesta
534 2621 631 2676 pro
659 2607 901 2677 exemplo
946 2622 1153 2678 ponens
1197 2609 1498 2666 afﬁrmavit.
1528 2622 1552 2652 ε
1594 2612 1730 2667 Gre-

166 2698 340 2768 gorius
367 2697 736 2754 Nazianzenus
764 2700 892 2755 dicit
916 2701 1210 2756 secundum
1237 2702 1563 2772 baptismum
1608 2720 1729 2761 esse

169 2792 537 2864 lacrymarum.
575 2793 787 2849 Nullum
831 2795 1125 2866 perfectum
1148 2798 1419 2854 credimus
1452 2800 1507 2854 in
1554 2800 1729 2870 bapti-

178 2903 310 2943 sino.
366 2888 832 2945 Conﬁrmationem
895 2890 1131 2961 episcopi
1194 2906 1301 2947 non
1354 2892 1723 2962 disputamus;

170 2977 195 3016 ἀ
217 2974 463 3032 tamenin
490 2978 699 3033 Niczena
731 2980 932 3050 synodo
962 2979 1063 3034 fuit.
1089 2980 1321 3035 chrisma
1351 2983 1725 3038 constitutum.

170 3078 193 3107 ε
215 3067 425 3123 Pannos
453 3068 771 3124 chrismatos
801 3069 995 3124 iterum
1014 3085 1173 3140 super
1206 3070 1368 3125 alium
1396 3072 1725 3141 baptizatum

1825 1903 1924 1973 ﬁlii
1964 1903 2135 1959 Israel
2177 1907 2567 1977 jejunacerunt,
2597 1918 2801 1979 postea,
2855 1914 3087 1981 quandiu
3129 1915 3398 1971 voluerint

1824 1999 2142 2069 presbyteri.
2176 2000 2202 2038 ιι
2232 1999 2380 2053 Multi
2411 2001 2598 2056 dicunt
2630 2018 2737 2056 non
2767 2003 2929 2059 licere
2975 2020 3073 2075 pro
3103 2004 3399 2063 infantibus

1824 2089 2022 2151 missas
2045 2088 2221 2145 facere
2246 2098 2371 2144 ante
2399 2101 2601 2160 septem
2630 2108 2817 2148 annos.
2858 2093 2961 2149 Sed
2988 2095 3113 2150 licet
3146 2094 3161 2133 ι
3202 2095 3399 2167 Diony-

1825 2180 1938 2235 sius
1964 2178 2285 2250 Areopagita
2323 2181 2465 2235 dicat
2492 2180 2877 2249 blasphemiam
2928 2184 3038 2238 Deo
3080 2183 3277 2249 facere,
3306 2184 3397 2254 qui

1824 2268 2017 2323 missas
2035 2268 2193 2323 oﬁ‘ert
2220 2284 2318 2339 pro
2344 2269 2485 2323 malo
2515 2272 2729 2325 homine
2756 2291 2767 2324 :
2802 2285 2840 2310 ιιι
2860 2272 3189 2342 Augustinus
3219 2284 3398 2330 tamen

1826 2358 1957 2413 dicit
1985 2375 2081 2429 pro
2109 2361 2357 2416 omnibus
2394 2360 2717 2417 Christianis
2764 2363 2865 2417 hoc
2908 2378 3026 2418 esse
3068 2363 3393 2429 faciendum,

1827 2452 1951 2520 quia
1978 2452 2080 2505 hoc
2100 2451 2183 2505 vel
2209 2451 2288 2506 eis
2332 2450 2541 2520 proﬁcit
2586 2459 2678 2505 aut
2700 2451 3063 2517 ollerentibus,
3094 2462 3186 2507 aut
3213 2464 3399 2523 peten-

1830 2542 1988 2597 tibus.
2024 2542 2088 2596 Et
2115 2557 2220 2596 non
2248 2551 2332 2597 est
2359 2542 2563 2597 licitum
2605 2542 2797 2597 missas
2825 2543 3099 2598 celebrare
3122 2545 3399 2615 presbyte-

1829 2646 1906 2693 ro,
1938 2630 2021 2685 vel
2047 2631 2292 2694 diacono,
2329 2632 2415 2687 cui
2441 2647 2547 2687 non
2568 2630 2715 2697 licet,
2754 2631 2834 2686 vel
2857 2633 2948 2703 qui
2978 2647 3085 2688 non
3105 2633 3219 2688 vult
3253 2648 3398 2689 coru-

1830 2722 2138 2776 munionem
2166 2722 2430 2791 accipere.

2434 2853 2659 2911 CAPUT
2703 2853 2787 2910 Vl.

1977 2962 2053 3019 De
2074 2962 2375 3032 abbatibus,
2406 2975 2454 3020 et
2478 2967 2765 3032 monachis,
2796 2965 2875 3021 vel
2902 2963 3244 3022 monasteriis.

1901 3083 1927 3111 ³³
1940 3073 2121 3130 Abbas
2133 3084 2307 3146 potest
2328 3092 2425 3146 pro
2449 3076 2749 3130 humilitate
2774 3092 2895 3131 cum
2914 3078 3267 3147 permissione
3292 3079 3403 3150 epl-

163 3160 358 3230 imponi
387 3175 490 3214 non
516 3169 593 3215 est
622 3160 931 3215 absurdum.
969 3160 988 3199 ί
1020 3160 1077 3216 1η
1119 3161 1518 3218 catechumenzn
1552 3173 1607 3219 et
1636 3164 1730 3219 ba-
1756 3160 1801 3185 υ
1833 3164 1981 3234 scapi
2044 3164 2219 3221 locum
2284 3182 2439 3223 suum
2502 3167 2905 3237 derelinquere;
2974 3177 3153 3224 tamen
3204 3169 3404 3227 fratres

159 3248 409 3318 ptismate
447 3258 499 3303 et
523 3249 924 3305 conﬁrmatione
953 3266 1090 3305 unus
1116 3259 1294 3321 potest
1319 3267 1439 3309 esse
1482 3262 1658 3322 pater,
1687 3253 1733 3308 si

159 3350 375 3396 necesse
401 3341 472 3395 sit
502 3358 514 3392 :
548 3357 653 3395 non
677 3348 759 3396 est
788 3350 965 3396 tamen
1004 3344 1353 3397 consuetudo.
1394 3342 1495 3397 Per
1525 3343 1733 3414 singula

161 3429 355 3502 singuli
397 3430 715 3500 suscipiunt.
752 3432 775 3471 ε
810 3430 924 3485 Non
953 3431 1077 3487 licet
1124 3433 1287 3487 alium
1317 3435 1609 3504 suscipere,
1640 3436 1732 3505 qui

159 3534 257 3575 nou
282 3528 371 3575 es'
403 3519 727 3589 baptizatus.
756 3520 885 3576 Viro
906 3532 1088 3576 autem
1111 3522 1239 3577 licet
1262 3521 1514 3576 feminam
1557 3525 1731 3580 susci-

158 3630 275 3684 pere
306 3616 368 3670 in
413 3618 699 3686 baptismo,
748 3617 995 3672 similiter
1019 3625 1074 3671 et
1103 3616 1317 3672 femina:
1338 3617 1512 3672 virum
1562 3619 1733 3673 susci-

153 3720 292 3775 pere.
325 3707 358 3746 ιι
395 3704 510 3761 Non
535 3707 659 3761 licet
687 3706 971 3776 haptizatis
998 3721 1120 3761 cum
1153 3706 1552 3762 catechumenis
1572 3723 1728 3763 man-

154 3794 357 3852 ducare
398 3795 508 3869 [ΑΙ.
548 3798 700 3864 add.,
744 3813 916 3869 neque
943 3797 1185 3854 osculum
1209 3799 1289 3853 eis
1316 3794 1489 3870 dare],
1530 3809 1731 3869 quanto

154 3888 328 3959 magis
352 3888 661 3959 gentilibus.
1066 3938 1073 3948 .

777 3976 1003 4034 CAPUT
1038 3976 1105 4034 V.

391 4064 468 4121 De
490 4067 645 4121 missa
673 4066 1035 4137 defunctorum
1072 4076 1120 4123 et
1148 4076 1492 4124 mortuorum.

218 4161 232 4200 ί
270 4157 593 4215 Secundum
636 4158 929 4215 Romanam
958 4158 1249 4215 Ecclesiam
1292 4176 1407 4215 mos
1432 4169 1515 4216 est
1545 4176 1729 4217 mona-

145 4249 271 4306 chos
292 4250 389 4305 vel
415 4250 695 4321 religiosos
721 4249 998 4304 defunctos
1023 4250 1076 4303 in
1101 4249 1382 4305 ecclesiam
1412 4260 1650 4320 portare,
1673 4261 1727 4307 et

147 4358 263 4398 cum
287 4343 592 4400 chrismate
616 4357 813 4412 ungere
838 4350 1075 4413 pectora,
1102 4341 1281 4411 ibique
1308 4356 1405 4411 pro
1430 4340 1509 4397 eis
1531 4344 1727 4399 missas

1832 3254 2031 3325 eligant
2059 3256 2161 3310 sibi
2188 3256 2435 3310 abbatem
2466 3257 2532 3310 de
2558 3256 2707 3323 ipsis,
2739 3258 2782 3311 si
2822 3256 3056 3322 habent;
3090 3259 3171 3311 sin
3201 3267 3400 3323 autem,

1833 3346 1898 3399 de
1923 3347 2214 3400 extraneis.
2250 3354 2274 3381 ο
2303 3346 2413 3401 Nec
2436 3346 2719 3415 episcopus
2741 3347 2896 3401 debet
2924 3348 3180 3401 violenter
3206 3350 3404 3403 retine-

1832 3448 1891 3488 re
1915 3435 2163 3489 abbatem
2196 3436 2250 3489 in
2278 3431 2394 3490 loco
2433 3450 2550 3489 suo.
2588 3434 2943 3506 Congregatio
2981 3437 3136 3491 debet
3165 3437 3265 3491 sibi
3306 3438 3403 3493 eli-

1830 3540 1954 3596 gere
1978 3527 2225 3580 abbatem
2266 3535 2387 3595 post
2410 3524 2524 3593 ejus
2551 3535 2799 3590 mortem,
2842 3534 2937 3579 aut
2987 3542 3051 3581 eo
3084 3527 3315 3593 vivente,
3356 3529 3402 3582 si

1835 3616 2147 3670 discesserit
2177 3615 2256 3669 vel
2302 3614 2623 3684 peccaverit.
2672 3614 2787 3683 Ipse
2816 3630 2921 3669 non
2949 3624 3128 3683 potest
3171 3615 3403 3684 aliquem

1833 3706 2088 3762 ordinare
2110 3706 2175 3759 de
2203 3706 2315 3759 suis
2344 3704 2673 3774 propinquis,
2702 3719 2872 3772 neque
2893 3703 3102 3769 alienis,
3122 3720 3219 3759 nec
3239 3705 3401 3760 alium

1828 3798 2075 3853 abbatem
2098 3798 2225 3851 dare
2254 3798 2369 3850 sine
2393 3796 2666 3850 voluntate
2696 3795 2944 3848 fratrum.
2979 3806 3004 3845 Ρ
3038 3796 3095 3849 Si
3124 3810 3252 3849 vero
3277 3811 3403 3865 pec-

1827 3888 2027 3943 caverit
2054 3887 2237 3949 abbas,
2275 3886 2525 3957 episcopo
2570 3902 2674 3939 non
2706 3885 2831 3940 licet
2882 3885 3068 3940 tollere
3114 3888 3407 3957 possessio-

1829 3992 1949 4032 nem
1999 3977 2333 4040 monasterii,
2390 3977 2636 4046 quamvis
2692 3976 2998 4045 peccaverit
3043 3978 3211 4033 abbas
3249 3995 3262 4031 ς
3310 3977 3404 4033 sed

1828 4068 2005 4122 mittat
2029 4083 2149 4122 eum
2179 4068 2230 4121 in
2275 4067 2418 4121 aliud
2457 4067 2842 4121 monasterium
2889 4068 2944 4120 in
2970 4076 3235 4137 potestate
3277 4067 3411 4123 alte-

1827 4162 1940 4215 rius
1974 4161 2203 4215 abbatis.
2234 4160 2349 4214 Non
2387 4160 2513 4214 licet
2555 4160 2756 4224 abbati,
2788 4175 2966 4229 neque
3004 4162 3255 4230 episcopo
3297 4170 3406 4215 ter-

1827 4270 1941 4310 ram
1990 4254 2233 4309 ecclesiae
2258 4262 2574 4309 convertere
2617 4255 2683 4308 ad
2728 4254 2912 4318 aliam,
2962 4253 3208 4323 quamvis
3236 4251 3407 4306 amba!

1827 4346 1880 4400 in
1906 4354 2169 4415 potestate
2200 4346 2317 4415 ejus
2342 4346 2470 4400 sint.
2498 4356 2525 4395 ιι
2550 4345 2607 4399 Si
2636 4354 2845 4399 mutare
2868 4344 2984 4398 vult
3007 4354 3204 4397 terram
3236 4341 3409 4397 eccle-

145 4436 459 4499 celebrare;
504 4435 694 4490 deinde
719 4451 841 4491 cum
882 4436 1185 4492 cantatiotte
1215 4444 1431 4506 portare
1458 4439 1523 4491 ad
1551 4435 1726 4506 sepul-
1758 4465 1806 4526 ο
1830 4441 1944 4507 size,
1977 4441 2137 4496 faciat
2157 4456 2279 4495 cum
2315 4440 2540 4495 consilio
2560 4440 2812 4511 episcopi,
2845 4448 2899 4493 et
2938 4438 3165 4492 fratrum
3186 4448 3405 4491 suorum

212 4637 239 4664 ι
272 4622 493 4678 Theod.
521 4622 681 4690 capit.
710 4620 798 4683 20,
830 4628 870 4673 t.
896 4618 966 4673 IX
1004 4617 1257 4690 Sptcileg.

212 4694 239 4733 δ
266 4694 557 4748 Innocent.
583 4686 727 4799 sapa
760 4692 777 4743 l
822 4692 874 4744 in
912 4686 1068 4759 epist.
1093 4688 1147 4752 9.,
1191 4686 1309 4755 cap.
1348 4686 1414 4751 6;
1468 4688 1625 4757 epist.
1670 4688 1723 4752 ι,

212 4780 238 4799 η
283 4764 351 4799 9-
391 4762 533 4799 nnict
620 4760 653 4799 9.
702 4775 801 4799 non
842 4759 906 4799 9.-
937 4774 1017 4799 pn,
1060 4758 1130 4799 9,3
1182 4774 1299 4799 ρειη,
1333 4757 1385 4799 Β-

142 4764 353 4842 cap};
391 4762 553 4842 epist.
583 4757 677 4842 9.8,
702 4757 1023 4842 cap.‘2;_e\p.
1060 4758 1152 4823 ‘25,
1182 4774 1301 4824 cap.
1333 4757 1387 4811 6.

204 4828 231 4872 ὶ
265 4828 444 4902 Greg.
482 4829 610 4884 Naz.
639 4829 689 4884 in
725 4828 863 4884 orat.
902 4828 990 4883 '59.

204 4903 232 4942 ά
265 4902 486 4957 Themi.
519 4916 635 4969 cap.
668 4899 720 4952 4.
826 4967 838 4969 _
870 4966 878 4969 Α

216 4984 239 5013 ε
267 4970 479 5026 Burch.
510 4970 544 5022 l.
571 4964 642 5031 t'v,
668 4982 785 5036 cap.
817 4966 905 5031 ιιι,
929 4984 994 5023 ex
1021 4965 1214 5023 conci].
1245 4964 1481 5036 Beluae"
1514 4980 1562 5019 c.
1591 4964 1645 5020 8.

212 5042 233 5081 ί
266 5038 482 5096 Burch.
516 5039 675 5117 l.__|v,
720 5034 768 5092 (Ξ.
917 5054 981 5117 es
1022 5034 1509 5117 concibﬁlogunt“
1558 5051 1607 5089 c.
1645 5036 1724 5117 Ἐξ)

139 5110 227 5187 lvo
257 5128 314 5181 p.
350 5126 393 5173 t,
422 5125 472 5163 c.
514 5108 652 5187 2l8,_
681 5107 1014 5187 ex_deCrctis
1040 5105 1230 5187 [ivgini
1263 5119 1435 5172 papm,
1462 5120 1582 5173 cap.
1638 5105 1724 5171 lO,

136 5183 203 5235 de
230 5177 574 5241 consecrat.,
603 5178 724 5231 dist.
752 5177 801 5239 4,
836 5177 889 5229 in
921 5177 1249 5229 catecﬁismo.

213 5255 239 5292 ⁸
270 5249 484 5305 Burch.
531 5246 566 5301 l.
600 5263 674 5309 ιν,
721 5263 770 5300 c.
802 5245 893 5309 9.6,
937 5261 1001 5299 ex
1052 5260 1199 5299 conc.
1256 5240 1514 5303 lincunt"
1565 5258 1611 5296 e.
1656 5244 1727 5307 2;

213 5336 232 5373 ι
258 5337 317 5374 n.
348 5335 419 5374 t-
448 5334 497 5372 c.
540 5316 664 5374 220.
707 5317 772 5371 de
809 5314 1145 5374 Consecrat.,
1175 5313 1299 5366 dist.
1327 5283 1381 5374 ἶ,
1433 5328 1481 5365 c.
1535 5312 1590 5365 in
1640 5314 1731 5366 ba-

140 5320 232 5403 Ινς)
258 5337 317 5391 p.
348 5335 419 5384 r,
448 5334 497 5372 c.
540 5316 664 5381 220,
707 5317 772 5371 de
809 5316 1145 5379 Consecrat.,
1175 5316 1299 5366 dist.
1327 5316 1381 5374 4,
1433 5328 1481 5365 c.
1535 5316 1590 5365 in
1640 5316 1707 5366 bat

135 5401 493 5507 ρτῗὝιίροᾶ.
525 5472 641 5507 can.
676 5454 762 5507 86.
795 5464 831 5507 t.
871 5450 939 5506 ιχ
977 5448 1264 5507 Ξοίοἱιοα.;
1297 5448 1357 5506 C.
1388 5447 1459 5505 Μ.
1500 5448 1707 5507 εαοιιυι

136 5456 145 5459 ⁷
208 5462 237 5500 ι
272 5456 493 5513 Theod.
525 5472 641 5526 cap.
676 5456 762 5517 86,
795 5464 831 5508 t.
871 5456 939 5506 1x
977 5456 1264 5576 Sgicitegq
1297 5456 1357 5506 (λ.
1388 5456 1459 5505 Μ.
1500 5456 1728 5523 Capitol.

136 5527 172 5584 ¹·
208 5526 733 5622 Ῡ¹ιρῗιὲἓδὲίὶτ⁰ιῖἷς
769 5524 802 5622 ¹;
834 5522 1187 5622 ’Υιτθέηιῗςιηη

216 5603 234 5641 ι
276 5591 494 5652 Theod.
522 5611 637 5661 cap.
664 5594 753 5658 90,
780 5604 820 5648 t.
859 5592 925 5647 IX
956 5591 1202 5716 Sgiicilcg.

211 5670 228 5744 ρ
267 5665 427 5744 _(_3_ap.
453 5666 524 5744 με)
550 5662 966 5744 Τὴερρη-ῑι-ξΧΑ
1013 5659 1233 5744 .picileg.

212 5739 240 5779 ι
266 5730 488 5793 Τιιόθὰ.
514 5750 629 5805 cap.
665 5732 749 5801 69,
781 5742 817 5787 t.
840 5731 909 5785 lx
935 5730 1187 5803 Spicileg.

1912 4617 1926 4657 ι
1962 4618 2242 4673 llierarch.
2275 4617 2482 4672 Eceles.
2510 4632 2570 4672 ca
2617 4656 2629 4670 .
2658 4616 2717 4682 7;
2746 4617 2949 4673 Theod.
2982 4631 3042 4671 ca
3087 4657 3099 4669 .
3131 4614 3219 4678 56,
3250 4623 3288 4668 t.
3335 4612 3403 4668 IX

1914 4689 2120 4740 icile2.:
2156 4704 2297 4740 resn.
2324 4687 2539 4740 5Grea.
2576 4632 2661 4740 in.
2703 4704 2788 4740 en.
2846 4687 2895 4740 l.
2929 4685 2993 4739 ad
3038 4630 3401 4740 genifacium:

1835 4687 2121 4765 Spicilegg
2156 4704 2297 4758 resp.
2324 4687 2539 4765 ἦρι-εἶα.
2578 4684 2661 4750 Ill,
2703 4704 2788 4757 ep.
2846 4685 2993 4765 ἰλίιά
3038 4684 3401 4765 Bonifacium;

1831 4754 2100 4813 Burchfl.
2144 4774 2224 4819 ιιι,
2249 4754 2314 4813 'c.
2343 4758 2442 4821 65;
2471 4757 2561 4812 lvo
2602 4773 2656 4826 p.
2691 4754 2771 4820 ui,
2801 4773 2850 4812 c.
2883 4756 2967 4819 6'7,
3001 4772 3065 4811 ex
3095 4755 3255 4810 dictis
3284 4754 3409 4808 Dio-

1833 4830 1971 4896 nysii
2002 4829 2353 4896 Areopagitae.

1874 4886 1943 4938 ἰιι
1973 4898 2029 4952 s.
2062 4886 2502 4966 Αιιξτξιςιιριιίτιίι.
2532 4911 2649 4966 cap.
2692 4897 2778 4959 to,
2820 4905 2872 4950 et
2902 4895 2998 4966 lib.
3041 4896 3107 4949 de
3147 4909 3273 4948 cura
3307 4904 3407 4966 pro

1829 4968 2059 5043 mortuis
2106 4961 2359 5043 gerenda,
2391 4982 2510 5043 cap.
2642 4966 2946 5043 Amalarius
2978 4965 3069 5018 lib.
3103 4977 3179 5028 tv,
3224 4961 3403 5043 9.42;

1827 5036 1893 5157 {le
1956 5031 2359 5159 consccrjgione
2415 5031 2538 5091 dist.
2586 5036 2646 5099 l,
2686 5037 2872 5099 risum,
2930 5049 2998 5089 ex
3046 5049 3199 5089 conc.
3251 5031 3411 5087 Cabi-

1848 5123 1937 5159 on.
1978 5123 2037 5159 ιι.
2083 5122 2129 5159 c.
2161 5124 2191 5159 ο
2238 5144 2250 5157 .

1848 5123 1937 5159 011.
1978 5123 2037 5167 ll,
2083 5122 2129 5160 C.
2161 5122 2250 5160 ου.

1907 5185 1933 5211 ιι
1966 5175 2159 5228 Burch.
2192 5176 2228 5227 l.
2254 5189 2377 5238 vm,
2400 5188 2450 5228 c.
2484 5172 2570 5233 86,
2594 5188 2659 5227 ex
2694 5188 2845 5229 conc.
2879 5173 3142 5241 Monum,
3170 5184 3289 5241 cap.
3316 5169 3405 5224 18.

1914 5250 1934 5277 τ
1966 5244 2167 5298 Themi.
2207 5259 2324 5314 cap.
2357 5244 2445 5309 46,
2486 5253 2525 5297 t.
2573 5240 2643 5297 IX
2672 5242 2921 5309 Suicileg.
2953 5244 3018 5298 ν.
3067 5240 3261 5297 Ρωιιὶί.
3287 5253 3410 5294 cum

1836 5329 1954 5382 cap.
1986 5314 2258 5367 collatum.

1838 5450 1881 5453 μ
1909 5392 1936 5432 p
1969 5383 2032 5436 ν.
2064 5383 2222 5451 epist.
2274 5380 2572 5453 Agathonis
2600 5397 2690 5453 pp.
2734 5386 2801 5436 ad
2828 5380 3173 5453 Ethelredum
3227 5392 3409 5453 regem

1837 5446 2158 5521 Merciorum
2203 5460 2259 5505 et
2303 5446 2651 5506 Theodorum
2696 5453 2847 5505 arch.
2876 5451 3027 5521 iCap.
3068 5450 3269 5506 Theod.
3291 5446 3405 5521 '17,

1836 5530 1875 5575 t.
1908 5521 1979 5577 IX
2009 5516 2271 5591 Spicileg;
2299 5521 2496 5575 Burch.
2536 5521 2571 5574 I.
2603 5537 2725 5587 vui,
2771 5536 2821 5584 c,
2866 5516 3053 5585 87,‘ex
3100 5535 3250 5576 conc.
3297 5516 3411 5572 Mo-

1832 5591 2318 5739 ﬁu‘llnﬁlgﬁili-oéﬂp:
2345 5656 2433 5739 43¢
2462 5658 2527 5739 ,Υ-
2561 5657 2752 5739 Ptnn‘it.
2784 5673 2904 5714 cum
2931 5673 3084 5739 capp.
3114 5656 3319 5713 Theod.
3351 5669 3408 5711 ll

1835 5728 2023 5800 Spieil.
2052 5730 2138 5784 ed.
2166 5726 2437 5785 collatum.
2462 5726 2660 5797 Burch.
2682 5727 2719 5783 l.
2744 5744 2824 5793 ιιι,
2854 5743 2903 5784 c.
2932 5726 3047 5783 28.
3310 5764 3317 5770 ο
