  <div class='ocr_page' id='page_1' title='image "/cluster/home/n/w/nwhite01/storage/ocr_20150623/99/hvd.32044015466790/503.png"; bbox 0 0 4012 6364; ppageno 0'>
   <div class='ocr_carea' id='block_1_1' title="bbox 649 308 3860 394">
    <p class='ocr_par' dir='ltr' id='par_1_1' title="bbox 649 308 3860 394">
     <span class='ocr_line' id='line_1_1' title="bbox 649 308 3860 394; baseline -0.013 1"><span class='ocrx_word' id='word_1_1' title='bbox 649 329 755 394; x_wconf 71' lang='lat'><strong>933</strong></span> <span class='ocrx_word' id='word_1_2' title='bbox 1636 317 1980 378; x_wconf 76' lang='lat' dir='ltr'><strong>THEODORI</strong></span> <span class='ocrx_word' id='word_1_3' title='bbox 2018 314 2332 372; x_wconf 78' lang='lat' dir='ltr'><strong>ARCHIEP.</strong></span> <span class='ocrx_word' id='word_1_4' title='bbox 2369 311 2918 370; x_wconf 68' lang='lat' dir='ltr'><strong>CANTIIARIENSIS</strong></span> <span class='ocrx_word' id='word_1_5' title='bbox 3771 308 3860 363; x_wconf 63' lang='grc' dir='ltr'><strong>οἶδ</strong></span> 
     </span>
    </p>
   </div>
   <div class='ocr_carea' id='block_1_2' title="bbox 649 417 3864 509">
    <p class='ocr_par' dir='ltr' id='par_1_2' title="bbox 649 417 3864 509">
     <span class='ocr_line' id='line_1_2' title="bbox 649 417 3864 509; baseline -0.01 0"><span class='ocrx_word' id='word_1_6' title='bbox 649 448 892 509; x_wconf 75' lang='lat' dir='ltr'><strong>rentibus</strong></span> <span class='ocrx_word' id='word_1_7' title='bbox 917 446 1049 501; x_wconf 87' lang='lat' dir='ltr'><strong>dare</strong></span> <span class='ocrx_word' id='word_1_8' title='bbox 1074 443 1164 500; x_wconf 83' lang='lat' dir='ltr'><strong>alii</strong></span> <span class='ocrx_word' id='word_1_9' title='bbox 1193 443 1329 506; x_wconf 73' lang='lat' dir='ltr'><strong>viro,</strong></span> <span class='ocrx_word' id='word_1_10' title='bbox 1355 441 1458 496; x_wconf 86' lang='lat' dir='ltr'><strong>nisi</strong></span> <span class='ocrx_word' id='word_1_11' title='bbox 1483 439 1571 493; x_wconf 89' lang='lat' dir='ltr'><strong>illa</strong></span> <span class='ocrx_word' id='word_1_12' title='bbox 1601 437 1822 493; x_wconf 89' lang='lat' dir='ltr'><strong>omnino</strong></span> <span class='ocrx_word' id='word_1_13' title='bbox 1850 426 2100 495; x_wconf 81' lang='lat' dir='ltr'><strong>resistat;</strong></span> <span class='ocrx_word' id='word_1_14' title='bbox 2134 439 2217 484; x_wconf 80' lang='lat' dir='ltr'><strong>ta-</strong></span> <span class='ocrx_word' id='word_1_15' title='bbox 2247 432 2290 486; x_wconf 79' lang='grc' dir='ltr'><strong>Α</strong></span> <span class='ocrx_word' id='word_1_16' title='bbox 2321 428 2467 501; x_wconf 85' lang='lat' dir='ltr'><strong>pulo]</strong></span> <span class='ocrx_word' id='word_1_17' title='bbox 2493 446 2507 494; x_wconf 87' lang='lat'><strong>;</strong></span> <span class='ocrx_word' id='word_1_18' title='bbox 2549 435 2809 498; x_wconf 77' lang='lat' dir='ltr'><strong>praeterea</strong></span> <span class='ocrx_word' id='word_1_19' title='bbox 2835 420 3186 492; x_wconf 76' lang='lat' dir='ltr'><strong>quadraginta</strong></span> <span class='ocrx_word' id='word_1_20' title='bbox 3216 427 3342 474; x_wconf 88' lang='lat' dir='ltr'><strong>ante</strong></span> <span class='ocrx_word' id='word_1_21' title='bbox 3365 417 3550 474; x_wconf 80' lang='lat' dir='ltr'><strong>Natale</strong></span> <span class='ocrx_word' id='word_1_22' title='bbox 3578 419 3800 484; x_wconf 85' lang='lat' dir='ltr'><strong>Domini,</strong></span> <span class='ocrx_word' id='word_1_23' title='bbox 3819 432 3864 476; x_wconf 80' lang='lat' dir='ltr'><strong>et</strong></span> 
     </span>
    </p>
   </div>
   <div class='ocr_carea' id='block_1_3' title="bbox 651 509 3862 594">
    <p class='ocr_par' dir='ltr' id='par_1_3' title="bbox 651 509 3862 594">
     <span class='ocr_line' id='line_1_3' title="bbox 651 509 3862 594; baseline -0.008 -1"><span class='ocrx_word' id='word_1_24' title='bbox 651 552 776 594; x_wconf 88' lang='lat' dir='ltr'><strong>men</strong></span> <span class='ocrx_word' id='word_1_25' title='bbox 805 536 872 590; x_wconf 83' lang='lat' dir='ltr'><strong>ad</strong></span> <span class='ocrx_word' id='word_1_26' title='bbox 893 533 1274 590; x_wconf 80' lang='lat' dir='ltr'><strong>monasterium</strong></span> <span class='ocrx_word' id='word_1_27' title='bbox 1302 530 1424 584; x_wconf 87' lang='lat' dir='ltr'><strong>licet</strong></span> <span class='ocrx_word' id='word_1_28' title='bbox 1447 529 1543 591; x_wconf 91' lang='lat' dir='ltr'><strong>ire,</strong></span> <span class='ocrx_word' id='word_1_29' title='bbox 1569 527 1614 580; x_wconf 87' lang='lat' dir='ltr'><strong>si</strong></span> <span class='ocrx_word' id='word_1_30' title='bbox 1642 523 1890 578; x_wconf 86' lang='lat' dir='ltr'><strong>voluerit.</strong></span> <span class='ocrx_word' id='word_1_31' title='bbox 1922 521 2013 575; x_wconf 90' lang='lat' dir='ltr'><strong>Illa</strong></span> <span class='ocrx_word' id='word_1_32' title='bbox 2041 528 2220 573; x_wconf 88' lang='lat' dir='ltr'><strong>autem</strong></span> <span class='ocrx_word' id='word_1_33' title='bbox 2322 528 2443 589; x_wconf 88' lang='lat' dir='ltr'><strong>post</strong></span> <span class='ocrx_word' id='word_1_34' title='bbox 2473 519 2825 573; x_wconf 84' lang='lat' dir='ltr'><strong>Pentecosten</strong></span> <span class='ocrx_word' id='word_1_35' title='bbox 2863 511 3216 584; x_wconf 74' lang='lat' dir='ltr'><strong>quadraginta</strong></span> <span class='ocrx_word' id='word_1_36' title='bbox 3259 510 3375 565; x_wconf 90' lang='lat' dir='ltr'><strong>dics</strong></span> <span class='ocrx_word' id='word_1_37' title='bbox 3421 509 3608 582; x_wconf 66' lang='grc' dir='ltr'><strong>[Λάδη</strong></span> <span class='ocrx_word' id='word_1_38' title='bbox 3655 512 3862 586; x_wconf 80' lang='lat' dir='ltr'><strong>noctes].</strong></span> 
     </span>
    </p>
   </div>
   <div class='ocr_carea' id='block_1_4' title="bbox 2324 598 3863 676">
    <p class='ocr_par' dir='ltr' id='par_1_4' title="bbox 2324 598 3863 676">
     <span class='ocr_line' id='line_1_4' title="bbox 2324 598 3863 676; baseline -0.003 -14"><span class='ocrx_word' id='word_1_39' title='bbox 2324 608 2399 662; x_wconf 88' lang='lat' dir='ltr'><strong>De</strong></span> <span class='ocrx_word' id='word_1_40' title='bbox 2426 607 2782 676; x_wconf 79' lang='lat' dir='ltr'><strong>promissione</strong></span> <span class='ocrx_word' id='word_1_41' title='bbox 2809 618 2906 658; x_wconf 91' lang='lat' dir='ltr'><strong>sua</strong></span> <span class='ocrx_word' id='word_1_42' title='bbox 2923 601 3049 655; x_wconf 82' lang='lat' dir='ltr'><strong>laici</strong></span> <span class='ocrx_word' id='word_1_43' title='bbox 3078 615 3183 654; x_wconf 89' lang='lat' dir='ltr'><strong>non</strong></span> <span class='ocrx_word' id='word_1_44' title='bbox 3219 598 3418 654; x_wconf 90' lang='lat' dir='ltr'><strong>debent</strong></span> <span class='ocrx_word' id='word_1_45' title='bbox 3445 599 3625 654; x_wconf 90' lang='lat' dir='ltr'><strong>facere</strong></span> <span class='ocrx_word' id='word_1_46' title='bbox 3661 615 3863 670; x_wconf 88' lang='lat' dir='ltr'><strong>moram,</strong></span> 
     </span>
    </p>
   </div>
   <div class='ocr_carea' id='block_1_5' title="bbox 2322 687 3865 767">
    <p class='ocr_par' dir='ltr' id='par_1_5' title="bbox 2322 687 3865 767">
     <span class='ocr_line' id='line_1_5' title="bbox 2322 687 3865 767; baseline -0.003 -17"><span class='ocrx_word' id='word_1_47' title='bbox 2322 697 2449 767; x_wconf 84' lang='lat' dir='ltr'><strong>quia</strong></span> <span class='ocrx_word' id='word_1_48' title='bbox 2471 711 2618 750; x_wconf 85' lang='lat' dir='ltr'><strong>mors</strong></span> <span class='ocrx_word' id='word_1_49' title='bbox 2651 709 2756 748; x_wconf 93' lang='lat' dir='ltr'><strong>non</strong></span> <span class='ocrx_word' id='word_1_50' title='bbox 2793 691 2990 746; x_wconf 78' lang='lat' dir='ltr'><strong>tardat.</strong></span> <span class='ocrx_word' id='word_1_51' title='bbox 3025 692 3050 729; x_wconf 78' lang='grc' dir='ltr'>ε</span> <span class='ocrx_word' id='word_1_52' title='bbox 3078 687 3246 744; x_wconf 85' lang='lat' dir='ltr'><strong>Servo</strong></span> <span class='ocrx_word' id='word_1_53' title='bbox 3289 688 3382 742; x_wconf 85' lang='lat' dir='ltr'><strong>Dei</strong></span> <span class='ocrx_word' id='word_1_54' title='bbox 3428 689 3728 743; x_wconf 81' lang='lat' dir='ltr'><strong>nullatenus</strong></span> <span class='ocrx_word' id='word_1_55' title='bbox 3761 689 3865 747; x_wconf 85' lang='lat' dir='ltr'><strong>licet</strong></span> 
     </span>
    </p>
   </div>
   <div class='ocr_carea' id='block_1_6' title="bbox 2323 778 3860 853">
    <p class='ocr_par' dir='ltr' id='par_1_6' title="bbox 2323 778 3860 853">
     <span class='ocr_line' id='line_1_6' title="bbox 2323 778 3860 853; baseline -0.001 -17"><span class='ocrx_word' id='word_1_56' title='bbox 2323 799 2581 853; x_wconf 87' lang='lat' dir='ltr'><strong>pugnare,</strong></span> <span class='ocrx_word' id='word_1_57' title='bbox 2607 781 2894 836; x_wconf 89' lang='lat' dir='ltr'><strong>multorum</strong></span> <span class='ocrx_word' id='word_1_58' title='bbox 2935 779 3059 835; x_wconf 88' lang='lat' dir='ltr'><strong>licet</strong></span> <span class='ocrx_word' id='word_1_59' title='bbox 3095 779 3166 832; x_wconf 90' lang='lat' dir='ltr'><strong>sit</strong></span> <span class='ocrx_word' id='word_1_60' title='bbox 3192 778 3417 832; x_wconf 91' lang='lat' dir='ltr'><strong>consilio</strong></span> <span class='ocrx_word' id='word_1_61' title='bbox 3457 793 3732 833; x_wconf 81' lang='lat' dir='ltr'><strong>servorum</strong></span> <span class='ocrx_word' id='word_1_62' title='bbox 3767 779 3860 835; x_wconf 85' lang='lat' dir='ltr'><strong>Dei.</strong></span> 
     </span>
    </p>
   </div>
   <div class='ocr_carea' id='block_1_7' title="bbox 2323 867 3860 940">
    <p class='ocr_par' dir='ltr' id='par_1_7' title="bbox 2323 867 3860 940">
     <span class='ocr_line' id='line_1_7' title="bbox 2323 867 3860 940; baseline -0.004 -14"><span class='ocrx_word' id='word_1_63' title='bbox 2323 873 2354 912; x_wconf 73' lang='grc' dir='ltr'><strong><em>ιι</em></strong></span> <span class='ocrx_word' id='word_1_64' title='bbox 2384 871 2564 926; x_wconf 89' lang='lat' dir='ltr'><strong>Infans</strong></span> <span class='ocrx_word' id='word_1_65' title='bbox 2580 886 2678 940; x_wconf 88' lang='lat' dir='ltr'><strong>pro</strong></span> <span class='ocrx_word' id='word_1_66' title='bbox 2699 869 2900 924; x_wconf 79' lang='lat' dir='ltr'><strong>infante</strong></span> <span class='ocrx_word' id='word_1_67' title='bbox 2918 875 3094 936; x_wconf 84' lang='lat' dir='ltr'><strong>potest</strong></span> <span class='ocrx_word' id='word_1_68' title='bbox 3117 867 3234 921; x_wconf 89' lang='lat' dir='ltr'><strong>dari</strong></span> <span class='ocrx_word' id='word_1_69' title='bbox 3261 867 3329 922; x_wconf 88' lang='lat' dir='ltr'><strong>ad</strong></span> <span class='ocrx_word' id='word_1_70' title='bbox 3352 867 3733 922; x_wconf 86' lang='lat' dir='ltr'><strong>monasterium</strong></span> <span class='ocrx_word' id='word_1_71' title='bbox 3756 869 3860 936; x_wconf 79' lang='lat' dir='ltr'><strong>Deo,</strong></span> 
     </span>
    </p>
   </div>
   <div class='ocr_carea' id='block_1_8' title="bbox 2325 958 3861 1031">
    <p class='ocr_par' dir='ltr' id='par_1_8' title="bbox 2325 958 3861 1031">
     <span class='ocr_line' id='line_1_8' title="bbox 2325 958 3861 1031; baseline -0.001 -15"><span class='ocrx_word' id='word_1_72' title='bbox 2325 963 2569 1031; x_wconf 80' lang='lat' dir='ltr'><strong>quamvis</strong></span> <span class='ocrx_word' id='word_1_73' title='bbox 2611 961 2774 1015; x_wconf 90' lang='lat' dir='ltr'><strong>alium</strong></span> <span class='ocrx_word' id='word_1_74' title='bbox 2818 961 3086 1014; x_wconf 86' lang='lat' dir='ltr'><strong>vovisset:</strong></span> <span class='ocrx_word' id='word_1_75' title='bbox 3135 966 3314 1013; x_wconf 85' lang='lat' dir='ltr'><strong>tamen</strong></span> <span class='ocrx_word' id='word_1_76' title='bbox 3354 958 3546 1012; x_wconf 89' lang='lat' dir='ltr'><strong>melius</strong></span> <span class='ocrx_word' id='word_1_77' title='bbox 3583 965 3670 1012; x_wconf 89' lang='lat' dir='ltr'><strong>est</strong></span> <span class='ocrx_word' id='word_1_78' title='bbox 3710 968 3861 1014; x_wconf 79' lang='lat' dir='ltr'><strong>votum</strong></span> 
     </span>
    </p>
   </div>
   <div class='ocr_carea' id='block_1_9' title="bbox 654 611 2222 699">
    <p class='ocr_par' dir='ltr' id='par_1_9' title="bbox 654 611 2222 699">
     <span class='ocr_line' id='line_1_9' title="bbox 654 611 2222 699; baseline -0.014 -14"><span class='ocrx_word' id='word_1_79' title='bbox 654 629 977 699; x_wconf 81' lang='lat' dir='ltr'><strong>desponsata</strong></span> <span class='ocrx_word' id='word_1_80' title='bbox 1007 625 1050 678; x_wconf 87' lang='lat' dir='ltr'><strong>si</strong></span> <span class='ocrx_word' id='word_1_81' title='bbox 1087 639 1191 677; x_wconf 92' lang='lat' dir='ltr'><strong>non</strong></span> <span class='ocrx_word' id='word_1_82' title='bbox 1221 621 1336 674; x_wconf 83' lang='lat' dir='ltr'><strong>vult</strong></span> <span class='ocrx_word' id='word_1_83' title='bbox 1367 620 1612 674; x_wconf 84' lang='lat' dir='ltr'><strong>habitare</strong></span> <span class='ocrx_word' id='word_1_84' title='bbox 1641 632 1760 672; x_wconf 90' lang='lat' dir='ltr'><strong>cum</strong></span> <span class='ocrx_word' id='word_1_85' title='bbox 1783 630 1848 669; x_wconf 89' lang='lat' dir='ltr'><strong>eo</strong></span> <span class='ocrx_word' id='word_1_86' title='bbox 1884 614 1999 667; x_wconf 89' lang='lat' dir='ltr'><strong>viro</strong></span> <span class='ocrx_word' id='word_1_87' title='bbox 2024 611 2110 666; x_wconf 89' lang='lat' dir='ltr'><strong>cui</strong></span> <span class='ocrx_word' id='word_1_88' title='bbox 2139 619 2222 664; x_wconf 90' lang='lat' dir='ltr'><strong>est</strong></span> 
     </span>
    </p>
   </div>
   <div class='ocr_carea' id='block_1_10' title="bbox 653 702 2224 790">
    <p class='ocr_par' dir='ltr' id='par_1_10' title="bbox 653 702 2224 790">
     <span class='ocr_line' id='line_1_10' title="bbox 653 702 2224 790; baseline -0.017 -11"><span class='ocrx_word' id='word_1_89' title='bbox 653 723 996 790; x_wconf 79' lang='lat' dir='ltr'><strong>desponsata,</strong></span> <span class='ocrx_word' id='word_1_90' title='bbox 1033 729 1058 758; x_wconf 79' lang='grc' dir='ltr'>ιι</span> <span class='ocrx_word' id='word_1_91' title='bbox 1098 712 1352 770; x_wconf 88' lang='lat' dir='ltr'><strong>reddatur</strong></span> <span class='ocrx_word' id='word_1_92' title='bbox 1395 711 1444 764; x_wconf 88' lang='lat' dir='ltr'><strong>ei</strong></span> <span class='ocrx_word' id='word_1_93' title='bbox 1480 708 1704 778; x_wconf 83' lang='lat' dir='ltr'><strong>pecunia</strong></span> <span class='ocrx_word' id='word_1_94' title='bbox 1747 719 1906 774; x_wconf 90' lang='lat' dir='ltr'><strong>quam</strong></span> <span class='ocrx_word' id='word_1_95' title='bbox 1953 702 2126 765; x_wconf 79' lang='lat' dir='ltr'><strong>dedit,</strong></span> <span class='ocrx_word' id='word_1_96' title='bbox 2169 707 2224 754; x_wconf 91' lang='lat' dir='ltr'><strong>et</strong></span> 
     </span>
    </p>
   </div>
   <div class='ocr_carea' id='block_1_11' title="bbox 654 789 2224 878">
    <p class='ocr_par' dir='ltr' id='par_1_11' title="bbox 654 789 2224 878">
     <span class='ocr_line' id='line_1_11' title="bbox 654 789 2224 878; baseline -0.017 -12"><span class='ocrx_word' id='word_1_97' title='bbox 654 789 816 866; x_wconf 82' lang='lat' dir='ltr'><strong>tertia</strong></span> <span class='ocrx_word' id='word_1_98' title='bbox 854 823 978 878; x_wconf 88' lang='lat' dir='ltr'><strong>pars</strong></span> <span class='ocrx_word' id='word_1_99' title='bbox 998 805 1266 866; x_wconf 86' lang='lat' dir='ltr'><strong>addatur;</strong></span> <span class='ocrx_word' id='word_1_100' title='bbox 1308 800 1388 855; x_wconf 87' lang='lat' dir='ltr'><strong>sin</strong></span> <span class='ocrx_word' id='word_1_101' title='bbox 1420 806 1600 852; x_wconf 82' lang='lat' dir='ltr'><strong>autem</strong></span> <span class='ocrx_word' id='word_1_102' title='bbox 1630 796 1718 850; x_wconf 87' lang='lat' dir='ltr'><strong>illa</strong></span> <span class='ocrx_word' id='word_1_103' title='bbox 1748 791 2008 853; x_wconf 87' lang='lat' dir='ltr'><strong>noluerit,</strong></span> <span class='ocrx_word' id='word_1_104' title='bbox 2035 789 2224 859; x_wconf 88' lang='lat' dir='ltr'><strong>perdat</strong></span> 
     </span>
    </p>
   </div>
   <div class='ocr_carea' id='block_1_12' title="bbox 651 880 2222 970">
    <p class='ocr_par' dir='ltr' id='par_1_12' title="bbox 651 880 2222 970">
     <span class='ocr_line' id='line_1_12' title="bbox 651 880 2222 970; baseline -0.015 -14"><span class='ocrx_word' id='word_1_105' title='bbox 651 899 932 970; x_wconf 84' lang='lat' dir='ltr'><strong>pecuniam</strong></span> <span class='ocrx_word' id='word_1_106' title='bbox 961 909 1118 965; x_wconf 90' lang='lat' dir='ltr'><strong>quam</strong></span> <span class='ocrx_word' id='word_1_107' title='bbox 1137 905 1235 964; x_wconf 88' lang='lat' dir='ltr'><strong>pro</strong></span> <span class='ocrx_word' id='word_1_108' title='bbox 1259 891 1348 945; x_wconf 90' lang='lat' dir='ltr'><strong>illa</strong></span> <span class='ocrx_word' id='word_1_109' title='bbox 1371 890 1534 944; x_wconf 87' lang='lat' dir='ltr'><strong>dedit.</strong></span> <span class='ocrx_word' id='word_1_110' title='bbox 1561 886 1740 940; x_wconf 87' lang='lat' dir='ltr'><strong>Puella</strong></span> <span class='ocrx_word' id='word_1_111' title='bbox 1761 893 1940 938; x_wconf 88' lang='lat' dir='ltr'><strong>autem</strong></span> <span class='ocrx_word' id='word_1_112' title='bbox 1967 880 2222 970; x_wconf 78' lang='lat' dir='ltr'><strong>tredecim</strong></span> 
     </span>
    </p>
   </div>
   <div class='ocr_carea' id='block_1_13' title="bbox 655 969 2225 1050">
    <p class='ocr_par' dir='ltr' id='par_1_13' title="bbox 655 969 2225 1050">
     <span class='ocr_line' id='line_1_13' title="bbox 655 969 2225 1050; baseline -0.013 -8"><span class='ocrx_word' id='word_1_113' title='bbox 655 969 915 1042; x_wconf 77' lang='lat' dir='ltr'><strong>annorum</strong></span> <span class='ocrx_word' id='word_1_114' title='bbox 946 983 1027 1039; x_wconf 86' lang='lat' dir='ltr'><strong>sui</strong></span> <span class='ocrx_word' id='word_1_115' title='bbox 1056 980 1300 1050; x_wconf 88' lang='lat' dir='ltr'><strong>corporis</strong></span> <span class='ocrx_word' id='word_1_116' title='bbox 1324 985 1645 1049; x_wconf 87' lang='lat' dir='ltr'><strong>potestatem</strong></span> <span class='ocrx_word' id='word_1_117' title='bbox 1676 974 1856 1028; x_wconf 91' lang='lat' dir='ltr'><strong>habet.</strong></span> <span class='ocrx_word' id='word_1_118' title='bbox 1897 971 1926 1010; x_wconf 71' lang='grc' dir='ltr'><strong>ιι</strong></span> <span class='ocrx_word' id='word_1_119' title='bbox 1966 969 2106 1024; x_wconf 86' lang='lat' dir='ltr'><strong>Puer</strong></span> <span class='ocrx_word' id='word_1_120' title='bbox 2133 983 2225 1023; x_wconf 83' lang='lat' dir='ltr'><strong>us-</strong></span> 
     </span>
    </p>
   </div>
   <div class='ocr_carea' id='block_1_14' title="bbox 631 1058 2222 1148">
    <p class='ocr_par' dir='ltr' id='par_1_14' title="bbox 631 1058 2222 1148">
     <span class='ocr_line' id='line_1_14' title="bbox 631 1058 2222 1148; baseline -0.013 -16"><span class='ocrx_word' id='word_1_121' title='bbox 631 1093 759 1148; x_wconf 75' lang='lat' dir='ltr'><strong>.que</strong></span> <span class='ocrx_word' id='word_1_122' title='bbox 787 1075 854 1130; x_wconf 84' lang='lat' dir='ltr'><strong>ad</strong></span> <span class='ocrx_word' id='word_1_123' title='bbox 881 1073 1187 1144; x_wconf 85' lang='lat' dir='ltr'><strong>quindecim</strong></span> <span class='ocrx_word' id='word_1_124' title='bbox 1226 1084 1397 1125; x_wconf 87' lang='lat' dir='ltr'><strong>annos</strong></span> <span class='ocrx_word' id='word_1_125' title='bbox 1431 1068 1501 1122; x_wconf 87' lang='lat' dir='ltr'><strong>sit</strong></span> <span class='ocrx_word' id='word_1_126' title='bbox 1534 1067 1588 1121; x_wconf 91' lang='lat' dir='ltr'><strong>in</strong></span> <span class='ocrx_word' id='word_1_127' title='bbox 1616 1070 1882 1135; x_wconf 86' lang='lat' dir='ltr'><strong>potestate</strong></span> <span class='ocrx_word' id='word_1_128' title='bbox 1916 1059 2086 1131; x_wconf 85' lang='lat' dir='ltr'><strong>patris</strong></span> <span class='ocrx_word' id='word_1_129' title='bbox 2118 1058 2222 1113; x_wconf 91' lang='lat' dir='ltr'><strong>sui.</strong></span> 
     </span>
    </p>
   </div>
   <div class='ocr_carea' id='block_1_15' title="bbox 653 1149 2226 1234">
    <p class='ocr_par' dir='ltr' id='par_1_15' title="bbox 653 1149 2226 1234">
     <span class='ocr_line' id='line_1_15' title="bbox 653 1149 2226 1234; baseline -0.012 -13"><span class='ocrx_word' id='word_1_130' title='bbox 653 1167 806 1221; x_wconf 75' lang='lat' dir='ltr'><strong>Tunc</strong></span> <span class='ocrx_word' id='word_1_131' title='bbox 831 1164 1066 1234; x_wconf 83' lang='lat' dir='ltr'><strong>seipsum</strong></span> <span class='ocrx_word' id='word_1_132' title='bbox 1093 1168 1270 1232; x_wconf 84' lang='lat' dir='ltr'><strong>potest</strong></span> <span class='ocrx_word' id='word_1_133' title='bbox 1293 1157 1611 1213; x_wconf 89' lang='lat' dir='ltr'><strong>monachum</strong></span> <span class='ocrx_word' id='word_1_134' title='bbox 1651 1153 1851 1208; x_wconf 90' lang='lat' dir='ltr'><strong>facere.</strong></span> <span class='ocrx_word' id='word_1_135' title='bbox 1889 1149 2069 1205; x_wconf 79' lang='lat' dir='ltr'><strong>Puella</strong></span> <span class='ocrx_word' id='word_1_136' title='bbox 2097 1163 2226 1202; x_wconf 88' lang='lat' dir='ltr'><strong>vero</strong></span> 
     </span>
    </p>
   </div>
   <div class='ocr_carea' id='block_1_16' title="bbox 653 1239 2228 1320">
    <p class='ocr_par' dir='ltr' id='par_1_16' title="bbox 653 1239 2228 1320">
     <span class='ocr_line' id='line_1_16' title="bbox 653 1239 2228 1320; baseline -0.013 -10"><span class='ocrx_word' id='word_1_137' title='bbox 653 1253 925 1311; x_wconf 75' lang='lat' dir='ltr'><strong>sexdecim</strong></span> <span class='ocrx_word' id='word_1_138' title='bbox 963 1251 1049 1306; x_wconf 79' lang='lat' dir='ltr'><strong>vel</strong></span> <span class='ocrx_word' id='word_1_139' title='bbox 1087 1249 1469 1320; x_wconf 80' lang='lat' dir='ltr'><strong>septemdecim</strong></span> <span class='ocrx_word' id='word_1_140' title='bbox 1513 1257 1773 1300; x_wconf 89' lang='lat' dir='ltr'><strong>annorum</strong></span> <span class='ocrx_word' id='word_1_141' title='bbox 1798 1281 1813 1306; x_wconf 93' lang='lat'><strong>,</strong></span> <span class='ocrx_word' id='word_1_142' title='bbox 1862 1239 1915 1294; x_wconf 93' lang='lat' dir='ltr'><strong>in</strong></span> <span class='ocrx_word' id='word_1_143' title='bbox 1963 1242 2228 1309; x_wconf 88' lang='lat' dir='ltr'><strong>potestate</strong></span> 
     </span>
    </p>
   </div>
   <div class='ocr_carea' id='block_1_17' title="bbox 653 1328 2230 1418">
    <p class='ocr_par' dir='ltr' id='par_1_17' title="bbox 653 1328 2230 1418">
     <span class='ocr_line' id='line_1_17' title="bbox 653 1328 2230 1418; baseline -0.013 -17"><span class='ocrx_word' id='word_1_144' title='bbox 653 1352 958 1418; x_wconf 85' lang='lat' dir='ltr'><strong>parentum.</strong></span> <span class='ocrx_word' id='word_1_145' title='bbox 989 1342 1120 1396; x_wconf 89' lang='lat' dir='ltr'><strong>Post</strong></span> <span class='ocrx_word' id='word_1_146' title='bbox 1145 1350 1324 1394; x_wconf 90' lang='lat' dir='ltr'><strong>autem</strong></span> <span class='ocrx_word' id='word_1_147' title='bbox 1355 1339 1495 1392; x_wconf 90' lang='lat' dir='ltr'><strong>hanc</strong></span> <span class='ocrx_word' id='word_1_148' title='bbox 1529 1343 1740 1389; x_wconf 69' lang='lat' dir='ltr'><strong>aetatem</strong></span> <span class='ocrx_word' id='word_1_149' title='bbox 1782 1329 1921 1402; x_wconf 89' lang='lat' dir='ltr'><strong>patri</strong></span> <span class='ocrx_word' id='word_1_150' title='bbox 1959 1344 2066 1384; x_wconf 89' lang='lat' dir='ltr'><strong>non</strong></span> <span class='ocrx_word' id='word_1_151' title='bbox 2104 1328 2230 1382; x_wconf 84' lang='lat' dir='ltr'><strong>licet</strong></span> 
     </span>
    </p>
   </div>
   <div class='ocr_carea' id='block_1_18' title="bbox 657 1421 2228 1499">
    <p class='ocr_par' dir='ltr' id='par_1_18' title="bbox 657 1421 2228 1499">
     <span class='ocr_line' id='line_1_18' title="bbox 657 1421 2228 1499; baseline -0.011 -9"><span class='ocrx_word' id='word_1_152' title='bbox 657 1435 821 1490; x_wconf 75' lang='lat' dir='ltr'><strong>ﬁliam</strong></span> <span class='ocrx_word' id='word_1_153' title='bbox 845 1450 996 1490; x_wconf 85' lang='lat' dir='ltr'><strong>suam</strong></span> <span class='ocrx_word' id='word_1_154' title='bbox 1021 1440 1208 1488; x_wconf 87' lang='lat' dir='ltr'><strong>contra</strong></span> <span class='ocrx_word' id='word_1_155' title='bbox 1233 1429 1348 1499; x_wconf 86' lang='lat' dir='ltr'><strong>ejus</strong></span> <span class='ocrx_word' id='word_1_156' title='bbox 1372 1428 1703 1482; x_wconf 70' lang='lat' dir='ltr'><strong>voluntatem</strong></span> <span class='ocrx_word' id='word_1_157' title='bbox 1731 1425 1785 1479; x_wconf 90' lang='lat' dir='ltr'><strong>in</strong></span> <span class='ocrx_word' id='word_1_158' title='bbox 1826 1421 2228 1478; x_wconf 85' lang='lat' dir='ltr'><strong>matrimonium</strong></span> 
     </span>
    </p>
   </div>
   <div class='ocr_carea' id='block_1_19' title="bbox 659 1527 808 1582">
    <p class='ocr_par' dir='ltr' id='par_1_19' title="bbox 659 1527 808 1582">
     <span class='ocr_line' id='line_1_19' title="bbox 659 1527 808 1582; baseline -0.013 -1"><span class='ocrx_word' id='word_1_159' title='bbox 659 1527 808 1582; x_wconf 82' lang='lat' dir='ltr'><strong>dare.</strong></span> 
     </span>
    </p>
   </div>
   <div class='ocr_carea' id='block_1_20' title="bbox 2327 1048 3864 1122">
    <p class='ocr_par' dir='ltr' id='par_1_20' title="bbox 2327 1048 3864 1122">
     <span class='ocr_line' id='line_1_20' title="bbox 2327 1048 3864 1122; baseline -0.002 -16"><span class='ocrx_word' id='word_1_160' title='bbox 2327 1052 2582 1122; x_wconf 89' lang='lat' dir='ltr'><strong>implere;</strong></span> <span class='ocrx_word' id='word_1_161' title='bbox 2623 1050 2872 1106; x_wconf 86' lang='lat' dir='ltr'><strong>similiter</strong></span> <span class='ocrx_word' id='word_1_162' title='bbox 2911 1064 3107 1119; x_wconf 87' lang='lat' dir='ltr'><strong>pecora</strong></span> <span class='ocrx_word' id='word_1_163' title='bbox 3151 1049 3167 1090; x_wconf 78' lang='grc' dir='ltr'><strong>ί</strong></span> <span class='ocrx_word' id='word_1_164' title='bbox 3216 1048 3407 1118; x_wconf 73' lang='lat' dir='ltr'><strong>aequali</strong></span> <span class='ocrx_word' id='word_1_165' title='bbox 3453 1048 3633 1119; x_wconf 86' lang='lat' dir='ltr'><strong>pretio</strong></span> <span class='ocrx_word' id='word_1_166' title='bbox 3675 1060 3864 1117; x_wconf 85' lang='lat' dir='ltr'><strong>possunt</strong></span> 
     </span>
    </p>
   </div>
   <div class='ocr_carea' id='block_1_21' title="bbox 2326 1139 3862 1210">
    <p class='ocr_par' dir='ltr' id='par_1_21' title="bbox 2326 1139 3862 1210">
     <span class='ocr_line' id='line_1_21' title="bbox 2326 1139 3862 1210; baseline -0.003 -10"><span class='ocrx_word' id='word_1_167' title='bbox 2326 1146 2556 1210; x_wconf 87' lang='lat' dir='ltr'><strong>mutari,</strong></span> <span class='ocrx_word' id='word_1_168' title='bbox 2599 1144 2643 1200; x_wconf 88' lang='lat' dir='ltr'><strong>si</strong></span> <span class='ocrx_word' id='word_1_169' title='bbox 2672 1157 2891 1198; x_wconf 87' lang='lat' dir='ltr'><strong>necesse</strong></span> <span class='ocrx_word' id='word_1_170' title='bbox 2919 1142 3010 1196; x_wconf 92' lang='lat' dir='ltr'><strong>sit.</strong></span> <span class='ocrx_word' id='word_1_171' title='bbox 3040 1141 3154 1195; x_wconf 77' lang='lat' dir='ltr'><strong>Rex</strong></span> <span class='ocrx_word' id='word_1_172' title='bbox 3181 1140 3225 1194; x_wconf 91' lang='lat' dir='ltr'><strong>si</strong></span> <span class='ocrx_word' id='word_1_173' title='bbox 3253 1140 3472 1195; x_wconf 84' lang='lat' dir='ltr'><strong>alterius</strong></span> <span class='ocrx_word' id='word_1_174' title='bbox 3513 1139 3661 1210; x_wconf 84' lang='lat' dir='ltr'><strong>regis</strong></span> <span class='ocrx_word' id='word_1_175' title='bbox 3701 1149 3862 1196; x_wconf 82' lang='lat' dir='ltr'><strong>terram</strong></span> 
     </span>
    </p>
   </div>
   <div class='ocr_carea' id='block_1_22' title="bbox 2327 1229 3861 1303">
    <p class='ocr_par' dir='ltr' id='par_1_22' title="bbox 2327 1229 3861 1303">
     <span class='ocr_line' id='line_1_22' title="bbox 2327 1229 3861 1303; baseline -0.004 -13"><span class='ocrx_word' id='word_1_176' title='bbox 2327 1235 2510 1298; x_wconf 88' lang='lat' dir='ltr'><strong>habet,</strong></span> <span class='ocrx_word' id='word_1_177' title='bbox 2534 1241 2710 1303; x_wconf 87' lang='lat' dir='ltr'><strong>potest</strong></span> <span class='ocrx_word' id='word_1_178' title='bbox 2734 1233 2933 1287; x_wconf 91' lang='lat' dir='ltr'><strong>donare</strong></span> <span class='ocrx_word' id='word_1_179' title='bbox 2956 1246 3054 1301; x_wconf 88' lang='lat' dir='ltr'><strong>pro</strong></span> <span class='ocrx_word' id='word_1_180' title='bbox 3081 1231 3260 1284; x_wconf 88' lang='lat' dir='ltr'><strong>anima</strong></span> <span class='ocrx_word' id='word_1_181' title='bbox 3299 1245 3416 1284; x_wconf 92' lang='lat' dir='ltr'><strong>sua.</strong></span> <span class='ocrx_word' id='word_1_182' title='bbox 3453 1229 3696 1284; x_wconf 78' lang='lat' dir='ltr'><strong>Iuventio</strong></span> <span class='ocrx_word' id='word_1_183' title='bbox 3726 1231 3774 1285; x_wconf 91' lang='lat' dir='ltr'><strong>in</strong></span> <span class='ocrx_word' id='word_1_184' title='bbox 3797 1232 3861 1285; x_wconf 73' lang='lat' dir='ltr'><strong>via</strong></span> 
     </span>
    </p>
   </div>
   <div class='ocr_carea' id='block_1_23' title="bbox 2329 1320 3864 1390">
    <p class='ocr_par' dir='ltr' id='par_1_23' title="bbox 2329 1320 3864 1390">
     <span class='ocr_line' id='line_1_23' title="bbox 2329 1320 3864 1390; baseline -0.003 -10"><span class='ocrx_word' id='word_1_185' title='bbox 2329 1325 2556 1380; x_wconf 89' lang='lat' dir='ltr'><strong>tollenda</strong></span> <span class='ocrx_word' id='word_1_186' title='bbox 2583 1331 2686 1389; x_wconf 91' lang='lat' dir='ltr'><strong>est,</strong></span> <span class='ocrx_word' id='word_1_187' title='bbox 2719 1321 2733 1373; x_wconf 88' lang='lat' dir='ltr'><strong>i</strong></span> <span class='ocrx_word' id='word_1_188' title='bbox 2767 1323 2812 1378; x_wconf 91' lang='lat' dir='ltr'><strong>si</strong></span> <span class='ocrx_word' id='word_1_189' title='bbox 2842 1322 3088 1376; x_wconf 90' lang='lat' dir='ltr'><strong>inventus</strong></span> <span class='ocrx_word' id='word_1_190' title='bbox 3119 1320 3281 1374; x_wconf 91' lang='lat' dir='ltr'><strong>fuerit</strong></span> <span class='ocrx_word' id='word_1_191' title='bbox 3319 1335 3618 1390; x_wconf 89' lang='lat' dir='ltr'><strong>possessor,</strong></span> <span class='ocrx_word' id='word_1_192' title='bbox 3646 1323 3864 1375; x_wconf 85' lang='lat' dir='ltr'><strong>reddatur</strong></span> 
     </span>
    </p>
   </div>
   <div class='ocr_carea' id='block_1_24' title="bbox 2327 1409 3863 1479">
    <p class='ocr_par' dir='ltr' id='par_1_24' title="bbox 2327 1409 3863 1479">
     <span class='ocr_line' id='line_1_24' title="bbox 2327 1409 3863 1479; baseline -0.006 -8"><span class='ocrx_word' id='word_1_193' title='bbox 2327 1417 2398 1471; x_wconf 90' lang='lat' dir='ltr'><strong>ei.</strong></span> <span class='ocrx_word' id='word_1_194' title='bbox 2430 1415 2711 1470; x_wconf 84' lang='lat' dir='ltr'><strong>Trihutum</strong></span> <span class='ocrx_word' id='word_1_195' title='bbox 2738 1411 2979 1467; x_wconf 72' lang='lat' dir='ltr'><strong>ecclesia:</strong></span> <span class='ocrx_word' id='word_1_196' title='bbox 3005 1411 3075 1465; x_wconf 89' lang='lat' dir='ltr'><strong>sit</strong></span> <span class='ocrx_word' id='word_1_197' title='bbox 3108 1411 3247 1466; x_wconf 90' lang='lat' dir='ltr'><strong>sicut</strong></span> <span class='ocrx_word' id='word_1_198' title='bbox 3281 1419 3366 1465; x_wconf 89' lang='lat' dir='ltr'><strong>est</strong></span> <span class='ocrx_word' id='word_1_199' title='bbox 3404 1409 3735 1465; x_wconf 88' lang='lat' dir='ltr'><strong>consuetudo</strong></span> <span class='ocrx_word' id='word_1_200' title='bbox 3767 1425 3863 1479; x_wconf 83' lang='lat' dir='ltr'><strong>pm-</strong></span> 
     </span>
    </p>
   </div>
   <div class='ocr_carea' id='block_1_25' title="bbox 2328 1500 3862 1572">
    <p class='ocr_par' dir='ltr' id='par_1_25' title="bbox 2328 1500 3862 1572">
     <span class='ocr_line' id='line_1_25' title="bbox 2328 1500 3862 1572; baseline -0.005 -12"><span class='ocrx_word' id='word_1_201' title='bbox 2328 1507 2538 1571; x_wconf 85' lang='lat' dir='ltr'><strong>vinciae,</strong></span> <span class='ocrx_word' id='word_1_202' title='bbox 2570 1505 2622 1561; x_wconf 91' lang='lat' dir='ltr'><strong>id</strong></span> <span class='ocrx_word' id='word_1_203' title='bbox 2650 1513 2752 1570; x_wconf 89' lang='lat' dir='ltr'><strong>est,</strong></span> <span class='ocrx_word' id='word_1_204' title='bbox 2787 1518 2855 1558; x_wconf 90' lang='lat' dir='ltr'><strong>ne</strong></span> <span class='ocrx_word' id='word_1_205' title='bbox 2879 1511 3084 1556; x_wconf 89' lang='lat' dir='ltr'><strong>tantum</strong></span> <span class='ocrx_word' id='word_1_206' title='bbox 3105 1516 3368 1572; x_wconf 84' lang='lat' dir='ltr'><strong>pauperes</strong></span> <span class='ocrx_word' id='word_1_207' title='bbox 3393 1500 3448 1555; x_wconf 91' lang='lat' dir='ltr'><strong>iu</strong></span> <span class='ocrx_word' id='word_1_208' title='bbox 3473 1500 3700 1555; x_wconf 89' lang='lat' dir='ltr'><strong>decimis</strong></span> <span class='ocrx_word' id='word_1_209' title='bbox 3724 1509 3802 1553; x_wconf 91' lang='lat' dir='ltr'><strong>aut</strong></span> <span class='ocrx_word' id='word_1_210' title='bbox 3820 1501 3862 1553; x_wconf 89' lang='lat' dir='ltr'><strong>in</strong></span> 
     </span>
    </p>
   </div>
   <div class='ocr_carea' id='block_1_26' title="bbox 1252 1588 3862 1666">
    <p class='ocr_par' dir='ltr' id='par_1_26' title="bbox 1252 1588 3862 1666">
     <span class='ocr_line' id='line_1_26' title="bbox 1252 1588 3862 1666; baseline -0.01 0"><span class='ocrx_word' id='word_1_211' title='bbox 1252 1607 1479 1666; x_wconf 80' lang='lat' dir='ltr'><strong>CAPUT</strong></span> <span class='ocrx_word' id='word_1_212' title='bbox 1521 1605 1636 1660; x_wconf 83' lang='lat' dir='ltr'><strong>XII.</strong></span> <span class='ocrx_word' id='word_1_213' title='bbox 2329 1597 2594 1666; x_wconf 89' lang='lat' dir='ltr'><strong>aliquibus</strong></span> <span class='ocrx_word' id='word_1_214' title='bbox 2619 1595 2777 1649; x_wconf 89' lang='lat' dir='ltr'><strong>rebus</strong></span> <span class='ocrx_word' id='word_1_215' title='bbox 2800 1593 2908 1646; x_wconf 88' lang='lat' dir='ltr'><strong>vim</strong></span> <span class='ocrx_word' id='word_1_216' title='bbox 2935 1592 3226 1662; x_wconf 88' lang='lat' dir='ltr'><strong>patiantur.</strong></span> <span class='ocrx_word' id='word_1_217' title='bbox 3256 1590 3502 1645; x_wconf 89' lang='lat' dir='ltr'><strong>Decimas</strong></span> <span class='ocrx_word' id='word_1_218' title='bbox 3528 1604 3638 1643; x_wconf 92' lang='lat' dir='ltr'><strong>non</strong></span> <span class='ocrx_word' id='word_1_219' title='bbox 3665 1597 3739 1642; x_wconf 92' lang='lat' dir='ltr'><strong>est</strong></span> <span class='ocrx_word' id='word_1_220' title='bbox 3761 1588 3862 1656; x_wconf 77' lang='lat' dir='ltr'><strong>legi—</strong></span> 
     </span>
    </p>
   </div>
   <div class='ocr_carea' id='block_1_27' title="bbox 1141 1678 3864 1754">
    <p class='ocr_par' dir='ltr' id='par_1_27' title="bbox 1141 1678 3864 1754">
     <span class='ocr_line' id='line_1_27' title="bbox 1141 1678 3864 1754; baseline -0.009 0"><span class='ocrx_word' id='word_1_221' title='bbox 1141 1699 1220 1754; x_wconf 81' lang='lat' dir='ltr'><strong>De</strong></span> <span class='ocrx_word' id='word_1_222' title='bbox 1247 1699 1405 1754; x_wconf 63' lang='lat' dir='ltr'><strong>sertis</strong></span> <span class='ocrx_word' id='word_1_223' title='bbox 1432 1709 1479 1751; x_wconf 83' lang='lat' dir='ltr'><strong>et</strong></span> <span class='ocrx_word' id='word_1_224' title='bbox 1509 1694 1739 1749; x_wconf 74' lang='lat' dir='ltr'><strong>ancillis.</strong></span> <span class='ocrx_word' id='word_1_225' title='bbox 2331 1688 2521 1742; x_wconf 88' lang='lat' dir='ltr'><strong>timum</strong></span> <span class='ocrx_word' id='word_1_226' title='bbox 2549 1685 2678 1740; x_wconf 87' lang='lat' dir='ltr'><strong>dare</strong></span> <span class='ocrx_word' id='word_1_227' title='bbox 2705 1684 2806 1738; x_wconf 89' lang='lat' dir='ltr'><strong>nisi</strong></span> <span class='ocrx_word' id='word_1_228' title='bbox 2840 1681 3164 1754; x_wconf 86' lang='lat' dir='ltr'><strong>pauperibus</strong></span> <span class='ocrx_word' id='word_1_229' title='bbox 3191 1689 3242 1736; x_wconf 87' lang='lat' dir='ltr'><strong>et</strong></span> <span class='ocrx_word' id='word_1_230' title='bbox 3280 1679 3598 1750; x_wconf 77' lang='lat' dir='ltr'><strong>peregrinis.</strong></span> <span class='ocrx_word' id='word_1_231' title='bbox 3627 1678 3724 1733; x_wconf 89' lang='lat' dir='ltr'><strong>Pro</strong></span> <span class='ocrx_word' id='word_1_232' title='bbox 3748 1693 3864 1732; x_wconf 74' lang='lat' dir='ltr'><strong>rere-</strong></span> 
     </span>
    </p>
   </div>
   <div class='ocr_carea' id='block_1_28' title="bbox 727 1771 3862 1855">
    <p class='ocr_par' dir='ltr' id='par_1_28' title="bbox 727 1771 3862 1855">
     <span class='ocr_line' id='line_1_28' title="bbox 727 1771 3862 1855; baseline -0.008 -6"><span class='ocrx_word' id='word_1_233' title='bbox 727 1795 891 1849; x_wconf 87' lang='lat' dir='ltr'><strong>Pater</strong></span> <span class='ocrx_word' id='word_1_234' title='bbox 917 1787 1084 1846; x_wconf 62' lang='lat' dir='ltr'><strong>filiam</strong></span> <span class='ocrx_word' id='word_1_235' title='bbox 1113 1790 1434 1845; x_wconf 81' lang='lat' dir='ltr'><strong>necessitate</strong></span> <span class='ocrx_word' id='word_1_236' title='bbox 1472 1792 1692 1842; x_wconf 89' lang='lat' dir='ltr'><strong>coactus</strong></span> <span class='ocrx_word' id='word_1_237' title='bbox 1718 1793 2041 1855; x_wconf 87' lang='lat' dir='ltr'><strong>potestatem</strong></span> <span class='ocrx_word' id='word_1_238' title='bbox 2069 1781 2231 1836; x_wconf 89' lang='lat' dir='ltr'><strong>habet</strong></span> <span class='ocrx_word' id='word_1_239' title='bbox 2259 1791 2304 1850; x_wconf 71' lang='grc' dir='ltr'><strong>Β</strong></span> <span class='ocrx_word' id='word_1_240' title='bbox 2324 1777 2502 1832; x_wconf 78' lang='lat' dir='ltr'><strong>rentia</strong></span> <span class='ocrx_word' id='word_1_241' title='bbox 2547 1775 2970 1845; x_wconf 85' lang='lat' dir='ltr'><strong>regenerationis</strong></span> <span class='ocrx_word' id='word_1_242' title='bbox 3001 1773 3055 1828; x_wconf 93' lang='lat' dir='ltr'><strong>in</strong></span> <span class='ocrx_word' id='word_1_243' title='bbox 3093 1773 3231 1828; x_wconf 90' lang='lat' dir='ltr'><strong>albis</strong></span> <span class='ocrx_word' id='word_1_244' title='bbox 3272 1771 3620 1827; x_wconf 84' lang='lat' dir='ltr'><strong>Pentecostes</strong></span> <span class='ocrx_word' id='word_1_245' title='bbox 3643 1772 3862 1825; x_wconf 84' lang='lat' dir='ltr'><strong>orandum</strong></span> 
     </span>
    </p>
   </div>
   <div class='ocr_carea' id='block_1_29' title="bbox 657 1863 3864 1948">
    <p class='ocr_par' dir='ltr' id='par_1_29' title="bbox 657 1863 3864 1948">
     <span class='ocr_line' id='line_1_29' title="bbox 657 1863 3864 1948; baseline -0.007 -8"><span class='ocrx_word' id='word_1_246' title='bbox 657 1887 870 1940; x_wconf 82' lang='lat' dir='ltr'><strong>tradere</strong></span> <span class='ocrx_word' id='word_1_247' title='bbox 895 1883 949 1937; x_wconf 92' lang='lat' dir='ltr'><strong>in</strong></span> <span class='ocrx_word' id='word_1_248' title='bbox 977 1880 1256 1937; x_wconf 87' lang='lat' dir='ltr'><strong>servitium</strong></span> <span class='ocrx_word' id='word_1_249' title='bbox 1295 1887 1501 1948; x_wconf 86' lang='lat' dir='ltr'><strong>septem</strong></span> <span class='ocrx_word' id='word_1_250' title='bbox 1531 1892 1736 1940; x_wconf 88' lang='lat' dir='ltr'><strong>annos;</strong></span> <span class='ocrx_word' id='word_1_251' title='bbox 1778 1877 1969 1932; x_wconf 90' lang='lat' dir='ltr'><strong>deinde</strong></span> <span class='ocrx_word' id='word_1_252' title='bbox 1999 1875 2115 1928; x_wconf 91' lang='lat' dir='ltr'><strong>sine</strong></span> <span class='ocrx_word' id='word_1_253' title='bbox 2137 1887 2232 1926; x_wconf 76' lang='grc' dir='ltr'><strong>νο-</strong></span> <span class='ocrx_word' id='word_1_254' title='bbox 2333 1878 2434 1934; x_wconf 88' lang='lat' dir='ltr'><strong>est,</strong></span> <span class='ocrx_word' id='word_1_255' title='bbox 2462 1870 2516 1924; x_wconf 93' lang='lat' dir='ltr'><strong>in</strong></span> <span class='ocrx_word' id='word_1_256' title='bbox 2543 1867 2984 1938; x_wconf 88' lang='lat' dir='ltr'><strong>quinquagesima</strong></span> <span class='ocrx_word' id='word_1_257' title='bbox 3009 1874 3214 1921; x_wconf 90' lang='lat' dir='ltr'><strong>oratur.</strong></span> <span class='ocrx_word' id='word_1_258' title='bbox 3251 1863 3438 1920; x_wconf 86' lang='lat' dir='ltr'><strong>Oratio</strong></span> <span class='ocrx_word' id='word_1_259' title='bbox 3477 1871 3654 1932; x_wconf 84' lang='lat' dir='ltr'><strong>potest</strong></span> <span class='ocrx_word' id='word_1_260' title='bbox 3686 1863 3772 1917; x_wconf 90' lang='lat' dir='ltr'><strong>sub</strong></span> <span class='ocrx_word' id='word_1_261' title='bbox 3793 1876 3864 1916; x_wconf 63' lang='lat' dir='ltr'><strong>re</strong></span> 
     </span>
    </p>
   </div>
   <div class='ocr_carea' id='block_1_30' title="bbox 655 1951 3864 2038">
    <p class='ocr_par' dir='ltr' id='par_1_30' title="bbox 655 1951 3864 2038">
     <span class='ocr_line' id='line_1_30' title="bbox 655 1951 3864 2038; baseline -0.008 -9"><span class='ocrx_word' id='word_1_262' title='bbox 655 1973 865 2038; x_wconf 85' lang='lat' dir='ltr'><strong>luntate</strong></span> <span class='ocrx_word' id='word_1_263' title='bbox 897 1971 991 2026; x_wconf 82' lang='lat' dir='ltr'><strong>lilii</strong></span> <span class='ocrx_word' id='word_1_264' title='bbox 1016 1969 1286 2024; x_wconf 86' lang='lat' dir='ltr'><strong>licentiam</strong></span> <span class='ocrx_word' id='word_1_265' title='bbox 1315 1966 1563 2021; x_wconf 85' lang='lat' dir='ltr'><strong>tradendi</strong></span> <span class='ocrx_word' id='word_1_266' title='bbox 1593 1980 1697 2019; x_wconf 90' lang='lat' dir='ltr'><strong>non</strong></span> <span class='ocrx_word' id='word_1_267' title='bbox 1723 1965 1903 2018; x_wconf 88' lang='lat' dir='ltr'><strong>habet.</strong></span> <span class='ocrx_word' id='word_1_268' title='bbox 1930 1962 2103 2016; x_wconf 83' lang='lat' dir='ltr'><strong>Ilomo</strong></span> <span class='ocrx_word' id='word_1_269' title='bbox 2125 1969 2233 2015; x_wconf 85' lang='lat' dir='ltr'><strong>tre-</strong></span> <span class='ocrx_word' id='word_1_270' title='bbox 2330 1959 2528 2014; x_wconf 88' lang='lat' dir='ltr'><strong>lamine</strong></span> <span class='ocrx_word' id='word_1_271' title='bbox 2565 1971 2706 2022; x_wconf 87' lang='lat' dir='ltr'><strong>esse,</strong></span> <span class='ocrx_word' id='word_1_272' title='bbox 2754 1970 2877 2011; x_wconf 89' lang='lat' dir='ltr'><strong>cum</strong></span> <span class='ocrx_word' id='word_1_273' title='bbox 2905 1955 3202 2010; x_wconf 90' lang='lat' dir='ltr'><strong>necessitas</strong></span> <span class='ocrx_word' id='word_1_274' title='bbox 3227 1954 3388 2025; x_wconf 92' lang='lat' dir='ltr'><strong>cogit.</strong></span> <span class='ocrx_word' id='word_1_275' title='bbox 3434 1951 3536 2020; x_wconf 87' lang='lat' dir='ltr'><strong>Qui</strong></span> <span class='ocrx_word' id='word_1_276' title='bbox 3565 1967 3659 2022; x_wconf 87' lang='lat' dir='ltr'><strong>pro</strong></span> <span class='ocrx_word' id='word_1_277' title='bbox 3683 1952 3864 2007; x_wconf 85' lang='lat' dir='ltr'><strong>homine</strong></span> 
     </span>
    </p>
   </div>
   <div class='ocr_carea' id='block_1_31' title="bbox 663 2039 3860 2127">
    <p class='ocr_par' dir='ltr' id='par_1_31' title="bbox 663 2039 3860 2127">
     <span class='ocr_line' id='line_1_31' title="bbox 663 2039 3860 2127; baseline -0.007 -8"><span class='ocrx_word' id='word_1_278' title='bbox 663 2064 838 2119; x_wconf 82' lang='lat' dir='ltr'><strong>decim</strong></span> <span class='ocrx_word' id='word_1_279' title='bbox 867 2075 1127 2127; x_wconf 83' lang='lat' dir='ltr'><strong>annorum</strong></span> <span class='ocrx_word' id='word_1_280' title='bbox 1154 2059 1386 2127; x_wconf 83' lang='lat' dir='ltr'><strong>seipsum</strong></span> <span class='ocrx_word' id='word_1_281' title='bbox 1430 2064 1604 2126; x_wconf 89' lang='lat' dir='ltr'><strong>potest</strong></span> <span class='ocrx_word' id='word_1_282' title='bbox 1634 2054 1812 2108; x_wconf 89' lang='lat' dir='ltr'><strong>facere</strong></span> <span class='ocrx_word' id='word_1_283' title='bbox 1839 2067 2076 2108; x_wconf 84' lang='lat' dir='ltr'><strong>servum.</strong></span> <span class='ocrx_word' id='word_1_284' title='bbox 2116 2049 2230 2104; x_wconf 75' lang='lat' dir='ltr'><strong>Non</strong></span> <span class='ocrx_word' id='word_1_285' title='bbox 2330 2059 2544 2107; x_wconf 86' lang='lat' dir='ltr'><strong>mortuo</strong></span> <span class='ocrx_word' id='word_1_286' title='bbox 2563 2048 2790 2119; x_wconf 89' lang='lat' dir='ltr'><strong>jejunat,</strong></span> <span class='ocrx_word' id='word_1_287' title='bbox 2821 2048 3054 2116; x_wconf 90' lang='lat' dir='ltr'><strong>seipsum</strong></span> <span class='ocrx_word' id='word_1_288' title='bbox 3083 2039 3320 2116; x_wconf 85' lang='lat' dir='ltr'><strong>adjuvat.</strong></span> <span class='ocrx_word' id='word_1_289' title='bbox 3363 2045 3444 2100; x_wconf 90' lang='lat' dir='ltr'><strong>De</strong></span> <span class='ocrx_word' id='word_1_290' title='bbox 3484 2055 3687 2100; x_wconf 86' lang='lat' dir='ltr'><strong>mortuo</strong></span> <span class='ocrx_word' id='word_1_291' title='bbox 3711 2052 3860 2097; x_wconf 77' lang='lat' dir='ltr'><strong>autem</strong></span> 
     </span>
    </p>
   </div>
   <div class='ocr_carea' id='block_1_32' title="bbox 657 2133 3860 2215">
    <p class='ocr_par' dir='ltr' id='par_1_32' title="bbox 657 2133 3860 2215">
     <span class='ocr_line' id='line_1_32' title="bbox 657 2133 3860 2215; baseline -0.006 -9"><span class='ocrx_word' id='word_1_292' title='bbox 657 2150 782 2206; x_wconf 86' lang='lat' dir='ltr'><strong>licet</strong></span> <span class='ocrx_word' id='word_1_293' title='bbox 803 2151 1008 2206; x_wconf 86' lang='lat' dir='ltr'><strong>homini</strong></span> <span class='ocrx_word' id='word_1_294' title='bbox 1033 2159 1188 2204; x_wconf 83' lang='lat' dir='ltr'><strong>servo</strong></span> <span class='ocrx_word' id='word_1_295' title='bbox 1211 2147 1396 2202; x_wconf 90' lang='lat' dir='ltr'><strong>tollere</strong></span> <span class='ocrx_word' id='word_1_296' title='bbox 1421 2145 1723 2215; x_wconf 89' lang='lat' dir='ltr'><strong>pecuniam,</strong></span> <span class='ocrx_word' id='word_1_297' title='bbox 1739 2159 1901 2213; x_wconf 88' lang='lat' dir='ltr'><strong>quam</strong></span> <span class='ocrx_word' id='word_1_298' title='bbox 1923 2143 2038 2212; x_wconf 87' lang='lat' dir='ltr'><strong>ipse</strong></span> <span class='ocrx_word' id='word_1_299' title='bbox 2057 2140 2230 2210; x_wconf 84' lang='lat' dir='ltr'><strong>acqui-</strong></span> <span class='ocrx_word' id='word_1_300' title='bbox 2333 2143 2426 2198; x_wconf 87' lang='lat' dir='ltr'><strong>Dei</strong></span> <span class='ocrx_word' id='word_1_301' title='bbox 2472 2142 2637 2198; x_wconf 83' lang='lat' dir='ltr'><strong>solius</strong></span> <span class='ocrx_word' id='word_1_302' title='bbox 2665 2148 2751 2195; x_wconf 89' lang='lat' dir='ltr'><strong>est</strong></span> <span class='ocrx_word' id='word_1_303' title='bbox 2773 2138 2984 2194; x_wconf 87' lang='lat' dir='ltr'><strong>notitia.</strong></span> <span class='ocrx_word' id='word_1_304' title='bbox 3024 2139 3048 2179; x_wconf 80' lang='grc' dir='ltr'><strong>Ιι</strong></span> <span class='ocrx_word' id='word_1_305' title='bbox 3089 2137 3320 2192; x_wconf 80' lang='lat' dir='ltr'><strong>Infirmis</strong></span> <span class='ocrx_word' id='word_1_306' title='bbox 3344 2137 3476 2192; x_wconf 87' lang='lat' dir='ltr'><strong>licet</strong></span> <span class='ocrx_word' id='word_1_307' title='bbox 3497 2135 3630 2189; x_wconf 88' lang='lat' dir='ltr'><strong>omni</strong></span> <span class='ocrx_word' id='word_1_308' title='bbox 3653 2134 3770 2188; x_wconf 83' lang='lat' dir='ltr'><strong>hora</strong></span> <span class='ocrx_word' id='word_1_309' title='bbox 3793 2133 3860 2186; x_wconf 84' lang='lat' dir='ltr'><strong>ci-</strong></span> 
     </span>
    </p>
   </div>
   <div class='ocr_carea' id='block_1_33' title="bbox 627 2223 3855 2302">
    <p class='ocr_par' dir='ltr' id='par_1_33' title="bbox 627 2223 3855 2302">
     <span class='ocr_line' id='line_1_33' title="bbox 627 2223 3855 2302; baseline -0.009 -5"><span class='ocrx_word' id='word_1_310' title='bbox 627 2279 630 2281; x_wconf 49' lang='grc' dir='ltr'>λ</span> <span class='ocrx_word' id='word_1_311' title='bbox 663 2241 809 2297; x_wconf 86' lang='lat' dir='ltr'><strong>sivit.</strong></span> <span class='ocrx_word' id='word_1_312' title='bbox 845 2251 867 2278; x_wconf 79' lang='grc' dir='ltr'><strong>ο</strong></span> <span class='ocrx_word' id='word_1_313' title='bbox 898 2239 954 2294; x_wconf 89' lang='lat' dir='ltr'><strong>Si</strong></span> <span class='ocrx_word' id='word_1_314' title='bbox 982 2251 1194 2292; x_wconf 89' lang='lat' dir='ltr'><strong>servum</strong></span> <span class='ocrx_word' id='word_1_315' title='bbox 1224 2244 1279 2290; x_wconf 89' lang='lat' dir='ltr'><strong>et</strong></span> <span class='ocrx_word' id='word_1_316' title='bbox 1307 2235 1557 2289; x_wconf 90' lang='lat' dir='ltr'><strong>ancillam</strong></span> <span class='ocrx_word' id='word_1_317' title='bbox 1585 2233 1831 2287; x_wconf 89' lang='lat' dir='ltr'><strong>dominus</strong></span> <span class='ocrx_word' id='word_1_318' title='bbox 1858 2230 2136 2284; x_wconf 91' lang='lat' dir='ltr'><strong>amborum</strong></span> <span class='ocrx_word' id='word_1_319' title='bbox 2179 2228 2234 2281; x_wconf 92' lang='lat' dir='ltr'><strong>in</strong></span> <span class='ocrx_word' id='word_1_320' title='bbox 2332 2235 2458 2290; x_wconf 74' lang='lat' dir='ltr'><strong>bum</strong></span> <span class='ocrx_word' id='word_1_321' title='bbox 2491 2240 2543 2288; x_wconf 69' lang='lat' dir='ltr'><strong>ei</strong></span> <span class='ocrx_word' id='word_1_322' title='bbox 2567 2240 2752 2302; x_wconf 76' lang='grc' dir='ltr'><strong>ροιυιη</strong></span> <span class='ocrx_word' id='word_1_323' title='bbox 2780 2245 3024 2295; x_wconf 67' lang='lat' dir='ltr'><strong>sumere,</strong></span> <span class='ocrx_word' id='word_1_324' title='bbox 3060 2228 3274 2298; x_wconf 68' lang='lat' dir='ltr'><strong>quando</strong></span> <span class='ocrx_word' id='word_1_325' title='bbox 3313 2227 3606 2284; x_wconf 61' lang='lat' dir='ltr'><strong>desideraui</strong></span> <span class='ocrx_word' id='word_1_326' title='bbox 3643 2223 3716 2280; x_wconf 64' lang='grc' dir='ltr'><strong>γει</strong></span> <span class='ocrx_word' id='word_1_327' title='bbox 3749 2239 3855 2293; x_wconf 71' lang='grc' dir='ltr'><strong>ρος.</strong></span> 
     </span>
    </p>
   </div>
   <div class='ocr_carea' id='block_1_34' title="bbox 659 2315 3153 2394">
    <p class='ocr_par' dir='ltr' id='par_1_34' title="bbox 659 2315 3153 2394">
     <span class='ocr_line' id='line_1_34' title="bbox 659 2315 3153 2394; baseline -0.009 -12"><span class='ocrx_word' id='word_1_328' title='bbox 659 2326 1064 2382; x_wconf 84' lang='lat' dir='ltr'><strong>matrimonium</strong></span> <span class='ocrx_word' id='word_1_329' title='bbox 1109 2322 1409 2392; x_wconf 76' lang='lat' dir='ltr'><strong>conjunxit,</strong></span> <span class='ocrx_word' id='word_1_330' title='bbox 1457 2329 1641 2394; x_wconf 89' lang='lat' dir='ltr'><strong>postea</strong></span> <span class='ocrx_word' id='word_1_331' title='bbox 1677 2319 1904 2373; x_wconf 87' lang='lat' dir='ltr'><strong>liberato</strong></span> <span class='ocrx_word' id='word_1_332' title='bbox 1951 2329 2106 2370; x_wconf 89' lang='lat' dir='ltr'><strong>servo</strong></span> <span class='ocrx_word' id='word_1_333' title='bbox 2150 2315 2234 2369; x_wconf 80' lang='lat' dir='ltr'><strong>vel</strong></span> <span class='ocrx_word' id='word_1_334' title='bbox 2333 2332 2480 2389; x_wconf 66' lang='lat' dir='ltr'><strong>sum,</strong></span> <span class='ocrx_word' id='word_1_335' title='bbox 2510 2323 2555 2377; x_wconf 76' lang='lat' dir='ltr'><strong>si</strong></span> <span class='ocrx_word' id='word_1_336' title='bbox 2583 2327 2884 2393; x_wconf 72' lang='grc' dir='ltr'><strong>ορροιιιυηθ</strong></span> <span class='ocrx_word' id='word_1_337' title='bbox 2908 2326 3153 2391; x_wconf 64' lang='lat' dir='ltr'><strong>possunt,</strong></span> 
     </span>
    </p>
   </div>
   <div class='ocr_carea' id='block_1_35' title="bbox 659 2404 2232 2483">
    <p class='ocr_par' dir='ltr' id='par_1_35' title="bbox 659 2404 2232 2483">
     <span class='ocr_line' id='line_1_35' title="bbox 659 2404 2232 2483; baseline -0.009 -11"><span class='ocrx_word' id='word_1_338' title='bbox 659 2416 880 2480; x_wconf 65' lang='lat' dir='ltr'><strong>ancilla,</strong></span> <span class='ocrx_word' id='word_1_339' title='bbox 906 2415 952 2469; x_wconf 91' lang='lat' dir='ltr'><strong>si</strong></span> <span class='ocrx_word' id='word_1_340' title='bbox 982 2430 1087 2468; x_wconf 90' lang='lat' dir='ltr'><strong>non</strong></span> <span class='ocrx_word' id='word_1_341' title='bbox 1117 2420 1292 2483; x_wconf 87' lang='lat' dir='ltr'><strong>potest</strong></span> <span class='ocrx_word' id='word_1_342' title='bbox 1317 2411 1507 2466; x_wconf 87' lang='lat' dir='ltr'><strong>redimi</strong></span> <span class='ocrx_word' id='word_1_343' title='bbox 1537 2425 1656 2479; x_wconf 81' lang='lat' dir='ltr'><strong>quae</strong></span> <span class='ocrx_word' id='word_1_344' title='bbox 1684 2409 1735 2462; x_wconf 92' lang='lat' dir='ltr'><strong>in</strong></span> <span class='ocrx_word' id='word_1_345' title='bbox 1776 2406 1998 2461; x_wconf 84' lang='lat' dir='ltr'><strong>servitio</strong></span> <span class='ocrx_word' id='word_1_346' title='bbox 2024 2414 2126 2470; x_wconf 89' lang='lat' dir='ltr'><strong>est,</strong></span> <span class='ocrx_word' id='word_1_347' title='bbox 2166 2404 2232 2458; x_wconf 89' lang='lat' dir='ltr'><strong>li-</strong></span> 
     </span>
    </p>
   </div>
   <div class='ocr_carea' id='block_1_36' title="bbox 662 2450 3287 2576">
    <p class='ocr_par' dir='ltr' id='par_1_36' title="bbox 662 2450 3287 2576">
     <span class='ocr_line' id='line_1_36' title="bbox 662 2450 2200 2483; baseline -0.01 -11"><span class='ocrx_word' id='word_1_348' title='bbox 662 2450 880 2480; x_wconf 68' lang='lat' dir='ltr'><strong>.uuu...</strong></span> <span class='ocrx_word' id='word_1_349' title='bbox 906 2450 952 2469; x_wconf 66' lang='grc' dir='ltr'>υ.</span> <span class='ocrx_word' id='word_1_350' title='bbox 982 2450 1087 2468; x_wconf 74' lang='grc' dir='ltr'><strong>ην..</strong></span> <span class='ocrx_word' id='word_1_351' title='bbox 1117 2450 1292 2483; x_wconf 52' lang='lat' dir='ltr'><strong>pum...</strong></span> <span class='ocrx_word' id='word_1_352' title='bbox 1320 2450 1507 2466; x_wconf 72' lang='lat'><strong>..........</strong></span> <span class='ocrx_word' id='word_1_353' title='bbox 1537 2450 1656 2479; x_wconf 56' lang='grc' dir='ltr'><strong>,μιν</strong></span> <span class='ocrx_word' id='word_1_354' title='bbox 1777 2450 1855 2461; x_wconf 58' lang='grc' dir='ltr'><strong>ην.</strong></span> <span class='ocrx_word' id='word_1_355' title='bbox 1879 2450 1996 2459; x_wconf 66' lang='grc' dir='ltr'><strong>..-η</strong></span> <span class='ocrx_word' id='word_1_356' title='bbox 2028 2450 2126 2470; x_wconf 73' lang='lat'><strong>---,</strong></span> <span class='ocrx_word' id='word_1_357' title='bbox 2166 2450 2200 2458; x_wconf 91' lang='lat'><strong>-.</strong></span> 
     </span>
     <span class='ocr_line' id='line_1_37' title="bbox 662 2450 3287 2576; baseline -0.018 -9"><span class='ocrx_word' id='word_1_358' title='bbox 662 2512 794 2568; x_wconf 77' lang='lat' dir='ltr'><strong>hero</strong></span> <span class='ocrx_word' id='word_1_359' title='bbox 817 2509 942 2564; x_wconf 89' lang='lat' dir='ltr'><strong>licet</strong></span> <span class='ocrx_word' id='word_1_360' title='bbox 968 2507 1254 2576; x_wconf 87' lang='lat' dir='ltr'><strong>ingenuam</strong></span> <span class='ocrx_word' id='word_1_361' title='bbox 1289 2503 1636 2573; x_wconf 83' lang='lat' dir='ltr'><strong>conjungere.</strong></span> <span class='ocrx_word' id='word_1_362' title='bbox 1668 2499 1693 2538; x_wconf 75' lang='grc' dir='ltr'><em>ά</em></span> <span class='ocrx_word' id='word_1_363' title='bbox 1728 2499 1785 2553; x_wconf 90' lang='lat' dir='ltr'><strong>Si</strong></span> <span class='ocrx_word' id='word_1_364' title='bbox 1823 2498 1944 2568; x_wconf 86' lang='lat' dir='ltr'><strong>quis</strong></span> <span class='ocrx_word' id='word_1_365' title='bbox 1976 2497 2109 2551; x_wconf 90' lang='lat' dir='ltr'><strong>liber</strong></span> <span class='ocrx_word' id='word_1_366' title='bbox 2134 2511 2232 2548; x_wconf 82' lang='lat' dir='ltr'><strong>an-</strong></span> <span class='ocrx_word' id='word_1_367' title='bbox 2850 2559 2885 2576; x_wconf 43' lang='lat' dir='ltr'><strong>h</strong></span> <span class='ocrx_word' id='word_1_368' title='bbox 2905 2450 3287 2576; x_wconf 47' lang='lat' dir='ltr'><strong>CAPUT}”</strong></span> 
     </span>
    </p>
   </div>
   <div class='ocr_carea' id='block_1_37' title="bbox 659 2559 2260 2662">
    <p class='ocr_par' dir='ltr' id='par_1_37' title="bbox 659 2585 2233 2662">
     <span class='ocr_line' id='line_1_38' title="bbox 659 2585 2233 2662; baseline -0.009 -9"><span class='ocrx_word' id='word_1_369' title='bbox 659 2598 838 2654; x_wconf 89' lang='lat' dir='ltr'><strong>cillam</strong></span> <span class='ocrx_word' id='word_1_370' title='bbox 858 2595 912 2650; x_wconf 90' lang='lat' dir='ltr'><strong>in</strong></span> <span class='ocrx_word' id='word_1_371' title='bbox 934 2593 1278 2650; x_wconf 89' lang='lat' dir='ltr'><strong>matrimonio</strong></span> <span class='ocrx_word' id='word_1_372' title='bbox 1299 2593 1590 2662; x_wconf 83' lang='lat' dir='ltr'><strong>acceperit,</strong></span> <span class='ocrx_word' id='word_1_373' title='bbox 1619 2605 1721 2645; x_wconf 91' lang='lat' dir='ltr'><strong>non</strong></span> <span class='ocrx_word' id='word_1_374' title='bbox 1747 2589 1941 2643; x_wconf 85' lang='lat' dir='ltr'><strong>habeat</strong></span> <span class='ocrx_word' id='word_1_375' title='bbox 1963 2585 2233 2640; x_wconf 86' lang='lat' dir='ltr'><strong>licentiam</strong></span> 
     </span>
    </p>
   </div>
   <div class='ocr_carea' id='block_1_38' title="bbox 2328 2559 3394 2662">
    <p class='ocr_par' dir='ltr' id='par_1_38' title="bbox 2842 2559 3394 2619">
     <span class='ocr_line' id='line_1_39' title="bbox 2842 2559 3394 2619; baseline -0.005 0"><span class='ocrx_word' id='word_1_376' title='bbox 2842 2559 2918 2619; x_wconf 87' lang='lat' dir='ltr'><strong>De</strong></span> <span class='ocrx_word' id='word_1_377' title='bbox 2957 2564 3394 2618; x_wconf 73' lang='lat' dir='ltr'><strong>reconciliatione.</strong></span> 
     </span>
    </p>
   </div>
   <div class='ocr_carea' id='block_1_39' title="bbox 661 2674 2234 2750">
    <p class='ocr_par' dir='ltr' id='par_1_39' title="bbox 661 2674 2234 2750">
     <span class='ocr_line' id='line_1_40' title="bbox 661 2674 2234 2750; baseline -0.01 -8"><span class='ocrx_word' id='word_1_378' title='bbox 661 2688 954 2750; x_wconf 85' lang='lat' dir='ltr'><strong>dimittere,</strong></span> <span class='ocrx_word' id='word_1_379' title='bbox 985 2685 1028 2738; x_wconf 93' lang='lat' dir='ltr'><strong>si</strong></span> <span class='ocrx_word' id='word_1_380' title='bbox 1057 2692 1184 2737; x_wconf 88' lang='lat' dir='ltr'><strong>ante</strong></span> <span class='ocrx_word' id='word_1_381' title='bbox 1212 2699 1333 2738; x_wconf 90' lang='lat' dir='ltr'><strong>cum</strong></span> <span class='ocrx_word' id='word_1_382' title='bbox 1355 2695 1621 2737; x_wconf 84' lang='lat' dir='ltr'><strong>consensu</strong></span> <span class='ocrx_word' id='word_1_383' title='bbox 1650 2679 1932 2733; x_wconf 89' lang='lat' dir='ltr'><strong>amborum</strong></span> <span class='ocrx_word' id='word_1_384' title='bbox 1964 2674 2234 2743; x_wconf 88' lang='lat' dir='ltr'><strong>conjuncti</strong></span> 
     </span>
    </p>
   </div>
   <div class='ocr_carea' id='block_1_40' title="bbox 657 2765 2236 2842">
    <p class='ocr_par' dir='ltr' id='par_1_40' title="bbox 657 2765 2236 2842">
     <span class='ocr_line' id='line_1_41' title="bbox 657 2765 2236 2842; baseline -0.007 -12"><span class='ocrx_word' id='word_1_385' title='bbox 657 2782 803 2830; x_wconf 85' lang='lat' dir='ltr'><strong>sunt.</strong></span> <span class='ocrx_word' id='word_1_386' title='bbox 835 2773 894 2829; x_wconf 89' lang='lat' dir='ltr'><strong>Si</strong></span> <span class='ocrx_word' id='word_1_387' title='bbox 919 2780 1290 2842; x_wconf 62' lang='lat' dir='ltr'><strong>pratgnantem</strong></span> <span class='ocrx_word' id='word_1_388' title='bbox 1318 2772 1440 2840; x_wconf 91' lang='lat' dir='ltr'><strong>quis</strong></span> <span class='ocrx_word' id='word_1_389' title='bbox 1467 2771 1692 2824; x_wconf 86' lang='lat' dir='ltr'><strong>liberam</strong></span> <span class='ocrx_word' id='word_1_390' title='bbox 1725 2774 2024 2835; x_wconf 85' lang='lat' dir='ltr'><strong>comparat,</strong></span> <span class='ocrx_word' id='word_1_391' title='bbox 2057 2777 2079 2804; x_wconf 76' lang='grc' dir='ltr'>ε</span> <span class='ocrx_word' id='word_1_392' title='bbox 2101 2765 2236 2819; x_wconf 86' lang='lat' dir='ltr'><strong>liber</strong></span> 
     </span>
    </p>
   </div>
   <div class='ocr_carea' id='block_1_41' title="bbox 658 2860 2233 2932">
    <p class='ocr_par' dir='ltr' id='par_1_41' title="bbox 658 2860 2233 2932">
     <span class='ocr_line' id='line_1_42' title="bbox 658 2860 2233 2932; baseline -0.009 -10"><span class='ocrx_word' id='word_1_393' title='bbox 658 2874 827 2923; x_wconf 80' lang='lat' dir='ltr'><strong>estex</strong></span> <span class='ocrx_word' id='word_1_394' title='bbox 847 2879 913 2918; x_wconf 88' lang='lat' dir='ltr'><strong>ea</strong></span> <span class='ocrx_word' id='word_1_395' title='bbox 936 2872 1243 2932; x_wconf 82' lang='lat' dir='ltr'><strong>generatus.</strong></span> <span class='ocrx_word' id='word_1_396' title='bbox 1289 2861 1388 2928; x_wconf 89' lang='lat' dir='ltr'><strong>Qui</strong></span> <span class='ocrx_word' id='word_1_397' title='bbox 1425 2860 1674 2914; x_wconf 89' lang='lat' dir='ltr'><strong>ancillam</strong></span> <span class='ocrx_word' id='word_1_398' title='bbox 1713 2867 2081 2928; x_wconf 67' lang='lat' dir='ltr'><strong>przegnantem</strong></span> <span class='ocrx_word' id='word_1_399' title='bbox 2113 2869 2233 2909; x_wconf 82' lang='lat' dir='ltr'><strong>mu-</strong></span> 
     </span>
    </p>
   </div>
   <div class='ocr_carea' id='block_1_42' title="bbox 660 2959 1849 3028">
    <p class='ocr_par' dir='ltr' id='par_1_42' title="bbox 660 2959 1849 3028">
     <span class='ocr_line' id='line_1_43' title="bbox 660 2959 1849 3028; baseline -0.008 -14"><span class='ocrx_word' id='word_1_400' title='bbox 660 2959 847 3017; x_wconf 88' lang='lat' dir='ltr'><strong>lierem</strong></span> <span class='ocrx_word' id='word_1_401' title='bbox 869 2959 1084 3023; x_wconf 84' lang='lat' dir='ltr'><strong>liberat,</strong></span> <span class='ocrx_word' id='word_1_402' title='bbox 1107 2974 1264 3028; x_wconf 86' lang='lat' dir='ltr'><strong>quem</strong></span> <span class='ocrx_word' id='word_1_403' title='bbox 1294 2963 1514 3024; x_wconf 82' lang='lat' dir='ltr'><strong>generat</strong></span> <span class='ocrx_word' id='word_1_404' title='bbox 1537 2962 1620 3008; x_wconf 85' lang='lat' dir='ltr'><strong>est</strong></span> <span class='ocrx_word' id='word_1_405' title='bbox 1641 2968 1849 3008; x_wconf 89' lang='lat' dir='ltr'><strong>servus.</strong></span> 
     </span>
    </p>
   </div>
   <div class='ocr_carea' id='block_1_43' title="bbox 2421 2671 3859 2738">
    <p class='ocr_par' dir='ltr' id='par_1_43' title="bbox 2421 2671 3859 2738">
     <span class='ocr_line' id='line_1_44' title="bbox 2421 2671 3859 2738; baseline -0.01 -1"><span class='ocrx_word' id='word_1_406' title='bbox 2421 2677 2650 2738; x_wconf 84' lang='lat' dir='ltr'><strong>Romani</strong></span> <span class='ocrx_word' id='word_1_407' title='bbox 2698 2677 3044 2734; x_wconf 89' lang='lat' dir='ltr'><strong>reconciliant</strong></span> <span class='ocrx_word' id='word_1_408' title='bbox 3099 2675 3370 2731; x_wconf 88' lang='lat' dir='ltr'><strong>hominem</strong></span> <span class='ocrx_word' id='word_1_409' title='bbox 3431 2674 3576 2728; x_wconf 87' lang='lat' dir='ltr'><strong>intra</strong></span> <span class='ocrx_word' id='word_1_410' title='bbox 3622 2671 3859 2726; x_wconf 70' lang='lat' dir='ltr'><strong>absidem;</strong></span> 
     </span>
    </p>
   </div>
   <div class='ocr_carea' id='block_1_44' title="bbox 2334 2762 3862 2838">
    <p class='ocr_par' dir='ltr' id='par_1_44' title="bbox 2334 2762 3862 2838">
     <span class='ocr_line' id='line_1_45' title="bbox 2334 2762 3862 2838; baseline -0.011 -9"><span class='ocrx_word' id='word_1_411' title='bbox 2334 2773 2507 2830; x_wconf 53' lang='lat' dir='ltr'><strong>Graeci</strong></span> <span class='ocrx_word' id='word_1_412' title='bbox 2557 2771 2762 2838; x_wconf 81' lang='lat' dir='ltr'><strong>nolunt.</strong></span> <span class='ocrx_word' id='word_1_413' title='bbox 2813 2766 3195 2824; x_wconf 87' lang='lat' dir='ltr'><strong>Reconciliatio</strong></span> <span class='ocrx_word' id='word_1_414' title='bbox 3231 2765 3612 2836; x_wconf 78' lang='lat' dir='ltr'><strong>pcenitentium</strong></span> <span class='ocrx_word' id='word_1_415' title='bbox 3654 2762 3704 2815; x_wconf 92' lang='lat' dir='ltr'><strong>in</strong></span> <span class='ocrx_word' id='word_1_416' title='bbox 3741 2773 3862 2815; x_wconf 68' lang='lat' dir='ltr'><strong>cinna</strong></span> 
     </span>
    </p>
   </div>
   <div class='ocr_carea' id='block_1_45' title="bbox 2335 2859 3865 2928">
    <p class='ocr_par' dir='ltr' id='par_1_45' title="bbox 2335 2859 3865 2928">
     <span class='ocr_line' id='line_1_46' title="bbox 2335 2859 3865 2928; baseline -0.011 -8"><span class='ocrx_word' id='word_1_417' title='bbox 2335 2864 2546 2920; x_wconf 90' lang='lat' dir='ltr'><strong>Domini</strong></span> <span class='ocrx_word' id='word_1_418' title='bbox 2583 2872 2789 2917; x_wconf 90' lang='lat' dir='ltr'><strong>tantum</strong></span> <span class='ocrx_word' id='word_1_419' title='bbox 2817 2868 2901 2915; x_wconf 91' lang='lat' dir='ltr'><strong>est</strong></span> <span class='ocrx_word' id='word_1_420' title='bbox 2926 2861 2992 2914; x_wconf 90' lang='lat' dir='ltr'><strong>ab</strong></span> <span class='ocrx_word' id='word_1_421' title='bbox 3016 2859 3290 2928; x_wconf 67' lang='lat' dir='ltr'><strong>episcopo,</strong></span> <span class='ocrx_word' id='word_1_422' title='bbox 3307 2864 3364 2910; x_wconf 91' lang='lat' dir='ltr'><strong>et</strong></span> <span class='ocrx_word' id='word_1_423' title='bbox 3395 2863 3754 2910; x_wconf 88' lang='lat' dir='ltr'><strong>consummata</strong></span> <span class='ocrx_word' id='word_1_424' title='bbox 3777 2864 3865 2920; x_wconf 74' lang='lat' dir='ltr'><strong>pre-</strong></span> 
     </span>
    </p>
   </div>
   <div class='ocr_carea' id='block_1_46' title="bbox 2335 2945 3865 3020">
    <p class='ocr_par' dir='ltr' id='par_1_46' title="bbox 2335 2945 3865 3020">
     <span class='ocr_line' id='line_1_47' title="bbox 2335 2945 3865 3020; baseline -0.012 -9"><span class='ocrx_word' id='word_1_425' title='bbox 2335 2957 2576 3011; x_wconf 70' lang='lat' dir='ltr'><strong>uitentia.</strong></span> <span class='ocrx_word' id='word_1_426' title='bbox 2627 2954 2644 2994; x_wconf 79' lang='lat'>1</span> <span class='ocrx_word' id='word_1_427' title='bbox 2694 2953 2750 3008; x_wconf 91' lang='lat' dir='ltr'><strong>Si</strong></span> <span class='ocrx_word' id='word_1_428' title='bbox 2794 2967 2921 3007; x_wconf 76' lang='lat' dir='ltr'><strong>vero</strong></span> <span class='ocrx_word' id='word_1_429' title='bbox 2951 2951 3201 3020; x_wconf 77' lang='lat' dir='ltr'><strong>episcopo</strong></span> <span class='ocrx_word' id='word_1_430' title='bbox 3235 2947 3446 3003; x_wconf 85' lang='lat' dir='ltr'><strong>dillicile</strong></span> <span class='ocrx_word' id='word_1_431' title='bbox 3473 2947 3561 3006; x_wconf 90' lang='lat' dir='ltr'><strong>sit.</strong></span> <span class='ocrx_word' id='word_1_432' title='bbox 3594 2945 3865 3015; x_wconf 72' lang='lat' dir='ltr'><strong>presbytero</strong></span> 
     </span>
    </p>
   </div>
   <div class='ocr_carea' id='block_1_47' title="bbox 1249 3034 3866 3122">
    <p class='ocr_par' dir='ltr' id='par_1_47' title="bbox 1249 3034 3866 3122">
     <span class='ocr_line' id='line_1_48' title="bbox 1249 3034 3866 3122; baseline -0.007 -17"><span class='ocrx_word' id='word_1_433' title='bbox 1249 3045 1474 3100; x_wconf 74' lang='lat' dir='ltr'><strong>CAPUT</strong></span> <span class='ocrx_word' id='word_1_434' title='bbox 1512 3043 1644 3098; x_wconf 75' lang='grc' dir='ltr'><strong>ΧΠΙ-</strong></span> <span class='ocrx_word' id='word_1_435' title='bbox 2335 3061 2511 3122; x_wconf 90' lang='lat' dir='ltr'><strong>potest</strong></span> <span class='ocrx_word' id='word_1_436' title='bbox 2534 3048 2868 3106; x_wconf 88' lang='lat' dir='ltr'><strong>necessitatis</strong></span> <span class='ocrx_word' id='word_1_437' title='bbox 2895 3061 3055 3105; x_wconf 87' lang='lat' dir='ltr'><strong>causa</strong></span> <span class='ocrx_word' id='word_1_438' title='bbox 3083 3044 3320 3114; x_wconf 83' lang='lat' dir='ltr'><strong>praebere</strong></span> <span class='ocrx_word' id='word_1_439' title='bbox 3355 3048 3697 3110; x_wconf 86' lang='lat' dir='ltr'><strong>potestatem,</strong></span> <span class='ocrx_word' id='word_1_440' title='bbox 3719 3045 3772 3089; x_wconf 90' lang='lat' dir='ltr'><strong>ut</strong></span> <span class='ocrx_word' id='word_1_441' title='bbox 3789 3034 3866 3087; x_wconf 46' lang='lat' dir='ltr'><strong>im.</strong></span> 
     </span>
    </p>
   </div>
   <div class='ocr_carea' id='block_1_48' title="bbox 1071 3123 2260 3211">
    <p class='ocr_par' dir='ltr' id='par_1_48' title="bbox 1071 3132 1813 3202">
     <span class='ocr_line' id='line_1_49' title="bbox 1071 3132 1813 3202; baseline -0.005 -13"><span class='ocrx_word' id='word_1_442' title='bbox 1071 3136 1149 3200; x_wconf 84' lang='lat' dir='ltr'><strong>De</strong></span> <span class='ocrx_word' id='word_1_443' title='bbox 1184 3135 1397 3188; x_wconf 71' lang='lat' dir='ltr'><strong>diversis</strong></span> <span class='ocrx_word' id='word_1_444' title='bbox 1427 3132 1813 3202; x_wconf 54' lang='lat' dir='ltr'><strong>questionibus.</strong></span> 
     </span>
    </p>
   </div>
   <div class='ocr_carea' id='block_1_49' title="bbox 2328 3123 3870 3211">
    <p class='ocr_par' dir='ltr' id='par_1_49' title="bbox 2336 3123 3870 3211">
     <span class='ocr_line' id='line_1_50' title="bbox 2336 3123 3870 3211; baseline -0.012 -16"><span class='ocrx_word' id='word_1_445' title='bbox 2336 3141 2496 3211; x_wconf 90' lang='lat' dir='ltr'><strong>pleat.</strong></span> <span class='ocrx_word' id='word_1_446' title='bbox 2528 3136 2910 3194; x_wconf 89' lang='lat' dir='ltr'><strong>Reconciliatio</strong></span> <span class='ocrx_word' id='word_1_447' title='bbox 2932 3135 2986 3190; x_wconf 89' lang='lat' dir='ltr'><strong>in</strong></span> <span class='ocrx_word' id='word_1_448' title='bbox 3007 3135 3108 3188; x_wconf 87' lang='lat' dir='ltr'><strong>hac</strong></span> <span class='ocrx_word' id='word_1_449' title='bbox 3131 3131 3404 3201; x_wconf 79' lang='lat' dir='ltr'><strong>provincia</strong></span> <span class='ocrx_word' id='word_1_450' title='bbox 3429 3144 3535 3183; x_wconf 78' lang='lat' dir='ltr'><strong>non</strong></span> <span class='ocrx_word' id='word_1_451' title='bbox 3565 3134 3664 3190; x_wconf 87' lang='lat' dir='ltr'><strong>est,</strong></span> <span class='ocrx_word' id='word_1_452' title='bbox 3698 3123 3806 3199; x_wconf 64' lang='lat' dir='ltr'><strong>quia</strong></span> <span class='ocrx_word' id='word_1_453' title='bbox 3826 3129 3870 3175; x_wconf 79' lang='lat' dir='ltr'><strong>et</strong></span> 
     </span>
    </p>
   </div>
   <div class='ocr_carea' id='block_1_50' title="bbox 741 3222 2260 3301">
    <p class='ocr_par' dir='ltr' id='par_1_50' title="bbox 741 3222 2234 3297">
     <span class='ocr_line' id='line_1_51' title="bbox 741 3222 2234 3297; baseline -0.006 -13"><span class='ocrx_word' id='word_1_454' title='bbox 741 3227 761 3269; x_wconf 70' lang='grc' dir='ltr'>ί</span> <span class='ocrx_word' id='word_1_455' title='bbox 797 3227 1007 3297; x_wconf 81' lang='lat' dir='ltr'><strong>Jejunia</strong></span> <span class='ocrx_word' id='word_1_456' title='bbox 1036 3227 1273 3295; x_wconf 83' lang='lat' dir='ltr'><strong>legitima</strong></span> <span class='ocrx_word' id='word_1_457' title='bbox 1301 3225 1402 3280; x_wconf 85' lang='lat' dir='ltr'><strong>tria</strong></span> <span class='ocrx_word' id='word_1_458' title='bbox 1431 3233 1554 3278; x_wconf 88' lang='lat' dir='ltr'><strong>sunt</strong></span> <span class='ocrx_word' id='word_1_459' title='bbox 1590 3225 1642 3278; x_wconf 90' lang='lat' dir='ltr'><strong>in</strong></span> <span class='ocrx_word' id='word_1_460' title='bbox 1683 3239 1824 3278; x_wconf 87' lang='lat' dir='ltr'><strong>anno</strong></span> <span class='ocrx_word' id='word_1_461' title='bbox 1849 3222 1984 3296; x_wconf 80' lang='grc' dir='ltr'><strong>[Αι.,</strong></span> <span class='ocrx_word' id='word_1_462' title='bbox 2012 3238 2111 3294; x_wconf 90' lang='lat' dir='ltr'><strong>pro</strong></span> <span class='ocrx_word' id='word_1_463' title='bbox 2140 3236 2234 3292; x_wconf 89' lang='lat' dir='ltr'><strong>po-</strong></span> 
     </span>
    </p>
   </div>
   <div class='ocr_carea' id='block_1_51' title="bbox 2328 3222 3154 3301">
    <p class='ocr_par' dir='ltr' id='par_1_51' title="bbox 2336 3226 3154 3301">
     <span class='ocr_line' id='line_1_52' title="bbox 2336 3226 3154 3301; baseline -0.016 -13"><span class='ocrx_word' id='word_1_464' title='bbox 2336 3232 2548 3301; x_wconf 73' lang='lat' dir='ltr'><strong>publica</strong></span> <span class='ocrx_word' id='word_1_465' title='bbox 2579 3226 2893 3300; x_wconf 73' lang='lat' dir='ltr'><strong>pmnitcntia</strong></span> <span class='ocrx_word' id='word_1_466' title='bbox 2917 3240 3022 3280; x_wconf 91' lang='lat' dir='ltr'><strong>non</strong></span> <span class='ocrx_word' id='word_1_467' title='bbox 3052 3231 3154 3276; x_wconf 90' lang='lat' dir='ltr'><strong>est.</strong></span> 
     </span>
    </p>
   </div>
   <div class='ocr_carea' id='block_1_52' title="bbox 734 3361 1574 3431">
    <p class='ocr_par' dir='ltr' id='par_1_52' title="bbox 734 3361 1574 3431">
     <span class='ocr_line' id='line_1_53' title="bbox 734 3361 1574 3431; baseline -0.005 -14"><span class='ocrx_word' id='word_1_468' title='bbox 734 3375 760 3403; x_wconf 77' lang='grc' dir='ltr'>ι</span> <span class='ocrx_word' id='word_1_469' title='bbox 789 3362 1016 3431; x_wconf 88' lang='lat' dir='ltr'><strong>Capitul.</strong></span> <span class='ocrx_word' id='word_1_470' title='bbox 1047 3361 1105 3416; x_wconf 91' lang='lat' dir='ltr'><strong>C.</strong></span> <span class='ocrx_word' id='word_1_471' title='bbox 1136 3361 1204 3414; x_wconf 84' lang='lat' dir='ltr'><strong>M.</strong></span> <span class='ocrx_word' id='word_1_472' title='bbox 1235 3361 1270 3414; x_wconf 94' lang='grc'><strong>1.</strong></span> <span class='ocrx_word' id='word_1_473' title='bbox 1299 3377 1375 3425; x_wconf 74' lang='lat' dir='ltr'><strong>vr,</strong></span> <span class='ocrx_word' id='word_1_474' title='bbox 1406 3361 1574 3431; x_wconf 54' lang='grc' dir='ltr'><strong>(λεδ.</strong></span> 
     </span>
    </p>
   </div>
   <div class='ocr_carea' id='block_1_53' title="bbox 735 3428 2232 3501">
    <p class='ocr_par' dir='ltr' id='par_1_53' title="bbox 735 3428 2232 3501">
     <span class='ocr_line' id='line_1_54' title="bbox 735 3428 2232 3501; baseline -0.003 -15"><span class='ocrx_word' id='word_1_475' title='bbox 735 3432 765 3473; x_wconf 67' lang='grc' dir='ltr'>δ</span> <span class='ocrx_word' id='word_1_476' title='bbox 793 3428 992 3486; x_wconf 74' lang='lat' dir='ltr'><strong>&#39;l‘lieod.</strong></span> <span class='ocrx_word' id='word_1_477' title='bbox 1040 3433 1201 3501; x_wconf 88' lang='lat' dir='ltr'><strong>capit.</strong></span> <span class='ocrx_word' id='word_1_478' title='bbox 1247 3431 1335 3492; x_wconf 87' lang='lat'><strong>86,</strong></span> <span class='ocrx_word' id='word_1_479' title='bbox 1385 3430 1521 3494; x_wconf 88' lang='grc'><strong>116,</strong></span> <span class='ocrx_word' id='word_1_480' title='bbox 1565 3428 1692 3501; x_wconf 70' lang='lat' dir='ltr'><strong>IIS,</strong></span> <span class='ocrx_word' id='word_1_481' title='bbox 1725 3438 1766 3483; x_wconf 93' lang='lat' dir='ltr'><strong>t.</strong></span> <span class='ocrx_word' id='word_1_482' title='bbox 1813 3429 1881 3485; x_wconf 80' lang='lat' dir='ltr'><strong>IX</strong></span> <span class='ocrx_word' id='word_1_483' title='bbox 1936 3429 2232 3500; x_wconf 80' lang='lat' dir='ltr'><strong>Spici.eg.;</strong></span> 
     </span>
    </p>
   </div>
   <div class='ocr_carea' id='block_1_54' title="bbox 661 3499 2230 3568">
    <p class='ocr_par' dir='ltr' id='par_1_54' title="bbox 661 3499 2230 3568">
     <span class='ocr_line' id='line_1_55' title="bbox 661 3499 2230 3568; baseline -0.003 -10"><span class='ocrx_word' id='word_1_484' title='bbox 661 3518 814 3558; x_wconf 84' lang='lat' dir='ltr'><strong>conc.</strong></span> <span class='ocrx_word' id='word_1_485' title='bbox 841 3501 1010 3556; x_wconf 86' lang='lat' dir='ltr'><strong>Tolet.</strong></span> <span class='ocrx_word' id='word_1_486' title='bbox 1044 3499 1187 3565; x_wconf 44' lang='grc' dir='ltr'><strong>κίε.</strong></span> <span class='ocrx_word' id='word_1_487' title='bbox 1219 3501 1288 3563; x_wconf 87' lang='grc'><strong>6;</strong></span> <span class='ocrx_word' id='word_1_488' title='bbox 1320 3501 1568 3568; x_wconf 80' lang='lat' dir='ltr'><strong>Excerpt.</strong></span> <span class='ocrx_word' id='word_1_489' title='bbox 1602 3499 1737 3568; x_wconf 79' lang='lat' dir='ltr'><strong>Egb.</strong></span> <span class='ocrx_word' id='word_1_490' title='bbox 1783 3499 2034 3565; x_wconf 85' lang='lat' dir='ltr'><strong>Eborac.,</strong></span> <span class='ocrx_word' id='word_1_491' title='bbox 2064 3516 2114 3554; x_wconf 93' lang='lat' dir='ltr'><strong>c.</strong></span> <span class='ocrx_word' id='word_1_492' title='bbox 2142 3499 2230 3562; x_wconf 83' lang='lat'><strong>90,</strong></span> 
     </span>
    </p>
   </div>
   <div class='ocr_carea' id='block_1_55' title="bbox 663 3569 2230 3640">
    <p class='ocr_par' dir='ltr' id='par_1_55' title="bbox 663 3569 2230 3640">
     <span class='ocr_line' id='line_1_56' title="bbox 663 3569 2230 3640; baseline -0.003 -14"><span class='ocrx_word' id='word_1_493' title='bbox 663 3573 770 3640; x_wconf 74' lang='lat'><strong>9|;</strong></span> <span class='ocrx_word' id='word_1_494' title='bbox 810 3571 848 3626; x_wconf 91' lang='lat' dir='ltr'><strong>l.</strong></span> <span class='ocrx_word' id='word_1_495' title='bbox 879 3587 895 3625; x_wconf 83' lang='grc' dir='ltr'>ι</span> <span class='ocrx_word' id='word_1_496' title='bbox 921 3571 1116 3640; x_wconf 85' lang='lat' dir='ltr'><strong>Capit.,</strong></span> <span class='ocrx_word' id='word_1_497' title='bbox 1149 3587 1198 3625; x_wconf 90' lang='lat' dir='ltr'><strong>c.</strong></span> <span class='ocrx_word' id='word_1_498' title='bbox 1224 3569 1292 3624; x_wconf 68' lang='lat'><strong>46</strong></span> <span class='ocrx_word' id='word_1_499' title='bbox 1318 3579 1441 3625; x_wconf 89' lang='lat' dir='ltr'><strong>etc.</strong></span> <span class='ocrx_word' id='word_1_500' title='bbox 1476 3569 1610 3634; x_wconf 78' lang='lat'><strong>“5;</strong></span> <span class='ocrx_word' id='word_1_501' title='bbox 1658 3569 1845 3639; x_wconf 76' lang='lat' dir='ltr'><strong>Regia.</strong></span> <span class='ocrx_word' id='word_1_502' title='bbox 1874 3569 1910 3621; x_wconf 93' lang='lat' dir='ltr'><strong>l.</strong></span> <span class='ocrx_word' id='word_1_503' title='bbox 1937 3587 1998 3634; x_wconf 81' lang='grc' dir='ltr'><strong>ιι,</strong></span> <span class='ocrx_word' id='word_1_504' title='bbox 2019 3585 2068 3624; x_wconf 92' lang='lat' dir='ltr'><strong>c.</strong></span> <span class='ocrx_word' id='word_1_505' title='bbox 2093 3569 2230 3633; x_wconf 85' lang='lat' dir='ltr'><strong>I77;</strong></span> 
     </span>
    </p>
   </div>
   <div class='ocr_carea' id='block_1_56' title="bbox 663 3638 1203 3704">
    <p class='ocr_par' dir='ltr' id='par_1_56' title="bbox 663 3638 1203 3704">
     <span class='ocr_line' id='line_1_57' title="bbox 663 3638 1203 3704; baseline -0.006 -9"><span class='ocrx_word' id='word_1_506' title='bbox 663 3638 860 3695; x_wconf 84' lang='lat' dir='ltr'><strong>Burch.</strong></span> <span class='ocrx_word' id='word_1_507' title='bbox 891 3640 926 3692; x_wconf 90' lang='grc' dir='ltr'><strong>ι.</strong></span> <span class='ocrx_word' id='word_1_508' title='bbox 958 3638 1012 3704; x_wconf 69' lang='grc'><strong>8,</strong></span> <span class='ocrx_word' id='word_1_509' title='bbox 1035 3657 1084 3694; x_wconf 90' lang='lat' dir='ltr'><strong>c.</strong></span> <span class='ocrx_word' id='word_1_510' title='bbox 1116 3641 1203 3695; x_wconf 87' lang='grc'><strong>18.</strong></span> 
     </span>
    </p>
   </div>
   <div class='ocr_carea' id='block_1_57' title="bbox 735 3707 2233 3780">
    <p class='ocr_par' dir='ltr' id='par_1_57' title="bbox 735 3707 2233 3780">
     <span class='ocr_line' id='line_1_58' title="bbox 735 3707 2233 3780; baseline -0.003 -16"><span class='ocrx_word' id='word_1_511' title='bbox 735 3722 757 3749; x_wconf 73' lang='grc' dir='ltr'><strong>ο</strong></span> <span class='ocrx_word' id='word_1_512' title='bbox 789 3709 989 3764; x_wconf 87' lang='lat' dir='ltr'><strong>Theod.</strong></span> <span class='ocrx_word' id='word_1_513' title='bbox 1021 3726 1136 3780; x_wconf 83' lang='lat' dir='ltr'><strong>cap.</strong></span> <span class='ocrx_word' id='word_1_514' title='bbox 1165 3709 1223 3762; x_wconf 82' lang='lat' dir='ltr'><strong>7i</strong></span> <span class='ocrx_word' id='word_1_515' title='bbox 1253 3749 1267 3773; x_wconf 96' lang='lat'><strong>,</strong></span> <span class='ocrx_word' id='word_1_516' title='bbox 1293 3717 1330 3780; x_wconf 40' lang='grc' dir='ltr'><strong>ι)</strong></span> <span class='ocrx_word' id='word_1_517' title='bbox 1361 3707 1430 3762; x_wconf 75' lang='lat' dir='ltr'><strong>IX</strong></span> <span class='ocrx_word' id='word_1_518' title='bbox 1485 3707 1779 3780; x_wconf 10' lang='lat' dir='ltr'><strong>S_picileg.ﬁ;</strong></span> <span class='ocrx_word' id='word_1_519' title='bbox 1815 3709 2064 3780; x_wconf 77' lang='lat' dir='ltr'><strong>Excerpt.</strong></span> <span class='ocrx_word' id='word_1_520' title='bbox 2096 3708 2233 3778; x_wconf 81' lang='lat' dir='ltr'><strong>Egb.</strong></span> 
     </span>
    </p>
   </div>
   <div class='ocr_carea' id='block_1_58' title="bbox 663 3778 2068 3844">
    <p class='ocr_par' dir='ltr' id='par_1_58' title="bbox 663 3778 2068 3844">
     <span class='ocr_line' id='line_1_59' title="bbox 663 3778 2068 3844; baseline -0.001 -10"><span class='ocrx_word' id='word_1_521' title='bbox 663 3779 826 3834; x_wconf 83' lang='lat' dir='ltr'><strong>Ebor.</strong></span> <span class='ocrx_word' id='word_1_522' title='bbox 857 3795 907 3833; x_wconf 91' lang='lat' dir='ltr'><strong>c.</strong></span> <span class='ocrx_word' id='word_1_523' title='bbox 942 3779 1064 3843; x_wconf 67' lang='lat'><strong>124,</strong></span> <span class='ocrx_word' id='word_1_524' title='bbox 1086 3778 1264 3833; x_wconf 75' lang='lat' dir='ltr'><strong>canon</strong></span> <span class='ocrx_word' id='word_1_525' title='bbox 1291 3779 1450 3832; x_wconf 80' lang='lat' dir='ltr'><strong>Dicit.</strong></span> <span class='ocrx_word' id='word_1_526' title='bbox 1511 3778 1708 3834; x_wconf 72' lang='lat' dir='ltr'><strong>Burch.</strong></span> <span class='ocrx_word' id='word_1_527' title='bbox 1735 3779 1770 3833; x_wconf 95' lang='lat' dir='ltr'><strong>l.</strong></span> <span class='ocrx_word' id='word_1_528' title='bbox 1801 3796 1878 3844; x_wconf 72' lang='lat' dir='ltr'><strong>is,</strong></span> <span class='ocrx_word' id='word_1_529' title='bbox 1905 3795 1954 3834; x_wconf 90' lang='lat' dir='ltr'><strong>c.</strong></span> <span class='ocrx_word' id='word_1_530' title='bbox 1983 3779 2068 3833; x_wconf 87' lang='grc'><strong>19.</strong></span> 
     </span>
    </p>
   </div>
   <div class='ocr_carea' id='block_1_59' title="bbox 731 3847 2031 3914">
    <p class='ocr_par' dir='ltr' id='par_1_59' title="bbox 731 3847 2031 3914">
     <span class='ocr_line' id='line_1_60' title="bbox 731 3847 2031 3914; baseline 0 -12"><span class='ocrx_word' id='word_1_531' title='bbox 731 3847 759 3888; x_wconf 72' lang='grc' dir='ltr'><strong><em>ἀ</em></strong></span> <span class='ocrx_word' id='word_1_532' title='bbox 792 3848 867 3902; x_wconf 76' lang='lat' dir='ltr'><strong>Ex</strong></span> <span class='ocrx_word' id='word_1_533' title='bbox 896 3863 1047 3902; x_wconf 91' lang='lat' dir='ltr'><strong>conc.</strong></span> <span class='ocrx_word' id='word_1_534' title='bbox 1081 3849 1406 3911; x_wconf 81' lang='lat' dir='ltr'><strong>Matiscensi,</strong></span> <span class='ocrx_word' id='word_1_535' title='bbox 1435 3847 1668 3914; x_wconf 82' lang='lat' dir='ltr'><strong>Capitul.</strong></span> <span class='ocrx_word' id='word_1_536' title='bbox 1699 3849 1733 3902; x_wconf 95' lang='lat' dir='ltr'><strong>l.</strong></span> <span class='ocrx_word' id='word_1_537' title='bbox 1758 3865 1832 3914; x_wconf 74' lang='lat' dir='ltr'><strong>vr,</strong></span> <span class='ocrx_word' id='word_1_538' title='bbox 1860 3865 1908 3904; x_wconf 91' lang='lat' dir='ltr'><strong>c.</strong></span> <span class='ocrx_word' id='word_1_539' title='bbox 1942 3848 2031 3904; x_wconf 68' lang='lat'><strong>94.</strong></span> 
     </span>
    </p>
   </div>
   <div class='ocr_carea' id='block_1_60' title="bbox 738 3917 1783 3986">
    <p class='ocr_par' dir='ltr' id='par_1_60' title="bbox 738 3917 1783 3986">
     <span class='ocr_line' id='line_1_61' title="bbox 738 3917 1783 3986; baseline 0.005 -19"><span class='ocrx_word' id='word_1_540' title='bbox 738 3919 874 3986; x_wconf 52' lang='grc' dir='ltr'><strong>ξᾼι.</strong></span> <span class='ocrx_word' id='word_1_541' title='bbox 905 3933 1022 3986; x_wconf 88' lang='lat' dir='ltr'><strong>cap.</strong></span> <span class='ocrx_word' id='word_1_542' title='bbox 1057 3917 1258 3973; x_wconf 89' lang='lat' dir='ltr'><strong>Theod.</strong></span> <span class='ocrx_word' id='word_1_543' title='bbox 1291 3918 1382 3984; x_wconf 75' lang='lat'><strong>74,</strong></span> <span class='ocrx_word' id='word_1_544' title='bbox 1412 3927 1451 3972; x_wconf 85' lang='lat' dir='ltr'><strong>t.</strong></span> <span class='ocrx_word' id='word_1_545' title='bbox 1477 3917 1545 3972; x_wconf 79' lang='lat' dir='ltr'><strong>lx</strong></span> <span class='ocrx_word' id='word_1_546' title='bbox 1601 3919 1783 3986; x_wconf 88' lang='lat' dir='ltr'><strong>Spicil.</strong></span> 
     </span>
    </p>
   </div>
   <div class='ocr_carea' id='block_1_61' title="bbox 663 3981 2232 4112">
    <p class='ocr_par' dir='ltr' id='par_1_61' title="bbox 663 3981 2232 4112">
     <span class='ocr_line' id='line_1_62' title="bbox 663 3981 2232 4112; baseline -0.002 -72"><span class='ocrx_word' id='word_1_547' title='bbox 663 3981 987 4112; x_wconf 45' lang='lat' dir='ltr'><strong>c.2311.de</strong></span> <span class='ocrx_word' id='word_1_548' title='bbox 1020 4001 1138 4059; x_wconf 85' lang='lat' dir='ltr'><strong>cap.</strong></span> <span class='ocrx_word' id='word_1_549' title='bbox 1164 3989 1210 4042; x_wconf 83' lang='grc'><strong>1.</strong></span> <span class='ocrx_word' id='word_1_550' title='bbox 1229 3989 1287 4053; x_wconf 88' lang='lat'><strong>9,</strong></span> <span class='ocrx_word' id='word_1_551' title='bbox 1316 3981 1453 4044; x_wconf 66' lang='lat' dir='ltr'><strong>LIX</strong></span> <span class='ocrx_word' id='word_1_552' title='bbox 1487 3981 1739 4059; x_wconf 86' lang='lat' dir='ltr'><strong>Spicileg.</strong></span> <span class='ocrx_word' id='word_1_553' title='bbox 1767 4004 1783 4053; x_wconf 88' lang='lat'><strong>;</strong></span> <span class='ocrx_word' id='word_1_554' title='bbox 1830 3987 1866 4042; x_wconf 91' lang='lat' dir='ltr'><strong>I.</strong></span> <span class='ocrx_word' id='word_1_555' title='bbox 1894 4000 1946 4042; x_wconf 74' lang='lat' dir='ltr'><strong>Vl</strong></span> <span class='ocrx_word' id='word_1_556' title='bbox 1976 3985 2232 4056; x_wconf 88' lang='lat' dir='ltr'><strong>Capitul.,</strong></span> 
     </span>
    </p>
   </div>
   <div class='ocr_carea' id='block_1_62' title="bbox 2410 3354 3453 3476">
    <p class='ocr_par' dir='ltr' id='par_1_62' title="bbox 2410 3354 3453 3476">
     <span class='ocr_line' id='line_1_63' title="bbox 2413 3354 3453 3429; baseline -0.012 -10"><span class='ocrx_word' id='word_1_557' title='bbox 2413 3366 2438 3406; x_wconf 71' lang='grc' dir='ltr'><strong><em>κ</em></strong></span> <span class='ocrx_word' id='word_1_558' title='bbox 2467 3360 2670 3419; x_wconf 85' lang='lat' dir='ltr'><strong>Theod.</strong></span> <span class='ocrx_word' id='word_1_559' title='bbox 2694 3377 2810 3429; x_wconf 90' lang='lat' dir='ltr'><strong>cap.</strong></span> <span class='ocrx_word' id='word_1_560' title='bbox 2839 3360 2946 3423; x_wconf 77' lang='lat'><strong>59;</strong></span> <span class='ocrx_word' id='word_1_561' title='bbox 2990 3367 3027 3412; x_wconf 91' lang='lat' dir='ltr'><strong>t.</strong></span> <span class='ocrx_word' id='word_1_562' title='bbox 3064 3357 3132 3411; x_wconf 75' lang='lat' dir='ltr'><strong>IX</strong></span> <span class='ocrx_word' id='word_1_563' title='bbox 3197 3354 3453 3425; x_wconf 84' lang='lat' dir='ltr'><strong>Spicileg.</strong></span> 
     </span>
     <span class='ocr_line' id='line_1_64' title="bbox 2410 3432 3078 3476; baseline 0 0"><span class='ocrx_word' id='word_1_564' title='bbox 2410 3435 2438 3476; x_wconf 72' lang='lat' dir='ltr'><strong>li</strong></span> <span class='ocrx_word' id='word_1_565' title='bbox 2465 3434 2594 3476; x_wconf 63' lang='lat' dir='ltr'><strong>Cum</strong></span> <span class='ocrx_word' id='word_1_566' title='bbox 2625 3432 2711 3476; x_wconf 60' lang='grc' dir='ltr'><strong>ΑΩ-</strong></span> <span class='ocrx_word' id='word_1_567' title='bbox 2745 3432 2874 3476; x_wconf 72' lang='lat' dir='ltr'><strong>Vide</strong></span> <span class='ocrx_word' id='word_1_568' title='bbox 2906 3437 3078 3476; x_wconf 72' lang='lat' dir='ltr'><strong>notas.</strong></span> 
     </span>
    </p>
   </div>
   <div class='ocr_carea' id='block_1_63' title="bbox 2418 3432 3872 3570">
    <p class='ocr_par' dir='ltr' id='par_1_63' title="bbox 2418 3432 3872 3570">
     <span class='ocr_line' id='line_1_65' title="bbox 2418 3432 3078 3503; baseline -0.014 -15"><span class='ocrx_word' id='word_1_569' title='bbox 2418 3437 2438 3476; x_wconf 57' lang='grc' dir='ltr'>δ</span> <span class='ocrx_word' id='word_1_570' title='bbox 2465 3434 2596 3503; x_wconf 87' lang='lat' dir='ltr'><strong>Cap.</strong></span> <span class='ocrx_word' id='word_1_571' title='bbox 2625 3432 2712 3485; x_wconf 70' lang='grc'><strong>42.</strong></span> <span class='ocrx_word' id='word_1_572' title='bbox 2745 3432 2874 3485; x_wconf 73' lang='lat' dir='ltr'><strong>Vide</strong></span> <span class='ocrx_word' id='word_1_573' title='bbox 2905 3437 3078 3482; x_wconf 78' lang='lat' dir='ltr'><strong>notas.</strong></span> 
     </span>
     <span class='ocr_line' id='line_1_66' title="bbox 2418 3489 3872 3570; baseline -0.011 -11"><span class='ocrx_word' id='word_1_574' title='bbox 2418 3507 2432 3545; x_wconf 83' lang='grc' dir='ltr'><strong>ί</strong></span> <span class='ocrx_word' id='word_1_575' title='bbox 2471 3503 2673 3558; x_wconf 89' lang='lat' dir='ltr'><strong>Theod.</strong></span> <span class='ocrx_word' id='word_1_576' title='bbox 2709 3517 2825 3570; x_wconf 86' lang='lat' dir='ltr'><strong>cap.</strong></span> <span class='ocrx_word' id='word_1_577' title='bbox 2854 3499 2956 3564; x_wconf 72' lang='lat'><strong>22,</strong></span> <span class='ocrx_word' id='word_1_578' title='bbox 2980 3507 3018 3550; x_wconf 93' lang='lat' dir='ltr'><strong>t.</strong></span> <span class='ocrx_word' id='word_1_579' title='bbox 3045 3496 3115 3552; x_wconf 74' lang='lat' dir='ltr'><strong>IX</strong></span> <span class='ocrx_word' id='word_1_580' title='bbox 3164 3493 3416 3566; x_wconf 84' lang='lat' dir='ltr'><strong>Spicileg.</strong></span> <span class='ocrx_word' id='word_1_581' title='bbox 3441 3509 3470 3560; x_wconf 89' lang='lat'><strong>;-</strong></span> <span class='ocrx_word' id='word_1_582' title='bbox 3496 3489 3744 3547; x_wconf 83' lang='lat' dir='ltr'><strong>Burch.l.</strong></span> <span class='ocrx_word' id='word_1_583' title='bbox 3765 3503 3872 3551; x_wconf 73' lang='lat' dir='ltr'><strong>vin.</strong></span> 
     </span>
    </p>
   </div>
   <div class='ocr_carea' id='block_1_64' title="bbox 2340 3574 3565 3710">
    <p class='ocr_par' dir='ltr' id='par_1_64' title="bbox 2340 3574 3565 3710">
     <span class='ocr_line' id='line_1_67' title="bbox 2340 3574 3565 3710; baseline -0.006 -17"><span class='ocrx_word' id='word_1_584' title='bbox 2340 3592 2390 3631; x_wconf 53' lang='grc' dir='ltr'><strong>θ’</strong></span> <span class='ocrx_word' id='word_1_585' title='bbox 2411 3574 2535 3695; x_wconf 45' lang='grc'><strong>16⁸1⁷.</strong></span> <span class='ocrx_word' id='word_1_586' title='bbox 2565 3641 2700 3710; x_wconf 86' lang='lat' dir='ltr'><strong>Aug.</strong></span> <span class='ocrx_word' id='word_1_587' title='bbox 2731 3653 2894 3694; x_wconf 89' lang='lat' dir='ltr'><strong>serm.</strong></span> <span class='ocrx_word' id='word_1_588' title='bbox 2927 3638 2992 3692; x_wconf 91' lang='lat' dir='ltr'><strong>dc</strong></span> <span class='ocrx_word' id='word_1_589' title='bbox 3011 3635 3194 3710; x_wconf 62' lang='lat' dir='ltr'><strong>verbis</strong></span> <span class='ocrx_word' id='word_1_590' title='bbox 3217 3632 3404 3710; x_wconf 60' lang='lat' dir='ltr'><strong>llpnst.</strong></span> <span class='ocrx_word' id='word_1_591' title='bbox 3435 3631 3565 3710; x_wconf 87' lang='lat' dir='ltr'><strong>c_.</strong></span> 
     </span>
    </p>
   </div>
   <div class='ocr_carea' id='block_1_65' title="bbox 2409 3699 3871 3775">
    <p class='ocr_par' dir='ltr' id='par_1_65' title="bbox 2409 3699 3871 3775">
     <span class='ocr_line' id='line_1_68' title="bbox 2409 3699 3871 3775; baseline -0.012 -7"><span class='ocrx_word' id='word_1_592' title='bbox 2409 3714 2437 3754; x_wconf 76' lang='grc' dir='ltr'><strong>ιι</strong></span> <span class='ocrx_word' id='word_1_593' title='bbox 2473 3699 2679 3767; x_wconf 65' lang='grc' dir='ltr'><strong>Βιινειιῗ</strong></span> <span class='ocrx_word' id='word_1_594' title='bbox 2717 3710 2754 3764; x_wconf 91' lang='grc' dir='ltr'><strong>ι.</strong></span> <span class='ocrx_word' id='word_1_595' title='bbox 2791 3719 2962 3772; x_wconf 73' lang='lat' dir='ltr'><strong>imit,</strong></span> <span class='ocrx_word' id='word_1_596' title='bbox 3008 3723 3058 3762; x_wconf 92' lang='lat' dir='ltr'><strong>c.</strong></span> <span class='ocrx_word' id='word_1_597' title='bbox 3088 3705 3195 3768; x_wconf 74' lang='lat'><strong>20;</strong></span> <span class='ocrx_word' id='word_1_598' title='bbox 3235 3699 3324 3760; x_wconf 64' lang='lat' dir='ltr'><strong>lvo</strong></span> <span class='ocrx_word' id='word_1_599' title='bbox 3364 3720 3421 3775; x_wconf 85' lang='lat' dir='ltr'><strong>p.</strong></span> <span class='ocrx_word' id='word_1_600' title='bbox 3462 3702 3563 3768; x_wconf 83' lang='lat' dir='ltr'><strong>I5,</strong></span> <span class='ocrx_word' id='word_1_601' title='bbox 3601 3716 3651 3758; x_wconf 90' lang='lat' dir='ltr'><strong>c.</strong></span> <span class='ocrx_word' id='word_1_602' title='bbox 3689 3699 3788 3764; x_wconf 67' lang='lat' dir='ltr'><strong>ﬂ;</strong></span> <span class='ocrx_word' id='word_1_603' title='bbox 3821 3711 3871 3750; x_wconf 77' lang='lat' dir='ltr'><strong>cx</strong></span> 
     </span>
    </p>
   </div>
   <div class='ocr_carea' id='block_1_66' title="bbox 2338 3778 3874 3932">
    <p class='ocr_par' dir='ltr' id='par_1_66' title="bbox 2338 3778 3874 3932">
     <span class='ocr_line' id='line_1_69' title="bbox 2338 3778 3874 3932; baseline 0.016 -1"><span class='ocrx_word' id='word_1_604' title='bbox 2338 3778 3218 3932; x_wconf 53' lang='lat' dir='ltr'><strong>itala;</strong></span> <span class='ocrx_word' id='word_1_605' title='bbox 3263 3845 3463 3932; x_wconf 53' lang='grc' dir='ltr'><strong>ηρφολ</strong></span> 
     </span>
    </p>
   </div>
   <div class='ocr_carea' id='block_1_67' title="bbox 2339 3904 3873 3990">
    <p class='ocr_par' dir='ltr' id='par_1_67' title="bbox 2339 3904 3873 3990">
     <span class='ocr_line' id='line_1_70' title="bbox 2339 3904 3873 3990; baseline -0.012 -14"><span class='ocrx_word' id='word_1_606' title='bbox 2339 3904 2507 3977; x_wconf 55' lang='lat' dir='ltr'>Eccl?</span> <span class='ocrx_word' id='word_1_607' title='bbox 2536 3904 2752 3990; x_wconf 53' lang='lat' dir='ltr'><strong>Disucipl.</strong></span> <span class='ocrx_word' id='word_1_608' title='bbox 2775 3904 2808 3982; x_wconf 85' lang='lat'><strong>,‘</strong></span> <span class='ocrx_word' id='word_1_609' title='bbox 2835 3933 2952 3990; x_wconf 76' lang='lat' dir='ltr'><strong>cap.</strong></span> <span class='ocrx_word' id='word_1_610' title='bbox 2999 3915 3136 3990; x_wconf 57' lang='lat' dir='ltr'><strong>eos,</strong></span> <span class='ocrx_word' id='word_1_611' title='bbox 3187 3904 3611 3970; x_wconf 57' lang='lat' dir='ltr'><strong>constitutiones</strong></span> <span class='ocrx_word' id='word_1_612' title='bbox 3645 3904 3873 3965; x_wconf 81' lang='lat' dir='ltr'><strong>Edmundi</strong></span> 
     </span>
    </p>
   </div>
   <div class='ocr_carea' id='block_1_68' title="bbox 2341 3986 3149 4054">
    <p class='ocr_par' dir='ltr' id='par_1_68' title="bbox 2341 3986 3149 4054">
     <span class='ocr_line' id='line_1_71' title="bbox 2341 3986 3149 4054; baseline -0.01 -8"><span class='ocrx_word' id='word_1_613' title='bbox 2341 3991 2494 4046; x_wconf 83' lang='lat' dir='ltr'><strong>arch.</strong></span> <span class='ocrx_word' id='word_1_614' title='bbox 2525 3986 2950 4054; x_wconf 82' lang='lat' dir='ltr'><strong>Cantuariensis,</strong></span> <span class='ocrx_word' id='word_1_615' title='bbox 2981 4001 3031 4042; x_wconf 92' lang='lat' dir='ltr'><strong>c.</strong></span> <span class='ocrx_word' id='word_1_616' title='bbox 3062 3986 3149 4039; x_wconf 66' lang='lat' dir='ltr'><strong>li.</strong></span> 
     </span>
    </p>
   </div>
   <div class='ocr_carea' id='block_1_69' title="bbox 1508 4327 3016 4451">
    <p class='ocr_par' dir='ltr' id='par_1_69' title="bbox 1508 4327 3016 4451">
     <span class='ocr_line' id='line_1_72' title="bbox 1508 4327 3016 4451; baseline -0.009 0"><span class='ocrx_word' id='word_1_617' title='bbox 1508 4333 2209 4451; x_wconf 87' lang='lat' dir='ltr'><strong>CAPITULA</strong></span> <span class='ocrx_word' id='word_1_618' title='bbox 2295 4327 3016 4446; x_wconf 86' lang='lat' dir='ltr'><strong>THEODORI</strong></span> 
     </span>
    </p>
   </div>
   <div class='ocr_carea' id='block_1_70' title="bbox 2425 4530 2674 4549">
    <p class='ocr_par' dir='ltr' id='par_1_70' title="bbox 2425 4530 2674 4549">
     <span class='ocr_line' id='line_1_73' title="bbox 2425 4530 2674 4549; baseline -0.012 1"><span class='ocrx_word' id='word_1_619' title='bbox 2425 4530 2674 4549; x_wconf 53' lang='grc' dir='ltr'><strong>ν*</strong></span> 
     </span>
    </p>
   </div>
   <div class='ocr_carea' id='block_1_71' title="bbox 1089 4647 1809 4718">
    <p class='ocr_par' dir='ltr' id='par_1_71' title="bbox 1089 4647 1809 4718">
     <span class='ocr_line' id='line_1_74' title="bbox 1089 4647 1809 4718; baseline -0.015 0"><span class='ocrx_word' id='word_1_620' title='bbox 1089 4657 1286 4718; x_wconf 79' lang='lat' dir='ltr'><strong>CAPIT</strong></span> <span class='ocrx_word' id='word_1_621' title='bbox 1295 4649 1485 4716; x_wconf 78' lang='lat' dir='ltr'><strong>ULUM</strong></span> <span class='ocrx_word' id='word_1_622' title='bbox 1522 4647 1809 4710; x_wconf 71' lang='lat' dir='ltr'><strong>PRIMUM.</strong></span> 
     </span>
    </p>
   </div>
   <div class='ocr_carea' id='block_1_72' title="bbox 667 4762 2229 4838">
    <p class='ocr_par' dir='ltr' id='par_1_72' title="bbox 667 4762 2229 4838">
     <span class='ocr_line' id='line_1_75' title="bbox 667 4762 2229 4838; baseline -0.012 -5"><span class='ocrx_word' id='word_1_623' title='bbox 667 4774 980 4833; x_wconf 76' lang='lat' dir='ltr'><strong>Pcnitentia</strong></span> <span class='ocrx_word' id='word_1_624' title='bbox 1005 4773 1146 4828; x_wconf 80' lang='lat' dir='ltr'><strong>illius</strong></span> <span class='ocrx_word' id='word_1_625' title='bbox 1177 4772 1301 4824; x_wconf 85' lang='lat' dir='ltr'><strong>anni</strong></span> <span class='ocrx_word' id='word_1_626' title='bbox 1340 4770 1516 4830; x_wconf 73' lang='lat' dir='ltr'><strong>unius,</strong></span> <span class='ocrx_word' id='word_1_627' title='bbox 1565 4768 1652 4838; x_wconf 84' lang='lat' dir='ltr'><strong>qui</strong></span> <span class='ocrx_word' id='word_1_628' title='bbox 1678 4767 1734 4819; x_wconf 86' lang='lat' dir='ltr'><strong>in</strong></span> <span class='ocrx_word' id='word_1_629' title='bbox 1764 4772 1969 4838; x_wconf 61' lang='lat' dir='ltr'><strong>panitet</strong></span> <span class='ocrx_word' id='word_1_630' title='bbox 1989 4778 2124 4832; x_wconf 79' lang='lat' dir='ltr'><strong>aqua</strong></span> <span class='ocrx_word' id='word_1_631' title='bbox 2147 4762 2229 4831; x_wconf 84' lang='lat' dir='ltr'><strong>je-</strong></span> 
     </span>
    </p>
   </div>
   <div class='ocr_carea' id='block_1_73' title="bbox 833 4833 2050 4915">
    <p class='ocr_par' dir='ltr' id='par_1_73' title="bbox 833 4833 2050 4915">
     <span class='ocr_line' id='line_1_76' title="bbox 833 4833 2050 4915; baseline -0.012 -16"><span class='ocrx_word' id='word_1_632' title='bbox 833 4844 1107 4915; x_wconf 82' lang='lat' dir='ltr'><strong>junandus</strong></span> <span class='ocrx_word' id='word_1_633' title='bbox 1137 4850 1227 4904; x_wconf 81' lang='lat' dir='ltr'><strong>est,</strong></span> <span class='ocrx_word' id='word_1_634' title='bbox 1261 4840 1361 4894; x_wconf 75' lang='lat' dir='ltr'><strong>isto</strong></span> <span class='ocrx_word' id='word_1_635' title='bbox 1389 4833 1856 4892; x_wconf 65' lang='lat' dir='ltr'><strong>ordine&#39;obseroari</strong></span> <span class='ocrx_word' id='word_1_636' title='bbox 1885 4833 2050 4887; x_wconf 84' lang='lat' dir='ltr'><strong>debet.</strong></span> 
     </span>
    </p>
   </div>
   <div class='ocr_carea' id='block_1_74' title="bbox 2262 4632 3876 4728">
    <p class='ocr_par' dir='ltr' id='par_1_74' title="bbox 2262 4632 3876 4728">
     <span class='ocr_line' id='line_1_77' title="bbox 2262 4632 3876 4728; baseline -0.006 -26"><span class='ocrx_word' id='word_1_637' title='bbox 2262 4650 2316 4728; x_wconf 76' lang='grc' dir='ltr'><strong>ι)</strong></span> <span class='ocrx_word' id='word_1_638' title='bbox 2341 4645 2552 4716; x_wconf 77' lang='lat' dir='ltr'><strong>generis</strong></span> <span class='ocrx_word' id='word_1_639' title='bbox 2579 4644 2779 4714; x_wconf 85' lang='lat' dir='ltr'><strong>piscem</strong></span> <span class='ocrx_word' id='word_1_640' title='bbox 2805 4683 2819 4706; x_wconf 90' lang='lat'><strong>,</strong></span> <span class='ocrx_word' id='word_1_641' title='bbox 2842 4650 2895 4696; x_wconf 87' lang='lat' dir='ltr'><strong>et</strong></span> <span class='ocrx_word' id='word_1_642' title='bbox 2937 4632 3205 4728; x_wconf 83' lang='lat' dir='ltr'><strong>legumina</strong></span> <span class='ocrx_word' id='word_1_643' title='bbox 3230 4681 3245 4702; x_wconf 86' lang='lat'><strong>.</strong></span> <span class='ocrx_word' id='word_1_644' title='bbox 3285 4641 3342 4694; x_wconf 84' lang='lat' dir='ltr'><strong>et</strong></span> <span class='ocrx_word' id='word_1_645' title='bbox 3365 4635 3541 4706; x_wconf 89' lang='lat' dir='ltr'><strong>olera,</strong></span> <span class='ocrx_word' id='word_1_646' title='bbox 3575 4649 3633 4697; x_wconf 91' lang='lat' dir='ltr'><strong>et</strong></span> <span class='ocrx_word' id='word_1_647' title='bbox 3660 4657 3821 4712; x_wconf 82' lang='lat' dir='ltr'><strong>poma,</strong></span> <span class='ocrx_word' id='word_1_648' title='bbox 3845 4639 3876 4692; x_wconf 81' lang='lat' dir='ltr'><strong>s&#39;.</strong></span> 
     </span>
    </p>
   </div>
   <div class='ocr_carea' id='block_1_75' title="bbox 2330 4725 3878 4805">
    <p class='ocr_par' dir='ltr' id='par_1_75' title="bbox 2330 4725 3878 4805">
     <span class='ocr_line' id='line_1_78' title="bbox 2330 4725 3878 4805; baseline -0.006 -8"><span class='ocrx_word' id='word_1_649' title='bbox 2330 4743 2469 4805; x_wconf 79' lang='lat' dir='ltr'><strong>vult,</strong></span> <span class='ocrx_word' id='word_1_650' title='bbox 2499 4739 2766 4802; x_wconf 89' lang='lat' dir='ltr'><strong>comedat,</strong></span> <span class='ocrx_word' id='word_1_651' title='bbox 2801 4745 2857 4792; x_wconf 91' lang='lat' dir='ltr'><strong>et</strong></span> <span class='ocrx_word' id='word_1_652' title='bbox 2885 4737 3166 4791; x_wconf 74' lang='lat' dir='ltr'><strong>cervisiam</strong></span> <span class='ocrx_word' id='word_1_653' title='bbox 3194 4725 3369 4798; x_wconf 81' lang='lat' dir='ltr'><strong>bibat;</strong></span> <span class='ocrx_word' id='word_1_654' title='bbox 3417 4743 3474 4790; x_wconf 89' lang='lat' dir='ltr'><strong>et</strong></span> <span class='ocrx_word' id='word_1_655' title='bbox 3510 4735 3562 4790; x_wconf 90' lang='lat' dir='ltr'><strong>in</strong></span> <span class='ocrx_word' id='word_1_656' title='bbox 3593 4735 3779 4792; x_wconf 87' lang='lat' dir='ltr'><strong>diebus</strong></span> <span class='ocrx_word' id='word_1_657' title='bbox 3802 4735 3878 4787; x_wconf 88' lang='lat' dir='ltr'><strong>Do-</strong></span> 
     </span>
    </p>
   </div>
   <div class='ocr_carea' id='block_1_76' title="bbox 2333 4822 3877 4893">
    <p class='ocr_par' dir='ltr' id='par_1_76' title="bbox 2333 4822 3877 4893">
     <span class='ocr_line' id='line_1_79' title="bbox 2333 4822 3877 4893; baseline -0.008 -7"><span class='ocrx_word' id='word_1_658' title='bbox 2333 4830 2566 4893; x_wconf 91' lang='lat' dir='ltr'><strong>minicis,</strong></span> <span class='ocrx_word' id='word_1_659' title='bbox 2592 4838 2646 4883; x_wconf 89' lang='lat' dir='ltr'><strong>et</strong></span> <span class='ocrx_word' id='word_1_660' title='bbox 2676 4829 2727 4882; x_wconf 92' lang='lat' dir='ltr'><strong>in</strong></span> <span class='ocrx_word' id='word_1_661' title='bbox 2752 4826 2920 4880; x_wconf 78' lang='lat' dir='ltr'><strong>Natali</strong></span> <span class='ocrx_word' id='word_1_662' title='bbox 2951 4824 3157 4879; x_wconf 87' lang='lat' dir='ltr'><strong>Domini</strong></span> <span class='ocrx_word' id='word_1_663' title='bbox 3193 4822 3310 4878; x_wconf 74' lang='lat' dir='ltr'><strong>illas</strong></span> <span class='ocrx_word' id='word_1_664' title='bbox 3336 4832 3568 4893; x_wconf 86' lang='lat' dir='ltr'><strong>quatuor</strong></span> <span class='ocrx_word' id='word_1_665' title='bbox 3599 4825 3743 4889; x_wconf 86' lang='lat' dir='ltr'><strong>dies;</strong></span> <span class='ocrx_word' id='word_1_666' title='bbox 3771 4823 3877 4877; x_wconf 87' lang='lat' dir='ltr'><strong>etin</strong></span> 
     </span>
    </p>
   </div>
   <div class='ocr_carea' id='block_1_77' title="bbox 737 4925 2232 4994">
    <p class='ocr_par' dir='ltr' id='par_1_77' title="bbox 737 4925 2232 4994">
     <span class='ocr_line' id='line_1_80' title="bbox 737 4925 2232 4994; baseline -0.01 -3"><span class='ocrx_word' id='word_1_667' title='bbox 737 4949 763 4976; x_wconf 72' lang='grc' dir='ltr'>ι</span> <span class='ocrx_word' id='word_1_668' title='bbox 787 4933 1106 4990; x_wconf 70' lang='lat' dir='ltr'><strong>Pmnitentia</strong></span> <span class='ocrx_word' id='word_1_669' title='bbox 1136 4931 1274 4986; x_wconf 88' lang='lat' dir='ltr'><strong>illius</strong></span> <span class='ocrx_word' id='word_1_670' title='bbox 1300 4929 1425 4984; x_wconf 87' lang='lat' dir='ltr'><strong>anni</strong></span> <span class='ocrx_word' id='word_1_671' title='bbox 1453 4928 1630 4990; x_wconf 89' lang='lat' dir='ltr'><strong>unius,</strong></span> <span class='ocrx_word' id='word_1_672' title='bbox 1655 4925 1744 4994; x_wconf 90' lang='lat' dir='ltr'><strong>qui</strong></span> <span class='ocrx_word' id='word_1_673' title='bbox 1771 4925 1823 4978; x_wconf 88' lang='lat' dir='ltr'><strong>in</strong></span> <span class='ocrx_word' id='word_1_674' title='bbox 1846 4938 1982 4994; x_wconf 91' lang='lat' dir='ltr'><strong>pane</strong></span> <span class='ocrx_word' id='word_1_675' title='bbox 2011 4931 2065 4978; x_wconf 90' lang='lat' dir='ltr'><strong>et</strong></span> <span class='ocrx_word' id='word_1_676' title='bbox 2094 4937 2232 4991; x_wconf 87' lang='lat' dir='ltr'><strong>aqua</strong></span> 
     </span>
    </p>
   </div>
   <div class='ocr_carea' id='block_1_78' title="bbox 661 5013 2233 5096">
    <p class='ocr_par' dir='ltr' id='par_1_78' title="bbox 661 5013 2233 5096">
     <span class='ocr_line' id='line_1_81' title="bbox 661 5013 2233 5096; baseline -0.01 -17"><span class='ocrx_word' id='word_1_677' title='bbox 661 5022 985 5096; x_wconf 82' lang='lat' dir='ltr'><strong>jejunandus</strong></span> <span class='ocrx_word' id='word_1_678' title='bbox 1005 5031 1106 5083; x_wconf 87' lang='lat' dir='ltr'><strong>est,</strong></span> <span class='ocrx_word' id='word_1_679' title='bbox 1138 5019 1261 5075; x_wconf 80' lang='lat' dir='ltr'><strong>talis</strong></span> <span class='ocrx_word' id='word_1_680' title='bbox 1284 5033 1402 5073; x_wconf 88' lang='lat' dir='ltr'><strong>esse</strong></span> <span class='ocrx_word' id='word_1_681' title='bbox 1429 5017 1588 5072; x_wconf 88' lang='lat' dir='ltr'><strong>debet</strong></span> <span class='ocrx_word' id='word_1_682' title='bbox 1615 5015 1668 5070; x_wconf 92' lang='lat' dir='ltr'><strong>in</strong></span> <span class='ocrx_word' id='word_1_683' title='bbox 1699 5026 2014 5083; x_wconf 81' lang='lat' dir='ltr'><strong>unaquaque</strong></span> <span class='ocrx_word' id='word_1_684' title='bbox 2032 5013 2233 5066; x_wconf 89' lang='lat' dir='ltr'><strong>hebdo-</strong></span> 
     </span>
    </p>
   </div>
   <div class='ocr_carea' id='block_1_79' title="bbox 605 5101 2232 5173">
    <p class='ocr_par' dir='ltr' id='par_1_79' title="bbox 605 5101 2232 5173">
     <span class='ocr_line' id='line_1_82' title="bbox 605 5101 2232 5173; baseline -0.009 -5"><span class='ocrx_word' id='word_1_685' title='bbox 605 5127 610 5130; x_wconf 84' lang='lat'>&#39;</span> <span class='ocrx_word' id='word_1_686' title='bbox 666 5113 844 5169; x_wconf 88' lang='lat' dir='ltr'><strong>mada.</strong></span> <span class='ocrx_word' id='word_1_687' title='bbox 881 5109 1016 5166; x_wconf 86' lang='lat' dir='ltr'><strong>Tres</strong></span> <span class='ocrx_word' id='word_1_688' title='bbox 1045 5111 1194 5172; x_wconf 88' lang='lat' dir='ltr'><strong>dies,</strong></span> <span class='ocrx_word' id='word_1_689' title='bbox 1244 5108 1299 5163; x_wconf 93' lang='lat' dir='ltr'><strong>id</strong></span> <span class='ocrx_word' id='word_1_690' title='bbox 1344 5115 1426 5160; x_wconf 88' lang='lat' dir='ltr'><strong>est</strong></span> <span class='ocrx_word' id='word_1_691' title='bbox 1473 5105 1660 5158; x_wconf 83' lang='lat' dir='ltr'><strong>feriam</strong></span> <span class='ocrx_word' id='word_1_692' title='bbox 1688 5103 1927 5173; x_wconf 89' lang='lat' dir='ltr'><strong>quintam</strong></span> <span class='ocrx_word' id='word_1_693' title='bbox 1957 5109 2009 5155; x_wconf 90' lang='lat' dir='ltr'><strong>et</strong></span> <span class='ocrx_word' id='word_1_694' title='bbox 2039 5101 2232 5155; x_wconf 89' lang='lat' dir='ltr'><strong>sabba-</strong></span> 
     </span>
    </p>
   </div>
   <div class='ocr_carea' id='block_1_80' title="bbox 665 5192 2232 5268">
    <p class='ocr_par' dir='ltr' id='par_1_80' title="bbox 665 5192 2232 5268">
     <span class='ocr_line' id='line_1_83' title="bbox 665 5192 2232 5268; baseline -0.009 -11"><span class='ocrx_word' id='word_1_695' title='bbox 665 5211 800 5268; x_wconf 89' lang='lat' dir='ltr'><strong>tum,</strong></span> <span class='ocrx_word' id='word_1_696' title='bbox 823 5217 854 5257; x_wconf 89' lang='lat' dir='ltr'><strong>a</strong></span> <span class='ocrx_word' id='word_1_697' title='bbox 881 5203 1026 5265; x_wconf 89' lang='lat' dir='ltr'><strong>vino,</strong></span> <span class='ocrx_word' id='word_1_698' title='bbox 1057 5199 1300 5262; x_wconf 74' lang='lat' dir='ltr'><strong>medene,</strong></span> <span class='ocrx_word' id='word_1_699' title='bbox 1333 5193 1530 5254; x_wconf 88' lang='lat' dir='ltr'><strong>mellita</strong></span> <span class='ocrx_word' id='word_1_700' title='bbox 1560 5203 1614 5249; x_wconf 89' lang='lat' dir='ltr'><strong>et</strong></span> <span class='ocrx_word' id='word_1_701' title='bbox 1638 5192 1888 5256; x_wconf 78' lang='lat' dir='ltr'><strong>cervisia,</strong></span> <span class='ocrx_word' id='word_1_702' title='bbox 1929 5203 1959 5245; x_wconf 86' lang='lat' dir='ltr'><strong>a</strong></span> <span class='ocrx_word' id='word_1_703' title='bbox 1986 5203 2149 5246; x_wconf 89' lang='lat' dir='ltr'><strong>carne</strong></span> <span class='ocrx_word' id='word_1_704' title='bbox 2177 5197 2232 5244; x_wconf 89' lang='lat' dir='ltr'><strong>et</strong></span> 
     </span>
    </p>
   </div>
   <div class='ocr_carea' id='block_1_81' title="bbox 651 5281 2234 5368">
    <p class='ocr_par' dir='ltr' id='par_1_81' title="bbox 651 5281 2234 5368">
     <span class='ocr_line' id='line_1_84' title="bbox 651 5281 2234 5368; baseline -0.009 -20"><span class='ocrx_word' id='word_1_705' title='bbox 651 5293 942 5368; x_wconf 11' lang='lat' dir='ltr'><strong>‘sagimine,</strong></span> <span class='ocrx_word' id='word_1_706' title='bbox 974 5307 1004 5346; x_wconf 89' lang='lat' dir='ltr'><strong>a</strong></span> <span class='ocrx_word' id='word_1_707' title='bbox 1034 5303 1191 5346; x_wconf 89' lang='lat' dir='ltr'><strong>caseo</strong></span> <span class='ocrx_word' id='word_1_708' title='bbox 1219 5291 1274 5344; x_wconf 83' lang='lat' dir='ltr'><strong>et</strong></span> <span class='ocrx_word' id='word_1_709' title='bbox 1301 5287 1438 5350; x_wconf 87' lang='lat' dir='ltr'><strong>ovis,</strong></span> <span class='ocrx_word' id='word_1_710' title='bbox 1481 5295 1537 5341; x_wconf 88' lang='lat' dir='ltr'><strong>et</strong></span> <span class='ocrx_word' id='word_1_711' title='bbox 1579 5284 1647 5340; x_wconf 89' lang='lat' dir='ltr'><strong>ab</strong></span> <span class='ocrx_word' id='word_1_712' title='bbox 1694 5283 1838 5338; x_wconf 91' lang='lat' dir='ltr'><strong>omni</strong></span> <span class='ocrx_word' id='word_1_713' title='bbox 1877 5281 2060 5353; x_wconf 88' lang='lat' dir='ltr'><strong>pingui</strong></span> <span class='ocrx_word' id='word_1_714' title='bbox 2088 5281 2234 5351; x_wconf 87' lang='lat' dir='ltr'><strong>pisce</strong></span> 
     </span>
    </p>
   </div>
   <div class='ocr_carea' id='block_1_82' title="bbox 664 5362 2232 5442">
    <p class='ocr_par' dir='ltr' id='par_1_82' title="bbox 664 5362 2232 5442">
     <span class='ocr_line' id='line_1_85' title="bbox 664 5362 2232 5442; baseline -0.009 -4"><span class='ocrx_word' id='word_1_715' title='bbox 664 5362 1047 5438; x_wconf 29' lang='lat' dir='ltr'><strong>se&#39;abstineat.</strong></span> <span class='ocrx_word' id='word_1_716' title='bbox 1119 5378 1400 5433; x_wconf 76' lang='lat' dir='ltr'><strong>Manducct</strong></span> <span class='ocrx_word' id='word_1_717' title='bbox 1434 5383 1612 5430; x_wconf 86' lang='lat' dir='ltr'><strong>autem</strong></span> <span class='ocrx_word' id='word_1_718' title='bbox 1649 5373 1886 5428; x_wconf 89' lang='lat' dir='ltr'><strong>minutos</strong></span> <span class='ocrx_word' id='word_1_719' title='bbox 1929 5362 2232 5442; x_wconf 88' lang='lat' dir='ltr'><strong>pisciculos,</strong></span> 
     </span>
    </p>
   </div>
   <div class='ocr_carea' id='block_1_83' title="bbox 663 5461 2235 5544">
    <p class='ocr_par' dir='ltr' id='par_1_83' title="bbox 663 5461 2235 5544">
     <span class='ocr_line' id='line_1_86' title="bbox 663 5461 2235 5544; baseline -0.01 -14"><span class='ocrx_word' id='word_1_720' title='bbox 663 5475 710 5530; x_wconf 81' lang='lat' dir='ltr'><strong>si</strong></span> <span class='ocrx_word' id='word_1_721' title='bbox 732 5474 933 5530; x_wconf 76' lang='lat' dir='ltr'><strong>habere</strong></span> <span class='ocrx_word' id='word_1_722' title='bbox 960 5479 1155 5544; x_wconf 86' lang='lat' dir='ltr'><strong>potest.</strong></span> <span class='ocrx_word' id='word_1_723' title='bbox 1181 5466 1237 5525; x_wconf 89' lang='lat' dir='ltr'><strong>Si</strong></span> <span class='ocrx_word' id='word_1_724' title='bbox 1267 5467 1466 5523; x_wconf 84' lang='lat' dir='ltr'><strong>habere</strong></span> <span class='ocrx_word' id='word_1_725' title='bbox 1490 5480 1596 5521; x_wconf 92' lang='lat' dir='ltr'><strong>non</strong></span> <span class='ocrx_word' id='word_1_726' title='bbox 1616 5470 1810 5536; x_wconf 84' lang='lat' dir='ltr'><strong>potest,</strong></span> <span class='ocrx_word' id='word_1_727' title='bbox 1840 5471 2046 5519; x_wconf 89' lang='lat' dir='ltr'><strong>tantum</strong></span> <span class='ocrx_word' id='word_1_728' title='bbox 2078 5461 2235 5517; x_wconf 84' lang='lat' dir='ltr'><strong>unius</strong></span> 
     </span>
    </p>
   </div>
   <div class='ocr_carea' id='block_1_84' title="bbox 735 5594 2233 5675">
    <p class='ocr_par' dir='ltr' id='par_1_84' title="bbox 735 5594 2233 5675">
     <span class='ocr_line' id='line_1_87' title="bbox 735 5594 2233 5675; baseline -0.008 -14"><span class='ocrx_word' id='word_1_729' title='bbox 735 5605 1065 5675; x_wconf 56' lang='lat' dir='ltr'><strong>e&#39;Antiquus</strong></span> <span class='ocrx_word' id='word_1_730' title='bbox 1085 5601 1224 5675; x_wconf 72' lang='lat' dir='ltr'><strong>liber</strong></span> <span class='ocrx_word' id='word_1_731' title='bbox 1249 5598 1535 5655; x_wconf 75' lang='lat' dir='ltr'><strong>Pmnitent.</strong></span> <span class='ocrx_word' id='word_1_732' title='bbox 1565 5597 1979 5671; x_wconf 77' lang='lat' dir='ltr'><strong>Andegavensis,</strong></span> <span class='ocrx_word' id='word_1_733' title='bbox 2011 5608 2129 5664; x_wconf 87' lang='lat' dir='ltr'><strong>cap.</strong></span> <span class='ocrx_word' id='word_1_734' title='bbox 2161 5594 2233 5650; x_wconf 75' lang='lat' dir='ltr'><strong>De</strong></span> 
     </span>
    </p>
   </div>
   <div class='ocr_carea' id='block_1_85' title="bbox 662 5671 1250 5732">
    <p class='ocr_par' dir='ltr' id='par_1_85' title="bbox 662 5671 1250 5732">
     <span class='ocr_line' id='line_1_88' title="bbox 662 5671 1250 5732; baseline -0.019 1"><span class='ocrx_word' id='word_1_735' title='bbox 662 5675 889 5732; x_wconf 64' lang='lat' dir='ltr'><strong>manlio</strong></span> <span class='ocrx_word' id='word_1_736' title='bbox 915 5671 1224 5731; x_wconf 54' lang='lat' dir='ltr'><strong>adnitenda.</strong></span> <span class='ocrx_word' id='word_1_737' title='bbox 1247 5719 1250 5722; x_wconf 83' lang='lat'><strong>.</strong></span> 
     </span>
    </p>
   </div>
   <div class='ocr_carea' id='block_1_86' title="bbox 2332 4911 3878 4988">
    <p class='ocr_par' dir='ltr' id='par_1_86' title="bbox 2332 4911 3878 4988">
     <span class='ocr_line' id='line_1_89' title="bbox 2332 4911 3878 4988; baseline -0.007 -13"><span class='ocrx_word' id='word_1_738' title='bbox 2332 4919 2625 4988; x_wconf 74' lang='lat' dir='ltr'><strong>Epiphania</strong></span> <span class='ocrx_word' id='word_1_739' title='bbox 2658 4932 2820 4971; x_wconf 91' lang='lat' dir='ltr'><strong>unum</strong></span> <span class='ocrx_word' id='word_1_740' title='bbox 2848 4917 3021 4980; x_wconf 88' lang='lat' dir='ltr'><strong>diem;</strong></span> <span class='ocrx_word' id='word_1_741' title='bbox 3059 4924 3112 4969; x_wconf 89' lang='lat' dir='ltr'><strong>et</strong></span> <span class='ocrx_word' id='word_1_742' title='bbox 3140 4911 3191 4968; x_wconf 87' lang='lat' dir='ltr'><strong>in</strong></span> <span class='ocrx_word' id='word_1_743' title='bbox 3217 4915 3441 4984; x_wconf 85' lang='lat' dir='ltr'><strong>pascha,</strong></span> <span class='ocrx_word' id='word_1_744' title='bbox 3468 4927 3644 4983; x_wconf 85' lang='lat' dir='ltr'><strong>usque</strong></span> <span class='ocrx_word' id='word_1_745' title='bbox 3675 4913 3739 4967; x_wconf 91' lang='lat' dir='ltr'><strong>ad</strong></span> <span class='ocrx_word' id='word_1_746' title='bbox 3761 4918 3878 4965; x_wconf 79' lang='lat' dir='ltr'><strong>octa-</strong></span> 
     </span>
    </p>
   </div>
   <div class='ocr_carea' id='block_1_87' title="bbox 2335 4996 3876 5072">
    <p class='ocr_par' dir='ltr' id='par_1_87' title="bbox 2335 4996 3876 5072">
     <span class='ocr_line' id='line_1_90' title="bbox 2335 4996 3876 5072; baseline -0.001 -11"><span class='ocrx_word' id='word_1_747' title='bbox 2335 5018 2459 5061; x_wconf 63' lang='lat' dir='ltr'><strong>rum</strong></span> <span class='ocrx_word' id='word_1_748' title='bbox 2488 5007 2663 5072; x_wconf 91' lang='lat' dir='ltr'><strong>diem;</strong></span> <span class='ocrx_word' id='word_1_749' title='bbox 2696 5014 2750 5059; x_wconf 87' lang='lat' dir='ltr'><strong>et</strong></span> <span class='ocrx_word' id='word_1_750' title='bbox 2779 5005 2832 5060; x_wconf 92' lang='lat' dir='ltr'><strong>in</strong></span> <span class='ocrx_word' id='word_1_751' title='bbox 2852 5001 3180 5059; x_wconf 82' lang='lat' dir='ltr'><strong>Ascensione</strong></span> <span class='ocrx_word' id='word_1_752' title='bbox 3209 4996 3444 5070; x_wconf 86' lang='lat' dir='ltr'><strong>Domini,</strong></span> <span class='ocrx_word' id='word_1_753' title='bbox 3466 5012 3522 5058; x_wconf 86' lang='lat' dir='ltr'><strong>et</strong></span> <span class='ocrx_word' id='word_1_754' title='bbox 3539 5001 3876 5059; x_wconf 57' lang='lat' dir='ltr'><strong>Pentecostesi</strong></span> 
     </span>
    </p>
   </div>
   <div class='ocr_carea' id='block_1_88' title="bbox 2335 5089 3878 5165">
    <p class='ocr_par' dir='ltr' id='par_1_88' title="bbox 2335 5089 3878 5165">
     <span class='ocr_line' id='line_1_91' title="bbox 2335 5089 3878 5165; baseline -0.002 -15"><span class='ocrx_word' id='word_1_755' title='bbox 2335 5103 2567 5165; x_wconf 89' lang='lat' dir='ltr'><strong>quatuor</strong></span> <span class='ocrx_word' id='word_1_756' title='bbox 2593 5093 2736 5158; x_wconf 89' lang='lat' dir='ltr'><strong>dies;</strong></span> <span class='ocrx_word' id='word_1_757' title='bbox 2766 5094 2794 5135; x_wconf 70' lang='grc' dir='ltr'><strong>ι)</strong></span> <span class='ocrx_word' id='word_1_758' title='bbox 2815 5102 2870 5149; x_wconf 88' lang='lat' dir='ltr'><strong>et</strong></span> <span class='ocrx_word' id='word_1_759' title='bbox 2903 5093 2956 5147; x_wconf 91' lang='lat' dir='ltr'><strong>in</strong></span> <span class='ocrx_word' id='word_1_760' title='bbox 2999 5091 3136 5148; x_wconf 88' lang='lat' dir='ltr'><strong>festo</strong></span> <span class='ocrx_word' id='word_1_761' title='bbox 3167 5093 3338 5148; x_wconf 90' lang='lat' dir='ltr'><strong>sancti</strong></span> <span class='ocrx_word' id='word_1_762' title='bbox 3368 5089 3596 5147; x_wconf 78' lang='lat' dir='ltr'><strong>Joannis</strong></span> <span class='ocrx_word' id='word_1_763' title='bbox 3634 5090 3878 5163; x_wconf 70' lang='lat' dir='ltr'><strong>Bade</strong></span> 
     </span>
    </p>
   </div>
   <div class='ocr_carea' id='block_1_89' title="bbox 2337 5177 3880 5252">
    <p class='ocr_par' dir='ltr' id='par_1_89' title="bbox 2337 5177 3880 5252">
     <span class='ocr_line' id='line_1_92' title="bbox 2337 5177 3880 5252; baseline -0.003 -12"><span class='ocrx_word' id='word_1_764' title='bbox 2337 5193 2393 5242; x_wconf 92' lang='lat' dir='ltr'><strong>et</strong></span> <span class='ocrx_word' id='word_1_765' title='bbox 2425 5193 2624 5240; x_wconf 79' lang='lat' dir='ltr'><strong>sanctae</strong></span> <span class='ocrx_word' id='word_1_766' title='bbox 2652 5183 2834 5239; x_wconf 71' lang='lat' dir='ltr'><strong>Maria:</strong></span> <span class='ocrx_word' id='word_1_767' title='bbox 2853 5224 2866 5249; x_wconf 94' lang='lat'><strong>,</strong></span> <span class='ocrx_word' id='word_1_768' title='bbox 2911 5193 2966 5239; x_wconf 88' lang='lat' dir='ltr'><strong>et</strong></span> <span class='ocrx_word' id='word_1_769' title='bbox 2989 5193 3294 5239; x_wconf 87' lang='lat' dir='ltr'><strong>sanctorum</strong></span> <span class='ocrx_word' id='word_1_770' title='bbox 3320 5182 3602 5238; x_wconf 87' lang='lat' dir='ltr'><strong>duodecim</strong></span> <span class='ocrx_word' id='word_1_771' title='bbox 3627 5177 3880 5252; x_wconf 83' lang='lat' dir='ltr'><strong>Apostolo-</strong></span> 
     </span>
    </p>
   </div>
   <div class='ocr_carea' id='block_1_90' title="bbox 2339 5269 3880 5344">
    <p class='ocr_par' dir='ltr' id='par_1_90' title="bbox 2339 5269 3880 5344">
     <span class='ocr_line' id='line_1_93' title="bbox 2339 5269 3880 5344; baseline -0.005 -11"><span class='ocrx_word' id='word_1_772' title='bbox 2339 5287 2478 5340; x_wconf 84' lang='lat' dir='ltr'><strong>rum,</strong></span> <span class='ocrx_word' id='word_1_773' title='bbox 2504 5282 2560 5331; x_wconf 89' lang='lat' dir='ltr'><strong>et</strong></span> <span class='ocrx_word' id='word_1_774' title='bbox 2587 5276 2753 5331; x_wconf 91' lang='lat' dir='ltr'><strong>sancti</strong></span> <span class='ocrx_word' id='word_1_775' title='bbox 2783 5275 3091 5340; x_wconf 82' lang='lat' dir='ltr'><strong>Michaelis,</strong></span> <span class='ocrx_word' id='word_1_776' title='bbox 3136 5283 3190 5330; x_wconf 84' lang='lat' dir='ltr'><strong>et</strong></span> <span class='ocrx_word' id='word_1_777' title='bbox 3214 5276 3384 5330; x_wconf 89' lang='lat' dir='ltr'><strong>sancti</strong></span> <span class='ocrx_word' id='word_1_778' title='bbox 3415 5274 3676 5344; x_wconf 84' lang='lat' dir='ltr'><strong>Remigii,</strong></span> <span class='ocrx_word' id='word_1_779' title='bbox 3703 5281 3754 5328; x_wconf 87' lang='lat' dir='ltr'><strong>et</strong></span> <span class='ocrx_word' id='word_1_780' title='bbox 3779 5269 3880 5334; x_wconf 69' lang='lat' dir='ltr'><strong>01n-</strong></span> 
     </span>
    </p>
   </div>
   <div class='ocr_carea' id='block_1_91' title="bbox 2340 5355 3880 5432">
    <p class='ocr_par' dir='ltr' id='par_1_91' title="bbox 2340 5355 3880 5432">
     <span class='ocr_line' id='line_1_94' title="bbox 2340 5355 3880 5432; baseline -0.005 -10"><span class='ocrx_word' id='word_1_781' title='bbox 2340 5368 2486 5423; x_wconf 90' lang='lat' dir='ltr'><strong>nium</strong></span> <span class='ocrx_word' id='word_1_782' title='bbox 2517 5365 2858 5432; x_wconf 89' lang='lat' dir='ltr'><strong>Sanctorum,</strong></span> <span class='ocrx_word' id='word_1_783' title='bbox 2889 5376 2944 5421; x_wconf 89' lang='lat' dir='ltr'><strong>et</strong></span> <span class='ocrx_word' id='word_1_784' title='bbox 2971 5367 3139 5422; x_wconf 89' lang='lat' dir='ltr'><strong>sancti</strong></span> <span class='ocrx_word' id='word_1_785' title='bbox 3163 5367 3395 5429; x_wconf 87' lang='lat' dir='ltr'><strong>Martini,</strong></span> <span class='ocrx_word' id='word_1_786' title='bbox 3423 5373 3478 5419; x_wconf 90' lang='lat' dir='ltr'><strong>et</strong></span> <span class='ocrx_word' id='word_1_787' title='bbox 3499 5366 3552 5420; x_wconf 88' lang='lat' dir='ltr'><strong>in</strong></span> <span class='ocrx_word' id='word_1_788' title='bbox 3572 5365 3717 5419; x_wconf 84' lang='lat' dir='ltr'><strong>illius</strong></span> <span class='ocrx_word' id='word_1_789' title='bbox 3735 5355 3880 5418; x_wconf 83' lang='lat' dir='ltr'><strong>sancti</strong></span> 
     </span>
    </p>
   </div>
   <div class='ocr_carea' id='block_1_92' title="bbox 2342 5455 3821 5529">
    <p class='ocr_par' dir='ltr' id='par_1_92' title="bbox 2342 5455 3821 5529">
     <span class='ocr_line' id='line_1_95' title="bbox 2342 5455 3821 5529; baseline -0.009 -13"><span class='ocrx_word' id='word_1_790' title='bbox 2342 5459 2655 5524; x_wconf 80' lang='lat' dir='ltr'><strong>festivitate,</strong></span> <span class='ocrx_word' id='word_1_791' title='bbox 2683 5460 2775 5529; x_wconf 91' lang='lat' dir='ltr'><strong>qui</strong></span> <span class='ocrx_word' id='word_1_792' title='bbox 2804 5458 2858 5514; x_wconf 90' lang='lat' dir='ltr'><strong>in</strong></span> <span class='ocrx_word' id='word_1_793' title='bbox 2884 5458 2971 5513; x_wconf 88' lang='lat' dir='ltr'><strong>illo</strong></span> <span class='ocrx_word' id='word_1_794' title='bbox 3002 5458 3308 5528; x_wconf 80' lang='lat' dir='ltr'><strong>episcopatu</strong></span> <span class='ocrx_word' id='word_1_795' title='bbox 3331 5455 3560 5511; x_wconf 87' lang='lat' dir='ltr'><strong>celebris</strong></span> <span class='ocrx_word' id='word_1_796' title='bbox 3583 5455 3821 5509; x_wconf 86' lang='lat' dir='ltr'><strong>habetur.</strong></span> 
     </span>
    </p>
   </div>
   <div class='ocr_carea' id='block_1_93' title="bbox 2333 5587 3879 5718">
    <p class='ocr_par' dir='ltr' id='par_1_93' title="bbox 2333 5587 3879 5718">
     <span class='ocr_line' id='line_1_96' title="bbox 2333 5587 3879 5718; baseline 0.005 -75"><span class='ocrx_word' id='word_1_797' title='bbox 2333 5593 2443 5715; x_wconf 61' lang='lat'><strong>56‘:</strong></span> <span class='ocrx_word' id='word_1_798' title='bbox 2463 5591 2770 5718; x_wconf 51' lang='grc' dir='ltr'><strong>Ξξὲἷηίιίιίυῐη</strong></span> <span class='ocrx_word' id='word_1_799' title='bbox 2796 5587 3141 5648; x_wconf 87' lang='lat' dir='ltr'><strong>Triburiense</strong></span> <span class='ocrx_word' id='word_1_800' title='bbox 3165 5591 3265 5646; x_wconf 81' lang='lat' dir='ltr'><strong>sub</strong></span> <span class='ocrx_word' id='word_1_801' title='bbox 3289 5588 3552 5644; x_wconf 80' lang='lat' dir='ltr'><strong>Formoso</strong></span> <span class='ocrx_word' id='word_1_802' title='bbox 3573 5590 3711 5656; x_wconf 63' lang='lat' dir='ltr'><strong>papa</strong></span> <span class='ocrx_word' id='word_1_803' title='bbox 3729 5623 3745 5651; x_wconf 71' lang='grc' dir='ltr'><strong>ν</strong></span> <span class='ocrx_word' id='word_1_804' title='bbox 3779 5597 3879 5650; x_wconf 65' lang='lat'><strong>€49-</strong></span> 
     </span>
    </p>
   </div>
  </div>
