4012 6364
95 494 205 558 9ὅ7

1184 486 1749 550 ΡΟΕΝιΤΕΝΤιΑιΕ.
1788 518 1860 533 -·
1895 490 2256 548 CAPITULA.

3253 493 3360 551 938

166 609 230 666 In
259 606 349 665 his
392 604 718 679 supradictis
762 604 952 661 diebus
997 604 1161 661 faciat
1197 606 1519 663 charitatem
1556 621 1683 661 cum
1708 608 1757 667 Α
1784 603 2062 675 ptuaginta
2091 602 2327 673 psalmos
2359 614 2457 670 per
2484 599 2728 655 ordinem
2775 598 3045 667 decantet,
3081 609 3137 657 et
3162 616 3361 676 paupe-

95 700 315 762 σείει-ἲς
340 697 685 765 Christianis,
716 698 771 754 id
795 706 897 763 est,
921 706 1105 754 utatur
1128 700 1314 755 eodem
1341 699 1462 755 cibo
1484 706 1539 754 et
1557 705 1687 769 potu

94 809 211 867 quo
235 792 336 859 illi,
378 791 474 847 sed
517 800 698 847 tamen
742 790 1057 846 ebrietatem
1090 800 1146 847 et
1168 790 1371 847 ventris
1396 790 1687 863 ingluviem

95 899 320 957 semper
350 883 405 938 in
433 883 682 938 omnibus
708 890 916 938 caveat.

168 975 285 1032 Iste
310 990 485 1030 annus
522 975 791 1030 secundus
835 984 918 1030 est
944 977 1011 1031 ab
1038 976 1129 1031 illo
1152 993 1313 1043 anno,
1346 976 1437 1047 qui
1464 992 1603 1047 pane
1633 985 1689 1033 et

96 1083 245 1139 aqua
282 1065 610 1135 jejunandus
655 1074 755 1121 est.
810 1068 876 1121 Et
908 1078 1029 1138 post
1056 1068 1200 1124 illum
1235 1068 1558 1139 jejunandus
1581 1079 1685 1139 est,

98 1158 197 1229 qui
247 1158 411 1212 etiam
464 1157 673 1213 dandus
716 1165 797 1213 est
836 1158 941 1214 illis
980 1162 1071 1230 qui
1120 1162 1266 1216 viros
1294 1161 1688 1218 ecclesiasticos

98 1250 402 1316 occidunt,
440 1258 496 1305 et
534 1250 589 1304 in
633 1253 1022 1308 consuetudine
1067 1254 1268 1309 habent
1311 1255 1688 1312 sodomiticum

98 1341 283 1397 scelus
311 1383 326 1407 ,
373 1349 428 1396 et
454 1342 547 1413 qui
585 1343 639 1396 in
665 1344 1052 1400 consuetudine
1082 1346 1282 1401 habent
1308 1358 1497 1402 contra
1535 1356 1692 1402 natu-

100 1451 223 1491 ram
245 1450 475 1506 peccare
496 1476 511 1500 ,
560 1443 615 1490 et
645 1436 699 1490 in
726 1436 968 1493 ecclesiis
996 1438 1283 1495 homicidia
1313 1450 1502 1511 sponte
1538 1456 1688 1497 com-

100 1528 351 1593 mittunt,
378 1534 431 1583 et
457 1528 715 1584 ecclesias
737 1529 1051 1597 incendunt,
1091 1541 1146 1586 et
1176 1532 1231 1586 in
1260 1534 1505 1589 ecclesiis
1539 1534 1691 1588 adul-

100 1619 242 1674 teria
265 1620 654 1689 committunt,
698 1630 753 1677 et
792 1622 887 1691 qui
936 1622 1041 1677 alia
1081 1624 1386 1695 huiusmodi
1414 1632 1693 1696 perpetra-

102 1719 255 1768 runt.

172 1803 507 1861 Pmnitentia
555 1804 712 1862 istius
752 1806 879 1863 anni
921 1808 1042 1863 talis
1084 1823 1204 1864 esse
1247 1808 1447 1864 debet:
1477 1816 1537 1863 ut
1558 1808 1692 1864 duos

103 1895 239 1962 dies,
265 1898 320 1952 id
344 1906 445 1963 est,
474 1899 767 1953 secundam
793 1899 982 1955 feriam
1006 1910 1060 1956 et
1088 1910 1335 1972 quartam
1369 1902 1424 1956 in
1452 1918 1694 1972 unaqua-

104 2004 209 2058 que
236 1989 574 2044 hebdomada
616 1990 825 2061 jejunet
870 1993 937 2047 ad
963 2008 1273 2062 vesperam;
1326 2001 1380 2048 et
1421 2001 1548 2047 tunc
1575 1991 1697 2048 reti-
1722 1980 1775 2042 B

104 2080 281 2136 ciatur
302 2080 447 2135 sicco
472 2081 613 2146 cibo,
648 2081 703 2135 id
730 2091 841 2146 est,
874 2083 939 2138 de
960 2100 1097 2154 pane
1120 2092 1175 2139 et
1204 2084 1563 2156 leguminibus
1592 2085 1696 2139 sic-

1792 714 1906 753 rem
1934 706 2135 769 pascat,
2168 704 2223 751 et
2247 711 2311 751 eo
2341 696 2428 750 die
2451 704 2675 766 excepto
2696 696 2822 751 vino
2847 712 3008 752 carne
3051 706 3105 753 et
3149 699 3369 769 sagimi-

1790 806 1878 857 ne,
1928 796 2108 846 sumat
2166 788 2427 859 quidquid
2477 788 2624 843 velit.
2684 787 2784 854 Qui
2830 788 2882 842 in
2930 790 3153 845 ecclesia
3198 806 3373 861 genua

1790 884 1994 940 centies
2015 881 2260 947 ﬂexerit,
2305 882 2358 935 id
2379 888 2462 936 est
2485 922 2499 947 ,
2533 882 2577 936 si
2600 880 2804 937 centies
2827 883 3038 937 veniam
3065 884 3302 953 petierit,
3327 885 3375 938 si

1790 977 1907 1031 ﬁeri
1929 984 2126 1047 potest,
2155 977 2210 1031 in
2238 975 2465 1030 ecclesia
2492 974 2585 1028 fiat
2612 990 2625 1028 :
2664 977 2764 1029 hoc
2782 973 3139 1043 iustissimum
3165 984 3266 1031 est.
3316 975 3376 1031 Si

1790 1076 1970 1122 autem
2016 1066 2131 1121 fieri
2169 1082 2277 1121 non
2302 1073 2513 1136 potest,
2556 1074 2765 1121 secrete
2806 1066 2859 1119 in
2893 1065 3010 1121 loco
3039 1067 3378 1121 convenienti

1791 1161 1894 1215 hoc
1924 1161 2103 1215 faciat.
2143 1158 2201 1214 Si
2241 1160 2319 1214 sic
2363 1158 2592 1225 fecerit,
2646 1175 2711 1213 eo
2752 1159 2837 1214 die
2879 1170 3104 1231 excepto
3152 1161 3279 1215 vino
3322 1169 3381 1215 et

1792 1268 1959 1308 carne
1990 1260 2045 1307 et
2073 1252 2355 1323 sagimine,
2386 1260 2564 1306 sumat
2587 1252 2727 1321 quod
2750 1252 2944 1323 placet.
3010 1254 3109 1320 Qui
3137 1254 3376 1323 psalmos

1792 1359 1901 1399 non
1926 1344 2095 1409 novit,
2126 1359 2293 1398 unum
2318 1343 2482 1409 diem,
2512 1359 2672 1413 quem
2694 1344 2747 1398 in
2772 1361 2909 1415 pane
2944 1353 2998 1399 et
3036 1361 3176 1415 aqua
3202 1348 3379 1417 patui-

1793 1443 1907 1490 tere
1930 1436 2109 1500 debet,
2141 1436 2292 1491 dives
2321 1434 2555 1491 denariis
2578 1435 2774 1503 tribus,
2802 1452 3005 1508 pauper
3022 1454 3133 1493 uno
3157 1439 3379 1494 denario

1793 1527 2043 1580 redimat.
2086 1526 2153 1580 Et
2180 1540 2245 1582 eo
2272 1526 2358 1581 die
2389 1535 2613 1597 excepto
2634 1528 2778 1592 vino,
2825 1544 2989 1583 carne
3033 1537 3088 1584 et
3119 1529 3381 1598 sagimine

1794 1630 1973 1678 sumat
2007 1622 2151 1692 quod
2192 1622 2419 1693 placeat.
2475 1622 2597 1678 Alio
2633 1625 2815 1691 modo,
2840 1625 3059 1695 quidam
3086 1624 3271 1681 dicunt
3296 1625 3390 1710 vi-_

1795 1715 1927 1786 ginti
1951 1714 2217 1786 palmatas
2244 1715 2426 1771 valere
2453 1731 2553 1785 pro
2575 1732 2683 1772 uno
2704 1716 2812 1773 die.

2329 1825 2725 1884 CAPITULUM
2760 1828 2850 1884 IV.

1794 1897 1875 1953 De
1905 1898 2250 1971 redemptione
2270 1899 2426 1953 unius
2454 1898 2831 1971 hebdomadis,
2882 1915 3041 1969 quam
3069 1899 3123 1955 in
3155 1916 3289 1971 pane
3330 1906 3384 1957 et

2282 1986 2421 2039 aqua
2441 1968 2687 2038 jejunare
2727 1969 2894 2024 debet.

1869 2064 1899 2103 b
1930 2062 2037 2119 Pro
2066 2080 2173 2119 una
2190 2062 2535 2118 hebdomada
2558 2104 2573 2129 ,
2620 2078 2784 2134 quam
2821 2064 2876 2118 in
2902 2079 3040 2135 pane
3064 2072 3120 2119 et
3144 2079 3281 2135 aqua
3302 2063 3385 2135 je-

106 2168 185 2229 cis
211 2172 306 2228 sed
328 2173 519 2239 coctis,
550 2183 646 2229 aut
669 2176 863 2245 pomis,
897 2184 989 2230 aut
1019 2154 1496 2245 oleribusvcrudis;
1525 2194 1694 2233 unum
1792 2155 1989 2227 lunare
2032 2156 2189 2211 άεδθῑ
2214 2196 2228 2221 ν
2286 2162 2555 2209 trecentos
2594 2154 2829 2224 Psalmos
2866 2156 3092 2225 Senibus
3135 2156 3287 2211 ﬂexis
3328 2157 3387 2211 in

108 2264 266 2338 eligat
293 2283 361 2321 ex
388 2268 475 2323 his
503 2268 696 2334 tribus,
724 2278 779 2323 et
803 2278 1007 2335 utatur,
1037 2281 1091 2325 et
1114 2270 1400 2325 cervisiam
1425 2270 1576 2326 bibat
1598 2270 1697 2326 sed

110 2358 307 2413 sobrie.
351 2358 419 2412 Et
464 2360 682 2414 tertium
722 2360 883 2424 diem,
942 2360 997 2416 id
1018 2368 1122 2426 est,
1171 2370 1380 2416 sextam
1422 2362 1613 2416 feriam
1640 2362 1695 2415 in

111 2466 243 2522 pane
272 2458 331 2504 et
359 2466 500 2520 aqua
528 2451 808 2517 observet,
853 2459 908 2506 et
952 2459 1063 2506 tres
1092 2453 1531 2523 quadragesimas
1552 2450 1694 2522 jeju-

112 2550 336 2597 netante
358 2541 547 2597 Natale
568 2542 776 2597 Domini
794 2558 974 2607 unam,
1001 2545 1291 2599 secundam
1317 2554 1441 2599 ante
1464 2545 1695 2610 Pascha,

113 2636 323 2690 tertiam
354 2645 479 2691 ante
502 2635 725 2691 missam
754 2637 923 2691 sancti
960 2633 1203 2694 Joannis.
1243 2638 1309 2691 Et
1335 2638 1389 2691 in
1410 2638 1495 2692 his
1522 2637 1697 2693 tribus

116 2728 538 2797 quadragesimis
555 2725 763 2798 jejunet
786 2728 921 2783 duos
947 2727 1063 2782 dies
1101 2728 1169 2781 ad
1194 2744 1389 2782 nonam
1417 2729 1469 2783 in
1496 2728 1698 2784 hebdo-

118 2822 272 2875 mada
293 2862 309 2887 ,
349 2830 405 2876 et
446 2821 510 2877 de
547 2821 692 2876 sicco
733 2820 854 2875 cibo
883 2820 1155 2885 comedat,
1184 2828 1242 2874 ut
1263 2836 1426 2891 supra
1451 2829 1695 2875 notatum

123 2920 232 2979 est;
264 2921 320 2967 et
348 2924 550 2968 sextam
581 2913 771 2969 feriam
793 2911 1000 2984 jejuuet
1026 2920 1079 2967 et
1108 2913 1161 2967 in
1196 2928 1333 2983 pane
1369 2921 1424 2968 et
1452 2928 1613 2984 aqua,
1645 2922 1700 2969 et

118 3006 173 3063 in
197 3006 489 3064 Dominicis
517 3008 729 3073 diebus,
758 3014 812 3062 et
838 3008 892 3061 in
918 3006 1091 3061 Natali
1119 3007 1358 3072 Domini,
1403 3016 1458 3061 et
1478 3008 1533 3061 in
1562 3006 1700 3061 Pen-

118 3106 321 3154 tecoste
367 3107 599 3168 quatuor
628 3098 746 3153 illos
790 3098 932 3163 dies;
987 3106 1043 3153 et
1084 3097 1139 3152 in
1188 3098 1484 3168 Epiphania
1530 3114 1699 3153 unum

118 3188 274 3255 diem,
306 3199 362 3245 et
388 3190 441 3244 in
464 3189 672 3246 Pascha
709 3206 879 3260 usque
904 3190 971 3244 ad
1014 3190 1301 3260 septimum
1326 3191 1466 3246 diem
1494 3232 1508 3257 ,
1556 3200 1613 3246 et
1646 3192 1700 3246 in

114 3278 442 3335 Ascensione
461 3281 695 3349 Domini,
722 3290 777 3337 et
806 3282 862 3335 in
892 3281 1056 3337 missa
1082 3283 1255 3338 sancti
1278 3281 1500 3338 Joannis
1520 3283 1700 3354 Bapti-

115 3379 227 3438 stae,
251 3382 308 3427 et
334 3382 537 3429 sanctae
564 3374 771 3439 Mariaa,
804 3384 861 3431 et
882 3374 1164 3431 duodecim
1197 3377 1563 3446 apostolorum
1589 3418 1603 3443 ,
1646 3385 1700 3432 et
1724 3364 1773 3431 ιι

116 3468 284 3522 sancti
310 3467 610 3535 Michaelis,
641 3477 697 3525 et
722 3470 891 3525 sancti
917 3469 1168 3541 Remigii,
1198 3478 1253 3525 et
1280 3470 1530 3525 Omnium
1559 3468 1699 3524 San—

114 3565 358 3627 ctorum,
404 3569 462 3617 et
505 3562 677 3617 sancti
703 3562 937 3628 Martini,
967 3571 1021 3617 et
1052 3563 1105 3616 in
1132 3563 1273 3617 illius
1303 3564 1474 3618 sancti
1500 3563 1705 3619 festivi-

116 3662 261 3719 tate,
312 3655 403 3726 qui
434 3655 487 3709 in
529 3655 618 3711 illo
644 3657 957 3728 episcopatu
994 3658 1225 3712 celebris
1262 3656 1510 3713 habetur.
1553 3659 1621 3711 Et
1650 3658 1703 3713 in

115 3744 199 3801 his
219 3748 548 3819 supradictis
582 3747 771 3805 ditius
795 3747 957 3803 faciat
991 3750 1311 3804 charitatem
1338 3765 1461 3803 cum
1494 3750 1705 3804 caeteris

114 3838 463 3907 Christianis,
505 3841 601 3896 sed
633 3850 811 3896 tamen
848 3842 1165 3896 ebrietatem
1190 3849 1243 3895 et
1271 3841 1475 3896 ventris
1503 3840 1703 3896 disten-

118 3933 321 3995 tionem
348 3948 561 4005 semper
587 3933 641 3988 in
668 3933 920 3989 omnibus
945 3942 1152 3988 caveat.

654 4046 1049 4103 CAPITULUM
1086 4048 1148 4103 ll.

119 4116 196 4175 De
225 4117 333 4174 illis
360 4118 450 4190 qui
477 4116 729 4191 jeju_nare
760 4136 861 4191 non
891 4129 1141 4191 possunt,
1170 4128 1218 4172 et
1246 4118 1535 4190 adimplere
1563 4118 1704 4191 quod

490 4188 545 4243 in
579 4188 928 4244 Paenitentiali
958 4192 1207 4260 scriptum
1240 4199 1335 4244 est.

191 4290 217 4321 ι
253 4278 354 4348 Qui
370 4277 617 4351 jejunarc
638 4288 837 4349 potest,
860 4289 915 4335 et
943 4281 1163 4352 implere
1191 4282 1333 4351 quod
1357 4282 1410 4337 in
1432 4282 1707 4339 Paeniten-

124 4370 235 4425 liali
269 4372 531 4441 scriptum
552 4378 655 4438 est,
686 4369 885 4425 bonum
906 4381 1012 4437 est,
1039 4380 1092 4426 et
1116 4372 1225 4428 Deo
1248 4374 1447 4443 gratias
1482 4374 1701 4429 referat.

121 4464 223 4530 Qui
254 4472 429 4519 autem
458 4479 563 4519 non
592 4473 792 4535 potest,
818 4465 865 4520 ei
888 4481 984 4535 per
1003 4466 1428 4521 misericordiam
1454 4467 1548 4522 Dei
1578 4484 1705 4523 con-

121 4559 302 4615 silium
323 4560 516 4615 damus
549 4560 677 4627 tale,
704 4568 763 4615 ut
787 4576 888 4616 nec
910 4561 1043 4629 sibi,
1069 4577 1171 4618 nec
1200 4560 1359 4618 alicui
1388 4578 1609 4620 necesse
1635 4565 1704 4619 sit

120 4652 415 4723 desperare
439 4650 523 4707 vel
546 4652 746 4724 perire.

326 4732 329 4733 ν
651 4744 1046 4803 CAPITULUM
1093 4744 1177 4803 Ill.

187 4833 261 4897 De
287 4835 635 4908 redemptione
664 4836 805 4915 ἱιιὶιιε
835 4839 959 4892 anni
976 4880 1003 4915 ,_
1020 4855 1171 4915 quem
1197 4840 1253 4895 in
1285 4856 1418 4912 pane
1438 4820 1485 4898 et
1509 4859 1647 4915 aqua

716 4908 931 4978 ejunare
970 4908 1134 4964 debet.

180 4995 379 5055 Primo
404 4998 492 5054 die
518 5011 680 5069 quem
718 4999 771 5053 in
800 5016 938 5069 pane
967 5008 1023 5055 et
1050 5017 1188 5072 aqua
1224 5000 1471 5072 jejunare
1515 5006 1705 5076 debet,

120 5091 512 5163 quinquaginta
542 5090 777 5161 psalmos
803 5093 855 5144 in
884 5092 1110 5147 ecclesia
1133 5134 1148 5161 ,
1180 5094 1226 5149 si
1251 5095 1363 5150 fieri
1390 5102 1587 5167 potest,
1616 5099 1711 5154 de-

119 5192 306 5237 cantet
330 5182 483 5237 ﬂexis
514 5184 772 5254 genibus;
803 5184 883 5238 sin
915 5192 1116 5251 autem,
1147 5186 1200 5240 in
1228 5187 1345 5243 loco
1369 5191 1708 5246 convenienti

118 5273 314 5327 eadem
342 5272 545 5339 faciat,
595 5281 650 5327 et
673 5290 840 5328 unum
861 5290 1151 5345 pauperem
1180 5286 1399 5346 pascat,
1451 5288 1505 5335 et
1534 5298 1599 5336 eo
1626 5283 1712 5337 die

121 5371 354 5433 excepto
389 5363 539 5429 vino,
595 5379 755 5419 carne
800 5373 854 5419 et
886 5366 1183 5437 sagimine,
1236 5378 1414 5425 sumat
1453 5372 1712 5442 quidquid

118 5453 278 5508 velit.
339 5452 399 5507 Si
450 5461 627 5509 autem
675 5455 799 5509 talis
848 5463 962 5521 est,
1012 5457 1101 5527 qui
1146 5459 1330 5513 taudiu
1378 5461 1432 5514 in
1486 5462 1712 5532 genibus

115 5548 307 5619 jacere
348 5564 454 5604 non
500 5550 708 5620 possit,
758 5548 923 5605 faciat
969 5561 1148 5606 autem
1190 5554 1349 5608 sicin
1378 5554 1637 5621 ecclesia,
1664 5557 1710 5612 si

120 5639 249 5695 ﬁeri
279 5640 468 5711 possit.
510 5639 602 5696 Sic
626 5648 805 5695 autem
836 5642 890 5696 in
914 5657 1021 5697 uno
1045 5642 1162 5698 loco
1183 5646 1375 5700 stando
1398 5646 1603 5702 intente
1632 5663 1716 5703 se-

202 5790 229 5819 ι
254 5777 432 5856 -Dedae
455 5793 691 5856 canones
702 5780 793 5856 _ad
816 5780 1054 5856 remedia
1091 5790 1458 5856 peccatorum,
1483 5800 1604 5856 cap.
1622 5785 1711 5855 14,

119 5848 211 5907 De
230 5849 449 5904 diuersis
470 5851 675 5914 causis;
702 5850 933 5917 Regino,
960 5851 993 5906 l.
1019 5869 1078 5915 ιι,
1093 5848 1157 5909 ἀ
1189 5853 1314 5908 444.

202 5920 234 5961 ι»
272 5919 503 5993 gegino,
530 5919 569 5993 l.
602 5937 665 5987 ιι,
695 5936 744 5976 c.
777 5919 912 5987 M0;
939 5922 1159 5992 Burch.,
1192 5924 1227 5978 l.
1264 5942 1339 5993 ix,
1368 5942 1417 5982 c.
1452 5928 1539 5984 18.

206 5987 506 6065 ¢_Regino,
533 5990 571 6047 Ι.
597 6006 659 6058 ιι,
685 6008 735 6046 c.
764 5993 900 6057 439;
932 5987 1155 6064 Burch.,
1180 5995 1218 6052 l.
1245 5987 1360 6066 mi,
1390 6012 1439 6055 c.
1474 5999 1560 6057 19.

577 6085 848 6155 Panos.
882 6087 1109 6155 XCIX.

1799 2248 2025 2304 ecclesia
2061 2249 2331 2303 decantet.
2377 2246 2434 2301 Si
2462 2254 2640 2301 autem
2686 2248 2789 2301 hoc
2830 2247 3011 2301 facere
3046 2262 3152 2301 non
3182 2255 3382 2318 potest,

1799 2340 1906 2395 tria
1928 2340 2183 2410 psalteria
2225 2339 2281 2393 in
2328 2338 2556 2394 ecclesia
2586 2337 2668 2393 vel
2706 2338 2761 2392 in
2795 2337 2912 2393 loco
2938 2338 3277 2393 convenienti
3302 2338 3387 2392 in-

1800 2440 1947 2487 tente
1978 2433 2256 2498 decantet;
2294 2440 2350 2486 et
2375 2439 2657 2501 postquam
2685 2430 2958 2499 psallerit,
2990 2438 3214 2499 excepto
3238 2429 3387 2496 vino,

1802 2540 1965 2581 carne
1990 2533 2045 2579 et
2066 2524 2349 2595 sagimine,
2379 2532 2557 2579 sumat
2584 2524 2847 2594 quidquid
2870 2523 3015 2578 velit.

1874 2628 1897 2657 ο
1922 2617 2028 2672 Pro
2053 2633 2161 2672 uno
2186 2633 2373 2672 mense
2392 2656 2407 2683 ,
2453 2632 2611 2687 quem
2637 2618 2691 2671 in
2717 2634 2855 2687 pane
2889 2626 2944 2672 et
2966 2633 3104 2689 aqua
3127 2616 3392 2687 poenitere

1802 2710 1979 2775 debet,
2008 2710 2244 2779 psalmos
2272 2709 2417 2764 mille
2465 2710 2724 2765 ducentos
2758 2708 2911 2765 ﬂexis
2943 2711 3169 2781 genibus
3196 2711 3392 2765 decan—

1801 2807 1909 2867 tet;
1961 2809 2017 2855 et
2059 2801 2207 2856 omni
2254 2802 2341 2856 die
2382 2801 2427 2856 si
2474 2802 2634 2868 velit,
2664 2810 2718 2856 et
2746 2802 2790 2857 si
2822 2802 3093 2857 abstinere
3117 2819 3224 2857 non
3251 2802 3389 2869 vult,

1802 2892 2012 2948 reficiat
2056 2908 2115 2948 se
2160 2893 2227 2948 ad
2273 2902 2479 2949 sextam
2527 2893 2751 2959 horam,
2800 2894 2903 2948 nisi
2951 2893 3134 2967 [feria]
3173 2902 3390 2963 quarta,

1803 2991 1955 3038 sexta
1973 2981 2182 3051 jejunet
2210 2985 2276 3038 ad
2302 3000 2530 3049 nonam;
2563 2994 2619 3040 et
2650 3000 2680 3038 a
2729 2999 2892 3039 carne
2931 2993 2987 3039 et
3033 2984 3296 3055 sagimine
3338 2990 3394 3039 et

1802 3074 1931 3130 vino
1959 3083 2130 3130 totum
2168 3090 2412 3131 mensem
2456 3092 2512 3131 se
2548 3077 2835 3131 abstineat.
2891 3075 3069 3130 Alium
3102 3085 3280 3131 autem
3310 3077 3361 3131 ci
3391 3110 3397 3117 -

1802 3165 1932 3221 bum
1956 3208 1971 3234 ,
2019 3177 2306 3239 postquam
2346 3168 2585 3239 psalmos
2624 3170 2959 3240 supradictos
3003 3169 3394 3238 decantaverit,

1804 3265 2000 3313 sumat.
2041 3258 2151 3313 lsto
2171 3259 2359 3314 ordine
2391 3267 2535 3313 totus
2560 3259 2647 3315 ille
2678 3273 2850 3315 annus
2882 3260 3225 3316 redimendus
3252 3270 3355 3316 est.

2339 3371 2736 3427 CAPITULUM
2790 3373 2856 3428 γ.

1810 3441 1887 3496 De
1905 3442 2014 3518 illis
2040 3443 2130 3518 qui
2150 3442 2400 3518 jejunare
2427 3460 2529 3518 non
2552 3453 2789 3518 possunt,
2814 3453 2861 3497 et
2885 3445 3143 3518 nesciunt,
3177 3463 3392 3518 quomo-

1880 3514 1947 3585 do
1975 3515 2330 3583 prenitentiam
2358 3514 2511 3585 unius
2543 3514 2689 3577 anni,
2722 3531 2871 3585 quem
2905 3514 3153 3584 jejunare
3181 3514 3389 3584 debent,

1878 3584 1934 3638 in
1961 3601 2096 3654 pane
2124 3592 2171 3637 et
2200 3600 2336 3654 aqua
2364 3583 2615 3638 redimere
2639 3583 2857 3655 possint.

1878 3674 1905 3712 ἀ
1939 3674 2041 3741 Qui
2078 3688 2209 3729 vero
2249 3673 2486 3745 psalmos
2534 3690 2641 3729 non
2676 3675 2863 3741 novit,
2906 3660 2960 3731 et
2995 3674 3241 3745 jejunare
3282 3694 3389 3736 non

1807 3777 2009 3841 potest,
2040 3784 2140 3839 pro
2162 3783 2270 3823 uno
2298 3783 2439 3823 anno
2466 3783 2627 3838 quem
2658 3769 2711 3823 in
2730 3783 2870 3838 pane
2895 3778 2951 3824 et
2988 3786 3125 3840 aqua
3146 3770 3393 3841 jejunare

1808 3861 1968 3917 debet
1992 3902 2007 3927 ,
2045 3860 2135 3915 det
2164 3859 2493 3931 pauperibus
2521 3862 2575 3915 in
2617 3860 3010 3932 eleemosynam
3040 3862 3229 3933 viginti
3258 3864 3392 3920 duos

1813 3952 2035 4026 [viginti
2082 3952 2200 4025 sex]
2233 3952 2462 4019 solidos,
2504 3961 2559 4007 et
2586 3968 2775 4007 omnes
2816 3962 2996 4009 sextas
3048 3952 3213 4010 ferias
3249 3952 3392 4026 jeju-

1807 4053 1901 4100 net
1931 4045 1983 4098 in
2012 4060 2151 4115 pane
2185 4051 2240 4099 et
2268 4060 2406 4114 aqua
2430 4085 2444 4110 ,
2492 4051 2548 4098 et
2574 4051 2687 4099 tres
2716 4043 3173 4115 quadragesimas,
3207 4046 3262 4102 id
3287 4056 3393 4114 est,

1808 4139 2166 4211 quadraginta
2191 4139 2306 4193 dies
2328 4148 2452 4193 ante
2477 4137 2702 4202 Pascha,
2736 4138 3092 4210 quadraginta
3119 4140 3232 4194 dies
3266 4147 3392 4194 ante

1806 4232 2155 4287 festivitatem
2178 4230 2349 4285 sancti
2372 4228 2596 4284 Joannis
2624 4230 2874 4300 Baptistae
2898 4249 2910 4284 :
2937 4238 2991 4285 et
3015 4231 3059 4285 si
3099 4238 3223 4284 ante
3243 4228 3392 4284 festi-

1805 4324 2025 4378 vitatem
2049 4320 2253 4391 aliquid
2275 4322 2819 4389 remanserit,postea
2846 4319 3154 4390 adimpleat.
3178 4320 3392 4388 thuav-

1807 4417 2057 4487 draginta
2084 4413 2199 4470 dies
2221 4422 2346 4471 ante
2373 4412 2560 4467 Natale
2573 4412 2807 4467 Domini.
2830 4412 2887 4465 ln
2914 4412 3030 4465 istis
3062 4411 3232 4465 tribus
3255 4427 3389 4480 qua-

1808 4487 2128 4581 dragesimis
2160 4507 2422 4579 quidquid
2455 4506 2536 4561 ori
2567 4521 2664 4559 suo
2692 4512 3025 4575 prmparatur
3050 4503 3103 4557 in
3131 4503 3271 4568 cibo,
3302 4503 3389 4559 vel

1806 4603 1859 4657 in
1880 4610 2008 4673 potu
2038 4644 2052 4667 ,
2081 4601 2165 4656 vel
2188 4599 2556 4669 cujuscunque
2585 4595 2797 4668 generis
2846 4594 2914 4648 sit
2940 4634 2954 4659 ,
3002 4592 3129 4647 illud
3159 4593 3392 4648 aestimet

1811 4696 1999 4766 quanti
2016 4693 2173 4765 pretii
2205 4693 2294 4758 sit,
2326 4690 2411 4745 vel
2434 4702 2552 4744 esse
2581 4687 2780 4757 possit;
2806 4693 2860 4739 et
2884 4684 3227 4738 medietatem
3247 4684 3401 4737 illius.

1810 4788 1971 4859 pretii
2001 4786 2291 4842 distribuat
2311 4786 2363 4840 in
2386 4784 2778 4850 eleemosynam
2804 4779 3150 4850 pauperibus,
3177 4786 3233 4832 et
3261 4776 3396 4832 assi-

1812 4884 1915 4937 due
1944 4889 2061 4936 oret
2084 4888 2139 4935 et
2184 4882 2337 4950 roget
2358 4876 2677 4939 Dominum,
2710 4882 2769 4928 ut
2799 4874 2974 4928 oratio
3020 4871 3136 4942 ejus
3164 4880 3220 4926 et
3248 4870 3393 4927 elec-

1809 4988 2048 5045 mosynae
2079 4967 2196 5040 ejus
2232 4970 2370 5041 apud
2402 4968 2571 5022 Deum
2599 4964 2956 5036 acceptabiles
2977 4965 3105 5020 sint.

2339 5079 2731 5137 CAPITULUM
2771 5080 2856 5136 Vl.

1817 5176 1894 5232 De
1940 5176 2287 5243 redemptione
2336 5176 2490 5229 unius
2525 5176 2671 5239 anni,
2715 5190 2864 5245 quem
2887 5172 3132 5244 paenitere
3164 5172 3311 5228 debet
3338 5174 3394 5228 in

2403 5263 2539 5318 pane
2570 5256 2617 5299 et
2643 5262 2798 5305 aqua.

1894 5377 1916 5405 θ
1943 5364 2072 5420 Item
2102 5363 2193 5434 qui
2219 5362 2467 5434 jejunare
2500 5379 2607 5420 non
2634 5371 2832 5433 potest,
2864 5372 2919 5420 et
2939 5365 3230 5420 observare
3255 5363 3397 5436 quod

1818 5463 1870 5517 in
1896 5459 2255 5517 Pcenitcntiali
2284 5460 2543 5529 scriptum
2569 5468 2668 5524 est,
2704 5458 2867 5515 faciat
2895 5461 2996 5517 hoc
3016 5464 3157 5531 quod
3178 5468 3400 5516 sanctus

1820 5555 2126 5611 Bonifacius
2148 5570 2282 5625 papa
2303 5553 2579 5609 constituit
2600 5569 2698 5625 pro
2726 5569 2834 5609 uno
2863 5554 2968 5620 die,
2994 5570 3153 5623 quem
3177 5552 3232 5607 in
3259 5564 3401 5623 pane

1825 5657 1879 5705 et
1905 5663 2042 5718 aqua
2067 5647 2332 5717 poenitere
2358 5644 2535 5701 debet.
2586 5646 2759 5717 Roget
2780 5647 3152 5718 presbyterum
3183 5652 3241 5699 ut
3266 5641 3401 5699 mis-

1892 5786 1919 5828 ἀ
1959 5786 2184 5858 Regino,
2217 5787 2254 5841 l.
2284 5804 2344 5851 ιι,
2371 5802 2420 5843 c.
2449 5786 2545 5841 441
2571 5804 2585 5853 ;
2616 5785 2840 5855 Burch.,
2879 5788 2914 5842 Ι.
2944 5804 3055 5852 xix,
3084 5802 3134 5842 c.
3164 5784 3235 5840 20

1897 5871 1921 5899 ο
1958 5852 2249 5931 Ραξιιίιθιιι.
2281 5858 2464 5926 Rom.,
2499 5852 2583 5914 tit.
2608 5860 2660 5931 9,
2694 5852 2939 5931 cap.'28;
2973 5855 3273 5914 Burchard.
3302 5852 3400 5913 lib.

1821 5947 1939 6003 th,
1965 5948 2012 5988 c.
2041 5930 2143 6001 2i;
2178 5930 2289 5999 lvo,
2320 5947 2373 6003 p.
2400 5947 2489 6001 xv,
2515 5946 2565 5988 c.
2600 5930 2699 5988 201
2724 5948 2739 6000 ;
2762 5930 2845 5985 ’cx
2874 5930 3177 5987 Theodoro.

2888 6088 2970 6156 30
