4012 6364
195 378 298 443 οιι

1294 382 1853 446 ΡΈΡΙΙΤΕΝΤΙΑΕΕ.
1891 419 1961 432 -
1999 388 2359 451 CAPITULA.

3350 400 3456 468 94S

194 504 548 575 estetregin'a
564 496 805 561 omnium
822 496 1767 577 malorum,nasciturinobedientia,
1796 510 1844 569 Α
1946 513 2139 569 Interr.
2195 517 2347 572 Unde
2400 512 2681 574 confessus
2720 514 2913 586 fuisti,
2975 520 3058 577 vis
3084 525 3459 592 paenitentiam

192 596 570 669 praesumptio,
617 604 673 650 et
708 597 1019 667 pertinacia,
1053 601 1454 667 contentiones,
1515 604 1771 667 luereses,

194 688 533 759 errOgnutia.
572 688 648 743 De
676 686 873 743 invidia
906 692 1145 745 nascitur
1167 693 1350 746 odium
1372 733 1386 758 ,
1430 693 1733 748 susurratio
1757 733 1773 760 ,

194 779 484 843 detractio,
512 778 801 834 exsttltatio
821 779 875 833 in
920 781 1163 838 adversis
1191 784 1443 852 proximi,
1474 783 1692 839 atllictio
1720 786 1781 838 in

190 870 492 942 prosperis.
538 869 617 927 De
646 886 783 924 vana
830 871 1030 941 gloria,
1074 872 1334 941 iactantia
1360 915 1375 941 ,
1426 877 1773 947 arrogantia,

192 960 518 1031 indignatio,
542 961 809 1016 discordia
831 1004 845 1027 ,
892 964 1068 1019 inanis
1098 966 1279 1035 gloriae
1303 968 1500 1037 cupido
1524 976 1578 1022 et
1606 969 1778 1039 hypo-

192 1051 376 1105 crisis.
428 1052 501 1105 De
530 1053 609 1105 ira
639 1054 888 1108 oriuntur
916 1055 1069 1120 rixae,
1099 1064 1278 1111 tumor
1316 1060 1537 1123 mentis,
1589 1069 1778 1115 contu-

188 1144 391 1209 meliae,
419 1145 643 1210 clamor,
677 1148 989 1218 indignatio,
1020 1152 1387 1220 praesumptio,
1411 1152 1774 1223 blasphemiae,

189 1235 473 1303 sanguinis
525 1235 735 1302 effusio,
768 1238 1089 1305 homicidia,
1144 1241 1435 1296 ulciscendi
1490 1243 1772 1315 cupiditas,

190 1324 517 1393 injuriarum
564 1325 843 1381 memoria.
872 1327 950 1382 De
996 1329 1216 1385 tristitia
1258 1332 1500 1386 nascitur
1550 1332 1774 1399 malitia,

187 1432 391 1471 rancor
412 1417 597 1483 animi,
629 1419 1065 1487 pusillanimitas,
1091 1423 1419 1488 amaritudo,
1449 1413 1777 1493 desperatio,

186 1514 401 1576 torpor,
447 1510 661 1580 vagatio
706 1511 938 1576 mentis,
1000 1528 1141 1583 saepe
1186 1514 1349 1569 etiam
1397 1522 1451 1569 et
1494 1516 1779 1586 przesentis

183 1601 316 1655 vitae
361 1601 594 1656 maxima
626 1601 930 1679 delectatio.
970 1604 1043 1659 De
1079 1607 1307 1660 avaritia
1346 1608 1596 1661 oriuntur
1634 1608 1779 1661 invid

184 1692 314 1760 diae,
360 1694 523 1758 furta,
554 1694 835 1750 latrocinia
856 1738 868 1761 ,
921 1699 1209 1753 homicidia
1229 1741 1243 1763 ,
1299 1701 1577 1755 mendacia
1603 1742 1618 1767 ,
1654 1717 1775 1771 per-

1877 605 2174 673 suscipere,
2198 617 2252 660 et
2279 607 2423 661 illam
2451 608 2590 663 bene
2627 611 2919 674 custodire,
2974 620 3027 666 et
3079 630 3268 671 omnes
3305 621 3461 675 adin-

1875 684 2153 751 ventiones
2177 698 2372 752 diaboli
2390 701 2791 768 abrenuntiare,
2807 709 2860 758 et
2876 711 3119 759 sanctam
3142 705 3463 769 Trinitatem

1877 787 2115 843 credere.
2146 819 2215 828 —
2239 787 2394 861 Resp.
2430 791 2585 847 Volo.

1949 877 2100 935 Tunc
2124 888 2426 949 prosternat
2448 898 2505 937 se
2528 884 2795 953 paenitens
2823 886 2876 941 in
2908 896 3199 956 terram,et
3232 907 3355 949 cum
3382 893 3464 952 ia-

1878 970 2077 1039 crymis
2100 972 2242 1026 dicat
2262 991 2272 1025 :
2292 974 2356 1026 Et
2374 974 2426 1028 in
2450 976 2535 1030 his
2562 984 2616 1029 et
2648 978 2700 1030 in
2730 978 2851 1033 aliis
2875 981 3020 1036 vitiis
3053 983 3471 1058 quibuscunque‘

1879 1061 2110 1116 humana
2130 1062 2397 1135 fragilitas
2412 1077 2597 1121 contra
2616 1069 2901 1125 Dominum
2918 1083 2971 1128 et
2985 1083 3285 1132 creatorem
3304 1095 3459 1135 suum

1879 1162 1972 1207 aut
2000 1156 2304 1226 cogitando,
2334 1167 2427 1212 aut
2454 1159 2741 1230 loquendo,
2768 1173 2862 1217 aut
2891 1170 3163 1236 operando
3185 1202 3201 1233 ,
3250 1178 3342 1225 aut
3371 1162 3464 1227 de-

1880 1247 2146 1315 lectando,
2202 1258 2295 1305 aut
2348 1255 2776 1323 concupiscendo
2839 1271 3065 1327 peccare
3118 1270 3335 1329 potest,
3407 1265 3462 1318 in

1878 1345 2127 1401 omnibus
2154 1361 2239 1399 me
2277 1362 2531 1417 peccasse
2554 1356 2606 1402 et
2636 1366 2785 1405 reum
2823 1352 2878 1405 in
2912 1365 3201 1423 conspectu
3233 1356 3327 1411 Dei
3377 1372 3464 1412 su-

1878 1451 1975 1505 per
1998 1445 2187 1492 omnes
2225 1438 2469 1495 homines
2508 1456 2627 1495 esse
2672 1458 2938 1513 cognosco
2961 1454 3016 1500 et
3042 1447 3320 1502 confiteor.
3352 1448 3464 1503 Hu-

1879 1529 2080 1585 militer
2121 1532 2285 1586 etiam
2334 1540 2407 1597 te,
2444 1536 2697 1589 sacerdos
2734 1535 2853 1603 Dei,
2903 1552 3139 1608 exposco
3185 1548 3243 1594 ut
3296 1541 3465 1595 inter-

1879 1624 2039 1678 cedas
2086 1639 2186 1693 pro
2230 1639 2318 1679 me
2380 1632 2433 1678 et
2489 1626 2728 1693 peccatis
2768 1628 2905 1683 meis
2954 1630 3021 1683 ad
3082 1631 3366 1685 Dominum
3408 1638 3465 1688 et

1878 1721 2176 1787 creatorem
2215 1722 2457 1769 nostrum
2480 1756 2494 1780 ,
2558 1724 2824 1787 quatenus
2859 1721 2925 1775 de
2976 1722 3059 1776 bis
3090 1731 3145 1776 et
3194 1724 3261 1777 de
3288 1722 3466 1780 omni-
3520 1742 3525 1747 ί

177 1783 327 1889 iuri“
348 1826 362 1850 .
411 1786 613 1855 ηρὶηεε
630 1829 643 1852 ,
687 1788 999 1857 inquietudo
1019 1831 1033 1855 ,
1085 1791 1380 1855 Violenlife.
1434 1791 1633 1861 iniusta
1686 1794 1777 1864 iu-
1804 1870 1853 1889 _
1870 1784 1977 1858 bus
2002 1805 2297 1862 sceleribus
2323 1807 2460 1862 meis
2486 1783 2698 1864 veniam
2715 1819 2769 1866 et
2791 1812 3178 1885 indulgentiam
3204 1818 3464 1889 consequi

183 1878 360 1943 dicia,
410 1887 752 1949 contemptus
817 1882 1110 1948 veritatis,
1180 1883 1376 1938 futurae
1422 1886 1774 1942 beatitudinis
1804 1870 2110 1952 ima-ear.

181 1969 406 2036 oblivio,
431 1970 716 2026 obduratio
742 1972 940 2026 cordis.
970 1973 1047 2027 De
1082 1976 1290 2031 ventris
1316 1976 1554 2048 ingluvie
1579 1994 1779 2049 propa-

183 2074 345 2136 gatur
409 2066 589 2133 inepta
645 2066 867 2132 laetitia,
915 2068 1251 2135 scurrilitas,
1299 2068 1512 2137 levitas,
1573 2071 1777 2127 vanilo-

182 2156 372 2226 quium
398 2196 413 2221 ,
470 2155 809 2219 immunditia
854 2160 1139 2228 corporis,
1179 2160 1507 2217 instabilitas
1556 2165 1771 2230 mentis,

180 2248 446 2312 ebrietas,
472 2246 660 2312 libido,
692 2248 966 2305 hebetudo
990 2264 1202 2311 sensus.
1221 2252 1299 2309 De
1318 2252 1532 2311 luxuria
1554 2270 1775 2326 genera-

182 2349 271 2394 tur
295 2340 518 2396 caecitas
540 2341 755 2407 mentis,
784 2341 1224 2409 ineonsideratio,
1250 2348 1634 2415 inconstantia,
1652 2365 1776 2405 ocu-

183 2430 359 2488 lorum
409 2426 495 2487 vel
549 2434 711 2489 totius
749 2436 993 2504 corporis
1031 2438 1423 2507 praecipitatio,
1463 2456 1617 2496 amor
1668 2440 1772 2494 im-

182 2525 498 2580 moderatus
554 2525 675 2590 sui,
722 2528 903 2582 odium
941 2530 1317 2585 mandatorum
1363 2531 1491 2599 Dei,
1549 2534 1776 2589 allectus

185 2617 470 2690 praesentis
497 2618 701 2681 saeculi,
730 2619 926 2675 horror
960 2627 1016 2676 et
1042 2620 1349 2692 desperatio
1372 2623 1562 2679 futuri.

684 2734 1083 2793 CAPITULUM
1132 2737 1268 2792 XIII.

194 2800 267 2861 De
301 2806 601 2872 virtutibus,
624 2808 809 2883 quibus
848 2809 1027 2883 eadem
1058 2810 1183 2862 vitia
1228 2828 1467 2881 superari
1512 2821 1771 2883 possunt;

543 2889 588 2933 et
619 2879 684 2934 de
712 2878 1044 2937 conclusione
1083 2878 1416 2951 paenitentia.

260 2968 410 3043 Ergo
451 2972 493 3037 si
518 2973 785 3041 superbus
810 2970 959 3027 fuisti
1010 2988 1181 3043 usque
1210 2974 1390 3035 modo.
1435 2975 1659 3032 humilia
1691 2986 1776 3033 te-

188 3059 365 3135 ipsum
390 3064 446 3119 in
474 3073 763 3133 conspectu
797 3064 911 3123 Dei.
938 3064 995 3120 Si
1020 3082 1216 3120 vanam
1244 3066 1472 3138 gloriam
1517 3068 1773 3134 dilexisti,

182 3156 363 3227 cogita
383 3171 453 3213 ne
477 3163 697 3225 propter
727 3155 1097 3213 transitoriam
1124 3157 1337 3214 laudem
1366 3169 1625 3215 aeternam
1654 3175 1777 3229 per-

183 3251 283 3306 das
312 3249 638 3306 mercedem.
673 3249 729 3306 Si
770 3250 983 3306 invidiae
1012 3252 1202 3323 rubigo
1232 3262 1284 3308 te
1318 3254 1423 3308 huc
1454 3267 1624 3322 usque
1651 3269 1778 3310 eon-

183 3339 457 3411 sumpsit,
505 3341 647 3410 quod
703 3348 785 3396 est
834 3349 1117 3411 peccatum
1166 3343 1462 3399 maximum
1519 3352 1574 3399 et
1616 3360 1780 3414 super

180 3432 369 3495 omnia
399 3433 731 3498 detestabile,
763 3435 889 3503 quia
919 3435 1132 3493 diabolo
1167 3445 1514 3507 comparatur
1542 3438 1776 3503 invidus,

180 3527 279 3596 qui
312 3526 494 3596 primo
518 3526 722 3582 homini
753 3527 945 3585 invidit
966 3530 1153 3585 datum
1181 3531 1327 3601 quod
1350 3531 1464 3601 ipse
1492 3545 1591 3599 per
1622 3543 1778 3587 suam

174 3619 403 3689 culpam
453 3620 779 3689 perdiderat,
808 3636 907 3694 age
944 3625 1350 3693 ptenltentiam,
1382 3635 1437 3681 et
1476 3624 1778 3695 profectum

178 3712 445 3778 aliorum,
478 3721 628 3770 tuum
656 3717 887 3785 deputat.
932 3716 989 3771 Si
1027 3718 1249 3773 tristitia
1282 3728 1333 3774 te
1380 3725 1631 3789 superat,
1681 3732 1779 3789 pas-

180 3806 438 3862 tientiam
485 3815 540 3863 et
577 3807 1040 3879 longanimitatem
1093 3812 1372 3866 meditare.
1430 3810 1487 3865 Si
1538 3812 1779 3868 avaritia:

180 3900 415 3955 morbus
453 3909 506 3956 te
534 3910 744 3973 gravat,
777 3903 956 3973 cogita
1006 3903 1150 3973 quod
1203 3904 1357 3958 radix
1410 3913 1492 3959 est
1536 3904 1778 3959 omnium

173 3990 477 4057 malorum,
528 4000 582 4051 et
632 3992 949 4050 idololatriae
988 4004 1374 4065 comparatur:
1412 4004 1467 4051 et
1504 3996 1625 4051 ideo
1670 3996 1779 4052 lar-

179 4100 315 4158 gum
343 4092 393 4138 te
413 4099 532 4139 esse
554 4095 786 4157 oportet.
807 4086 863 4141 Si
883 4087 960 4141 ira
993 4097 1044 4142 te
1068 4097 1244 4154 vexat,
1273 4104 1393 4159 qua:
1422 4090 1474 4144 in
1489 4090 1776 4145 stultorum

180 4178 308 4233 sinu
338 4179 633 4250 requiescit
668 4181 934 4236 dominari
961 4183 1125 4238 debes
1164 4183 1344 4237 animo
1376 4193 1484 4247 tuo,
1509 4192 1563 4239 et
1582 4185 1723 4239 hanc
1745 4200 1777 4239 a

181 4280 242 4327 te
278 4272 477 4328 mentis
507 4273 896 4344 tranquillitate
934 4274 1078 4346 fuga.
1107 4274 1165 4329 Si
1202 4276 1411 4330 ventris
1440 4276 1701 4347 ingluvies
1725 4284 1777 4331 te

180 4368 256 4422 ad
308 4367 675 4422 devorandum
714 4369 1009 4438 protrahit,
1041 4370 1390 4424 sobrietatem
1445 4378 1672 4424 sectare.
1719 4368 1777 4424 Si

168 4442 427 4527 luxuria,
458 4462 764 4515 castitatem
799 4476 955 4517 vove.

260 4554 557 4624 Postquam
587 4556 650 4609 de
690 4556 775 4610 bis
817 4555 974 4611 factis
1001 4554 1282 4611 confessus
1308 4554 1427 4619 fuit,
1461 4565 1588 4611 tunc
1628 4555 1775 4611 dicat

2561 1987 2784 2030 ORATIO.

1949 2058 2100 2117 Tunc
2122 2061 2375 2117 sacerdos
2397 2062 2542 2118 dicat
2572 2080 2585 2118 :
2618 2062 2941 2122 Misereatur
2967 2065 3062 2122 tibi
3104 2065 3350 2123 Christus
3375 2068 3466 2124 Fi-

1876 2147 1980 2209 lius
2006 2149 2132 2216 Dei;
2161 2152 2322 2207 donet
2357 2152 2453 2209 tibi
2483 2152 2625 2207 Deus
2653 2170 2840 2209 veram
2866 2156 3239 2231 pmniteutiam
3262 2156 3467 2226 facere,

1876 2240 2035 2295 fidem
2080 2250 2303 2307 rectam,
2339 2259 2487 2313 spem
2515 2253 2740 2310 certam,
2773 2247 3096 2302 charitalem
3144 2248 3461 2317 perfectam,

1874 2349 2058 2389 veram
2103 2335 2462 2393 humilitatem
2512 2344 2566 2391 et
2619 2337 2957 2407 sapientiam,
3008 2338 3359 2395 sobrietatem
3405 2350 3461 2396 et

1875 2426 2453 2493 tolerantiam,bonum
2486 2428 2646 2489 ﬁnem
2674 2440 2728 2484 et
2759 2432 3215 2499 perseverantiam
3240 2433 3459 2489 bonam.

1875 2518 2150 2589 Indulgeat
2182 2521 2279 2574 tibi
2331 2521 2472 2575 Deus
2520 2524 2701 2579 omnia
2749 2532 2972 2592 peccata
3020 2533 3110 2580 tua
3160 2528 3464 2595 pneterita,

1873 2611 2184 2677 prtesentia,
2217 2619 2271 2664 et
2300 2611 2481 2668 futura
2504 2625 2550 2665 α.
2582 2613 2852 2675 llluminet
2880 2623 2932 2669 te
2960 2614 3194 2685 Spiritus
3222 2626 3460 2684 sanctus,

1877 2714 2093 2759 scnsum
2122 2710 2269 2757 tuum
2300 2703 2517 2773 dirigat,
2562 2705 2799 2760 animam
2852 2713 2999 2765 tuam
3048 2706 3237 2774 salvet,
3263 2711 3467 2781 cogitas

1877 2793 2050 2847 tiones
2088 2802 2303 2850 sanctas
2340 2796 2438 2850 tibi
2492 2796 2739 2866 inspiret,
2771 2798 2837 2852 ad
2880 2798 3046 2853 vitam
3095 2807 3354 2855 aeternam
3411 2808 3465 2857 te

1875 2887 2159 2955 perducat.

1948 2982 2154 3037 Deinde
2199 2983 2455 3039 sacerdos
2485 2998 2609 3038 cum
2638 2985 2935 3054 poenitente
2964 2999 3021 3039 se
3061 2992 3373 3055 prosternat
3410 2986 3466 3041 in’

1876 3080 2043 3137 terra,
2088 3082 2143 3128 et
2177 3076 2426 3130 decantet
2454 3076 2554 3130 hos
2582 3075 2818 3145 psalmos
2854 3095 2866 3128 :
2899 3076 3147 3131 Miserere
3174 3078 3273 3131 mei
3304 3077 3464 3144 Deus,

1879 3178 2051 3233 usque
2081 3167 2147 3220 ad
2177 3181 2353 3220 omnes
2370 3167 2670 3237 iniquitates
2700 3183 2841 3221 meas
2869 3168 2999 3223 dele.
3032 3168 3260 3223 Benedic
3286 3171 3468 3225 anima

1886 3271 1999 3309 mea
2046 3255 2327 3310 Dominum
2376 3272 2548 3326 usque
2597 3260 2663 3311 ad
2722 3260 3070 3312 renouabitur.
3127 3260 3341 3314 Salvum
3381 3262 3469 3329 fac

1882 3364 2085 3401 servum
2108 3356 2275 3414 tuum,
2298 3348 2537 3401 Domine.
2560 3347 2737 3400 Mitlat
2761 3348 3019 3402 auxilium
3047 3348 3139 3403 tibi
3169 3351 3233 3404 de
3262 3359 3465 3405 sancto.

1884 3437 2157 3492 Custodiat
2186 3439 2442 3494 Dominus
2470 3448 2519 3493 te
2545 3441 2609 3495 ab
2637 3442 2776 3494 omni
2812 3440 2977 3507 malo,
3002 3451 3104 3498 etc.

2569 3548 2789 3588 ORATIO.

1952 3620 2198 3677 Christus
2225 3622 2392 3677 Filius
2438 3622 2532 3677 Dei
2578 3624 2685 3677 vivi
2737 3638 3083 3694 perseverare
3110 3634 3162 3682 te
3210 3626 3266 3684 in
3310 3626 3471 3685 bonis

1882 3716 2134 3785 operibus
2156 3714 2317 3770 faciat
2343 3717 2552 3783 cunctis
2598 3717 2788 3773 diebus
2812 3719 2934 3774 vita:
2963 3727 3087 3786 tum,
3115 3729 3170 3775 et
3208 3721 3471 3792 perducat

1881 3806 1937 3861 in
1963 3806 2131 3860 vitam
2156 3816 2436 3862 aeternam.
2467 3807 2661 3863 Amen.

2570 3916 2770 3957 ORATIO

1952 3989 2095 4047 Deus
2143 3992 2297 4063 cujus
2346 3992 2681 4065 indulgentia
2731 4011 2889 4050 nemo
2938 4012 3044 4050 non
3098 3996 3325 4071 indiget,
3356 3981 3481 4057 me;

1879 4094 2063 4140 mento
2089 4085 2273 4141 famuli
2310 4088 2407 4151 tui,
2433 4087 2524 4157 qui
2556 4089 2763 4144 lubrica
2794 4093 2996 4146 terreni
3019 4094 3263 4164 corporis
3309 4093 3475 4168 fragi-

1879 4175 2033 4232 litate
2064 4180 2296 4235 nudatus
2326 4189 2427 4247 est,
2465 4198 2794 4252 quaesumus,
2821 4186 2887 4238 da
2926 4186 3138 4241 veniam
3171 4188 3469 4258 confitenti,

1879 4284 2041 4340 parce
2072 4272 2318 4342 supplici,
2350 4283 2406 4327 ut
2455 4274 2545 4343 qui
2595 4277 2708 4331 suis
2757 4279 2992 4347 peccatis
3030 4289 3341 4349 accusatur,
3380 4288 3471 4337 tua

1880 4356 2231 4421 miseratione
2260 4367 2519 4423 salvetur.

2567 4477 2785 4517 ORATIO.

1955 4550 2179 4606 Domine
2228 4559 2412 4606 sancte
2457 4551 2620 4607 Pater
2666 4554 3028 4622 omnipotens,
3076 4560 3276 4609 aeterne
3306 4554 3471 4622 Deus,

180 4647 483 4703 sacerdos:
518 4646 875 4717 Recognoscis
921 4655 975 4702 te
1002 4663 1122 4703 esse
1156 4648 1475 4716 culpabilem
1504 4648 1569 4701 de
1597 4650 1774 4703 omni-
1805 4641 1857 4691 ν
1881 4644 1971 4713 qui
2001 4660 2100 4713 per
2138 4641 2322 4699 Iesum
2353 4645 2626 4701 Christum
2657 4645 2847 4700 Filium
2878 4655 3025 4700 tuum
3062 4647 3345 4702 Dominum
3376 4663 3475 4704 no-

180 4738 293 4796 bus
322 4740 561 4809 peccatis
608 4741 735 4807 tuis,
769 4756 888 4811 quae
929 4750 1053 4812 post
1080 4742 1408 4812 baptismum
1450 4741 1669 4795 sciendo
1697 4742 1779 4795 vel
1881 4745 2052 4791 strum
2083 4738 2303 4791 vulnera
2347 4746 2527 4792 nostra
2558 4753 2751 4792 curare
2780 4738 3031 4807 dignatus
3070 4754 3148 4802 es,
3190 4747 3251 4792 te
3274 4739 3478 4819 suppli-

176 4832 489 4888 neseiendo
520 4834 844 4899 recordaris,
897 4833 951 4888 in
995 4835 1160 4889 verbo
1204 4841 1297 4888 aut
1347 4835 1401 4887 in
1444 4848 1647 4903 opere,
1690 4842 1783 4888 aut
1881 4845 1972 4883 ccs
2000 4845 2251 4898 rogamus
2300 4837 2354 4883 et
2400 4830 2653 4900 petimus,
2686 4837 2743 4883 ut
2775 4830 3027 4899 precibus
3065 4830 3263 4889 nostris
3289 4845 3476 4884 aurem

176 4926 524 4995 cogitatione
570 4934 763 4981 contra
794 4927 1113 4982 mandatum
1160 4927 1253 4982 Dei
1288 4926 1496 4997 egisse?
1525 4957 1595 4966 —
1623 4925 1776 4998 Resp.

182 5019 378 5075 Facio.

262 5111 465 5166 Interr.
481 5111 762 5169 Promittis
791 5119 844 5169 te
870 5113 937 5169 de
959 5114 1252 5184 praeteritis
1281 5112 1454 5184 culpis
1470 5112 1778 5175 emendare,

181 5212 245 5263 et
312 5221 505 5262 omnes
559 5207 968 5264 adinventiones
1018 5208 1218 5265 diaboli
1273 5208 1784 5265 abrenuntiare?—

186 5298 357 5370 Resp.
386 5296 675 5356 Promitto.

260 5390 466 5446 lntsrr.
490 5390 668 5448 Habes
684 5393 845 5449 ﬁdem
872 5393 1180 5452 confessam
1202 5403 1257 5449 et
1280 5401 1502 5465 peccata
1535 5392 1783 5449 confessa

187 5484 307 5543 Deo
346 5495 401 5541 et
434 5487 701 5544 sacerdoti
746 5501 845 5543 suo
869 5529 883 5553 ,
929 5495 989 5543 ut
1021 5487 1372 5544 remittantur
1425 5488 1523 5543 tibi
1562 5494 1786 5560 peccata

186 5581 329 5639 tua?
349 5580 542 5637 Credis
568 5579 790 5639 boc‘l—
820 5581 975 5654 Resp.
1003 5582 1198 5640 Credo.

264 5671 464 5727 Interr.
501 5673 678 5729 Habes
708 5675 761 5728 in
800 5674 1074 5729 voluntate
1106 5682 1217 5738 tua,
1249 5672 1393 5742 quod
1447 5671 1603 5742 egisti
1654 5684 1785 5725 con-

193 5773 284 5822 tra
324 5765 581 5821 mandata
635 5766 731 5820 Dei
781 5768 884 5822 hoc
929 5766 1345 5829 emendare?—-
1377 5763 1533 5834 Resp.
1582 5760 1783 5829 Habeo.

274 5918 299 5947 α
330 5904 466 5961 Vide
496 5902 689 5974 Regin.
720 5904 949 5972 ibidem;
980 5905 1204 5969 Burch.,
1238 5901 1273 5956 l.
1304 5918 1418 5970 xix,
1441 5918 1490 5956 c.
1521 5900 1570 5953 7.

1882 4930 1987 4977 ture
2012 4923 2227 4991 pietatis
2279 4922 2537 4975 inclinare
2584 4922 2841 4992 digneris,
2893 4923 2985 4992 qui
3034 4923 3193 4975 etiam
3242 4924 3478 4978 remittis

1881 5016 2058 5070 omnia
2083 5014 2330 5077 crimina,
2364 5022 2417 5068 et
2451 5022 2666 5085 peccata
2708 5015 2960 5070 universa
2990 5015 3304 5082 condonas;
3352 5017 3477 5085 des-

1882 5124 1986 5179 que
2014 5107 2140 5162 huic
2183 5106 2384 5161 famulo
2411 5115 2525 5172 tuo,
2560 5107 2805 5172 Domine,
2838 5123 2935 5177 pro
2964 5109 3202 5177 peccatis
3239 5108 3475 5174 veniam,

1881 5218 1979 5274 pro
2010 5217 2245 5256 mmrore
2296 5200 2557 5266 lzetitiam,
2608 5217 2709 5271 pro
2753 5209 2927 5256 morte
2972 5203 3164 5269 vitam,
3212 5204 3359 5259 etde
3388 5214 3479 5259 tua

1884 5292 2255 5349 misericordia
2281 5294 2558 5349 conlidens
2594 5294 2877 5365 pervenire
2908 5303 3182 5351 mereatur
3207 5296 3278 5353 ad
3307 5296 3479 5352 vitam

1884 5396 2161 5443 aeternam.

2572 5497 2789 5537 ORATIO.

1956 5576 2310 5647 Omnipotens
2338 5583 2395 5630 et
2426 5575 2737 5631 misericors
2785 5571 2949 5641 Deus,
2997 5574 3091 5645 qui
3132 5580 3483 5645 peccatum

1889 5671 2271 5742 indulgentiam
2319 5672 2370 5725 in
2420 5669 2761 5726 confessione
2808 5672 3028 5726 sceleris
3071 5670 3319 5743 posuisti,
3352 5682 3479 5726 such

1890 5779 2047 5819 curre
2075 5760 2240 5832 lapso,
2278 5762 2537 5817 miserere
2573 5762 2825 5829 confessi,
2853 5772 2912 5819 ut
2956 5777 3115 5835 quem
3161 5761 3483 5842 deligatorum
