4020 6360
186 376 289 442 9H

1286 382 1845 445 PGZNITEN'I‘IALE.
1884 418 1954 431 —-
1992 386 2351 451 CAPITULA.

3342 400 3449 467 94%

185 510 345 560 astet
358 502 540 574 regina
556 494 799 559 ominum
814 495 1098 571 malorum,
1114 509 1354 563 nascitur
1373 511 1759 577 inobedientia,
1789 509 1837 567 Δ
1939 512 2132 568 Interr.
2188 516 2340 571 Unde
2393 512 2673 573 confessus
2712 514 2906 585 fuisti,
2967 521 3050 576 vis
3077 525 3451 591 paenitentiam

183 595 562 668 prazsumptio,
609 604 665 649 et
701 596 1011 666 pertinacia,
1045 600 1447 665 contentiones,
1508 603 1764 667 haereses,

185 687 525 759 arrogantia.
565 686 641 742 De
668 687 867 742 invidia
897 691 1138 744 nascitur
1159 692 1342 746 odium
1364 732 1378 757 ,
1422 692 1725 747 susurratio
1750 732 1765 760 ,

186 778 476 842 detractio,
504 777 793 833 exsultatio
814 778 867 832 in
913 780 1156 837 adversis
1184 783 1435 851 proximi,
1466 782 1684 839 alllictio
1713 785 1770 837 in

182 870 484 941 prosperis.
530 868 609 927 De
638 885 775 923 vana
823 870 1022 941 gloria,
1066 870 1327 940 jactantia
1352 914 1367 940 ,
1419 876 1766 947 arrogantia,

183 959 510 1030 indignatio,
535 960 802 1015 discordia
824 1003 838 1027 ,
885 963 1061 1017 inanis
1090 964 1272 1034 gloria
1296 967 1492 1035 cupido
1516 975 1571 1021 et
1598 968 1771 1038 hypo-

183 1050 368 1105 crisis.
419 1051 493 1104 De
523 1051 601 1105 ira
632 1053 880 1107 oriuntur
909 1054 1061 1119 rixae,
1091 1063 1271 1110 tumor
1309 1059 1529 1123 mentis,
1582 1068 1770 1114 contu-

180 1143 383 1209 meliae,
411 1144 636 1209 clamor,
670 1147 981 1217 indignatio,
1012 1151 1379 1219 przesumptio,
1404 1151 1766 1222 blasphemiae,

181 1234 465 1303 sanguinis
518 1234 728 1301 effusio,
761 1237 1081 1303 homicidia,
1136 1240 1428 1295 ulciscendi
1482 1242 1765 1314 cupiditas,

182 1323 509 1393 injuriarum
556 1325 835 1380 memoria.
865 1327 943 1381 De
988 1328 1208 1384 tristitia
1250 1332 1493 1385 nascitur
1543 1331 1767 1398 malitia,

180 1432 382 1471 rancor
403 1416 589 1482 animi,
621 1418 1057 1487 pusillanimitas,
1084 1421 1412 1487 amaritudo,
1442 1412 1769 1492 desperatio,

179 1513 393 1576 torpor,
439 1508 654 1579 vagatio
698 1510 931 1576 mentis,
992 1527 1134 1582 saepe
1178 1514 1341 1568 etiam
1390 1522 1444 1569 et
1486 1515 1772 1585 przcsentis

176 1601 307 1655 vita:
353 1601 586 1655 maxima
618 1601 923 1678 delectatio.
962 1603 1035 1658 De
1071 1606 1299 1659 avaritia
1338 1607 1588 1661 oriuntur
1626 1607 1769 1661 invi-‘

177 1692 305 1759 diae,
351 1693 515 1758 furta,
546 1694 827 1750 latrocinia
847 1738 860 1761 ,
914 1698 1202 1753 homicidia
1222 1741 1236 1763 ,
1292 1700 1569 1755 mendacia
1596 1741 1611 1766 ,
1645 1716 1768 1770 per-

1869 604 2167 673 suscipere,
2190 616 2245 659 et
2271 606 2416 660 illam
2444 608 2582 661 bene
2620 610 2911 673 custodire,
2966 619 3020 665 et
3072 630 3261 671 onmes
3298 620 3453 674 adin-

1868 682 2145 750 ventiones
2169 697 2365 751 diaboli
2382 700 2784 767 abrenuntiare,
2800 709 2853 757 et
2869 710 3112 757 sanctam
3134 705 3455 769 Trinitatem

1870 786 2109 843 credere.
2139 819 2207 827 --
2232 785 2387 860 Resp.
2422 790 2578 846 Volo.

1941 876 2093 933 Tunc
2116 888 2418 948 prosternat
2441 897 2498 936 se
2521 884 2788 952 paenitens
2816 886 2868 940 in
2901 896 3192 955 terram,et
3225 906 3347 948 cum
3375 892 3456 951 ia-

1871 969 2070 1038 crymis
2092 971 2264 1025 dicat:
2284 972 2419 1027 Etin
2443 974 2527 1029 his
2555 983 2609 1028 et
2640 977 2693 1029 in
2722 978 2843 1033 aliis
2868 980 3013 1035 vitiis
3046 982 3463 1057 quibuscunque‘

1872 1060 2103 1115 humana
2124 1061 2389 1134 fragilitas
2404 1076 2590 1120 contra
2608 1068 2893 1124 Dominum
2911 1082 2964 1127 et
2977 1083 3278 1131 creatorem
3297 1094 3451 1134 suum

1872 1160 1965 1206 aut
1992 1155 2297 1225 cogitando,
2327 1166 2419 1211 aut
2446 1158 2733 1229 loquendo,
2760 1172 2854 1217 aut
2883 1168 3155 1234 operando
3178 1202 3193 1233 ,
3243 1177 3335 1223 aut
3363 1162 3456 1225 de-

1872 1246 2139 1313 lectando,
2195 1258 2288 1304 aut
2340 1253 2768 1321 concupiscendo
2832 1270 3057 1327 peccare
3111 1269 3328 1329 potest,
3400 1263 3455 1317 in

1871 1344 2120 1399 omnibus
2146 1360 2231 1399 me
2269 1361 2523 1416 peccasse
2547 1355 2599 1401 et
2627 1364 2777 1404 reum
2815 1351 2871 1404 in
2904 1364 3194 1422 conspectu
3225 1355 3319 1411 Dei
3370 1371 3457 1411 su-

1870 1450 1967 1504 per
1990 1444 2179 1491 omnes
2218 1438 2461 1493 homines
2501 1455 2619 1494 esse
2664 1456 2930 1512 cognosco
2953 1452 3009 1499 et
3035 1446 3313 1501 confiteor.
3344 1447 3456 1502 Ilu-

1872 1528 2073 1585 militer
2114 1531 2277 1585 etiam
2327 1539 2400 1596 te,
2436 1534 2688 1588 sacerdos
2726 1535 2845 1602 Dei,
2895 1551 3131 1607 exposco
3177 1547 3235 1593 ut
3288 1540 3457 1595 inter-

1872 1624 2031 1677 cedas
2079 1638 2179 1693 pro
2223 1638 2311 1678 me
2372 1632 2425 1677 et
2482 1626 2720 1693 peccatis
2760 1627 2897 1682 meis
2946 1629 3014 1683 ad
3073 1630 3359 1685 Dominum
3400 1638 3457 1687 et

1870 1720 2168 1786 creatorem
2207 1721 2449 1768 nostrum
2472 1756 2486 1779 ,
2550 1723 2816 1786 quatenus
2851 1720 2917 1775 de
2968 1721 3052 1775 his
3083 1729 3137 1775 et
3187 1723 3253 1777 de
3280 1721 3458 1779 omni-
3512 1742 3519 1745 '

170 1782 319 1887 jpria
340 1826 354 1849 ,
402 1786 605 1855 rapina!
622 1828 636 1851 ,
680 1788 1027 1887 ἱικιυὶθιιξίιοἶ
1077 1790 1373 1887 violentiae,
1416 1790 1625 1887 iniusta
1678 1793 1769 1863 ju-
1796 1869 1845 1887 _
1862 1784 1969 1857 bus
1994 1804 2290 1861 sceleribus
2316 1807 2452 1861 meis
2478 1782 2691 1863 veniam
2708 1818 2762 1865 et
2783 1811 3171 1884 indulgentiam
3196 1818 3456 1887 consequi

177 1877 352 1942 dicia,
402 1886 744 1949 contemptus
808 1881 1102 1947 veritatis,
1172 1882 1368 1938 futurae
1414 1885 1766 1941 beatitudinis
1796 1869 2102 1952 imm-ear.

175 1968 398 2035 oblivio,
423 1970 708 2025 obduratio
734 1971 932 2026 cordis.
962 1972 1040 2027 De
1074 1975 1283 2029 ventris
1309 1975 1546 2047 ingluvie
1571 1993 1772 2049 propa-

176 2073 337 2135 gatur
401 2064 581 2133 inepta
638 2065 859 2131 laetitia,
907 2067 1243 2135 scurrilitas,
1292 2068 1505 2137 levitas,
1565 2070 1770 2127 vanilo-

174 2155 365 2226 quium
390 2195 406 2220 ,
462 2154 801 2217 immunditia
846 2159 1091 2227 corporis
1116 2198 1131 2225 ,
1172 2160 1500 2217 instabilitas
1548 2164 1764 2229 mentis,

173 2247 439 2311 ebrietas,
464 2245 652 2311 libido,
685 2247 958 2305 bebetudo
983 2264 1194 2311 sensus.
1214 2251 1291 2309 De
1311 2251 1525 2311 luxuria
1547 2268 1768 2325 genera-

175 2348 264 2394 tur
288 2339 510 2395 czecitas
532 2340 747 2406 mentis,
777 2340 1216 2408 inconsideratio,
1242 2347 1626 2414 inconstantia,
1644 2364 1769 2404 ocu-

175 2430 350 2487 lorum
402 2424 487 2486 vel
538 2422 704 2487 totius
741 2436 987 2503 corporis
1023 2437 1415 2507 praecipitatio,
1456 2455 1609 2495 amor
1661 2440 1764 2493 im-

173 2525 490 2579 moderatus
546 2524 667 2589 sui,
715 2527 895 2581 odium
934 2529 1310 2584 mandatorum
1355 2531 1484 2597 Dei,
1542 2533 1768 2588 allectus

176 2617 463 2689 priesentis
489 2617 693 2681 saeculi,
722 2618 918 2674 horror
952 2610 1007 2675 et
1034 2620 1342 2691 desperatio
1365 2622 1555 2678 futuri.

676 2733 1075 2791 CAPITULUM
1124 2736 1261 2791 XIII.

184 2798 260 2860 De
294 2805 593 2871 virtutibus,
616 2807 801 2882 quibus
841 2808 1019 2882 eadem
1051 2809 1176 2862 vitia
1220 2827 1459 2880 superari
1505 2820 1764 2882 possunt;

534 2888 582 2931 et
612 2878 676 2933 de
704 2877 1036 2937 conclusione
1075 2877 1408 2950 pteniteritiw.

190 2936 193 2937 ν
254 2966 403 3041 Ergo
444 2970 485 3035 si
512 2971 777 3040 superbus
803 2936 951 3027 fuisti
1002 2936 1173 3042 oscine
1203 2974 1382 3034 modo.
1427 2974 1652 3031 humilia
1684 2985 1769 3031 te-

178 3059 358 3134 ipcum
383 3064 439 3118 in
466 3072 756 3132 conspectu
790 3063 903 3121 Dei.
931 3062 987 3119 Si
1013 3080 1208 3119 vanam
1237 3065 1464 3137 gloriam
1510 3067 1765 3133 dilexisti,

170 3156 355 3226 cogita
375 3170 445 3211 ne
469 3162 689 3225 propter
720 3154 1090 3213 transitoriam
1116 3156 1330 3213 laudem
1358 3167 1618 3214 aeternam
1646 3174 1769 3228 per-

2554 1986 2777 2029 ORATIO.

1941 2057 2092 2117 Tunc
2114 2060 2368 2117 sacerdos
2390 2061 2534 2117 dicat
2565 2080 2577 2117 :
2610 2062 2933 2121 Misereatur
2959 2064 3055 2121 tibi
3096 2064 3342 2123 Christus
3367 2067 3458 2123 Fi-

1868 2146 1972 2209 lius
1996 2148 2125 2216 Dei;
2154 2151 2314 2206 donet
2349 2152 2445 2209 tibi
2475 2151 2617 2207 Deus
2645 2169 2832 2208 veram
2859 2155 3232 2231 pmnitentiam
3254 2156 3461 2225 facere,

1868 2239 2027 2295 ﬁdem
2073 2250 2295 2306 rectam,
2332 2259 2479 2313 spem
2507 2252 2732 2309 certam,
2766 2246 3088 2301 charitatem
3136 2247 3453 2316 perfectam,

1867 2347 2050 2388 veram
2095 2334 2454 2392 humilitatem
2504 2344 2558 2391 et
2612 2337 2950 2407 sapientiam,
3001 2338 3351 2395 sobrietatem
3397 2348 3453 2395 et

1867 2424 2230 2491 tolerantiam,
2248 2429 2445 2483 bonum
2478 2427 2638 2485 finem
2666 2438 2720 2484 et
2750 2432 3207 2498 perseverantiam
3232 2432 3451 2489 bonam.

1867 2517 2142 2589 Indulgeat
2174 2520 2271 2573 tibi
2323 2520 2464 2575 Deus
2513 2523 2693 2577 omnia
2741 2531 2964 2591 peccata
3012 2532 3103 2579 tua
3153 2527 3456 2595 praeterita,

1866 2610 2176 2676 praesentia,
2209 2618 2263 2662 et
2293 2611 2473 2667 futura
2496 2624 2543 2664 ιι.
2574 2612 2844 2669 llluminet
2872 2622 2924 2668 te
2952 2613 3186 2684 Spiritus
3214 2625 3452 2684 sanctus,

1870 2714 2085 2759 sensum
2114 2708 2262 2756 tuum
2293 2702 2509 2773 dirigat,
2554 2704 2792 2759 animam
2844 2712 2992 2765 tuam
3040 2706 3229 2773 salvet,
3255 2710 3459 2780 cogitas

1870 2792 2042 2846 tiones
2080 2801 2296 2849 sanctas
2333 2795 2431 2849 tibi
2484 2796 2731 2865 inspiret,
2763 2797 2829 2851 ad
2872 2797 3038 2853 vitam
3088 2807 3347 2854 aeternam
3404 2807 3457 2857 te

1868 2886 2151 2955 perducat.

1940 2980 2146 3036 Deinde
2192 2982 2447 3038 sacerdos
2477 2997 2601 3037 cum
2630 2984 2927 3053 pcenitente
2956 2998 3014 3039 se
3053 2992 3365 3054 prosternat
3402 2986 3459 3040 in‘

1869 3079 2036 3136 terra,
2080 3080 2135 3127 et
2170 3075 2418 3129 decantet
2446 3076 2546 3129 hos
2575 3075 2810 3145 psalmos
2846 3095 2858 3128 :
2892 3076 3139 3130 Miserere
3166 3078 3265 3130 mei
3296 3077 3457 3143 Deus,

1872 3176 2044 3233 usque
2074 3166 2140 3220 ad
2170 3181 2345 3219 omnes
2363 3167 2662 3237 iniquitates
2692 3183 2833 3221 meas
2861 3167 2992 3223 dele.
3024 3168 3252 3223 Benedic
3278 3170 3461 3224 anima

174 3222 276 3305 das
304 3222 631 3306 mercedem.
665 3248 721 3305 Si
762 3249 975 3305 invidiae
1005 3252 1194 3322 rubigo
1224 3260 1277 3307 te
1310 3253 1416 3306 huc
1446 3266 1617 3321 usque
1643 3268 1771 3309 cono
1796 3222 1846 3295 α
1878 3222 1991 3308 ηιεᾶ
2038 3254 2320 3309 Dominum
2369 3222 2540 3326 usque
2590 3259 2656 3311 ad
2713 3259 3062 3311 renovabitur.
3120 3258 3334 3314 Salvum
3374 3260 3461 3329 fac

174 3339 450 3410 mmpsit,
498 3340 640 3409 quod
695 3347 778 3395 est
825 3348 1109 3410 peccatum
1158 3342 1455 3397 maximum
1511 3352 1566 3398 et
1609 3359 1772 3413 super

172 3432 361 3495 omnia
391 3432 723 3498 detestabile,
755 3434 882 3503 quia
912 3434 1124 3491 diabolo
1158 3445 1507 3506 comparatur
1534 3436 1769 3502 invidus,

172 3526 272 3595 qui
305 3525 486 3595 primo
510 3526 714 3581 homini
745 3526 937 3583 invidit
958 3529 1145 3584 datum
1173 3530 1319 3601 quod
1342 3531 1456 3601 ipse
1485 3544 1583 3599 per
1615 3542 1771 3589 suam

164 3619 395 3688 culpam
445 3620 772 3688 perdiderat,
800 3634 901 3693 age
936 3624 1342 3692 pmnitentiam,
1374 3634 1429 3680 et
1468 3624 1770 3694 profectum

172 3712 437 3777 aliorum,
470 3721 621 3769 tuum
650 3716 879 3785 deputa.
924 3716 981 3771 Si
1018 3717 1241 3772 tristitia
1274 3726 1325 3773 te
1372 3724 1624 3788 superat,
1674 3732 1771 3788 pae-

174 3806 430 3861 tientiam
477 3814 532 3862 et
570 3807 1032 3877 longanimitatem
1084 3811 1364 3865 meditare.
1422 3809 1479 3865 Si
1530 3811 1771 3867 avaritia:

172 3900 407 3954 morbus
445 3909 499 3955 te
526 3909 736 3972 gravat,
769 3902 948 3971 cogita
998 3902 1141 3972 quod
1195 3904 1350 3957 radix
1402 3912 1485 3958 est
1529 3903 1771 3959 omnium

168 3990 469 4057 malorum,
520 4000 574 4049 et
624 3991 941 4049 idololatriae
980 4004 1366 4064 comparatur:
1404 4004 1459 4051 et
1496 3996 1617 4050 ideo
1663 3995 1771 4051 lar-

1874 3363 2077 3400 servum
2101 3354 2267 3413 ticum,
2291 3347 2529 3400 Domine.
2552 3346 2729 3400 Mittat
2753 3348 3011 3401 auxilium
3040 3347 3132 3403 tibi
3162 3350 3226 3403 de
3255 3358 3458 3405 sancto.

1876 3436 2150 3491 Custodiat
2178 3438 2434 3493 Dominus
2463 3448 2510 3493 te
2538 3440 2601 3493 ab
2630 3441 2769 3493 omni
2806 3440 2968 3506 malo,
2993 3450 3096 3498 etc.

2561 3547 2781 3587 ORATIO.

1944 3620 2191 3676 Christus
2217 3621 2384 3677 Filius
2430 3622 2524 3676 Del
2571 3624 2679 3677 vivi
2729 3637 3075 3693 perseverare
3102 3633 3155 3681 te
3202 3626 3259 3683 in
3302 3624 3463 3685 bonis

1874 3715 2127 3783 operibus
2148 3713 2309 3770 faciat
2336 3716 2545 3783 cunctis
2590 3716 2781 3773 diebus
2804 3718 2926 3773 vitm
2955 3727 3079 3786 tute,
3107 3728 3162 3775 et
3200 3721 3464 3792 perducat

1872 3805 1928 3860 in
1955 3804 2123 3860 vitam
2149 3815 2429 3861 zetcrnam.
2460 3806 2653 3863 Amen.

2562 3916 2763 3956 ORATIO

1944 3988 2087 4045 Deus
2135 3992 2289 4063 cujus
2339 3992 2674 4063 indulgentia
2723 4009 2881 4049 nemo
2932 4011 3037 4050 non
3091 3995 3317 4069 indiget,
3348 3980 3474 4056 me;

174 4100 308 4157 gum
336 4092 386 4138 te
405 4098 524 4139 esse
546 4094 778 4156 oportet.
799 4085 856 4140 Si
874 4087 952 4140 ira
985 4096 1037 4142 te
1061 4096 1236 4154 vexat,
1265 4104 1386 4158 qua:
1414 4089 1466 4143 in
1482 4089 1768 4144 stultorum
1872 4093 2055 4139 mento
2081 4084 2266 4140 famuli
2303 4087 2399 4151 tui,
2426 4086 2516 4157 qui
2549 4088 2755 4143 lubrica
2787 4091 2989 4145 terreni
3011 4094 3256 4163 corporis
3300 4093 3467 4168 fragi-

175 4178 301 4233 sinu
331 4178 626 4249 requiescit
660 4180 926 4236 dominari
952 4182 1117 4237 debes
1156 4183 1336 4237 animo
1367 4192 1476 4247 tuo,
1501 4184 1715 4239 ethanc
1736 4200 1769 4239 a
1871 4175 2025 4231 litate
2056 4178 2288 4234 nudatus
2318 4188 2420 4247 est,
2457 4196 2787 4251 quaesumus,
2814 4185 2880 4237 da
2918 4186 3130 4240 veniam
3164 4187 3462 4256 confitenti,

177 4279 236 4326 te
271 4271 469 4327 mentis
500 4272 887 4343 tranquillitate
926 4274 1070 4345 fuga.
1100 4274 1157 4329 Si
1194 4275 1404 4329 ventris
1432 4275 1693 4347 ingluvies
1717 4284 1769 4329 te
1870 4282 2033 4339 parce
2063 4272 2311 4341 supplici,
2342 4282 2398 4325 ut
2448 4274 2537 4343 qui
2587 4276 2700 4330 suis
2749 4278 2985 4347 peccatis
3022 4288 3334 4348 accusatur,
3372 4288 3464 4337 tua

176 4367 249 4421 ad
301 4366 667 4422 devorandum
707 4368 1001 4437 protrahit,
1033 4369 1382 4423 sobrietatem
1437 4377 1664 4423 sectare.
1711 4367 1769 4423 Si
1872 4354 2224 4420 'miseratione
2252 4366 2511 4423 salvetur.

163 4442 419 4527 luxuria,
450 4460 756 4515 castitatem
792 4475 947 4515 vove.
2560 4476 2777 4517 onmo.

253 4554 549 4623 Postquam
579 4556 643 4609 de
682 4555 768 4609 his
808 4554 966 4610 factis
993 4554 1274 4610 confessus
1300 4553 1420 4619 fuit,
1452 4564 1580 4611 tunc
1621 4554 1767 4610 dicat
1795 4604 1847 4623 _
1947 4550 2171 4605 Domine
2220 4559 2403 4605 sancte
2449 4550 2613 4607 Pater
2658 4553 3020 4621 omnipotens,
3068 4560 3269 4608 aeterne
3299 4553 3463 4621 Deus,

176 4646 475 4701 sacerdos:
509 4644 867 4717 Recognoscis
914 4654 967 4701 ιθ
994 4662 1114 4702 esse
1148 4647 1467 4715 culpabilem
1497 4648 1561 4701 de
1589 4649 1766 4702 omni-
1797 4640 1849 4691 Ρ
1873 4643 1963 4712 qui
1994 4658 2092 4712 per
2130 4640 2314 4698 Jesum
2346 4644 2619 4700 Christum
2650 4644 2840 4700 Filium
2870 4654 3017 4700 tuum
3055 4646 3337 4701 Dominum
3368 4662 3467 4702 no-

176 4738 286 4795 bus
315 4739 553 4809 peucatls
600 4740 727 4806 tuis,
761 4755 880 4810 quae
922 4749 1045 4811 post
1072 4741 1401 4811 baptismum
1442 4740 1661 4794 sciendo
1689 4741 1772 4794 vel
1873 4745 2044 4790 strum
2075 4737 2296 4791 vulnera
2340 4744 2521 4792 nostra
2551 4753 2744 4791 curare
2773 4737 3024 4807 dignatus
3062 4753 3141 4801 es,
3184 4746 3243 4791 te
3267 4738 3471 4819 suppli-

170 4826 481 4887 ncsciendo
512 4833 836 4899 recordaris,
890 4832 944 4887 in
988 4834 1152 4889 verbo
1196 4840 1289 4887 aut
1339 4834 1393 4887 in
1436 4847 1639 4902 opere,
1682 4841 1775 4886 aut
1873 4844 1964 4882 ces
1992 4844 2243 4898 rogamus
2292 4836 2346 4883 et
2392 4830 2645 4899 petimus,
2679 4836 2735 4881 ut
2767 4829 3020 4899 precibus
3057 4829 3256 4887 nostris
3282 4844 3469 4883 aurem

171 4925 517 4995 cegitatione
563 4933 755 4981 contra
786 4926 1104 4981 mandatum
1153 4926 1245 4981 Dei
1280 4926 1488 4996 egisse?
1517 4956 1587 4965 -
1614 4924 1768 4997 Resp.

177 5019 372 5075 Facio.

256 5111 458 5166 Interr.
474 5111 755 5168 Promittis
783 5118 837 5169 te
862 5113 929 5169 de
952 5113 1244 5183 praeteritis
1273 5112 1446 5183 culpis
1462 5111 1771 5174 emendare,

175 5212 239 5262 et
306 5220 498 5261 omnes
552 5206 960 5263 adinventiones
1011 5208 1211 5263 diaboli
1265 5207 1776 5264 abrenuntiare?—

180 5296 350 5369 Resp.
379 5296 667 5355 Promitto.

257 5389 458 5445 Interr.
482 5390 660 5447 Habes
676 5392 837 5448 fidem
865 5391 1172 5450 confessam
1194 5402 1250 5449 et
1272 5401 1495 5465 peccata
1527 5391 1775 5449 confessa

179 5484 301 5542 Deo
340 5494 393 5541 et
426 5487 693 5543 sacerdoti
739 5501 838 5542 suo
861 5528 875 5552 ,
921 5494 981 5542 ut
1014 5486 1364 5543 remittantur
1418 5488 1515 5543 tibi
1554 5492 1777 5559 peccata

178 5581 322 5639 tua?
342 5580 534 5637 Credis
560 5579 782 5638 hoc?—-
812 5580 968 5654 Resp.
995 5581 1191 5639 Credo.
1624 5583 1640 5592 ‘

258 5670 457 5727 Interr.
493 5673 670 5729 Habes
700 5675 754 5727 in
794 5673 1067 5727 voluntate
1098 5681 1209 5737 tua,
1242 5671 1385 5741 quod
1439 5670 1595 5741 egisti
1646 5684 1777 5725 con-

184 5773 277 5821 tra
317 5765 573 5820 mandata
626 5766 724 5820 Dei
774 5768 877 5821 hoc
921 5766 1338 5829 emendare?—
1368 5763 1526 5833 Resp.
1573 5759 1775 5819 Habeo.

266 5918 292 5946 ιι
322 5903 459 5961 Vide
489 5903 681 5973 Regin.
712 5904 941 5971 ibidem;
972 5904 1196 5969 Burch.,
1230 5901 1265 5955 l.
1295 5918 1410 5970 xix,
1433 5917 1482 5955 c.
1514 5899 1562 5951 7.

1874 4930 1979 4976 tunc
2005 4922 2219 4990 pietatis
2272 4922 2530 4975 inclinare
2577 4922 2832 4991 digneris,
2885 4922 2979 4991 qui
3026 4922 3186 4975 etiam
3236 4923 3471 4977 remittis

1873 5015 2051 5069 omnia
2077 5014 2323 5076 crimina,
2356 5022 2410 5068 et
2444 5021 2659 5084 peccata
2701 5014 2951 5069 universa
2982 5015 3296 5081 condonas;
3344 5016 3469 5083 des-

1875 5123 1978 5178 que
2006 5107 2133 5162 huic
2176 5106 2376 5160 famulo
2404 5114 2517 5172 tuo,
2552 5107 2797 5172 Domine,
2830 5122 2927 5176 pro
2956 5108 3194 5177 peccatis
3230 5108 3468 5173 veniam,

1873 5218 1972 5273 pro
2002 5216 2238 5256 mmrore
2288 5200 2550 5265 laetitiam,
2600 5216 2701 5271 pro
2745 5208 2920 5256 morte
2964 5203 3157 5269 vitam,
3204 5211 3259 5257 et
3286 5203 3352 5258 de
3380 5212 3471 5258 tua

1876 5292 2247 5353 misericordia
2274 5292 2550 5348 conlidens
2586 5294 2870 5365 pervenire
2901 5302 3174 5350 mereatur
3199 5296 3271 5352 ad
3300 5295 3471 5351 Vitam

1877 5396 2154 5442 aeternam.

2564 5497 2782 5537 ORATIO.

1949 5576 2302 5646 Omnipotens
2330 5582 2387 5629 et
2419 5574 2729 5631 misericors
2777 5570 2941 5641 Deus,
2989 5573 3084 5644 qui
3124 5578 3475 5643 peccatorum

1881 5671 2264 5743 indulgentiam
2312 5671 2363 5725 in
2413 5669 2753 5726 confessione
2801 5671 3021 5726 sceleris
3064 5669 3311 5742 posuisti,
3343 5682 3471 5725 sue-

1882 5779 2040 5819 curre
2068 5760 2233 5833 lapso,
2271 5761 2529 5817 miserere
2565 5761 2818 5829 confessi,
2846 5772 2904 5819 ut
2948 5776 3108 5834 quem
3153 5760 3475 5841 deliptorurp
