4020 6360
212 429 325 489 945

702 540 1098 603 CAPITU'LUM
1134 542 1321 600 XXIII.

322 639 404 695 De
429 637 533 693 illis
553 637 645 709 qui
674 638 1029 692 truncationes
1072 638 1420 692 membrorum
1449 637 1702 708 fecerunt.

287 743 315 773 ι
345 730 448 798 Qui
471 747 568 801 per
594 731 769 785 rixam
792 730 902 785 ictu
944 730 1174 785 debilem
1204 730 1287 785 vel
1316 728 1613 785 deformem
1639 726 1813 783 homi—

204 840 341 883 nem
370 823 580 888 fecerit,
612 822 804 879 reddat
846 824 1116 894 impensas
1148 822 1379 888 medico,
1412 822 1441 863 ι»
1485 830 1538 876 et
1578 821 1813 877 medium

204 932 418 973 annum
448 918 727 987 pmniteat.
762 916 821 971 Si
868 932 975 971 non
1021 916 1270 971 habuerit
1299 917 1440 971 unde
1469 915 1679 981 reddat,
1722 930 1815 971 an-

203 1026 345 1067 num
375 1026 540 1065 unum
567 1009 845 1080 poeniteat.
878 1008 938 1064 Si
964 1009 1134 1065 laicus
1159 1024 1256 1080 per
1281 1007 1460 1064 dolum
1496 1010 1815 1080 sanguinem

200 1100 487 1167 effuderit,
519 1100 711 1156 reddat
758 1101 833 1155 illi
879 1110 1088 1157 tantum
1117 1110 1379 1172 quantum
1424 1102 1625 1157 nocuit.
1674 1102 1742 1156 Et
1767 1099 1815 1157 si

201 1211 322 1255 non
351 1196 517 1251 habet
544 1194 687 1250 unde
718 1194 928 1260 reddat,
975 1196 1147 1251 solvat
1178 1197 1233 1250 in
1261 1211 1426 1266 opere
1448 1196 1683 1267 proximi
1708 1195 1812 1263 sui,

199 1286 459 1358 quandiu
486 1287 579 1343 ille
607 1287 871 1344 inﬁrmus.
917 1289 986 1344 Et
1030 1298 1218 1361 postea
1242 1290 1599 1362 quadraginta
1622 1290 1737 1346 dies
1758 1288 1816 1346 in

196 1395 356 1453 pane
385 1388 443 1439 et
471 1396 612 1451 aqua
636 1382 920 1451 poeniteat.

728 1494 1128 1554 CAPITULUM
1157 1498 1346 1554 XXIV.

858 1568 936 1623 De
978 1570 1178 1624 eodem.

280 1658 393 1728 Qui
437 1660 605 1717 ictum
630 1662 880 1732 proximo
916 1663 1144 1729 dederit,
1173 1672 1230 1721 et
1272 1680 1380 1721 non
1401 1665 1665 1731 nocuerit,
1703 1672 1818 1722 tres

198 1754 328 1810 dies
352 1754 409 1809 in
430 1769 569 1824 pane
589 1764 642 1811 et
664 1771 803 1822 aqua
828 1758 1107 1827 poeniteat.
1133 1758 1192 1813 Si
1214 1759 1464 1824 clericus,
1488 1776 1712 1826 annum,
1732 1759 1819 1814 vel
1878 1770 1893 1805 δ

1850 1905 1898 1967 Β

199 1847 521 1904 dimidium.
554 1845 611 1902 Si
635 1849 758 1917 quis
800 1848 959 1905 alicui
990 1850 1265 1920 quodlibet
1296 1852 1601 1907 membrum
1631 1851 1820 1907 volun-

200 1947 323 1996 tate
354 1954 454 1996 sua
479 1942 833 2006 truncaverit,
876 1949 987 1997 tres
1015 1958 1187 1997 annos
1229 1944 1493 2013 pceniteat
1518 1943 1572 1997 in
1596 1958 1735 2013 pane
1760 1951 1816 1999 et

202 2047 379 2103 aqua.
422 2031 641 2086 Parvuli
668 2047 728 2088 se
758 2033 988 2089 invicem
1018 2034 1408 2104 percutientes,
1439 2043 1550 2091 tres
1589 2034 1721 2090 dies.
1755 2033 1816 2090 Si

201 2140 340 2180 vero
366 2123 760 2189 adolescentes,
788 2126 978 2197 viginti
1001 2127 1114 2181 dies
1142 2128 1457 2197 paniteant.

718 2236 1117 2294 CAPITULUM
1148 2239 1314 2294 XXV.

203 2307 285 2365 De
316 2308 431 2362 illis
460 2308 551 2379 qui
594 2308 663 2361 ad
707 2308 1001 2375 feriendum
1035 2309 1299 2364 hominem
1344 2309 1688 2375 surrexerint,
1728 2325 1819 2364 vo-

453 2380 613 2435 lentes
637 2396 754 2432 eum
783 2380 1037 2446 occidere,
1067 2390 1114 2435 et
1146 2397 1249 2434 non
1282 2390 1585 2452 potuerunt.

278 2473 386 2540 Qui
445 2472 515 2525 ad
566 2471 869 2527 feriendum
921 2473 1196 2528 hominem
1255 2472 1578 2537 surrexerit,
1631 2472 1818 2528 volens

202 2580 333 2621 eum
371 2562 647 2629 occidere,
677 2569 788 2617 tres
814 2562 1148 2632 septimanas
1172 2563 1451 2633 poeniteat.
1502 2561 1559 2616 Si
1588 2562 1818 2619 clericus

204 2652 393 2717 fuerit,
448 2669 542 2709 sex
588 2669 821 2709 menses.
870 2652 1025 2720 Quod
1071 2653 1117 2709 si
1154 2652 1541 2717 vulneraverit,
1576 2654 1817 2733 quadra-

213 2750 365 2822 ginta
394 2748 533 2805 dies.
565 2748 623 2804 Si
670 2749 902 2805 clericus
930 2749 1213 2816 clericum,
1244 2765 1445 2804 annum
1473 2757 1646 2804 totum
1673 2768 1686 2806 :
1721 2750 1819 2807 sed

218 2850 281 2901 et
301 2844 584 2917 pecuniam
615 2858 715 2900 pro
746 2843 906 2899 modo
935 2842 1193 2909 vulneris,
1222 2844 1310 2898 cui
1353 2841 1566 2909 inﬂixit,
1591 2844 1815 2900 tribuat.

700 2955 1102 3013 CAPITULUM
1140 2955 1330 3012 XXVI.

450 3027 526 3083 De
560 3026 665 3083 illis
692 3030 782 3099 qui
814 3028 913 3082 sibi
940 3029 1065 3099 ipsis
1096 3038 1313 3082 mortem
1342 3028 1594 3098 inferunt.

340 3120 573 3187 Placuit,
597 3130 657 3176 ut
679 3121 774 3191 qui
798 3121 901 3175 sibi
928 3121 1061 3192 ipsis
1080 3120 1443 3176 voluntariam
1468 3136 1567 3190 per
1587 3120 1817 3187 ferrum,

204 3223 305 3272 aut
332 3230 625 3280 venenum,
657 3222 751 3268 aut
794 3228 892 3285 per
919 3214 1296 3284 praecipitium,
1329 3220 1424 3267 aut
1465 3228 1564 3282 per
1592 3229 1820 3283 suspene

203 3309 387 3373 dium,
416 3307 504 3360 vel
537 3305 779 3376 quolibet
819 3305 980 3360 modo
1023 3303 1263 3359 inferunt
1302 3312 1556 3367 mortem,
1589 3303 1735 3358 nulla
1763 3304 1817 3358 in

199 3400 492 3456 oblatione
540 3415 638 3469 pro
687 3397 794 3452 illis
840 3396 1284 3453 commemoratio
1316 3395 1433 3461 ﬁat,
1480 3411 1655 3466 neque
1691 3411 1817 3450 cum

200 3491 443 3563 psalmis
470 3491 537 3544 ad
565 3489 897 3561 sepulturam
929 3488 1265 3544 deducantur
1290 3503 1477 3542 eorum
1527 3488 1813 3542 cadavera.

200 3586 367 3641 Multi
390 3585 538 3640 enim
567 3586 670 3641 hoc
704 3584 811 3638 sibi
852 3582 943 3651 jus
980 3589 1245 3652 usurpant
1284 3595 1381 3651 per
1409 3580 1814 3652 ignorantiam;

198 3679 469 3736 similiter
497 3686 553 3732 et
594 3677 661 3732 de
688 3677 773 3730 his
801 3676 1005 3746 placuit
1031 3674 1170 3741 ﬁeri,
1218 3674 1311 3744 qui
1355 3688 1455 3743 pro
1496 3674 1607 3728 suis
1649 3673 1819 3729 scele-

196 3775 369 3830 ribus
416 3771 734 3842 puniuntur.
784 3768 1102 3837 Quicunque
1148 3781 1207 3821 se
1252 3765 1470 3836 propria
1519 3765 1815 3829 voluntate,

197 3872 308 3919 aut
346 3862 403 3917 in
451 3876 592 3932 aqua
626 3858 938 3928 iactaverit,
982 3864 1076 3913 aut
1103 3857 1298 3913 collum
1329 3856 1597 3929 ligaverit,
1630 3866 1725 3912 aut
1752 3858 1819 3914 de

195 3956 418 4012 arbore
472 3952 910 4024 praecipitaverit,
963 3959 1057 4005 aut
1112 3949 1258 4003 ferro
1311 3948 1661 4019 percusserit,
1724 3957 1818 4005 aut

192 4047 445 4105 cuilibet
465 4045 785 4101 voluntaria:
808 4058 866 4101 se
906 4042 1069 4099 morti
1103 4041 1409 4107 tradiderit,
1434 4040 1591 4097 istius
1617 4040 1819 4098 oblatio

194 4156 319 4199 non
362 4138 679 4209 recipiatur.

698 4225 1097 4284 CAPITULUM
1134 4225 1347 4281 XXVII.

484 4320 553 4377 Ut
580 4320 788 4391 femina:
814 4328 1154 4375 menstruam:
1182 4336 1287 4373 non
1310 4319 1555 4389 offerant.

275 4417 311 4458 ὁ
349 4415 604 4471 Mulieres
649 4421 933 4471 menstruo
984 4423 1226 4483 tempore
1274 4428 1384 4469 non
1427 4412 1675 4477 offerant,
1720 4430 1822 4470 nec

192 4510 707 4576 sauctmmoniales,
762 4524 863 4565 nec
900 4508 1091 4575 laiczc;
1140 4507 1186 4563 si
1216 4507 1680 4579 praesumpserint,
1712 4516 1821 4565 tres

191 4605 590 4665 hebdomadas
616 4604 933 4677 pceniteant.

683 4717 882 4775 CAPIT
891 4717 1082 4775 UL‘UM
1116 4718 1351 4775 XXVIII.

192 4794 283 4852 De
316 4792 433 4848 illis
459 4792 686 4863 feminis,
725 4807 843 4863 quae
888 4800 1006 4844 ante
1034 4790 1285 4844 mundum
1313 4792 1621 4863 sanguinem
1660 4786 1821 4844 eccle-

398 4861 533 4918 siam
570 4861 791 4926 intrant,
819 4869 867 4916 et
890 4877 1006 4932 qua:
1028 4863 1293 4931 nupserint
1331 4862 1410 4914 his
1440 4861 1639 4915 diebus.

284 4966 319 4994 ο
351 4952 546 5008 Mulier
574 4968 693 5023 qua:
724 4951 895 5005 intrat
922 4949 1211 5005 ecclesiam
1256 4958 1382 5005 ante
1409 4950 1667 5004 mundum
1698 4964 1821 5004 san-

192 5049 443 5125 guinem
468 5053 590 5116 post
618 5053 833 5116 partum
860 5061 873 5098 :
903 5044 950 5098 si
978 5044 1279 5098 masculum
1308 5044 1575 5114 genuerit,
1605 5044 1821 5114 triginta

192 5153 339 5203 tres
374 5141 529 5206 dies;
576 5141 623 5195 si
668 5138 948 5205 feminam,
994 5138 1386 5209 quinquaginta
1434 5153 1549 5192 sex.
1601 5136 1659 5191 Si
1703 5152 1822 5208 qua}

280 5288 317 5316 α
354 5270 637 5343 Regino,l.
668 5287 731 5336 ιι,
761 5286 810 5325 c.
840 5269 927 5343 54,
958 5286 1024 5325 ex
1046 5269 1429 5343 Pmnitentiali.

288 5346 331 5387 b
366 5341 642 5413 Impensas
667 5343 724 5422 in
772 5342 1010 5422 medicos
1055 5342 1280 5405 tribuat,
1328 5341 1651 5422 etJmaculze
1682 5354 1809 5422 ‘pre

198 5419 361 5483 tium
390 5411 609 5483 et'opus
635 5412 771 5482 ejus,
797 5414 967 5468 donec
1010 5420 1250 5479 sanetur,
1285 5412 1555 5479 restituat,
1583 5420 1637 5466 et
1666 5411 1796 5466 dimi

201 5482 374 5546 di'um
406 5482 627 5549 annum,
657 5493 763 5540 etc.

288 5570 320 5597 ο
356 5556 524 5627 Cone.
567 5555 936 5627 Bracharcnse
966 5571 1026 5617 ιι,
1061 5570 1109 5610 c.
1148 5553 1250 5627 16;
1296 5552 1647 5627 Halitgarius,
1672 5554 1711 5607 l.
1736 5568 1813 5627 iv,

201 5649 263 5688 ε.
302 5627 381 5694 6;
410 5626 643 5697 Regina,
667 5642 734 5682 ex
756 5624 983 5683 concilio
1006 5626 1289 5691 Brachar.,
1316 5640 1434 5694 cap.
1464 5624 1562 5692 15;
1594 5625 1815 5691 Burch.,

203 5704 250 5753 1.
280 5716 411 5753 xix.
437 5713 487 5752 c.
517 5697 640 5753 150.

203 5704 250 5759 ι.
280 5716 411 5762 xxx,
437 5713 487 5752 c.
517 5704 640 5753 150.

293 5770 328 5811 d
353 5761 493 5840 Vide
518 5768 805 5825 Pcenitent.
827 5768 956 5836 Th.,
974 5785 1094 5840 cap.
1116 5769 1195 5824 De
1218 5776 1403 5840 quaest.
1430 5767 1814 5839 conjugiorunt.

304 5854 330 5882 ο
356 5838 496 5910 Yide
520 5840 587 5894 ad
612 5842 715 5896 hoc
745 5850 905 5910 caput
930 5838 1104 5897 notas.

308 5911 326 5953 ί
369 5909 606 5982 Regina,
634 5910 673 5967 Ι.
702 5929 764 5981 ιι,
791 5909 842 5971 c.
872 5910 1009 5983 25l;
1040 5912 1263 5982 Burch.,
1288 5911 1325 5969 1.
1351 5927 1483 5979 xvn,
1512 5925 1561 5969 c.
1584 5910 1675 5969 42.

1328 424 1890 487 ΡΈΝῙΤΕΝΤΙΑΕΕ.
1926 454 1995 467 --
2031 422 2380 483 CAPITULA

3391 429 3501 490 946

1832 547 1884 607 Α
1911 552 2090 595 autem
2127 539 2532 611 praesumpserit
2561 546 2687 596 ante
2726 547 2935 614 tempus
2982 543 3303 616 praeﬁnitum
3328 548 3506 607 eccle-

1913 630 2052 686 siam
2097 632 2322 698 intrare,
2363 640 2442 687 tot
2492 633 2606 688 dies
2653 633 2708 688 in
2753 649 2891 704 pane
2938 644 2994 690 et
3038 652 3177 707 aqua
3219 638 3503 709 paeniteat,

1914 733 2046 794 quot
2090 725 2319 781 ecclesia
2368 742 2555 783 carere
2605 726 2884 783 debuerat.
2936 728 3036 796 Qui
3085 739 3264 786 autem
3305 748 3507 790 concu-

1912 818 2096 874 buerit
2127 835 2248 875 cum
2272 834 2334 875 ea
2359 835 2427 876 ex
2469 820 2555 877 his
2579 821 2787 887 diebus,
2820 820 3006 878 decem
3051 823 3167 879 dies
3196 825 3248 881 in
3281 840 3421 896 pane
3448 831 3509 885 et

1916 924 2055 980 aqua
2081 909 2359 980 pmniteat.

2395 1003 2792 1061 CAPITULUM
2829 1004 3021 1060 XXIX.

1915 1094 1993 1151 De
2017 1095 2123 1151 illis
2149 1097 2239 1167 qui
2264 1095 2539 1151 libidinose
2565 1098 2959 1220 oqtreetaverint
2990 1097 3234 1169 puellam,
3264 1108 3357 1154 aut
3385 1115 3510 1157 ητα-ι’

2632 1186 2811 1220 ierem.

2632 1186 2811 1223 ierem.

1992 1261 2013 1303 ΐ
2040 1262 2096 1317 Si
2129 1262 2251 1334 quis
2270 1263 2656 1319 obtrectaverit
2674 1264 2880 1333 puellm,
2911 1272 3005 1319 aut
3030 1264 3271 1321 mulieris
3294 1273 3510 1336 pectus,

1915 1353 2003 1410 vel
2041 1356 2427 1426 turpitudinem
2476 1370 2694 1422 earum,
2743 1357 2788 1411 si
2843 1357 3071 1415 clericus
3111 1366 3226 1425 est,
3272 1360 3512 1432 quinque

1918 1447 2063 1513 dies;
2099 1447 2144 1502 si
2172 1448 2362 1515 laicus,
2388 1455 2499 1503 tres
2523 1448 2639 1504 dies
2665 1449 2945 1518 poeniteat.
2975 1449 3287 1515 Monachus,
3314 1451 3401 1508 vel
3424 1467 3513 1509 sa-

1917 1538 2109 1596 cerdos
2137 1553 2168 1593 a
2199 1539 2501 1594 ministerio
2531 1540 2710 1594 divino
2748 1541 3018 1610 suspensi,
3050 1542 3097 1596 si
3126 1542 3253 1610 quid
3292 1541 3397 1598 tale
3426 1541 3512 1599 fe-

1918 1631 2119 1697 cerint,
2152 1630 2342 1703 viginti
2384 1630 2499 1685 dies
2543 1630 2858 1700 pmniteant.
2907 1631 3181 1702 Scriptum
3220 1640 3303 1687 est
3339 1632 3511 1700 enim,

1921 1739 2081 1795 neque
2108 1722 2358 1794 tetigeris,
2388 1739 2549 1794 neque
2574 1722 2936 1780 obtrectaveris
2965 1724 3341 1796 turpitudinem
3369 1724 3517 1796 femi-

1922 1834 2130 1873 narum.

2413 1909 2611 1967 CAPIT
2620 1912 2811 1969 ULUM
2846 1912 3014 1967 XXX.

2001 2002 2079 2057 De
2102 2002 2207 2057 illis
2232 2001 2321 2073 qui
2350 2020 2467 2058 cum
2495 2004 2801 2059 mulieribus
2833 2005 2886 2058 in
2910 2003 3092 2059 balneo
3120 2021 3172 2059 se
3195 2004 3432 2060 laverint.

1996 2097 2021 2136 ε
2062 2094 2118 2149 Si
2159 2096 2280 2166 quis
2315 2095 2368 2152 in
2397 2095 2589 2151 balneo
2636 2112 2694 2152 se
2736 2097 2918 2151 lavare
2960 2096 3365 2167 praesumpserit
3391 2110 3514 2153 cum

1919 2186 2239 2243 mulieribus
2260 2227 2275 2252 ,
2305 2194 2415 2242 tres
2445 2188 2560 2244 dies
2587 2190 2880 2261 poeniteat,
2906 2198 2962 2246 et
2982 2190 3209 2247 ulterius
3238 2204 3341 2245 non
3380 2204 3521 2262 prae-

1921 2285 2120 2334 sumat.

2404 2372 2804 2431 CAPITULUM
2842 2374 3035 2429 XXXI.

1923 2465 1991 2522 Ut
2020 2467 2197 2524 nullus
2227 2468 2365 2523 alius
2396 2479 2677 2538 prwsumat
2705 2469 3056 2539 pcenitentiam
3098 2468 3242 2539 dare,
3272 2466 3368 2539 rvel
3394 2482 3519 2521 con-

2012 2540 2288 2609 fessionem
2316 2537 2519 2607 audire,
2553 2537 2713 2610 quam
2736 2541 3003 2611 episcopus
3034 2537 3108 2593 vel
3142 2538 3425 2609 presbyter.
3458 2586 3463 2591 .

1993 2633 2020 2671 ιι
2049 2633 2201 2689 Sicut
2244 2634 2390 2689 enim
2426 2632 2748 2688 sacriﬁcium
2794 2632 2988 2687 offerre
3018 2647 3124 2686 non
3173 2632 3387 2693 debent,
3415 2628 3521 2685 nisi

1922 2728 2183 2798 episcopi,
2214 2727 2299 2782 vel
2324 2729 2649 2799 presbyteri,
2678 2728 2874 2796 quibus
2902 2726 3081 2781 claves
3106 2724 3254 2794 regni
3284 2720 3520 2777 ccelestis

1923 2820 2136 2874 traditae
2166 2826 2324 2885 sunt,
2355 2819 2432 2874 sic
2470 2835 2570 2874 nec
2597 2818 2972 2889 pcenitentium
2998 2817 3199 2889 judicia
3238 2813 3327 2867 alii
3360 2827 3520 2868 usur-

1921 2928 2052 2986 pare
2080 2912 2298 2968 debent.
2336 2911 2394 2967 Si
2433 2920 2614 2967 autem
2656 2911 2953 2966 necessitas
2989 2909 3258 2971 evenerit,
3303 2916 3363 2961 ut
3388 2920 3519 2976 pre-

1923 3008 2106 3078 sbyter
2146 3023 2253 3061 non
2289 3006 2453 3060 fuerit
2484 3020 2740 3076 praesens,
2771 3006 3029 3059 diaconus
3055 3001 3314 3073 suscipiat
3340 2998 3518 3071 poeni—

1922 3105 2126 3154 tentem
2156 3099 2224 3155 ad
2250 3098 2687 3154 communionem
2714 3106 2979 3151 sanctam.

2399 3210 2795 3266 CAPITULUM
2834 3209 3047 3263 XXXII.
3462 3248 3469 3256 .

1924 3283 2002 3338 De
2042 3283 2360 3355 temporibus
2396 3283 2583 3353 quibus
2619 3299 2672 3335 se
2710 3282 2974 3335 continere
3013 3279 3195 3333 debent
3232 3279 3519 3349 coniugati.

2000 3377 2017 3417 ί
2063 3376 2121 3430 In
2172 3374 2342 3428 tribus
2388 3373 2819 3444 quadragesimis
2850 3373 3004 3436 anni,
3052 3380 3105 3428 et
3143 3373 3195 3426 in
3227 3373 3311 3428 die
3340 3372 3515 3426 Domi-

1922 3469 2074 3532 nico,
2105 3474 2161 3521 et
2190 3476 2382 3535 quarta
2413 3465 2547 3519 feria
2581 3472 2635 3518 et
2669 3471 2821 3518 sexta
2854 3464 3122 3534 conjugati
3151 3479 3208 3517 se
3246 3464 3518 3519 continere

1922 3562 2151 3625 debent;
2186 3574 2285 3613 nec
2330 3558 2436 3613 illis
2473 3558 2663 3613 diebus
2704 3557 2976 3627 cupulari,
3017 3557 3253 3627 quandiu
3298 3565 3517 3627 gravata

1922 3650 2084 3705 fuerit
2109 3665 2265 3714 uxor,
2308 3649 2360 3703 id
2385 3657 2497 3713 est,
2529 3663 2560 3701 a
2597 3663 2703 3717 quo
2735 3647 2821 3702 die
2851 3646 2994 3701 ﬁlius
3024 3646 3075 3700 in
3116 3655 3271 3702 utero
3313 3654 3517 3702 motum

1921 3746 2114 3801 fecerit
2141 3759 2312 3813 usque
2358 3743 2425 3797 ad
2454 3750 2701 3812 partum,
2738 3756 2767 3795 a
2795 3748 2953 3809 partu
2989 3748 3113 3810 post
3153 3739 3369 3809 triginta
3410 3748 3518 3794 tres

1923 3840 2059 3908 dies,
2093 3839 2139 3895 si
2168 3838 2340 3905 ﬁlius;
2373 3838 2417 3893 si
2453 3846 2633 3892 autem
2664 3837 2800 3903 ﬁlia,
2824 3844 2946 3908 post
2983 3836 3370 3908 quinquaginta
3399 3850 3516 3919 sex.

2378 3948 2775 4006 CAPITULUM
2811 3947 3049 4002 XXXIII.

2048 4023 2127 4078 De
2158 4022 2352 4093 femina
2379 4038 2496 4093 qua:
2520 4029 2701 4091 sponte
2729 4020 2899 4089 ﬁlium
2930 4036 3083 4074 suum
3113 4020 3380 4074 occiderit.

1995 4116 2011 4167 l
2061 4116 2117 4172 Si
2171 4124 2346 4171 mater
2396 4114 2565 4169 ﬁlium
2613 4122 2803 4183 sponte
2852 4112 3154 4179 occiderit,
3210 4112 3516 4182 quindecim

1926 4207 2157 4283 [decem]
2189 4223 2360 4262 annos
2381 4207 2665 4275 pmniteat,
2691 4214 2745 4261 et
2769 4221 3042 4275 nunquam
3072 4214 3260 4271 mutet,
3288 4205 3390 4259 nisi
3414 4206 3503 4261 Do

1923 4299 2121 4355 minica
2151 4298 2256 4354 die.
2291 4297 2480 4352 Mulier
2515 4306 2695 4352 autem
2722 4298 3078 4367 paupercula,
3110 4297 3153 4352 si
3184 4296 3395 4364 fecerit,
3422 4312 3516 4369 pro

1923 4391 2234 4447 difﬁcultate
2262 4389 2555 4456 nutriendi,
2586 4406 2677 4446 sex
2709 4406 2878 4475 annos
2916 4391 3193 4461 poeniteat.

2382 4505 2785 4563 CAPITULUM
2823 4505 3061 4560 XXXIV.

2074 4578 2153 4633 De
2173 4577 2278 4633 illis
2302 4578 2391 4649 qui
2418 4588 2692 4649 parentum
2723 4578 2969 4632 honorem
2997 4593 3099 4631 non
3128 4583 3351 4630 servant.

1843 4666 1898 4728 D
1993 4671 2019 4711 ιι
2048 4670 2104 4727 Si
2150 4672 2273 4742 quis
2298 4671 2704 4726 inhonoraverit
2730 4678 2939 4742 patrem
2982 4678 3076 4723 aut
3110 4676 3369 4733 matrem,
3404 4674 3514 4723 tres

1919 4779 2089 4819 annos
2136 4764 2415 4834 pmniteat.
2462 4762 2616 4830 Quod
2663 4764 2707 4817 si
2755 4777 2971 4816 manum
3012 4762 3288 4827 levaverit,
3329 4769 3423 4816 aut
3464 4762 3514 4820 ei

1918 4856 2323 4928 percussionem
2354 4855 2626 4921 intulerit,
2653 4862 2855 4926 septem
2886 4871 3057 4911 annos
3086 4855 3365 4925 poeniteat.

2385 4966 2783 5023 CAI‘ITULUM
2820 4966 3039 5023 XXXV.

2196 5038 2274 5094 De
2298 5038 2403 5092 illis
2425 5039 2514 5110 qui
2541 5038 2623 5091 die
2649 5038 2923 5091 Dominico
2949 5037 3236 5109 nupserim.

2002 5130 2019 5170 1
2052 5129 2109 5186 Si
2136 5131 2257 5201 quis
2284 5131 2370 5185 die
2407 5130 2686 5185 Dominico
2729 5130 3007 5199 nupserit,
3040 5139 3190 5201 petat
3225 5148 3257 5186 a
3286 5130 3514 5189 Domino

2000 5270 2024 5309 ε
2060 5267 2258 5322 Posuit.
2290 5265 2472 5329 Rom.,
2505 5265 2587 5319 tit.
2617 5266 2670 5331 5,
2700 5280 2747 5320 c.
2785 5264 2885 5331 28;
2912 5265 3136 5332 Burch.,
3178 5264 3271 5323 lib.
3303 5282 3416 5333 χιιι,
3454 5282 3509 5323 c.

1926 5340 2056 5405 I58;
2088 5338 2197 5404 Ivo,
2226 5354 2279 5408 p.
2313 5353 2405 5401 xv,
2437 5351 2485 5391 c.
2528 5336 2648 5408 148.

1992 5413 2018 5451 ιι
2059 5406 2384 5481 Halitg'arius
2405 5408 2459 5481 in
2476 5406 2687 5481 przefat.
2704 5407 2908 5475 Pwnit;
2933 5408 3159 5481 Regino,
3178 5407 3215 5462 l.
3239 5426 3279 5477 ι,
3300 5424 3349 5464 c.
3374 5408 3509 5477 296;

1922 5481 2120 5536 Burch.
2154 5480 2190 5533 l.
2212 5478 2329 5545 XIX,
2358 5496 2407 5533 c.
2440 5479 2560 5542 155,
2592 5478 2713 5533 154.

2001 5554 2016 5593 i
2062 5552 2289 5621 Regina,
2330 5550 2366 5604 l.
2408 5568 2445 5615 ι,
2487 5566 2551 5621 c.
2581 5550 2704 5615 528,
2735 5565 2801 5605 ex
2846 5552 3074 5608 concilio
3103 5546 3507 5616 Heliberncnsi;

1922 5620 2230 5689 Burch.,c.
2265 5621 2353 5686 19,
2371 5636 2421 5676 c.
2456 5620 2576 5675 155.
2594 5622 2728 5677 Vide
2749 5636 2868 5692 cap.
2894 5624 3093 5679 Pmnit.
3126 5622 3226 5677 Th.
3257 5622 3337 5675 De
3362 5635 3509 5692 quc-

1922 5694 2175 5750 stionibus
2202 5692 2587 5763 conjugiorum,
2615 5701 2670 5747 et
2693 5702 2870 5748 notas.

1999 5763 2012 5815 i
2058 5764 2286 5835 Regino,
2318 5762 2353 5815 l.
2379 5779 2421 5829 ι,
2452 5779 2501 5818 c.
2526 5763 2662 5831 500;
2692 5764 2783 5821 lib.
2803 5781 2874 5830 Διι,
2900 5780 2949 5819 c.
2978 5764 3067 5830 66,
3095 5762 3183 5819 67.

1997 5836 2025 5876 κ
2063 5834 2258 5890 Pmnit.
2291 5834 2448 5888 Rom.
2480 5833 2563 5889 tit.
2586 5834 2641 5890 4.
2671 5851 2721 5890 c.
2751 5836 2943 5890 “.12.

2107 5850 2258 5890 ωηιῑ.
2291 5850 2448 5888 nom.
2480 5850 2563 5889 ιιι.
2586 5850 2641 5900 4,
2671 5851 2721 5891 C.
2751 5850 2943 5901 11,12.
3188 5868 3193 5873 ν
3458 5851 3467 5862 ’

2001 5904 2023 5949 ι
2062 5905 2382 5976 Concilium,
2410 5906 2553 5982 apud
2581 5897 2883 5965 Theodonis
2903 5906 3085 5966 villam
3115 5922 3235 5965 can.
3266 5902 3321 5963 4.
3456 5906 3471 5933 δ
3506 5897 3521 5909 ’
