4020 6360
532 439 544 480 .·
578 432 686 491 sm
1578 423 1929 506 THEODQRI
1973 419 2298 480 λεεωεν.
2335 415 2888 482 (ΖΛΜὍΛΒΙΕΝΞΙΞ
3702 405 3826 490 'm

578 544 964 618 lndulgontiam
982 584 996 608 ,
1034 551 1091 600 et
1113 549 1343 614 quatuor
1369 541 1484 597 dies
1507 542 1787 612 pteniteat.
1818 540 1876 595 Si
1908 538 2167 610 principi-
2188 538 2242 598 Δ
2267 538 2429 593 bitur.
2461 533 2855 606 Subdiaconus,
2877 539 3142 611 amlytus,
3161 539 3452 606 exorcista,
3477 539 3664 608 lector,
3688 548 3830 600 ostia-

534 694 542 706 ,
574 637 682 698 bus
726 636 1017 709 placuerit,
1063 634 1286 704 aliisque
1319 633 1434 688 suis
1477 631 1758 700 ﬁdelibus,
1810 645 2064 703 rogemus
2109 637 2173 685 ut
2273 633 2403 696 rius,
2429 634 2534 688 nisi
2565 634 2705 692 sicut
2731 633 2993 703 scriptum
3019 639 3138 698 est,
3163 633 3221 686 in
3256 640 3460 703 septem
3489 633 3711 688 testibus
3742 651 3828 690 non

531 775 536 782 .
573 731 915 790 collaudatur
936 737 993 784 et
1037 728 1428 784 subseribatur.
1478 727 1546 782 Et
1572 725 1936 782 collaudatum
1974 732 2078 790 est,
2112 730 2169 779 et
2255 719 2734 781 'condemnabitur.
2771 725 2964 780 Testes
2999 731 3181 779 autem
3211 725 3328 780 sine
3361 721 3541 793 aliqua
3577 724 3681 779 sint
3715 725 3830 780 infa-

530 853 540 889 ;
571 824 946 898 subscriptum
975 829 1058 878 est
1072 829 1186 877 tam
1211 835 1244 876 a
1269 820 1534 891 principe,
1563 834 1726 891 quam
1753 834 1788 873 a
1814 818 2028 875 ceteris
2049 831 2140 873 om
2258 818 2402 883 auia,
2429 831 2628 873 uxores
2655 825 2710 874 et
2735 815 2878 873 ﬁlios
2912 817 3196 882 habentes,
3230 822 3288 872 et
3323 817 3549 872 cumino
3581 815 3830 873 Christum

575 915 764 974 uibus.
1943 968 1951 973 _
2112 949 2118 954 -
2268 912 2644 984 praedicantes.

1038 1000 1435 1060 CAPITULUM
1471 999 1711 1056 XXXVI.
2697 1003 2740 1059 C
2759 1004 2804 1058 A
2822 1003 2905 1058 PI
2929 1003 2970 1058 Τ
2995 1001 3041 1059 U
3058 1001 3101 1058 L
3120 997 3166 1058 υ
3188 1001 3240 1056 II
3305 999 3354 1056 X
3376 1001 3439 1056 L.

875 1097 950 1154 De
971 1097 1064 1153 illo
1088 1096 1178 1168 qui
1201 1095 1557 1168 presbyterum
1589 1093 1857 1168 occiderit.

2767 1095 2844 1150 De
2874 1095 3103 1166 fugitivis
3124 1092 3349 1148 clericis.

649 1201 678 1232 ι
708 1187 810 1256 Qui
835 1164 1218 1260 presbyterum
1251 1164 1545 1250 occiderit,
1585 1164 1867 1239 duodecim
1906 1194 2172 1235 annorum
2350 1191 2374 1230 δ
2413 1187 2485 1245 Ut
2508 1164 2882 1258 ωιηεςυίεφιε
2903 1164 3188 1258 episcopus
3223 1185 3278 1240 in
3313 1199 3413 1240 sua
3445 1184 3700 1256 ροτοοιιίι
3737 1185 3833 1239 diu.

533 1319 544 1334 .
575 1281 630 1339 ei
651 1279 973 1354 pmnitentia
1001 1277 1298 1334 secundum
1328 1289 1566 1333 canones
1593 1276 1924 1346 imponatur,
1955 1271 2172 1328 etiamsi

2280 1289 2463 1356 genter
2483 1282 2851 1354 presbyteros,
2873 1281 2960 1336 vel
2978 1281 3204 1336 clericos
3225 1279 3469 1350 inquirat
3487 1279 3705 1348 quinam
3729 1279 3829 1333 sist.

533 1391 539 1400 ‘
575 1376 877 1449 negaverit.
921 1373 985 1430 Si
1021 1375 1162 1430 liber
1187 1379 1299 1439 est,
1342 1372 1680 1443 septuaginta
1721 1369 1836 1426 dies
1859 1367 2083 1440 ieiunet.
2110 1363 2171 1420 Si
2275 1374 2345 1430 Et
2371 1373 2415 1430 si
2454 1373 2690 1443 aliquem
2727 1372 3012 1443 fugitivum
3041 1371 3338 1438 invenerit,
3370 1372 3440 1428 ad
3463 1380 3624 1428 suum
3659 1371 3832 1442 episco-

531 1491 540 1499 ι
576 1479 761 1526 autem
786 1481 1006 1534 servus,
1030 1479 1196 1536 super
1223 1465 1504 1521 duodecim
1529 1477 1777 1518 vomeres
1814 1460 2084 1516 ferventes
2114 1472 2175 1513 se

531 1583 544 1591 ο
575 1569 860 1634 expurget.
891 1559 1184 1616 Convictus
1209 1572 1352 1612 noxa
1391 1557 1460 1611 ad
1500 1555 1749 1610 ultimum
1794 1554 1920 1608 vitae
1964 1559 2176 1621 tempus

537 1685 544 1698 ο
576 1662 765 1717 careat
788 1652 1004 1728 cingulo
1027 1650 1256 1716 militiae,
1283 1657 1338 1705 et
1362 1650 1564 1718 absque
1587 1662 1680 1718 spe
1705 1645 1940 1716 coniugii

1029 1761 1429 1823 CAPITULUM
1465 1758 1731 1816 XXXVII.

2274 1479 2403 1536 pum
2429 1464 2608 1520 redire
2631 1463 2814 1519 facias.

2779 1554 3178 1611 CAPITULUM
3216 1554 3353 1610 XLI.

2431 1657 2434 1660 ’
2524 1647 2604 1705 De
2631 1649 2714 1704 his
2736 1649 2828 1720 qui
2855 1649 3248 1719 suspenduntur
3280 1649 3338 1702 in
3359 1646 3598 1718 patibulo

2235 1799 2238 1801 λ
2354 1741 2374 1783 ί
2403 1741 2702 1809 Quaesitum
2731 1749 2819 1796 est
2855 1741 2924 1796 ab
2947 1740 3222 1810 aliquibus
3246 1740 3539 1804 fratribus,
3567 1740 3635 1794 de
3662 1738 3738 1795 his
3762 1737 3835 1810 qui

2229 1877 2246 1905 ._
2279 1834 2337 1890 in
2365 1831 2608 1905 patibulo
2647 1832 3049 1901 suspenduntur
3092 1847 3194 1903 pro
3237 1833 3352 1887 suis
3387 1829 3711 1896 sceleribus,
3739 1840 3833 1903 post

653 1951 686 1993 1»
709 1949 812 2018 Qui
837 1923 1174 2006 sacerdotem
1192 1943 1497 2002 voluntarie
1521 1940 1802 2005 occiderit,
1825 1952 2044 1995 carnem
2067 1947 2174 1991 non
2204 1897 2254 1960 Β
2279 1924 2674 2018 centesimae!!!
2701 1923 2816 2018 Ῑξθίξ
2849 1932 3147 2018 Metam.
3169 1926 3636 2018 utrumcadavera
3656 1926 3834 2018 illorum

583 2043 848 2109 comedat,
871 2049 925 2098 et
948 2040 1132 2096 vinum
1157 2053 1263 2094 non
1283 2038 1454 2101 bibat,
1485 2034 1694 2091 cunctis
1712 2033 1900 2087 diebus
1919 2031 2043 2085 vita:
2067 2045 2178 2085 suae

580 2134 785 2208 leiunet
829 2149 999 2206 usque
1044 2134 1110 2188 ad
1153 2147 1435 2202 vesperam
1475 2129 1714 2198 exceptis
1771 2126 1959 2180 diebus
1994 2123 2175 2189 festis;

534 2231 540 2236 ’
583 2235 749 2298 atque
776 2240 925 2281 arma
955 2239 1062 2278 non
1086 2230 1282 2288 sumat,
1307 2235 1507 2292 equum
1535 2234 1642 2273 non
1680 2217 1969 2282 ascendat;
2007 2213 2179 2270 eccle-

580 2320 721 2376 siam
745 2333 844 2389 per
883 2317 1121 2388 quinque
1169 2329 1340 2369 annos
1386 2311 1752 2382 ingrediatur,
1783 2309 2019 2363 nondbm
2048 2321 2180 2362 vero

581 2409 976 2473 communicet,
1006 2407 1099 2462 sed
1130 2404 1273 2460 inter
1311 2406 1610 2461 audientes.
1652 2403 1788 2459 Cum
1826 2410 2007 2457 autem
2041 2401 2178 2456 duo-

537 2505 546 2512 ”
583 2499 778 2556 decimi
824 2497 950 2552 anni
999 2510 1189 2551 cursus
1230 2493 1414 2550 ﬁnitus
1452 2495 1586 2559 erit,
1635 2489 2070 2547 communicandi
2128 2489 2180 2544 ei

581 2590 801 2648 licentia
828 2590 1172 2655 concedatur,
1200 2595 1251 2644 et
1291 2584 1567 2660 equitandi
1608 2585 1876 2640 tribuatur
1913 2582 2176 2638 remissio.

583 2670 800 2738 Maneat
838 2687 1016 2735 autem
1059 2679 1114 2734 in
1143 2678 1367 2748 reliquis
1407 2677 1878 2732 observationibus
1917 2681 2025 2728 tres
2066 2673 2182 2730 dies

581 2789 684 2850 per
709 2773 1124 2841 hebdomadam,
1147 2780 1208 2827 ut
1230 2771 1522 2844 perfectius
1544 2771 1760 2843 purgari
1780 2775 2072 2826 mereatur.

1017 2885 1262 2944 CAPITU
1273 2886 1413 2944 LUM
1453 2885 1738 2942 XXXVIII.

542 3035 552 3046 _
586 2979 677 3038 Ne
697 2979 984 3056 presbyteri
1004 2981 1116 3056 sine
1140 2996 1392 3056 consensu
1420 2980 1799 3056 episcoporum,
1823 2993 1916 3049 per
1939 2975 2186 3034 ecclesias

851 3049 1261 3116 constituantur,
1288 3049 1364 3104 vel
1388 3049 1457 3103 ab
1478 3050 1551 3102 eis
1584 3049 1920 3120 recipiantur.

665 3151 690 3182 ο
722 3142 1039 3213 Quicunque
1065 3142 1346 3213 presbyter
1369 3140 1653 3196 ecclesiam
1676 3155 1773 3209 per
1795 3138 2032 3209 pretium
2060 3137 2168 3194 ade

586 3242 718 3311 ptus
746 3235 930 3303 fuerit,
957 3235 1179 3292 omnino
1205 3235 1504 3305 deponatur
1535 3252 1547 3288 :
1581 3249 1704 3288 cum
1727 3248 1846 3288 eam
1875 3241 2063 3289 contra
2091 3247 2185 3289 ec-
2212 3251 2262 3320 ο

587 3325 907 3386 clesiastica:
951 3326 1152 3396 regulae
1193 3326 1533 3399 disciplinam
1578 3324 1780 3381 habere
1823 3326 2179 3397 dignoscitur.

590 3419 694 3489 Qui
721 3420 884 3475 alium
906 3420 1282 3492 presbyterum
1305 3417 1545 3489 legitime
1571 3417 1638 3472 ad
1657 3416 1942 3472 ecclesiam
1967 3417 2186 3472 ordina-

589 3518 706 3568 tum
732 3527 829 3584 per
857 3512 1140 3584 pecuniam
1179 3513 1478 3582 expulerit,
1523 3526 1751 3580 eamque
1795 3510 1899 3564 sibi
1947 3509 2188 3565 totaliter

587 3605 991 3673 vendicaverit;
1021 3604 1165 3676 quod
1193 3604 1382 3658 vitium
1407 3603 1516 3657 late
1541 3601 1795 3658 dill'usum
1825 3618 2036 3658 summo
2067 3611 2184 3657 stu-

592 3694 684 3751 dio
711 3695 1109 3751 emendandum
1137 3701 1238 3750 est.
1263 3695 1503 3764 Itemque
1527 3693 1955 3750 interdicendum
1978 3703 2060 3750 est
2079 3694 2188 3750 cle—

592 3787 724 3844 ricis
753 3788 867 3844 sive
893 3787 1068 3854 laicis,
1097 3803 1164 3842 ne
1188 3788 1308 3858 quis
1332 3786 1627 3858 quamlibet
1652 3787 1938 3844 ecclesiam
1963 3789 2189 3861 presby-

552 3889 558 3894 ·
593 3887 713 3936 tero
759 3881 890 3936 dare
929 3887 1224 3950 prmsumat
1265 3879 1382 3936 sine
1426 3880 1644 3937 licentia
1689 3887 1745 3938 et
1791 3897 2058 3939 consensu
2103 3882 2188 3938 sui

595 3971 856 4044 episcopi.

1055 4063 1452 4122 CAPITULUM
1489 4064 1733 4121 XXXIX.

848 4152 988 4222 Quot
1021 4156 1234 4210 testibus
1263 4155 1438 4212 clerici
1463 4156 1665 4212 devinci
1698 4155 1940 4214 debeant.

667 4244 700 4290 δ
723 4247 1010 4320 Presbyter
1036 4265 1142 4305 non
1166 4250 1425 4306 adversus
1442 4250 1773 4322 episcopum,
1801 4268 1909 4312 non
1931 4251 2190 4311 diaconus

558 4349 564 4356 ”
599 4345 860 4402 adversus
905 4346 1279 4418 presbyterum
1305 4388 1319 4412 ,
1364 4363 1473 4402 non
1521 4347 1884 4405 subdiaconus
1931 4350 2191 4406 adversus

600 4436 908 4505 diaconuin,
939 4453 1045 4492 non
1071 4438 1314 4510 acolytus
1343 4438 1604 4494 adversus
1631 4439 2020 4496 subdiaconum
2037 4481 2052 4507 ,
2081 4456 2192 4497 non

599 4533 870 4590 exorcista
912 4532 1171 4588 adversus
1216 4531 1508 4603 acolytum,
1553 4547 1661 4588 non
1712 4533 1884 4590 lector
1928 4536 2190 4592 adversus

2239 2075 2242 2078 ,
2279 2017 2350 2074 ad
2393 2014 2678 2070 ecclesiam
2719 2011 3009 2069 deferenda
3055 2015 3200 2081 sint,
3235 2021 3291 2070 et
3323 2016 3624 2072 oblationes
3654 2029 3741 2088 νη
3771 2016 3834 2070 sis

2281 2105 2600 2170 offerenda,
2616 2115 2671 2162 et
2701 2107 2881 2162 missa:
2905 2105 3264 2173 celebrandae,
3297 2124 3367 2162 an
3387 2109 3534 2162 non?
3555 2108 3735 2175 Quibus
3759 2123 3831 2162 re

2283 2201 2608 2270 spondemus
2637 2214 2651 2252 :
2685 2197 2740 2254 Si
2763 2200 3020 2255 omnibus
3046 2199 3115 2255 de
3137 2201 3378 2272 peccatis
3401 2203 3510 2257 suis
3529 2217 3695 2272 puram
3717 2216 3822 2255 con-

2283 2289 2575 2347 fessionem
2600 2277 2884 2363 agentibus
2902 2332 2918 2358 ,
2947 2299 3004 2346 et
3032 2293 3190 2362 digne
3216 2291 3600 2363 paenitentibus
3627 2307 3825 2348 commu-

2283 2385 2375 2441 nio
2405 2385 2460 2439 in
2496 2384 2602 2439 line
2631 2385 2924 2440 secundum
2967 2386 3289 2441 canonicum
3314 2384 3530 2454 jussnm
3568 2385 3725 2440 danda
3753 2391 3834 2448 est,

2285 2492 2384 2533 cur
2405 2492 2513 2531 non
2549 2475 2629 2531 eis
2664 2477 2756 2546 qui
2781 2492 2883 2547 pro
2905 2479 3146 2548 peccatis
3184 2477 3297 2532 suis
3329 2493 3547 2548 pinnam
3582 2485 3836 2532 extremam

2283 2569 2628 2640 persolvunt,
2662 2576 2718 2623 et
2747 2567 3094 2636 conﬁtentur,
3123 2569 3207 2624 vel
3243 2568 3492 2625 conﬁteri
3533 2568 3838 2624 desiderant?

2287 2659 2559 2730 Scriptum
2588 2669 2672 2715 est
2699 2665 2842 2716 enim
2875 2676 2888 2714 :
2930 2659 3054 2716 Non
3087 2661 3352 2734 judicabit
3402 2659 3659 2717 Dominus
3695 2662 3760 2716 bis
3798 2662 3839 2714 in

2285 2753 2534 2822 idipsum.
2575 2752 2710 2807 Nam
2751 2753 2867 2824 ipse
2904 2753 3166 2808 Dominus
3195 2753 3274 2807 ait
3309 2772 3322 2807 :
3354 2751 3422 2807 In
3453 2770 3747 2824 quacunque
3777 2751 3841 2805 die

2245 2877 2250 2886 -
2287 2861 2564 2899 conuersus
2604 2843 2760 2914 fuerit
2800 2858 3061 2915 peccator,
3100 2854 3312 2916 peccata
3364 2844 3484 2915 ejus
3532 2861 3637 2899 non
3671 2851 3843 2914 reputa-

2289 2937 2484 2992 buntur
2503 2939 2570 2992 ei.
2600 2937 2668 2993 Et
2697 2938 2892 2994 iterum
2921 2957 2934 2992 :
2969 2937 3110 2992 Nolo
3136 2947 3354 2992 mortem
3377 2939 3684 3009 peccatoris,
3706 2936 3782 2991 sed
3801 2942 3844 2988 st

2290 3035 2622 3084 convertatur
2653 3039 2704 3084 et
2743 3031 2896 3085 vivat.
2929 3032 2955 3070 ⁸
2987 3027 3228 3084 Salutem
3264 3044 3394 3099 ergo
3433 3029 3639 3085 homini
3671 3029 3844 3093 adimit,

2288 3121 2538 3194 quisquis
2559 3122 2749 3178 mortis
2777 3131 3018 3192 tempore
3037 3123 3086 3177 ei
3104 3122 3481 3192 paenitentiam
3513 3122 3790 3194 denegavit.

2795 3235 3197 3292 CAPITULUM
3235 3235 3392 3290 XLII.

2720 3307 2800 3362 De
2835 3307 3040 3378 furibus
3071 3317 3117 3362 et
3146 3308 3465 3378 raptoribus.

2359 3397 2392 3439 Ιι
2427 3397 2505 3455 De
2549 3397 2760 3454 furibus
2807 3407 2861 3455 et
2906 3399 3220 3470 raptoribus
3249 3399 3427 3469 placet
3461 3405 3552 3463 ut,
3593 3396 3637 3452 si
3653 3396 3713 3450 in
3746 3396 3846 3467 ipsa

2287 3491 2472 3561 praeda
2517 3492 2856 3555 occiduntur,
2896 3506 2998 3562 pro
3037 3491 3118 3547 eis
3156 3491 3377 3546 minime
3409 3491 3668 3546 orandum
3691 3487 3770 3544 sit.
3801 3487 3852 3543 Si

2289 3585 2560 3640 vulnerati
2606 3585 2660 3640 in
2709 3586 3140 3657 desperationem
3184 3584 3422 3656 prolapsi
3464 3585 3695 3650 fuerint,
3725 3592 3774 3638 et
3802 3583 3854 3638 de

2254 3701 2256 3703 >
2288 3677 2650 3748 pravitatibus
2679 3678 2790 3733 suis
2819 3694 2878 3734 se
2903 3678 3275 3750 posuituerint,
3303 3687 3360 3733 et
3386 3677 3432 3734 si
3469 3677 3855 3750 supervixeriut,

2289 3771 2406 3828 Deo
2459 3781 2514 3828 et
2571 3775 2840 3830 sacerdoti
2899 3789 2958 3830 se
3009 3774 3390 3830 emendaturos
3444 3773 3856 3845 repromiserint,

2288 3864 2728 3921 communionem
2756 3865 2833 3920 eis
2864 3865 3175 3936 impendere
3202 3881 3312 3921 non
3343 3881 3631 3938 negamus.

2779 3975 3179 4033 CAPITULUM
3217 3975 3397 4033 XLIII.

2540 4065 2620 4121 De
2654 4067 2951 4123 homicidiis
2978 4085 3083 4123 non
3111 4077 3290 4140 sponte
3322 4071 3639 4126 commissis.

2371 4157 2388 4197 ί
2421 4154 2498 4213 De
2521 4157 2830 4214 homicidiis
2855 4175 2962 4214 non
2981 4167 3182 4229 sponte
3203 4160 3528 4228 commissis,
3551 4161 3702 4232 quali
3724 4159 3863 4231 pleni-

2293 4247 2478 4304 tentia:
2508 4249 2897 4304 submittantur
2921 4251 2958 4306 ii
2983 4251 3076 4321 qui
3111 4249 3379 4318 fecerunt,
3404 4252 3460 4307 in
3493 4253 3733 4324 episcopi
3764 4267 3863 4307 seu-

2295 4343 2461 4396 tentia
2485 4351 2719 4398 maneat.
2751 4343 3047 4415 Postquam
3072 4344 3270 4400 viderit
3299 4345 3514 4400 illorum
3537 4346 3756 4417 dignam
3770 4359 3864 4417 ρω-

2294 4433 2603 4502 nitentiam,
2635 4436 2954 4493 clementius
2984 4453 3112 4510 erga
3138 4437 3260 4493 illos
3288 4447 3434 4510 agat.
3467 4438 3525 4496 Si
3561 4441 3688 4513 quis
3726 4439 3866 4494 ﬁlium

2296 4547 2454 4588 suum
2476 4545 2583 4588 non
2609 4543 2808 4604 sponte
2833 4533 3056 4601 occidit,
3073 4534 3229 4606 juxta
3252 4535 3542 4592 homicidia
3565 4553 3682 4596 non
3705 4539 3868 4608 sponte

598 4626 924 4683 exorcistam
944 4667 958 4693 ,
988 4641 1096 4680 non
1122 4625 1376 4682 ostiarius
1415 4625 1674 4682 adversus
1701 4626 1959 4684 lectorem
1983 4629 2076 4684 det
2095 4645 2190 4686 ac-
2213 4629 2269 4690 D
2295 4627 2585 4684 commissa
2606 4629 2892 4699 poeniteat.

598 4719 933 4778 cusationem
960 4719 1215 4790 aliquam.
1256 4715 1325 4773 Et
1362 4734 1471 4775 non
1498 4717 1948 4776 condemnabitur
1970 4721 2192 4791 praesul,

563 4809 707 4868 'nisi
750 4811 804 4866 in
850 4810 1069 4882 triginta
1114 4808 1252 4876 duo;
1295 4825 1472 4881 neque
1515 4825 1759 4867 summus
1793 4809 2124 4882 judicabitur
2161 4826 2193 4866 a

602 4917 908 4975 quoquam,
947 4902 1199 4973 quoniam
1230 4903 1492 4974 scriptum
1519 4911 1604 4959 est
1625 4944 1639 4972 ,
1670 4921 1774 4959 non
1803 4913 1879 4959 est
1909 4904 2195 4978 discipulus

601 5009 763 5066 super
779 4994 1107 5065 magistrum.
1134 4993 1427 5067 Presbyter
1455 5005 1636 5050 autem
1668 4995 1726 5050 in
1753 4995 1972 5052 cardine
1992 4998 2196 5053 consti-

563 5165 575 5182 r
601 5088 780 5154 unus,
797 5083 904 5140 nisi
928 5084 986 5140 in
1009 5085 1362 5160 quadraginta
1382 5093 1438 5142 et
1462 5097 1698 5159 quatuor
1721 5088 1950 5145 testibus
1973 5089 2197 5144 damna-

574 5317 582 5327 .
678 5257 911 5336 {post}.
937 5259 1176 5336 Mogunt.
1203 5262 1466 5336 βψω.
1497 5278 1549 5319 c.
1576 5263 1676 5332 24;
1703 5261 1932 5336 Regillo,
1970 5263 2064 5321 lib.
2101 5281 2195 5332 xx,

606 5340 663 5389 c.
689 5327 794 5396 43;
825 5327 1091 5386 Burcbfl.
1115 5349 1190 5398 vr,
1219 5350 1269 5389 c.
1295 5333 1347 5387 7.

575 5435 584 5476 ;
614 5467 651 5476 _
680 5399 712 5442 δ
733 5401 1297 5476 _Conc.Worm_ac.,lc.
1322 5405 1421 5473 26;
1445 5405 1650 5462 Concil.
1669 5406 2040 5474 Triburiense,
2057 5422 2105 5463 c.
2131 5407 2196 5476 5;

611 5467 840 5543 Regina,
873 5471 910 5526 I.
942 5490 1002 5536 ιι,
1029 5489 1078 5529 c.
1100 5473 1199 5542 4‘2;
1218 5467 1450 5543 ’Burcb'”
1474 5477 1509 5531 l.
1540 5494 1682 5540 vr,c.
1710 5479 1764 5534 8.

684 5525 1199 5622 tabefiiu'igiif
1217 5525 1323 5613 III:
1813 5549 2052 5622 Magum.
2099 5525 2201 5610 sub

576 5608 1026 5752 8l2;
1079 5617 1217 5675 Rab.
1255 5608 1342 5688 ep.
1380 5620 1448 5675 ad
1486 5608 1697 5687 Herib.,
1746 5635 1796 5678 c.
1839 5608 1940 5688 19";
1971 5608 2199 5734 Regina,

2781 4719 3185 4777 CAPITULUM
3221 4719 3406 4776 XLIV.

2561 4867 2568 4870 _
2696 4809 2775 4866 De
2819 4812 3138 4868 continentia
3191 4808 3498 4866 sacerdotis.

2369 4897 2702 4976 Episcopus,
2735 4911 2828 4962 aut
2878 4905 3199 4977 presbyter,
3243 4912 3332 4960 aut
3381 4903 3650 4960 diaconus
3689 4901 3781 4976 qm'
3825 4900 3868 4954 in

2297 4995 2660 5054 fornicatione
2679 5037 2694 5062 ,
2725 5004 2818 5052 aut
2845 4995 3086 5066 perjurio
3105 5037 3121 5063 ,
3151 5005 3247 5051 aut
3273 4995 3420 5052 furto
3452 4995 3645 5066 lapsus
3670 5005 3768 5061 est,
3793 4993 3870 5049 de-

2297 5097 2553 5161 ponatur,
2605 5104 2714 5144 non
2764 5095 2945 5144 tamen
2993 5085 3375 5144 communione
3431 5087 3702 5157 privetur.
3755 5083 3873 5144 Dicit

2301 5269 2486 5326 Citant
2530 5268 2666 5338 Egb.
2690 5268 2788 5323 Eb.
2819 5281 2941 5338 cap.
2970 5266 3092 5333 142,
3119 5267 3156 5320 l.
3183 5282 3238 5333 v,
3265 5265 3496 5338 Capltul.
3531 5283 3580 5323 c.
3610 5265 3719 5325 I59
3737 5266 3793 5324 C.
3808 5264 3870 5338 II.

2376 5354 2400 5382 ο
2433 5340 2511 5394 Ex
2544 5340 2742 5395 decreti
2771 5337 2966 5396 Leonis
2994 5338 3016 5393 ι
3044 5354 3094 5393 c.
3130 5338 3229 5406 39;
3263 5337 3490 5406 Regina,
3523 5338 3561 5392 l.
3619 5357 3656 5405 ι,
3687 5356 3739 5395 c.
3767 5337 3871 5394 421.

2293 5454 2296 5457 .
2380 5411 2400 5453 ι
2431 5409 2608 5483 iConc.
2649 5409 2885 5483 Mogunt.
2909 5411 3010 5483 sub
3031 5409 3192 5475 Rab.,
3217 5425 3266 5465 c.
3293 5409 3391 5476 Q7;
3418 5409 3653 5483 chino,
3682 5411 3720 5464 I.
3751 5425 3807 5475 η,
3831 5422 3870 5461 c.

2301 5485 2399 5549 93;
2429 5482 2626 5538 Busch.
2660 5481 2695 5534 l.
2728 5480 2804 5547 xl,
2838 5497 2887 5538 c.
2915 5480 3002 5536 76.

2375 5557 2402 5595 ε
2437 5553 2778 5625 leestinus,
2822 5553 2877 5607 in
2904 5553 3065 5625 epist.
3107 5551 3144 5606 2
3185 5551 3253 5608 ad
3287 5552 3575 5625 episcopos
3599 5549 3876 5625 provincia

2302 5625 2625 5684 Viennensis
2649 5631 2702 5678 et
2725 5623 3112 5688 Narbonensis,
3137 5637 3256 5692 cap.
3279 5623 3334 5677 2.

2373 5699 2398 5738 ιι
2426 5697 2635 5768 Concil.
2667 5695 3027 5768 Triburi_ens.,
3055 5709 3104 5749 c.
3147 5689 3256 5762 5f;
3300 5693 3532 5768 Regino,
3571 5694 3608 5751 l.
3638 5710 3680 5762 ι,
3709 5707 3760 5751 c.
3781 5689 3873 5756 9|;

681 5731 725 5796 5'
751 5731 1108 5834 ﬂagitans].
1134 5761 1292 5834 nom.
1313 5762 1470 5834 vulgo
1492 5763 1770 5831 dictumu,
1793 5765 1894 5821 sub
1919 5731 2199 5833 Silvestre,
2277 5731 2648 5833 -βιιῖαῖῗῗῖἕίᾖ
2679 5731 2962 5828 ἰὶῗὲἶὲὁῗ

611 5830 1508 5920 222-...134;_829v2sesuam
1532 5830 1852 5920 uincens
2044 5830 2200 5920 istius

613 5899 831 5968 concilii
869 5899 1198 5974 capita—quae
1220 5902 1460 5963 Isidorus
1503 5922 1617 5964 suae
1639 5899 1946 5965 collectioni
1973 5899 2203 5966 inseruit

2379 5842 2395 5881 ί
2439 5839 2566 5904 Th.,
2595 5854 2643 5894 c.
2675 5839 2806 5905 ill;
2837 5838 3036 5894 Pcenit.
3064 5837 3220 5894 Rom.
3251 5838 3337 5892 tit.
3367 5837 3487 5905 1,0.
3522 5839 3571 5907 l,
3599 5851 3672 5895 ex
3690 5833 3872 5896 Pali.

2303 5909 2444 5979 Th..;
2474 5909 2640 5967 Certe.
2666 5909 3043 5978 Triburiense,
3070 5921 3190 5980 cap.
3229 5909 3317 5965 55.
