4020 6360
243 323 351 380 9'49

1352 316 1910 378 HENITENTIALE.
1947 346 2019 358 —
2056 313 2415 374 CAPITULA.

3412 304 3520 377 950

206 502 209 505 ἤ
239 439 395 496 enim
421 437 701 511 Saiptnra
731 454 745 495 :
777 451 807 483 ι
835 438 963 495 Non
986 437 1268 495 uindicabit
1290 437 1548 495 Dominus
1569 437 1645 493 bis
1672 438 1730 492 in
1753 435 1838 491 id-
1861 442 1912 499 Α
1937 434 2157 491 modum
2181 434 2403 489 vitiosas
2430 436 2643 487 constat
2668 443 2808 485 esse.
2836 428 3039 501 Nempe
3062 431 3190 488 inde
3213 433 3515 493 demhun.

238 532 442 603 ipsum.

728 622 1136 680 CAPITULUM
1166 622 1313 680 XLV

666 713 745 768 De
783 716 1033 786 episcopis
1071 715 1150 770 vel
1197 715 1417 771 clericis.

204 866 207 869 γ
258 826 263 829 ‘
316 805 349 853 δ
373 804 487 863 Lex
508 806 857 863 continentia:
879 809 1067 864 eadem
1091 815 1175 864 est
1194 808 1384 863 altaris
1406 805 1690 871 ministris,
1714 822 1834 876 quae

226 900 535 971 episcopis,
566 908 661 955 aut
687 901 1043 971 presbyteris,
1071 900 1163 969 qui
1192 916 1313 956 cum
1340 908 1523 955 essent
1550 900 1692 963 laici,
1720 900 1833 953 sive

232 987 509 1056 lectores,
539 990 685 1045 licite
721 998 777 1045 et
802 1006 1003 1046 uxores
1031 991 1255 1057 ducere,
1296 999 1350 1046 et
1383 990 1521 1046 ﬁlios
1546 1003 1833 1061 procreare

224 1091 554 1152 potuerunt.
582 1082 689 1138 Sed
709 1099 832 1139 cum
852 1084 919 1139 ad
942 1084 1229 1153 praedictos
1249 1084 1591 1154 pervenerint
1611 1084 1829 1155 gradus,

228 1173 412 1241 caspit
437 1172 518 1227 eis
546 1188 653 1227 non
685 1172 851 1228 licere
879 1174 1023 1243 quod
1051 1173 1221 1229 licuit.
1251 1173 1404 1230 Unde
1432 1183 1488 1230 et
1514 1174 1581 1229 de
1626 1175 1830 1229 carnali

194 1263 304 1336 ,ει
344 1265 591 1334 spiritale
636 1268 984 1323 connubium.
1034 1267 1257 1337 Oportet
1288 1284 1381 1324 eos
1418 1284 1518 1324 nec
1559 1269 1833 1323 dimittere

232 1372 462 1422 uxores,
494 1366 551 1413 et
583 1359 739 1429 quasi
768 1376 873 1415 non
903 1362 1154 1428 habeant,
1181 1362 1261 1417 sic
1288 1362 1508 1427 habere,
1539 1376 1648 1432 quo
1684 1360 1831 1416 salva

231 1446 314 1500 sit
356 1449 599 1507 charitas
645 1452 1071 1521 connubiorum,
1116 1461 1172 1509 et
1222 1464 1398 1510 cesset
1444 1455 1687 1525 operatio
1730 1470 1832 1509 nu-

726 1634 1124 1693 CAPITULUM
1162 1638 1343 1693 XLVI.

447 1723 521 1779 De
556 1727 771 1781 crimine
798 1738 1091 1799 perpetrato
1115 1730 1169 1783 in
1202 1731 1339 1783 atrio
1368 1728 1614 1784 ecclesiae.

194 1846 197 1851 λ
294 1812 374 1869 εἰ
399 1814 458 1870 in
492 1816 634 1872 atrio
672 1818 915 1874 ecclesiae
943 1820 1196 1890 quislibet
1222 1819 1564 1888 injuriaverit
1594 1818 1830 1890 aliquem
1858 1820 1907 1880 Β

196 1909 618 1979 presbyterum
634 1950 649 1975 ,
676 1910 763 1966 vel
790 1912 990 1967 ibidem
1016 1913 1233 1983 aliquod
1274 1914 1619 1985 sacrilegium
1639 1928 1831 1984 perpe-

196 2000 488 2067 .1raverit,
521 2001 678 2057 altari
702 2012 758 2058 et
786 2005 1016 2060 Domino
1044 2016 1066 2044 ο
1102 2014 1473 2075 componatur.

717 2113 1111 2172 CAPITULUM
1151 2116 1355 2171 XLVII.

612 2184 691 2239 De
731 2188 953 2257 ingenuo
995 2188 1139 2256 ﬁdeli
1185 2196 1451 2241 accusata.

204 2310 207 2321 ν
302 2270 527 2336 Scelere
561 2280 605 2335 si
631 2281 753 2350 quis
794 2280 1061 2350 ingenuus
1102 2280 1277 2335 ﬁdelis
1309 2286 1549 2348 notatur,
1582 2280 1742 2337 liceat
1777 2283 1829 2337 ei

233 2386 359 2427 cum
381 2370 698 2438 iuramento
728 2388 785 2427 se
815 2388 1132 2443 expurgare.
1162 2370 1314 2439 Quod
1341 2373 1385 2427 si
1418 2373 1645 2443 quilibet
1674 2374 1827 2447 inge-

229 2456 373 2516 nuus
401 2463 555 2532 gravi
594 2462 816 2517 infamia
858 2463 1177 2533 publicetur,
1218 2472 1277 2517 ut
1321 2478 1443 2519 eum
1479 2466 1708 2536 populus
1745 2482 1827 2522 su-

230 2553 537 2624 perjuravit
565 2555 916 2610 criminosum
946 2555 1155 2621 haberi,
1187 2554 1231 2609 si
1261 2571 1317 2610 se
1344 2573 1603 2614 excusare
1641 2558 1826 2613 volue-

201 2654 206 2661 '
234 2645 324 2711 rit,
358 2645 387 2686 ἀ
414 2645 561 2702 ferro
593 2662 650 2701 se
678 2647 968 2701 examinet.

702 2737 898 2793 CAPIT
907 2737 1098 2794 ULUM
1136 2738 1364 2793 XLVIII.

471 2830 549 2885 De
572 2831 868 2902 conjugatis
890 2831 977 2901 qui
1009 2831 1199 2884 nubere
1227 2849 1331 2885 non
1354 2840 1590 2902 possunt.

318 2924 346 2961 ο
378 2920 525 2989 mod
554 2929 735 2977 autem
764 2923 1106 2994 interrogasti
1140 2923 1205 2977 de
1239 2922 1325 2977 his
1349 2923 1439 2991 qui
1480 2924 1827 2981 matrimonio

228 3011 404 3083 luncti
430 3022 583 3079 sunt,
612 3022 667 3068 et
697 3015 900 3069 nubere
929 3029 1034 3068 non
1064 3022 1317 3083 possunt,
1348 3016 1393 3069 si
1424 3015 1513 3070 ille
1537 3016 1718 3081 aliam,
1742 3016 1828 3073 vel

231 3106 325 3161 illa
356 3106 525 3161 alium
554 3108 751 3161 ducere
778 3107 969 3176 possit,
1001 3107 1195 3175 quibus
1220 3108 1480 3176 scriptum
1509 3116 1591 3162 est
1616 3126 1628 3160 :
1662 3108 1755 3161 Vir
1777 3118 1825 3163 et

1935 538 2027 585 tur
2054 530 2299 585 homines
2328 544 2359 583 a
2395 526 2701 592 sacriﬁcio,
2732 526 2874 581 sicut
2909 526 3179 595 quondam
3211 528 3355 585 filius
3397 530 3517 589 Heli

1933 624 2281 693 peccantibus
2327 620 2555 676 rebelles
2599 620 2723 674 hinc
2768 619 2893 674 inde
2929 620 3188 674 contrarii
3224 622 3519 687 existentes

1933 716 2195 785 exemplis
2221 715 2401 785 pravis
2429 712 2669 783 quotidie
2704 709 2915 780 pejores
2942 710 3071 767 facti
3098 722 3243 767 sunt.
3288 712 3389 781 Qui
3421 730 3518 769 au-

1933 814 2043 863 tem
2077 806 2145 861 de
2185 805 2455 875 praedictis
2500 804 2633 859 viris
2671 818 2770 872 per
2810 802 3075 858 occultam
3122 803 3516 863 confessionem

1929 906 2151 966 peccata
2183 914 2213 951 a
2243 913 2301 952 se
2339 898 2601 952 absconse
2640 897 2927 952 commissa
2965 911 3148 951 coram
3188 896 3358 952 oculis
3397 899 3513 964 Dei,

1931 1002 2197 1064 prmsente
2217 993 2378 1047 etiam
2407 992 2685 1048 sacerdote
2710 992 2799 1063 qui
2821 993 2899 1049 eis
2919 992 3223 1047 indicturus
3244 1001 3326 1047 est
3344 993 3520 1064 ι)ωηί-

1932 1086 2175 1150 tentiam,
2203 1086 2528 1141 confitentur
2548 1095 2602 1141 et
2627 1086 2943 1156 semetipsos
2968 1086 3205 1157 graviter
3229 1086 3519 1157 deliquisse

1933 1188 2217 1240 accusant,
2252 1180 2296 1232 si
2332 1180 2599 1253 veraciter
2625 1179 3005 1249 pcenituerint,
3037 1187 3090 1233 et
3114 1194 3171 1233 se
3196 1194 3292 1248 per
3312 1177 3519 1249 jejunia

1932 1278 1987 1325 et
2011 1271 2412 1342 elcemosynas,
2436 1272 2785 1342 vigiliasque,
2821 1281 2984 1342 atque
3024 1287 3207 1328 sacras
3243 1272 3517 1326 orationes

1933 1378 2057 1417 cum
2084 1361 2334 1435 Iacrymis
2363 1379 2595 1434 purgare
2616 1364 2963 1427 certaverint,
2996 1363 3080 1417 his
3108 1363 3268 1417 etiam
3295 1360 3323 1402 δ
3348 1362 3518 1433 gradu

1932 1463 2164 1517 servato,
2200 1471 2321 1524 spes
2344 1456 2517 1509 vente
2546 1455 2614 1509 de
2641 1454 3012 1510 misericordia
3036 1453 3128 1508 Dei
3155 1453 3516 1523 promittenda

1930 1556 2037 1612 est,
2065 1548 2157 1618 qui
2186 1564 2374 1603 omnes
2400 1549 2646 1603 homines
2675 1548 2788 1603 vult
2822 1548 3000 1605 salvos
3026 1547 3163 1612 ﬁeri,
3190 1556 3244 1603 et
3272 1546 3339 1601 ad
3363 1545 3519 1618 agni-

1933 1639 2134 1694 tionem
2163 1639 2410 1695 veritatis
2435 1640 2747 1711 pervenire,
2782 1655 2956 1709 neque
2989 1638 3106 1695 vult
3139 1647 3368 1695 mortem
3390 1652 3519 1709 pec-

1932 1730 2157 1798 catoris,
2184 1733 2278 1787 sed
2304 1740 2363 1787 ut
2385 1741 2732 1788 convertatur
2758 1741 2814 1788 et
2843 1734 3004 1787 vivat.
3029 1756 3033 1761 ·
3375 1726 3387 1747 ¹

2475 1847 2874 1903 CAPITULUM
2910 1847 2975 1901 L.

1930 1918 2011 1976 De
2048 1918 2140 1973 illo
2175 1920 2265 1990 qui
2300 1936 2393 1990 per
2432 1920 2728 2002 ebrietatem
2769 1918 2843 1974 vel
2887 1918 3219 2002 coracitatem
3257 1914 3517 1973 Euchari-

2478 2001 2631 2043 sttam
2664 2001 2961 2045 evomuerit.

2007 2085 2026 2124 ί
2062 2081 2121 2137 Si
2146 2082 2268 2152 quis
2294 2098 2391 2152 per
2426 2082 2740 2136 ebrietatem
2772 2081 2852 2134 vel
2881 2081 3231 2135 voracitatem
3258 2078 3520 2134 Euchari-

1894 2174 1895 2179 “
1926 2174 2091 2230 etiam
2124 2173 2454 2238 evomuerit,
2497 2173 2851 2244 quadraginta
2900 2173 3014 2227 dies
3047 2172 3341 2242 paeniteat,
3377 2170 3419 2225 si
3451 2171 3522 2225 sit

1929 2267 2157 2323 clericus
2176 2308 2190 2331 ,
2221 2266 2304 2318 vel
2335 2267 2632 2320 monachus
2662 2281 2753 2319 seu
2783 2266 3070 2329 diaconus;
3108 2264 3409 2335 presbyter,
3437 2277 3521 2318 se—

1927 2359 2209 2430 ptuaginta
2240 2358 2388 2424 dies;
2417 2360 2699 2427 episcopus
2732 2359 3040 2427 nonaginta.
3075 2356 3129 2411 Si
3160 2373 3257 2427 pro
3295 2355 3521 2411 inﬁrmi-

1931 2450 2058 2505 tatis
2086 2466 2247 2505 causa
2276 2450 2607 2511 evomuerit,
2649 2459 2850 2520 septem
2883 2449 2997 2503 dies
3025 2449 3303 2520 paeniteat.

2461 2563 2857 2619 CAPITULUM
2898 2564 2982 2617 LI.

2054 2633 2111 2690 Si
2140 2634 2338 2706 aliquid
2364 2635 2429 2688 de
2460 2635 2618 2688 calice
2650 2636 2786 2687 sacri
2816 2633 3087 2704 sanguinis
3117 2633 3407 2689 stillaverit.

2002 2727 2059 2784 Si
2090 2745 2219 2783 vero
2255 2743 2352 2797 per
2395 2728 2778 2797 negligentiam
2809 2729 2873 2781 de
2915 2729 3081 2783 calice
3118 2728 3319 2799 aliquid
3350 2727 3522 2783 stilla-

1931 2822 2072 2877 verit
2102 2821 2155 2875 in
2184 2831 2403 2883 terram,
2439 2820 2618 2874 tabula
2648 2820 2885 2874 radetur.
2920 2820 2977 2874 Si
3008 2836 3113 2874 non
3146 2818 3307 2874 fuerit
3337 2818 3523 2873 tabula

1929 2926 1991 2971 It
2016 2934 2121 2971 non
2147 2915 2516 2979 conculcetur,
2546 2914 2697 2968 locus
2722 2914 3065 2979 conradetur,
3095 2923 3149 2969 et
3177 2913 3227 2967 in
3252 2912 3374 2983 igne
3398 2928 3524 2967 con-

1930 3017 2196 3071 sumetur,
2228 3016 2282 3061 et
2308 3007 2444 3061 cinis
2471 3007 2610 3059 intra
2636 3005 2804 3060 altare
2833 3006 3172 3068 recondetur,
3197 3015 3251 3059 et
3272 3005 3523 3061 sacerdos

1931 3100 2285 3169 quadraginta
2326 3099 2441 3153 dies
2474 3098 2753 3167 poeniteat.
2793 3096 2848 3152 Si
2888 3112 3048 3167 super
3085 3098 3255 3152 altare
3293 3095 3306 3147 i
3354 3097 3526 3152 stilla-

226 3199 426 3255 mulier
444 3201 489 3253 si
516 3214 568 3253 δα
596 3201 964 3270 conjunxen‘m
983 3241 997 3266 ,
1027 3210 1074 3254 ει
1104 3211 1278 3271 postea
1306 3201 1494 3255 mune,-
1517 3202 1581 3256 άε
1604 3204 1711 3257 vim
1738 3204 1824 3256 αξ-
1852 3182 1898 3243 C
1931 3193 2071 3247 verit
2105 3192 2266 3254 calix,
2299 3193 2516 3245 sorbeat
2544 3192 2787 3244 minister
2808 3191 3023 3254 stillam,
3051 3201 3105 3245 et
3129 3201 3238 3245 tres
3264 3191 3379 3246 dies
3403 3207 3523 3260 pte-

222 3292 388 3355 rerit,
425 3288 446 3328 ί
475 3292 613 3361 quod
639 3308 742 3345 non
766 3293 927 3360 possit
952 3293 1089 3345 coire
1112 3309 1227 3345 cum
1250 3310 1329 3356 eo,
1354 3294 1399 3346 si
1422 3302 1584 3363 potest
1607 3295 1825 3364 probare

220 3399 324 3454 per
345 3385 555 3453 justum
574 3385 859 3453 judicium,
892 3385 1031 3455 quod
1059 3402 1236 3438 verum
1264 3395 1359 3450 est,
1389 3387 1605 3455 accipiat
1640 3386 1821 3439 alium.

219 3473 366 3531 Item
392 3492 406 3527 :
435 3474 496 3530 Si
514 3476 631 3546 quis
652 3476 908 3547 acceperit
930 3492 1173 3539 uxorem,
1190 3484 1238 3529 et
1255 3476 1439 3529 habeat
1461 3476 1625 3545 ipsam
1648 3476 1824 3544 aliquo

220 3578 484 3638 tempore,
515 3578 563 3622 et
586 3569 698 3638 ipsa
727 3568 919 3638 femina
945 3570 1072 3623 dicit
1097 3568 1235 3637 quod
1262 3585 1364 3621 non
1390 3569 1569 3621 coisset
1597 3584 1713 3620 cum
1742 3584 1824 3632 eo,

178 3686 181 3691 ·
216 3670 275 3715 et
302 3660 394 3713 ille
416 3661 495 3713 vir
515 3660 643 3714 dicit
665 3662 804 3731 quod
828 3661 949 3730 fecit
974 3662 1171 3725 invita;
1202 3662 1264 3715 de
1302 3662 1411 3715 viro
1452 3671 1677 3727 constat,
1702 3664 1825 3732 quia

220 3752 310 3808 vir
334 3760 409 3805 est
433 3761 586 3821 caput
610 3750 864 3805 mulieris.

723 3840 1120 3899 CAPITULUM
1159 3840 1343 3897 XLIX.

176 3928 181 3935 ’
221 3930 313 3989 De
341 3922 621 3995 ordinatis,
646 3932 690 3985 si
719 3942 837 3987 ante
856 3973 870 3997 ,
901 3931 979 3986 vel
1014 3942 1129 4003 post
1158 3933 1540 3988 ordinationem
1568 3933 1622 3986 in
1652 3934 1828 3988 crimi-

509 4003 713 4059 nalibus
746 4005 966 4072 peccatis
1009 4004 1307 4075 deprehensi
1340 4004 1556 4073 fuerint.

309 4099 336 4137 ε
370 4096 446 4151 De
477 4097 561 4151 his
590 4112 718 4167 ergo
739 4098 916 4151 visum
943 4104 1027 4151 est
1050 4098 1205 4151 nobis
1231 4097 1496 4151 conscribi
1526 4096 1617 4166 qui
1644 4112 1829 4151 sacros

173 4216 177 4223 ι
215 4167 453 4242 ordines
488 4187 714 4254 habent,
745 4197 801 4242 et
830 4196 973 4252 ante,
1006 4188 1085 4243 vel
1117 4198 1241 4259 post
1267 4188 1663 4243 ordinationem
1694 4205 1826 4243 con-

216 4279 527 4335 taminatos
571 4280 891 4348 capitalibus
932 4280 1251 4335 criminibus
1290 4296 1347 4335 se
1388 4280 1728 4349 profitentur.
1772 4280 1830 4335 In

216 4371 448 4443 quibus,
475 4380 534 4425 ut
559 4372 691 4426 mihi
722 4372 950 4436 videtur,
985 4374 1098 4426 haec
1133 4372 1391 4426 distantia
1422 4388 1541 4427 esse
1568 4373 1745 4436 debet,
1772 4382 1831 4428 ut

200 4458 293 4519 ‘51
319 4456 638 4532 deprehensi
684 4462 768 4517 vel
805 4464 947 4535 capti
991 4462 1192 4519 fuerim
1231 4464 1441 4534 Ρυδίίεθ
1479 4466 1530 4517 in
1569 4463 1824 4535 Periurio’

215 4553 409 4619 furto,
433 4560 528 4611 aut
550 4551 906 4613 fornicatione
926 4595 940 4619 ,
972 4562 1028 4609 et
1054 4554 1263 4609 caeteris
1300 4544 1606 4623 hujusmotl
1646 4553 1827 4608 crimi-
1856 4544 1911 4605 D

217 4649 414 4713 nibus,
433 4651 727 4704 secundum
750 4666 1012 4706 canonum
1036 4667 1313 4707 sacrorum
1340 4651 1587 4706 instituta
1610 4666 1639 4705 a
1661 4654 1832 4723 gradu

214 4740 458 4813 proprio
484 4742 841 4811 deponantur,
875 4744 1019 4813 quod
1050 4744 1363 4799 scandalum
1389 4746 1462 4800 sit
1496 4746 1696 4815 populo
1737 4745 1833 4801 Dei

214 4848 495 4905 personas
537 4834 671 4889 tales
712 4851 871 4905 super
911 4852 969 4890 se
1008 4837 1212 4905 positas
1250 4837 1484 4903 habere,
1527 4853 1660 4906 quas
1688 4838 1829 4893 ultra

303 4980 327 5007 θ
360 4967 862 5046 .Can._subnom_ine
884 4981 1088 5046 apost.,
1107 4990 1155 5035 ς.
1181 4973 1249 5026 54
1268 4991 1281 5039 ;
1300 4973 1493 5046 Basil.,
1521 4991 1569 5031 c.
1588 4977 1641 5046 5,
1666 4977 1824 5046 epist.

164 5042 181 5083 -’
210 5050 428 5096 canon.
461 5037 526 5092 ad
562 5037 1027 5110 Amphilochium;
1061 5037 1281 5107 Burch.,
1319 5044 1353 5096 Ι.
1383 5037 1512 5108 xvn,
1547 5062 1594 5099 c.
1626 5037 1715 5102 ‘59:

305 5109 706 5187 b__Ex__de_cretis
740 5114 935 5187 Leonis
959 5114 1000 5179 l,
1022 5130 1143 5187 cap.
1172 5115 1267 5180 l7;
1294 5115 1564 5187 Rabanus,
1588 5117 1641 5169 in
1665 5116 1821 5187 epist.

219 5182 301 5238 ad
328 5180 698 5254 Heﬁba_l_dum,
732 5199 850 5252 cap.
884 5185 983 5249 ll;
1020 5180 1245 5254 Re'gino,
1284 5187 1319 5239 ι.
1351 5202 1389 5249 ι,
1423 5201 1469 5239 c.
1503 5186 1589 5241 96.

308 5264 331 5290 ο
357 5250 578 5327 _Qoncil.
608 5228 987 5327 _Tribur'iense’,
1015 5271 1063 5311 c.
1164 5228 1313 5323 etq6;
1350 5228 1579 5327 liegino,
1606 5257 1641 5311 l.
1682 5274 1743 5325 ιι,
1772 5274 1820 5314 c.

220 5323 337 5477 ῗηί
851 5325 1088 5477 ξὲῗόερ.
1118 5396 1174 5463 6,
1204 5412 1272 5452 ex
1294 5396 1494 5477 Poenit.
1523 5396 1728 5477 Theod.
1749 5401 1825 5477 De

225 5466 349 5538 hac
374 5465 690 5538 probatione
734 5467 856 5523 vide
889 5469 1167 5538 egregium
1207 5470 1509 5538 exemplum
1555 5471 1695 5538 apud
1732 5472 1825 5525 Ai-

226 5532 506 5613 rnoinum,
532 5532 567 5588 l.
591 5535 732 5613 _v_De
761 5532 1296 5613 gestisvlj‘rancorum,
1324 5532 1446 5613 cap.
1470 5540 1569 5613 '54;
1590 5532 1823 5613 Regino,

229 5607 333 5688 lib.
372 5620 462 5688 ξι,
490 5619 545 5688 ‘c:
581 5606 681 5673 43;
722 5606 1054 5688 ei_concilio
1092 5606 1521 5681 Mogunciacensi
1563 5606 1820 5681 cap.'24;

144 5720 175 5747 ι
232 5677 465 5739 Burch.,
489 5675 584 5732 lib.
599 5693 674 5742 v1,
704 5693 753 5735 ο,
784 5677 836 5733 7,
1180 5675 1206 5681 τ
1628 5675 1647 5681 -
1812 5675 1816 5677 ,

162 5760 169 5771 .
317 5757 343 5785 e
382 5736 524 5830 Vide
552 5749 707 5830 epist.
736 5738 1053 5830 Rabani_ad
1081 5750 1295 5830 Herib.,
1329 5767 1379 5809 c.
1408 5751 1510 5822 29;
1539 5751 1699 5827 Κεφ,
1727 5752 1822 5811 ω),

230 5831 311 5885 ιι,
337 5831 391 5873 c.
417 5815 545 5886 242,
577 5815 710 5875 citat
734 5834 805 5876 ex
832 5835 919 5891 ep.
952 5821 1181 5880 Rabani.

1932 3282 2129 3344 niteat;
2162 3281 2207 3334 si
2242 3295 2412 3349 usque
2436 3282 2500 3333 ad
2531 3281 2767 3343 tertiam,
2792 3296 2985 3334 novem
3012 3281 3159 3344 dies;
3186 3281 3230 3335 si
3260 3296 3429 3349 usque
3453 3280 3523 3335 ad

1929 3380 2178 3442 quartam
2199 3413 2211 3435 ,
2243 3372 2550 3441 quindecim
2581 3372 2696 3425 dies
2758 3371 2824 3423 Et
2846 3370 3155 3425 linteamina
3182 3385 3303 3439 quae
3334 3372 3524 3439 tetige-

1931 3473 2059 3517 runt
2111 3464 2310 3518 stillam
2358 3463 2530 3515 trilms
2579 3462 2826 3516 minister
2871 3463 3052 3516 abluat
3102 3462 3309 3516 vicibus
3351 3462 3522 3517 calice

1932 3558 2123 3611 subtus
2153 3555 2359 3624 posito,
2395 3562 2449 3607 et
2481 3568 2620 3622 aqua
2658 3553 2947 3609 ablutionis
2985 3560 3249 3618 sumatur,
3287 3560 3342 3607 et
3364 3552 3520 3623 juxta

1931 3647 2102 3701 altare
2137 3646 2476 3700 recondatur.

2457 3731 2853 3789 CAPITULUM
2891 3733 2997 3789 LII.

1931 3825 2011 3880 De
2053 3826 2144 3880 illo
2170 3827 2259 3897 qui
2306 3826 2489 3879 evomit
2537 3822 2880 3907 sacri/icium,
2910 3834 2960 3879 et
3001 3842 3034 3879 a
3062 3823 3281 3879 canibus
3323 3840 3515 3879 consu-

2637 3905 2815 3948 mitur.

2006 3991 2033 4029 ιι
2061 3989 2161 4058 Qui
2208 3990 2507 4045 evomuerit
2545 3988 2892 4055 sacriﬁcium,
2922 3994 2975 4042 et
3005 4002 3036 4042 a
3065 3987 3293 4044 canibus
3314 4001 3517 4044 consu-

1933 4082 2119 4147 mitur,
2148 4097 2347 4135 annum
2380 4097 2545 4134 unum
2592 4080 2871 4150 poeniteat.
2904 4079 2998 4135 Sin
3031 4090 3243 4145 autem,
3276 4080 3515 4150 quadra-

1933 4178 2078 4249 ginta
2108 4176 2221 4231 dies
2249 4176 2528 4245 poeniteat.
2563 4173 2619 4228 Si
2644 4175 2698 4228 in
2726 4174 2811 4229 die
2837 4174 3051 4245 quando
3080 4174 3493 4247 communicave

1934 4268 2025 4332 rit,
2072 4266 2396 4321 sacriﬁcium
2426 4265 2743 4329 evomuerit,
2781 4265 2827 4320 si
2860 4275 2984 4319 ante
3012 4262 3245 4319 mediam
3274 4270 3510 4327 noctem,

1934 4368 2048 4413 tres
2072 4358 2533 4427 superpositiones
2568 4355 2759 4421 faciat;
2789 4358 2834 4411 si
2864 4364 2985 4426 post
3016 4355 3249 4411 mediam
3276 4363 3516 4419 noctem,

1938 4448 2103 4515 duas;
2133 4447 2179 4503 si
2208 4456 2329 4518 post
2354 4448 2667 4512 matutinas,
2699 4464 2882 4502 unam.

2443 4556 2844 4651 εΑΡιτυιρΜ
2886 4554 3012 4610 LIII.

2568 4649 2646 4703 De
2679 4649 2879 4702 eodem.

2014 4743 2031 4781 ι
2060 4742 2117 4799 Si
2147 4758 2275 4799 vero
2312 4742 2638 4799 sacrificium
2672 4741 2993 4809 evomuerit,
3025 4740 3378 4812 quadraginta
3406 4740 3522 4797 dies

1931 4837 2214 4909 pceniteat.
2263 4834 2321 4889 Si
2361 4834 2692 4889 inﬁrmitatis
2731 4849 2925 4898 causa,
2972 4841 3174 4902 septem
3209 4832 3342 4887 dies.
3373 4829 3429 4886 Si
3465 4832 3522 4886 in

2009 4976 2029 5014 ί
2073 4974 2207 5029 Vide
2226 4988 2387 5042 supra
2417 4986 2533 5040 cap.
2564 4971 2860 5042 Hgveterig
2894 4969 3013 5024 cod.
3047 4966 3346 5042 PoenitLDe
3368 4984 3518 5040 quteo

1931 5028 2189 5100 stionibus
2213 5028 2595 5100 coriiuqior'um.
2624 5040 2788 5095 Cone.
2817 5028 3109 5100 Compend.
3140 5048 3187 5092 c.
3215 5028 3300 5091 i7.

2006 5057 2189 5098 01210118
2213 5062 2305 5097 (Oli
2337 5060 2365 5093 ll
2407 5058 2595 5094 torum.
2624 5057 2788 5095 LOI'IC.
2817 5057 2945 5094 hom
2989 5057 3109 5093 enu.
3140 5057 3187 5092 C.
3215 5057 3237 5091 Ἰ
3259 5057 3300 5090 Ι.

2006 5117 2028 5155 ε
2067 5115 2260 5169 Poenit.
2292 5060 2497 5166 ἀπίειιί
2528 5128 2577 5166 c.
2608 5112 2629 5164 Ι
2655 5130 2668 5177 ;
2700 5111 2922 5176 Burch.,
2952 5057 3044 5165 ἥδ.
3075 5124 3188 5172 xix,
3222 5126 3269 5164 c.
3296 5107 3519 5173 l50;ex

1930 5187 2159 5240 concilio
2187 5184 2474 5247 llerdensi,
2512 5183 2566 5236 in
2609 5198 2717 5252 quo
2748 5191 2929 5237 tamen
2958 5197 3064 5237 non
3092 5180 3288 5252 legitur
3312 5180 3402 5235 hic
3428 5195 3519 5234 ca-

1929 5271 2058 5312 non.
2084 5258 2193 5322 Ivo,
2222 5273 2276 5327 p.
2306 5270 2457 5327 vnc.
2491 5252 2615 5327 ιρι),

2001 5329 2025 5366 h
2061 5320 2194 5383 Vide
2217 5320 2304 5397 ep.
2327 5324 2517 5380 lsidori
2546 5322 2876 5393 llispalensis
2897 5322 2965 5381 ad
2989 5321 3296 5383 Massone‘m
3310 5320 3519 5393 episco-

1927 5414 2299 5594 ἷξῗιῖὶέείῖἓ,
2326 5467 2422 5522 lib.
2455 5466 2566 5521 ide
2590 5465 2739 5522 Eccl.
2771 5465 2944 5534 Disc.,
2972 5483 3089 5540 cap.
3122 5465 3258 5532 149;
3286 5461 3515 5527 Burch.,

1952 5557 1966 5593 Ι
2014 5579 2025 5592 ι
2052 5557 2103 5594 ν.
2132 5556 2179 5594 C.
2282 5579 2295 5592 ο

1952 5556 2025 5594 ID.
2052 5557 2103 5601 ν,
2132 5556 2179 5594 C.
2205 5556 2295 5593 40.

2003 5610 2015 5659 i
2063 5610 2198 5665 Vide
2225 5609 2433 5664 Judicia
2460 5606 2705 5679 Gregorii
2732 5606 2822 5675 ΠΙ,
2848 5624 2897 5665 c.
2930 5608 3020 5665 28.

2002 5678 2647 5763 firmatae-57:]-
2779 5750 2809 5763 λ
2873 5749 2913 5763 η
3012 5750 3027 5763 .

2004 5749 2023 5790 1
2064 5742 2259 5807 Posuit.
2298 5742 2476 5819 B'om.,
2501 5750 2587 5806 tit.
2615 5748 2671 5817 Β,
2696 5765 2748 5807 c.
2777 5750 2844 5817 8;
2871 5749 3095 5817 Burch.,
3120 5748 3219 5807 lib.
3248 5762 3306 5813 v,
3332 5760 3383 5801 c.
3403 5742 3508 5811 49;

1926 5822 2040 5891 Ivo,
2070 5838 2125 5893 p.
2151 5837 2215 5890 ιι,
2240 5838 2291 5878 c.
2321 5819 2411 5879 58.
