4020 6360
599 313 698 377 951

1587 310 1924 372 IIIEODORI
1957 310 2278 370 ARCHIEP.
2318 310 2872 370 CANTUARIENSIS

3727 321 3815 378 m
3915 322 3917 326 .

589 433 772 506 ignem
797 427 1046 504 projecit,
1069 437 1284 488 centum
1305 427 1542 500 psalmos
1559 439 1757 487 cantet.
1778 430 1835 488 Si
1858 447 1986 488 vero
2004 447 2167 488 canes
2191 433 2242 494 Δ
2267 430 2533 486 buratur:
2564 437 2620 486 et
2648 430 2805 498 cinis,
2843 435 2904 486 ut
2935 443 3119 502 supra,
3145 432 3487 502 recondatur,
3507 442 3565 492 et
3595 441 3817 504 sacerdos
3917 427 3919 432 “

591 523 924 581 lambuerint
965 522 1130 580 talem
1157 523 1438 588 vomitum,
1467 531 1684 579 centum
1712 523 1829 581 dies
1854 525 1946 596 qui
1972 525 2172 582 evomit

593 616 875 687 pmniteat.
1280 656 1284 660 λ
1343 615 1356 630 ⁵

1099 706 1494 766 CAPITULUM
1531 709 1663 767 LIV.

663 802 743 858 De
772 801 1108 858 Eucharistia
1136 804 1418 858 inveterata
1445 820 1538 874 per
1559 805 1936 877 quinquaginta
1968 806 2098 861 dies.

515 874 543 1010 ἲ
666 914 886 972 ὈΙὩΠΘ
928 914 1253 971 sacriﬁcium
1297 917 1515 972 sordida
1554 925 1825 974 vetustate
1866 919 2173 988 perditum,

521 1007 530 1074 ξ
593 1009 718 1078 igne
751 1007 1173 1064 comburendum
1219 1015 1335 1074 est,
1365 1017 1421 1064 et
1464 1009 1601 1064 cinis
1625 1009 1778 1082 juxta
1817 1009 1990 1066 altare
2022 1023 2179 1081 sepe-

591 1097 822 1157 liendus.
2115 1121 2119 1128 τ

1113 1192 1510 1252 CAPITULUM
1546 1195 1648 1252 LV.

591 1282 670 1340 De
693 1282 798 1338 illis
825 1284 913 1356 qui
938 1301 1045 1340 non
1067 1285 1191 1341 bene
1211 1287 1551 1361 custodierint
1577 1303 1764 1359 corpus
1788 1296 1838 1342 et
1863 1289 2174 1361 sanguinem

1276 1357 1510 1412 Domini.

660 1468 692 1510 ι’
715 1468 817 1536 Qui
842 1485 948 1526 non
975 1470 1113 1526 bene
1141 1470 1458 1527 custodierit
1486 1471 1828 1536 sacriﬁcium,
1860 1481 1915 1528 et
1941 1489 2060 1529 mus
2087 1473 2174 1530 vel

590 1563 810 1634 aliquod
840 1565 1038 1619 animal
1085 1565 1228 1620 aliud
1268 1567 1563 1620 comederit
1611 1565 1770 1632 illud,
1819 1565 2174 1638 quadraginta

593 1658 708 1714 dies
731 1659 1007 1728 poeniteat.
1035 1656 1135 1725 Qui
1165 1665 1344 1713 autem
1365 1659 1661 1728 perdiderit
1684 1659 1811 1714 illud
1839 1660 1892 1713 in
1920 1660 2170 1726 ecclesia,

594 1758 688 1805 aut
710 1766 835 1822 pars
858 1749 974 1819 ejus
1002 1750 1276 1815 ceciderit,
1302 1758 1356 1805 et
1382 1766 1488 1806 non
1519 1751 1734 1805 inventa
1772 1750 1957 1816 fuerit,
1982 1751 2173 1821 viginti

592 1843 710 1898 dies
744 1843 1020 1913 pmniteat.
1073 1843 1412 1898 Profundcns
1449 1843 1651 1912 aliquid
1695 1859 1858 1913 super
1893 1844 2065 1898 altare
2109 1845 2176 1898 de

593 1935 794 1999 calice,
841 1933 1054 2004 quando
1103 1935 1344 1998 oﬁ‘ertur,
1387 1949 1480 1989 sex
1518 1935 1632 1988 dies
1676 1935 1968 2004 poeniteat;
2000 1943 2094 1988 aut
2127 1935 2174 1990 si

591 2025 973 2090 abundantius,
1013 2033 1218 2094 septem
1240 2025 1363 2080 dies
1392 2024 1671 2094 p'rniteat.
1702 2023 1805 2091 Qui
1835 2033 2015 2080 autem
2052 2041 2176 2095 per-

592 2113 769 2170 fundit
805 2116 1058 2181 calicem,
1099 2116 1226 2171 dum
1258 2116 1573 2172 solemnitas
1620 2115 1799 2171 missae
1847 2116 2172 2182 celebratur,

592 2212 947 2282 quadraginta
971 2213 1085 2268 dies
1109 2213 1386 2284 poeniteat.
1416 2212 1482 2266 Et
1527 2211 1619 2282 qui
1644 2212 1914 2281 acceperit
1959 2209 2173 2266 sacriﬁ-

591 2305 736 2359 cium
781 2303 1016 2374 pollutus
1046 2314 1310 2361 nocturno
1346 2316 1609 2376 tempore,
1637 2313 1843 2375 septem
1879 2305 2172 2374 'pmniteat.

592 2394 859 2449 Diaconus
874 2396 1194 2453 obliviscens
1215 2398 1540 2453 oblationem
1561 2396 1778 2461 offerre,
1793 2396 1963 2450 donec
1982 2395 2178 2450 offera-

594 2496 688 2545 tur
709 2491 1019 2557 linteamen,
1033 2490 1247 2560 quando
1259 2489 1557 2544 recitantur
1575 2487 1791 2542 nomina
1808 2486 2172 2557 pausantium,

593 2581 842 2640 similiter
863 2582 1138 2652 pmniteat.
1161 2582 1262 2648 Qui
1283 2580 1668 2652 negligentiam
1693 2594 1819 2650 erga
1851 2578 2176 2634 sacriﬁcium

594 2674 802 2741 fecerit,
832 2684 891 2730 ut
926 2675 1198 2730 vermibus
1239 2682 1614 2744 consumptum
1645 2673 1712 2728 ad
1751 2671 1978 2726 nihilum
2015 2671 2174 2727 deve-

595 2769 754 2834 nerit,
787 2779 808 2807 ο
843 2776 955 2824 tres
996 2766 1434 2838 quadragesimas
1480 2767 1534 2820 in
1583 2780 1721 2837 pane
1749 2773 1805 2820 et
1839 2780 1972 2833 aqua
2007 2764 2178 2833 pruni-

597 2867 724 2916 teat.
750 2858 805 2914 Si
830 2859 1097 2930 integrum
1129 2858 1404 2912 inventum
1433 2856 1617 2921 fuerit,
1647 2857 1701 2912 in
1722 2871 1786 2913 eo
1811 2856 2012 2914 vermis
2031 2871 2179 2914 com-

597 2951 843 3019 buratur,
868 2959 922 3005 et
947 2949 1082 3006 cinis
1110 2950 1209 3004 sub
1232 2949 1388 3004 altari
1415 2949 1698 3003 condatur.

1104 3061 1500 3118 CAPITULUM
1537 3061 1670 3117 LVI.

1197 3153 1272 3209 De
1301 3154 1482 3210 eadem
1511 3170 1585 3209 re.

668 3269 696 3310 ἀ
725 3269 783 3326 Si
831 3268 1088 3326 ceciderit
1132 3269 1455 3325 sacriﬁcium
1503 3269 1566 3324 de
1612 3269 1860 3326 manibus
1905 3269 2181 3326 offerentis

543 3399 546 3403 -
601 3372 745 3420 terra
764 3370 939 3428 tenus,
965 3371 1140 3417 etnon
1166 3361 1494 3428 inveniatur,
1522 3376 1682 3417 omne
1713 3363 2072 3434 quodcunque
2101 3363 2183 3417 in-

543 3483 548 3489 ι
602 3463 817 3511 ventum
846 3454 1009 3509 fuerit
1046 3453 1100 3508 in
1139 3453 1257 3509 loco
1284 3453 1338 3508 in
1365 3469 1471 3523 quo
1494 3453 1773 3519 ceciderit,
1799 3457 2178 3521 comburatur;

603 3555 657 3604 et
676 3548 828 3611 cinis,
855 3553 915 3601 ut
940 3561 1121 3616 supra,
1153 3545 1538 3611 abscondatur;
1573 3553 1626 3598 et
1652 3545 1738 3599 cui
1766 3545 2058 3612 acciderat,
2092 3546 2182 3601 ille

603 3639 834 3694 medium
863 3653 1061 3692 annum
1087 3635 1362 3707 paeniteat.
1398 3634 1456 3689 Si
1485 3649 1614 3689 vero
1639 3635 1965 3690 sacriﬁcium
1997 3637 2184 3692 inven-

604 3738 718 3785 tum
750 3728 937 3794 fuerit,
965 3728 1118 3784 locus
1147 3728 1325 3798 scopis
1362 3727 1672 3793 mundetur,
1704 3735 1763 3781 ut
1801 3743 1982 3798 supra,
2031 3744 2182 3783 com-

676 3874 722 3987 as
741 3862 853 3928 Ivo,
904 3879 960 3935 p.
1009 3880 1084 3931 ιι,
1112 3880 1162 3920 c.
1205 3862 1310 3928 59;
1353 3878 1421 3920 ex
1471 3863 1698 3919 concilio
1741 3863 2046 3920 Arelatensi
2095 3880 2179 3928 ιιι⁹

607 3949 658 3990 C.
688 3949 742 3987 ἰ).

679 4005 706 4044 ι’
742 4002 833 4059 Ivo
861 4021 916 4076 p.
951 4021 1020 4072 ιι,
1050 4021 1100 4061 c.
1144 4004 1242 4073 60;
1275 4005 1342 4062 de
1386 4005 1698 4063 Consecrat.
1739 4007 1866 4063 dist.
1903 4005 1970 4073 2,
2003 4020 2053 4061 c.
2081 4004 2185 4075 Qui

607 4073 732 4129 bene
761 4073 884 4130 non'.

681 4156 707 4218 εξ
739 4143 984 4218 Gregorii
1013 4146 1078 4202 III
1101 4147 1332 4216 Judicia,
1358 4163 1406 4206 c.
1434 4147 1525 4206 28.

681 4212 711 4255 δ
744 4212 943 4287 Ivo,'p.
970 4234 1032 4283 ιι,
1061 4234 1111 4273 c.
1141 4218 1228 4273 60.

684 4296 710 4325 °
745 4286 992 4361 Gregbrii
1017 4289 1081 4345 III
1106 4287 1337 4358 Judicia,
1362 4305 1412 4348 c.
1435 4288 1528 4349 28.

2271 521 2463 598 viginti
2494 523 2610 580 dies
2633 523 2910 596 poeniteat.

2767 615 3164 675 CAPITULUM
3201 617 3358 675 LVII.

2867 710 2945 766 De
2969 711 3150 766 eadem
3184 729 3258 767 re.

2223 800 2252 851 ’τ’
2344 801 2404 858 Si
2428 802 2549 873 quis
2569 800 2964 859 Eucharistiam
2994 804 3332 875 negligentiae
3351 820 3512 862 causa
3535 810 3817 882 perdiderit,
3926 844 3927 868 ι

2274 910 2442 950 unum
2479 911 2678 951 annum
2708 897 2988 966 paeniteat,
3014 897 3100 952 vel
3125 906 3236 953 tres
3272 897 3725 970 quadragesima,
3745 918 3817 960 seu
3927 950 3929 970 .

2275 987 2632 1059 quadraginta
2659 987 2790 1043 dies.
2823 988 2880 1043 Si
2908 987 3231 1044 sacriﬁcium
3256 989 3312 1044 in
3355 998 3503 1046 terra
3529 993 3818 1062 perdiderit,
3927 983 3931 1060 ξ

2273 1079 2614 1150 negligentiae
2640 1096 2825 1145 causa,
2855 1081 3214 1152 quadraginta
3255 1082 3494 1152 psalmos
3520 1093 3710 1140 cantet.
3740 1085 3819 1152 Qui
3929 1075 3931 1080 ’

2275 1170 2574 1242 neglexerit
2599 1171 2945 1237 sacriﬁcium,
2976 1181 3036 1227 ut
3068 1176 3282 1229 vermes
3311 1175 3366 1229 in
3391 1189 3458 1229 eo
3487 1175 3617 1241 sint,
3638 1185 3689 1231 et
3713 1189 3733 1216 ε
3751 1193 3822 1234 eo-
3931 1161 3933 1198 ³

2275 1259 2443 1316 lorem
2468 1277 2577 1316 non
2598 1262 2794 1318 habeat
2817 1279 3193 1335 saporemque,
3215 1265 3406 1336 viginti
3427 1265 3515 1322 vel
3539 1267 3741 1339 triginta
3756 1270 3821 1327 vel

2276 1352 2632 1426 quadraginta
2660 1355 2775 1411 dies
2795 1355 3074 1426 poeniteat.

2763 1470 3163 1528 CAPITULUM
3191 1471 3372 1529 LVIII.

2281 1538 2349 1595 Ut
2379 1539 2554 1596 nullus
2579 1540 2806 1612 injustas
2836 1559 3128 1615 mensuras,
3152 1553 3201 1598 et
3230 1544 3464 1614 pondera
3487 1543 3821 1615 injustaJm

2737 1630 2896 1667 causa
2931 1614 3060 1668 dare
3088 1624 3394 1686 presumat.

2351 1703 2371 1743 τ
2402 1703 2473 1760 Ut
2499 1719 2764 1760 mensum
2789 1715 2844 1760 et
2871 1706 3106 1776 pondera
3133 1704 3280 1775 justa
3328 1706 3484 1772 ﬁant,
3514 1707 3651 1763 sicut
3679 1708 3726 1763 in
3756 1709 3820 1765 di-

2205 1799 2253 1859 Β
2279 1793 2419 1848 vinis
2445 1795 2653 1864 legibus
2678 1796 2944 1850 sancitum
2979 1803 3090 1862 est;
3122 1811 3252 1868 ergo
3281 1799 3571 1854 statuimus
3593 1799 3657 1855 ab
3678 1801 3821 1855 omni-

2273 1883 2375 1939 bus
2401 1885 2503 1939 hoc
2531 1886 2949 1940 observandum.
2984 1886 3051 1941 Et
3077 1887 3120 1941 si
3151 1888 3275 1957 quis
3297 1886 3478 1956 justas
3504 1904 3759 1947 mensuras
3778 1899 3822 1947 et

2269 1972 2415 2043 justa
2447 1976 2684 2046 pondera
2727 1977 2864 2032 lucri
2892 1993 3055 2032 causa
3102 1986 3314 2033 mutare
3349 1982 3748 2052 praesumpserit,
3771 1982 3817 2039 in

2274 2079 2414 2134 pane
2439 2073 2494 2119 et
2518 2081 2657 2135 aqua
2682 2067 2868 2138 viginti
2893 2068 3008 2123 dies
3032 2068 3314 2138 poeniteat.

2779 2179 3176 2236 CAPITULUM
3215 2181 3348 2236 LIX.

2279 2250 2356 2307 De
2379 2260 2544 2306 matre
2567 2267 2683 2323 quae
2704 2250 2957 2325 infantem
2983 2269 3136 2325 suum
3155 2253 3315 2322 juxta
3339 2255 3512 2324 ignem
3536 2255 3752 2325 posuerit,
3768 2262 3811 2312 st

2665 2339 2762 2376 sua
2787 2320 3095 2392 negligentia
3124 2320 3376 2377 mortuus
3389 2333 3487 2378 est.

2351 2417 2377 2456 ε
2415 2414 2604 2479 Mater,
2633 2414 2676 2468 si
2702 2412 2858 2482 juxta
2895 2411 3073 2469 focum
3105 2413 3363 2470 infantem
3405 2431 3562 2470 suum
3590 2417 3815 2487 posuerit.

2350 2507 2514 2562 homo
2533 2521 2728 2576 aquam
2755 2505 2811 2560 in
2835 2505 3130 2561 caldarium
3152 2507 3382 2572 miserit,
3402 2516 3457 2561 et
3477 2507 3688 2562 ebullita
3710 2524 3822 2578 aqua

2278 2599 2454 2656 infans
2500 2599 2814 2670 superfusus
2851 2608 3099 2655 mortuus
3148 2599 3342 2665 fuerit,
3393 2616 3493 2670 pro
3544 2601 3824 2674 negligentia

2279 2699 2453 2746 mater
2478 2689 2777 2760 pmniteat:
2804 2696 2860 2745 et
2885 2689 2972 2745 ille
2992 2689 3156 2744 homo
3175 2705 3402 2745 securus
3429 2690 3524 2744 sit.

2799 2802 3198 2861 CAPITULUM
3236 2804 3349 2859 LX.

2374 2898 2446 2952 De
2476 2899 2597 2953 viris
2619 2897 2900 2961 ordinatis,
2925 2914 3145 2968 quorum
3170 2907 3381 2967 peccata
3409 2897 3615 2953 occulta
3634 2907 3759 2953 sunt.

2352 2991 2380 3030 ιι
2409 2992 2483 3046 De
2515 2990 2650 3046 viris
2691 2989 2975 3055 ordinatis,
3003 3006 3232 3060 quorum
3260 2998 3482 3060 peccata
3528 2991 3725 3047 occulta
3751 3005 3832 3046 nec

2283 3080 2569 3137 manifeste
2621 3082 2688 3137 ab
2739 3081 2919 3151 aliquo
2968 3081 3120 3153 argui
3170 3090 3429 3154 possunt,
3483 3083 3531 3138 si
3582 3083 3835 3139 salubriter

2212 3155 2258 3221 ο
2287 3173 2595 3245 compuncti
2632 3189 2732 3245 pro
2760 3175 2998 3244 peccatis
3035 3175 3433 3230 confessionem
3464 3176 3707 3247 episcopo
3741 3176 3838 3230 sive

2286 3268 2604 3338 presbytero
2645 3267 2860 3321 occulte
2904 3266 3128 3331 faciunt,
3156 3267 3359 3322 bonum
3397 3268 3533 3323 mihi
3577 3269 3764 3324 videtur
3785 3274 3838 3322 ut

2287 3361 2584 3416 secundum
2616 3360 2671 3415 id
2710 3361 2853 3430 quod
2895 3359 3170 3416 decretum
3199 3359 3362 3416 fuerit
3391 3363 3462 3418 ab
3497 3362 3724 3434 episeopo
3755 3358 3833 3414 vel

2285 3455 2626 3526 presbytero,
2648 3454 3020 3523 paenitentiam
3042 3463 3203 3526 agant
3224 3471 3330 3510 non
3356 3454 3561 3525 tepide,
3583 3469 3676 3509 nec
3688 3453 3842 3518 tarde,

2289 3546 2381 3601 sed
2403 3546 2674 3601 ferventer
2685 3554 2740 3601 et
2760 3545 3016 3612 sollicite;
3036 3561 3101 3601 ac
3114 3547 3192 3602 sic
3195 3562 3266 3617 se
3287 3546 3503 3602 veniam
3531 3553 3843 3617 peccatorum

2289 3654 2320 3694 a
2348 3639 2574 3695 Domino
2600 3648 2971 3710 pereepturos,
2997 3648 3052 3696 et
3071 3640 3295 3712 gradum
3323 3654 3384 3697 se
3412 3649 3716 3696 retenturos
3739 3652 3847 3693 con-

2289 3729 2476 3786 ﬁdaut.

2365 3865 2386 3905 ί
2428 3835 2738 3941 capitulare
2766 3865 3236 3941 A_quisgranense,
3255 3884 3306 3941 c.
3353 3866 3453 3933 74;
3482 3882 3646 3926 conc.
3674 3865 3851 3923 Arelat.

2290 3953 2365 4005 vr,
2393 3954 2442 3993 c.
2478 3939 2572 4001 M;
2605 3954 2760 3994 conc.
2790 3939 2992 3996 Turon.
3025 3957 3106 4005 ιιι,
3137 3956 3184 3994 c.
3212 3939 3302 3993 45.

2291 4095 2322 4138 c
2365 4007 2587 4136 Salone.
2657 4009 3007 4068 Triburiense
3069 4019 3309 4082 tempore
3370 4011 3630 4069 Formosi
3696 4022 3856 4081 papa,

2361 4151 2389 4191 ιι
2427 4149 2622 4207 Ρωιιὶι.
2650 4151 2815 4229 Rab.,
2853 4167 2904 4213 c.
2946 4153 2998 4211 1.
3041 4153 3161 4211 Vid.
3192 4152 3379 4212 Isidor.
3410 4153 3652 4229 Ilispal.,
3695 4158 3775 4226 ep‘.
3800 4149 3858 4208 ad

2292 4221 2597 4281 Massonem
2625 4225 2794 4298 epise.

2317 4431 3861 4462 Μ

800 4515 1318 4642 CAPITULA
1371 4518 1880 4598 PATBIBUS
1935 4518 2394 4598 CONCILII
2454 4520 3216 4605 HERUDFORDIJE
3269 4527 3685 4609 OBLATA

1527 4647 1589 4725 A
1630 4646 2188 4726 THEODOBO
2249 4647 2944 4746 PRAESIDENTE,

1086 4758 1332 4824 Collata
1363 4781 1500 4828 cum
1532 4763 1736 4827 tribus
1770 4761 2092 4828 codicibus
2119 4778 2263 4824 mss.
2295 4761 2601 4826 Historia:
2631 4765 2982 4847 Anglorum
3015 4768 3155 4832 Ven.
3203 4768 3403 4837 Beda.

2007 4895 2482 4912 ἡ

689 5000 914 5068 Quibus,
941 4997 1116 5070 inquit
1143 4998 1480 5066 Theodorus,
1516 4998 1700 5054 statim
1726 4994 2196 5068 protuliteumdem
2219 4995 2274 5056 1)
2301 5010 2579 5054 servemus
2616 4999 2896 5060 Dominiea
2935 5009 3058 5075 post
3100 5003 3366 5063 decimam
3409 5015 3676 5079 quartam
3710 5006 3876 5067 lunam

618 5089 819 5148 librum
844 5105 1133 5155 canonum,
1159 5098 1214 5144 et
1241 5103 1308 5143 ex
1333 5089 1521 5145 eodem
1550 5089 1688 5144 libro
1713 5089 1896 5144 decem
1938 5086 2192 5158 capitula,

622 5197 744 5254 qua:
779 5195 877 5251 per
921 5181 1037 5237 loca
1080 5189 1433 5236 notaveram:
1473 5181 1600 5250 quia
1639 5180 2060 5236 maxime’nobis
2097 5194 2196 5234 ne-

624 5276 861 5333 cessaria
885 5275 1144 5342 sciebam,
1193 5275 1298 5332 illis
1345 5291 1528 5332 coram
1553 5277 1786 5342 ostendi,
1815 5285 1870 5332 et
1893 5286 1954 5332 ut
1983 5277 2098 5336 haec
2120 5275 2198 5331 di-

623 5358 881 5439 ligentius
904 5367 972 5422 ab
998 5369 1247 5424 omnibus
1275 5369 1695 5440 susciperentur,
1724 5371 1932 5444 rogavi.

1206 5458 1248 5515 I.
1284 5460 1363 5516 De
1390 5461 1598 5518 Pascha

2245 5154 2250 5159 _
2303 5087 2463 5158 primi
2492 5090 2711 5148 mensis.

2754 5271 2762 5302 ,λ
2858 5240 2923 5297 11.
2953 5241 3032 5298 De
3057 5245 3306 5316 episcopis

2377 5366 2406 5406 ι)
2436 5365 2508 5422 Ut
2532 5365 2711 5424 nullus
2743 5368 3117 5442 episcoporum
3146 5373 3459 5444 parochiam
3484 5374 3724 5434 alterius
3744 5377 3887 5434 inva-

2305 5462 2425 5528 dat,
2470 5463 2564 5520 sed
2615 5471 2901 5521 contentus
2948 5466 3020 5522 sit
3069 5467 3458 5541 gubernatione
3509 5471 3746 5529 credita:
3793 5466 3888 5529 sibi

701 5562 728 5592 ει
759 5551 831 5608 Ut
862 5560 1108 5610 sanctum
1154 5553 1297 5611 diem
1338 5553 1560 5612 Pascha:
1588 5558 1642 5614 in
1685 5574 1972 5617 commune
2017 5577 2205 5620 omnes
2303 5553 2494 5626 Plebis.

703 5691 736 5770 ξ
752 5679 1226 5770 gone..‘Arel._r,"c.
1246 5685 1269 5738 I
1292 5687 1779 5770 idecretumconc.
1803 5692 2027 5770 Ifiicgni.
2049 5695 2207 5765 Apud
2307 5697 2373 5754 de
2389 5687 2645 5770 Synodis;
2673 5696 3070 5770 Theodoret.,l.
3096 5713 3114 5753 ι
3144 5698 3371 5770 Hist.,c.
3397 5700 3461 5770 8;
3484 5701 3612 5762 Vid.
3644 5719 3773 5762 can.
3798 5701 3890 5762 Sub

631 5749 828 5810 Euseb.
837 5793 854 5824 ,
875 5752 968 5810 lib.
992 5769 1052 5809 ιιι
1069 5755 1134 5811 de
1147 5755 1264 5812 Vita
1288 5756 1642 5830 Constantini,
1659 5778 1778 5853 cap.
1805 5764 1872 5821 IS
1887 5780 1901 5833 ;
1916 5749 2206 5836 Athanas;
2307 5749 2524 5853 nomine
2553 5749 2809 5853 ariusia}.

2383 5838 2415 5878 ι»
2451 5837 2610 5895 Cone.
2640 5838 2890 5897 Antioch.
2901 5879 2916 5910 ,
2940 5855 2990 5898 c.
3017 5841 3053 5899 5
